  <div class='ocr_page' id='page_1' title='image "/cluster/home/n/w/nwhite01/storage/ocr_20150623/41/hvd.32044096580634/315.png"; bbox 0 0 4110 6196; ppageno 0'>
   <div class='ocr_carea' id='block_1_1' title="bbox 405 317 521 379">
    <p class='ocr_par' dir='ltr' id='par_1_1' title="bbox 405 317 521 379">
     <span class='ocr_line' id='line_1_1' title="bbox 405 317 521 379; baseline 0.009 -1"><span class='ocrx_word' id='word_1_1' title='bbox 405 317 521 379; x_wconf 74' lang='lat'><strong>619</strong></span> 
     </span>
    </p>
   </div>
   <div class='ocr_carea' id='block_1_2' title="bbox 405 435 2046 518">
    <p class='ocr_par' dir='ltr' id='par_1_2' title="bbox 405 435 2046 518">
     <span class='ocr_line' id='line_1_2' title="bbox 405 435 2046 518; baseline -0.01 -11"><span class='ocrx_word' id='word_1_2' title='bbox 405 459 511 518; x_wconf 88' lang='lat' dir='ltr'><strong>est,</strong></span> <span class='ocrx_word' id='word_1_3' title='bbox 570 468 674 506; x_wconf 84' lang='lat' dir='ltr'><strong>cur</strong></span> <span class='ocrx_word' id='word_1_4' title='bbox 723 447 953 505; x_wconf 83' lang='lat' dir='ltr'><strong>credere</strong></span> <span class='ocrx_word' id='word_1_5' title='bbox 1001 442 1294 509; x_wconf 85' lang='lat' dir='ltr'><strong>dubitant,</strong></span> <span class='ocrx_word' id='word_1_6' title='bbox 1341 441 1543 495; x_wconf 87' lang='lat' dir='ltr'><strong>eadem</strong></span> <span class='ocrx_word' id='word_1_7' title='bbox 1594 440 1806 494; x_wconf 87' lang='lat' dir='ltr'><strong>virtute</strong></span> <span class='ocrx_word' id='word_1_8' title='bbox 1849 435 2046 492; x_wconf 86' lang='lat' dir='ltr'><strong>divina</strong></span> 
     </span>
    </p>
   </div>
   <div class='ocr_carea' id='block_1_3' title="bbox 407 518 2047 605">
    <p class='ocr_par' dir='ltr' id='par_1_3' title="bbox 407 518 2047 605">
     <span class='ocr_line' id='line_1_3' title="bbox 407 518 2047 605; baseline -0.01 -17"><span class='ocrx_word' id='word_1_9' title='bbox 407 550 506 605; x_wconf 87' lang='lat' dir='ltr'><strong>per</strong></span> <span class='ocrx_word' id='word_1_10' title='bbox 569 538 750 588; x_wconf 90' lang='lat' dir='ltr'><strong>totum</strong></span> <span class='ocrx_word' id='word_1_11' title='bbox 815 528 1100 580; x_wconf 88' lang='lat' dir='ltr'><strong>mumlum</strong></span> <span class='ocrx_word' id='word_1_12' title='bbox 1161 525 1216 578; x_wconf 92' lang='lat' dir='ltr'><strong>id</strong></span> <span class='ocrx_word' id='word_1_13' title='bbox 1271 524 1390 578; x_wconf 84' lang='lat' dir='ltr'><strong>fieri</strong></span> <span class='ocrx_word' id='word_1_14' title='bbox 1453 523 1882 605; x_wconf 80' lang='lat' dir='ltr'><strong>potuissequa</strong></span> <span class='ocrx_word' id='word_1_15' title='bbox 1939 518 2047 605; x_wconf 82' lang='lat' dir='ltr'><strong>hoc</strong></span> 
     </span>
    </p>
   </div>
   <div class='ocr_carea' id='block_1_4' title="bbox 407 598 2042 674">
    <p class='ocr_par' dir='ltr' id='par_1_4' title="bbox 407 598 2042 674">
     <span class='ocr_line' id='line_1_4' title="bbox 407 598 2042 674; baseline -0.012 -4"><span class='ocrx_word' id='word_1_16' title='bbox 407 598 623 670; x_wconf 73' lang='lat' dir='ltr'><strong>factum</strong></span> <span class='ocrx_word' id='word_1_17' title='bbox 701 609 829 665; x_wconf 84' lang='lat' dir='ltr'><strong>est?</strong></span> <span class='ocrx_word' id='word_1_18' title='bbox 883 609 939 662; x_wconf 87' lang='lat' dir='ltr'><strong>Si</strong></span> <span class='ocrx_word' id='word_1_19' title='bbox 1021 611 1215 660; x_wconf 89' lang='lat' dir='ltr'><strong>autem</strong></span> <span class='ocrx_word' id='word_1_20' title='bbox 1277 610 1341 658; x_wconf 92' lang='lat' dir='ltr'><strong>ut</strong></span> <span class='ocrx_word' id='word_1_21' title='bbox 1395 603 1772 674; x_wconf 85' lang='lat' dir='ltr'><strong>Jerosolymis</strong></span> <span class='ocrx_word' id='word_1_22' title='bbox 1831 602 1915 656; x_wconf 88' lang='lat' dir='ltr'><strong>sic</strong></span> <span class='ocrx_word' id='word_1_23' title='bbox 1973 598 2042 651; x_wconf 91' lang='lat' dir='ltr'><strong>ad</strong></span> 
     </span>
    </p>
   </div>
   <div class='ocr_carea' id='block_1_5' title="bbox 404 680 2050 751">
    <p class='ocr_par' dir='ltr' id='par_1_5' title="bbox 404 680 2050 751">
     <span class='ocr_line' id='line_1_5' title="bbox 404 680 2050 751; baseline -0.01 -2"><span class='ocrx_word' id='word_1_24' title='bbox 404 695 628 751; x_wconf 90' lang='lat' dir='ltr'><strong>cultum</strong></span> <span class='ocrx_word' id='word_1_25' title='bbox 673 691 928 745; x_wconf 85' lang='lat' dir='ltr'><strong>nominis</strong></span> <span class='ocrx_word' id='word_1_26' title='bbox 968 687 1182 740; x_wconf 85' lang='lat' dir='ltr'><strong>Christi</strong></span> <span class='ocrx_word' id='word_1_27' title='bbox 1215 687 1625 739; x_wconf 80' lang='lat' dir='ltr'><strong>accenderetur</strong></span> <span class='ocrx_word' id='word_1_28' title='bbox 1664 690 1824 738; x_wconf 85' lang='lat' dir='ltr'><strong>tanta</strong></span> <span class='ocrx_word' id='word_1_29' title='bbox 1865 680 2050 736; x_wconf 89' lang='lat' dir='ltr'><strong>homi-</strong></span> 
     </span>
    </p>
   </div>
   <div class='ocr_carea' id='block_1_6' title="bbox 405 764 2048 839">
    <p class='ocr_par' dir='ltr' id='par_1_6' title="bbox 405 764 2048 839">
     <span class='ocr_line' id='line_1_6' title="bbox 405 764 2048 839; baseline -0.011 -7"><span class='ocrx_word' id='word_1_30' title='bbox 405 793 543 832; x_wconf 91' lang='lat' dir='ltr'><strong>num</strong></span> <span class='ocrx_word' id='word_1_31' title='bbox 588 773 924 837; x_wconf 75' lang='lat' dir='ltr'><strong>multitudo,</strong></span> <span class='ocrx_word' id='word_1_32' title='bbox 974 786 1104 839; x_wconf 63' lang='lat' dir='ltr'><strong>quae</strong></span> <span class='ocrx_word' id='word_1_33' title='bbox 1152 766 1319 821; x_wconf 90' lang='lat' dir='ltr'><strong>illum</strong></span> <span class='ocrx_word' id='word_1_34' title='bbox 1372 766 1430 820; x_wconf 89' lang='lat' dir='ltr'><strong>in</strong></span> <span class='ocrx_word' id='word_1_35' title='bbox 1464 782 1654 832; x_wconf 87' lang='lat' dir='ltr'><strong>cruce,</strong></span> <span class='ocrx_word' id='word_1_36' title='bbox 1707 766 1791 819; x_wconf 88' lang='lat' dir='ltr'><strong>vel</strong></span> <span class='ocrx_word' id='word_1_37' title='bbox 1845 764 2048 817; x_wconf 80' lang='lat' dir='ltr'><strong>ﬁxerat</strong></span> 
     </span>
    </p>
   </div>
   <div class='ocr_carea' id='block_1_7' title="bbox 405 844 2050 930">
    <p class='ocr_par' dir='ltr' id='par_1_7' title="bbox 405 844 2050 930">
     <span class='ocr_line' id='line_1_7' title="bbox 405 844 2050 930; baseline -0.01 -18"><span class='ocrx_word' id='word_1_38' title='bbox 405 853 797 930; x_wconf 88' lang='lat' dir='ltr'><strong>prensum,vel</strong></span> <span class='ocrx_word' id='word_1_39' title='bbox 834 854 1043 905; x_wconf 91' lang='lat' dir='ltr'><strong>riserat</strong></span> <span class='ocrx_word' id='word_1_40' title='bbox 1067 849 1390 918; x_wconf 80' lang='lat' dir='ltr'><strong>fixum,jam</strong></span> <span class='ocrx_word' id='word_1_41' title='bbox 1419 849 1766 902; x_wconf 82' lang='lat' dir='ltr'><strong>maleficium</strong></span> <span class='ocrx_word' id='word_1_42' title='bbox 1802 845 1943 900; x_wconf 90' lang='lat' dir='ltr'><strong>illud</strong></span> <span class='ocrx_word' id='word_1_43' title='bbox 1971 844 2050 930; x_wconf 79' lang='lat' dir='ltr'><strong>fe-</strong></span> 
     </span>
    </p>
   </div>
   <div class='ocr_carea' id='block_1_8' title="bbox 404 923 2046 1000">
    <p class='ocr_par' dir='ltr' id='par_1_8' title="bbox 404 923 2046 1000">
     <span class='ocr_line' id='line_1_8' title="bbox 404 923 2046 1000; baseline -0.011 -7"><span class='ocrx_word' id='word_1_44' title='bbox 404 923 562 994; x_wconf 75' lang='lat' dir='ltr'><strong>cerat</strong></span> <span class='ocrx_word' id='word_1_45' title='bbox 597 937 822 992; x_wconf 85' lang='lat' dir='ltr'><strong>Petrus,</strong></span> <span class='ocrx_word' id='word_1_46' title='bbox 854 948 921 986; x_wconf 85' lang='lat' dir='ltr'><strong>ex</strong></span> <span class='ocrx_word' id='word_1_47' title='bbox 952 931 1078 1000; x_wconf 89' lang='lat' dir='ltr'><strong>ipso</strong></span> <span class='ocrx_word' id='word_1_48' title='bbox 1111 947 1262 983; x_wconf 89' lang='lat' dir='ltr'><strong>anno</strong></span> <span class='ocrx_word' id='word_1_49' title='bbox 1296 930 1669 999; x_wconf 69' lang='lat' dir='ltr'><strong>quaerendum</strong></span> <span class='ocrx_word' id='word_1_50' title='bbox 1694 923 2046 996; x_wconf 88' lang='lat' dir='ltr'><strong>cst,quando</strong></span> 
     </span>
    </p>
   </div>
   <div class='ocr_carea' id='block_1_9' title="bbox 406 1007 2048 1082">
    <p class='ocr_par' dir='ltr' id='par_1_9' title="bbox 406 1007 2048 1082">
     <span class='ocr_line' id='line_1_9' title="bbox 406 1007 2048 1082; baseline -0.01 -10"><span class='ocrx_word' id='word_1_51' title='bbox 406 1018 646 1072; x_wconf 73' lang='lat' dir='ltr'><strong>trecenti</strong></span> <span class='ocrx_word' id='word_1_52' title='bbox 679 1013 974 1082; x_wconf 76' lang='lat' dir='ltr'><strong>sexaginta</strong></span> <span class='ocrx_word' id='word_1_53' title='bbox 1008 1012 1267 1082; x_wconf 83' lang='lat' dir='ltr'><strong>quinque</strong></span> <span class='ocrx_word' id='word_1_54' title='bbox 1297 1010 1565 1078; x_wconf 88' lang='lat' dir='ltr'><strong>completi</strong></span> <span class='ocrx_word' id='word_1_55' title='bbox 1606 1009 1744 1062; x_wconf 91' lang='lat' dir='ltr'><strong>sint.</strong></span> <span class='ocrx_word' id='word_1_56' title='bbox 1781 1007 2048 1060; x_wconf 82' lang='lat' dir='ltr'><strong>Mortuus</strong></span> 
     </span>
    </p>
   </div>
   <div class='ocr_carea' id='block_1_10' title="bbox 405 1085 2046 1166">
    <p class='ocr_par' dir='ltr' id='par_1_10' title="bbox 405 1085 2046 1166">
     <span class='ocr_line' id='line_1_10' title="bbox 405 1085 2046 1166; baseline -0.007 -14"><span class='ocrx_word' id='word_1_57' title='bbox 405 1111 489 1152; x_wconf 91' lang='lat' dir='ltr'><strong>est</strong></span> <span class='ocrx_word' id='word_1_58' title='bbox 545 1112 680 1166; x_wconf 82' lang='lat' dir='ltr'><strong>ergo</strong></span> <span class='ocrx_word' id='word_1_59' title='bbox 737 1094 1004 1150; x_wconf 78' lang='lat' dir='ltr'><strong>Christus</strong></span> <span class='ocrx_word' id='word_1_60' title='bbox 1071 1090 1298 1145; x_wconf 87' lang='lat' dir='ltr'><strong>duobus</strong></span> <span class='ocrx_word' id='word_1_61' title='bbox 1363 1090 1624 1144; x_wconf 78' lang='lat' dir='ltr'><strong>Geminis</strong></span> <span class='ocrx_word' id='word_1_62' title='bbox 1681 1085 2046 1152; x_wconf 83' lang='lat' dir='ltr'><strong>consulibus,</strong></span> 
     </span>
    </p>
   </div>
   <div class='ocr_carea' id='block_1_11' title="bbox 404 1167 2045 1243">
    <p class='ocr_par' dir='ltr' id='par_1_11' title="bbox 404 1167 2045 1243">
     <span class='ocr_line' id='line_1_11' title="bbox 404 1167 2045 1243; baseline -0.008 -10"><span class='ocrx_word' id='word_1_63' title='bbox 404 1185 606 1233; x_wconf 87' lang='lat' dir='ltr'><strong>octavo</strong></span> <span class='ocrx_word' id='word_1_64' title='bbox 635 1175 916 1229; x_wconf 81' lang='lat' dir='ltr'><strong>kalendas</strong></span> <span class='ocrx_word' id='word_1_65' title='bbox 947 1173 1149 1242; x_wconf 74' lang='lat' dir='ltr'><strong>aprilis</strong></span> <span class='ocrx_word' id='word_1_66' title='bbox 1189 1171 1284 1243; x_wconf 85' lang='lat' dir='ltr'><strong>(a).</strong></span> <span class='ocrx_word' id='word_1_67' title='bbox 1341 1170 1672 1224; x_wconf 73' lang='lat' dir='ltr'><strong>Resurrexit</strong></span> <span class='ocrx_word' id='word_1_68' title='bbox 1721 1170 1887 1223; x_wconf 81' lang='lat' dir='ltr'><strong>tertia</strong></span> <span class='ocrx_word' id='word_1_69' title='bbox 1935 1167 2045 1233; x_wconf 88' lang='lat' dir='ltr'><strong>die,</strong></span> 
     </span>
    </p>
   </div>
   <div class='ocr_carea' id='block_1_12' title="bbox 406 1251 2047 1327">
    <p class='ocr_par' dir='ltr' id='par_1_12' title="bbox 406 1251 2047 1327">
     <span class='ocr_line' id='line_1_12' title="bbox 406 1251 2047 1327; baseline -0.006 -13"><span class='ocrx_word' id='word_1_70' title='bbox 406 1254 1034 1327; x_wconf 70' lang='lat' dir='ltr'><strong>sicutApostolisuis&#39;</strong></span> <span class='ocrx_word' id='word_1_71' title='bbox 1087 1253 1262 1307; x_wconf 89' lang='lat' dir='ltr'><strong>etiam</strong></span> <span class='ocrx_word' id='word_1_72' title='bbox 1314 1253 1583 1306; x_wconf 86' lang='lat' dir='ltr'><strong>sensibus</strong></span> <span class='ocrx_word' id='word_1_73' title='bbox 1636 1251 2047 1322; x_wconf 81' lang='lat' dir='ltr'><strong>probaverunt.</strong></span> 
     </span>
    </p>
   </div>
   <div class='ocr_carea' id='block_1_13' title="bbox 412 1331 2048 1408">
    <p class='ocr_par' dir='ltr' id='par_1_13' title="bbox 412 1331 2048 1408">
     <span class='ocr_line' id='line_1_13' title="bbox 412 1331 2048 1408; baseline -0.005 -15"><span class='ocrx_word' id='word_1_74' title='bbox 412 1339 625 1394; x_wconf 74' lang='lat' dir='ltr'><strong>lieinde</strong></span> <span class='ocrx_word' id='word_1_75' title='bbox 660 1345 790 1408; x_wconf 91' lang='lat' dir='ltr'><strong>post</strong></span> <span class='ocrx_word' id='word_1_76' title='bbox 820 1336 1209 1406; x_wconf 75' lang='lat' dir='ltr'><strong>quadraginta</strong></span> <span class='ocrx_word' id='word_1_77' title='bbox 1249 1333 1373 1388; x_wconf 89' lang='lat' dir='ltr'><strong>dies</strong></span> <span class='ocrx_word' id='word_1_78' title='bbox 1403 1333 1665 1387; x_wconf 83' lang='lat' dir='ltr'><strong>ascendit</strong></span> <span class='ocrx_word' id='word_1_79' title='bbox 1697 1337 1754 1386; x_wconf 92' lang='lat' dir='ltr'><strong>in</strong></span> <span class='ocrx_word' id='word_1_80' title='bbox 1788 1331 1997 1386; x_wconf 82' lang='lat' dir='ltr'><strong>cmlum</strong></span> <span class='ocrx_word' id='word_1_81' title='bbox 2035 1346 2048 1385; x_wconf 92' lang='lat'><strong>:</strong></span> 
     </span>
    </p>
   </div>
   <div class='ocr_carea' id='block_1_14' title="bbox 409 1413 2051 1489">
    <p class='ocr_par' dir='ltr' id='par_1_14' title="bbox 409 1413 2051 1489">
     <span class='ocr_line' id='line_1_14' title="bbox 409 1413 2051 1489; baseline -0.006 -16"><span class='ocrx_word' id='word_1_82' title='bbox 409 1425 537 1489; x_wconf 81' lang='lat' dir='ltr'><strong>post</strong></span> <span class='ocrx_word' id='word_1_83' title='bbox 569 1417 762 1472; x_wconf 89' lang='lat' dir='ltr'><strong>decem</strong></span> <span class='ocrx_word' id='word_1_84' title='bbox 795 1418 942 1483; x_wconf 87' lang='lat' dir='ltr'><strong>dies,</strong></span> <span class='ocrx_word' id='word_1_85' title='bbox 976 1416 1030 1468; x_wconf 91' lang='lat' dir='ltr'><strong>id</strong></span> <span class='ocrx_word' id='word_1_86' title='bbox 1063 1419 1153 1468; x_wconf 89' lang='lat' dir='ltr'><strong>est</strong></span> <span class='ocrx_word' id='word_1_87' title='bbox 1185 1413 1666 1483; x_wconf 83' lang='lat' dir='ltr'><strong>quinquagesimo</strong></span> <span class='ocrx_word' id='word_1_88' title='bbox 1712 1419 1842 1482; x_wconf 89' lang='lat' dir='ltr'><strong>post</strong></span> <span class='ocrx_word' id='word_1_89' title='bbox 1885 1426 2051 1464; x_wconf 86' lang='lat' dir='ltr'><strong>suam</strong></span> 
     </span>
    </p>
   </div>
   <div class='ocr_carea' id='block_1_15' title="bbox 408 1491 2051 1562">
    <p class='ocr_par' dir='ltr' id='par_1_15' title="bbox 408 1491 2051 1562">
     <span class='ocr_line' id='line_1_15' title="bbox 408 1491 2051 1562; baseline -0.005 -10"><span class='ocrx_word' id='word_1_90' title='bbox 408 1500 884 1552; x_wconf 66' lang='lat' dir='ltr'><strong>resurrectionem</strong></span> <span class='ocrx_word' id='word_1_91' title='bbox 920 1493 1032 1562; x_wconf 91' lang='lat' dir='ltr'><strong>die,</strong></span> <span class='ocrx_word' id='word_1_92' title='bbox 1069 1494 1226 1547; x_wconf 87' lang='lat' dir='ltr'><strong>misit</strong></span> <span class='ocrx_word' id='word_1_93' title='bbox 1253 1495 1532 1560; x_wconf 77' lang='lat' dir='ltr'><strong>Spiritum</strong></span> <span class='ocrx_word' id='word_1_94' title='bbox 1576 1499 1862 1546; x_wconf 86' lang='lat' dir='ltr'><strong>sanctum.</strong></span> <span class='ocrx_word' id='word_1_95' title='bbox 1888 1491 2051 1545; x_wconf 83' lang='lat' dir='ltr'><strong>Tunc</strong></span> 
     </span>
    </p>
   </div>
   <div class='ocr_carea' id='block_1_16' title="bbox 407 1573 2051 1643">
    <p class='ocr_par' dir='ltr' id='par_1_16' title="bbox 407 1573 2051 1643">
     <span class='ocr_line' id='line_1_16' title="bbox 407 1573 2051 1643; baseline -0.005 -10"><span class='ocrx_word' id='word_1_96' title='bbox 407 1584 518 1633; x_wconf 87' lang='lat' dir='ltr'><strong>tria</strong></span> <span class='ocrx_word' id='word_1_97' title='bbox 549 1579 726 1632; x_wconf 89' lang='lat' dir='ltr'><strong>millia</strong></span> <span class='ocrx_word' id='word_1_98' title='bbox 759 1580 1060 1629; x_wconf 87' lang='lat' dir='ltr'><strong>hominum</strong></span> <span class='ocrx_word' id='word_1_99' title='bbox 1093 1576 1382 1643; x_wconf 70' lang='lat' dir='ltr'><strong>Apestolis</strong></span> <span class='ocrx_word' id='word_1_100' title='bbox 1414 1590 1544 1626; x_wconf 91' lang='lat' dir='ltr'><strong>eum</strong></span> <span class='ocrx_word' id='word_1_101' title='bbox 1600 1573 2051 1642; x_wconf 67' lang='lat' dir='ltr'><strong>praedicantibus</strong></span> 
     </span>
    </p>
   </div>
   <div class='ocr_carea' id='block_1_17' title="bbox 407 1652 2052 1719">
    <p class='ocr_par' dir='ltr' id='par_1_17' title="bbox 407 1652 2052 1719">
     <span class='ocr_line' id='line_1_17' title="bbox 407 1652 2052 1719; baseline -0.004 -7"><span class='ocrx_word' id='word_1_102' title='bbox 407 1659 800 1712; x_wconf 83' lang='lat' dir='ltr'><strong>crediderunt.</strong></span> <span class='ocrx_word' id='word_1_103' title='bbox 859 1656 1018 1708; x_wconf 90' lang='lat' dir='ltr'><strong>Tunc</strong></span> <span class='ocrx_word' id='word_1_104' title='bbox 1082 1656 1274 1719; x_wconf 81' lang='lat' dir='ltr'><strong>itaque</strong></span> <span class='ocrx_word' id='word_1_105' title='bbox 1332 1654 1589 1706; x_wconf 87' lang='lat' dir='ltr'><strong>nominis</strong></span> <span class='ocrx_word' id='word_1_106' title='bbox 1640 1653 1798 1705; x_wconf 88' lang='lat' dir='ltr'><strong>illius</strong></span> <span class='ocrx_word' id='word_1_107' title='bbox 1856 1652 2052 1706; x_wconf 88' lang='lat' dir='ltr'><strong>cultus</strong></span> 
     </span>
    </p>
   </div>
   <div class='ocr_carea' id='block_1_18' title="bbox 408 1728 2051 1799">
    <p class='ocr_par' dir='ltr' id='par_1_18' title="bbox 408 1728 2051 1799">
     <span class='ocr_line' id='line_1_18' title="bbox 408 1728 2051 1799; baseline -0.004 -7"><span class='ocrx_word' id='word_1_108' title='bbox 408 1753 648 1793; x_wconf 77' lang='lat' dir='ltr'><strong>exorsus</strong></span> <span class='ocrx_word' id='word_1_109' title='bbox 679 1742 788 1799; x_wconf 90' lang='lat' dir='ltr'><strong>est,</strong></span> <span class='ocrx_word' id='word_1_110' title='bbox 822 1733 971 1788; x_wconf 87' lang='lat' dir='ltr'><strong>sicut</strong></span> <span class='ocrx_word' id='word_1_111' title='bbox 1011 1745 1116 1787; x_wconf 88' lang='lat' dir='ltr'><strong>nos</strong></span> <span class='ocrx_word' id='word_1_112' title='bbox 1157 1732 1467 1799; x_wconf 89' lang='lat' dir='ltr'><strong>credimus,</strong></span> <span class='ocrx_word' id='word_1_113' title='bbox 1501 1737 1556 1786; x_wconf 91' lang='lat' dir='ltr'><strong>et</strong></span> <span class='ocrx_word' id='word_1_114' title='bbox 1597 1733 1811 1784; x_wconf 80' lang='lat' dir='ltr'><strong>veritas</strong></span> <span class='ocrx_word' id='word_1_115' title='bbox 1857 1728 2051 1796; x_wconf 88' lang='lat' dir='ltr'><strong>habet,</strong></span> 
     </span>
    </p>
   </div>
   <div class='ocr_carea' id='block_1_19' title="bbox 409 1811 2052 1885">
    <p class='ocr_par' dir='ltr' id='par_1_19' title="bbox 409 1811 2052 1885">
     <span class='ocr_line' id='line_1_19' title="bbox 409 1811 2052 1885; baseline -0.004 -12"><span class='ocrx_word' id='word_1_116' title='bbox 409 1817 666 1873; x_wconf 80' lang='lat' dir='ltr'><strong>efficacia</strong></span> <span class='ocrx_word' id='word_1_117' title='bbox 700 1816 952 1885; x_wconf 73' lang='lat' dir='ltr'><strong>Spiritus</strong></span> <span class='ocrx_word' id='word_1_118' title='bbox 985 1814 1205 1877; x_wconf 82' lang='lat' dir='ltr'><strong>sancti;</strong></span> <span class='ocrx_word' id='word_1_119' title='bbox 1241 1814 1394 1866; x_wconf 87' lang='lat' dir='ltr'><strong>sicut</strong></span> <span class='ocrx_word' id='word_1_120' title='bbox 1417 1819 1609 1865; x_wconf 85' lang='lat' dir='ltr'><strong>autem</strong></span> <span class='ocrx_word' id='word_1_121' title='bbox 1636 1811 1802 1864; x_wconf 85' lang='lat' dir='ltr'><strong>finxit</strong></span> <span class='ocrx_word' id='word_1_122' title='bbox 1825 1815 2052 1866; x_wconf 84' lang='lat' dir='ltr'><strong>vanitas</strong></span> 
     </span>
    </p>
   </div>
   <div class='ocr_carea' id='block_1_20' title="bbox 411 1891 2052 1969">
    <p class='ocr_par' dir='ltr' id='par_1_20' title="bbox 411 1891 2052 1969">
     <span class='ocr_line' id='line_1_20' title="bbox 411 1891 2052 1969; baseline -0.004 -17"><span class='ocrx_word' id='word_1_123' title='bbox 411 1898 594 1969; x_wconf 89' lang='lat' dir='ltr'><strong>impia</strong></span> <span class='ocrx_word' id='word_1_124' title='bbox 637 1897 723 1951; x_wconf 88' lang='lat' dir='ltr'><strong>vel</strong></span> <span class='ocrx_word' id='word_1_125' title='bbox 778 1895 1020 1966; x_wconf 85' lang='lat' dir='ltr'><strong>putavit,</strong></span> <span class='ocrx_word' id='word_1_126' title='bbox 1066 1893 1308 1964; x_wconf 82' lang='lat' dir='ltr'><strong>magicis</strong></span> <span class='ocrx_word' id='word_1_127' title='bbox 1358 1894 1582 1947; x_wconf 89' lang='lat' dir='ltr'><strong>artibus</strong></span> <span class='ocrx_word' id='word_1_128' title='bbox 1643 1891 1810 1946; x_wconf 89' lang='lat' dir='ltr'><strong>Petri.</strong></span> <span class='ocrx_word' id='word_1_129' title='bbox 1873 1891 2052 1945; x_wconf 86' lang='lat' dir='ltr'><strong>Paulo</strong></span> 
     </span>
    </p>
   </div>
   <div class='ocr_carea' id='block_1_21' title="bbox 477 2022 911 2072">
    <p class='ocr_par' dir='ltr' id='par_1_21' title="bbox 477 2022 911 2072">
     <span class='ocr_line' id='line_1_21' title="bbox 477 2022 911 2072; baseline -0.005 -2"><span class='ocrx_word' id='word_1_130' title='bbox 477 2029 492 2060; x_wconf 72' lang='grc'><strong>1</strong></span> <span class='ocrx_word' id='word_1_131' title='bbox 529 2024 681 2072; x_wconf 82' lang='lat' dir='ltr'><strong>Vind.</strong></span> <span class='ocrx_word' id='word_1_132' title='bbox 713 2022 827 2069; x_wconf 82' lang='lat' dir='ltr'><strong>Am.</strong></span> <span class='ocrx_word' id='word_1_133' title='bbox 859 2023 911 2069; x_wconf 89' lang='lat' dir='ltr'><strong>et</strong></span> 
     </span>
    </p>
   </div>
   <div class='ocr_carea' id='block_1_22' title="bbox 473 2079 2054 2148">
    <p class='ocr_par' dir='ltr' id='par_1_22' title="bbox 473 2079 2054 2148">
     <span class='ocr_line' id='line_1_22' title="bbox 473 2079 2054 2148; baseline -0.004 -14"><span class='ocrx_word' id='word_1_134' title='bbox 473 2089 546 2148; x_wconf 89' lang='lat' dir='ltr'><strong>(a)</strong></span> <span class='ocrx_word' id='word_1_135' title='bbox 577 2079 958 2148; x_wconf 67' lang='lat' dir='ltr'><strong>Tertullianus,</strong></span> <span class='ocrx_word' id='word_1_136' title='bbox 986 2082 1120 2148; x_wconf 73' lang='lat' dir='ltr'><strong>libro</strong></span> <span class='ocrx_word' id='word_1_137' title='bbox 1166 2084 1350 2148; x_wconf 81' lang='lat' dir='ltr'><strong>contra</strong></span> <span class='ocrx_word' id='word_1_138' title='bbox 1385 2081 1635 2148; x_wconf 53' lang='lat' dir='ltr'><strong>Judaeos,</strong></span> <span class='ocrx_word' id='word_1_139' title='bbox 1673 2093 1786 2148; x_wconf 78' lang='lat' dir='ltr'><strong>cap.</strong></span> <span class='ocrx_word' id='word_1_140' title='bbox 1817 2079 1846 2127; x_wconf 91' lang='lat'>8</span> <span class='ocrx_word' id='word_1_141' title='bbox 1875 2094 1942 2148; x_wconf 75' lang='lat'><strong>:_¢</strong></span> <span class='ocrx_word' id='word_1_142' title='bbox 1975 2081 2054 2148; x_wconf 79' lang='lat' dir='ltr'><strong>Ti-</strong></span> 
     </span>
    </p>
   </div>
   <div class='ocr_carea' id='block_1_23' title="bbox 409 2142 2056 2209">
    <p class='ocr_par' dir='ltr' id='par_1_23' title="bbox 409 2142 2056 2209">
     <span class='ocr_line' id='line_1_23' title="bbox 409 2142 2056 2209; baseline -0.005 -11"><span class='ocrx_word' id='word_1_143' title='bbox 409 2142 604 2203; x_wconf 76' lang='lat' dir='ltr'><strong>berius.</strong></span> <span class='ocrx_word' id='word_1_144' title='bbox 638 2165 662 2192; x_wconf 78' lang='grc'><strong>»</strong></span> <span class='ocrx_word' id='word_1_145' title='bbox 693 2147 885 2209; x_wconf 87' lang='lat' dir='ltr'><strong>inquit,</strong></span> <span class='ocrx_word' id='word_1_146' title='bbox 935 2162 956 2190; x_wconf 76' lang='grc' dir='ltr'><strong>ι</strong></span> <span class='ocrx_word' id='word_1_147' title='bbox 988 2145 1178 2209; x_wconf 80' lang='lat' dir='ltr'><strong>Caesar</strong></span> <span class='ocrx_word' id='word_1_148' title='bbox 1222 2143 1503 2205; x_wconf 89' lang='lat' dir='ltr'><strong>imperium</strong></span> <span class='ocrx_word' id='word_1_149' title='bbox 1550 2142 1738 2209; x_wconf 81' lang='lat' dir='ltr'><strong>habuit</strong></span> <span class='ocrx_word' id='word_1_150' title='bbox 1792 2143 1949 2209; x_wconf 83' lang='lat' dir='ltr'><strong>annis</strong></span> <span class='ocrx_word' id='word_1_151' title='bbox 1974 2143 2056 2209; x_wconf 73' lang='lat' dir='ltr'><strong>vi-</strong></span> 
     </span>
    </p>
   </div>
   <div class='ocr_carea' id='block_1_24' title="bbox 408 2206 2052 2273">
    <p class='ocr_par' dir='ltr' id='par_1_24' title="bbox 408 2206 2052 2273">
     <span class='ocr_line' id='line_1_24' title="bbox 408 2206 2052 2273; baseline -0.004 -15"><span class='ocrx_word' id='word_1_152' title='bbox 408 2231 434 2258; x_wconf 79' lang='grc'><strong>«</strong></span> <span class='ocrx_word' id='word_1_153' title='bbox 467 2212 602 2273; x_wconf 74' lang='lat' dir='ltr'><strong>ginti</strong></span> <span class='ocrx_word' id='word_1_154' title='bbox 675 2206 911 2273; x_wconf 62' lang='lat' dir='ltr'><strong>duobus,</strong></span> <span class='ocrx_word' id='word_1_155' title='bbox 970 2208 1242 2273; x_wconf 80' lang='lat' dir='ltr'><strong>mensibus</strong></span> <span class='ocrx_word' id='word_1_156' title='bbox 1296 2209 1513 2273; x_wconf 77' lang='lat' dir='ltr'><strong>septem,</strong></span> <span class='ocrx_word' id='word_1_157' title='bbox 1578 2206 1764 2253; x_wconf 90' lang='lat' dir='ltr'><strong>diebus</strong></span> <span class='ocrx_word' id='word_1_158' title='bbox 1817 2206 2052 2273; x_wconf 61' lang='lat' dir='ltr'><strong>viginti:</strong></span> 
     </span>
    </p>
   </div>
   <div class='ocr_carea' id='block_1_25' title="bbox 411 2268 2056 2336">
    <p class='ocr_par' dir='ltr' id='par_1_25' title="bbox 411 2268 2056 2336">
     <span class='ocr_line' id='line_1_25' title="bbox 411 2268 2056 2336; baseline -0.004 -16"><span class='ocrx_word' id='word_1_159' title='bbox 411 2294 438 2320; x_wconf 69' lang='grc' dir='ltr'><strong><em>α</em></strong></span> <span class='ocrx_word' id='word_1_160' title='bbox 468 2268 628 2336; x_wconf 73' lang='lat' dir='ltr'><strong>huius</strong></span> <span class='ocrx_word' id='word_1_161' title='bbox 655 2274 843 2333; x_wconf 75' lang='lat' dir='ltr'><strong>Quinto</strong></span> <span class='ocrx_word' id='word_1_162' title='bbox 885 2271 1086 2336; x_wconf 85' lang='lat' dir='ltr'><strong>decimo</strong></span> <span class='ocrx_word' id='word_1_163' title='bbox 1129 2283 1270 2336; x_wconf 87' lang='lat' dir='ltr'><strong>anno</strong></span> <span class='ocrx_word' id='word_1_164' title='bbox 1295 2269 1504 2336; x_wconf 83' lang='lat' dir='ltr'><strong>imperii</strong></span> <span class='ocrx_word' id='word_1_165' title='bbox 1548 2282 1737 2330; x_wconf 89' lang='lat' dir='ltr'><strong>passus</strong></span> <span class='ocrx_word' id='word_1_166' title='bbox 1778 2271 1857 2336; x_wconf 85' lang='lat' dir='ltr'><strong>est</strong></span> <span class='ocrx_word' id='word_1_167' title='bbox 1891 2268 2056 2336; x_wconf 80' lang='lat' dir='ltr'><strong>Chri-</strong></span> 
     </span>
    </p>
   </div>
   <div class='ocr_carea' id='block_1_26' title="bbox 412 2332 2056 2394">
    <p class='ocr_par' dir='ltr' id='par_1_26' title="bbox 412 2332 2056 2394">
     <span class='ocr_line' id='line_1_26' title="bbox 412 2332 2056 2394; baseline -0.007 -10"><span class='ocrx_word' id='word_1_168' title='bbox 412 2355 434 2384; x_wconf 74' lang='grc' dir='ltr'><strong>ι</strong></span> <span class='ocrx_word' id='word_1_169' title='bbox 467 2332 598 2390; x_wconf 77' lang='lat' dir='ltr'><strong>stus.</strong></span> <span class='ocrx_word' id='word_1_170' title='bbox 643 2332 813 2384; x_wconf 78' lang='lat' dir='ltr'><strong>annos</strong></span> <span class='ocrx_word' id='word_1_171' title='bbox 861 2335 1062 2381; x_wconf 84' lang='lat' dir='ltr'><strong>habens</strong></span> <span class='ocrx_word' id='word_1_172' title='bbox 1089 2333 1243 2394; x_wconf 89' lang='lat' dir='ltr'><strong>quasi</strong></span> <span class='ocrx_word' id='word_1_173' title='bbox 1291 2332 1509 2390; x_wconf 73' lang='lat' dir='ltr'><strong>triginta</strong></span> <span class='ocrx_word' id='word_1_174' title='bbox 1541 2345 1662 2379; x_wconf 91' lang='lat' dir='ltr'><strong>cum</strong></span> <span class='ocrx_word' id='word_1_175' title='bbox 1704 2333 1988 2393; x_wconf 89' lang='lat' dir='ltr'><strong>pateretur.</strong></span> <span class='ocrx_word' id='word_1_176' title='bbox 2029 2349 2056 2373; x_wconf 66' lang='grc' dir='ltr'><strong>ι</strong></span> 
     </span>
    </p>
   </div>
   <div class='ocr_carea' id='block_1_27' title="bbox 408 2394 2058 2461">
    <p class='ocr_par' dir='ltr' id='par_1_27' title="bbox 408 2394 2058 2461">
     <span class='ocr_line' id='line_1_27' title="bbox 408 2394 2058 2461; baseline -0.005 -13"><span class='ocrx_word' id='word_1_177' title='bbox 408 2401 472 2448; x_wconf 85' lang='lat' dir='ltr'><strong>Et</strong></span> <span class='ocrx_word' id='word_1_178' title='bbox 504 2399 662 2461; x_wconf 88' lang='lat' dir='ltr'><strong>paulo</strong></span> <span class='ocrx_word' id='word_1_179' title='bbox 705 2400 912 2461; x_wconf 49' lang='lat' dir='ltr'><strong>postis</strong></span> <span class='ocrx_word' id='word_1_180' title='bbox 945 2396 1124 2461; x_wconf 81' lang='lat' dir='ltr'><strong>Passio</strong></span> <span class='ocrx_word' id='word_1_181' title='bbox 1147 2395 1335 2461; x_wconf 83' lang='lat' dir='ltr'><strong>_huju_s</strong></span> <span class='ocrx_word' id='word_1_182' title='bbox 1389 2394 1716 2461; x_wconf 72' lang='lat' dir='ltr'><strong>exterminii</strong></span> <span class='ocrx_word' id='word_1_183' title='bbox 1741 2395 1892 2461; x_wconf 79' lang='lat' dir='ltr'><strong>intra</strong></span> <span class='ocrx_word' id='word_1_184' title='bbox 1931 2397 2058 2461; x_wconf 77' lang='lat' dir='ltr'><strong>tem-</strong></span> 
     </span>
    </p>
   </div>
   <div class='ocr_carea' id='block_1_28' title="bbox 409 2457 2060 2578">
    <p class='ocr_par' dir='ltr' id='par_1_28' title="bbox 409 2457 2060 2578">
     <span class='ocr_line' id='line_1_28' title="bbox 415 2457 2056 2530; baseline -0.002 -23"><span class='ocrx_word' id='word_1_185' title='bbox 415 2482 438 2507; x_wconf 73' lang='grc' dir='ltr'><strong><em>α</em></strong></span> <span class='ocrx_word' id='word_1_186' title='bbox 466 2457 598 2526; x_wconf 76' lang='lat' dir='ltr'><strong>pora</strong></span> <span class='ocrx_word' id='word_1_187' title='bbox 643 2457 981 2524; x_wconf 74' lang='lat' dir='ltr'><strong>septuaginta</strong></span> <span class='ocrx_word' id='word_1_188' title='bbox 1027 2458 1476 2530; x_wconf 82' lang='lat' dir='ltr'><strong>hebdomadarum</strong></span> <span class='ocrx_word' id='word_1_189' title='bbox 1515 2457 1759 2528; x_wconf 44' lang='lat' dir='ltr'><strong>.perfecta</strong></span> <span class='ocrx_word' id='word_1_190' title='bbox 1823 2458 1902 2503; x_wconf 89' lang='lat' dir='ltr'><strong>est</strong></span> <span class='ocrx_word' id='word_1_191' title='bbox 1958 2457 2056 2503; x_wconf 88' lang='lat' dir='ltr'><strong>sub</strong></span> 
     </span>
     <span class='ocr_line' id='line_1_29' title="bbox 409 2519 2060 2578; baseline -0.002 -8"><span class='ocrx_word' id='word_1_192' title='bbox 409 2545 436 2570; x_wconf 67' lang='grc' dir='ltr'>ς</span> <span class='ocrx_word' id='word_1_193' title='bbox 465 2524 671 2573; x_wconf 80' lang='lat' dir='ltr'><strong>Tiberio</strong></span> <span class='ocrx_word' id='word_1_194' title='bbox 699 2525 938 2578; x_wconf 89' lang='lat' dir='ltr'><strong>Caesare,</strong></span> <span class='ocrx_word' id='word_1_195' title='bbox 983 2520 1292 2568; x_wconf 84' lang='lat' dir='ltr'><strong>consulibus</strong></span> <span class='ocrx_word' id='word_1_196' title='bbox 1320 2519 1562 2567; x_wconf 76' lang='lat' dir='ltr'><strong>Rubellio</strong></span> <span class='ocrx_word' id='word_1_197' title='bbox 1589 2520 1828 2572; x_wconf 88' lang='lat' dir='ltr'><strong>Gemino.</strong></span> <span class='ocrx_word' id='word_1_198' title='bbox 1855 2521 1936 2566; x_wconf 87' lang='lat' dir='ltr'><strong>est</strong></span> <span class='ocrx_word' id='word_1_199' title='bbox 1965 2519 2060 2566; x_wconf 85' lang='lat' dir='ltr'><strong>Fu-</strong></span> 
     </span>
    </p>
   </div>
   <div class='ocr_carea' id='block_1_29' title="bbox 412 2581 2058 2644">
    <p class='ocr_par' dir='ltr' id='par_1_29' title="bbox 412 2581 2058 2644">
     <span class='ocr_line' id='line_1_30' title="bbox 412 2581 2058 2644; baseline -0.001 -12"><span class='ocrx_word' id='word_1_200' title='bbox 412 2606 438 2632; x_wconf 73' lang='grc' dir='ltr'><strong><em>α</em></strong></span> <span class='ocrx_word' id='word_1_201' title='bbox 468 2589 547 2636; x_wconf 90' lang='lat' dir='ltr'><strong>sio</strong></span> <span class='ocrx_word' id='word_1_202' title='bbox 577 2587 815 2644; x_wconf 89' lang='lat' dir='ltr'><strong>Gemino,</strong></span> <span class='ocrx_word' id='word_1_203' title='bbox 856 2597 1035 2632; x_wconf 88' lang='lat' dir='ltr'><strong>mense</strong></span> <span class='ocrx_word' id='word_1_204' title='bbox 1091 2583 1301 2636; x_wconf 87' lang='lat' dir='ltr'><strong>martio.</strong></span> <span class='ocrx_word' id='word_1_205' title='bbox 1343 2583 1671 2643; x_wconf 85' lang='lat' dir='ltr'><strong>temporibus</strong></span> <span class='ocrx_word' id='word_1_206' title='bbox 1699 2582 1948 2634; x_wconf 86' lang='lat' dir='ltr'><strong>Paschae.</strong></span> <span class='ocrx_word' id='word_1_207' title='bbox 1973 2581 2058 2630; x_wconf 90' lang='lat' dir='ltr'><strong>die</strong></span> 
     </span>
    </p>
   </div>
   <div class='ocr_carea' id='block_1_30' title="bbox 411 2645 2057 2707">
    <p class='ocr_par' dir='ltr' id='par_1_30' title="bbox 411 2645 2057 2707">
     <span class='ocr_line' id='line_1_31' title="bbox 411 2645 2057 2707; baseline -0.001 -13"><span class='ocrx_word' id='word_1_208' title='bbox 411 2670 437 2694; x_wconf 73' lang='grc' dir='ltr'><strong>α</strong></span> <span class='ocrx_word' id='word_1_209' title='bbox 469 2653 657 2699; x_wconf 88' lang='lat' dir='ltr'><strong>octavo</strong></span> <span class='ocrx_word' id='word_1_210' title='bbox 699 2649 1049 2696; x_wconf 84' lang='lat' dir='ltr'><strong>kalendarum</strong></span> <span class='ocrx_word' id='word_1_211' title='bbox 1100 2645 1369 2707; x_wconf 86' lang='lat' dir='ltr'><strong>aprilium.</strong></span> <span class='ocrx_word' id='word_1_212' title='bbox 1416 2663 1441 2688; x_wconf 84' lang='grc'><strong>»</strong></span> <span class='ocrx_word' id='word_1_213' title='bbox 1484 2646 1632 2693; x_wconf 84' lang='lat' dir='ltr'><strong>Hunc</strong></span> <span class='ocrx_word' id='word_1_214' title='bbox 1699 2646 1909 2693; x_wconf 82' lang='lat' dir='ltr'><strong>secutus</strong></span> <span class='ocrx_word' id='word_1_215' title='bbox 1965 2645 2057 2692; x_wconf 81' lang='lat' dir='ltr'><strong>La-</strong></span> 
     </span>
    </p>
   </div>
   <div class='ocr_carea' id='block_1_31' title="bbox 411 2707 2060 2815">
    <p class='ocr_par' dir='ltr' id='par_1_31' title="bbox 411 2707 2060 2815">
     <span class='ocr_line' id='line_1_32' title="bbox 411 2707 2060 2815; baseline -0.004 -54"><span class='ocrx_word' id='word_1_216' title='bbox 411 2714 661 2764; x_wconf 84' lang='lat' dir='ltr'><strong>ctautius,</strong></span> <span class='ocrx_word' id='word_1_217' title='bbox 692 2711 782 2757; x_wconf 89' lang='lat' dir='ltr'><strong>lib.</strong></span> <span class='ocrx_word' id='word_1_218' title='bbox 815 2711 843 2756; x_wconf 99' lang='lat'><strong>4</strong></span> <span class='ocrx_word' id='word_1_219' title='bbox 887 2709 1078 2763; x_wconf 85' lang='lat' dir='ltr'><strong>lnstit.,</strong></span> <span class='ocrx_word' id='word_1_220' title='bbox 1123 2722 1234 2770; x_wconf 90' lang='lat' dir='ltr'><strong>cap.</strong></span> <span class='ocrx_word' id='word_1_221' title='bbox 1291 2707 1366 2758; x_wconf 85' lang='grc'><strong>10.</strong></span> <span class='ocrx_word' id='word_1_222' title='bbox 1409 2709 1652 2754; x_wconf 89' lang='lat' dir='ltr'><strong>eumdem</strong></span> <span class='ocrx_word' id='word_1_223' title='bbox 1680 2707 1872 2755; x_wconf 85' lang='lat' dir='ltr'><strong>Tiberii</strong></span> <span class='ocrx_word' id='word_1_224' title='bbox 1900 2707 2060 2815; x_wconf 49' lang='lat' dir='ltr'><strong>imge.</strong></span> 
     </span>
     <span class='ocr_line' id='line_1_33' title="bbox 411 2768 2058 2815; baseline 0 0"><span class='ocrx_word' id='word_1_225' title='bbox 411 2776 580 2815; x_wconf 74' lang='lat' dir='ltr'><strong>rantis</strong></span> <span class='ocrx_word' id='word_1_226' title='bbox 609 2786 829 2815; x_wconf 78' lang='lat' dir='ltr'><strong>annum-</strong></span> <span class='ocrx_word' id='word_1_227' title='bbox 865 2773 1180 2815; x_wconf 77' lang='lat' dir='ltr'><strong>eosdemque</strong></span> <span class='ocrx_word' id='word_1_228' title='bbox 1203 2771 1446 2815; x_wconf 87' lang='lat' dir='ltr'><strong>consules</strong></span> <span class='ocrx_word' id='word_1_229' title='bbox 1475 2770 1726 2815; x_wconf 63' lang='lat' dir='ltr'><strong>assignat.</strong></span> <span class='ocrx_word' id='word_1_230' title='bbox 1759 2783 1855 2815; x_wconf 86' lang='lat' dir='ltr'><strong>nec</strong></span> <span class='ocrx_word' id='word_1_231' title='bbox 1877 2768 1932 2815; x_wconf 92' lang='lat' dir='ltr'><strong>in</strong></span> <span class='ocrx_word' id='word_1_232' title='bbox 2009 2769 2058 2815; x_wconf 89' lang='lat' dir='ltr'><strong>ie</strong></span> 
     </span>
    </p>
   </div>
   <div class='ocr_carea' id='block_1_32' title="bbox 410 2768 2058 2832">
    <p class='ocr_par' dir='ltr' id='par_1_32' title="bbox 410 2768 2058 2832">
     <span class='ocr_line' id='line_1_34' title="bbox 410 2768 2058 2832; baseline -0.002 -11"><span class='ocrx_word' id='word_1_233' title='bbox 410 2776 580 2822; x_wconf 86' lang='lat' dir='ltr'><strong>rantis</strong></span> <span class='ocrx_word' id='word_1_234' title='bbox 609 2786 829 2825; x_wconf 89' lang='lat' dir='ltr'><strong>annum,</strong></span> <span class='ocrx_word' id='word_1_235' title='bbox 865 2768 1446 2832; x_wconf 14' lang='lat' dir='ltr'><strong>eosdemquefconsules</strong></span> <span class='ocrx_word' id='word_1_236' title='bbox 1475 2770 1727 2830; x_wconf 82' lang='lat' dir='ltr'><strong>assignat,</strong></span> <span class='ocrx_word' id='word_1_237' title='bbox 1759 2783 1855 2818; x_wconf 89' lang='lat' dir='ltr'><strong>nec</strong></span> <span class='ocrx_word' id='word_1_238' title='bbox 1877 2768 1932 2816; x_wconf 90' lang='lat' dir='ltr'><strong>in</strong></span> <span class='ocrx_word' id='word_1_239' title='bbox 1974 2768 2058 2817; x_wconf 86' lang='lat' dir='ltr'><strong>die</strong></span> 
     </span>
    </p>
   </div>
   <div class='ocr_carea' id='block_1_33' title="bbox 411 2832 2059 2892">
    <p class='ocr_par' dir='ltr' id='par_1_33' title="bbox 411 2832 2059 2892">
     <span class='ocr_line' id='line_1_35' title="bbox 411 2832 2059 2892; baseline 0 -13"><span class='ocrx_word' id='word_1_240' title='bbox 411 2837 583 2882; x_wconf 85' lang='lat' dir='ltr'><strong>variat</strong></span> <span class='ocrx_word' id='word_1_241' title='bbox 626 2834 728 2881; x_wconf 89' lang='lat' dir='ltr'><strong>nisi</strong></span> <span class='ocrx_word' id='word_1_242' title='bbox 765 2834 1106 2880; x_wconf 86' lang='lat' dir='ltr'><strong>librariorum</strong></span> <span class='ocrx_word' id='word_1_243' title='bbox 1147 2833 1370 2880; x_wconf 81' lang='lat' dir='ltr'><strong>forsitan</strong></span> <span class='ocrx_word' id='word_1_244' title='bbox 1417 2832 1569 2891; x_wconf 90' lang='lat' dir='ltr'><strong>vitio,</strong></span> <span class='ocrx_word' id='word_1_245' title='bbox 1603 2845 1708 2892; x_wconf 91' lang='lat' dir='ltr'><strong>quo</strong></span> <span class='ocrx_word' id='word_1_246' title='bbox 1750 2833 1948 2880; x_wconf 88' lang='lat' dir='ltr'><strong>factum</strong></span> <span class='ocrx_word' id='word_1_247' title='bbox 1979 2834 2059 2879; x_wconf 87' lang='lat' dir='ltr'><strong>est</strong></span> 
     </span>
    </p>
   </div>
   <div class='ocr_carea' id='block_1_34' title="bbox 411 2894 2058 2946">
    <p class='ocr_par' dir='ltr' id='par_1_34' title="bbox 411 2894 2058 2946">
     <span class='ocr_line' id='line_1_36' title="bbox 411 2894 2058 2946; baseline -0.003 -1"><span class='ocrx_word' id='word_1_248' title='bbox 411 2897 471 2945; x_wconf 85' lang='lat' dir='ltr'><strong>ut</strong></span> <span class='ocrx_word' id='word_1_249' title='bbox 504 2896 706 2944; x_wconf 86' lang='lat' dir='ltr'><strong>codices</strong></span> <span class='ocrx_word' id='word_1_250' title='bbox 735 2895 826 2942; x_wconf 85' lang='lat' dir='ltr'><strong>alii</strong></span> <span class='ocrx_word' id='word_1_251' title='bbox 857 2913 881 2936; x_wconf 72' lang='grc' dir='ltr'><strong><em>α</em></strong></span> <span class='ocrx_word' id='word_1_252' title='bbox 913 2897 1035 2941; x_wconf 90' lang='lat' dir='ltr'><strong>ante</strong></span> <span class='ocrx_word' id='word_1_253' title='bbox 1060 2895 1200 2941; x_wconf 91' lang='lat' dir='ltr'><strong>diem</strong></span> <span class='ocrx_word' id='word_1_254' title='bbox 1227 2895 1508 2946; x_wconf 88' lang='lat' dir='ltr'><strong>decimum,</strong></span> <span class='ocrx_word' id='word_1_255' title='bbox 1544 2911 1564 2938; x_wconf 68' lang='grc' dir='ltr'><strong>ι</strong></span> <span class='ocrx_word' id='word_1_256' title='bbox 1597 2895 1690 2941; x_wconf 86' lang='lat' dir='ltr'><strong>alii</strong></span> <span class='ocrx_word' id='word_1_257' title='bbox 1719 2913 1744 2936; x_wconf 70' lang='lat' dir='ltr'><strong>cz</strong></span> <span class='ocrx_word' id='word_1_258' title='bbox 1775 2897 1898 2941; x_wconf 85' lang='lat' dir='ltr'><strong>ante</strong></span> <span class='ocrx_word' id='word_1_259' title='bbox 1918 2894 2058 2941; x_wconf 88' lang='lat' dir='ltr'><strong>diem</strong></span> 
     </span>
    </p>
   </div>
   <div class='ocr_carea' id='block_1_35' title="bbox 409 2955 2057 3018">
    <p class='ocr_par' dir='ltr' id='par_1_35' title="bbox 409 2955 2057 3018">
     <span class='ocr_line' id='line_1_37' title="bbox 409 2955 2057 3018; baseline -0.002 -12"><span class='ocrx_word' id='word_1_260' title='bbox 409 2957 694 3018; x_wconf 84' lang='lat' dir='ltr'><strong>septimum</strong></span> <span class='ocrx_word' id='word_1_261' title='bbox 721 2975 742 2999; x_wconf 83' lang='lat'><strong>»</strong></span> <span class='ocrx_word' id='word_1_262' title='bbox 779 2956 1028 3011; x_wconf 88' lang='lat' dir='ltr'><strong>habeant,</strong></span> <span class='ocrx_word' id='word_1_263' title='bbox 1061 2955 1153 3002; x_wconf 89' lang='lat' dir='ltr'><strong>alii</strong></span> <span class='ocrx_word' id='word_1_264' title='bbox 1196 2965 1322 3004; x_wconf 78' lang='lat' dir='ltr'><strong>Vero</strong></span> <span class='ocrx_word' id='word_1_265' title='bbox 1352 2957 1558 3011; x_wconf 88' lang='lat' dir='ltr'><strong>melius,</strong></span> <span class='ocrx_word' id='word_1_266' title='bbox 1592 2975 1616 2998; x_wconf 70' lang='grc' dir='ltr'><strong><em>α</em></strong></span> <span class='ocrx_word' id='word_1_267' title='bbox 1647 2958 1770 3004; x_wconf 89' lang='lat' dir='ltr'><strong>ante</strong></span> <span class='ocrx_word' id='word_1_268' title='bbox 1799 2956 1939 3018; x_wconf 89' lang='lat' dir='ltr'><strong>diem</strong></span> <span class='ocrx_word' id='word_1_269' title='bbox 1960 2970 2057 3018; x_wconf 18' lang='lat' dir='ltr'><strong>erll</strong></span> 
     </span>
    </p>
   </div>
   <div class='ocr_carea' id='block_1_36' title="bbox 409 3017 2059 3080">
    <p class='ocr_par' dir='ltr' id='par_1_36' title="bbox 409 3017 2059 3080">
     <span class='ocr_line' id='line_1_38' title="bbox 409 3017 2059 3080; baseline -0.001 -12"><span class='ocrx_word' id='word_1_270' title='bbox 409 3017 518 3068; x_wconf 84' lang='lat' dir='ltr'><strong>kal.</strong></span> <span class='ocrx_word' id='word_1_271' title='bbox 549 3020 702 3080; x_wconf 87' lang='lat' dir='ltr'><strong>april.</strong></span> <span class='ocrx_word' id='word_1_272' title='bbox 735 3036 761 3061; x_wconf 80' lang='grc'><strong>»</strong></span> <span class='ocrx_word' id='word_1_273' title='bbox 808 3019 949 3078; x_wconf 90' lang='lat' dir='ltr'><strong>quod</strong></span> <span class='ocrx_word' id='word_1_274' title='bbox 977 3018 1118 3080; x_wconf 83' lang='lat' dir='ltr'><strong>idem</strong></span> <span class='ocrx_word' id='word_1_275' title='bbox 1162 3020 1441 3080; x_wconf 12' lang='lat' dir='ltr'><strong>estratque</strong></span> <span class='ocrx_word' id='word_1_276' title='bbox 1488 3035 1508 3062; x_wconf 78' lang='grc' dir='ltr'><strong>(ι</strong></span> <span class='ocrx_word' id='word_1_277' title='bbox 1541 3019 1890 3080; x_wconf 14' lang='grc' dir='ltr'><strong>οοιιινοίιλιιιμθ</strong></span> <span class='ocrx_word' id='word_1_278' title='bbox 1918 3017 2059 3065; x_wconf 89' lang='lat' dir='ltr'><strong>diem</strong></span> 
     </span>
    </p>
   </div>
   <div class='ocr_carea' id='block_1_37' title="bbox 409 3079 2060 3142">
    <p class='ocr_par' dir='ltr' id='par_1_37' title="bbox 409 3079 2060 3142">
     <span class='ocr_line' id='line_1_39' title="bbox 409 3079 2060 3142; baseline -0.002 -12"><span class='ocrx_word' id='word_1_279' title='bbox 409 3082 517 3130; x_wconf 88' lang='lat' dir='ltr'><strong>kal.</strong></span> <span class='ocrx_word' id='word_1_280' title='bbox 553 3079 705 3142; x_wconf 79' lang='lat' dir='ltr'><strong>april.</strong></span> <span class='ocrx_word' id='word_1_281' title='bbox 724 3097 749 3126; x_wconf 88' lang='lat'>»</span> <span class='ocrx_word' id='word_1_282' title='bbox 781 3079 1226 3142; x_wconf 86' lang='lat' dir='ltr'><strong>quemadmodum</strong></span> <span class='ocrx_word' id='word_1_283' title='bbox 1254 3079 1512 3127; x_wconf 88' lang='lat' dir='ltr'><strong>Tullianis</strong></span> <span class='ocrx_word' id='word_1_284' title='bbox 1531 3079 2060 3142; x_wconf 87' lang='lat' dir='ltr'><strong>exemplisplurimis</strong></span> 
     </span>
    </p>
   </div>
   <div class='ocr_carea' id='block_1_38' title="bbox 409 3141 2060 3218">
    <p class='ocr_par' dir='ltr' id='par_1_38' title="bbox 409 3141 2060 3218">
     <span class='ocr_line' id='line_1_40' title="bbox 409 3141 2060 3218; baseline -0.001 -24"><span class='ocrx_word' id='word_1_285' title='bbox 409 3141 616 3218; x_wconf 72' lang='lat' dir='ltr'><strong>ostendi</strong></span> <span class='ocrx_word' id='word_1_286' title='bbox 649 3141 841 3218; x_wconf 78' lang='lat' dir='ltr'><strong>potest.</strong></span> <span class='ocrx_word' id='word_1_287' title='bbox 866 3141 1138 3218; x_wconf 77' lang='lat' dir='ltr'><strong>Christum</strong></span> <span class='ocrx_word' id='word_1_288' title='bbox 1184 3153 1400 3218; x_wconf 75' lang='lat' dir='ltr'><strong>passum</strong></span> <span class='ocrx_word' id='word_1_289' title='bbox 1421 3156 1500 3218; x_wconf 76' lang='lat' dir='ltr'><strong>vni</strong></span> <span class='ocrx_word' id='word_1_290' title='bbox 1541 3143 1647 3190; x_wconf 85' lang='lat' dir='ltr'><strong>kal.</strong></span> <span class='ocrx_word' id='word_1_291' title='bbox 1675 3141 1828 3218; x_wconf 80' lang='lat' dir='ltr'><strong>april.</strong></span> <span class='ocrx_word' id='word_1_292' title='bbox 1862 3143 1946 3218; x_wconf 68' lang='lat' dir='ltr'><strong>vel</strong></span> <span class='ocrx_word' id='word_1_293' title='bbox 1975 3143 2060 3192; x_wconf 87' lang='lat' dir='ltr'><strong>die</strong></span> 
     </span>
    </p>
   </div>
   <div class='ocr_carea' id='block_1_39' title="bbox 410 3203 2056 3268">
    <p class='ocr_par' dir='ltr' id='par_1_39' title="bbox 410 3203 2056 3268">
     <span class='ocr_line' id='line_1_41' title="bbox 410 3203 2056 3268; baseline -0.002 -12"><span class='ocrx_word' id='word_1_294' title='bbox 410 3206 588 3256; x_wconf 82' lang='lat' dir='ltr'><strong>m‘artii</strong></span> <span class='ocrx_word' id='word_1_295' title='bbox 618 3203 882 3268; x_wconf 19' lang='lat' dir='ltr'><strong>ivigesimo</strong></span> <span class='ocrx_word' id='word_1_296' title='bbox 931 3204 1144 3268; x_wconf 86' lang='lat' dir='ltr'><strong>quinto._</strong></span> <span class='ocrx_word' id='word_1_297' title='bbox 1182 3203 1369 3268; x_wconf 73' lang='lat' dir='ltr'><strong>asserit</strong></span> <span class='ocrx_word' id='word_1_298' title='bbox 1439 3205 2056 3268; x_wconf 10' lang='lat' dir='ltr'><strong>rursumiiAiugustinus,</strong></span> 
     </span>
    </p>
   </div>
   <div class='ocr_carea' id='block_1_40' title="bbox 412 3265 2055 3328">
    <p class='ocr_par' dir='ltr' id='par_1_40' title="bbox 412 3265 2055 3328">
     <span class='ocr_line' id='line_1_42' title="bbox 412 3265 2055 3328; baseline 0 -12"><span class='ocrx_word' id='word_1_299' title='bbox 412 3270 504 3317; x_wconf 90' lang='lat' dir='ltr'><strong>lib.</strong></span> <span class='ocrx_word' id='word_1_300' title='bbox 577 3267 639 3315; x_wconf 87' lang='lat'><strong>83</strong></span> <span class='ocrx_word' id='word_1_301' title='bbox 698 3265 1035 3328; x_wconf 31' lang='lat' dir='ltr'><strong>‘Quaestq’q.</strong></span> <span class='ocrx_word' id='word_1_302' title='bbox 1088 3266 1167 3324; x_wconf 88' lang='grc'><strong>56,</strong></span> <span class='ocrx_word' id='word_1_303' title='bbox 1203 3268 1256 3313; x_wconf 89' lang='lat' dir='ltr'><strong>et</strong></span> <span class='ocrx_word' id='word_1_304' title='bbox 1313 3265 1405 3312; x_wconf 89' lang='lat' dir='ltr'><strong>lib.</strong></span> <span class='ocrx_word' id='word_1_305' title='bbox 1466 3267 1495 3314; x_wconf 90' lang='lat'><strong>4</strong></span> <span class='ocrx_word' id='word_1_306' title='bbox 1551 3267 1615 3316; x_wconf 86' lang='lat' dir='ltr'><strong>de</strong></span> <span class='ocrx_word' id='word_1_307' title='bbox 1669 3267 1943 3324; x_wconf 87' lang='lat' dir='ltr'><strong>Trinitate,</strong></span> <span class='ocrx_word' id='word_1_308' title='bbox 2001 3282 2055 3316; x_wconf 83' lang='grc' dir='ltr'><strong>ιι.</strong></span> 
     </span>
    </p>
   </div>
   <div class='ocr_carea' id='block_1_41' title="bbox 410 3327 2059 3391">
    <p class='ocr_par' dir='ltr' id='par_1_41' title="bbox 410 3327 2059 3391">
     <span class='ocr_line' id='line_1_43' title="bbox 410 3327 2059 3391; baseline -0.001 -11"><span class='ocrx_word' id='word_1_309' title='bbox 410 3331 484 3391; x_wconf 86' lang='lat'><strong>9;</strong></span> <span class='ocrx_word' id='word_1_310' title='bbox 520 3344 747 3391; x_wconf 87' lang='lat' dir='ltr'><strong>cumque</strong></span> <span class='ocrx_word' id='word_1_311' title='bbox 795 3343 856 3378; x_wconf 90' lang='lat' dir='ltr'><strong>eo</strong></span> <span class='ocrx_word' id='word_1_312' title='bbox 905 3329 1136 3377; x_wconf 84' lang='lat' dir='ltr'><strong>Joannes</strong></span> <span class='ocrx_word' id='word_1_313' title='bbox 1205 3327 1632 3390; x_wconf 85' lang='lat' dir='ltr'><strong>Chrysostomus,</strong></span> <span class='ocrx_word' id='word_1_314' title='bbox 1689 3330 1745 3377; x_wconf 85' lang='lat' dir='ltr'><strong>in</strong></span> <span class='ocrx_word' id='word_1_315' title='bbox 1816 3343 2059 3379; x_wconf 89' lang='lat' dir='ltr'><strong>sermone</strong></span> 
     </span>
    </p>
   </div>
   <div class='ocr_carea' id='block_1_42' title="bbox 410 3391 2061 3453">
    <p class='ocr_par' dir='ltr' id='par_1_42' title="bbox 410 3391 2061 3453">
     <span class='ocr_line' id='line_1_44' title="bbox 410 3391 2061 3453; baseline -0.002 -9"><span class='ocrx_word' id='word_1_316' title='bbox 410 3395 475 3444; x_wconf 92' lang='lat' dir='ltr'><strong>de</strong></span> <span class='ocrx_word' id='word_1_317' title='bbox 522 3393 808 3442; x_wconf 84' lang='lat' dir='ltr'><strong>Nativitate</strong></span> <span class='ocrx_word' id='word_1_318' title='bbox 854 3392 905 3441; x_wconf 87' lang='lat' dir='ltr'><strong>S.</strong></span> <span class='ocrx_word' id='word_1_319' title='bbox 950 3392 1170 3440; x_wconf 84' lang='lat' dir='ltr'><strong>Joannis</strong></span> <span class='ocrx_word' id='word_1_320' title='bbox 1215 3391 1523 3453; x_wconf 86' lang='lat' dir='ltr'><strong>Baptistae;</strong></span> <span class='ocrx_word' id='word_1_321' title='bbox 1573 3392 1854 3452; x_wconf 76' lang='lat' dir='ltr'><strong>Gregorius</strong></span> <span class='ocrx_word' id='word_1_322' title='bbox 1902 3393 2061 3441; x_wconf 81' lang='lat' dir='ltr'><strong>Turo-</strong></span> 
     </span>
    </p>
   </div>
   <div class='ocr_carea' id='block_1_43' title="bbox 408 3453 2061 3511">
    <p class='ocr_par' dir='ltr' id='par_1_43' title="bbox 408 3453 2061 3511">
     <span class='ocr_line' id='line_1_45' title="bbox 408 3453 2061 3511; baseline 0 -6"><span class='ocrx_word' id='word_1_323' title='bbox 408 3457 606 3511; x_wconf 89' lang='lat' dir='ltr'><strong>nensis,</strong></span> <span class='ocrx_word' id='word_1_324' title='bbox 655 3456 749 3503; x_wconf 90' lang='lat' dir='ltr'><strong>lib.</strong></span> <span class='ocrx_word' id='word_1_325' title='bbox 794 3455 869 3510; x_wconf 89' lang='grc'><strong>10,</strong></span> <span class='ocrx_word' id='word_1_326' title='bbox 900 3455 1070 3511; x_wconf 88' lang='lat' dir='ltr'><strong>capite</strong></span> <span class='ocrx_word' id='word_1_327' title='bbox 1104 3453 1292 3502; x_wconf 90' lang='lat' dir='ltr'><strong>ultimo</strong></span> <span class='ocrx_word' id='word_1_328' title='bbox 1328 3467 1341 3509; x_wconf 83' lang='lat'><strong>;</strong></span> <span class='ocrx_word' id='word_1_329' title='bbox 1391 3455 1546 3508; x_wconf 88' lang='lat' dir='ltr'><strong>Beda,</strong></span> <span class='ocrx_word' id='word_1_330' title='bbox 1590 3455 1680 3502; x_wconf 85' lang='lat' dir='ltr'><strong>lib.</strong></span> <span class='ocrx_word' id='word_1_331' title='bbox 1737 3456 1801 3504; x_wconf 91' lang='lat' dir='ltr'><strong>de</strong></span> <span class='ocrx_word' id='word_1_332' title='bbox 1840 3455 2061 3505; x_wconf 81' lang='lat' dir='ltr'><strong>Ratione</strong></span> 
     </span>
    </p>
   </div>
   <div class='ocr_carea' id='block_1_44' title="bbox 410 3515 2060 3582">
    <p class='ocr_par' dir='ltr' id='par_1_44' title="bbox 410 3515 2060 3582">
     <span class='ocr_line' id='line_1_46' title="bbox 410 3515 2060 3582; baseline -0.001 -14"><span class='ocrx_word' id='word_1_333' title='bbox 410 3519 744 3582; x_wconf 85' lang='lat' dir='ltr'><strong>Temporum,</strong></span> <span class='ocrx_word' id='word_1_334' title='bbox 776 3530 911 3582; x_wconf 39' lang='lat' dir='ltr'><strong>cap,</strong></span> <span class='ocrx_word' id='word_1_335' title='bbox 932 3515 1011 3569; x_wconf 86' lang='lat'><strong>47.</strong></span> <span class='ocrx_word' id='word_1_336' title='bbox 1050 3519 1111 3582; x_wconf 76' lang='lat' dir='ltr'><strong>et</strong></span> <span class='ocrx_word' id='word_1_337' title='bbox 1152 3515 1262 3582; x_wconf 80' lang='lat' dir='ltr'><strong>alii.</strong></span> <span class='ocrx_word' id='word_1_338' title='bbox 1295 3515 1569 3582; x_wconf 59' lang='lat' dir='ltr'><strong>Eusebius</strong></span> <span class='ocrx_word' id='word_1_339' title='bbox 1597 3521 1775 3582; x_wconf 77' lang='lat' dir='ltr'><strong>autem</strong></span> <span class='ocrx_word' id='word_1_340' title='bbox 1821 3517 2060 3582; x_wconf 40' lang='lat' dir='ltr'><strong>inChrof</strong></span> 
     </span>
    </p>
   </div>
   <div class='ocr_carea' id='block_1_45' title="bbox 409 3579 2059 3642">
    <p class='ocr_par' dir='ltr' id='par_1_45' title="bbox 409 3579 2059 3642">
     <span class='ocr_line' id='line_1_47' title="bbox 409 3579 2059 3642; baseline -0.002 -10"><span class='ocrx_word' id='word_1_341' title='bbox 409 3579 555 3641; x_wconf 61' lang='lat' dir='ltr'><strong>nico,</strong></span> <span class='ocrx_word' id='word_1_342' title='bbox 577 3585 630 3630; x_wconf 87' lang='lat' dir='ltr'><strong>et</strong></span> <span class='ocrx_word' id='word_1_343' title='bbox 657 3581 1000 3642; x_wconf 81' lang='lat' dir='ltr'><strong>Epiphanius,</strong></span> <span class='ocrx_word' id='word_1_344' title='bbox 1049 3579 1257 3628; x_wconf 83' lang='lat' dir='ltr'><strong>haeresi</strong></span> <span class='ocrx_word' id='word_1_345' title='bbox 1298 3579 1376 3633; x_wconf 82' lang='grc'><strong>51,</strong></span> <span class='ocrx_word' id='word_1_346' title='bbox 1434 3580 1732 3640; x_wconf 88' lang='lat' dir='ltr'><strong>passionem</strong></span> <span class='ocrx_word' id='word_1_347' title='bbox 1755 3580 1965 3628; x_wconf 89' lang='lat' dir='ltr'><strong>Domini</strong></span> <span class='ocrx_word' id='word_1_348' title='bbox 1993 3581 2059 3629; x_wconf 89' lang='lat' dir='ltr'><strong>ad</strong></span> 
     </span>
    </p>
   </div>
   <div class='ocr_carea' id='block_1_46' title="bbox 411 3642 2062 3704">
    <p class='ocr_par' dir='ltr' id='par_1_46' title="bbox 411 3642 2062 3704">
     <span class='ocr_line' id='line_1_48' title="bbox 411 3642 2062 3704; baseline -0.002 -10"><span class='ocrx_word' id='word_1_349' title='bbox 411 3655 612 3704; x_wconf 81' lang='lat' dir='ltr'><strong>annum</strong></span> <span class='ocrx_word' id='word_1_350' title='bbox 641 3642 835 3693; x_wconf 89' lang='lat' dir='ltr'><strong>Tiberii</strong></span> <span class='ocrx_word' id='word_1_351' title='bbox 864 3646 1114 3691; x_wconf 84' lang='lat' dir='ltr'><strong>octavum</strong></span> <span class='ocrx_word' id='word_1_352' title='bbox 1158 3642 1420 3690; x_wconf 89' lang='lat' dir='ltr'><strong>decimum</strong></span> <span class='ocrx_word' id='word_1_353' title='bbox 1467 3643 1718 3691; x_wconf 80' lang='lat' dir='ltr'><strong>referunt.</strong></span> <span class='ocrx_word' id='word_1_354' title='bbox 1771 3643 1902 3692; x_wconf 81' lang='lat' dir='ltr'><strong>Huic</strong></span> <span class='ocrx_word' id='word_1_355' title='bbox 1953 3644 2062 3704; x_wconf 85' lang='lat' dir='ltr'><strong>cpi-</strong></span> 
     </span>
    </p>
   </div>
   <div class='ocr_carea' id='block_1_47' title="bbox 410 3705 2061 3766">
    <p class='ocr_par' dir='ltr' id='par_1_47' title="bbox 410 3705 2061 3766">
     <span class='ocr_line' id='line_1_49' title="bbox 410 3705 2061 3766; baseline -0.001 -10"><span class='ocrx_word' id='word_1_356' title='bbox 410 3709 562 3758; x_wconf 80' lang='lat' dir='ltr'><strong>nio‘ni</strong></span> <span class='ocrx_word' id='word_1_357' title='bbox 589 3708 734 3755; x_wconf 83' lang='lat' dir='ltr'><strong>favet</strong></span> <span class='ocrx_word' id='word_1_358' title='bbox 781 3706 1162 3766; x_wconf 76' lang='lat' dir='ltr'><strong>Evangelium:</strong></span> <span class='ocrx_word' id='word_1_359' title='bbox 1211 3717 1336 3753; x_wconf 89' lang='lat' dir='ltr'><strong>nam</strong></span> <span class='ocrx_word' id='word_1_360' title='bbox 1364 3705 1533 3754; x_wconf 89' lang='lat' dir='ltr'><strong>Lucae</strong></span> <span class='ocrx_word' id='word_1_361' title='bbox 1581 3721 1648 3761; x_wconf 87' lang='lat' dir='ltr'><strong>Ill,</strong></span> <span class='ocrx_word' id='word_1_362' title='bbox 1700 3705 1744 3758; x_wconf 86' lang='grc'><strong>1,</strong></span> <span class='ocrx_word' id='word_1_363' title='bbox 1796 3706 2061 3766; x_wconf 86' lang='lat' dir='ltr'><strong>baptisma</strong></span> 
     </span>
    </p>
   </div>
   <div class='ocr_carea' id='block_1_48' title="bbox 412 3768 2062 3829">
    <p class='ocr_par' dir='ltr' id='par_1_48' title="bbox 412 3768 2062 3829">
     <span class='ocr_line' id='line_1_50' title="bbox 412 3768 2062 3829; baseline -0.001 -12"><span class='ocrx_word' id='word_1_364' title='bbox 412 3772 597 3818; x_wconf 87' lang='lat' dir='ltr'><strong>datum</strong></span> <span class='ocrx_word' id='word_1_365' title='bbox 641 3769 846 3817; x_wconf 86' lang='lat' dir='ltr'><strong>Christo</strong></span> <span class='ocrx_word' id='word_1_366' title='bbox 887 3781 919 3816; x_wconf 90' lang='lat' dir='ltr'><strong>a</strong></span> <span class='ocrx_word' id='word_1_367' title='bbox 977 3768 1179 3816; x_wconf 83' lang='lat' dir='ltr'><strong>Joanne</strong></span> <span class='ocrx_word' id='word_1_368' title='bbox 1223 3770 1275 3816; x_wconf 88' lang='lat' dir='ltr'><strong>et</strong></span> <span class='ocrx_word' id='word_1_369' title='bbox 1322 3768 1599 3815; x_wconf 80' lang='lat' dir='ltr'><strong>exordium</strong></span> <span class='ocrx_word' id='word_1_370' title='bbox 1652 3768 2062 3829; x_wconf 87' lang='lat' dir='ltr'><strong>praedicationis</strong></span> 
     </span>
    </p>
   </div>
   <div class='ocr_carea' id='block_1_49' title="bbox 417 3829 2061 3894">
    <p class='ocr_par' dir='ltr' id='par_1_49' title="bbox 417 3829 2061 3894">
     <span class='ocr_line' id='line_1_51' title="bbox 417 3829 2061 3894; baseline -0.001 -14"><span class='ocrx_word' id='word_1_371' title='bbox 417 3833 530 3894; x_wconf 86' lang='lat' dir='ltr'><strong>ejus</strong></span> <span class='ocrx_word' id='word_1_372' title='bbox 553 3833 610 3879; x_wconf 88' lang='lat' dir='ltr'><strong>in</strong></span> <span class='ocrx_word' id='word_1_373' title='bbox 656 3833 917 3880; x_wconf 88' lang='lat' dir='ltr'><strong>decimum</strong></span> <span class='ocrx_word' id='word_1_374' title='bbox 953 3831 1202 3892; x_wconf 89' lang='lat' dir='ltr'><strong>quintum</strong></span> <span class='ocrx_word' id='word_1_375' title='bbox 1247 3829 1688 3894; x_wconf 23' lang='lat' dir='ltr'><strong>&#39;l‘iberiiﬂannum</strong></span> <span class='ocrx_word' id='word_1_376' title='bbox 1735 3831 1976 3890; x_wconf 89' lang='lat' dir='ltr'><strong>refertur,</strong></span> <span class='ocrx_word' id='word_1_377' title='bbox 2008 3834 2061 3879; x_wconf 87' lang='lat' dir='ltr'><strong>et</strong></span> 
     </span>
    </p>
   </div>
   <div class='ocr_carea' id='block_1_50' title="bbox 415 3893 2061 3956">
    <p class='ocr_par' dir='ltr' id='par_1_50' title="bbox 415 3893 2061 3956">
     <span class='ocr_line' id='line_1_52' title="bbox 415 3893 2061 3956; baseline -0.001 -13"><span class='ocrx_word' id='word_1_378' title='bbox 415 3893 718 3956; x_wconf 86' lang='lat' dir='ltr'><strong>liquettres</strong></span> <span class='ocrx_word' id='word_1_379' title='bbox 751 3894 942 3941; x_wconf 90' lang='lat' dir='ltr'><strong>abinde</strong></span> <span class='ocrx_word' id='word_1_380' title='bbox 987 3906 1157 3940; x_wconf 90' lang='lat' dir='ltr'><strong>annos</strong></span> <span class='ocrx_word' id='word_1_381' title='bbox 1199 3893 1401 3956; x_wconf 75' lang='lat' dir='ltr'><strong>solidos</strong></span> <span class='ocrx_word' id='word_1_382' title='bbox 1439 3893 1724 3956; x_wconf 81' lang='lat' dir='ltr'><strong>Christum.</strong></span> <span class='ocrx_word' id='word_1_383' title='bbox 1773 3897 2061 3954; x_wconf 89' lang='lat' dir='ltr'><strong>antequam</strong></span> 
     </span>
    </p>
   </div>
   <div class='ocr_carea' id='block_1_51' title="bbox 414 3954 2060 4068">
    <p class='ocr_par' dir='ltr' id='par_1_51' title="bbox 414 3954 2060 4068">
     <span class='ocr_line' id='line_1_53' title="bbox 452 3954 2060 4018; baseline -0.001 -12"><span class='ocrx_word' id='word_1_384' title='bbox 452 3954 701 4011; x_wconf 68' lang='lat' dir='ltr'><strong>uteretur,</strong></span> <span class='ocrx_word' id='word_1_385' title='bbox 735 3957 1062 4018; x_wconf 88' lang='lat' dir='ltr'><strong>praedicasse</strong></span> <span class='ocrx_word' id='word_1_386' title='bbox 1109 3968 1330 4015; x_wconf 85' lang='lat' dir='ltr'><strong>regnum</strong></span> <span class='ocrx_word' id='word_1_387' title='bbox 1378 3954 1484 4003; x_wconf 90' lang='lat' dir='ltr'><strong>Dei.</strong></span> <span class='ocrx_word' id='word_1_388' title='bbox 1531 3954 1630 4004; x_wconf 89' lang='lat' dir='ltr'><strong>Sed</strong></span> <span class='ocrx_word' id='word_1_389' title='bbox 1667 3955 1860 4004; x_wconf 90' lang='lat' dir='ltr'><strong>Tiberii</strong></span> <span class='ocrx_word' id='word_1_390' title='bbox 1889 3964 2060 4004; x_wconf 86' lang='lat' dir='ltr'><strong>annos</strong></span> 
     </span>
     <span class='ocr_line' id='line_1_54' title="bbox 414 3972 2060 4068; baseline -0.001 0"><span class='ocrx_word' id='word_1_391' title='bbox 414 3972 830 4068; x_wconf 55' lang='lat' dir='ltr'><strong>haudquaquam</strong></span> <span class='ocrx_word' id='word_1_392' title='bbox 868 4032 1012 4066; x_wconf 89' lang='lat' dir='ltr'><strong>more</strong></span> <span class='ocrx_word' id='word_1_393' title='bbox 1041 4019 1276 4066; x_wconf 81' lang='lat' dir='ltr'><strong>Romano</strong></span> <span class='ocrx_word' id='word_1_394' title='bbox 1304 4020 1634 4068; x_wconf 87' lang='lat' dir='ltr'><strong>comnutatos</strong></span> <span class='ocrx_word' id='word_1_395' title='bbox 1661 4019 1727 4066; x_wconf 89' lang='lat' dir='ltr'><strong>ab</strong></span> <span class='ocrx_word' id='word_1_396' title='bbox 1758 4019 1978 4067; x_wconf 86' lang='lat' dir='ltr'><strong>Eusebio</strong></span> <span class='ocrx_word' id='word_1_397' title='bbox 2008 4021 2060 4067; x_wconf 87' lang='lat' dir='ltr'><strong>et</strong></span> 
     </span>
    </p>
   </div>
   <div class='ocr_carea' id='block_1_52' title="bbox 454 4019 2061 4081">
    <p class='ocr_par' dir='ltr' id='par_1_52' title="bbox 454 4019 2061 4081">
     <span class='ocr_line' id='line_1_55' title="bbox 454 4019 2061 4081; baseline -0.001 -13"><span class='ocrx_word' id='word_1_398' title='bbox 454 4022 830 4081; x_wconf 87' lang='lat' dir='ltr'><strong>audquaquam</strong></span> <span class='ocrx_word' id='word_1_399' title='bbox 868 4032 1012 4066; x_wconf 89' lang='lat' dir='ltr'><strong>more</strong></span> <span class='ocrx_word' id='word_1_400' title='bbox 1041 4019 1276 4081; x_wconf 82' lang='lat' dir='ltr'><strong>Romano</strong></span> <span class='ocrx_word' id='word_1_401' title='bbox 1304 4020 1634 4081; x_wconf 88' lang='lat' dir='ltr'><strong>computatos</strong></span> <span class='ocrx_word' id='word_1_402' title='bbox 1661 4019 1727 4081; x_wconf 84' lang='lat' dir='ltr'><strong>ab</strong></span> <span class='ocrx_word' id='word_1_403' title='bbox 1758 4019 1978 4067; x_wconf 86' lang='lat' dir='ltr'><strong>Eusebio</strong></span> <span class='ocrx_word' id='word_1_404' title='bbox 2008 4021 2061 4067; x_wconf 88' lang='lat' dir='ltr'><strong>et</strong></span> 
     </span>
    </p>
   </div>
   <div class='ocr_carea' id='block_1_53' title="bbox 417 4079 2060 4144">
    <p class='ocr_par' dir='ltr' id='par_1_53' title="bbox 417 4079 2060 4144">
     <span class='ocr_line' id='line_1_56' title="bbox 417 4079 2060 4144; baseline 0 -15"><span class='ocrx_word' id='word_1_405' title='bbox 417 4079 706 4144; x_wconf 78' lang='lat' dir='ltr'><strong>Epiphanio</strong></span> <span class='ocrx_word' id='word_1_406' title='bbox 758 4081 941 4138; x_wconf 85' lang='lat' dir='ltr'><strong>fuisse,</strong></span> <span class='ocrx_word' id='word_1_407' title='bbox 1003 4080 1273 4144; x_wconf 76' lang='lat' dir='ltr'><strong>contendit</strong></span> <span class='ocrx_word' id='word_1_408' title='bbox 1327 4080 1612 4144; x_wconf 77' lang='lat' dir='ltr'><strong>Dionysius</strong></span> <span class='ocrx_word' id='word_1_409' title='bbox 1660 4079 1933 4144; x_wconf 87' lang='lat' dir='ltr'><strong>Petavius,</strong></span> <span class='ocrx_word' id='word_1_410' title='bbox 1996 4082 2060 4130; x_wconf 88' lang='lat' dir='ltr'><strong>de</strong></span> 
     </span>
    </p>
   </div>
   <div class='ocr_carea' id='block_1_54' title="bbox 415 4142 2058 4205">
    <p class='ocr_par' dir='ltr' id='par_1_54' title="bbox 415 4142 2058 4205">
     <span class='ocr_line' id='line_1_57' title="bbox 415 4142 2058 4205; baseline -0.001 -12"><span class='ocrx_word' id='word_1_411' title='bbox 415 4142 664 4193; x_wconf 81' lang='lat' dir='ltr'><strong>Doctrina</strong></span> <span class='ocrx_word' id='word_1_412' title='bbox 705 4146 1024 4205; x_wconf 74' lang='lat' dir='ltr'><strong>temporum.</strong></span> <span class='ocrx_word' id='word_1_413' title='bbox 1067 4144 1160 4190; x_wconf 89' lang='lat' dir='ltr'><strong>lib.</strong></span> <span class='ocrx_word' id='word_1_414' title='bbox 1200 4142 1274 4197; x_wconf 84' lang='grc'><strong>12,</strong></span> <span class='ocrx_word' id='word_1_415' title='bbox 1319 4155 1414 4203; x_wconf 87' lang='lat' dir='ltr'><strong>cap</strong></span> <span class='ocrx_word' id='word_1_416' title='bbox 1467 4142 1525 4189; x_wconf 83' lang='grc'>12</span> <span class='ocrx_word' id='word_1_417' title='bbox 1558 4157 1568 4190; x_wconf 92' lang='lat'><strong>:</strong></span> <span class='ocrx_word' id='word_1_418' title='bbox 1603 4163 1627 4186; x_wconf 72' lang='grc' dir='ltr'><strong><em>α</em></strong></span> <span class='ocrx_word' id='word_1_419' title='bbox 1659 4143 1862 4190; x_wconf 85' lang='lat' dir='ltr'><strong>Etenim</strong></span> <span class='ocrx_word' id='word_1_420' title='bbox 1897 4157 1929 4191; x_wconf 92' lang='lat' dir='ltr'><strong>a</strong></span> <span class='ocrx_word' id='word_1_421' title='bbox 1962 4156 2058 4204; x_wconf 93' lang='lat' dir='ltr'><strong>po-</strong></span> 
     </span>
    </p>
   </div>
   <div class='ocr_carea' id='block_1_55' title="bbox 415 4206 2060 4268">
    <p class='ocr_par' dir='ltr' id='par_1_55' title="bbox 415 4206 2060 4268">
     <span class='ocr_line' id='line_1_58' title="bbox 415 4206 2060 4268; baseline -0.001 -12"><span class='ocrx_word' id='word_1_422' title='bbox 415 4208 606 4268; x_wconf 88' lang='lat' dir='ltr'><strong>pulari,</strong></span> <span class='ocrx_word' id='word_1_423' title='bbox 656 4227 679 4250; x_wconf 74' lang='grc'>»</span> <span class='ocrx_word' id='word_1_424' title='bbox 723 4207 918 4268; x_wconf 88' lang='lat' dir='ltr'><strong>inquit,</strong></span> <span class='ocrx_word' id='word_1_425' title='bbox 961 4226 986 4249; x_wconf 70' lang='grc' dir='ltr'><strong>α</strong></span> <span class='ocrx_word' id='word_1_426' title='bbox 1029 4206 1309 4254; x_wconf 85' lang='lat' dir='ltr'><strong>civitatum</strong></span> <span class='ocrx_word' id='word_1_427' title='bbox 1357 4219 1572 4254; x_wconf 88' lang='lat' dir='ltr'><strong>suarum</strong></span> <span class='ocrx_word' id='word_1_428' title='bbox 1610 4206 1826 4254; x_wconf 85' lang='lat' dir='ltr'><strong>exordio</strong></span> <span class='ocrx_word' id='word_1_429' title='bbox 1880 4207 2060 4254; x_wconf 88' lang='lat' dir='ltr'><strong>Patres</strong></span> 
     </span>
    </p>
   </div>
   <div class='ocr_carea' id='block_1_56' title="bbox 414 4269 2061 4327">
    <p class='ocr_par' dir='ltr' id='par_1_56' title="bbox 414 4269 2061 4327">
     <span class='ocr_line' id='line_1_59' title="bbox 414 4269 2061 4327; baseline 0 -10"><span class='ocrx_word' id='word_1_430' title='bbox 414 4285 436 4317; x_wconf 74' lang='grc' dir='ltr'><strong>α</strong></span> <span class='ocrx_word' id='word_1_431' title='bbox 474 4270 552 4316; x_wconf 89' lang='lat' dir='ltr'><strong>illi</strong></span> <span class='ocrx_word' id='word_1_432' title='bbox 582 4282 752 4318; x_wconf 90' lang='lat' dir='ltr'><strong>annos</strong></span> <span class='ocrx_word' id='word_1_433' title='bbox 777 4269 1115 4327; x_wconf 87' lang='lat' dir='ltr'><strong>inchoabant,</strong></span> <span class='ocrx_word' id='word_1_434' title='bbox 1154 4269 1409 4316; x_wconf 90' lang='lat' dir='ltr'><strong>nimirum</strong></span> <span class='ocrx_word' id='word_1_435' title='bbox 1437 4269 1504 4316; x_wconf 91' lang='lat' dir='ltr'><strong>ab</strong></span> <span class='ocrx_word' id='word_1_436' title='bbox 1551 4272 1810 4317; x_wconf 83' lang='lat' dir='ltr'><strong>autumno</strong></span> <span class='ocrx_word' id='word_1_437' title='bbox 1847 4270 2061 4317; x_wconf 88' lang='lat' dir='ltr'><strong>antece-</strong></span> 
     </span>
    </p>
   </div>
   <div class='ocr_carea' id='block_1_57' title="bbox 419 4329 2062 4390">
    <p class='ocr_par' dir='ltr' id='par_1_57' title="bbox 419 4329 2062 4390">
     <span class='ocr_line' id='line_1_60' title="bbox 419 4329 2062 4390; baseline 0.001 -13"><span class='ocrx_word' id='word_1_438' title='bbox 419 4350 440 4371; x_wconf 77' lang='grc' dir='ltr'>α</span> <span class='ocrx_word' id='word_1_439' title='bbox 477 4329 633 4379; x_wconf 86' lang='lat' dir='ltr'><strong>dente</strong></span> <span class='ocrx_word' id='word_1_440' title='bbox 667 4333 921 4378; x_wconf 88' lang='lat' dir='ltr'><strong>aestatem</strong></span> <span class='ocrx_word' id='word_1_441' title='bbox 951 4329 1118 4382; x_wconf 89' lang='lat' dir='ltr'><strong>illam.</strong></span> <span class='ocrx_word' id='word_1_442' title='bbox 1153 4343 1261 4390; x_wconf 88' lang='lat' dir='ltr'><strong>qua</strong></span> <span class='ocrx_word' id='word_1_443' title='bbox 1287 4331 1556 4389; x_wconf 79' lang='lat' dir='ltr'><strong>Augustus</strong></span> <span class='ocrx_word' id='word_1_444' title='bbox 1583 4331 1822 4382; x_wconf 87' lang='lat' dir='ltr'><strong>excessit.</strong></span> <span class='ocrx_word' id='word_1_445' title='bbox 1857 4349 1882 4375; x_wconf 83' lang='grc'><strong>»</strong></span> <span class='ocrx_word' id='word_1_446' title='bbox 1912 4331 2062 4379; x_wconf 89' lang='lat' dir='ltr'><strong>adeo-</strong></span> 
     </span>
    </p>
   </div>
   <div class='ocr_carea' id='block_1_58' title="bbox 415 4391 2062 4456">
    <p class='ocr_par' dir='ltr' id='par_1_58' title="bbox 415 4391 2062 4456">
     <span class='ocr_line' id='line_1_61' title="bbox 415 4391 2062 4456; baseline 0.002 -18"><span class='ocrx_word' id='word_1_447' title='bbox 415 4405 518 4456; x_wconf 85' lang='lat' dir='ltr'><strong>que</strong></span> <span class='ocrx_word' id='word_1_448' title='bbox 556 4411 587 4456; x_wconf 55' lang='lat' dir='ltr'><strong>a</strong></span> <span class='ocrx_word' id='word_1_449' title='bbox 617 4405 826 4456; x_wconf 84' lang='lat' dir='ltr'><strong>annum</strong></span> <span class='ocrx_word' id='word_1_450' title='bbox 866 4391 1057 4438; x_wconf 85' lang='lat' dir='ltr'><strong>Tiberii</strong></span> <span class='ocrx_word' id='word_1_451' title='bbox 1099 4392 1360 4456; x_wconf 82' lang='lat' dir='ltr'><strong>decimum</strong></span> <span class='ocrx_word' id='word_1_452' title='bbox 1411 4396 1661 4456; x_wconf 86' lang='lat' dir='ltr'><strong>octavum</strong></span> <span class='ocrx_word' id='word_1_453' title='bbox 1701 4396 1890 4456; x_wconf 85' lang='lat' dir='ltr'><strong>putare</strong></span> <span class='ocrx_word' id='word_1_454' title='bbox 1935 4394 2062 4442; x_wconf 90' lang='lat' dir='ltr'><strong>inci-</strong></span> 
     </span>
    </p>
   </div>
   <div class='ocr_carea' id='block_1_59' title="bbox 451 4453 2064 4518">
    <p class='ocr_par' dir='ltr' id='par_1_59' title="bbox 451 4453 2064 4518">
     <span class='ocr_line' id='line_1_62' title="bbox 451 4453 2064 4518; baseline 0.004 -19"><span class='ocrx_word' id='word_1_455' title='bbox 451 4454 688 4518; x_wconf 81' lang='lat' dir='ltr'><strong>iuut_ab</strong></span> <span class='ocrx_word' id='word_1_456' title='bbox 718 4455 1000 4518; x_wconf 88' lang='lat' dir='ltr'><strong>_aut_um_no</strong></span> <span class='ocrx_word' id='word_1_457' title='bbox 1056 4454 1183 4518; x_wconf 81' lang='lat' dir='ltr'><strong>anni</strong></span> <span class='ocrx_word' id='word_1_458' title='bbox 1237 4453 1440 4502; x_wconf 75' lang='lat' dir='ltr'><strong>Jul&#39;iani</strong></span> <span class='ocrx_word' id='word_1_459' title='bbox 1492 4455 1569 4503; x_wconf 81' lang='lat'><strong>75.</strong></span> <span class='ocrx_word' id='word_1_460' title='bbox 1627 4474 1652 4500; x_wconf 81' lang='grc'><strong>»</strong></span> <span class='ocrx_word' id='word_1_461' title='bbox 1702 4453 1829 4518; x_wconf 66' lang='lat' dir='ltr'><strong>ipse</strong></span> <span class='ocrx_word' id='word_1_462' title='bbox 1882 4456 2064 4518; x_wconf 87' lang='lat' dir='ltr'><strong>itaque</strong></span> 
     </span>
    </p>
   </div>
   <div class='ocr_carea' id='block_1_60' title="bbox 457 4515 2059 4579">
    <p class='ocr_par' dir='ltr' id='par_1_60' title="bbox 457 4515 2059 4579">
     <span class='ocr_line' id='line_1_63' title="bbox 457 4515 2059 4579; baseline 0.002 -17"><span class='ocrx_word' id='word_1_463' title='bbox 457 4515 666 4579; x_wconf 84' lang='lat' dir='ltr'><strong>etavius</strong></span> <span class='ocrx_word' id='word_1_464' title='bbox 715 4515 771 4562; x_wconf 88' lang='lat' dir='ltr'><strong>in</strong></span> <span class='ocrx_word' id='word_1_465' title='bbox 817 4515 1121 4579; x_wconf 81' lang='lat' dir='ltr'><strong>Rationario</strong></span> <span class='ocrx_word' id='word_1_466' title='bbox 1159 4519 1471 4578; x_wconf 69' lang='lat' dir='ltr'><strong>temporum,</strong></span> <span class='ocrx_word' id='word_1_467' title='bbox 1519 4521 1669 4579; x_wconf 89' lang='lat' dir='ltr'><strong>parte</strong></span> <span class='ocrx_word' id='word_1_468' title='bbox 1733 4515 1776 4574; x_wconf 67' lang='grc' dir='ltr'><strong>ί,</strong></span> <span class='ocrx_word' id='word_1_469' title='bbox 1821 4515 2059 4572; x_wconf 52' lang='lat' dir='ltr'><strong>libro—5,</strong></span> 
     </span>
    </p>
   </div>
   <div class='ocr_carea' id='block_1_61' title="bbox 416 4577 2062 4643">
    <p class='ocr_par' dir='ltr' id='par_1_61' title="bbox 416 4577 2062 4643">
     <span class='ocr_line' id='line_1_64' title="bbox 416 4577 2062 4643; baseline 0.003 -17"><span class='ocrx_word' id='word_1_470' title='bbox 416 4577 895 4643; x_wconf 78' lang='lat' dir='ltr'><strong>scribit__inortuum</strong></span> <span class='ocrx_word' id='word_1_471' title='bbox 925 4577 1190 4643; x_wconf 86' lang='lat' dir='ltr'><strong>Christum</strong></span> <span class='ocrx_word' id='word_1_472' title='bbox 1236 4579 1441 4629; x_wconf 90' lang='lat' dir='ltr'><strong>Tiberio</strong></span> <span class='ocrx_word' id='word_1_473' title='bbox 1477 4577 1726 4642; x_wconf 77' lang='lat' dir='ltr'><strong>quintum</strong></span> <span class='ocrx_word' id='word_1_474' title='bbox 1771 4583 1824 4630; x_wconf 89' lang='lat' dir='ltr'><strong>et</strong></span> <span class='ocrx_word' id='word_1_475' title='bbox 1871 4580 2062 4643; x_wconf 75' lang='lat' dir='ltr'><strong>Seiano</strong></span> 
     </span>
    </p>
   </div>
   <div class='ocr_carea' id='block_1_62' title="bbox 415 4639 2060 4702">
    <p class='ocr_par' dir='ltr' id='par_1_62' title="bbox 415 4639 2060 4702">
     <span class='ocr_line' id='line_1_65' title="bbox 415 4639 2060 4702; baseline 0.002 -13"><span class='ocrx_word' id='word_1_476' title='bbox 415 4639 740 4694; x_wconf 84' lang='lat' dir='ltr'><strong>consulibus,</strong></span> <span class='ocrx_word' id='word_1_477' title='bbox 793 4642 969 4689; x_wconf 88' lang='lat' dir='ltr'><strong>martii</strong></span> <span class='ocrx_word' id='word_1_478' title='bbox 1013 4641 1096 4690; x_wconf 89' lang='lat' dir='ltr'><strong>die</strong></span> <span class='ocrx_word' id='word_1_479' title='bbox 1138 4642 1393 4702; x_wconf 82' lang='lat' dir='ltr'><strong>vigesimo</strong></span> <span class='ocrx_word' id='word_1_480' title='bbox 1441 4639 1615 4691; x_wconf 73' lang='lat' dir='ltr'><strong>tertio.</strong></span> <span class='ocrx_word' id='word_1_481' title='bbox 1659 4645 1727 4691; x_wconf 80' lang='lat' dir='ltr'><strong>At</strong></span> <span class='ocrx_word' id='word_1_482' title='bbox 1787 4639 2060 4699; x_wconf 80' lang='lat' dir='ltr'><strong>Baronius,</strong></span> 
     </span>
    </p>
   </div>
   <div class='ocr_carea' id='block_1_63' title="bbox 416 4703 2063 4767">
    <p class='ocr_par' dir='ltr' id='par_1_63' title="bbox 416 4703 2063 4767">
     <span class='ocr_line' id='line_1_66' title="bbox 416 4703 2063 4767; baseline 0 -15"><span class='ocrx_word' id='word_1_483' title='bbox 416 4704 712 4753; x_wconf 82' lang='lat' dir='ltr'><strong>Ludovicus</strong></span> <span class='ocrx_word' id='word_1_484' title='bbox 740 4703 912 4762; x_wconf 86' lang='lat' dir='ltr'><strong>Vives,</strong></span> <span class='ocrx_word' id='word_1_485' title='bbox 946 4705 1246 4753; x_wconf 86' lang='lat' dir='ltr'><strong>Leonardus</strong></span> <span class='ocrx_word' id='word_1_486' title='bbox 1275 4707 1547 4767; x_wconf 89' lang='lat' dir='ltr'><strong>Coquaeus</strong></span> <span class='ocrx_word' id='word_1_487' title='bbox 1594 4708 1645 4753; x_wconf 90' lang='lat' dir='ltr'><strong>et</strong></span> <span class='ocrx_word' id='word_1_488' title='bbox 1691 4706 1801 4756; x_wconf 90' lang='lat' dir='ltr'><strong>alii.</strong></span> <span class='ocrx_word' id='word_1_489' title='bbox 1835 4707 2063 4754; x_wconf 73' lang='lat' dir='ltr'><strong>consuli~</strong></span> 
     </span>
    </p>
   </div>
   <div class='ocr_carea' id='block_1_64' title="bbox 414 4767 2059 4822">
    <p class='ocr_par' dir='ltr' id='par_1_64' title="bbox 414 4767 2059 4822">
     <span class='ocr_line' id='line_1_67' title="bbox 414 4767 2059 4822; baseline 0.001 -7"><span class='ocrx_word' id='word_1_490' title='bbox 414 4768 516 4816; x_wconf 89' lang='lat' dir='ltr'><strong>bus</strong></span> <span class='ocrx_word' id='word_1_491' title='bbox 543 4768 702 4816; x_wconf 88' lang='lat' dir='ltr'><strong>Cneio</strong></span> <span class='ocrx_word' id='word_1_492' title='bbox 735 4767 978 4822; x_wconf 87' lang='lat' dir='ltr'><strong>Domitio.</strong></span> <span class='ocrx_word' id='word_1_493' title='bbox 1015 4769 1324 4818; x_wconf 66' lang='lat' dir='ltr'><strong>xEnobarbo</strong></span> <span class='ocrx_word' id='word_1_494' title='bbox 1352 4773 1404 4817; x_wconf 90' lang='lat' dir='ltr'><strong>et</strong></span> <span class='ocrx_word' id='word_1_495' title='bbox 1447 4768 1668 4816; x_wconf 90' lang='lat' dir='ltr'><strong>Camillo</strong></span> <span class='ocrx_word' id='word_1_496' title='bbox 1697 4767 2059 4817; x_wconf 88' lang='lat' dir='ltr'><strong>Scriboniano.</strong></span> 
     </span>
    </p>
   </div>
   <div class='ocr_carea' id='block_1_65' title="bbox 412 4830 2063 4893">
    <p class='ocr_par' dir='ltr' id='par_1_65' title="bbox 412 4830 2063 4893">
     <span class='ocr_line' id='line_1_68' title="bbox 412 4830 2063 4893; baseline 0.002 -17"><span class='ocrx_word' id='word_1_497' title='bbox 412 4831 530 4878; x_wconf 82' lang='lat' dir='ltr'><strong>Alia</strong></span> <span class='ocrx_word' id='word_1_498' title='bbox 576 4831 802 4893; x_wconf 89' lang='lat' dir='ltr'><strong>denique</strong></span> <span class='ocrx_word' id='word_1_499' title='bbox 860 4839 939 4880; x_wconf 80' lang='lat' dir='ltr'><strong>est</strong></span> <span class='ocrx_word' id='word_1_500' title='bbox 988 4845 1096 4879; x_wconf 92' lang='lat' dir='ltr'><strong>non</strong></span> <span class='ocrx_word' id='word_1_501' title='bbox 1144 4833 1323 4880; x_wconf 86' lang='lat' dir='ltr'><strong>minus</strong></span> <span class='ocrx_word' id='word_1_502' title='bbox 1378 4831 1597 4893; x_wconf 87' lang='lat' dir='ltr'><strong>probata</strong></span> <span class='ocrx_word' id='word_1_503' title='bbox 1656 4830 1787 4877; x_wconf 86' lang='lat' dir='ltr'><strong>viris</strong></span> <span class='ocrx_word' id='word_1_504' title='bbox 1839 4832 2063 4880; x_wconf 89' lang='lat' dir='ltr'><strong>eruditis</strong></span> 
     </span>
    </p>
   </div>
   <div class='ocr_carea' id='block_1_66' title="bbox 413 4893 2063 4956">
    <p class='ocr_par' dir='ltr' id='par_1_66' title="bbox 413 4893 2063 4956">
     <span class='ocr_line' id='line_1_69' title="bbox 413 4893 2063 4956; baseline 0.001 -15"><span class='ocrx_word' id='word_1_505' title='bbox 413 4893 611 4954; x_wconf 87' lang='lat' dir='ltr'><strong>Opinio,</strong></span> <span class='ocrx_word' id='word_1_506' title='bbox 643 4895 942 4956; x_wconf 87' lang='lat' dir='ltr'><strong>passionem</strong></span> <span class='ocrx_word' id='word_1_507' title='bbox 973 4895 1167 4942; x_wconf 87' lang='lat' dir='ltr'><strong>Christi</strong></span> <span class='ocrx_word' id='word_1_508' title='bbox 1221 4895 1288 4944; x_wconf 86' lang='lat' dir='ltr'><strong>ad</strong></span> <span class='ocrx_word' id='word_1_509' title='bbox 1330 4907 1530 4942; x_wconf 90' lang='lat' dir='ltr'><strong>annum</strong></span> <span class='ocrx_word' id='word_1_510' title='bbox 1584 4894 1814 4956; x_wconf 78' lang='lat' dir='ltr'><strong>referens</strong></span> <span class='ocrx_word' id='word_1_511' title='bbox 1870 4893 2063 4942; x_wconf 84' lang='lat' dir='ltr'><strong>Tiberii</strong></span> 
     </span>
    </p>
   </div>
   <div class='ocr_carea' id='block_1_67' title="bbox 412 4954 2062 5018">
    <p class='ocr_par' dir='ltr' id='par_1_67' title="bbox 412 4954 2062 5018">
     <span class='ocr_line' id='line_1_70' title="bbox 412 4954 2062 5018; baseline 0.002 -17"><span class='ocrx_word' id='word_1_512' title='bbox 412 4954 672 5004; x_wconf 79' lang='lat' dir='ltr'><strong>decimum</strong></span> <span class='ocrx_word' id='word_1_513' title='bbox 705 4970 903 5004; x_wconf 90' lang='lat' dir='ltr'><strong>nouum</strong></span> <span class='ocrx_word' id='word_1_514' title='bbox 936 4960 1233 5005; x_wconf 86' lang='lat' dir='ltr'><strong>currentem</strong></span> <span class='ocrx_word' id='word_1_515' title='bbox 1286 4971 1403 5005; x_wconf 91' lang='lat' dir='ltr'><strong>cum</strong></span> <span class='ocrx_word' id='word_1_516' title='bbox 1447 4956 1658 5004; x_wconf 87' lang='lat' dir='ltr'><strong>Juliano</strong></span> <span class='ocrx_word' id='word_1_517' title='bbox 1705 4954 1784 5016; x_wconf 85' lang='lat'><strong>78,</strong></span> <span class='ocrx_word' id='word_1_518' title='bbox 1836 4969 2062 5018; x_wconf 90' lang='lat' dir='ltr'><strong>cumque</strong></span> 
     </span>
    </p>
   </div>
   <div class='ocr_carea' id='block_1_68' title="bbox 411 5018 2063 5082">
    <p class='ocr_par' dir='ltr' id='par_1_68' title="bbox 411 5018 2063 5082">
     <span class='ocr_line' id='line_1_71' title="bbox 411 5018 2063 5082; baseline -0.001 -15"><span class='ocrx_word' id='word_1_519' title='bbox 411 5031 474 5082; x_wconf 76' lang='lat' dir='ltr'><strong>eo</strong></span> <span class='ocrx_word' id='word_1_520' title='bbox 503 5019 587 5068; x_wconf 92' lang='lat' dir='ltr'><strong>cui</strong></span> <span class='ocrx_word' id='word_1_521' title='bbox 623 5019 869 5079; x_wconf 77' lang='lat' dir='ltr'><strong>Phlegon.</strong></span> <span class='ocrx_word' id='word_1_522' title='bbox 901 5020 1276 5082; x_wconf 73' lang='lat' dir='ltr'><strong>Olympiadum</strong></span> <span class='ocrx_word' id='word_1_523' title='bbox 1325 5020 1564 5080; x_wconf 87' lang='lat' dir='ltr'><strong>scriptor,</strong></span> <span class='ocrx_word' id='word_1_524' title='bbox 1614 5019 1752 5082; x_wconf 88' lang='lat' dir='ltr'><strong>apud</strong></span> <span class='ocrx_word' id='word_1_525' title='bbox 1782 5018 2063 5067; x_wconf 89' lang='lat' dir='ltr'><strong>Eusebium</strong></span> 
     </span>
    </p>
   </div>
   <div class='ocr_carea' id='block_1_69' title="bbox 411 5079 2066 5144">
    <p class='ocr_par' dir='ltr' id='par_1_69' title="bbox 411 5079 2066 5144">
     <span class='ocr_line' id='line_1_72' title="bbox 411 5079 2066 5144; baseline 0.001 -16"><span class='ocrx_word' id='word_1_526' title='bbox 411 5079 757 5129; x_wconf 82' lang='lat' dir='ltr'><strong>defectionem</strong></span> <span class='ocrx_word' id='word_1_527' title='bbox 786 5081 913 5144; x_wconf 81' lang='lat' dir='ltr'><strong>solis</strong></span> <span class='ocrx_word' id='word_1_528' title='bbox 945 5079 1198 5141; x_wconf 67' lang='lat' dir='ltr'><strong>assignat,</strong></span> <span class='ocrx_word' id='word_1_529' title='bbox 1235 5079 1555 5144; x_wconf 73' lang='lat' dir='ltr'><strong>Olympiadis</strong></span> <span class='ocrx_word' id='word_1_530' title='bbox 1583 5079 1674 5130; x_wconf 83' lang='grc'><strong>202</strong></span> <span class='ocrx_word' id='word_1_531' title='bbox 1715 5095 1854 5130; x_wconf 91' lang='lat' dir='ltr'><strong>anno</strong></span> <span class='ocrx_word' id='word_1_532' title='bbox 1887 5084 1917 5129; x_wconf 91' lang='lat'><strong>4</strong></span> <span class='ocrx_word' id='word_1_533' title='bbox 1947 5095 2066 5131; x_wconf 86' lang='lat' dir='ltr'><strong>con-</strong></span> 
     </span>
    </p>
   </div>
   <div class='ocr_carea' id='block_1_70' title="bbox 412 5143 2062 5206">
    <p class='ocr_par' dir='ltr' id='par_1_70' title="bbox 412 5143 2062 5206">
     <span class='ocr_line' id='line_1_73' title="bbox 412 5143 2062 5206; baseline 0.003 -17"><span class='ocrx_word' id='word_1_534' title='bbox 412 5145 618 5191; x_wconf 89' lang='lat' dir='ltr'><strong>sulibus</strong></span> <span class='ocrx_word' id='word_1_535' title='bbox 649 5147 840 5192; x_wconf 82' lang='lat' dir='ltr'><strong>Severo</strong></span> <span class='ocrx_word' id='word_1_536' title='bbox 871 5143 1096 5206; x_wconf 89' lang='lat' dir='ltr'><strong>Sulpitio</strong></span> <span class='ocrx_word' id='word_1_537' title='bbox 1141 5143 1307 5193; x_wconf 83' lang='lat' dir='ltr'><strong>Galba</strong></span> <span class='ocrx_word' id='word_1_538' title='bbox 1339 5143 1399 5194; x_wconf 86' lang='lat' dir='ltr'><strong>et</strong></span> <span class='ocrx_word' id='word_1_539' title='bbox 1438 5145 1595 5194; x_wconf 89' lang='lat' dir='ltr'><strong>Lucio</strong></span> <span class='ocrx_word' id='word_1_540' title='bbox 1624 5145 1863 5194; x_wconf 88' lang='lat' dir='ltr'><strong>Cornelio</strong></span> <span class='ocrx_word' id='word_1_541' title='bbox 1893 5144 2062 5201; x_wconf 86' lang='lat' dir='ltr'><strong>Sulla,</strong></span> 
     </span>
    </p>
   </div>
   <div class='ocr_carea' id='block_1_71' title="bbox 411 5206 1208 5267">
    <p class='ocr_par' dir='ltr' id='par_1_71' title="bbox 411 5206 1208 5267">
     <span class='ocr_line' id='line_1_74' title="bbox 411 5206 1208 5267; baseline 0.006 -14"><span class='ocrx_word' id='word_1_542' title='bbox 411 5208 461 5254; x_wconf 85' lang='lat' dir='ltr'><strong>et</strong></span> <span class='ocrx_word' id='word_1_543' title='bbox 489 5208 558 5254; x_wconf 91' lang='lat' dir='ltr'><strong>ad</strong></span> <span class='ocrx_word' id='word_1_544' title='bbox 587 5206 727 5254; x_wconf 88' lang='lat' dir='ltr'><strong>diem</strong></span> <span class='ocrx_word' id='word_1_545' title='bbox 761 5206 943 5267; x_wconf 86' lang='lat' dir='ltr'><strong>aprilis</strong></span> <span class='ocrx_word' id='word_1_546' title='bbox 970 5207 1208 5258; x_wconf 87' lang='lat' dir='ltr'><strong>tertium.</strong></span> 
     </span>
    </p>
   </div>
   <div class='ocr_carea' id='block_1_72' title="bbox 940 2017 1714 2082">
    <p class='ocr_par' dir='ltr' id='par_1_72' title="bbox 940 2017 1714 2082">
     <span class='ocr_line' id='line_1_75' title="bbox 940 2017 1714 2082; baseline -0.005 -15"><span class='ocrx_word' id='word_1_547' title='bbox 940 2020 1118 2082; x_wconf 86' lang='lat' dir='ltr'><strong>plures</strong></span> <span class='ocrx_word' id='word_1_548' title='bbox 1152 2019 1295 2077; x_wconf 61' lang='lat' dir='ltr'><strong>Msa,</strong></span> <span class='ocrx_word' id='word_1_549' title='bbox 1327 2018 1571 2082; x_wconf 76' lang='lat' dir='ltr'><strong>Apostoli</strong></span> <span class='ocrx_word' id='word_1_550' title='bbox 1604 2017 1714 2064; x_wconf 75' lang='lat' dir='ltr'><strong>sui.</strong></span> 
     </span>
    </p>
   </div>
   <div class='ocr_carea' id='block_1_73' title="bbox 1475 300 2764 368">
    <p class='ocr_par' dir='ltr' id='par_1_73' title="bbox 1475 300 2764 368">
     <span class='ocr_line' id='line_1_76' title="bbox 1475 300 2764 368; baseline -0.007 0"><span class='ocrx_word' id='word_1_551' title='bbox 1475 307 1577 368; x_wconf 86' lang='lat' dir='ltr'><strong>DE</strong></span> <span class='ocrx_word' id='word_1_552' title='bbox 1619 304 1989 368; x_wconf 74' lang='lat' dir='ltr'><strong>CIVITATE</strong></span> <span class='ocrx_word' id='word_1_553' title='bbox 2033 302 2187 366; x_wconf 85' lang='lat' dir='ltr'><strong>DEI.</strong></span> <span class='ocrx_word' id='word_1_554' title='bbox 2236 300 2300 361; x_wconf 87' lang='lat' dir='ltr'><strong>S.</strong></span> <span class='ocrx_word' id='word_1_555' title='bbox 2347 300 2764 364; x_wconf 81' lang='lat' dir='ltr'><strong>AUGUSTINI</strong></span> 
     </span>
    </p>
   </div>
   <div class='ocr_carea' id='block_1_74' title="bbox 2157 427 3793 503">
    <p class='ocr_par' dir='ltr' id='par_1_74' title="bbox 2157 427 3793 503">
     <span class='ocr_line' id='line_1_77' title="bbox 2157 427 3793 503; baseline -0.004 -16"><span class='ocrx_word' id='word_1_556' title='bbox 2157 437 2287 502; x_wconf 87' lang='lat' dir='ltr'><strong>post</strong></span> <span class='ocrx_word' id='word_1_557' title='bbox 2317 433 2494 487; x_wconf 87' lang='lat' dir='ltr'><strong>etiam</strong></span> <span class='ocrx_word' id='word_1_558' title='bbox 2529 432 2696 503; x_wconf 84' lang='lat' dir='ltr'><strong>signo</strong></span> <span class='ocrx_word' id='word_1_559' title='bbox 2726 429 2984 486; x_wconf 87' lang='lat' dir='ltr'><strong>mirabili</strong></span> <span class='ocrx_word' id='word_1_560' title='bbox 3017 430 3182 492; x_wconf 81' lang='lat' dir='ltr'><strong>facto.</strong></span> <span class='ocrx_word' id='word_1_561' title='bbox 3211 429 3442 497; x_wconf 83' lang='lat' dir='ltr'><strong>quando</strong></span> <span class='ocrx_word' id='word_1_562' title='bbox 3463 427 3533 482; x_wconf 90' lang='lat' dir='ltr'><strong>ad</strong></span> <span class='ocrx_word' id='word_1_563' title='bbox 3557 427 3793 482; x_wconf 79' lang='lat' dir='ltr'><strong>verbum</strong></span> 
     </span>
    </p>
   </div>
   <div class='ocr_carea' id='block_1_75' title="bbox 2155 505 3797 584">
    <p class='ocr_par' dir='ltr' id='par_1_75' title="bbox 2155 505 3797 584">
     <span class='ocr_line' id='line_1_78' title="bbox 2155 505 3797 584; baseline -0.005 -16"><span class='ocrx_word' id='word_1_564' title='bbox 2155 514 2344 584; x_wconf 89' lang='lat' dir='ltr'><strong>ipsius</strong></span> <span class='ocrx_word' id='word_1_565' title='bbox 2378 514 2524 568; x_wconf 86' lang='lat' dir='ltr'><strong>Petri</strong></span> <span class='ocrx_word' id='word_1_566' title='bbox 2559 513 2794 583; x_wconf 86' lang='lat' dir='ltr'><strong>quidam</strong></span> <span class='ocrx_word' id='word_1_567' title='bbox 2829 511 3130 565; x_wconf 82' lang='lat' dir='ltr'><strong>mendicus</strong></span> <span class='ocrx_word' id='word_1_568' title='bbox 3158 510 3231 564; x_wconf 93' lang='lat' dir='ltr'><strong>ab</strong></span> <span class='ocrx_word' id='word_1_569' title='bbox 3264 513 3424 564; x_wconf 87' lang='lat' dir='ltr'><strong>utero</strong></span> <span class='ocrx_word' id='word_1_570' title='bbox 3467 508 3672 562; x_wconf 87' lang='lat' dir='ltr'><strong>matris</strong></span> <span class='ocrx_word' id='word_1_571' title='bbox 3717 505 3797 561; x_wconf 84' lang='lat' dir='ltr'><strong>ita</strong></span> 
     </span>
    </p>
   </div>
   <div class='ocr_carea' id='block_1_76' title="bbox 2155 591 3798 660">
    <p class='ocr_par' dir='ltr' id='par_1_76' title="bbox 2155 591 3798 660">
     <span class='ocr_line' id='line_1_79' title="bbox 2155 591 3798 660; baseline -0.007 -8"><span class='ocrx_word' id='word_1_572' title='bbox 2155 599 2418 660; x_wconf 87' lang='lat' dir='ltr'><strong>claudus,</strong></span> <span class='ocrx_word' id='word_1_573' title='bbox 2483 601 2547 649; x_wconf 91' lang='lat' dir='ltr'><strong>ut</strong></span> <span class='ocrx_word' id='word_1_574' title='bbox 2605 595 2677 648; x_wconf 91' lang='lat' dir='ltr'><strong>ab</strong></span> <span class='ocrx_word' id='word_1_575' title='bbox 2740 593 2874 647; x_wconf 92' lang='lat' dir='ltr'><strong>aliis</strong></span> <span class='ocrx_word' id='word_1_576' title='bbox 2934 598 3270 660; x_wconf 85' lang='lat' dir='ltr'><strong>portaretur,</strong></span> <span class='ocrx_word' id='word_1_577' title='bbox 3331 600 3384 644; x_wconf 89' lang='lat' dir='ltr'><strong>et</strong></span> <span class='ocrx_word' id='word_1_578' title='bbox 3442 591 3512 644; x_wconf 90' lang='lat' dir='ltr'><strong>ad</strong></span> <span class='ocrx_word' id='word_1_579' title='bbox 3575 593 3798 660; x_wconf 88' lang='lat' dir='ltr'><strong>portam</strong></span> 
     </span>
    </p>
   </div>
   <div class='ocr_carea' id='block_1_77' title="bbox 2157 671 3804 747">
    <p class='ocr_par' dir='ltr' id='par_1_77' title="bbox 2157 671 3804 747">
     <span class='ocr_line' id='line_1_80' title="bbox 2157 671 3804 747; baseline -0.006 -15"><span class='ocrx_word' id='word_1_580' title='bbox 2157 677 2383 747; x_wconf 88' lang='lat' dir='ltr'><strong>templi,</strong></span> <span class='ocrx_word' id='word_1_581' title='bbox 2417 676 2514 730; x_wconf 91' lang='lat' dir='ltr'><strong>ubi</strong></span> <span class='ocrx_word' id='word_1_582' title='bbox 2548 683 2756 744; x_wconf 84' lang='lat' dir='ltr'><strong>stipem</strong></span> <span class='ocrx_word' id='word_1_583' title='bbox 2793 678 3027 744; x_wconf 90' lang='lat' dir='ltr'><strong>peteret,</strong></span> <span class='ocrx_word' id='word_1_584' title='bbox 3082 677 3408 742; x_wconf 89' lang='lat' dir='ltr'><strong>poneretur,</strong></span> <span class='ocrx_word' id='word_1_585' title='bbox 3459 671 3516 725; x_wconf 90' lang='lat' dir='ltr'><strong>in</strong></span> <span class='ocrx_word' id='word_1_586' title='bbox 3569 672 3804 724; x_wconf 85' lang='lat' dir='ltr'><strong>nomine</strong></span> 
     </span>
    </p>
   </div>
   <div class='ocr_carea' id='block_1_78' title="bbox 2153 749 3808 823">
    <p class='ocr_par' dir='ltr' id='par_1_78' title="bbox 2153 749 3808 823">
     <span class='ocr_line' id='line_1_81' title="bbox 2153 749 3808 823; baseline -0.007 -10"><span class='ocrx_word' id='word_1_587' title='bbox 2153 759 2286 813; x_wconf 86' lang='lat' dir='ltr'><strong>Jesu</strong></span> <span class='ocrx_word' id='word_1_588' title='bbox 2320 756 2534 811; x_wconf 88' lang='lat' dir='ltr'><strong>Christi</strong></span> <span class='ocrx_word' id='word_1_589' title='bbox 2569 755 2759 809; x_wconf 85' lang='lat' dir='ltr'><strong>salvus</strong></span> <span class='ocrx_word' id='word_1_590' title='bbox 2791 754 3060 819; x_wconf 81' lang='lat' dir='ltr'><strong>exsilivit,</strong></span> <span class='ocrx_word' id='word_1_591' title='bbox 3084 752 3343 823; x_wconf 91' lang='lat' dir='ltr'><strong>quinque</strong></span> <span class='ocrx_word' id='word_1_592' title='bbox 3381 751 3563 806; x_wconf 87' lang='lat' dir='ltr'><strong>millia</strong></span> <span class='ocrx_word' id='word_1_593' title='bbox 3611 749 3808 804; x_wconf 86' lang='lat' dir='ltr'><strong>homi-</strong></span> 
     </span>
    </p>
   </div>
   <div class='ocr_carea' id='block_1_79' title="bbox 2156 831 3806 904">
    <p class='ocr_par' dir='ltr' id='par_1_79' title="bbox 2156 831 3806 904">
     <span class='ocr_line' id='line_1_82' title="bbox 2156 831 3806 904; baseline -0.005 -11"><span class='ocrx_word' id='word_1_594' title='bbox 2156 853 2299 894; x_wconf 90' lang='lat' dir='ltr'><strong>num</strong></span> <span class='ocrx_word' id='word_1_595' title='bbox 2331 837 2738 892; x_wconf 78' lang='lat' dir='ltr'><strong>crediderunt:</strong></span> <span class='ocrx_word' id='word_1_596' title='bbox 2774 851 2840 889; x_wconf 89' lang='lat' dir='ltr'><strong>ac</strong></span> <span class='ocrx_word' id='word_1_597' title='bbox 2867 832 3078 888; x_wconf 89' lang='lat' dir='ltr'><strong>deinde</strong></span> <span class='ocrx_word' id='word_1_598' title='bbox 3133 833 3263 886; x_wconf 88' lang='lat' dir='ltr'><strong>aliis</strong></span> <span class='ocrx_word' id='word_1_599' title='bbox 3309 838 3484 904; x_wconf 88' lang='lat' dir='ltr'><strong>atque</strong></span> <span class='ocrx_word' id='word_1_600' title='bbox 3530 831 3661 885; x_wconf 85' lang='lat' dir='ltr'><strong>aliis</strong></span> <span class='ocrx_word' id='word_1_601' title='bbox 3709 845 3806 884; x_wconf 84' lang='lat' dir='ltr'><strong>ac-</strong></span> 
     </span>
    </p>
   </div>
   <div class='ocr_carea' id='block_1_80' title="bbox 2156 909 3806 982">
    <p class='ocr_par' dir='ltr' id='par_1_80' title="bbox 2156 909 3806 982">
     <span class='ocr_line' id='line_1_83' title="bbox 2156 909 3806 982; baseline -0.005 -9"><span class='ocrx_word' id='word_1_602' title='bbox 2156 919 2424 974; x_wconf 86' lang='lat' dir='ltr'><strong>cessibus</strong></span> <span class='ocrx_word' id='word_1_603' title='bbox 2473 916 2828 972; x_wconf 87' lang='lat' dir='ltr'><strong>credentium</strong></span> <span class='ocrx_word' id='word_1_604' title='bbox 2879 914 3056 968; x_wconf 89' lang='lat' dir='ltr'><strong>crevit</strong></span> <span class='ocrx_word' id='word_1_605' title='bbox 3103 913 3381 969; x_wconf 88' lang='lat' dir='ltr'><strong>Ecclesia.</strong></span> <span class='ocrx_word' id='word_1_606' title='bbox 3423 915 3501 966; x_wconf 88' lang='lat' dir='ltr'><strong>Ac</strong></span> <span class='ocrx_word' id='word_1_607' title='bbox 3550 927 3648 982; x_wconf 90' lang='lat' dir='ltr'><strong>per</strong></span> <span class='ocrx_word' id='word_1_608' title='bbox 3696 909 3806 966; x_wconf 87' lang='lat' dir='ltr'><strong>hoc</strong></span> 
     </span>
    </p>
   </div>
   <div class='ocr_carea' id='block_1_81' title="bbox 2159 988 3808 1066">
    <p class='ocr_par' dir='ltr' id='par_1_81' title="bbox 2159 988 3808 1066">
     <span class='ocr_line' id='line_1_84' title="bbox 2159 988 3808 1066; baseline -0.005 -15"><span class='ocrx_word' id='word_1_609' title='bbox 2159 996 2456 1066; x_wconf 83' lang='lat' dir='ltr'><strong>colligitur</strong></span> <span class='ocrx_word' id='word_1_610' title='bbox 2487 995 2662 1048; x_wconf 85' lang='lat' dir='ltr'><strong>etiam</strong></span> <span class='ocrx_word' id='word_1_611' title='bbox 2694 995 2839 1059; x_wconf 88' lang='lat' dir='ltr'><strong>dies,</strong></span> <span class='ocrx_word' id='word_1_612' title='bbox 2873 1009 2941 1047; x_wconf 81' lang='lat' dir='ltr'><strong>ex</strong></span> <span class='ocrx_word' id='word_1_613' title='bbox 2973 1009 3088 1063; x_wconf 90' lang='lat' dir='ltr'><strong>quo</strong></span> <span class='ocrx_word' id='word_1_614' title='bbox 3132 1007 3324 1046; x_wconf 88' lang='lat' dir='ltr'><strong>annus</strong></span> <span class='ocrx_word' id='word_1_615' title='bbox 3379 992 3505 1061; x_wconf 84' lang='lat' dir='ltr'><strong>ipse</strong></span> <span class='ocrx_word' id='word_1_616' title='bbox 3550 988 3808 1059; x_wconf 84' lang='lat' dir='ltr'><strong>sumpsit</strong></span> 
     </span>
    </p>
   </div>
   <div class='ocr_carea' id='block_1_82' title="bbox 2160 1071 3809 1144">
    <p class='ocr_par' dir='ltr' id='par_1_82' title="bbox 2160 1071 3809 1144">
     <span class='ocr_line' id='line_1_85' title="bbox 2160 1071 3809 1144; baseline -0.005 -12"><span class='ocrx_word' id='word_1_617' title='bbox 2160 1078 2420 1142; x_wconf 91' lang='lat' dir='ltr'><strong>initium,</strong></span> <span class='ocrx_word' id='word_1_618' title='bbox 2494 1077 2716 1131; x_wconf 91' lang='lat' dir='ltr'><strong>scilicet</strong></span> <span class='ocrx_word' id='word_1_619' title='bbox 2801 1074 3034 1144; x_wconf 89' lang='lat' dir='ltr'><strong>quando</strong></span> <span class='ocrx_word' id='word_1_620' title='bbox 3112 1073 3331 1126; x_wconf 85' lang='lat' dir='ltr'><strong>missus</strong></span> <span class='ocrx_word' id='word_1_621' title='bbox 3393 1078 3482 1127; x_wconf 83' lang='lat' dir='ltr'><strong>est</strong></span> <span class='ocrx_word' id='word_1_622' title='bbox 3555 1071 3809 1140; x_wconf 80' lang='lat' dir='ltr'><strong>Spiritus</strong></span> 
     </span>
    </p>
   </div>
   <div class='ocr_carea' id='block_1_83' title="bbox 2159 1150 3810 1224">
    <p class='ocr_par' dir='ltr' id='par_1_83' title="bbox 2159 1150 3810 1224">
     <span class='ocr_line' id='line_1_86' title="bbox 2159 1150 3810 1224; baseline -0.005 -11"><span class='ocrx_word' id='word_1_623' title='bbox 2159 1165 2417 1219; x_wconf 83' lang='lat' dir='ltr'><strong>sanctus.</strong></span> <span class='ocrx_word' id='word_1_624' title='bbox 2449 1158 2503 1212; x_wconf 91' lang='lat' dir='ltr'><strong>id</strong></span> <span class='ocrx_word' id='word_1_625' title='bbox 2536 1162 2645 1222; x_wconf 91' lang='lat' dir='ltr'><strong>est,</strong></span> <span class='ocrx_word' id='word_1_626' title='bbox 2680 1172 2777 1224; x_wconf 92' lang='lat' dir='ltr'><strong>per</strong></span> <span class='ocrx_word' id='word_1_627' title='bbox 2808 1155 2943 1210; x_wconf 90' lang='lat' dir='ltr'><strong>idus</strong></span> <span class='ocrx_word' id='word_1_628' title='bbox 2969 1154 3167 1210; x_wconf 86' lang='lat' dir='ltr'><strong>maias.</strong></span> <span class='ocrx_word' id='word_1_629' title='bbox 3202 1152 3531 1208; x_wconf 86' lang='lat' dir='ltr'><strong>Numeratis</strong></span> <span class='ocrx_word' id='word_1_630' title='bbox 3563 1150 3810 1222; x_wconf 76' lang='lat' dir='ltr'><strong>proinde</strong></span> 
     </span>
    </p>
   </div>
   <div class='ocr_carea' id='block_1_84' title="bbox 2161 1233 3811 1306">
    <p class='ocr_par' dir='ltr' id='par_1_84' title="bbox 2161 1233 3811 1306">
     <span class='ocr_line' id='line_1_87' title="bbox 2161 1233 3811 1306; baseline -0.005 -12"><span class='ocrx_word' id='word_1_631' title='bbox 2161 1239 2529 1300; x_wconf 90' lang='lat' dir='ltr'><strong>consulibus,</strong></span> <span class='ocrx_word' id='word_1_632' title='bbox 2564 1235 2804 1291; x_wconf 89' lang='lat' dir='ltr'><strong>trecenti</strong></span> <span class='ocrx_word' id='word_1_633' title='bbox 2837 1237 3142 1305; x_wconf 76' lang='lat' dir='ltr'><strong>sexaginta</strong></span> <span class='ocrx_word' id='word_1_634' title='bbox 3180 1236 3442 1306; x_wconf 88' lang='lat' dir='ltr'><strong>quinque</strong></span> <span class='ocrx_word' id='word_1_635' title='bbox 3469 1233 3604 1287; x_wconf 83' lang='lat' dir='ltr'><strong>anni</strong></span> <span class='ocrx_word' id='word_1_636' title='bbox 3639 1246 3811 1304; x_wconf 86' lang='lat' dir='ltr'><strong>repe-</strong></span> 
     </span>
    </p>
   </div>
   <div class='ocr_carea' id='block_1_85' title="bbox 2161 1312 3810 1388">
    <p class='ocr_par' dir='ltr' id='par_1_85' title="bbox 2161 1312 3810 1388">
     <span class='ocr_line' id='line_1_88' title="bbox 2161 1312 3810 1388; baseline -0.005 -14"><span class='ocrx_word' id='word_1_637' title='bbox 2161 1320 2394 1374; x_wconf 89' lang='lat' dir='ltr'><strong>riuntur</strong></span> <span class='ocrx_word' id='word_1_638' title='bbox 2423 1317 2644 1388; x_wconf 88' lang='lat' dir='ltr'><strong>impleti</strong></span> <span class='ocrx_word' id='word_1_639' title='bbox 2680 1332 2779 1387; x_wconf 88' lang='lat' dir='ltr'><strong>per</strong></span> <span class='ocrx_word' id='word_1_640' title='bbox 2808 1319 3036 1370; x_wconf 87' lang='lat' dir='ltr'><strong>easdem</strong></span> <span class='ocrx_word' id='word_1_641' title='bbox 3061 1315 3214 1378; x_wconf 88' lang='lat' dir='ltr'><strong>idus,</strong></span> <span class='ocrx_word' id='word_1_642' title='bbox 3266 1314 3569 1369; x_wconf 85' lang='lat' dir='ltr'><strong>consulatu</strong></span> <span class='ocrx_word' id='word_1_643' title='bbox 3618 1312 3810 1367; x_wconf 85' lang='lat' dir='ltr'><strong>Hono-</strong></span> 
     </span>
    </p>
   </div>
   <div class='ocr_carea' id='block_1_86' title="bbox 2163 1393 3809 1470">
    <p class='ocr_par' dir='ltr' id='par_1_86' title="bbox 2163 1393 3809 1470">
     <span class='ocr_line' id='line_1_89' title="bbox 2163 1393 3809 1470; baseline -0.004 -15"><span class='ocrx_word' id='word_1_644' title='bbox 2163 1401 2232 1456; x_wconf 90' lang='lat' dir='ltr'><strong>rii</strong></span> <span class='ocrx_word' id='word_1_645' title='bbox 2264 1407 2324 1455; x_wconf 90' lang='lat' dir='ltr'><strong>et</strong></span> <span class='ocrx_word' id='word_1_646' title='bbox 2370 1397 2730 1470; x_wconf 86' lang='lat' dir='ltr'><strong>Eutycbiaui.</strong></span> <span class='ocrx_word' id='word_1_647' title='bbox 2792 1397 2966 1451; x_wconf 89' lang='lat' dir='ltr'><strong>Porro</strong></span> <span class='ocrx_word' id='word_1_648' title='bbox 3018 1396 3282 1466; x_wconf 88' lang='lat' dir='ltr'><strong>sequenti</strong></span> <span class='ocrx_word' id='word_1_649' title='bbox 3337 1411 3509 1462; x_wconf 85' lang='lat' dir='ltr'><strong>anno,</strong></span> <span class='ocrx_word' id='word_1_650' title='bbox 3569 1393 3809 1450; x_wconf 89' lang='lat' dir='ltr'><strong>consule</strong></span> 
     </span>
    </p>
   </div>
   <div class='ocr_carea' id='block_1_87' title="bbox 2165 1475 3808 1549">
    <p class='ocr_par' dir='ltr' id='par_1_87' title="bbox 2165 1475 3808 1549">
     <span class='ocr_line' id='line_1_90' title="bbox 2165 1475 3808 1549; baseline -0.004 -12"><span class='ocrx_word' id='word_1_651' title='bbox 2165 1481 2357 1538; x_wconf 85' lang='lat' dir='ltr'><strong>Mallio</strong></span> <span class='ocrx_word' id='word_1_652' title='bbox 2415 1481 2734 1546; x_wconf 83' lang='lat' dir='ltr'><strong>Theodoro,</strong></span> <span class='ocrx_word' id='word_1_653' title='bbox 2812 1479 3044 1549; x_wconf 88' lang='lat' dir='ltr'><strong>quando</strong></span> <span class='ocrx_word' id='word_1_654' title='bbox 3092 1481 3216 1545; x_wconf 83' lang='lat' dir='ltr'><strong>jam</strong></span> <span class='ocrx_word' id='word_1_655' title='bbox 3275 1479 3599 1532; x_wconf 90' lang='lat' dir='ltr'><strong>secundum</strong></span> <span class='ocrx_word' id='word_1_656' title='bbox 3663 1475 3808 1530; x_wconf 91' lang='lat' dir='ltr'><strong>illud</strong></span> 
     </span>
    </p>
   </div>
   <div class='ocr_carea' id='block_1_88' title="bbox 2165 1558 3808 1629">
    <p class='ocr_par' dir='ltr' id='par_1_88' title="bbox 2165 1558 3808 1629">
     <span class='ocr_line' id='line_1_91' title="bbox 2165 1558 3808 1629; baseline -0.004 -11"><span class='ocrx_word' id='word_1_657' title='bbox 2165 1563 2465 1618; x_wconf 92' lang='lat' dir='ltr'><strong>oraculum</strong></span> <span class='ocrx_word' id='word_1_658' title='bbox 2544 1561 2870 1615; x_wconf 56' lang='lat' dir='ltr'><strong>daemonum</strong></span> <span class='ocrx_word' id='word_1_659' title='bbox 2939 1563 3038 1612; x_wconf 87' lang='lat' dir='ltr'><strong>aut</strong></span> <span class='ocrx_word' id='word_1_660' title='bbox 3095 1558 3434 1629; x_wconf 82' lang='lat' dir='ltr'><strong>ligmentum</strong></span> <span class='ocrx_word' id='word_1_661' title='bbox 3498 1558 3808 1612; x_wconf 85' lang='lat' dir='ltr'><strong>hominum</strong></span> 
     </span>
    </p>
   </div>
   <div class='ocr_carea' id='block_1_89' title="bbox 2163 1637 3814 1710">
    <p class='ocr_par' dir='ltr' id='par_1_89' title="bbox 2163 1637 3814 1710">
     <span class='ocr_line' id='line_1_92' title="bbox 2163 1637 3814 1710; baseline -0.004 -13"><span class='ocrx_word' id='word_1_662' title='bbox 2163 1643 2326 1698; x_wconf 89' lang='lat' dir='ltr'><strong>nulla</strong></span> <span class='ocrx_word' id='word_1_663' title='bbox 2355 1658 2484 1697; x_wconf 87' lang='lat' dir='ltr'><strong>esse</strong></span> <span class='ocrx_word' id='word_1_664' title='bbox 2516 1641 2723 1696; x_wconf 90' lang='lat' dir='ltr'><strong>debuit</strong></span> <span class='ocrx_word' id='word_1_665' title='bbox 2753 1640 2952 1709; x_wconf 77' lang='lat' dir='ltr'><strong>religio</strong></span> <span class='ocrx_word' id='word_1_666' title='bbox 2985 1639 3321 1706; x_wconf 87' lang='lat' dir='ltr'><strong>christiana,</strong></span> <span class='ocrx_word' id='word_1_667' title='bbox 3350 1639 3489 1710; x_wconf 89' lang='lat' dir='ltr'><strong>quid</strong></span> <span class='ocrx_word' id='word_1_668' title='bbox 3525 1655 3622 1709; x_wconf 85' lang='lat' dir='ltr'><strong>per</strong></span> <span class='ocrx_word' id='word_1_669' title='bbox 3667 1637 3814 1692; x_wconf 65' lang='lat' dir='ltr'><strong>alia!</strong></span> 
     </span>
    </p>
   </div>
   <div class='ocr_carea' id='block_1_90' title="bbox 2164 1718 3816 1794">
    <p class='ocr_par' dir='ltr' id='par_1_90' title="bbox 2164 1718 3816 1794">
     <span class='ocr_line' id='line_1_93' title="bbox 2164 1718 3816 1794; baseline -0.002 -16"><span class='ocrx_word' id='word_1_670' title='bbox 2164 1730 2451 1779; x_wconf 87' lang='lat' dir='ltr'><strong>terrarum</strong></span> <span class='ocrx_word' id='word_1_671' title='bbox 2495 1729 2688 1794; x_wconf 89' lang='lat' dir='ltr'><strong>partes</strong></span> <span class='ocrx_word' id='word_1_672' title='bbox 2723 1723 2981 1776; x_wconf 81' lang='lat' dir='ltr'><strong>forsitam</strong></span> <span class='ocrx_word' id='word_1_673' title='bbox 3018 1723 3225 1776; x_wconf 78' lang='lat' dir='ltr'><strong>factum</strong></span> <span class='ocrx_word' id='word_1_674' title='bbox 3259 1722 3356 1785; x_wconf 90' lang='lat' dir='ltr'><strong>sit,</strong></span> <span class='ocrx_word' id='word_1_675' title='bbox 3390 1735 3504 1773; x_wconf 89' lang='lat' dir='ltr'><strong>non</strong></span> <span class='ocrx_word' id='word_1_676' title='bbox 3553 1718 3661 1774; x_wconf 86' lang='lat' dir='ltr'><strong>fuit</strong></span> <span class='ocrx_word' id='word_1_677' title='bbox 3720 1733 3816 1774; x_wconf 87' lang='lat' dir='ltr'><strong>ne-</strong></span> 
     </span>
    </p>
   </div>
   <div class='ocr_carea' id='block_1_91' title="bbox 2164 1800 3812 1872">
    <p class='ocr_par' dir='ltr' id='par_1_91' title="bbox 2164 1800 3812 1872">
     <span class='ocr_line' id='line_1_94' title="bbox 2164 1800 3812 1872; baseline -0.003 -14"><span class='ocrx_word' id='word_1_678' title='bbox 2164 1819 2325 1858; x_wconf 89' lang='lat' dir='ltr'><strong>cesse</strong></span> <span class='ocrx_word' id='word_1_679' title='bbox 2358 1803 2708 1872; x_wconf 90' lang='lat' dir='ltr'><strong>perquirere.</strong></span> <span class='ocrx_word' id='word_1_680' title='bbox 2741 1801 2979 1856; x_wconf 86' lang='lat' dir='ltr'><strong>interim</strong></span> <span class='ocrx_word' id='word_1_681' title='bbox 3013 1800 3164 1872; x_wconf 89' lang='lat' dir='ltr'><strong>quod</strong></span> <span class='ocrx_word' id='word_1_682' title='bbox 3199 1800 3423 1856; x_wconf 90' lang='lat' dir='ltr'><strong>scimus</strong></span> <span class='ocrx_word' id='word_1_683' title='bbox 3468 1801 3525 1855; x_wconf 89' lang='lat' dir='ltr'><strong>in</strong></span> <span class='ocrx_word' id='word_1_684' title='bbox 3575 1800 3812 1855; x_wconf 83' lang='lat' dir='ltr'><strong>civitate</strong></span> 
     </span>
    </p>
   </div>
   <div class='ocr_carea' id='block_1_92' title="bbox 2165 1881 3812 1952">
    <p class='ocr_par' dir='ltr' id='par_1_92' title="bbox 2165 1881 3812 1952">
     <span class='ocr_line' id='line_1_95' title="bbox 2165 1881 3812 1952; baseline -0.003 -13"><span class='ocrx_word' id='word_1_685' title='bbox 2165 1885 2474 1940; x_wconf 82' lang='lat' dir='ltr'><strong>notissima</strong></span> <span class='ocrx_word' id='word_1_686' title='bbox 2548 1891 2606 1938; x_wconf 89' lang='lat' dir='ltr'><strong>et</strong></span> <span class='ocrx_word' id='word_1_687' title='bbox 2677 1883 3148 1938; x_wconf 88' lang='lat' dir='ltr'><strong>eminentissima</strong></span> <span class='ocrx_word' id='word_1_688' title='bbox 3197 1881 3546 1952; x_wconf 83' lang='lat' dir='ltr'><strong>Carthagine</strong></span> <span class='ocrx_word' id='word_1_689' title='bbox 3606 1882 3812 1935; x_wconf 61' lang='lat' dir='ltr'><strong>Africa</strong></span> 
     </span>
    </p>
   </div>
   <div class='ocr_carea' id='block_1_93' title="bbox 2165 1961 3811 2033">
    <p class='ocr_par' dir='ltr' id='par_1_93' title="bbox 2165 1961 3811 2033">
     <span class='ocr_line' id='line_1_96' title="bbox 2165 1961 3811 2033; baseline -0.004 -11"><span class='ocrx_word' id='word_1_690' title='bbox 2165 1965 2526 2022; x_wconf 80' lang='lat' dir='ltr'><strong>Gaudentius</strong></span> <span class='ocrx_word' id='word_1_691' title='bbox 2555 1969 2613 2018; x_wconf 87' lang='lat' dir='ltr'><strong>et</strong></span> <span class='ocrx_word' id='word_1_692' title='bbox 2639 1965 2839 2018; x_wconf 84' lang='lat' dir='ltr'><strong>Jovius</strong></span> <span class='ocrx_word' id='word_1_693' title='bbox 2865 1964 3107 2018; x_wconf 89' lang='lat' dir='ltr'><strong>comites</strong></span> <span class='ocrx_word' id='word_1_694' title='bbox 3137 1963 3502 2033; x_wconf 87' lang='lat' dir='ltr'><strong>imperatoris</strong></span> <span class='ocrx_word' id='word_1_695' title='bbox 3552 1961 3811 2030; x_wconf 84' lang='lat' dir='ltr'><strong>Honorii,</strong></span> 
     </span>
    </p>
   </div>
   <div class='ocr_carea' id='block_1_94' title="bbox 2166 2044 3812 2118">
    <p class='ocr_par' dir='ltr' id='par_1_94' title="bbox 2166 2044 3812 2118">
     <span class='ocr_line' id='line_1_97' title="bbox 2166 2044 3812 2118; baseline -0.002 -18"><span class='ocrx_word' id='word_1_696' title='bbox 2166 2053 2374 2118; x_wconf 87' lang='lat' dir='ltr'><strong>quarto</strong></span> <span class='ocrx_word' id='word_1_697' title='bbox 2401 2045 2625 2100; x_wconf 90' lang='lat' dir='ltr'><strong>decimo</strong></span> <span class='ocrx_word' id='word_1_698' title='bbox 2667 2044 2945 2099; x_wconf 86' lang='lat' dir='ltr'><strong>kalendas</strong></span> <span class='ocrx_word' id='word_1_699' title='bbox 2991 2044 3192 2113; x_wconf 86' lang='lat' dir='ltr'><strong>aprilis</strong></span> <span class='ocrx_word' id='word_1_700' title='bbox 3238 2044 3515 2098; x_wconf 86' lang='lat' dir='ltr'><strong>falsorum</strong></span> <span class='ocrx_word' id='word_1_701' title='bbox 3565 2044 3812 2098; x_wconf 89' lang='lat' dir='ltr'><strong>deorum</strong></span> 
     </span>
    </p>
   </div>
   <div class='ocr_carea' id='block_1_95' title="bbox 2165 2124 3814 2198">
    <p class='ocr_par' dir='ltr' id='par_1_95' title="bbox 2165 2124 3814 2198">
     <span class='ocr_line' id='line_1_98' title="bbox 2165 2124 3814 2198; baseline -0.001 -16"><span class='ocrx_word' id='word_1_702' title='bbox 2165 2128 2382 2198; x_wconf 88' lang='lat' dir='ltr'><strong>templa</strong></span> <span class='ocrx_word' id='word_1_703' title='bbox 2410 2131 2760 2190; x_wconf 90' lang='lat' dir='ltr'><strong>everterunt,</strong></span> <span class='ocrx_word' id='word_1_704' title='bbox 2792 2137 2844 2180; x_wconf 90' lang='lat' dir='ltr'><strong>et</strong></span> <span class='ocrx_word' id='word_1_705' title='bbox 2877 2125 3186 2180; x_wconf 88' lang='lat' dir='ltr'><strong>simulacra</strong></span> <span class='ocrx_word' id='word_1_706' title='bbox 3217 2124 3532 2194; x_wconf 73' lang='lat' dir='ltr'><strong>fregerunt.</strong></span> <span class='ocrx_word' id='word_1_707' title='bbox 3567 2124 3648 2178; x_wconf 83' lang='lat' dir='ltr'><strong>Ex</strong></span> <span class='ocrx_word' id='word_1_708' title='bbox 3695 2139 3814 2195; x_wconf 89' lang='lat' dir='ltr'><strong>quo</strong></span> 
     </span>
    </p>
   </div>
   <div class='ocr_carea' id='block_1_96' title="bbox 2167 2205 3816 2278">
    <p class='ocr_par' dir='ltr' id='par_1_96' title="bbox 2167 2205 3816 2278">
     <span class='ocr_line' id='line_1_99' title="bbox 2167 2205 3816 2278; baseline -0.002 -16"><span class='ocrx_word' id='word_1_709' title='bbox 2167 2223 2351 2278; x_wconf 89' lang='lat' dir='ltr'><strong>usque</strong></span> <span class='ocrx_word' id='word_1_710' title='bbox 2382 2209 2452 2262; x_wconf 89' lang='lat' dir='ltr'><strong>ad</strong></span> <span class='ocrx_word' id='word_1_711' title='bbox 2488 2207 2594 2261; x_wconf 89' lang='lat' dir='ltr'><strong>hoc</strong></span> <span class='ocrx_word' id='word_1_712' title='bbox 2627 2211 2861 2276; x_wconf 87' lang='lat' dir='ltr'><strong>tempus</strong></span> <span class='ocrx_word' id='word_1_713' title='bbox 2893 2221 2994 2276; x_wconf 89' lang='lat' dir='ltr'><strong>per</strong></span> <span class='ocrx_word' id='word_1_714' title='bbox 3017 2206 3260 2276; x_wconf 82' lang='lat' dir='ltr'><strong>triginta</strong></span> <span class='ocrx_word' id='word_1_715' title='bbox 3293 2207 3473 2260; x_wconf 82' lang='lat' dir='ltr'><strong>ferme</strong></span> <span class='ocrx_word' id='word_1_716' title='bbox 3517 2220 3703 2260; x_wconf 82' lang='lat' dir='ltr'><strong>annos</strong></span> <span class='ocrx_word' id='word_1_717' title='bbox 3733 2205 3816 2276; x_wconf 83' lang='lat' dir='ltr'><strong>(a)</strong></span> 
     </span>
    </p>
   </div>
   <div class='ocr_carea' id='block_1_97' title="bbox 2166 2286 3816 2358">
    <p class='ocr_par' dir='ltr' id='par_1_97' title="bbox 2166 2286 3816 2358">
     <span class='ocr_line' id='line_1_100' title="bbox 2166 2286 3816 2358; baseline 0 -16"><span class='ocrx_word' id='word_1_718' title='bbox 2166 2289 2295 2358; x_wconf 90' lang='lat' dir='ltr'><strong>quis</strong></span> <span class='ocrx_word' id='word_1_719' title='bbox 2331 2305 2445 2343; x_wconf 91' lang='lat' dir='ltr'><strong>non</strong></span> <span class='ocrx_word' id='word_1_720' title='bbox 2479 2288 2660 2342; x_wconf 86' lang='lat' dir='ltr'><strong>videat</strong></span> <span class='ocrx_word' id='word_1_721' title='bbox 2705 2292 2992 2357; x_wconf 88' lang='lat' dir='ltr'><strong>quantum</strong></span> <span class='ocrx_word' id='word_1_722' title='bbox 3040 2287 3281 2342; x_wconf 79' lang='lat' dir='ltr'><strong>creverit</strong></span> <span class='ocrx_word' id='word_1_723' title='bbox 3319 2286 3513 2341; x_wconf 90' lang='lat' dir='ltr'><strong>cultus</strong></span> <span class='ocrx_word' id='word_1_724' title='bbox 3558 2286 3816 2342; x_wconf 85' lang='lat' dir='ltr'><strong>nominis</strong></span> 
     </span>
    </p>
   </div>
   <div class='ocr_carea' id='block_1_98' title="bbox 2167 2366 3820 2440">
    <p class='ocr_par' dir='ltr' id='par_1_98' title="bbox 2167 2366 3820 2440">
     <span class='ocr_line' id='line_1_101' title="bbox 2167 2366 3820 2440; baseline -0.001 -17"><span class='ocrx_word' id='word_1_725' title='bbox 2167 2367 2733 2440; x_wconf 78' lang='lat' dir='ltr'><strong>Christi,pr:esertim</strong></span> <span class='ocrx_word' id='word_1_726' title='bbox 2765 2373 3142 2438; x_wconf 83' lang='lat' dir='ltr'><strong>posteaquam</strong></span> <span class='ocrx_word' id='word_1_727' title='bbox 3178 2366 3347 2422; x_wconf 87' lang='lat' dir='ltr'><strong>multi</strong></span> <span class='ocrx_word' id='word_1_728' title='bbox 3380 2383 3582 2422; x_wconf 90' lang='lat' dir='ltr'><strong>eorum</strong></span> <span class='ocrx_word' id='word_1_729' title='bbox 3615 2367 3820 2424; x_wconf 86' lang='lat' dir='ltr'><strong>Chris-</strong></span> 
     </span>
    </p>
   </div>
   <div class='ocr_carea' id='block_1_99' title="bbox 2168 2446 3818 2518">
    <p class='ocr_par' dir='ltr' id='par_1_99' title="bbox 2168 2446 3818 2518">
     <span class='ocr_line' id='line_1_102' title="bbox 2168 2446 3818 2518; baseline 0 -15"><span class='ocrx_word' id='word_1_730' title='bbox 2168 2449 2312 2504; x_wconf 89' lang='lat' dir='ltr'><strong>tiani</strong></span> <span class='ocrx_word' id='word_1_731' title='bbox 2347 2449 2482 2504; x_wconf 87' lang='lat' dir='ltr'><strong>facti</strong></span> <span class='ocrx_word' id='word_1_732' title='bbox 2524 2453 2678 2513; x_wconf 88' lang='lat' dir='ltr'><strong>sunt,</strong></span> <span class='ocrx_word' id='word_1_733' title='bbox 2712 2448 2808 2518; x_wconf 91' lang='lat' dir='ltr'><strong>qui</strong></span> <span class='ocrx_word' id='word_1_734' title='bbox 2842 2452 3122 2518; x_wconf 84' lang='lat' dir='ltr'><strong>tanquam</strong></span> <span class='ocrx_word' id='word_1_735' title='bbox 3165 2463 3297 2502; x_wconf 89' lang='lat' dir='ltr'><strong>vera</strong></span> <span class='ocrx_word' id='word_1_736' title='bbox 3326 2446 3429 2502; x_wconf 90' lang='lat' dir='ltr'><strong>illa</strong></span> <span class='ocrx_word' id='word_1_737' title='bbox 3459 2448 3818 2503; x_wconf 89' lang='lat' dir='ltr'><strong>divinatione</strong></span> 
     </span>
    </p>
   </div>
   <div class='ocr_carea' id='block_1_100' title="bbox 2169 2527 3819 2599">
    <p class='ocr_par' dir='ltr' id='par_1_100' title="bbox 2169 2527 3819 2599">
     <span class='ocr_line' id='line_1_103' title="bbox 2169 2527 3819 2599; baseline -0.001 -15"><span class='ocrx_word' id='word_1_738' title='bbox 2169 2529 2590 2585; x_wconf 87' lang='lat' dir='ltr'><strong>revocabantur</strong></span> <span class='ocrx_word' id='word_1_739' title='bbox 2616 2546 2648 2582; x_wconf 87' lang='lat' dir='ltr'><strong>a</strong></span> <span class='ocrx_word' id='word_1_740' title='bbox 2681 2529 2810 2592; x_wconf 81' lang='lat' dir='ltr'><strong>ﬁde,</strong></span> <span class='ocrx_word' id='word_1_741' title='bbox 2843 2543 3093 2599; x_wconf 90' lang='lat' dir='ltr'><strong>eamque</strong></span> <span class='ocrx_word' id='word_1_742' title='bbox 3121 2527 3409 2598; x_wconf 86' lang='lat' dir='ltr'><strong>completo</strong></span> <span class='ocrx_word' id='word_1_743' title='bbox 3438 2528 3641 2582; x_wconf 91' lang='lat' dir='ltr'><strong>eodem</strong></span> <span class='ocrx_word' id='word_1_744' title='bbox 3715 2545 3819 2583; x_wconf 88' lang='lat' dir='ltr'><strong>an-</strong></span> 
     </span>
    </p>
   </div>
   <div class='ocr_carea' id='block_1_101' title="bbox 2171 2607 3820 2678">
    <p class='ocr_par' dir='ltr' id='par_1_101' title="bbox 2171 2607 3820 2678">
     <span class='ocr_line' id='line_1_104' title="bbox 2171 2607 3820 2678; baseline -0.001 -13"><span class='ocrx_word' id='word_1_745' title='bbox 2171 2627 2377 2666; x_wconf 88' lang='lat' dir='ltr'><strong>norum</strong></span> <span class='ocrx_word' id='word_1_746' title='bbox 2408 2624 2648 2664; x_wconf 88' lang='lat' dir='ltr'><strong>numero</strong></span> <span class='ocrx_word' id='word_1_747' title='bbox 2673 2607 2906 2662; x_wconf 87' lang='lat' dir='ltr'><strong>inanem</strong></span> <span class='ocrx_word' id='word_1_748' title='bbox 2932 2609 3358 2678; x_wconf 89' lang='lat' dir='ltr'><strong>ridendamque</strong></span> <span class='ocrx_word' id='word_1_749' title='bbox 3377 2607 3820 2664; x_wconf 82' lang='lat' dir='ltr'><strong>viderunt?Nos</strong></span> 
     </span>
    </p>
   </div>
   <div class='ocr_carea' id='block_1_102' title="bbox 2167 2687 3821 2762">
    <p class='ocr_par' dir='ltr' id='par_1_102' title="bbox 2167 2687 3821 2762">
     <span class='ocr_line' id='line_1_105' title="bbox 2167 2687 3821 2762; baseline -0.001 -17"><span class='ocrx_word' id='word_1_750' title='bbox 2167 2707 2302 2762; x_wconf 78' lang='lat' dir='ltr'><strong>ergo</strong></span> <span class='ocrx_word' id='word_1_751' title='bbox 2333 2689 2428 2760; x_wconf 88' lang='lat' dir='ltr'><strong>qui</strong></span> <span class='ocrx_word' id='word_1_752' title='bbox 2462 2703 2662 2744; x_wconf 89' lang='lat' dir='ltr'><strong>sumus</strong></span> <span class='ocrx_word' id='word_1_753' title='bbox 2692 2703 3077 2758; x_wconf 87' lang='lat' dir='ltr'><strong>vocamurque</strong></span> <span class='ocrx_word' id='word_1_754' title='bbox 3115 2687 3456 2757; x_wconf 89' lang='lat' dir='ltr'><strong>Christiani,</strong></span> <span class='ocrx_word' id='word_1_755' title='bbox 3489 2689 3686 2743; x_wconf 91' lang='lat' dir='ltr'><strong>nonin</strong></span> <span class='ocrx_word' id='word_1_756' title='bbox 3722 2688 3821 2743; x_wconf 82' lang='lat' dir='ltr'><strong>Pe-</strong></span> 
     </span>
    </p>
   </div>
   <div class='ocr_carea' id='block_1_103' title="bbox 2167 2767 3820 2839">
    <p class='ocr_par' dir='ltr' id='par_1_103' title="bbox 2167 2767 3820 2839">
     <span class='ocr_line' id='line_1_106' title="bbox 2167 2767 3820 2839; baseline -0.001 -15"><span class='ocrx_word' id='word_1_757' title='bbox 2167 2777 2321 2825; x_wconf 85' lang='lat' dir='ltr'><strong>trum</strong></span> <span class='ocrx_word' id='word_1_758' title='bbox 2345 2769 2765 2834; x_wconf 90' lang='lat' dir='ltr'><strong>credimus,sed</strong></span> <span class='ocrx_word' id='word_1_759' title='bbox 2789 2767 2846 2822; x_wconf 93' lang='lat' dir='ltr'><strong>in</strong></span> <span class='ocrx_word' id='word_1_760' title='bbox 2871 2782 3044 2839; x_wconf 88' lang='lat' dir='ltr'><strong>quem</strong></span> <span class='ocrx_word' id='word_1_761' title='bbox 3066 2768 3310 2823; x_wconf 88' lang='lat' dir='ltr'><strong>credidit</strong></span> <span class='ocrx_word' id='word_1_762' title='bbox 3331 2767 3717 2833; x_wconf 88' lang='lat' dir='ltr'><strong>Petrus;Petri</strong></span> <span class='ocrx_word' id='word_1_763' title='bbox 3748 2768 3820 2822; x_wconf 90' lang='lat' dir='ltr'><strong>de</strong></span> 
     </span>
    </p>
   </div>
   <div class='ocr_carea' id='block_1_104' title="bbox 2167 2849 3824 2915">
    <p class='ocr_par' dir='ltr' id='par_1_104' title="bbox 2167 2849 3824 2915">
     <span class='ocr_line' id='line_1_107' title="bbox 2167 2849 3824 2915; baseline -0.001 -10"><span class='ocrx_word' id='word_1_764' title='bbox 2167 2852 2396 2905; x_wconf 89' lang='lat' dir='ltr'><strong>Christo</strong></span> <span class='ocrx_word' id='word_1_765' title='bbox 2427 2849 2691 2904; x_wconf 77' lang='lat' dir='ltr'><strong>aaditicati</strong></span> <span class='ocrx_word' id='word_1_766' title='bbox 2714 2849 3105 2915; x_wconf 85' lang='lat' dir='ltr'><strong>sermonibus,</strong></span> <span class='ocrx_word' id='word_1_767' title='bbox 3131 2864 3246 2904; x_wconf 92' lang='lat' dir='ltr'><strong>non</strong></span> <span class='ocrx_word' id='word_1_768' title='bbox 3269 2850 3627 2904; x_wconf 90' lang='lat' dir='ltr'><strong>carminibus</strong></span> <span class='ocrx_word' id='word_1_769' title='bbox 3651 2864 3824 2904; x_wconf 85' lang='lat' dir='ltr'><strong>vene-</strong></span> 
     </span>
    </p>
   </div>
   <div class='ocr_carea' id='block_1_105' title="bbox 2171 2928 3822 3000">
    <p class='ocr_par' dir='ltr' id='par_1_105' title="bbox 2171 2928 3822 3000">
     <span class='ocr_line' id='line_1_108' title="bbox 2171 2928 3822 3000; baseline -0.002 -12"><span class='ocrx_word' id='word_1_770' title='bbox 2171 2931 2324 2999; x_wconf 89' lang='lat' dir='ltr'><strong>nati,</strong></span> <span class='ocrx_word' id='word_1_771' title='bbox 2359 2946 2463 2985; x_wconf 92' lang='lat' dir='ltr'><strong>nec</strong></span> <span class='ocrx_word' id='word_1_772' title='bbox 2512 2929 2736 3000; x_wconf 90' lang='lat' dir='ltr'><strong>decepti</strong></span> <span class='ocrx_word' id='word_1_773' title='bbox 2785 2928 3105 2995; x_wconf 74' lang='lat' dir='ltr'><strong>maleficiis,</strong></span> <span class='ocrx_word' id='word_1_774' title='bbox 3167 2931 3268 2984; x_wconf 89' lang='lat' dir='ltr'><strong>sed</strong></span> <span class='ocrx_word' id='word_1_775' title='bbox 3330 2929 3625 2985; x_wconf 86' lang='lat' dir='ltr'><strong>beneficiis</strong></span> <span class='ocrx_word' id='word_1_776' title='bbox 3683 2931 3822 2999; x_wconf 83' lang='lat' dir='ltr'><strong>ejus</strong></span> 
     </span>
    </p>
   </div>
   <div class='ocr_carea' id='block_1_106' title="bbox 2169 3008 3819 3082">
    <p class='ocr_par' dir='ltr' id='par_1_106' title="bbox 2169 3008 3819 3082">
     <span class='ocr_line' id='line_1_109' title="bbox 2169 3008 3819 3082; baseline -0.002 -15"><span class='ocrx_word' id='word_1_777' title='bbox 2169 3011 2377 3082; x_wconf 87' lang='lat' dir='ltr'><strong>adjuti.</strong></span> <span class='ocrx_word' id='word_1_778' title='bbox 2424 3008 2524 3064; x_wconf 91' lang='lat' dir='ltr'><strong>Ille</strong></span> <span class='ocrx_word' id='word_1_779' title='bbox 2573 3009 2728 3064; x_wconf 90' lang='lat' dir='ltr'><strong>Petri</strong></span> <span class='ocrx_word' id='word_1_780' title='bbox 2778 3009 3061 3080; x_wconf 80' lang='lat' dir='ltr'><strong>magister</strong></span> <span class='ocrx_word' id='word_1_781' title='bbox 3107 3010 3373 3066; x_wconf 89' lang='lat' dir='ltr'><strong>Christus</strong></span> <span class='ocrx_word' id='word_1_782' title='bbox 3418 3009 3477 3064; x_wconf 90' lang='lat' dir='ltr'><strong>in</strong></span> <span class='ocrx_word' id='word_1_783' title='bbox 3523 3010 3819 3079; x_wconf 87' lang='lat' dir='ltr'><strong>doctrina,</strong></span> 
     </span>
    </p>
   </div>
   <div class='ocr_carea' id='block_1_107' title="bbox 2169 3089 3821 3164">
    <p class='ocr_par' dir='ltr' id='par_1_107' title="bbox 2169 3089 3821 3164">
     <span class='ocr_line' id='line_1_110' title="bbox 2169 3089 3821 3164; baseline -0.001 -16"><span class='ocrx_word' id='word_1_784' title='bbox 2169 3110 2295 3164; x_wconf 70' lang='lat' dir='ltr'><strong>quae</strong></span> <span class='ocrx_word' id='word_1_785' title='bbox 2327 3093 2397 3147; x_wconf 90' lang='lat' dir='ltr'><strong>ad</strong></span> <span class='ocrx_word' id='word_1_786' title='bbox 2425 3091 2603 3146; x_wconf 91' lang='lat' dir='ltr'><strong>vitam</strong></span> <span class='ocrx_word' id='word_1_787' title='bbox 2632 3090 2794 3145; x_wconf 89' lang='lat' dir='ltr'><strong>ducit</strong></span> <span class='ocrx_word' id='word_1_788' title='bbox 2832 3094 3134 3159; x_wconf 70' lang='lat' dir='ltr'><strong>aeternam,</strong></span> <span class='ocrx_word' id='word_1_789' title='bbox 3184 3089 3309 3162; x_wconf 88' lang='lat' dir='ltr'><strong>ipse</strong></span> <span class='ocrx_word' id='word_1_790' title='bbox 3356 3094 3444 3147; x_wconf 88' lang='lat' dir='ltr'><strong>est</strong></span> <span class='ocrx_word' id='word_1_791' title='bbox 3486 3095 3543 3146; x_wconf 88' lang='lat' dir='ltr'><strong>et</strong></span> <span class='ocrx_word' id='word_1_792' title='bbox 3591 3091 3821 3162; x_wconf 82' lang='lat' dir='ltr'><strong>magis-</strong></span> 
     </span>
    </p>
   </div>
   <div class='ocr_carea' id='block_1_108' title="bbox 2169 3177 2496 3230">
    <p class='ocr_par' dir='ltr' id='par_1_108' title="bbox 2169 3177 2496 3230">
     <span class='ocr_line' id='line_1_111' title="bbox 2169 3177 2496 3230; baseline -0.009 0"><span class='ocrx_word' id='word_1_793' title='bbox 2169 3183 2252 3230; x_wconf 91' lang='lat' dir='ltr'><strong>ter</strong></span> <span class='ocrx_word' id='word_1_794' title='bbox 2281 3177 2496 3228; x_wconf 89' lang='lat' dir='ltr'><strong>noster.</strong></span> 
     </span>
    </p>
   </div>
   <div class='ocr_carea' id='block_1_109' title="bbox 2237 3250 3821 3324">
    <p class='ocr_par' dir='ltr' id='par_1_109' title="bbox 2237 3250 3821 3324">
     <span class='ocr_line' id='line_1_112' title="bbox 2237 3250 3821 3324; baseline 0 -15"><span class='ocrx_word' id='word_1_795' title='bbox 2237 3255 2291 3309; x_wconf 88' lang='lat'><strong>2.</strong></span> <span class='ocrx_word' id='word_1_796' title='bbox 2325 3254 2437 3309; x_wconf 91' lang='lat' dir='ltr'><strong>Sed</strong></span> <span class='ocrx_word' id='word_1_797' title='bbox 2470 3250 2923 3324; x_wconf 88' lang='lat' dir='ltr'><strong>aliquaudojam</strong></span> <span class='ocrx_word' id='word_1_798' title='bbox 2947 3253 3367 3308; x_wconf 88' lang='lat' dir='ltr'><strong>concludamus</strong></span> <span class='ocrx_word' id='word_1_799' title='bbox 3395 3252 3554 3308; x_wconf 86' lang='lat' dir='ltr'><strong>hunc</strong></span> <span class='ocrx_word' id='word_1_800' title='bbox 3575 3253 3821 3322; x_wconf 88' lang='lat' dir='ltr'><strong>librum,</strong></span> 
     </span>
    </p>
   </div>
   <div class='ocr_carea' id='block_1_110' title="bbox 2169 3333 3824 3404">
    <p class='ocr_par' dir='ltr' id='par_1_110' title="bbox 2169 3333 3824 3404">
     <span class='ocr_line' id='line_1_113' title="bbox 2169 3333 3824 3404; baseline -0.001 -14"><span class='ocrx_word' id='word_1_801' title='bbox 2169 3335 2282 3390; x_wconf 89' lang='lat' dir='ltr'><strong>huc</strong></span> <span class='ocrx_word' id='word_1_802' title='bbox 2315 3349 2500 3404; x_wconf 90' lang='lat' dir='ltr'><strong>usque</strong></span> <span class='ocrx_word' id='word_1_803' title='bbox 2526 3333 2900 3398; x_wconf 87' lang='lat' dir='ltr'><strong>disserentes,</strong></span> <span class='ocrx_word' id='word_1_804' title='bbox 2933 3340 2987 3389; x_wconf 87' lang='lat' dir='ltr'><strong>et</strong></span> <span class='ocrx_word' id='word_1_805' title='bbox 3017 3338 3302 3403; x_wconf 85' lang='lat' dir='ltr'><strong>quantum</strong></span> <span class='ocrx_word' id='word_1_806' title='bbox 3333 3334 3475 3389; x_wconf 89' lang='lat' dir='ltr'><strong>satis</strong></span> <span class='ocrx_word' id='word_1_807' title='bbox 3511 3334 3701 3389; x_wconf 90' lang='lat' dir='ltr'><strong>visum</strong></span> <span class='ocrx_word' id='word_1_808' title='bbox 3729 3338 3824 3389; x_wconf 88' lang='lat' dir='ltr'><strong>est</strong></span> 
     </span>
    </p>
   </div>
   <div class='ocr_carea' id='block_1_111' title="bbox 2169 3412 3816 3483">
    <p class='ocr_par' dir='ltr' id='par_1_111' title="bbox 2169 3412 3816 3483">
     <span class='ocr_line' id='line_1_114' title="bbox 2169 3412 3816 3483; baseline -0.001 -13"><span class='ocrx_word' id='word_1_809' title='bbox 2169 3416 2658 3478; x_wconf 87' lang='lat' dir='ltr'><strong>demonstrantes,</strong></span> <span class='ocrx_word' id='word_1_810' title='bbox 2721 3412 2991 3483; x_wconf 90' lang='lat' dir='ltr'><strong>quisnam</strong></span> <span class='ocrx_word' id='word_1_811' title='bbox 3041 3412 3118 3468; x_wconf 89' lang='lat' dir='ltr'><strong>sit</strong></span> <span class='ocrx_word' id='word_1_812' title='bbox 3165 3413 3412 3469; x_wconf 90' lang='lat' dir='ltr'><strong>duarum</strong></span> <span class='ocrx_word' id='word_1_813' title='bbox 3480 3413 3816 3482; x_wconf 85' lang='lat' dir='ltr'><strong>civitatum,</strong></span> 
     </span>
    </p>
   </div>
   <div class='ocr_carea' id='block_1_112' title="bbox 2170 3492 3820 3564">
    <p class='ocr_par' dir='ltr' id='par_1_112' title="bbox 2170 3492 3820 3564">
     <span class='ocr_line' id='line_1_115' title="bbox 2170 3492 3820 3564; baseline -0.001 -14"><span class='ocrx_word' id='word_1_814' title='bbox 2170 3493 2424 3550; x_wconf 84' lang='lat' dir='ltr'><strong>caelestis</strong></span> <span class='ocrx_word' id='word_1_815' title='bbox 2454 3497 2629 3563; x_wconf 89' lang='lat' dir='ltr'><strong>atque</strong></span> <span class='ocrx_word' id='word_1_816' title='bbox 2659 3496 2921 3557; x_wconf 69' lang='lat' dir='ltr'><strong>terrenae,</strong></span> <span class='ocrx_word' id='word_1_817' title='bbox 2953 3492 3026 3547; x_wconf 90' lang='lat' dir='ltr'><strong>ab</strong></span> <span class='ocrx_word' id='word_1_818' title='bbox 3065 3492 3234 3548; x_wconf 90' lang='lat' dir='ltr'><strong>initio</strong></span> <span class='ocrx_word' id='word_1_819' title='bbox 3283 3509 3466 3564; x_wconf 90' lang='lat' dir='ltr'><strong>usque</strong></span> <span class='ocrx_word' id='word_1_820' title='bbox 3527 3493 3587 3547; x_wconf 91' lang='lat' dir='ltr'><strong>in</strong></span> <span class='ocrx_word' id='word_1_821' title='bbox 3638 3493 3820 3549; x_wconf 76' lang='lat' dir='ltr'><strong>tinem</strong></span> 
     </span>
    </p>
   </div>
   <div class='ocr_carea' id='block_1_113' title="bbox 2171 3571 3822 3646">
    <p class='ocr_par' dir='ltr' id='par_1_113' title="bbox 2171 3571 3822 3646">
     <span class='ocr_line' id='line_1_116' title="bbox 2171 3571 3822 3646; baseline -0.001 -17"><span class='ocrx_word' id='word_1_822' title='bbox 2171 3576 2585 3646; x_wconf 85' lang='lat' dir='ltr'><strong>permixtarum</strong></span> <span class='ocrx_word' id='word_1_823' title='bbox 2619 3571 2881 3627; x_wconf 86' lang='lat' dir='ltr'><strong>mortalis</strong></span> <span class='ocrx_word' id='word_1_824' title='bbox 2911 3587 3212 3630; x_wconf 88' lang='lat' dir='ltr'><strong>excursus.</strong></span> <span class='ocrx_word' id='word_1_825' title='bbox 3256 3575 3506 3638; x_wconf 87' lang='lat' dir='ltr'><strong>Quarum</strong></span> <span class='ocrx_word' id='word_1_826' title='bbox 3535 3573 3636 3628; x_wconf 89' lang='lat' dir='ltr'><strong>illa</strong></span> <span class='ocrx_word' id='word_1_827' title='bbox 3689 3587 3822 3644; x_wconf 66' lang='lat' dir='ltr'><strong>qua</strong></span> 
     </span>
    </p>
   </div>
   <div class='ocr_carea' id='block_1_114' title="bbox 2170 3650 3822 3724">
    <p class='ocr_par' dir='ltr' id='par_1_114' title="bbox 2170 3650 3822 3724">
     <span class='ocr_line' id='line_1_117' title="bbox 2170 3650 3822 3724; baseline -0.002 -14"><span class='ocrx_word' id='word_1_828' title='bbox 2170 3659 2397 3710; x_wconf 88' lang='lat' dir='ltr'><strong>terrena</strong></span> <span class='ocrx_word' id='word_1_829' title='bbox 2426 3658 2536 3719; x_wconf 88' lang='lat' dir='ltr'><strong>est,</strong></span> <span class='ocrx_word' id='word_1_830' title='bbox 2567 3650 2700 3706; x_wconf 83' lang='lat' dir='ltr'><strong>fecit</strong></span> <span class='ocrx_word' id='word_1_831' title='bbox 2729 3651 2836 3707; x_wconf 91' lang='lat' dir='ltr'><strong>sibi</strong></span> <span class='ocrx_word' id='word_1_832' title='bbox 2867 3668 3012 3722; x_wconf 88' lang='lat' dir='ltr'><strong>quos</strong></span> <span class='ocrx_word' id='word_1_833' title='bbox 3035 3653 3233 3717; x_wconf 90' lang='lat' dir='ltr'><strong>voluit,</strong></span> <span class='ocrx_word' id='word_1_834' title='bbox 3267 3653 3352 3708; x_wconf 89' lang='lat' dir='ltr'><strong>vel</strong></span> <span class='ocrx_word' id='word_1_835' title='bbox 3384 3654 3822 3724; x_wconf 88' lang='lat' dir='ltr'><strong>undecumque,</strong></span> 
     </span>
    </p>
   </div>
   <div class='ocr_carea' id='block_1_115' title="bbox 2171 3731 3823 3805">
    <p class='ocr_par' dir='ltr' id='par_1_115' title="bbox 2171 3731 3823 3805">
     <span class='ocr_line' id='line_1_118' title="bbox 2171 3731 3823 3805; baseline -0.001 -16"><span class='ocrx_word' id='word_1_836' title='bbox 2171 3734 2257 3789; x_wconf 90' lang='lat' dir='ltr'><strong>vel</strong></span> <span class='ocrx_word' id='word_1_837' title='bbox 2289 3735 2462 3789; x_wconf 89' lang='lat' dir='ltr'><strong>etiam</strong></span> <span class='ocrx_word' id='word_1_838' title='bbox 2496 3749 2564 3787; x_wconf 83' lang='lat' dir='ltr'><strong>ex</strong></span> <span class='ocrx_word' id='word_1_839' title='bbox 2594 3731 2928 3787; x_wconf 88' lang='lat' dir='ltr'><strong>hominibus</strong></span> <span class='ocrx_word' id='word_1_840' title='bbox 2971 3731 3144 3789; x_wconf 84' lang='lat' dir='ltr'><strong>falsos</strong></span> <span class='ocrx_word' id='word_1_841' title='bbox 3174 3734 3332 3800; x_wconf 90' lang='lat' dir='ltr'><strong>deos,</strong></span> <span class='ocrx_word' id='word_1_842' title='bbox 3376 3734 3591 3805; x_wconf 88' lang='lat' dir='ltr'><strong>quibus</strong></span> <span class='ocrx_word' id='word_1_843' title='bbox 3640 3734 3823 3789; x_wconf 86' lang='lat' dir='ltr'><strong>sacri-</strong></span> 
     </span>
    </p>
   </div>
   <div class='ocr_carea' id='block_1_116' title="bbox 2173 3813 3825 3886">
    <p class='ocr_par' dir='ltr' id='par_1_116' title="bbox 2173 3813 3825 3886">
     <span class='ocr_line' id='line_1_119' title="bbox 2173 3813 3825 3886; baseline 0 -17"><span class='ocrx_word' id='word_1_844' title='bbox 2173 3815 2398 3869; x_wconf 84' lang='lat' dir='ltr'><strong>ficando</strong></span> <span class='ocrx_word' id='word_1_845' title='bbox 2432 3813 2672 3868; x_wconf 85' lang='lat' dir='ltr'><strong>serviret</strong></span> <span class='ocrx_word' id='word_1_846' title='bbox 2703 3828 2717 3867; x_wconf 87' lang='lat'><strong>:</strong></span> <span class='ocrx_word' id='word_1_847' title='bbox 2752 3813 2853 3866; x_wconf 89' lang='lat' dir='ltr'><strong>illa</strong></span> <span class='ocrx_word' id='word_1_848' title='bbox 2883 3820 3078 3868; x_wconf 89' lang='lat' dir='ltr'><strong>autem</strong></span> <span class='ocrx_word' id='word_1_849' title='bbox 3111 3830 3238 3885; x_wconf 63' lang='lat' dir='ltr'><strong>qua</strong></span> <span class='ocrx_word' id='word_1_850' title='bbox 3269 3815 3520 3871; x_wconf 83' lang='lat' dir='ltr'><strong>ccelestis</strong></span> <span class='ocrx_word' id='word_1_851' title='bbox 3557 3815 3825 3886; x_wconf 81' lang='lat' dir='ltr'><strong>peregri-</strong></span> 
     </span>
    </p>
   </div>
   <div class='ocr_carea' id='block_1_117' title="bbox 2173 3893 3825 3963">
    <p class='ocr_par' dir='ltr' id='par_1_117' title="bbox 2173 3893 3825 3963">
     <span class='ocr_line' id='line_1_120' title="bbox 2173 3893 3825 3963; baseline 0 -12"><span class='ocrx_word' id='word_1_852' title='bbox 2173 3902 2343 3951; x_wconf 78' lang='lat' dir='ltr'><strong>natur</strong></span> <span class='ocrx_word' id='word_1_853' title='bbox 2371 3895 2429 3949; x_wconf 91' lang='lat' dir='ltr'><strong>in</strong></span> <span class='ocrx_word' id='word_1_854' title='bbox 2463 3899 2637 3961; x_wconf 87' lang='lat' dir='ltr'><strong>terra,</strong></span> <span class='ocrx_word' id='word_1_855' title='bbox 2673 3893 2846 3949; x_wconf 85' lang='lat' dir='ltr'><strong>falsos</strong></span> <span class='ocrx_word' id='word_1_856' title='bbox 2893 3895 3032 3950; x_wconf 90' lang='lat' dir='ltr'><strong>deos</strong></span> <span class='ocrx_word' id='word_1_857' title='bbox 3076 3911 3192 3951; x_wconf 90' lang='lat' dir='ltr'><strong>non</strong></span> <span class='ocrx_word' id='word_1_858' title='bbox 3243 3896 3398 3963; x_wconf 82' lang='lat' dir='ltr'><strong>facit,</strong></span> <span class='ocrx_word' id='word_1_859' title='bbox 3449 3898 3545 3952; x_wconf 90' lang='lat' dir='ltr'><strong>sed</strong></span> <span class='ocrx_word' id='word_1_860' title='bbox 3599 3912 3632 3950; x_wconf 90' lang='lat' dir='ltr'><strong>a</strong></span> <span class='ocrx_word' id='word_1_861' title='bbox 3691 3910 3825 3952; x_wconf 91' lang='lat' dir='ltr'><strong>vero</strong></span> 
     </span>
    </p>
   </div>
   <div class='ocr_carea' id='block_1_118' title="bbox 2173 3975 3821 4049">
    <p class='ocr_par' dir='ltr' id='par_1_118' title="bbox 2173 3975 3821 4049">
     <span class='ocr_line' id='line_1_121' title="bbox 2173 3975 3821 4049; baseline -0.001 -16"><span class='ocrx_word' id='word_1_862' title='bbox 2173 3977 2290 4033; x_wconf 88' lang='lat' dir='ltr'><strong>Deo</strong></span> <span class='ocrx_word' id='word_1_863' title='bbox 2323 3978 2446 4049; x_wconf 85' lang='lat' dir='ltr'><strong>ipsa</strong></span> <span class='ocrx_word' id='word_1_864' title='bbox 2480 3975 2566 4044; x_wconf 82' lang='lat' dir='ltr'><strong>ﬁt,</strong></span> <span class='ocrx_word' id='word_1_865' title='bbox 2625 3976 2796 4046; x_wconf 90' lang='lat' dir='ltr'><strong>cujus</strong></span> <span class='ocrx_word' id='word_1_866' title='bbox 2849 3991 3049 4030; x_wconf 88' lang='lat' dir='ltr'><strong>verum</strong></span> <span class='ocrx_word' id='word_1_867' title='bbox 3116 3976 3465 4032; x_wconf 79' lang='lat' dir='ltr'><strong>sacrificium</strong></span> <span class='ocrx_word' id='word_1_868' title='bbox 3527 3977 3658 4046; x_wconf 88' lang='lat' dir='ltr'><strong>ipsa</strong></span> <span class='ocrx_word' id='word_1_869' title='bbox 3719 3977 3821 4032; x_wconf 91' lang='lat' dir='ltr'><strong>sit.</strong></span> 
     </span>
    </p>
   </div>
   <div class='ocr_carea' id='block_1_119' title="bbox 2172 4056 3829 4128">
    <p class='ocr_par' dir='ltr' id='par_1_119' title="bbox 2172 4056 3829 4128">
     <span class='ocr_line' id='line_1_122' title="bbox 2172 4056 3829 4128; baseline -0.002 -14"><span class='ocrx_word' id='word_1_870' title='bbox 2172 4058 2369 4114; x_wconf 65' lang='lat' dir='ltr'><strong>Ambae</strong></span> <span class='ocrx_word' id='word_1_871' title='bbox 2425 4061 2620 4111; x_wconf 89' lang='lat' dir='ltr'><strong>tamen</strong></span> <span class='ocrx_word' id='word_1_872' title='bbox 2676 4056 3099 4125; x_wconf 85' lang='lat' dir='ltr'><strong>temporalibus</strong></span> <span class='ocrx_word' id='word_1_873' title='bbox 3182 4057 3272 4112; x_wconf 84' lang='lat' dir='ltr'><strong>vei</strong></span> <span class='ocrx_word' id='word_1_874' title='bbox 3357 4057 3527 4114; x_wconf 86' lang='lat' dir='ltr'><strong>bouis</strong></span> <span class='ocrx_word' id='word_1_875' title='bbox 3608 4058 3829 4128; x_wconf 81' lang='lat' dir='ltr'><strong>pariter</strong></span> 
     </span>
    </p>
   </div>
   <div class='ocr_carea' id='block_1_120' title="bbox 2173 4135 3824 4208">
    <p class='ocr_par' dir='ltr' id='par_1_120' title="bbox 2173 4135 3824 4208">
     <span class='ocr_line' id='line_1_123' title="bbox 2173 4135 3824 4208; baseline 0 -14"><span class='ocrx_word' id='word_1_876' title='bbox 2173 4145 2442 4205; x_wconf 83' lang='lat' dir='ltr'><strong>utuntur,</strong></span> <span class='ocrx_word' id='word_1_877' title='bbox 2473 4135 2561 4190; x_wconf 89' lang='lat' dir='ltr'><strong>vel</strong></span> <span class='ocrx_word' id='word_1_878' title='bbox 2593 4135 2764 4190; x_wconf 88' lang='lat' dir='ltr'><strong>malis</strong></span> <span class='ocrx_word' id='word_1_879' title='bbox 2795 4137 3009 4204; x_wconf 86' lang='lat' dir='ltr'><strong>pariter</strong></span> <span class='ocrx_word' id='word_1_880' title='bbox 3037 4137 3398 4208; x_wconf 79' lang='lat' dir='ltr'><strong>afﬂiguntur,</strong></span> <span class='ocrx_word' id='word_1_881' title='bbox 3433 4139 3664 4193; x_wconf 83' lang='lat' dir='ltr'><strong>diversa</strong></span> <span class='ocrx_word' id='word_1_882' title='bbox 3688 4138 3824 4205; x_wconf 84' lang='lat' dir='ltr'><strong>ﬁde,</strong></span> 
     </span>
    </p>
   </div>
   <div class='ocr_carea' id='block_1_121' title="bbox 2170 4216 3828 4288">
    <p class='ocr_par' dir='ltr' id='par_1_121' title="bbox 2170 4216 3828 4288">
     <span class='ocr_line' id='line_1_124' title="bbox 2170 4216 3828 4288; baseline 0 -15"><span class='ocrx_word' id='word_1_883' title='bbox 2170 4220 2399 4274; x_wconf 87' lang='lat' dir='ltr'><strong>diversa</strong></span> <span class='ocrx_word' id='word_1_884' title='bbox 2425 4232 2547 4288; x_wconf 90' lang='lat' dir='ltr'><strong>spe,</strong></span> <span class='ocrx_word' id='word_1_885' title='bbox 2581 4216 2803 4270; x_wconf 87' lang='lat' dir='ltr'><strong>diverso</strong></span> <span class='ocrx_word' id='word_1_886' title='bbox 2856 4231 3072 4283; x_wconf 89' lang='lat' dir='ltr'><strong>amore,</strong></span> <span class='ocrx_word' id='word_1_887' title='bbox 3123 4217 3304 4272; x_wconf 88' lang='lat' dir='ltr'><strong>donec</strong></span> <span class='ocrx_word' id='word_1_888' title='bbox 3355 4219 3558 4273; x_wconf 89' lang='lat' dir='ltr'><strong>ultimo</strong></span> <span class='ocrx_word' id='word_1_889' title='bbox 3597 4217 3828 4287; x_wconf 88' lang='lat' dir='ltr'><strong>judicio</strong></span> 
     </span>
    </p>
   </div>
   <div class='ocr_carea' id='block_1_122' title="bbox 2169 4296 3830 4370">
    <p class='ocr_par' dir='ltr' id='par_1_122' title="bbox 2169 4296 3830 4370">
     <span class='ocr_line' id='line_1_125' title="bbox 2169 4296 3830 4370; baseline -0.001 -14"><span class='ocrx_word' id='word_1_890' title='bbox 2169 4304 2529 4370; x_wconf 85' lang='lat' dir='ltr'><strong>separentur,</strong></span> <span class='ocrx_word' id='word_1_891' title='bbox 2558 4302 2614 4352; x_wconf 90' lang='lat' dir='ltr'><strong>et</strong></span> <span class='ocrx_word' id='word_1_892' title='bbox 2644 4296 2926 4368; x_wconf 90' lang='lat' dir='ltr'><strong>percipiat</strong></span> <span class='ocrx_word' id='word_1_893' title='bbox 2982 4314 3344 4370; x_wconf 63' lang='lat' dir='ltr'><strong>unaquaque</strong></span> <span class='ocrx_word' id='word_1_894' title='bbox 3393 4316 3566 4354; x_wconf 89' lang='lat' dir='ltr'><strong>suum</strong></span> <span class='ocrx_word' id='word_1_895' title='bbox 3618 4299 3830 4366; x_wconf 81' lang='lat' dir='ltr'><strong>tinem,</strong></span> 
     </span>
    </p>
   </div>
   <div class='ocr_carea' id='block_1_123' title="bbox 2170 4377 3826 4449">
    <p class='ocr_par' dir='ltr' id='par_1_123' title="bbox 2170 4377 3826 4449">
     <span class='ocr_line' id='line_1_126' title="bbox 2170 4377 3826 4449; baseline -0.002 -13"><span class='ocrx_word' id='word_1_896' title='bbox 2170 4381 2341 4449; x_wconf 87' lang='lat' dir='ltr'><strong>cujus</strong></span> <span class='ocrx_word' id='word_1_897' title='bbox 2367 4377 2564 4433; x_wconf 88' lang='lat' dir='ltr'><strong>nullus</strong></span> <span class='ocrx_word' id='word_1_898' title='bbox 2619 4383 2708 4431; x_wconf 86' lang='lat' dir='ltr'><strong>est</strong></span> <span class='ocrx_word' id='word_1_899' title='bbox 2741 4379 2918 4432; x_wconf 85' lang='lat' dir='ltr'><strong>linis:</strong></span> <span class='ocrx_word' id='word_1_900' title='bbox 2955 4381 3025 4435; x_wconf 90' lang='lat' dir='ltr'><strong>de</strong></span> <span class='ocrx_word' id='word_1_901' title='bbox 3063 4380 3280 4449; x_wconf 85' lang='lat' dir='ltr'><strong>quibus</strong></span> <span class='ocrx_word' id='word_1_902' title='bbox 3328 4380 3637 4436; x_wconf 87' lang='lat' dir='ltr'><strong>ambarum</strong></span> <span class='ocrx_word' id='word_1_903' title='bbox 3688 4378 3826 4434; x_wconf 81' lang='lat' dir='ltr'><strong>fini-</strong></span> 
     </span>
    </p>
   </div>
   <div class='ocr_carea' id='block_1_124' title="bbox 2170 4456 3162 4526">
    <p class='ocr_par' dir='ltr' id='par_1_124' title="bbox 2170 4456 3162 4526">
     <span class='ocr_line' id='line_1_127' title="bbox 2170 4456 3162 4526; baseline -0.002 -11"><span class='ocrx_word' id='word_1_904' title='bbox 2170 4462 2280 4516; x_wconf 88' lang='lat' dir='ltr'><strong>bus</strong></span> <span class='ocrx_word' id='word_1_905' title='bbox 2311 4459 2584 4526; x_wconf 86' lang='lat' dir='ltr'><strong>deinceps</strong></span> <span class='ocrx_word' id='word_1_906' title='bbox 2615 4456 3026 4513; x_wconf 88' lang='lat' dir='ltr'><strong>disserendum</strong></span> <span class='ocrx_word' id='word_1_907' title='bbox 3052 4462 3162 4514; x_wconf 89' lang='lat' dir='ltr'><strong>est.</strong></span> 
     </span>
    </p>
   </div>
   <div class='ocr_carea' id='block_1_125' title="bbox 2234 4640 3824 4704">
    <p class='ocr_par' dir='ltr' id='par_1_125' title="bbox 2234 4640 3824 4704">
     <span class='ocr_line' id='line_1_128' title="bbox 2234 4640 3824 4704; baseline -0.003 -15"><span class='ocrx_word' id='word_1_908' title='bbox 2234 4641 2310 4702; x_wconf 90' lang='lat' dir='ltr'><strong>(a)</strong></span> <span class='ocrx_word' id='word_1_909' title='bbox 2325 4641 2626 4690; x_wconf 88' lang='lat' dir='ltr'><strong>Leonardus</strong></span> <span class='ocrx_word' id='word_1_910' title='bbox 2640 4641 2913 4704; x_wconf 88' lang='lat' dir='ltr'><strong>Coquaeus</strong></span> <span class='ocrx_word' id='word_1_911' title='bbox 2930 4643 2982 4690; x_wconf 89' lang='lat' dir='ltr'><strong>in</strong></span> <span class='ocrx_word' id='word_1_912' title='bbox 3012 4643 3156 4690; x_wconf 87' lang='lat' dir='ltr'><strong>hunc</strong></span> <span class='ocrx_word' id='word_1_913' title='bbox 3183 4641 3378 4696; x_wconf 86' lang='lat' dir='ltr'><strong>locum,</strong></span> <span class='ocrx_word' id='word_1_914' title='bbox 3397 4658 3424 4686; x_wconf 75' lang='grc' dir='ltr'>α</span> <span class='ocrx_word' id='word_1_915' title='bbox 3441 4640 3518 4704; x_wconf 58' lang='lat' dir='ltr'><strong>Ad</strong></span> <span class='ocrx_word' id='word_1_916' title='bbox 3535 4648 3760 4700; x_wconf 76' lang='lat' dir='ltr'><strong>annum,</strong></span> <span class='ocrx_word' id='word_1_917' title='bbox 3801 4655 3824 4684; x_wconf 71' lang='grc' dir='ltr'><strong>ι</strong></span> 
     </span>
    </p>
   </div>
   <div class='ocr_carea' id='block_1_126' title="bbox 2170 4703 3832 4765">
    <p class='ocr_par' dir='ltr' id='par_1_126' title="bbox 2170 4703 3832 4765">
     <span class='ocr_line' id='line_1_129' title="bbox 2170 4703 3832 4765; baseline 0.001 -14"><span class='ocrx_word' id='word_1_918' title='bbox 2170 4705 2262 4758; x_wconf 89' lang='lat' dir='ltr'><strong>ait.</strong></span> <span class='ocrx_word' id='word_1_919' title='bbox 2298 4719 2466 4765; x_wconf 88' lang='lat' dir='ltr'><strong>usque</strong></span> <span class='ocrx_word' id='word_1_920' title='bbox 2495 4706 2688 4753; x_wconf 88' lang='lat' dir='ltr'><strong>Christi</strong></span> <span class='ocrx_word' id='word_1_921' title='bbox 2721 4703 2831 4765; x_wconf 75' lang='lat'><strong>420,</strong></span> <span class='ocrx_word' id='word_1_922' title='bbox 2867 4705 3144 4754; x_wconf 86' lang='lat' dir='ltr'><strong>Theodosii</strong></span> <span class='ocrx_word' id='word_1_923' title='bbox 3172 4704 3409 4753; x_wconf 76' lang='lat' dir='ltr'><strong>Iunior-is</strong></span> <span class='ocrx_word' id='word_1_924' title='bbox 3443 4703 3524 4758; x_wconf 79' lang='grc'>22,</span> <span class='ocrx_word' id='word_1_925' title='bbox 3555 4715 3664 4765; x_wconf 85' lang='lat' dir='ltr'><strong>quo</strong></span> <span class='ocrx_word' id='word_1_926' title='bbox 3694 4704 3832 4765; x_wconf 74' lang='lat' dir='ltr'><strong>haec</strong></span> 
     </span>
    </p>
   </div>
   <div class='ocr_carea' id='block_1_127' title="bbox 2171 4761 3833 4829">
    <p class='ocr_par' dir='ltr' id='par_1_127' title="bbox 2171 4761 3833 4829">
     <span class='ocr_line' id='line_1_130' title="bbox 2171 4761 3833 4829; baseline 0.001 -17"><span class='ocrx_word' id='word_1_927' title='bbox 2171 4785 2196 4812; x_wconf 71' lang='grc' dir='ltr'>κ</span> <span class='ocrx_word' id='word_1_928' title='bbox 2226 4761 2489 4816; x_wconf 61' lang='lat' dir='ltr'><strong>scribant</strong></span> <span class='ocrx_word' id='word_1_929' title='bbox 2517 4761 2863 4829; x_wconf 79' lang='lat' dir='ltr'><strong>Augustinus.</strong></span> <span class='ocrx_word' id='word_1_930' title='bbox 2896 4787 2920 4811; x_wconf 78' lang='grc' dir='ltr'><strong>ιο</strong></span> <span class='ocrx_word' id='word_1_931' title='bbox 2955 4769 3146 4817; x_wconf 83' lang='lat' dir='ltr'><strong>Eodem</strong></span> <span class='ocrx_word' id='word_1_932' title='bbox 3193 4780 3260 4815; x_wconf 84' lang='lat' dir='ltr'><strong>ex</strong></span> <span class='ocrx_word' id='word_1_933' title='bbox 3287 4766 3403 4816; x_wconf 81' lang='lat' dir='ltr'><strong>ioco</strong></span> <span class='ocrx_word' id='word_1_934' title='bbox 3447 4761 3725 4821; x_wconf 72' lang='lat' dir='ltr'><strong>Duronius,</strong></span> <span class='ocrx_word' id='word_1_935' title='bbox 3759 4761 3833 4829; x_wconf 70' lang='lat' dir='ltr'><strong>ad</strong></span> 
     </span>
    </p>
   </div>
   <div class='ocr_carea' id='block_1_128' title="bbox 2169 4827 3832 4893">
    <p class='ocr_par' dir='ltr' id='par_1_128' title="bbox 2169 4827 3832 4893">
     <span class='ocr_line' id='line_1_131' title="bbox 2169 4827 3832 4893; baseline -0.001 -15"><span class='ocrx_word' id='word_1_936' title='bbox 2169 4843 2375 4893; x_wconf 83' lang='lat' dir='ltr'><strong>annum</strong></span> <span class='ocrx_word' id='word_1_937' title='bbox 2402 4830 2513 4889; x_wconf 83' lang='grc'>426,</span> <span class='ocrx_word' id='word_1_938' title='bbox 2558 4827 2624 4878; x_wconf 46' lang='lat' dir='ltr'><strong>n.—</strong></span> <span class='ocrx_word' id='word_1_939' title='bbox 2659 4831 2736 4885; x_wconf 86' lang='grc'><strong>17,</strong></span> <span class='ocrx_word' id='word_1_940' title='bbox 2785 4833 2940 4893; x_wconf 86' lang='lat' dir='ltr'><strong>putat</strong></span> <span class='ocrx_word' id='word_1_941' title='bbox 2987 4831 3242 4892; x_wconf 76' lang='lat' dir='ltr'><strong>scriptum</strong></span> <span class='ocrx_word' id='word_1_942' title='bbox 3263 4831 3420 4893; x_wconf 16' lang='lat' dir='ltr'><strong>&quot;hunc</strong></span> <span class='ocrx_word' id='word_1_943' title='bbox 3451 4830 3651 4878; x_wconf 88' lang='lat' dir='ltr'><strong>librum</strong></span> <span class='ocrx_word' id='word_1_944' title='bbox 3679 4827 3832 4877; x_wconf 67' lang='lat' dir='ltr'><strong>annb</strong></span> 
     </span>
    </p>
   </div>
   <div class='ocr_carea' id='block_1_129' title="bbox 2169 4892 3832 4955">
    <p class='ocr_par' dir='ltr' id='par_1_129' title="bbox 2169 4892 3832 4955">
     <span class='ocr_line' id='line_1_132' title="bbox 2169 4892 3832 4955; baseline -0.001 -15"><span class='ocrx_word' id='word_1_945' title='bbox 2169 4892 2278 4955; x_wconf 78' lang='lat'><strong>429,</strong></span> <span class='ocrx_word' id='word_1_946' title='bbox 2310 4895 2563 4955; x_wconf 81' lang='lat' dir='ltr'><strong>quoniam</strong></span> <span class='ocrx_word' id='word_1_947' title='bbox 2581 4908 2614 4942; x_wconf 90' lang='lat' dir='ltr'><strong>a</strong></span> <span class='ocrx_word' id='word_1_948' title='bbox 2630 4892 2804 4942; x_wconf 35' lang='lat' dir='ltr'><strong>Mallii’</strong></span> <span class='ocrx_word' id='word_1_949' title='bbox 2821 4894 3078 4943; x_wconf 88' lang='lat' dir='ltr'><strong>Theodori</strong></span> <span class='ocrx_word' id='word_1_950' title='bbox 3093 4892 3395 4946; x_wconf 68' lang='lat' dir='ltr'><strong>consulatu.</strong></span> <span class='ocrx_word' id='word_1_951' title='bbox 3408 4892 3508 4954; x_wconf 80' lang='lat' dir='ltr'><strong>qui</strong></span> <span class='ocrx_word' id='word_1_952' title='bbox 3527 4893 3588 4940; x_wconf 87' lang='lat' dir='ltr'><strong>in</strong></span> <span class='ocrx_word' id='word_1_953' title='bbox 3619 4897 3832 4955; x_wconf 70' lang='lat' dir='ltr'><strong>annum</strong></span> 
     </span>
    </p>
   </div>
   <div class='ocr_carea' id='block_1_130' title="bbox 2167 4952 3834 5018">
    <p class='ocr_par' dir='ltr' id='par_1_130' title="bbox 2167 4952 3834 5018">
     <span class='ocr_line' id='line_1_133' title="bbox 2167 4952 3834 5018; baseline -0.001 -16"><span class='ocrx_word' id='word_1_954' title='bbox 2167 4954 2261 5002; x_wconf 84' lang='lat'><strong>399</strong></span> <span class='ocrx_word' id='word_1_955' title='bbox 2289 4952 2491 5006; x_wconf 75' lang='lat' dir='ltr'><strong>incidit.</strong></span> <span class='ocrx_word' id='word_1_956' title='bbox 2523 4959 2902 5018; x_wconf 82' lang='lat' dir='ltr'><strong>computantur</strong></span> <span class='ocrx_word' id='word_1_957' title='bbox 2950 4957 3036 5006; x_wconf 88' lang='lat' dir='ltr'><strong>hic</strong></span> <span class='ocrx_word' id='word_1_958' title='bbox 3084 4956 3211 5004; x_wconf 87' lang='lat' dir='ltr'><strong>anui</strong></span> <span class='ocrx_word' id='word_1_959' title='bbox 3246 4956 3409 5003; x_wconf 85' lang='lat' dir='ltr'><strong>ferme</strong></span> <span class='ocrx_word' id='word_1_960' title='bbox 3431 4952 3689 5016; x_wconf 49' lang='lat' dir='ltr'><strong>triginta.</strong></span> <span class='ocrx_word' id='word_1_961' title='bbox 3725 4952 3834 5002; x_wconf 83' lang='lat' dir='ltr'><strong>Sed</strong></span> 
     </span>
    </p>
   </div>
   <div class='ocr_carea' id='block_1_131' title="bbox 2169 5018 3832 5082">
    <p class='ocr_par' dir='ltr' id='par_1_131' title="bbox 2169 5018 3832 5082">
     <span class='ocr_line' id='line_1_134' title="bbox 2169 5018 3832 5082; baseline 0.001 -18"><span class='ocrx_word' id='word_1_962' title='bbox 2169 5020 2408 5079; x_wconf 81' lang='lat' dir='ltr'><strong>praeﬁxa</strong></span> <span class='ocrx_word' id='word_1_963' title='bbox 2433 5019 2695 5082; x_wconf 85' lang='lat' dir='ltr'><strong>particula</strong></span> <span class='ocrx_word' id='word_1_964' title='bbox 2722 5021 2902 5078; x_wconf 81' lang='lat' dir='ltr'><strong>ferme</strong></span> <span class='ocrx_word' id='word_1_965' title='bbox 2946 5031 3056 5068; x_wconf 87' lang='lat' dir='ltr'><strong>non</strong></span> <span class='ocrx_word' id='word_1_966' title='bbox 3101 5020 3329 5082; x_wconf 18' lang='lat' dir='ltr'><strong>obscure,</strong></span> <span class='ocrx_word' id='word_1_967' title='bbox 3351 5018 3618 5082; x_wconf 78' lang='lat' dir='ltr'><strong>signiﬁcat</strong></span> <span class='ocrx_word' id='word_1_968' title='bbox 3649 5021 3832 5082; x_wconf 55' lang='lat' dir='ltr'><strong>Augg.</strong></span> 
     </span>
    </p>
   </div>
   <div class='ocr_carea' id='block_1_132' title="bbox 2170 5078 3831 5142">
    <p class='ocr_par' dir='ltr' id='par_1_132' title="bbox 2170 5078 3831 5142">
     <span class='ocr_line' id='line_1_135' title="bbox 2170 5078 3831 5142; baseline 0.003 -13"><span class='ocrx_word' id='word_1_969' title='bbox 2170 5078 2342 5130; x_wconf 79' lang='lat' dir='ltr'><strong>stinus</strong></span> <span class='ocrx_word' id='word_1_970' title='bbox 2366 5078 2452 5129; x_wconf 81' lang='lat' dir='ltr'><strong>uti</strong></span> <span class='ocrx_word' id='word_1_971' title='bbox 2496 5095 2550 5130; x_wconf 89' lang='lat' dir='ltr'><strong>se</strong></span> <span class='ocrx_word' id='word_1_972' title='bbox 2583 5083 2810 5130; x_wconf 82' lang='lat' dir='ltr'><strong>rotundo</strong></span> <span class='ocrx_word' id='word_1_973' title='bbox 2840 5095 3082 5137; x_wconf 82' lang='lat' dir='ltr'><strong>numero.</strong></span> <span class='ocrx_word' id='word_1_974' title='bbox 3123 5081 3336 5130; x_wconf 86' lang='lat' dir='ltr'><strong>tametsi</strong></span> <span class='ocrx_word' id='word_1_975' title='bbox 3373 5078 3564 5142; x_wconf 82' lang='lat' dir='ltr'><strong>plenus</strong></span> <span class='ocrx_word' id='word_1_976' title='bbox 3596 5092 3706 5128; x_wconf 90' lang='lat' dir='ltr'><strong>non</strong></span> <span class='ocrx_word' id='word_1_977' title='bbox 3735 5078 3831 5142; x_wconf 50' lang='grc' dir='ltr'><strong>ᾧ.</strong></span> 
     </span>
    </p>
   </div>
   <div class='ocr_carea' id='block_1_133' title="bbox 2167 5139 3834 5207">
    <p class='ocr_par' dir='ltr' id='par_1_133' title="bbox 2167 5139 3834 5207">
     <span class='ocr_line' id='line_1_136' title="bbox 2167 5139 3834 5207; baseline 0 -17"><span class='ocrx_word' id='word_1_978' title='bbox 2167 5146 2220 5207; x_wconf 90' lang='lat' dir='ltr'><strong>et</strong></span> <span class='ocrx_word' id='word_1_979' title='bbox 2248 5144 2422 5207; x_wconf 85' lang='lat' dir='ltr'><strong>desint</strong></span> <span class='ocrx_word' id='word_1_980' title='bbox 2451 5145 2578 5191; x_wconf 89' lang='lat' dir='ltr'><strong>anni</strong></span> <span class='ocrx_word' id='word_1_981' title='bbox 2607 5148 2713 5207; x_wconf 87' lang='lat' dir='ltr'><strong>tres</strong></span> <span class='ocrx_word' id='word_1_982' title='bbox 2751 5145 2836 5194; x_wconf 86' lang='lat' dir='ltr'><strong>vel</strong></span> <span class='ocrx_word' id='word_1_983' title='bbox 2863 5147 3112 5207; x_wconf 86' lang='lat' dir='ltr'><strong>quatuor.</strong></span> <span class='ocrx_word' id='word_1_984' title='bbox 3148 5139 3601 5206; x_wconf 69' lang='lat' dir='ltr'><strong>quemadmodum</strong></span> <span class='ocrx_word' id='word_1_985' title='bbox 3627 5139 3834 5191; x_wconf 75' lang='lat' dir='ltr'><strong>intelli-</strong></span> 
     </span>
    </p>
   </div>
   <div class='ocr_carea' id='block_1_134' title="bbox 2169 5205 2961 5270">
    <p class='ocr_par' dir='ltr' id='par_1_134' title="bbox 2169 5205 2961 5270">
     <span class='ocr_line' id='line_1_137' title="bbox 2169 5205 2961 5270; baseline 0.004 -17"><span class='ocrx_word' id='word_1_986' title='bbox 2169 5206 2310 5267; x_wconf 77' lang='lat' dir='ltr'><strong>gitur</strong></span> <span class='ocrx_word' id='word_1_987' title='bbox 2340 5205 2500 5261; x_wconf 77' lang='lat' dir='ltr'><strong>intra,</strong></span> <span class='ocrx_word' id='word_1_988' title='bbox 2534 5207 2628 5255; x_wconf 66' lang='lat' dir='ltr'><strong>tib.</strong></span> <span class='ocrx_word' id='word_1_989' title='bbox 2660 5206 2739 5262; x_wconf 83' lang='grc'>22,</span> <span class='ocrx_word' id='word_1_990' title='bbox 2770 5205 2897 5270; x_wconf 70' lang='grc' dir='ltr'><strong>οδρῖ</strong></span> <span class='ocrx_word' id='word_1_991' title='bbox 2911 5206 2961 5256; x_wconf 82' lang='grc'><strong>8.</strong></span> 
     </span>
    </p>
   </div>
  </div>
