4110 6196
361 315 478 381 621

376 466 2919 513 mh—

1578 339 1813 401 LIBER
1857 341 2195 406 DECIMUS
2238 348 2525 411 NONUS.

3649 380 3771 459 582

2936 506 3772 541 ._.________

921 646 1489 786 LIBER
1597 650 2419 792 DECIMUS
2528 658 3194 808 NONUS.

356 903 1739 1000 Ῑηιιῗξῖοηῗξηξῖῗιίξὶ¹¹ἷιῖξξῖίοῗῖίξηῖἶέῖίῖίἮῖδὶὲῗξῗῗῗτθ
1768 928 1842 1000 ⁸1⁵.
1872 916 2121 1000 ῨΞῈῙΞῖίίθ
2152 918 2874 1000 Ἔίῗενιὲίθιυνκλεῖοθὲδβιὲιιπ,
2891 930 2955 979 de
2984 932 3243 984 bonorum
3267 941 3319 988 et
3346 943 3608 996 malorum
3635 949 3766 1000 fini-

421 966 520 1014 bus
546 969 824 1030 Opiniones
853 966 1305 1035 philosophorum.
1337 976 1428 1036 qui
1455 966 1846 1026 beatitudinem
1872 978 1929 1026 in
1974 979 2075 1028 hac
2112 966 2262 1030 'vita‘
2280 966 2455 1033 iacere
2484 966 2955 1047 ib'éi'éiﬁi
2973 966 3679 1068 ὧνημᾶἶυεῖιῆιτιέῖιέυὲῗιῗιῐὲ

421 1030 588 1068 mnium
643 1032 958 1068 mfnllnnhn-
1005 1035 1172 1068 inuina
1202 1038 1434 1068 nivifnlia
1466 1039 1702 1068 nnnlnaﬁa
1774 1053 1862 1068 οοιι
1914 1042 2090 1068 ,αι-π.ιῖ
2142 1044 2416 1068 ηι.-ξ.σ.ιε....ε
2470 1048 2732 1068 ι.--ιει--λ,
2779 1056 2814 1068 κ.
3322 1066 3329 1068 .

415 1029 598 1106 rosius:
641 1029 976 1108 refelluntur,
1004 1029 1174 1097 ipsius
1202 1029 1435 1086 civitatis
1466 1039 1723 1094 coelestia,
1773 1053 1868 1089 seu
1913 1042 2096 1104 pepuli
2141 1029 3765 1135 omiseris—1'ﬁééiiiﬁa'o'éi'ﬁh}EEESﬁiiuiit“Eililﬁlsﬁeom

415 1090 619 1141 haberi.
651 1095 737 1141 vel
754 1109 814 1141 1n
841 1097 1082 1141 futurum
1114 1101 1311 1141 snm‘m'i
1344 1101 1520 1141 nnasxit,
1555 1102 1966 1141 damnngtmtnr,
3362 1104 3377 1125 '

414 1090 619 1154 haberi,
651 1095 737 1145 vel
754 1095 814 1145 in
841 1090 1083 1148 futurum
1114 1101 1314 1163 sperari
1342 1101 1524 1165 possit,
1555 1090 1969 1153 demonstratur.

1834 1265 2307 1318 MD

416 1444 650 1501 CAPUT
680 1445 987 1503 PRIMUM.
1019 1478 1090 1491 --
1119 1449 1274 1517 Quod
1302 1452 1359 1505 in
1391 1453 1704 1522 quaestione,
1728 1469 1896 1524 quam
1927 1451 1992 1506 de

342 1526 551 1595 ﬁnibus
582 1528 845 1583 bonorum
869 1533 921 1584 et
966 1530 1246 1585 malorum
1290 1531 1662 1603 philosoPhica
1691 1533 1990 1604 disputatio

341 1606 649 1671 ventitavit,
684 1608 951 1663 ducentas
980 1612 1254 1678 octoginta
1282 1616 1337 1666 et
1371 1621 1489 1668 orto
1517 1617 1685 1670 sectas
1714 1629 1823 1669 esse
1840 1627 1993 1683 posse

350 1686 515 1743 Varro
539 1690 909 1759 perspexerit.

418 1823 465 1877 1.
498 1820 784 1885 Quoniam
814 1823 885 1879 de
914 1823 1160 1880 civitatis
1193 1826 1522 1900 utriusque,
1556 1832 1797 1885 terrenae
1828 1827 1991 1885 scili-

338 1912 428 1961 cet
458 1908 515 1958 et
540 1903 811 1970 caelestis,
843 1905 1058 1962 debitis
1089 1906 1306 1963 ﬁnibus
1338 1910 1614 1980 deinceps
1650 1911 1793 1965 mihi
1825 1910 1987 1965 video

339 1983 763 2053 disputandum
807 2002 820 2052 ;
883 1986 1044 2054 prius
1104 1990 1443 2059 exponenda
1490 1994 1651 2056 sunt,
1698 1994 1986 2061 quantum

336 2063 528 2133 aperis
560 2064 735 2132 hujus
784 2066 1136 2121 terminandi
1181 2069 1328 2124 ratio
1373 2069 1613 2139 patitur,
1647 2074 1989 2137 argumenta

337 2143 692 2209 mortalium,
726 2145 941 2215 quibus
969 2146 1078 2200 sibi
1107 2146 1217 2217 ipsi
1250 2148 1676 2204 beatitudinem
1712 2150 1897 2203 facere
1929 2150 1986 2204 in

336 2223 514 2294 hujus
547 2227 670 2278 vita;
705 2224 1040 2299 infelicitate
1074 2227 1259 2281 moliti
1292 2233 1453 2295 sunt,
1480 2233 1543 2282 ut
1573 2229 1644 2283 ab
1677 2244 1881 2283 eorum
1900 2245 1986 2285 re-

335 2304 446 2360 bus
478 2306 639 2360 vanis
666 2323 798 2375 spes
818 2312 1015 2362 nostra
1042 2309 1183 2378 quid
1217 2310 1463 2375 differat,
1494 2327 1673 2380 quam
1708 2310 1860 2366 Deus
1892 2327 1989 2366 no-

337 2384 431 2439 bis
461 2384 639 2452 dedit,
674 2389 732 2441 et
759 2403 850 2442 res
881 2386 1035 2459 ipsa,
1067 2388 1176 2443 hoc
1207 2393 1296 2444 est
1326 2405 1458 2445 vera
1481 2390 1774 2446 beatitudo
1807 2408 1984 2461 quam

334 2463 518 2533 dabit,
552 2483 665 2521 non
709 2471 937 2522 tantum
969 2468 1314 2524 auctoritate
1344 2470 1561 2537 divina,
1593 2472 1694 2527 sed
1729 2470 1985 2527 adhibita

330 2545 509 2600 etiam
543 2546 786 2614 ratione,
826 2547 1057 2618 qualem
1088 2553 1326 2620 propter
1356 2550 1620 2607 inﬁdeles
1672 2568 1983 2621 possumus

330 2626 631 2693 adhibere,
664 2627 965 2684 clarescat.
1002 2633 1080 2685 De
1128 2628 1341 2685 ﬁnibus
1391 2631 1547 2686 enim
1596 2630 1874 2687 bonorum
1925 2636 1983 2688 et

329 2706 621 2762 malorum
657 2708 842 2764 multa
874 2714 929 2765 et
959 2708 1364 2781 multipliciter
1384 2711 1536 2766 inter
1556 2728 1617 2767 se
1646 2712 1981 2783 philosophi

327 2786 704 2859 disputarunt
727 2805 741 2845 :
767 2806 940 2860 quam
967 2791 1352 2862 quaestionem
1378 2792 1630 2848 maxima
1652 2793 1979 2850 intentione

323 2874 642 2937 versantes,
670 2869 929 2925 invenire
959 2869 1154 2925 conati
1183 2877 1320 2927 sunt
1350 2872 1488 2943 quid
1533 2873 1748 2928 efﬁciat
1777 2873 1976 2929 homi-

318 2963 456 3003 nem
491 2949 745 3005 beatum.
769 2950 919 3005 Illud
954 2952 1110 3007 enim
1128 2956 1214 3007 est
1245 2951 1377 3008 ﬁnis
1397 2953 1533 3008 boni
1566 2955 1776 3023 nostri,
1806 2971 1976 3026 prop-

316 3030 409 3083 ter
462 3030 615 3099 quod
674 3032 998 3101 appetenda
1056 3036 1195 3086 sunt
1242 3037 1470 3096 cetera,
1520 3032 1719 3103 ipsum
1779 3038 1971 3090 autem

318 3114 559 3179 propter
587 3109 845 3181 seipsum
881 3125 895 3166 :
928 3114 985 3166 et
1013 3109 1157 3166 illud
1190 3110 1325 3166 ﬁnis
1355 3111 1517 3181 mali,
1553 3117 1785 3185 propter
1814 3112 1969 3184 quod

317 3189 558 3244 vitanda
588 3195 726 3245 sunt
755 3194 980 3257 caetera,
1012 3191 1209 3262 ipsum
1251 3196 1445 3248 autem
1492 3197 1727 3263 propter
1774 3210 1836 3248 se
1881 3194 1969 3264 ip-

314 3282 472 3323 sum.
504 3270 701 3325 Finem
734 3286 866 3340 ergo
898 3270 1035 3325 boni
1067 3287 1221 3327 nunc
1251 3272 1523 3337 dicimus,
1550 3289 1664 3328 non
1695 3291 1809 3345 quo
1828 3291 1967 3329 con-

313 3355 611 3418 sumatur,
646 3355 853 3407 utnon
896 3350 994 3418 sit,
1027 3353 1127 3407 sed
1179 3367 1294 3423 quo
1329 3353 1688 3423 perﬁciatur,
1734 3359 1796 3409 ut
1846 3356 1969 3426 ple-

314 3446 461 3486 num
495 3432 604 3495 sit;
638 3436 695 3487 et
724 3431 902 3486 ﬁnem
936 3431 1097 3498 mali,
1132 3447 1245 3486 non
1279 3449 1395 3502 quo
1425 3449 1553 3488 esse
1584 3433 1830 3503 desinat,
1864 3436 1965 3491 sed

313 3527 434 3582 quo
486 3527 669 3581 usque
720 3512 979 3567 nocendo
1030 3512 1331 3582 perducat.
1383 3512 1552 3567 Fines
1617 3512 1815 3584 itaque
1870 3514 1964 3569 isti

312 3596 483 3658 sunt,
516 3608 815 3647 summum
860 3592 1102 3659 bonum,
1138 3601 1191 3649 et
1239 3609 1541 3648 summum
1591 3594 1834 3648 malum.
1886 3594 1966 3650 De

311 3673 532 3742 quibus
564 3672 947 3740 inveniendis,
969 3678 1142 3743 atque
1172 3671 1230 3727 in
1273 3672 1379 3727 hac
1409 3672 1527 3728 vita
1557 3688 1791 3727 summo
1816 3674 1966 3730 bono

308 3752 713 3821 adipiscendo,
744 3752 977 3809 vitando
1008 3756 1207 3808 autem
1230 3768 1461 3808 summo
1487 3752 1661 3821 malo,
1687 3754 1962 3823 multum,

307 3832 466 3887 sicut
497 3832 637 3896 dixi,
663 3832 1090 3897 laboraverunt,
1124 3832 1225 3904 qui
1257 3834 1521 3889 studium
1572 3833 1872 3905 sapientia:
1902 3836 1964 3893 in

306 3911 494 3982 hujus
538 3914 737 3969 saeculi
784 3914 1037 3969 vanitate
1088 3914 1328 3985 professi
1379 3919 1563 3969 sunt:
1615 3931 1722 3971 nec
1766 3919 1962 3972 tamen

304 4008 433 4063 eos,
467 3994 735 4062 quamvis
763 3994 1011 4050 diversis
1041 3999 1299 4049 errantes
1322 3994 1511 4050 modis
1544 4000 1764 4051 naturae
1796 3995 1963 4052 limes

304 4072 370 4128 in
403 4078 637 4130 tantum
668 4076 740 4131 ab
789 4074 992 4130 itinere
1026 4074 1288 4130 veritatis
1319 4074 1549 4130 deviare
1581 4076 1867 4146 permisit,
1902 4082 1963 4132 ut

306 4170 429 4209 non
462 4155 561 4211 alii
593 4155 653 4211 in
684 4154 901 4221 animo,
935 4154 1032 4210 alii
1066 4156 1127 4210 in
1159 4171 1420 4226 corpore,
1455 4155 1553 4210 alii
1604 4157 1663 4211 in
1714 4164 1961 4227 utroque

305 4238 457 4293 fines
488 4239 776 4301 bonorum
817 4244 1097 4309 ponerent
1145 4242 1200 4292 et
1232 4238 1539 4294 malorum.
1574 4238 1654 4293 Ex
1697 4254 1813 4309 qua
1860 4238 1961 4293 tri-

303 4320 521 4391 pertita
560 4318 717 4375 velut
765 4318 1125 4390 generalium
1181 4317 1588 4375 distributione
1639 4324 1955 4388 sectarum,

303 4399 543 4456 Marcus
574 4401 744 4458 Varro
775 4400 835 4455 in
868 4399 1015 4455 libro
1046 4400 1115 4456 de
1147 4399 1520 4471 PhiIOSOphia
1552 4404 1670 4456 tam
1715 4398 1959 4455 multam

301 4481 640 4553 dogmatum
672 4480 1011 4537 varietatem
1043 4479 1356 4551 diligenter
1385 4486 1441 4537 et
1473 4481 1763 4537 subtiliter
1786 4498 1959 4539 scru-

299 4565 463 4617 tatus
508 4561 772 4629 advertit,
807 4564 871 4616 ut
918 4560 991 4616 ad
1023 4560 1303 4617 ducentas
1336 4561 1627 4633 octoginta
1675 4568 1803 4617 octo
1836 4579 1958 4619 sec-

298 4646 413 4708 tas,
448 4658 565 4698 non
598 4658 728 4713 quae
767 4643 891 4711 jam
931 4644 1150 4707 essent,
1185 4641 1285 4695 sed
1336 4657 1464 4711 quas
1518 4657 1645 4697 esse
1695 4647 1958 4713 possent,

298 4722 592 4780 adhibens
640 4722 924 4794 quasdam
975 4719 1358 4789 differentias,
1391 4721 1665 4777 facillime
1695 4722 1958 4791 perveni-

299 4811 407 4859 ret.

368 4886 423 4938 2.
460 4884 622 4951 Quod
656 4892 715 4941 ut
746 4883 1003 4940 breviter
1032 4882 1361 4946 ostendam,
1393 4880 1527 4938 inde
1555 4884 1781 4953 oportet
1810 4881 1957 4937 inci-

296 4963 479 5033 piam,
512 4965 668 5036 quod
698 4965 827 5037 ipse
858 4962 1125 5030 advertit,
1151 4966 1207 5017 et
1238 4961 1427 5033 posuit
1459 4962 1518 5017 in
1550 4961 1699 5016 libro
1733 4978 1952 5018 memo-

296 5050 469 5100 rato:
523 5050 779 5117 quatuor
824 5061 951 5103 esse
1002 5044 1287 5115 quaedam,
1338 5059 1463 5113 quae
1514 5043 1778 5099 homines
1829 5043 1955 5100 sine

297 5127 602 5198 magistro,
636 5129 763 5185 sine
816 5128 934 5183 ullo
967 5124 1236 5180 doctrina:
1284 5123 1663 5190 adminiculo,
1696 5123 1822 5180 sine
1850 5124 1951 5179 in-

296 5206 521 5264 dustria
550 5209 638 5265 vel
672 5218 795 5266 arte
826 5206 1079 5277 vivendi,
1115 5222 1241 5277 qua;
1263 5206 1450 5262 virtus
1481 5206 1717 5274 dicitur,
1741 5211 1796 5262 et
1825 5223 1956 5277 pro-

296 5288 391 5342 cul
418 5289 597 5344 dubio
628 5290 897 5357 discitur,
943 5286 1098 5345 velut
1133 5286 1480 5343 naturaliter
1510 5290 1790 5359 appetunt
1815 5303 1829 5353 ;
1854 5290 1956 5341 aut

294 5366 677 5440 voluptatem,
735 5386 850 5441 qua
908 5366 1325 5424 delectabiliter
1378 5372 1643 5424 movetur
1692 5366 1954 5435 corporis

294 5463 543 5517 sensus;
579 5457 675 5505 aut
702 5450 983 5521 quietem,
1016 5462 1130 5518 qua
1162 5447 1223 5502 ﬁt
1252 5452 1315 5503 ut
1354 5447 1575 5504 nullam
1625 5444 1951 5502 molestiam

293 5527 545 5601 quisque
574 5530 836 5603 corporis
868 5530 1157 5600 patiatur;
1184 5535 1282 5582 aut
1310 5534 1634 5601 utramque,
1666 5542 1841 5599 quam
1870 5529 1951 5582 ta-

292 5625 430 5668 men
463 5628 578 5670 uno
608 5613 845 5670 nomine
873 5609 1184 5682 voluptatis
1206 5609 1488 5681 Epicurus
1519 5609 1813 5684 appellat;
1845 5612 1949 5666 aut

295 5692 699 5752 universaliter
728 5693 916 5767 prima
947 5697 1183 5760 naturas,
1205 5689 1265 5747 in
1297 5691 1513 5763 quibus
1542 5696 1601 5751 et
1631 5692 1748 5750 haec
1777 5694 1941 5762 sunt,

2100 1449 2156 1552 et
2185 1447 2321 1552 alia,
2355 1450 2447 1552 vel
2474 1451 2533 1507 in
2565 1470 2823 1552 corpore,
2868 1464 2932 1550 ut
2973 1466 3365 1525 membrorum
3418 1472 3748 1552 integritas,

2099 1530 2156 1579 et
2184 1528 2345 1627 salus
2392 1536 2569 1602 atque
2594 1533 2989 1627 ‘iucolumitas
3018 1544 3178 1614 ejus;
3215 1548 3297 1603 vel
3348 1550 3405 1605 in
3437 1528 3751 1627 animoin;

2101 1612 2240 1695 sunt
2269 1624 2336 1664 ea
2366 1628 2492 1695 quas
2525 1614 2609 1668 vel
2643 1631 2834 1686 parva,
2871 1622 2952 1675 vel
2988 1612 3203 1695 magna
3234 1627 3292 1681 in
3328 1612 3749 1695 hominum};

2100 1687 2711 1782 periunturingeniis.
2744 1697 2874 1754 Haec
2905 1687 3386 1778 igitur'quatuor,
3420 1710 3476 1764 id
3510 1687 3623 1782 est:
3650 1687 3753 1777 {'3-

2097 1764 2320 1857 luptns,
2345 1772 2532 1841 quies,
2578 1764 3162 1857 utrumquefprima
3210 1764 3452 1856 naturas,
3487 1764 3755 1853 aﬂuit

2099 1849 2163 1934 in
2191 1849 2380 1916 nobis,
2415 1857 2479 1906 ut
2508 1854 2595 1934 vel
2627 1856 2828 1923 virtus,
2863 1849 3038 1930 quam
3075 1869 3274 1934 postea
3304 1849 3571 1927 doctrina
3601 1849 3753 1934 inse;

2097 1929 2196 2027 rit,
2237 1936 2466 2027 prepter
2497 1933 2635 2027 ,δειξο
2694 1943 3017 2008 appetenda
3064 1929 3161 2009 sit,
3198 1952 3299 2027 aut
3344 1949 3459 2007 ista
3514 1929 3751 2027 propter

2095 2017 2386 2102 virtutem,
2416 2017 2515 2102 aut
2548 2020 2794 2102 utraque
2824 2026 3058 2091 propter
3099 2040 3159 2079 se
3192 2026 3318 2095 ipsa
3350 2046 3363 2083 :
3396 2046 3463 2086 ac
3495 2017 3597 2102 per
3625 2017 3747 2102 'hoc

2098 2086 2249 2142 ﬁunt
2282 2088 2414 2175 hinc
2459 2093 2771 2175 duodecim
2803 2086 2971 2154 sectis
3004 2117 3019 2154 :
3064 2119 3165 2172 per
3194 2086 3347 2160 hanc
3385 2086 3743 2175 enimratit):

2097 2182 2231 2222 nem
2281 2168 2523 2242 singulis
2569 2174 2935 2243 lriplicantur
2969 2196 2981 2234 :
3015 2168 3168 2252 quod
3203 2201 3336 2241 cum
3385 2190 3443 2244 in
3495 2168 3741 2252 unade-

2097 2253 2518 2341 monstravero,
2551 2254 2790 2311 difﬁcile
2823 2275 2936 2315 non
2975 2262 3085 2316 erit
3128 2263 3186 2319 id
3220 2266 3280 2321 in
3327 2270 3550 2327 casteria
3581 2256 3742 2341 inve-

2096 2327 2417 2413 nire,_Cum
2446 2348 2582 2404 ergo
2614 2337 2877 2408 voluptas
2899 2342 3161 2413 corporis
3193 2346 3376 2403 animi
3407 2327 3743 2413 virtuti—aut

2094 2409 2544 2503 sub.ditur,"aut
2571 2417 2911 2503 praefertur,
2953 2409 3056 2477 aut
3091 2424 3398 2503 jungitur,
3447 2409 3740 2503 tripartit;

2093 2488 2345 2575 variatur
2373 2490 2706 2575 diversitate
2735 2502 3045 2556 sectarum.
3080 2488 3363 2562 subditur
3384 2488 3595 2566 autem

2093 2568 2223 2658 tuti,
2258 2572 2489 2661 quando
2521 2572 2585 2661 in
2617 2577 3049 2661 usum‘virtutis
3098 2588 3437 2643 assumitur.
3484 2568 3741 2661 Pertinet

2093 2648 2319 2739 quippe
2360 2651 2441 2739 ad.
2482 2651 2713 2739 virtutis
2759 2657 3032 2727 ofﬁcium,
3061 2668 3117 2719 et
3173 2664 3360 2723 vivere
3404 2648 3741 2739 patrimis;

2092 2725 2322 2811 propter
2349 2725 2600 2811 patriam
2634 2726 2785 2783 ﬁlios
2807 2725 3109 2801 procreare
3136 2752 3148 2791 :
3182 2725 3432 2808 quorum
3464 2725 3737 2811 neutrum

2089 2798 2213 2853 ﬁeri
2247 2807 2436 2891 potest
2476 2805 2602 2891 sine
2633 2798 2895 2891 corporis
2942 2798 3255 2886 voluptate.
3288 2816 3434 2875 Nam
3485 2823 3603 2878 sine

2088 2894 2195 2934 nec
2227 2882 2390 2973 cibus
2425 2889 2713 2958 potusque
2745 2890 3016 2961 sumitur,
3049 2882 3107 2949 u't
3155 2898 3419 2968 vivatur;
3465 2916 3569 2957 nec
3597 2882 3736 2973 conﬁ-

2086 2959 2406 3055 cumbitur,
2430 2970 2494 3055 ut
2520 2970 2809 3055 generatio
2841 2959 3210 3055 propagetur.
3242 2959 3555 3037 Cum'vero
3585 2964 3735 3055 prm-

2084 3038 2268 3131 fertur
2298 3041 2520 3131 virtuti,
2553 3046 2681 3117 ipsa
2711 3038 3001 3121 appetitur
3021 3038 3262 3125 prepter
3280 3074 3344 3114 se
3374 3038 3731 3131 ipsam,‘viﬁrp

2081 3122 2175 3213 tus
2223 3124 2821 3213 autern-assumenda
2868 3122 3411 3213 creditur—propter-
3452 3122 3636 3213 illam,
3669 3145 3729 3209 id

2078 3205 2184 3267 est,
2220 3209 2281 3257 ut
2312 3204 2456 3292 nihil
2486 3206 2668 3263 virtus
2698 3215 2851 3281 agat,
2879 3212 2989 3268 nisi
3024 3216 3096 3271 ad
3131 3204 3727 3292 consequendam

2079 3286 2840 3371 conservandamporporis
2871 3293 3227 3365 voluptatem
3263 3315 3278 3355 :
3310 3286 3433 3371 quas
3476 3304 3592 3361 vita
3621 3286 3725 3371 de;

2077 3360 2279 3417 formis
2309 3372 2392 3418 est
2425 3366 2690 3436 quidem,
2721 3370 2937 3443 quippe
2970 3360 3067 3430 ubi
3098 3377 3280 3434 virtus
3325 3360 3505 3437 servit

2076 3456 2164 3524 naa
2194 3442 2467 3524 voluptati
2493 3464 2507 3512 ;
2542 3450 2809 3516 quamvis
2832 3452 2994 3507 nullo
3022 3458 3193 3512 modo
3216 3458 3341 3514 haec
3372 3462 3617 3523 dicenda
3647 3466 3726 3524 sit

2074 3519 2264 3612 virtus
2298 3536 2311 3576 :
2344 3523 2876 3612 sed‘tamenetiam
2918 3531 3031 3585 ista
3076 3533 3370 3592 horribilis
3418 3519 3722 3612 turpitudo

2078 3602 2785 3683 quosdamphilosophos
2818 3614 3093 3679 patronos
3126 3622 3177 3668 et
3220 3602 3552 3676 defensores
3583 3604 3722 3683 suos

2075 3678 2301 3770 habuit.
2352 3679 2562 3737 Virtuti
2621 3700 2791 3770 porro
2819 3678 3102 3770 voluptas
3152 3693 3446 3767 jungitur,
3487 3678 3724 3770 quando

2077 3766 2282 3816 neutra
2313 3776 2510 3853 earum
2544 3769 2783 3853 propter
2812 3767 3073 3853 alteram,
3117 3774 3218 3829 sed
3254 3766 3582 3848 propter—se
3628 3766 3722 3853 ip-

2075 3858 2171 3933 sas
2219 3842 2401 3933 ambae
2451 3848 2826 3933 appetuntur.
2858 3850 3225 3933 Quapropter
3254 3842 3429 3912 sicut
3456 3842 3726 3933 voluptas

2071 3922 2465 4010 vel_sub_dita,
2494 3922 2582 4010 vel
2637 3925 2890 4010 praelata,
2941 3922 3023 3987 vel
3078 3933 3291 4003 juncta
3336 3936 3559 4010 virtuti,
3594 3922 3727 4005 tres

2071 4006 2261 4093 sectas
2304 4002 2473 4093 facit;
2506 4004 2609 4093 Aita
2653 4007 2839 4093 quies,
2882 4010 2961 4093 ita
3013 4002 3350 4088 utrumque,
3403 4019 3486 4075 ita
3533 4002 3728 4093 prima

2074 4090 2302 4169 paturte
2325 4082 2470 4169 alias
2502 4088 2695 4141 ternas
2727 4087 3099 4150 inveniuntur
3130 4082 3380 4154 efficere.
3416 4082 3729 4169 Pro.varie-

2070 4167 2187 4253 tate
2209 4162 2426 4253 quippe
2442 4163 2835 4253 humanarum
2858 4173 3203 4253 ropinionum
3238 4178 3434 4236 virtuti
3457 4162 3724 4253 aliquan—

2070 4246 2142 4335 do
2194 4246 2553 4335 subduntur,
2595 4247 2909 4335 aliquando
2970 4258 3372 4329 praeferuntur,
3406 4246 3724 4335 aliquando

2062 4326 2418 4397 junguntur,
2452 4342 2518 4381 ac
2547 4328 2650 4409 sic
2708 4330 2777 4385 ad
2824 4332 3245 4394 duodenarium
3287 4326 3577 4400 sectarum
3610 4330 3725 4409 nu?-

2070 4420 2294 4490 merum
2327 4406 2678 4490 pervenitur.
2712 4409 2821 4466 Sed
2869 4413 2978 4469 iste
3024 4433 3254 4490 quoque
3287 4437 3571 4480 numerus
3610 4406 3722 4489 du,-

2072 4486 2318 4573 plicatur
2348 4486 2611 4573 adhibita
2663 4506 2775 4546 una
2805 4486 3422 4565 diﬁ‘erentia,vsocialis
3451 4486 3721 4573 videlicet

2070 4567 2246 4653 vitae}
2279 4568 2557 4653 quoniam
2583 4572 2846 4644 quisquis
2876 4582 3130 4633 sectatur
3172 4581 3427 4653 aliquam
3474 4570 3716 4643 istarum

2069 4645 2375 4733 duodecim
2407 4654 2695 4733 sectarum
2731 4654 2981 4724 profecto
3014 4662 3116 4714 aut
3147 4645 3379 4733 propter
3396 4681 3454 4720 se
3486 4669 3715 4722 tantum

2067 4726 2124 4781 id
2157 4728 2296 4800 agit,
2330 4733 2432 4785 aut
2478 4730 2654 4786 etiam
2706 4738 2939 4805 propter
2966 4726 3212 4804 socium,
3246 4726 3339 4795 cui
3389 4743 3560 4798 debet
3609 4745 3717 4807 huc

2068 4806 2213 4863 velle
2242 4809 2395 4879 quod
2447 4809 2578 4865 sibi.
2630 4811 2908 4875 Quocirca
2939 4816 3249 4872 duodecim
3300 4824 3440 4874 sunt
3488 4837 3714 4893 eorum,

2069 4889 2172 4959 qui
2207 4895 2442 4961 propter
2489 4907 2550 4945 se
2598 4896 2827 4947 tantum
2881 4910 3357 4967 unamquamque
3404 4889 3719 4959 tenendam

2074 4974 2322 5042 putant;
2359 4975 2415 5026 et
2444 4971 2570 5025 alite
2617 4973 2921 5027 duodecim
2970 4980 3319 5048 eorum,qui
3368 4996 3485 5037 non
3531 4982 3721 5040 solum

2068 5056 2305 5123 propter
2334 5067 2397 5105 se
2425 5054 2507 5105 sic
2546 5050 2631 5106 vel
2682 5053 2766 5108 sic
2798 5054 3328 5125 philosophandum
3367 5076 3496 5118 esse
3527 5063 3722 5121 decer-

2084 5134 2255 5194 nunt,
2286 5130 2385 5215 sed
2420 5132 2597 5186 etiam
2624 5138 2858 5203 propter
2886 5134 3049 5205 alios,
3075 5153 3322 5208 quorum
3358 5142 3576 5198 bonum
3619 5160 3726 5215 ap-

2076 5216 2285 5297 petunt
2306 5212 2474 5297 sicut
2494 5230 2644 5269 sum.
2677 5215 2774 5270 Ha:
2805 5222 3001 5273 autem
3028 5225 3199 5276 sectas
3230 5222 3433 5294 viginti
3472 5212 3728 5297 quatuor

2070 5293 2283 5350 iterum
2320 5294 2717 5366 geminantur,
2749 5297 2945 5354 addita
2976 5293 3390 5361 differentian
3419 5293 3728 5373 Academi.-

2070 5373 2159 5429 cis
2210 5374 2375 5429 novis
2424 5374 2523 5446 (a),
2557 5380 2612 5431 et
2660 5377 2809 5433 ﬁunt
2857 5381 3236 5450 quadraginta
3282 5390 3429 5440 octo.
3481 5385 3721 5444 Illarum

2073 5453 2292 5525 quippe
2340 5455 2549 5536 viginti
2598 5464 2846 5527 quatuor
2902 5476 3381 5536 unamquamque
3427 5472 3722 5525 sectarum

2065 5539 2261 5606 potest
2282 5533 2533 5608 quisque
2562 5536 2648 5594 sic
2696 5544 2894 5597 tenere
2925 5557 2991 5597 ac
3039 5533 3349 5602 defendere
3378 5550 3443 5603 ut
3471 5554 3715 5621 certam,

2118 5700 2200 5765 (a)
2236 5702 2357 5755 Vid.
2389 5704 2549 5767 paulo
2578 5705 2743 5773 intra,
2773 5722 2827 5757 n.
2860 5706 2909 5757 3.
