4124 6188
402 317 524 382 625

401 453 580 510 falsas
607 455 872 510 ostendat
923 471 1070 522 esse,
1096 454 1421 510 revertitur.
1471 455 1614 512 Nam
1665 466 1884 514 remoto
1941 457 2040 513 illo

401 541 696 612 tripartito
752 557 959 611 genere
1007 544 1158 607 vitae,
1192 543 1321 598 dua:
1360 551 1549 613 partes
1580 543 1760 614 hujus
1809 544 2037 600 numeri

400 621 804 687 detrahuntur,
836 628 892 678 et
922 628 1089 679 secta
1122 622 1441 694 nonaginta
1461 640 1558 678 sex
1583 630 1901 680 remanent.
1936 625 2040 680 Re-

402 707 564 758 mota
593 719 724 758 vero
768 703 1088 758 differentia
1117 719 1185 758 ex
1226 702 1452 776 Cynicis
1495 705 1708 770 addita,
1740 705 1812 759 ad
1860 706 2036 760 dimi-

399 785 556 839 dium
592 784 953 856 rediguntur,
986 789 1044 840 et
1083 785 1471 856 quadraginta
1501 792 1629 840 octo
1669 787 1836 841 ﬁunt.
1873 787 2036 841 Aufe-

399 881 600 919 ramus
631 867 799 920 etiam
832 865 984 936 quod
1019 882 1087 920 ex
1114 867 1477 921 Academicis
1509 867 1673 921 novis
1706 867 2034 922 adhibitum

396 951 718 1013 est,rursus
749 946 994 1001 dimidia
1025 963 1156 1016 pars
1178 948 1517 1012 remanet,id
1541 952 1629 1002 est
1660 948 1858 1018 viginti
1891 965 2037 1020 qua-

393 1029 543 1081 tuor.
578 1025 657 1080 De
687 1025 886 1081 sociali
911 1042 1146 1098 quoque
1173 1026 1290 1081 vita
1319 1028 1473 1099 quod
1505 1033 1852 1096 accesserat,
1879 1029 2039 1082 simi-

393 1107 523 1162 liter
555 1109 875 1174 auferatur,
907 1108 1212 1164 duodecim
1251 1114 1387 1163 sunt
1432 1109 1690 1180 reliquas,
1723 1127 1864 1180 quas
1922 1111 2036 1164 ista

391 1189 745 1254 diﬂerentia,
770 1194 831 1244 ut
851 1189 1057 1260 viginti
1079 1197 1329 1260 quatuor
1359 1190 1583 1258 tierent,
1617 1191 2035 1263 duplicaverat.

387 1267 468 1323 De
501 1267 592 1324 bis
631 1285 766 1340 ergo
810 1270 1117 1325 duodecim
1152 1270 1295 1324 nihil
1334 1269 1445 1324 dici
1478 1275 1687 1340 potest,
1714 1287 1817 1325 cur
1863 1275 2032 1326 sectae

389 1365 505 1404 non
536 1349 657 1404 sint
688 1350 986 1406 habendas.
1011 1349 1164 1404 Nihil
1190 1351 1406 1422 quippe
1436 1349 1593 1405 aliud
1623 1350 1680 1404 iu
1712 1350 1796 1406 eis
1827 1351 2032 1420 quaeri-

389 1434 508 1496 tur,
537 1445 713 1500 quam
746 1430 890 1485 {lues
915 1430 1199 1485 bonorum
1228 1436 1284 1484 et
1315 1431 1623 1485 malorum.
1651 1431 1905 1486 Inventis
1927 1448 2032 1486 au-

390 1514 507 1566 tem
556 1511 838 1566 bonorum
900 1511 1139 1581 ﬁnibus,
1197 1512 1451 1581 profecto
1483 1527 1513 1566 e
1571 1511 1857 1566 contrario
1893 1516 2033 1567 sunt

391 1589 694 1646 malorum.
731 1591 824 1645 Hie
859 1600 1051 1646 autem
1076 1595 1141 1646 ut
1174 1592 1315 1646 ﬁant
1355 1591 1656 1646 duodecim
1708 1597 1898 1657 sectis,
1930 1591 2031 1646 illa

388 1676 640 1742 quatuor
688 1671 1080 1741 triplicantur,
1104 1671 1388 1742 voluptas,
1415 1671 1940 1740 quies,utrumque,
1973 1677 2028 1726 et

387 1752 576 1820 prima
625 1756 866 1819 naturae,
913 1767 1039 1822 qua;
1091 1751 1438 1822 primigenia
1497 1751 1670 1806 Varro
1714 1756 1877 1805 vocat
1924 1751 2024 1822 (a),

384 1829 514 1885 Hac
545 1832 760 1904 quippe
811 1837 1060 1903 quatuor
1104 1832 1242 1886 dum
1285 1831 1623 1902 singillatim
1675 1830 1873 1885 virtuti
1917 1831 2025 1886 ali-

383 1913 618 1983 quando
666 1912 1019 1979 subduntur,
1067 1917 1128 1967 ut
1169 1929 1281 1968 non
1325 1917 1559 1982 propter
1615 1927 1677 1966 se
1735 1912 1882 1983 ipsa,
1925 1911 2026 1966 sed

380 1998 615 2062 propter
646 1991 904 2047 ol‘ficium
927 1991 1160 2047 virtutis
1192 1991 1517 2062 appetenda
1539 1989 1866 2057 videantur,
1919 1990 2022 2045 ali-

381 2073 614 2144 quando
647 2073 1056 2142 praaferuntur,
1087 2077 1152 2127 ut
1199 2089 1312 2127 non
1347 2077 1578 2142 propter
1628 2087 1690 2125 se
1731 2071 1884 2141 ipsa,
1924 2070 2024 2125 sed

378 2157 610 2223 propter
663 2152 782 2207 haec
832 2153 1208 2224 adipiscenda
1256 2149 1344 2205 vel
1387 2152 1780 2206 conservanda
1822 2165 2022 2204 neces-

377 2233 532 2289 saria
581 2234 768 2288 virtus
816 2239 1072 2304 putetur,
1117 2233 1432 2304 aliquando
1458 2232 1748 2302 jungitur,
1797 2237 1861 2284 ut
1893 2247 2018 2299 pro-

379 2316 504 2382 pter
533 2328 595 2367 se
624 2311 753 2384 ipsa
782 2316 840 2367 et
870 2313 1072 2376 virtus,
1104 2316 1161 2366 et
1190 2312 1303 2367 ista
1333 2311 1654 2383 appetenda
1676 2309 2018 2375 credantur;

379 2391 820 2462 quaternarium
868 2408 1180 2447 numerum
1219 2391 1462 2462 triplum
1519 2391 1791 2455 reddunt,
1849 2394 1906 2442 et
1947 2390 2017 2443 ad

377 2471 679 2526 duodecim
711 2478 897 2526 sectas
921 2471 1276 2540 perveniunt.
1317 2471 1391 2525 Ex
1413 2469 1528 2525 illis
1551 2475 1742 2524 autem
1771 2473 2022 2538 quatuor

376 2551 552 2605 rebus
583 2550 763 2606 Varro
786 2557 899 2605 tres
928 2551 1096 2616 tollit,
1129 2550 1484 2621 voluptatem
1517 2547 2017 2618 scilicet,et_quie-

373 2637 513 2695 tem,
563 2635 622 2686 et
671 2635 1030 2703 utrumque:
1068 2647 1183 2688 non
1214 2633 1360 2701 quod
1393 2646 1490 2686 eas
1548 2629 1856 2700 improbet,
1916 2630 2015 2684 sed

371 2711 527 2782 quod
559 2711 906 2783 primigenia
936 2711 1035 2766 illa
1095 2716 1314 2767 natura:
1345 2721 1398 2767 et
1444 2711 1802 2782 voluptatem
1854 2710 1911 2764 in
1954 2727 2015 2765 se

369 2791 643 2858 habeant,
679 2796 734 2847 et
763 2793 1042 2862 quietem.
1068 2794 1214 2860 Quid
1243 2808 1379 2863 ergo
1394 2809 1538 2861 opus
1569 2800 1654 2846 est
1677 2807 1742 2845 ex
1771 2790 1860 2844 bis
1879 2791 2016 2845 dua-

363 2869 479 2924 bus
522 2871 634 2926 tria
668 2873 934 2944 quasdam
969 2873 1177 2937 facere,
1210 2874 1324 2928 duo
1355 2873 1596 2940 scilicet,
1629 2871 1767 2926 dum
1820 2869 2014 2942 singil-

361 2950 530 3006 latim
566 2957 920 3022 appetuntur
968 2952 1235 3022 voluptas
1300 2959 1401 3008 aut
1448 2953 1636 3023 quies,
1665 2957 1721 3006 et
1759 2952 2009 3016 tertium,

361 3045 495 3087 cum
540 3033 724 3087 ambae
783 3033 995 3100 simul;
1055 3034 1534 3105 quandoquidem
1575 3033 1762 3104 prima
1792 3036 2009 3086 natura;

359 3116 418 3168 et
447 3112 624 3184 ipsas,
647 3118 702 3168 et
728 3119 935 3184 praeter
963 3115 1123 3185 ipsas
1153 3115 1262 3169 alia
1299 3115 1483 3169 multa
1527 3113 1910 3169 contineant?
1930 3112 2009 3170 De

357 3194 545 3248 tribus
575 3209 710 3261 ergo
733 3193 908 3250 sectis
943 3195 993 3249 ei
1032 3194 1218 3266 placet
1258 3195 1567 3265 diligenter
1597 3210 1726 3250 esse
1757 3198 2010 3248 tractan-

356 3272 521 3339 dum,
545 3290 813 3344 quasnam
839 3276 915 3329 sit
934 3275 1127 3344 potius
1151 3273 1430 3344 eligenda.
1463 3279 1579 3330 Non
1601 3275 1756 3330 cnim
1812 3290 2007 3329 veram

351 3352 484 3424 plus
506 3370 682 3426 quam
718 3371 892 3409 unam
916 3371 1052 3410 vera
1085 3355 1226 3410 ratio
1257 3371 1386 3410 esse
1429 3356 1734 3424 permittit,
1768 3355 1888 3409 sive
1945 3355 2005 3410 in

355 3433 450 3488 his
479 3436 664 3489 tribus
725 3435 823 3502 sit,
856 3435 975 3490 sive
1007 3434 1221 3489 alicubi
1255 3434 1416 3500 alibi,
1447 3435 1600 3506 quod
1636 3439 1763 3505 post
1783 3435 2005 3488 videbi-

356 3530 508 3570 mus.
547 3514 786 3570 Interim
819 3515 889 3570 de
922 3515 1012 3570 his
1033 3515 1225 3570 tribus
1257 3518 1549 3585 quomodo
1583 3530 1760 3568 unam
1821 3513 2002 3569 Varro

353 3594 843 3666 eligat,quantum
865 3594 1113 3649 breviter
1135 3601 1444 3664 aperteque
1466 3610 1792 3665 possumus,
1815 3594 1997 3648 disse-

351 3691 566 3730 ramus.
603 3675 727 3730 Istis
751 3691 958 3745 nempe
1001 3679 1119 3729 tres
1159 3682 1329 3730 sectae
1399 3673 1476 3729 ita
1519 3675 1688 3742 tiunt,
1745 3690 1874 3728 cum
1910 3671 1999 3727 vel

347 3757 532 3828 prima
563 3760 779 3811 natura
813 3763 1048 3827 propter
1070 3756 1367 3822 virtutem,
1399 3755 1484 3810 vel
1537 3756 1723 3810 virtus
1759 3762 1992 3826 propter

346 3836 536 3908 prima
584 3843 825 3905 naturas,
886 3836 970 3890 vel
1016 3841 1284 3908 utraque,
1335 3835 1392 3891 id
1451 3841 1562 3901 est,
1598 3841 1656 3890 et
1715 3838 1906 3890 virtus
1941 3838 1997 3890 et

347 3919 522 3990 prima
545 3923 779 3986 naturae,
817 3926 1050 3988 propter
1079 3933 1141 3973 se
1159 3917 1288 3988 ipsa
1311 3922 1448 3972 sunt
1475 3918 1824 3988 expetenda.

344 4025 575 4082 CAPUT
606 4026 701 4081 Ill.
735 4057 803 4066 —
823 4025 897 4080 De
923 4024 1100 4079 tribus
1127 4026 1290 4086 sectis
1320 4041 1595 4080 summum
1631 4023 1872 4079 hominis
1905 4025 1994 4080 bo-

415 4124 551 4162 num
581 4106 968 4178 quaerentibus,
1000 4122 1163 4176 quam
1193 4106 1509 4173 eligendam
1545 4107 1714 4162 Varro
1741 4105 1992 4174 deﬁniat,

413 4204 640 4259 sequens
668 4190 857 4243 veteris
885 4187 1214 4256 Academiae,
1238 4189 1494 4243 Antiocho
1510 4195 1745 4257 auctore,
1772 4195 1994 4242 senten-

411 4271 569 4324 tiam.

418 4351 468 4405 1.
507 4347 652 4414 Quid
690 4363 826 4420 ergo
874 4348 1117 4403 istorum
1149 4348 1318 4404 trium
1357 4347 1433 4404 sit
1458 4363 1652 4404 verum
1685 4352 1859 4420 atque
1891 4364 1991 4404 se-

341 4431 641 4497 ctandum,
671 4428 785 4484 isto
819 4429 990 4484 modo
1023 4430 1370 4499 persuadere
1409 4433 1672 4485 conatur.
1705 4428 1990 4497 Primum,

341 4509 482 4582 quia
512 4525 812 4565 summum
843 4509 1058 4564 bonum
1090 4509 1148 4563 in
1183 4509 1552 4580 philosophia
1596 4526 1708 4564 non
1740 4510 1989 4574 arboris,

341 4608 457 4647 non
492 4591 737 4663 pecoris,
769 4607 885 4646 non
930 4591 1042 4654 dei,
1076 4590 1177 4644 sed
1230 4590 1482 4644 hominis
1516 4592 1816 4660 quaeritur,
1849 4591 1988 4662 quid

337 4673 416 4728 sit
449 4672 570 4740 ipse
598 4672 796 4736 homo,
819 4671 1196 4744 quaerendum
1232 4675 1416 4741 putat.
1455 4671 1640 4725 Sentit
1679 4673 1894 4743 quippe
1926 4671 1988 4728 in

335 4753 467 4818 eius
501 4759 707 4806 natura
735 4752 846 4806 duo
878 4765 1002 4806 esse
1045 4749 1332 4819 quedam,
1364 4765 1574 4818 corpus
1606 4756 1658 4804 et
1689 4751 1982 4812 animam:

335 4840 390 4888 et
443 4831 648 4886 horum
709 4830 947 4902 quidem
1007 4829 1257 4885 duorum
1300 4827 1509 4884 melius
1552 4845 1680 4884 esse
1727 4829 1984 4886 animam

332 4913 622 4986 longeque
679 4911 1067 4984 praestabilius
1117 4910 1352 4966 omnino
1402 4927 1516 4966 non
1575 4911 1848 4978 dubitat;
1884 4913 1983 4969 sed

334 4999 534 5050 utrum
564 4993 758 5050 anima
787 4992 908 5050 sola
952 4993 1030 5048 sit
1080 4992 1277 5059 homo,
1304 4995 1366 5048 ut
1421 4992 1504 5047 ita
1532 4991 1610 5048 sit
1667 4992 1717 5047 ei
1775 5008 1984 5065 corpus

333 5080 618 5149 tanquam
644 5091 832 5148 equus
860 5073 1040 5147 equiti
1071 5072 1113 5128 ί.
1150 5073 1336 5144 Eques
1363 5073 1521 5130 enim
1570 5090 1687 5130 non
1724 5073 1897 5132 homo
1928 5082 1984 5130 et

401 5348 415 5381 ¹
450 5345 545 5396 Hic
573 5345 631 5394 in
659 5345 815 5395 editis
843 5346 1071 5402 additur,
1121 5346 1500 5409 quaerendum
1519 5352 1684 5405 putat
1712 5358 1728 5390 :
1758 5358 1853 5408 pro
1875 5360 1981 5409 quo

331 5409 391 5460 in
418 5410 562 5466 Msa,
592 5409 913 5470 relinquitur
941 5409 1381 5464 subaudiendum.
1414 5409 1646 5458 dubitat.

388 5473 469 5533 (α)
522 5471 638 5524 Vid.
675 5471 836 5522 Cicer.
869 5472 960 5520 lib.
992 5471 1022 5519 2
1050 5473 1114 5521 de
1152 5472 1385 5529 Finibus,
1417 5485 1528 5533 cap.
1591 5471 1667 5526 11,
1725 5474 1778 5522 et
1805 5472 1896 5522 lib.
1929 5473 1978 5533 5,

328 5547 442 5598 cap.
476 5533 526 5587 7.

1642 326 1877 388 LIBER
1915 326 2270 390 DECIMUS
2318 329 2598 393 NONUS.

3681 353 3804 414 626

2153 475 2362 551 equus,
2397 463 2494 551 sed
2519 463 2678 551 solus
2711 465 2883 551 homo
2915 475 2998 523 est
3025 486 3036 525 :
3071 470 3198 527 ideo
3225 479 3417 533 tamen
3449 493 3629 551 eques
3651 483 3802 541 dici-

2155 543 2268 607 tur,
2302 542 2682 630 quodaliquo
2722 547 2891 630 modo
2942 564 3003 630 se
3056 551 3263 608 habeat
3311 559 3381 611 ad
3441 542 3678 630 equum.
3713 567 3801 620 An

2153 635 2369 692 corpus
2399 624 2588 679 solum
2623 627 2698 680 sit
2730 628 2922 694 homo,
2955 629 3149 702 aliquo
3186 638 3355 692 modo
3386 656 3445 694 se
3479 624 3696 699 habens
3729 647 3803 700 ad

2151 703 2426 784 animam,
2461 704 2606 760 sicut
2648 709 2916 778 poculum
2977 715 3045 766 ad
3100 717 3390 784 potionem
3427 737 3438 775 :
3477 739 3587 777 non
3647 729 3800 782 enim

2153 782 2300 836 calix
2330 789 2384 838 et
2411 786 2584 855 potio,
2619 803 2798 856 quam
2842 782 3112 847 continet?
3153 797 3322 862 calix,
3370 800 3544 855 simul
3585 804 3801 863 dicitur

2153 863 2747 954 pocuolum,_sedhcalix
2777 870 2937 925 solus
2975 872 3129 936 ;ideo
3163 883 3352 934 tamen
3386 883 3538 948 quod
3575 887 3801 954 potioni

2151 943 2513 1023 continendae
2536 948 2613 1001 sit
2643 955 3138 1009 accommodatus.
3176 964 3259 1012 An
3302 943 3434 1015 vero
3471 943 3802 1023 nedanima

2150 1022 2292 1116 sola,
2324 1042 2426 1081 nec
2458 1030 2646 1116 solum
2694 1047 2928 1100 corpus,
2987 1037 3084 1088 sed
3147 1039 3323 1094 simul
3384 1049 3695 1116 utrumque
3728 1022 3805 1103 sil

2152 1103 2544 1199 homo,lcujus
2581 1127 2712 1180 pars
2756 1111 2832 1166 sit
2873 1130 2985 1168 una
3025 1117 3140 1172 sive
3172 1122 3367 1176 anima
3414 1124 3535 1179 sive
3565 1103 3802 1199 corpus,

2148 1183 2245 1238 ille
2277 1193 2468 1242 autem
2514 1195 2669 1244 totus
2701 1208 2767 1246 ex
2803 1198 3040 1262 utroque
3086 1207 3328 1267 constet,
3364 1210 3423 1256 ut
3447 1209 3620 1260 homo
3667 1183 3796 1264 ‘sitizl

2147 1268 2470 1356 sicutduos
2503 1285 2682 1356 equos
2719 1273 2957 1342 junctos
3010 1277 3171 1348 bigas
3223 1297 3515 1347 vocamus,
3549 1303 3797 1356 quorum

2147 1348 2262 1399 sive
2289 1348 2504 1410 dexter,
2539 1351 2656 1405 sive
2686 1353 2940 1422 sinister,
2976 1373 3107 1426 pars
3155 1367 3239 1414 est
3277 1348 3579 1432 bigarum,-
3612 1385 3798 1432 unum

2143 1440 2274 1515 vero
2307 1443 2796 1515 eorumpquoquo
2842 1436 3008 1491 modo
3059 1455 3120 1492 se
3153 1440 3361 1496 habeat
3393 1445 3460 1498 ad
3521 1445 3796 1514 alterum,

2145 1505 2308 1594 bigas
2341 1525 2454 1594 non
2487 1512 2754 1594 dicimus,
2780 1517 2876 1570 sed
2893 1519 3092 1574 ambos
3118 1521 3317 1578 simul.
3351 1525 3565 1581 Horum
3600 1505 3793 1589 autent

2143 1588 2318 1673 tri-um
2345 1588 2451 1642 hoc
2483 1589 2644 1673 eligit
2670 1595 2920 1661 tertium,
2956 1598 3367 1670 hominemque
3399 1623 3502 1660 nec
3533 1588 3792 1673 animam

2140 1663 2349 1731 solam,
2384 1684 2488 1723 nec
2519 1669 2708 1726 solum
2755 1689 2983 1746 corpus,
3045 1681 3141 1732 sed
3205 1663 3462 1738 animam
3509 1687 3687 1740 simul

2139 1759 2351 1816 corpus
2382 1764 2505 1802 esse
2545 1751 2880 1810 arbitratur.
2932 1757 3181 1814 Proinde
3222 1777 3520 1818 summum
3573 1766 3793 1823 bonum

2138 1823 2412 1894 hominis,
2445 1846 2560 1912 quo
2596 1831 2658 1885 fit
2727 1833 2952 1903 beatus,
2995 1853 3063 1892 ex
3123 1839 3426 1912 utriusque
3487 1846 3568 1899 rei
3628 1847 3793 1902 bonis

2137 1913 2403 1998 constare
2436 1910 2593 1998 dicit,
2628 1917 2684 1966 et
2713 1916 2919 1970 animae
2942 1917 3160 1972 scilicet
3185 1931 3237 1976 et
3270 1910 3548 1993 corporis,
3580 1928 3659 1980 Ac
3693 1943 3794 1998 per

2137 1984 2244 2042 hoc
2274 1989 2461 2074 prima
2509 1991 2609 2074 illa
2659 2002 2876 2049 naturae
2928 2005 3162 2068 propter
3210 2018 3270 2056 se
3324 1984 3446 2074 ipsa
3496 1984 3792 2066 eXistimat

2135 2067 2475 2150 expetenda,
2529 2068 2832 2142 ipsamque
2881 2067 3152 2132 virtutem
3207 2067 3379 2150 quam
3414 2083 3790 2142 doctrinain-

2135 2145 2277 2199 serit
2327 2146 2483 2226 velut
2541 2156 2724 2204 artem
2776 2153 3024 2214 vivendi,
3071 2145 3296 2226 quas-in
3352 2163 3558 2217 animae
3617 2166 3785 2224 bonis

2133 2232 2234 2311 est
2260 2225 2814 2311 excellentissimum
2873 2225 3111 2291 bonum.
3160 2240 3522 2311 Quapropter
3577 2246 3782 2302 eadem

2132 2301 2420 2394 virtus,-id
2451 2312 2541 2361 est
2570 2324 2665 2362 ars
2696 2314 2936 2394 agendae
2979 2315 3127 2382 vitae,
3171 2301 3305 2372 cum
3347 2301 3632 2391 acceperit
3666 2301 3782 2394 pri;

2133 2398 2228 2436 ma
2264 2390 2503 2452 naturae,
2535 2405 2662 2458 quis
2707 2393 2832 2446 sine
2882 2392 2979 2448 illa
3009 2402 3192 2463 erant,
3228 2398 3329 2453 sed
3371 2390 3563 2456 tamen
3621 2390 3781 2458 erant

2130 2463 2302 2518 etiam
2337 2468 2572 2548 quando
2604 2470 2687 2524 eis
2744 2472 3009 2528 doctrina
3067 2478 3255 2533 adhuc
3313 2480 3530 2548 deerat,
3585 2486 3781 2540 omnia

2130 2549 2360 2633 propter
2383 2563 2442 2601 se
2474 2547 2661 2633 ipsam
2682 2553 2924 2633 appetit,
2957 2555 3242 2626 simulque
3259 2559 3436 2614 etiam
3460 2579 3519 2616 se
3551 2562 3734 2633 ipsam
3764 2590 3776 2629 ε

2130 2625 2518 2706 omnibusque
2549 2628 2724 2684 simul
2757 2637 2813 2686 et
2843 2648 2904 2687 se
2935 2635 3057 2703 ipsa
3088 2625 3286 2706 utitur,
3308 2657 3376 2695 eo
3410 2641 3522 2698 fine
3559 2625 3622 2698 ut
3651 2625 3780 2700 om;

2129 2702 2301 2794 nibus
2335 2705 2654 2794 delectetur
2675 2714 2848 2782 atque
2872 2702 3414 2794 perfruatur,magis
3438 2721 3774 2794 minusque,

2129 2787 2189 2871 ut
2230 2799 2470 2858 quaeque
2498 2787 2654 2871 inter
2710 2808 2772 2846 se
2830 2793 3056 2863 majora
3112 2801 3283 2867 atque
3327 2787 3560 2856 minora
3613 2787 3773 2871 sunt,

2127 2870 2317 2919 tamen
2336 2867 2964 2952 omnibusgaudens,
3012 2880 3068 2930 et
3125 2878 3395 2948 quasdam
3441 2880 3685 2952 minora,
3717 2867 3769 2939 si

2124 2947 2452 3032 necessitas
2479 2950 2746 3018 postulat,
2773 2960 3008 3025 propter
3029 2947 3247 3027 majora
3272 2960 3360 3014 vel
3391 2947 3766 3032 adipiscenda

2123 3024 2208 3080 vel
2242 3027 2512 3098 tenenda,
2572 3024 2976 3089 contemnens.
3010 3024 3286 3094 Omnium
3349 3024 3544 3097 autern
3597 3044 3770 3101 bono-

2121 3120 2246 3161 rum
2304 3108 2392 3163 vel
2422 3109 2601 3164 animi
2656 3111 2741 3166 vel
2775 3114 3055 3185 corporis,
3089 3117 3233 3172 nihil
3267 3119 3380 3175 sibi
3425 3121 3607 3179 virtus
3637 3141 3766 3182 om-

2119 3185 2258 3276 nlino
2285 3190 2584 3276 praeponit.
2622 3192 2750 3276 llaec
2789 3196 2942 3276 enim
2997 3197 3142 3276 bene
3190 3201 3377 3256 utitur
3422 3207 3478 3259 et
3516 3219 3578 3258 se
3611 3206 3760 3276 ipsa,

2115 3269 2179 3346 et
2202 3269 2445 3337 caeteris,
2476 3286 2602 3340 quae
2654 3272 2948 3330 hominem
3009 3275 3228 3332 faciunt
3277 3279 3531 3344 beatum,
3565 3269 3762 3346 bo'nis;

2119 3344 2226 3399 Ubi
2255 3363 2390 3432 vero
2415 3348 2541 3432 ipsa
2572 3367 2687 3405 non
2713 3360 2817 3420 est,
2850 3357 3176 3424 quamlibet
3210 3359 3396 3415 multa
3429 3362 3548 3416 sint
3582 3344 3761 3432 bona,

2117 3441 2232 3480 non
2255 3426 2414 3514 bono
2437 3431 2563 3499 ejus
2592 3437 2728 3514 sunt
2762 3435 2801 3514 ιγ,
2826 3435 2996 3502 cujus
3026 3442 3164 3490 sunt
3197 3457 3210 3505 ;
3247 3457 3312 3493 ac
3365 3458 3466 3510 per
3497 3444 3601 3499 boc
3637 3426 3759 3514 jam

2115 3519 2221 3559 nec
2244 3507 2371 3576 ejus
2403 3509 2555 3563 bona
2585 3510 2829 3566 dicenda
2861 3519 3018 3581 sunt,
3051 3516 3145 3570 cui
3199 3507 3560 3575 male'utcnti
3595 3507 3762 3582 utilia

2111 3599 2241 3671 esse
2274 3603 2386 3641 non
2406 3594 2678 3671 possunt.
2713 3591 2841 3646 Haac
2864 3608 3000 3663 ergo
3031 3595 3150 3649 vita
3183 3597 3456 3664 hominis,
3485 3617 3610 3671 quas
3645 3603 3758 3657 vir-

2112 3670 2228 3752 tute
2264 3672 2319 3720 et
2366 3668 2497 3723 aliis
2528 3671 2707 3724 animi
2740 3678 2796 3726 et
2853 3675 3113 3743 corporis
3147 3677 3332 3745 bonis,
3365 3668 3514 3734 sine'
3543 3682 3760 3752 quibus

2109 3746 2289 3803 virtus
2319 3765 2445 3805 esse
2478 3767 2592 3806 non
2626 3758 2837 3823 potest,
2873 3755 3105 3823 fruitur,
3149 3758 3317 3813 beata
3345 3777 3473 3816 esse
3496 3746 3711 3820 dicitur
3741 3780 3759 3824 :

2108 3827 2321 3912 si_vero
2351 3835 2407 3912 et
2436 3831 2588 3912 aliis,
2623 3834 2746 3887 sine
2779 3836 2989 3905 quibus
3034 3852 3161 3891 esse
3193 3839 3378 3895 virtus
3429 3847 3636 3912 potest,
3671 3846 3760 3908 vel

2107 3907 2264 3989 ullis,
2296 3909 2381 3964 vel
2416 3909 2702 3980 pluribus,
2755 3912 2977 3968 beatior
3010 3932 3023 3971 :
3057 3916 3103 3970 si
3133 3926 3323 3972 autem
3363 3907 3602 3989 prorsus
3625 3907 3762 3978 omi-

2107 3987 2304 4052 nibus,
2340 3998 2398 4044 ut
2431 3990 2655 4045 nullum
2690 3993 2926 4050 omnino
2964 3997 3182 4052 bonum
3229 3987 3398 4066 desit,
3435 4000 3516 4056 vel
3567 4003 3754 4064 animi

2104 4071 2192 4124 vel
2236 4073 2512 4156 corporis,
2566 4073 2924 4133 beatissima.
2955 4077 3080 4132 Non
3133 4079 3288 4134 enim
3322 4079 3431 4136 hoc
3484 4088 3573 4138 est
3614 4085 3754 4156 vita,

2102 4153 2253 4234 quod
2290 4154 2472 4234 virtus
2505 4173 2519 4223 ;
2551 4156 2823 4226 quoniam
2849 4174 2962 4212 non
2994 4160 3189 4214 omnis
3220 4161 3355 4230 vita,
3389 4165 3488 4219 sed
3523 4153 3758 4234 sapiens

2101 4233 2220 4313 vita
2249 4232 2434 4288 virtus
2465 4240 2553 4289 est
2585 4240 2679 4289 :et
2727 4241 2921 4292 tamen
2963 4239 3407 4313 qualiscumque
3463 4232 3606 4300 vita‘
3627 4245 3758 4308 sine

2102 4312 2222 4368 ulla
2252 4314 2462 4369 virtute
2494 4320 2682 4384 potest
2711 4333 2876 4384 esse;
2901 4318 3084 4375 virtus
3135 4337 3267 4376 vero
3319 4312 3446 4378 sine
3479 4324 3596 4380 ulla
3637 4325 3755 4382 vita

2099 4409 2214 4475 non
2235 4399 2426 4464 potest
2456 4411 2598 4475 esse.
2637 4399 2751 4451 Uoc
2781 4405 2832 4451 et
2889 4398 2958 4452 de
2992 4401 3271 4456 memoria
3301 4403 3544 4460 dixerim
3579 4409 3755 4475 atque

2099 4474 2345 4542 ratione,
2375 4474 2502 4529 etsi
2533 4475 2671 4546 quid
2707 4475 2866 4530 aliud
2896 4479 3010 4535 tale
3060 4485 3149 4536 est
3195 4480 3254 4535 in
3315 4481 3571 4540 homine.
3605 4474 3751 4540 sunt

2096 4551 2246 4606 enim
2281 4553 2403 4608 hinc
2435 4559 2489 4608 et
2520 4559 2655 4610 ante
2703 4557 3050 4626 doctrinam,
3086 4562 3213 4618 sine
3271 4563 3359 4618 his
3403 4570 3598 4620 autem
3631 4581 3749 4621 non

2095 4637 2284 4702 potest
2315 4649 2440 4688 esse
2501 4634 2618 4690 ulla
2666 4637 2926 4693 doctrina
2959 4656 2972 4694 :
3009 4658 3072 4695 ac
3105 4658 3206 4711 per
3249 4642 3358 4698 hoc
3409 4661 3512 4699 nec
3543 4645 3748 4711 virtus,

2095 4726 2215 4778 quas
2243 4713 2441 4784 utique
2467 4713 2733 4771 discitur.
2760 4721 3118 4773 Beneautem
3147 4736 3401 4789 currere,
3437 4724 3744 4792 pulchrum

2092 4807 2219 4847 esse
2251 4795 2740 4864 corpore,viribus
2768 4797 3102 4867 ingentibus
3133 4800 3461 4869 praevalere,
3496 4806 3550 4857 et
3580 4808 3745 4858 crete-

2093 4887 2155 4926 ra
2188 4872 2527 4942 hujusmodi
2567 4875 2705 4928 talia
2735 4882 2893 4940 sunt,
2922 4881 2984 4930 ut
3015 4885 3070 4932 et
3099 4881 3285 4933 virtus
3313 4881 3442 4934 sine
3473 4881 3561 4936 bis
3612 4898 3741 4939 esse

2092 4952 2294 5020 possit,
2326 4953 2530 5021 etipsa
2563 4953 2686 5006 sine
2738 4956 2944 5008 virtute
2976 4971 2989 5008 :
3024 4956 3176 5011 bona
3233 4964 3372 5013 sunt
3402 4963 3597 5015 tamen
3638 4978 3649 5028 ;
3683 4966 3742 5017 et

2089 5034 2413 5086 secundum
2445 5033 2590 5088 istos
2622 5033 2642 5066 ²
2673 5033 2844 5089 etiam
2880 5035 3007 5104 ipsa
3045 5042 3278 5107 propter
3323 5055 3386 5093 se
3428 5040 3615 5110 ipsam
3648 5043 3734 5097 di-

2089 5111 2218 5182 ligit
2239 5111 2442 5173 virtus.
2472 5114 2769 5184 utiturque
2801 5115 2916 5170 illis
2939 5125 2993 5170 et
3021 5117 3253 5185 fruitur,
3287 5119 3434 5175 sicut
3465 5121 3737 5177 virtutem

2088 5191 2266 5247 deceL

2133 5350 2168 5417 ,ι
2208 5345 2379 5456 Εᾶὶιὶ,ι
2400 5361 2508 5395 non
2544 5346 2682 5398 bona
2712 5350 2834 5410 ejus
2865 5359 3017 5400 sunt.
3058 5351 3244 5402 Melius
3289 5353 3430 5411 Mss.,
3463 5369 3574 5403 non
3607 5356 3742 5406 bono

2133 5425 2211 5455 'us
2242 5424 2346 5454 sun
2385 5447 2395 5456 .

2087 5423 2112 5455 ε
2149 5425 2211 5455 US
2242 5423 2395 5457 sunt.

2105 5423 2169 5503 J9
2202 5471 2358 5527 Editi,
2407 5480 2456 5520 et
2503 5473 2625 5532 ipsa
2651 5475 2773 5523 sine
2824 5476 3032 5526 virtute
3076 5478 3218 5527 bona
3262 5480 3383 5529 sint
3413 5483 3640 5531 :iamen
3687 5491 3739 5531 et

2084 5536 2385 5584 secundum
2418 5535 2567 5595 istos,
2599 5539 2698 5587 etc.
2728 5538 3089 5591 Emendantur
3112 5555 3180 5592 ex
3207 5543 3329 5594 Mss.
