4124 6188
296 315 414 394 027

1355 331 1454 391 DE
1499 322 1861 392 CIVITATE
1905 330 2059 405 DEI,
2105 330 2171 392 S.
2220 321 2638 391 AUGUSTINI

3595 316 3715 380 628

365 464 423 523 2.
455 463 616 519 Hanc
644 462 820 517 vitam
863 461 1091 518 beatam
1126 464 1301 519 etiam
1334 464 1609 521 socialem
1642 466 1951 536 perhibent
2056 467 2215 524 tolus
2246 465 2486 529 Paulus,
2519 464 2781 519 Dominus
2810 458 3339 532 noviteogitationes
3356 456 3722 530 sapientium,

297 548 446 619 esse,
481 546 610 616 quae
642 542 963 597 amicorum
1001 546 1151 598 bona
1200 547 1430 614 pr0pter
1481 562 1542 601 se
1574 548 1703 617 ipsa
1741 547 1949 618 diligat

298 624 450 681 sicut
475 637 604 687 sua,
636 624 831 694 eisque
863 624 1273 695 propteripsos
1297 624 1403 680 hoc
1434 626 1572 680 velit
1602 632 1751 698 quod
1788 628 1896 683 sibi
1934 645 1949 693 ;

298 706 421 763 sive
449 704 509 759 in
542 704 715 759 domo
738 707 870 771 sint,
904 706 1057 760 sicut
1087 708 1299 774 conjux
1321 713 1376 762 et
1415 705 1580 761 liberi
1605 716 1659 763 et
1690 708 1954 779 quicum-

303 790 415 860 que
458 785 764 841 domestici
796 802 811 853 ;
838 786 957 841 sive
983 786 1042 841 in
1094 786 1239 855 loco,
1275 787 1370 842 ubi
1427 788 1637 844 domus
1686 794 1812 860 ejus
1844 795 1950 859 est,

304 867 479 924 sicuti
501 870 588 922 est
632 866 792 935 urbs,
824 871 888 920 ut
920 874 1051 921 sunt
1082 867 1143 922 hi
1165 868 1264 938 qui
1297 868 1448 922 cives
1478 877 1759 923 vocantur
1792 885 1806 935 ;
1834 870 1956 925 sive

306 946 368 1002 in
387 950 504 1001 toto
543 946 703 1012 orbe,
736 950 798 1000 ut
855 952 993 1001 sunt
1022 955 1242 1019 gentes,
1276 964 1422 1017 quas
1472 947 1522 1002 ei
1563 950 1810 1004 societas
1858 950 1961 1004 bu-

312 1042 488 1083 mana
516 1026 824 1097 conjungit
854 1047 869 1095 ;
902 1027 1018 1082 sive
1050 1029 1107 1082 in
1142 1028 1266 1099 ipso
1298 1029 1538 1096 mundo,
1571 1031 1669 1100 qui
1693 1035 1962 1085 censetur

312 1107 550 1164 nomine
580 1106 708 1162 cmli
742 1111 799 1162 et
834 1111 1015 1175 terrae,
1039 1108 1189 1163 sicut
1237 1124 1360 1163 esse
1390 1108 1590 1163 dicunt
1621 1111 1775 1176 deos,
1816 1126 1965 1181 quos

312 1188 514 1244 volunt
532 1187 751 1243 amicos
782 1202 910 1243 esse
940 1186 1165 1243 homini
1196 1188 1467 1260 sapienti,
1493 1204 1637 1259 quos
1668 1206 1773 1244 nos
1806 1189 1968 1245 fami-

314 1267 517 1324 liarios
551 1267 799 1337 Angelos
848 1267 1111 1324 dicimus.
1146 1268 1225 1324 De
1280 1270 1571 1323 bonorum
1602 1274 1800 1325 autem
1852 1272 1909 1325 et
1938 1285 1969 1324 e

317 1348 602 1405 contrario
653 1347 942 1404 malorum
995 1348 1209 1404 ﬁnibus
1240 1358 1450 1419 negant
1481 1347 1597 1405 ullo
1630 1352 1802 1405 modo
1841 1365 1970 1407 esse

317 1429 733 1499 dubitandum,
768 1434 824 1484 et
853 1429 1004 1485 hanc
1034 1430 1188 1486 inter
1216 1447 1277 1487 se
1306 1435 1362 1486 et
1394 1445 1568 1484 novos
1598 1432 1970 1489 Academicos

319 1511 618 1567 afﬁrmant
675 1527 803 1566 esse
873 1511 1239 1581 distantiam,
1301 1528 1404 1567 nec
1463 1527 1665 1567 eorum
1724 1514 1972 1569 interest

319 1592 667 1663 Quidquam,
691 1591 809 1646 sive
854 1592 1075 1662 cynico,
1109 1592 1227 1648 sive
1258 1592 1369 1647 alio
1402 1590 1658 1663 Quolibet
1692 1592 1891 1648 habitu
1917 1598 1973 1648 et

317 1672 470 1728 Victu
505 1673 562 1725 in
604 1671 698 1725 his
746 1671 985 1739 finibus,
1044 1691 1187 1743 quos
1231 1690 1399 1729 veros
1459 1678 1680 1742 putant,
1722 1674 1973 1747 quisque

318 1750 867 1825 philosOpbetur.Ex
900 1751 1085 1807 tribus
1108 1769 1275 1822 porro
1317 1752 1434 1807 illis
1463 1754 1592 1807 vita;
1639 1756 1973 1825 generibus,

320 1832 528 1896 otioso,
563 1835 821 1898 actuoso,
854 1838 907 1885 et
969 1832 1122 1902 quod
1174 1848 1243 1887 ex
1293 1838 1539 1902 utroque
1584 1836 1975 1906 compositum

322 1916 430 1980 est,
462 1911 570 1967 hoc
604 1911 844 1967 tertium
878 1912 989 1967 sibi
1016 1912 1242 1984 placere
1287 1920 1643 1971 asseverant.
1679 1917 1808 1972 Haec
1842 1933 1975 1973 sen-

324 1992 478 2049 sisse
510 1997 682 2063 atque
734 1992 1005 2048 docuisse
1058 1994 1434 2050 Academicos
1490 2000 1737 2063 veteres,
1796 1997 1977 2053 Varro

327 2072 560 2141 asserit,
591 2076 828 2127 auctore
884 2074 1193 2140 Antiocho,
1251 2076 1528 2145 magistro
1583 2076 1876 2135 Ciceronis
1924 2083 1981 2135 et

327 2155 458 2221 ano,
482 2167 656 2224 quem
691 2169 833 2209 sane
863 2152 1060 2209 Cicero
1092 2155 1151 2209 in
1185 2155 1445 2226 pluribus
1484 2158 1665 2214 fuisse
1696 2160 1978 2229 Stoicum,

330 2237 502 2306 Quam
555 2238 805 2290 veterem
863 2235 1278 2293 Academicum
1333 2238 1459 2295 vult
1486 2238 1667 2295 videri
1728 2240 1825 2312 (α).
1868 2241 1980 2297 Sed

331 2317 469 2389 quid
492 2316 562 2372 ad
609 2333 737 2387 nos,
761 2316 859 2389 qui
892 2317 1085 2389 potius
1118 2319 1188 2373 de
1216 2320 1391 2376 rebus
1414 2320 1556 2393 ipsis
1588 2322 1846 2391 judicare
1877 2322 1980 2377 de-

329 2396 557 2466 bemus,
598 2412 769 2467 quam
794 2414 896 2467 pro
929 2414 1135 2471 magno
1166 2400 1236 2455 de
1268 2401 1611 2458 hominibus
1642 2402 1783 2476 quid
1817 2401 1981 2475 quieo

332 2478 444 2550 que
475 2481 724 2534 senserit
752 2477 901 2534 scire
927 2478 955 2534 ‘2

330 2628 568 2702 (IAPUT
600 2642 696 2701 IV.
728 2674 796 2683 --
826 2642 898 2699 De
926 2659 1139 2699 summo
1185 2643 1318 2700 bono
1349 2652 1398 2701 et
1422 2660 1634 2701 summo
1681 2645 1828 2702 malo
1857 2653 1987 2717 quid

404 2723 707 2780 Christiani
732 2725 974 2781 sentiant
1002 2732 1196 2780 contra
1211 2726 1560 2797 philosophos
1572 2766 1587 2794 ,
1601 2724 1700 2797 qui
1712 2743 1987 2782 summum

404 2803 604 2861 bonum
636 2806 697 2859 in
723 2820 781 2860 se
808 2804 915 2860 sibi
940 2819 1053 2861 esse
1081 2806 1363 2862 dixerunt.

406 2942 455 3010 l.
489 2952 549 3010 Si
578 2968 714 3026 ergo
751 2957 1047 3025 quaeratur
1078 2971 1111 3010 a
1134 2955 1326 3025 nobis,
1360 2955 1500 3028 quid
1535 2955 1737 3011 civitas
1783 2955 1883 3011 Dei
1914 2956 1988 3011 de

329 3031 424 3089 his
456 3033 707 3107 singulis
757 3034 1114 3107 interrogata
1144 3037 1510 3106 respondeat,
1544 3052 1609 3091 ac
1638 3036 1892 3107 primum
1919 3035 1989 3091 de

330 3112 549 3171 ﬁbihUs
583 3115 867 3171 bonorum
901 3115 1307 3185 malorumque
1325 3116 1460 3186 quid
1494 3115 1989 3188 sentiat,respon-

334 3194 495 3250 d’ebit
525 3199 800 3251 aeternam
832 3194 1007 3249 vitam
1040 3210 1168 3250 esse
1215 3210 1513 3250 summum
1555 3196 1797 3265 bonum,
1832 3202 1993 3251 aeter-

337 3280 476 3331 nam
508 3280 640 3331 vero
666 3279 910 3331 mortem
936 3290 1234 3330 summum
1270 3275 1493 3330 malum
1522 3292 1535 3330 :
1571 3280 1802 3346 propter
1832 3274 1992 3331 illam

340 3355 584 3427 proinde
614 3356 1071 3427 adipiscendam,
1124 3357 1415 3427 istamque
1473 3358 1790 3425 vitandam,
1845 3362 1996 3414 recte

344 3435 514 3511 nobis
546 3452 667 3493 esse
700 3436 1029 3492 vivendum.
1092 3437 1331 3507 Propter
1373 3440 1525 3509 quod
1559 3440 1834 3511 scriptum
1886 3444 1994 3507 est,

342 3504 529 3575 Justus
555 3532 624 3572 ea:
675 3517 778 3586 ﬁde
818 3518 950 3572 vivit
988 3504 1269 3585 (Habaruc
1298 3504 1422 3581 11,21
1455 3538 1470 3588 ;
1502 3504 1694 3576 Colat:
1731 3537 1816 3590 ιιι,
1870 3504 1995 3591 lli:

347 3599 625 3672 quoniam
648 3614 833 3668 neque
850 3599 1067 3653 bonum
1094 3604 1358 3654 nostrum
1380 3604 1500 3668 jam
1526 3600 1809 3668 videmus,
1844 3603 2000 3655 unde

346 3680 573 3750 oportet
606 3682 669 3732 ut
690 3678 977 3732 credendo
998 3694 1329 3748 queremus
1359 3696 1371 3745 ;
1404 3695 1587 3750 neque
1628 3682 1812 3749 ipsum
1849 3687 2002 3735 recte

346 3760 534 3813 Vivere
557 3758 722 3812 nobis
752 3774 821 3813 ex
852 3759 1021 3814 nobis
1053 3768 1160 3823 est,
1195 3758 1306 3813 nisi
1358 3761 1662 3816 credentes
1686 3762 1924 3830 adjuvet
1946 3765 2005 3814 et

350 3841 603 3907 orantes,
646 3837 745 3910 qui
777 3843 835 3893 et
864 3838 1051 3909 ipsam
1087 3838 1257 3893 fidem
1292 3840 1467 3904 dedit,
1506 3856 1617 3907 qua
1650 3856 1752 3895 nos
1801 3841 1871 3894 ab
1906 3839 2005 3894 illo

350 3916 708 3989 adjuvandos
740 3934 867 3973 esse
917 3921 1246 3974 credamus.
1299 3917 1385 3974 llli
1418 3924 1611 3974 autem
1646 3921 1745 3991 qui
1782 3920 1838 3974 in
1894 3919 2009 3975 ista

347 3999 472 4054 Vita
502 3998 647 4054 lines
681 3999 968 4054 bonorum
1012 4003 1069 4055 et
1120 4000 1406 4055 malorum
1457 4016 1583 4055 esse
1641 4004 2008 4071 putaverunt,

349 4080 478 4135 sive
508 4078 566 4133 in
600 4094 859 4149 corpore,
883 4081 1002 4135 sive
1034 4080 1094 4134 in
1137 4079 1351 4147 animo,
1385 4078 1500 4134 sive
1523 4081 1579 4134 in
1632 4086 1878 4152 utroque
1903 4097 2010 4149 po-

352 4162 568 4233 n’e'nles
617 4161 917 4214 summum
972 4160 1185 4214 bonum
1221 4176 1235 4227 ;
1265 4165 1459 4231 atque,
1495 4165 1557 4214 ut
1587 4160 1646 4216 id
1670 4160 2013 4233 explicatius

356 4226 623 4309 eloquar,
655 4239 776 4295 sive
818 4239 877 4294 in
910 4226 1229 4309 voluptate.
1276 4226 1392 4295 sive
1424 4226 1482 4295 in
1540 4226 1769 4303 virtute.
1804 4242 1923 4296 sive
1955 4241 2012 4295 in

358 4321 615 4389 'uti'aque
650 4334 663 4386 ;
689 4320 810 4372 sive
840 4321 898 4371 in
925 4321 1261 4386 quiete,sive
1292 4319 1350 4373 in
1384 4321 1746 4391 virtute,sive
1775 4321 1834 4375 in
1859 4331 2018 4376 utra-

360 4398 505 4470 ’que;
524 4400 639 4452 sive
663 4400 719 4451 in
742 4400 1037 4468 voluptate
1062 4399 1234 4452 simul
1254 4410 1305 4454 et
1328 4403 1664 4471 quiete,sive
1683 4403 1741 4457 in
1765 4404 2016 4468 vilrtute,

360 4478 567 4563 nivei-'11
589 4479 1078 4563 ut‘risque;sive_in
1104 4479 1304 4548 primis
1328 4485 1695 4550 naturas,sive
1712 4485 1769 4540 in
1788 4486 2018 4551 virtute,

364 4557 487 4637 sive
519 4558 578 4613 in
617 4557 918 4629 utrisque:
951 4560 1048 4617 hic
1080 4560 1229 4617 beati
1263 4579 1415 4633 esse,
1447 4569 1501 4620 et
1532 4582 1565 4619 a
1595 4583 1657 4621 se
1688 4566 1831 4635 ipsis
1871 4564 2023 4621 beati

362 4639 495 4696 ﬁeri
528 4641 674 4697 mira
696 4642 947 4699 vanitate
971 4643 1295 4700 voluerunt.
1331 4644 1515 4700 lrrisit
1536 4646 1643 4701 hos
1675 4646 1902 4702 Veritas
1925 4663 2026 4715 per

368 4722 716 4797 ‘pr'Ophetam
776 4724 1087 4791 dicentem,
1138 4718 1295 4783 Novit
1362 4728 1626 4781 Dominus
1673 4729 2027 4794 cogitationes

375 4802 660 4860 hominum
687 4821 709 4867 ,·
730 4804 840 4875 vel,
871 4808 1025 4864 sicut
1055 4806 1163 4862 hoc
1193 4804 1599 4861 testimonium
1640 4804 1831 4876 posuit
1858 4822 2030 4876 apos-

392 5098 395 5099 ν
444 5031 519 5091 (α)
546 5028 642 5099 Hic
686 5032 979 5099 Antiochus
1024 5032 1328 5099 Ascalonita
1358 5033 1478 5099 fuit.
1529 5032 1811 5099 docuitque
1839 5032 2035 5099 Cicero-

384 5098 544 5160 ξιοιιιζ
589 5094 899 5153 Varronem,
957 5096 1207 5160 Lucullus
1262 5099 1314 5146 et
1370 5097 1502 5145 alios
1556 5094 1834 5160 plerosque
1890 5095 2036 5160 nobi-

383 5158 473 5221 les_
517 5157 823 5221 Romanos;
882 5159 1306 5221 sequebaturque
1379 5157 1612 5209 veterein
1681 5157 2033 5218 Academiam,

386 5219 480 5269 sed
533 5219 611 5267 ita
660 5222 719 5267 ut
774 5221 840 5268 ad
897 5219 1234 5271 Zenonicam'
1260 5223 1457 5270 sectam
1514 5222 1837 5279 inclinaret;
1898 5234 2037 5271 eam-

386 5293 492 5345 que
550 5296 656 5331 non
702 5284 814 5331 tam
869 5283 1090 5331 stoicam
1136 5284 1469 5346 disciplinam
1517 5297 1713 5333 novam
1742 5284 2039 5333 vocandam

377 5342 723 5393 autumabat.
798 5358 958 5393 quam
1044 5347 1296 5393 antiquae
1373 5346 1687 5393 Academiae
1764 5346 2039 5393 correctio-

387 5358 723 5401 aurumanar,
798 5358 958 5405 quam
1044 5358 1296 5406 antiquae
1373 5358 1687 5395 academiae
1764 5358 2039 5395 correctio-

384 5418 557 5480 nam";
611 5408 803 5480 idcirco
861 5407 977 5480 eius
1029 5408 1275 5480 A‘ntiochi
1331 5411 1382 5475 et
1409 5410 1501 5480 _de
1540 5410 1685 5480 aliis
1714 5410 2041 5480 rebusnper-

386 5462 578 5537 multis
622 5471 685 5537 et_
720 5470 803 5537 in“
822 5462 1009 5537 primis
1045 5470 1108 5518 de
1156 5471 1549 5537 summobono
1578 5472 1841 5537 sententia
1856 5462 2040 5537 ‘Marco

392 5528 554 5594 Bruto
599 5532 690 5591 qui
741 5528 868 5594 eius
899 5530 1115 5580 fratrem
1154 5532 1420 5591 audiebat,
1478 5535 1801 5594 caeterisque
1852 5533 2039 5584 Stoicis

395 5591 736 5641 vehementer
762 5591 1101 5654 probabatur.
1134 5595 1246 5643 Lun.
1280 5594 1448 5644 VIVIS.

2062 548 2323 618 quoniam
2365 559 2517 598 vanz
2563 546 2692 598 sunt
2717 538 2896 610 (Psal.
2921 555 3082 605 XCIII,
3115 540 3175 593 11
3206 562 3220 605 ;
3254 538 3275 592 Ι
3308 536 3427 592 Cor.
3462 553 3549 605 ιιι,
3597 536 3717 618 20).

2133 628 2188 680 2.
2221 626 2532 690 Quisenim
2558 623 2795 689 sufficit,
2816 620 3122 692 quantovis
3142 619 3491 690 eloquentia;
3521 617 3729 672 ﬂumi-

2067 722 2159 775 ne,
2191 707 2319 761 vita:
2352 706 2531 774 hujus
2566 702 2825 759 miserias
2857 700 3142 773 explicare
3170 700 3199 754 ?
3226 699 3405 763 Quam
3434 698 3731 753 lamenta-

2068 796 2163 845 tus
2194 794 2283 845 est
2314 789 2511 843 Cicero
2543 788 2598 842 in
2641 783 3053 842 Consolatione
3070 783 3141 837 de
3167 785 3353 837 morte
3385 780 3537 847 tiliae,
3570 778 3730 836 sicut

2071 871 2257 942 potuit
2300 870 2439 925 :sed
2469 872 2756 938 quantum
2789 869 2877 920 est
2923 866 3076 935 quod
3112 863 3299 935 potuit
3326 861 3355 916 τ
3402 860 3478 915 Ea
3512 860 3730 942 quippe

2073 940 2202 1021 quas
2221 950 2499 1005 dicuntur
2516 947 2705 1019 prima
2722 951 2966 1012 naturae,
3003 944 3259 1016 quando,
3283 942 3404 1005 ubi,
3438 940 3729 1010 quomodo

2073 1026 2194 1085 tam
2227 1032 2373 1085 bene
2404 1045 2466 1085 se
2496 1029 2706 1084 habere
2730 1028 2785 1081 in
2808 1027 2915 1082 hac
2935 1026 3050 1080 vita
3076 1028 3341 1096 possunt,
3376 1028 3440 1077 ut
3471 1038 3585 1077 non
3618 1022 3730 1077 sub

2076 1112 2314 1167 incertis
2346 1110 2582 1166 casibus
2640 1108 2927 1163 ﬂuctuent
2963 1104 2991 1161 τ
3022 1104 3161 1169 Quis
3201 1103 3360 1159 enim
3392 1102 3560 1158 dolor
3587 1118 3734 1158 con-

2077 1192 2296 1247 trarius
2318 1190 2618 1259 voluptati,
2652 1205 2779 1261 qua:
2832 1186 3171 1258 inquietudo
3203 1184 3492 1240 contraria
3524 1182 3736 1254 quieti,

2080 1272 2139 1326 in
2170 1288 2380 1342 corpus
2403 1269 2603 1325 cadere
2626 1269 2909 1340 sapientis
2932 1284 3045 1322 non
3072 1270 3257 1339 potest
3285 1265 3312 1320 ?
3339 1265 3732 1320 Membrorum

2081 1357 2233 1408 certe
2264 1351 2589 1423 amputatio
2640 1350 2723 1405 vel
2757 1348 3025 1404 debilitas
3047 1346 3304 1402 hominis
3329 1345 3738 1417 expugnatio-

2083 1433 2505 1499 columitatem,
2551 1432 2890 1487 deformitas
2921 1427 3436 1499 pulchritudinem,
3468 1424 3741 1481 imbecil-

2083 1512 2215 1567 litas
2239 1515 2571 1577 sanitatem,
2598 1512 2748 1568 vires
2776 1509 3080 1575 lassitudo,
3102 1507 3482 1563 mobilitatem
3515 1512 3740 1578 torpor,

2085 1601 2185 1651 aut
2208 1595 2450 1650 tarditas
2485 1611 2498 1649 :
2542 1593 2747 1665 ecquid
2799 1593 3008 1647 horum
3040 1595 3149 1659 est,
3182 1589 3336 1662 quod
3386 1593 3638 1660 nequeat
3673 1588 3735 1642 in

2085 1692 2317 1731 carnem
2353 1675 2632 1745 sapientis
2667 1675 2885 1729 irruere
2913 1672 2940 1726 Τ
2970 1675 3168 1727 Status
3214 1686 3446 1741 quoque
3482 1669 3746 1739 corporis

2085 1761 2257 1827 atque
2282 1762 2493 1819 motus,
2513 1772 2645 1810 cum
2669 1756 2937 1809 decentes
2960 1757 3132 1823 atque
3163 1758 3549 1821 congruentes
3580 1753 3745 1815 sunt,

2088 1839 2239 1893 inter
2269 1842 2488 1891 naturae
2522 1836 2710 1905 prima
2768 1836 3157 1889 numerantur
3200 1832 3338 1899 ;sed
3390 1828 3529 1901 quid
3562 1829 3613 1885 si
3644 1827 3751 1883 ali-

2087 1933 2201 1989 qua
2242 1915 2396 1969 mala
2455 1914 2719 1969 valetudo
2780 1911 3043 1967 membra
3103 1916 3355 1965 tremore
3403 1907 3749 1964 concutiat?

2088 1988 2224 2069 quid
2253 1997 2302 2050 si
2327 2011 2511 2066 usque
2542 1996 2609 2050 ad
2660 1993 2957 2065 ponendas
2995 1991 3054 2046 in
3085 1994 3304 2046 terram
3338 2006 3550 2045 manus
3583 1988 3750 2044 dorsi

2089 2078 2261 2151 spina
2289 2081 2577 2143 curvetur,
2608 2080 2664 2131 et
2685 2075 2981 2131 hominem
3012 2071 3444 2144 quodammodo
3477 2070 3749 2142 quadru-

2093 2160 2294 2233 pedem
2338 2157 2510 2213 t'aciat
2538 2159 2566 2213 ’ἲ
2601 2172 2792 2212 nonne
2823 2170 3058 2211 omnem
3089 2151 3382 2209 statuendi
3414 2152 3751 2233 corporiset

2094 2231 2361 2297 movendi
2392 2238 2642 2308 speciem
2674 2240 2971 2309 decusque
3004 2235 3337 2307 pervertet?
3362 2233 3509 2299 Quid
3558 2231 3750 2303 ipsius

2092 2320 2270 2377 animi
2304 2318 2650 2391 primigenia
2690 2334 2817 2389 quas
2873 2315 3245 2389 appellantur
3277 2315 3446 2375 bona.
3496 2313 3597 2368 ubi
3627 2314 3751 2368 duo

2092 2400 2283 2475 prima
2329 2404 2555 2471 ponunt
2606 2404 2837 2470 propter
2883 2396 3463 2475 comprehensionem
3518 2410 3759 2475 percep-

2092 2474 2433 2552 tionemque
2478 2479 2760 2546 veritatis,
2804 2494 3042 2533 sensum
3091 2482 3147 2532 et
3197 2474 3609 2531 intellectum?
3639 2474 3756 2530 Sed

2095 2561 2287 2633 qualis
2321 2570 2690 2633 quantusque
2748 2566 3008 2615 remanet
3047 2573 3277 2626 sensus,
3311 2556 3384 2622 si,
3414 2561 3477 2611 ut
3514 2555 3632 2611 alia
3664 2560 3759 2610 ta-

2095 2658 2278 2709 ceam,
2308 2643 2406 2697 ﬁat
2431 2642 2601 2697 homo
2634 2641 2847 2696 surdus
2879 2644 2934 2695 et
2966 2654 3155 2694 caicus
3180 2638 3208 2693 ?
3230 2637 3395 2692 Ratio
3427 2652 3561 2692 vero
3584 2644 3639 2692 et
3670 2636 3764 2690 in-

2096 2725 2422 2796 telligentia
2445 2740 2559 2797 quo
2592 2721 2943 2790 recedet,ubi
2968 2720 3303 2793 sopietur,si
3328 2719 3523 2790 aliquo
3548 2720 3757 2775 morbo

2098 2807 2383 2865 efﬁciatur
2427 2807 2673 2862 insanus
2703 2806 2731 2861 ?
2763 2804 3083 2860 Phrenetici
3119 2802 3300 2858 multa
3325 2802 3575 2858 absurda
3613 2816 3756 2856 cum

2098 2888 2415 2953 dicunt,vel
2446 2886 3035 2958 faciunt,plerumque
3066 2902 3098 2939 a
3134 2886 3283 2940 bono
3316 2900 3423 2939 suo
3454 2884 3756 2956 proposito

2097 2976 2155 3026 et
2185 2969 2448 3025 moribus
2476 2967 2685 3037 aliena,
2721 2968 2837 3023 imo
2884 2983 2989 3022 suo
3022 2966 3171 3021 bono
3232 2965 3520 3036 pr0posito
3568 2963 3758 3019 mori-

2098 3052 2326 3122 busque
2358 3050 2666 3113 contraria,
2701 3047 2825 3103 sive
2873 3046 2973 3102 illa
3032 3047 3382 3117 cogitemus,
3414 3045 3533 3101 sive
3565 3044 3760 3100 videa-

2100 3148 2255 3198 mus,
2289 3131 2337 3186 si
2370 3130 2544 3202 digne
2585 3128 3040 3192 consideremus,
3072 3126 3360 3199 lacrymas
3406 3131 3603 3180 tenere
3661 3125 3761 3181 vix

2102 3226 2437 3284 possumus,
2475 3212 2575 3263 aut
2605 3208 2751 3263 forte
2808 3224 2915 3262 nec
2972 3222 3284 3278 possumus
3312 3209 3351 3260 ¹.
3385 3205 3529 3272 Quid
3565 3205 3763 3260 dicam

2103 3290 2316 3359 dehis,
2365 3291 2464 3362 qui
2529 3289 2859 3343 daemonum
2920 3288 3220 3357 patiuntur
3278 3285 3601 3341 incursus?
3661 3284 3767 3339 ubi

2104 3371 2318 3427 habent
2376 3370 2784 3424 absconditam
2842 3366 2931 3421 vel
2981 3367 3254 3421 obrutam
3314 3364 3765 3434 intelligentiam

2106 3468 2299 3515 suam,
2333 3451 2571 3521 quando
2591 3449 2909 3504 secundum
2928 3445 3455 3501 suamvoluntatem
3479 3455 3528 3498 et
3564 3447 3768 3500 anima

2108 3548 2303 3589 eorum
2340 3537 2399 3585 et
2428 3545 2667 3599 corpore
2700 3527 2989 3599 malignus
3014 3530 3193 3580 utitur
3214 3525 3507 3595 spiritus?
3538 3525 3607 3579 Et
3629 3526 3767 3596 quis

2108 3612 2349 3668 conﬁdit
2380 3611 2487 3665 hoc
2521 3608 2737 3664 malum
2771 3608 2828 3662 in
2863 3610 2972 3662 hac
3027 3609 3142 3660 vita
3173 3608 3404 3661 evenire
3444 3622 3558 3659 non
3593 3621 3770 3677 posse

2110 3692 2404 3762 sapienti?
2436 3690 2649 3744 Deinde
2683 3689 2970 3759 perceptio
3019 3686 3278 3742 veritatis
3335 3686 3393 3740 in
3428 3684 3533 3739 hac
3589 3700 3769 3739 carne

2113 3774 2303 3844 qualis
2329 3778 2429 3826 aut
2460 3776 2680 3841 quanta
2727 3775 2833 3836 est,
2895 3770 3151 3839 quando,
3184 3768 3332 3821 sicut
3390 3767 3643 3838 legimus
3703 3766 3764 3820 in

2112 3852 2296 3909 veraci
2332 3852 2478 3907 libro
2508 3851 2835 3922 Sapientiae.
2870 3849 3075 3918 Corpus
3104 3846 3467 3916 corruptibite
3494 3850 3772 3917 aggravat

2114 3935 2363 3988 animam
2395 3973 2409 3999 ,
2466 3938 2519 3987 et
2576 3932 2835 4002 deprimit
2889 3940 3110 3984 terrena
3164 3927 3497 3982 inhabz’latio
3542 3942 3768 3981 sensum

2119 4016 2294 4070 multa
2323 4013 2653 4082 cogitantem
2680 4012 2836 4082 (Sap.
2872 4026 2952 4076 ix,
2984 4010 3070 4079 15)
3098 4008 3127 4062 ?
3161 4008 3421 4079 Impetus
3476 4018 3646 4079 porro
3688 4007 3779 4062 vel

2112 4095 2365 4153 actionis
2396 4088 2710 4166 appetitus,
2744 4092 2794 4147 si
2852 4091 2959 4146 hoc
2987 4090 3161 4145 modo
3193 4094 3346 4143 recte
3367 4087 3551 4143 latine
3578 4084 3781 4159 appel-

2120 4176 2272 4232 latur
2302 4192 2367 4232 ea
2398 4191 2574 4246 quam
2607 4173 2785 4229 Graeci
2839 4176 3047 4227 vocant
3076 4169 3278 4242 ὁρμὴν.
3310 4169 3450 4241 quia
3479 4173 3537 4224 et
3586 4168 3781 4236 ipsam

2124 4258 2333 4330 primis
2389 4266 2609 4310 naturae
2669 4256 2956 4325 deputant
3009 4252 3178 4306 bouis
3229 4253 3340 4321 (α),
3400 4265 3595 4306 nonne
3650 4249 3787 4320 ipse

2125 4343 2230 4403 est,
2253 4352 2366 4408 quo
2408 4349 2695 4408 geruntur
2725 4336 2893 4389 etiam
2929 4334 3274 4387 insanorum
3310 4330 3393 4385 illi
3429 4330 3788 4386 miserabilis

2129 4425 2345 4482 motus,
2379 4422 2435 4470 et
2468 4417 2615 4470 facta
2647 4430 2774 4486 quis
2808 4414 3136 4479 horremus,
3169 4413 3402 4483 quando
3434 4411 3791 4483 pervertitur

2129 4514 2335 4556 sensus
2367 4499 2634 4568 ratioque
2664 4495 2934 4565 sopitur?

2200 4579 2253 4633 3.
2289 4579 2459 4633 Porro
2490 4576 2618 4647 ipsa
2648 4577 2851 4643 virtus,
2884 4592 3007 4646 quae
3032 4592 3144 4630 non
3177 4577 3266 4629 est
3290 4574 3443 4629 inter
3472 4573 3657 4645 prima
3688 4587 3797 4627 na-

2130 4664 2296 4729 turae,
2328 4658 2605 4730 quoniam
2629 4659 2713 4713 eis
2741 4662 2940 4728 postea
2958 4654 3221 4711 doctrina
3247 4654 3652 4709 introducente
3684 4669 3798 4708 su-

2134 4742 2413 4811 pervenit,
2460 4754 2593 4793 cum
2626 4736 2732 4793 sibi
2786 4736 3070 4792 bonorum
3129 4733 3361 4790 culmen
3394 4734 3647 4789 vindicet
3675 4731 3794 4787 hu-

2134 4835 2469 4885 manorum,
2500 4818 2638 4888 quid
2673 4817 2768 4872 hic
2798 4817 2918 4887 agit
2950 4816 3065 4871 nisi
3110 4818 3389 4885 perpetua
3447 4812 3595 4869 bella
3648 4828 3795 4869 cum

2133 4903 2311 4971 vitiis,
2344 4917 2448 4957 nec
2471 4900 2872 4960 exterioribus,
2906 4898 3007 4952 sed
3050 4897 3426 4952 interioribus
3458 4912 3473 4962 ;
3508 4910 3612 4951 nec
3649 4894 3797 4950 alie-

2136 4983 2248 5049 nis,
2285 4983 2383 5037 sed
2420 4980 2588 5052 plane
2648 4978 2861 5033 nostris
2891 4982 2948 5033 et
3006 4976 3297 5049 propriis;
3361 4976 3612 5031 maxime
3668 4973 3794 5035 illa.

2138 5078 2262 5133 qua:
2285 5078 2467 5133 graece
2496 5058 2842 5137 σωφροσύνη,
2874 5058 3053 5114 latine
3093 5057 3474 5127 temperantia
3517 5055 3795 5111 nomina-

2139 5150 2253 5212 tur,
2285 5159 2401 5214 qua
2431 5141 2695 5197 carnales
2724 5139 3027 5194 frenentur
3050 5137 3346 5203 libidines,
3370 5152 3443 5192 ne
3473 5137 3532 5191 in
3547 5151 3798 5207 quaeque

2210 5408 2224 5477 ξ
2274 5403 2395 5453 Sola
2438 5401 2598 5451 editio
2647 5397 3056 5449 Lovaniensium
3098 5396 3319 5453 omitus,
3358 5402 3467 5444 aut
3508 5396 3658 5456 κονίη
3696 5404 3797 5444 me

2137 5480 2452 5527 possumus.

2208 5532 2289 5590 la)
2318 5529 2464 5576 Cont.
2499 5526 2780 5590 Cicer._lib.
2812 5525 2842 5572 5
2880 5526 2944 5574 de
2974 5524 3207 5583 Finibus,
3240 5535 3353 5586 cap.
3384 5521 3435 5583 6,
3465 5524 3519 5572 et
3546 5521 3641 5571 lib.
3670 5520 3793 5571 εδδ

2144 5588 2275 5641 Nat.
2291 5591 2451 5647 deor,
2483 5603 2595 5651 cap.
2625 5588 2703 5638 22.
