4110 6196
313 327 432 398 639

315 456 536 529 flagitia
565 461 819 516 mentem
855 457 1310 515 consentientem
1358 458 1591 517 trahant
1620 460 1740 532 (a)?
1769 461 1968 533 Neque

314 536 472 596 enim
504 537 731 593 nullum
760 542 848 594 est
877 536 1105 603 vitium,
1150 553 1306 604 cum,
1350 539 1504 594 sicut
1553 539 1696 596 dicit
1725 542 1966 611 Aposto-

312 619 428 684 lus,
471 615 608 672 Caro
627 617 965 688 concupiscit
1021 617 1281 672 adversus
1335 618 1644 688 spiritum:
1677 621 1771 677 cui
1827 619 1964 675 vitio

307 697 604 754 contraria
633 698 817 753 virtus
834 704 941 764 est,
973 713 1131 764 cum,
1159 697 1309 753 sicut
1336 699 1486 755 idem
1523 700 1688 766 dicit,
1721 699 1966 771 Spiritus

310 779 643 848 concupiscit
672 777 929 833 adversus
957 793 1197 834 carnem.
1227 780 1354 835 Hec
1381 781 1554 848 enim,
1581 782 1794 852 inquit,
1817 782 1963 836 invi-

307 873 423 913 cem
451 855 815 913 adversantur
833 873 858 920 ;
880 861 936 912 ul
968 873 1075 913 non
1096 873 1161 913 ea
1181 874 1298 930 quae
1329 859 1491 915 vultis
1510 859 1732 930 faciatis
1761 859 1961 932 (Gatat.

306 953 364 1007 v,
400 939 508 1006 17).
539 935 686 1000 Quid
728 941 924 993 autem
981 937 1168 994 facere
1225 937 1516 1004 volumus,
1577 955 1708 996 cum
1764 939 1965 1010 perfici

307 1017 583 1073 volumus
613 1016 789 1073 ﬁnem
820 1018 1032 1073 summi
1065 1018 1224 1087 boni,
1259 1018 1369 1074 nisi
1395 1024 1458 1074 ut
1509 1037 1638 1076 caro
1686 1020 1964 1076 adversus

306 1098 579 1169 spiritum
611 1114 726 1153 non
756 1099 1152 1168 concupiscat,
1187 1114 1293 1154 nec
1341 1099 1418 1154 sit
1448 1099 1507 1154 in
1541 1100 1709 1156 nobis
1744 1100 1850 1156 hoc
1879 1102 1966 1155 vi-

312 1180 482 1246 tium,
515 1184 717 1235 contra
746 1179 900 1250 quod
942 1179 1188 1251 spiritus
1237 1181 1607 1251 concupiscat
1635 1182 1843 1248 ?Quod
1901 1181 1961 1236 in

231 1311 236 1315 .
308 1261 414 1316 hac
446 1261 558 1316 vita
590 1261 857 1332 quamvis
886 1260 1158 1327 velimus,
1189 1262 1467 1334 quoniam
1507 1264 1690 1318 facere
1721 1279 1835 1317 non
1866 1279 1961 1316 va-

304 1340 523 1408 lemus,
553 1340 614 1396 id
673 1340 883 1397 saltem
933 1342 992 1397 in
1042 1343 1333 1414 adjutorio
1379 1343 1476 1398 Dei
1539 1343 1846 1407 faciamus,
1891 1359 1964 1398 ne

305 1422 469 1478 carni
501 1422 937 1494 concupiscenti
958 1423 1238 1478 adversus
1261 1423 1556 1494 spiritum,
1588 1424 1794 1496 spiritu
1828 1440 1960 1479 suc-

303 1505 617 1560 cumbente
647 1503 942 1569 cedamus,
975 1507 1033 1558 et
1067 1505 1136 1558 ad
1179 1505 1631 1576 perpetrandum
1665 1510 1961 1577 peccatum

307 1591 508 1641 nostra
555 1582 938 1639 consensione
993 1585 1416 1653 pertrahamur.
1478 1587 1644 1641 Absit
1689 1602 1826 1658 ergo
1875 1593 1959 1655 ut,

307 1664 592 1737 quamdiu
626 1665 684 1720 in
723 1664 830 1720 hoc
862 1663 1012 1720 bello
1054 1664 1332 1720 intestino
1394 1683 1638 1729 sumus,
1681 1668 1803 1737 jam
1853 1682 1961 1722 nos

301 1745 750 1812 beatitudinem,
775 1744 848 1799 ad
879 1761 1053 1814 quam
1102 1744 1383 1801 vincendo
1429 1746 1697 1802 volumus
1757 1762 1959 1819 perve-

301 1826 452 1889 nire,
475 1829 718 1897 adeptos
757 1841 887 1881 esse
907 1826 1309 1883 oredamus.Et
1331 1828 1463 1898 quis
1489 1833 1579 1884 est
1600 1842 1784 1900 usque
1818 1827 1960 1883 adeo

301 1907 560 1978 sapiens,
585 1913 650 1962 ut
671 1915 871 1962 contra
899 1907 1172 1963 libidines
1222 1909 1448 1964 nullum
1482 1908 1690 1965 habeat
1721 1909 1959 1965 omnino

302 1986 642 2045 conﬂictum
675 1985 702 2043 τ

377 2077 430 2132 4.
456 2077 603 2143 Quid
627 2075 729 2133 illa
753 2076 962 2147 virtus,
994 2092 1117 2146 quae
1144 2077 1454 2149 prudentia
1481 2078 1688 2134 dicitur
1709 2079 1735 2133 ?
1765 2095 1959 2136 nonne

303 2162 431 2214 tota
459 2157 764 2229 vigilantia
820 2174 923 2212 sua
962 2157 1112 2213 bona
1165 2158 1446 2213 discernit
1494 2175 1527 2212 a
1560 2159 1755 2228 malis,
1799 2165 1864 2215 ut
1899 2162 1959 2216 in

301 2237 423 2294 illis
463 2236 806 2309 appetendis
834 2236 1080 2308 istisque
1108 2237 1361 2291 vitandis
1394 2235 1592 2293 nullus
1613 2254 1772 2293 error
1800 2239 1962 2296 obre-

304 2317 456 2392 pat?
484 2320 564 2373 Ac
594 2332 696 2388 per
726 2316 834 2372 hoc
864 2321 923 2372 et
950 2317 1080 2388 ipsa
1107 2333 1214 2373 nos
1263 2318 1321 2372 in
1378 2318 1566 2388 malis,
1598 2318 1686 2375 vel
1719 2320 1870 2375 mala
1900 2321 1959 2377 in

305 2398 481 2454 nobis
509 2413 636 2454 esse
662 2400 929 2454 testatur.
974 2397 1108 2468 Ipsa
1155 2398 1308 2452 enim
1361 2399 1525 2454 docet
1569 2414 1696 2467 nos,
1738 2403 1960 2456 malum

303 2493 440 2534 esse
471 2478 542 2532 ad
577 2479 930 2548 peccandum
971 2477 1323 2547 consentire,
1364 2480 1703 2551 bonumque
1733 2497 1861 2536 esse
1891 2484 1958 2537 ad

303 2558 670 2632 peccandum
727 2573 840 2613 non
874 2557 1204 2614 consentire
1251 2558 1502 2614 libidini.
1557 2559 1705 2614 Illud
1767 2569 1958 2616 tamen

305 2638 557 2705 malum,
590 2637 683 2694 cui
736 2654 843 2694 nos
877 2654 989 2693 non
1037 2638 1367 2696 consentire
1416 2640 1584 2695 docet
1628 2641 1958 2712 prudentia.

305 2719 450 2775 facit
479 2718 887 2789 temperantia,
921 2734 1026 2774 nec
1059 2720 1389 2790 prudentia,
1423 2735 1528 2775 nec
1575 2721 1962 2792 temperantia

300 2798 468 2855 tollit
496 2799 631 2854 huic
660 2797 812 2854 vitae.
839 2799 1254 2869 Quidjustitia,
1288 2801 1458 2871 cujus
1488 2817 1705 2856 munus
1735 2807 1823 2856 est
1852 2819 1961 2857 sua

299 2879 520 2950 cuique
546 2880 797 2935 tribuere
828 2880 900 2950 (ὁ)
936 2879 1116 2951 (unde
1169 2881 1234 2935 ﬁt
1279 2880 1339 2935 in
1396 2880 1521 2950 ipso
1555 2882 1790 2937 homine
1822 2884 1958 2953 qui-

301 2961 445 3016 dam
472 2960 673 3028 justus
703 2959 844 3014 ordo
879 2965 1119 3028 naturae,
1154 2963 1215 3014 ut
1263 2960 1460 3015 anima
1516 2961 1803 3017 subdatur
1843 2962 1960 3018 Deo

301 3043 365 3096 et
394 3038 600 3094 animae
633 3055 784 3103 caro,
817 3055 883 3093 ac
915 3056 1016 3110 per
1046 3039 1152 3094 hoc
1184 3039 1299 3094 Deo
1348 3045 1405 3094 et
1443 3039 1641 3096 anima
1677 3045 1734 3095 et
1781 3043 1957 3112 caro),

302 3135 505 3175 nonne
555 3119 914 3174 demonstrat
952 3122 1010 3174 in
1055 3135 1122 3175 eo
1167 3136 1230 3174 se
1269 3119 1461 3174 adhuc
1493 3137 1665 3192 Opere
1696 3122 1962 3177 laborare

300 3202 529 3274 potius,
561 3216 732 3270 quam
765 3200 824 3254 in
857 3201 1033 3269 hujus
1065 3201 1394 3271 Operisjam
1429 3201 1539 3256 fine
1571 3203 1962 3274 requiescere?

298 3283 495 3338 Tanto
527 3281 749 3351 quippe
797 3283 995 3335 minus
1039 3281 1234 3336 anima
1265 3282 1535 3336 subditur
1573 3282 1710 3345 Deo,
1744 3291 1960 3354 quanto

301 3361 509 3417 minus
543 3362 714 3415 Deum
750 3360 808 3415 in
839 3360 983 3433 ipsis
1027 3362 1152 3416 suis
1184 3363 1634 3432 cogitationibus
1665 3364 1958 3433 concipit;

299 3447 366 3498 et
399 3448 559 3497 tanto
610 3440 804 3495 minus
843 3441 1052 3495 anima
1097 3443 1373 3495 subditur
1402 3459 1557 3508 caro,
1591 3451 1809 3513 quanto
1845 3459 1960 3496 ma-

301 3524 405 3597 gis
434 3525 714 3578 adversus
745 3524 1016 3594 spiritum
1077 3524 1452 3593 concupiscit.
1505 3525 1792 3587 Quamdiu
1827 3541 1963 3596 ergo

302 3605 483 3660 nobis
540 3604 690 3658 inest
749 3603 866 3657 hinc
924 3603 1258 3665 inﬁrmitas,
1310 3603 1430 3657 haec
1467 3605 1668 3673 pestis,
1712 3604 1803 3658 hic
1836 3605 1962 3658 lan-

305 3703 486 3759 guor,
519 3690 806 3756 quomodo
841 3701 944 3739 nos
967 3685 1088 3754 jam
1125 3686 1350 3748 salvos;
1379 3691 1434 3739 et
1465 3687 1511 3738 si
1549 3692 1802 3740 nomium
1846 3686 1963 3740 sal-

302 3783 439 3828 vos,
475 3764 769 3836 quomodo
792 3765 914 3835 jam
951 3767 1150 3820 beatos
1184 3765 1281 3818 illa
1307 3765 1462 3819 finali
1497 3766 1847 3820 beatitudine
1879 3769 1962 3821 di-

303 3863 443 3903 cere
474 3844 869 3900 audebimus?
918 3849 1045 3900 Jam
1105 3862 1236 3900 vero
1284 3845 1385 3899 illa
1423 3846 1629 3910 virtus,
1661 3848 1826 3916 cujus
1860 3863 1963 3900 no-

307 3943 450 3983 men
510 3930 596 3980 est
655 3927 948 3992 fortitudo,
1027 3925 1084 3980 in
1145 3933 1620 3997 quantacumque
1677 3927 1964 3997 sapientia

303 4007 754 4064 evidentissima
813 4007 977 4060 testis
1059 4013 1146 4061 est
1206 4006 1595 4061 humanorum
1656 4008 1960 4075 malorum,

306 4106 448 4164 quae
518 4086 890 4158 compellitur
946 4087 1222 4157 patientia
1295 4088 1554 4143 tolerare.
1629 4090 1761 4154 Quae
1817 4088 1967 4143 mala

307 4166 498 4226 Stoici
536 4167 859 4238 philosophi
910 4169 1090 4221 miror
1120 4185 1235 4238 qua
1276 4169 1460 4223 fronte
1494 4167 1646 4222 mala
1696 4186 1806 4223 non
1840 4185 1966 4223 esse

308 4252 696 4318 contendant,
721 4249 936 4320 quibus
969 4251 1238 4316 fatentur,
1271 4249 1321 4303 si
1354 4254 1510 4303 tanta
1543 4250 1776 4317 fuerint,
1812 4259 1870 4302 ut
1900 4265 1968 4304 ea

311 4331 558 4400 sapiens
607 4330 695 4383 vel
746 4344 861 4383 non
919 4329 1121 4396 possit,
1154 4327 1242 4382 vel
1276 4345 1387 4382 non
1420 4329 1626 4384 debent
1655 4328 1966 4394 sustinere,

313 4424 446 4482 cogi
501 4423 630 4463 eum
681 4413 926 4461 mortem
976 4407 1207 4460 sibimet
1256 4407 1488 4473 inferre,
1539 4421 1710 4477 atque
1756 4424 1822 4463 ex
1865 4410 1970 4462 hac

311 4495 436 4547 vita
484 4491 767 4559 emigrare
796 4489 881 4557 (υ).
933 4491 1153 4542 Tantus
1203 4496 1391 4543 autem
1439 4489 1722 4558 superbiai
1767 4498 1972 4558 stupor

315 4581 407 4630 est
436 4574 493 4628 in
531 4572 618 4626 his
647 4570 1003 4635 hominibus,
1036 4571 1130 4625 hic
1179 4587 1241 4625 se
1288 4573 1496 4625 habere
1531 4575 1701 4626 tinem
1751 4571 1884 4627 boni
1919 4580 1974 4627 et

317 4672 355 4716 α
393 4670 461 4711 se
492 4652 636 4723 ipsis
681 4650 805 4706 fieri
854 4650 1046 4706 beatos
1087 4651 1448 4719 putantibus.
1496 4657 1560 4705 ut
1598 4654 1834 4720 sapiens
1878 4667 1972 4706 eo-

318 4753 486 4800 rum,
510 4733 618 4788 huc
648 4737 756 4799 est,
789 4730 1015 4802 qualem
1043 4730 1291 4786 mirabili
1325 4732 1577 4786 vanitate
1618 4733 1973 4801 describunt,

317 4815 555 4875 etiamsi
579 4819 915 4881 excaacetur,
957 4813 1355 4878 obsordescat,
1387 4813 1766 4881 Obmutescat,
1799 4829 1975 4867 mem-

314 4897 445 4967 bris
491 4897 851 4964 debilitetur,
900 4893 1198 4950 doloribus
1264 4894 1575 4958 crucietur,
1624 4899 1681 4948 et
1727 4894 1774 4948 si
1833 4893 1974 4966 quid

318 4979 485 5036 aliud
522 4977 730 5034 talium
763 4975 1050 5034 malorum
1083 4975 1199 5032 dici
1243 4982 1343 5032 aut
1375 4975 1608 5045 cogitari
1649 4979 1855 5046 potest,
1888 4978 1974 5032 in-

313 5061 486 5118 .cidat
533 5060 595 5122 in
637 5075 795 5129 eum,
845 5074 961 5130 quo
1010 5055 1120 5114 sibi
1168 5062 1413 5115 mortem
1457 5060 1695 5130 cogatur
1743 5055 1975 5122 inferre,

391 5371 474 5433 (α)
498 5369 615 5433 Vid.
646 5370 835 5433 Cicer"
866 5370 1075 5429 Quaest:
1107 5370 1313 5422 Tuscul.
1346 5371 1438 5421 lib.
1469 5369 1517 5424 3,
1549 5383 1661 5432 cap.
1694 5371 1748 5423 8.

401 5373 450 5433 [α
498 5373 615 5419 Vid.
649 5373 835 5427 Cicer.,
866 5373 1075 5429 Quaest:
1107 5373 1313 5422 Tuscul.
1346 5373 1438 5421 lib.
1469 5373 1517 5424 3,
1549 5383 1661 5432 cap.
1694 5373 1748 5423 8.

401 5373 475 5496 (6;
519 5430 738 5482 Iustitia
779 5433 859 5482 ita
899 5433 1152 5496 definitur
1195 5434 1252 5482 in
1294 5434 1737 5490 institutionibus,
1787 5433 1872 5484 tit.
1919 5433 1983 5483 de

327 5495 555 5560 Iustitia
582 5497 825 5560 etiam}
851 5514 880 5542 si
905 5495 1169 5560 Perpetua
1211 5499 1265 5547 et
1310 5498 1560 5548 constans
1597 5497 1861 5548 voluntas
1885 5509 1986 5546 sua

331 5559 534 5622 cuique
562 5557 848 5622 tribuendi
882 5575 906 5614 ›
939 5557 1195 5622 (Inﬁma!-

405 5615 465 5681 lc.)
497 5615 1002 5685 Apud'Ciceronem,
1024 5615 1170 5672 'lib.3
1187 5623 1250 5671 de
1268 5620 1506 5685 Finibus,
1532 5623 1586 5673 et
1611 5622 1704 5672 lib.
1731 5621 1984 5680 iQuasst.

1561 329 1793 391 LIBER
1839 328 2180 392 DECIMUS
2225 329 2515 393 NONUS.

3601 336 3723 396 630

2079 459 2228 518 hanc
2256 461 2315 518 in
2343 463 2432 518 his
2463 461 2633 518 malis
2670 462 2851 518 vitam
2897 463 3296 533 constitutam,
3328 479 3427 520 eos
3461 479 3578 521 non
3612 480 3719 537 pu-

2074 543 2243 598 deat‘
2293 544 2516 600 beatam
2567 559 2789 600 vocare.
2860 544 2903 599 Ο
2952 543 3128 600 vitam
3178 546 3430 614 beatam,
3482 563 3609 618 quas
3658 554 3720 602 ut

2073 623 2333 694 ﬁniatur,
2367 624 2571 680 mortis
2601 625 2810 696 qumrit
2839 625 3155 680 auxilium!
3184 626 3240 680 Si
3273 627 3440 681 beata
3461 632 3567 693 est,
3600 644 3720 683 ma-

2076 710 2287 761 neatur
2319 707 2377 759 in
2410 721 2476 760 ea
2501 723 2515 761 :
2540 706 2587 761 si
2620 721 2754 760 vero
2787 713 3019 777 propter
3067 706 3180 762 ista
3219 706 3374 762 mala
3405 708 3622 778 fugitur
3650 708 3720 764 ab

2072 800 2159 856 ea,
2194 786 2485 858 quomodo
2534 789 2623 842 est
2667 786 2878 841 beata?
2923 786 3071 841 Aut'
3122 787 3408 856 quomodo
3456 788 3566 842 ista
3607 804 3720 844 non

2073 875 2207 922 sunt
2239 866 2412 932 mala,
2446 883 2572 937 quas
2607 866 2848 921 vincunt
2891 867 3250 922 fortitudinis
3293 865 3530 934 bonum,
3564 884 3720 924 eam-

2072 949 2324 1018 demque
2373 946 2772 1001 fortitudinem
2821 963 2938 1001 non
2982 946 3168 1002 solum
3219 945 3331 1002 sibi
3375 949 3596 1016 cedere,
3629 965 3720 1004 ve-

2073 1043 2200 1083 rum
2233 1028 2405 1083 etiam
2439 1026 2686 1082 delirare
2718 1026 3095 1098 compellunt,
3147 1031 3208 1083 ut
3253 1028 3510 1083 eamdem
3535 1029 3716 1085 vitam

2071 1112 2129 1164 et
2173 1108 2328 1163 dicat
2375 1109 2626 1175 beatam,
2663 1111 2718 1161 et
2765 1109 3110 1178 persuadeat
3159 1123 3287 1162 esse
3334 1108 3718 1179 fugiendam?

2073 1189 2210 1254 Quis
2242 1206 2425 1260 usque
2455 1191 2598 1244 adeo
2630 1204 2816 1243 caecus
2842 1192 2950 1256 est,
3006 1192 3068 1243 ut
3090 1205 3200 1244 non
3231 1187 3424 1243 videat
3454 1189 3634 1259 quod,
3667 1189 3716 1243 si

2073 1269 2241 1324 beata
2256 1269 2711 1341 esset,fugienda
2725 1284 2839 1323 non
2854 1268 3034 1324 esset?
3049 1269 3160 1324 Sed
3174 1268 3223 1322 si
3241 1269 3720 1338 prepterinﬁrmi-

2072 1349 2207 1404 tatis
2240 1351 2490 1421 pondus,
2523 1366 2640 1420 qua
2671 1349 2974 1417 premitur,
2998 1349 3148 1404 hanc
3177 1348 3504 1416 fugiendam
3539 1349 3720 1404 faten~

2071 1431 2166 1482 tur
2190 1442 2203 1496 ;
2237 1427 2374 1498 quid
2408 1427 2587 1498 igitur
2611 1441 2793 1481 causa:
2825 1426 2965 1491 ests,
2989 1443 3094 1480 cur
3111 1443 3224 1480 non
3248 1426 3421 1481 etiam
3447 1426 3718 1481 miseram

2073 1507 2257 1563 fracta
2307 1508 2591 1579 superbiae
2635 1506 2854 1562 cervice
2901 1507 3232 1562 fateantur?
3274 1506 3497 1572 Utrum,
3557 1506 3720 1560 obse-

2073 1605 2190 1659 cro,
2241 1589 2380 1644 Cato
2428 1587 2527 1642 ille
2558 1589 2634 1658 (a)
2671 1587 2976 1658 patientia,
3025 1603 3098 1641 an
3131 1587 3323 1658 potius
3354 1586 3720 1658 impatientia

2070 1686 2134 1726 se
2156 1669 2589 1742 peremit?Non
2623 1669 2778 1722 enim
2825 1667 2935 1723 hoc
2969 1666 3221 1736 fecisset,
3254 1667 3365 1721 nisi
3416 1667 3718 1720 victoriam

2069 1750 2314 1806 Caesaris
2374 1749 2739 1820 impatienter
2798 1747 3044 1802 tulisset.
3096 1745 3205 1801 Ubi
3266 1749 3352 1801 est
3398 1746 3721 1801 fortitudo?

2069 1834 2287 1906 Nempe
2345 1835 2536 1902 cessit,
2596 1847 2808 1904 nempe
2874 1830 3205 1899 succubuit,
3273 1844 3480 1900 nempe
3538 1843 3721 1898 usque

2071 1917 2213 1971 adeo
2246 1923 2518 1986 superata
2560 1919 2668 1983 est,
2705 1921 2765 1967 ut
2795 1913 2974 1968 vitam
3005 1913 3235 1967 beatam
3269 1909 3718 1980 derelinqueret,

2073 1999 2383 2065 desereret,
2417 1998 2659 2066 fugeret.
2693 1996 2778 2049 An
2812 2011 2926 2048 non
2968 1997 3093 2048 erat
3117 1993 3241 2059 jam
3275 1991 3483 2047 beata?
3515 1990 3722 2047 Misera

2073 2093 2207 2150 ergo
2257 2079 2400 2132 erat.
2452 2075 2752 2140 Quomodo
2801 2073 2978 2144 igitur
3023 2073 3178 2126 mala
3227 2087 3342 2125 non
3388 2074 3554 2126 erant
3599 2084 3720 2140 quas

2068 2158 2247 2214 vitam
2277 2157 2550 2211 miseram
2584 2153 3041 2224 fugiendamque
3072 2150 3403 2206 faciebant?

2141 2240 2195 2294 5.
2229 2237 2594 2308 Quapropter
2622 2234 2796 2289 etiam
2830 2232 2962 2302 ipsi,
2990 2233 3088 2303 qui
3120 2230 3275 2286 mala
3298 2231 3407 2286 ista
3435 2244 3562 2286 esse
3587 2245 3725 2284 con-

2071 2319 2210 2376 fessi
2242 2325 2400 2384 sunt,
2433 2315 2587 2372 sicut
2631 2313 3019 2385 Peripatetici,
3053 2312 3206 2367 sicut
3246 2317 3468 2366 veteres
3500 2310 3724 2366 Acade-

2072 2401 2227 2469 mici,
2262 2414 2514 2471 quorum
2557 2400 2776 2452 sectam
2826 2393 3002 2450 Varro
3048 2392 3326 2460 defendit,
3359 2391 3723 2446 tolerabilius

2074 2483 2312 2555 quidem
2345 2480 2664 2549 loquuntnr
2699 2491 2712 2532 :
2763 2475 2864 2530 sed
2911 2490 3114 2555 eorum
3148 2473 3597 2555 quoquemirus
3636 2477 3726 2529 est

2072 2553 2251 2628 error,
2285 2561 2437 2633 quod
2487 2560 2546 2614 in
2596 2558 2688 2613 his
2723 2556 2912 2622 malis,
2945 2554 3052 2610 etsi
3101 2557 3222 2610 tam
3253 2554 3448 2624 gravia
3489 2553 3629 2622 sint,
3661 2557 3726 2608 ut

2073 2649 2258 2702 morte
2308 2641 2580 2713 fugienda
2627 2639 2766 2703 sint,
2816 2637 2888 2692 ab
2932 2636 3061 2707 ipso
3111 2634 3347 2690 sibimet
3389 2634 3572 2700 illata,
3623 2633 3725 2706 qui

2072 2726 2198 2782 haec
2229 2726 2468 2795 patitur,
2498 2722 2676 2775 vitam
2710 2718 2937 2774 beatam
2960 2722 3160 2771 tamen
3191 2730 3319 2770 esse
3341 2713 3722 2769 contendunt.

2073 2808 2226 2865 Mala
2252 2808 2404 2869 sunt,
2454 2802 2667 2874 inquit,
2703 2801 2977 2854 tormenta
3006 2803 3173 2867 atque
3220 2795 3496 2850 cruciatus
3532 2809 3722 2863 corpo-

2073 2889 2150 2943 ris
2171 2904 2191 2949 ;
2218 2895 2269 2942 et
2307 2891 2459 2939 tanto
2488 2889 2616 2937 sunt
2659 2881 2868 2952 peiora,
2901 2886 3102 2951 quanto
3141 2877 3427 2946 potuerint
3463 2890 3576 2929 esse
3604 2890 3727 2930 ma-

2071 2969 2191 3036 iora
2213 2983 2235 3030 ;
2262 2966 2456 3037 quibus
2486 2966 2545 3018 ut
2573 2977 2782 3029 careas,
2831 2975 2901 3014 ex
2946 2960 3047 3014 hac
3092 2957 3208 3012 vita
3251 2955 3579 3028 fugiendum
3620 2963 3724 3010 est.

2073 3051 2196 3114 Qua
2224 3047 2360 3112 vita,
2395 3044 2680 3099 obsecro?
2710 3042 2849 3110 Hac,
2893 3039 3106 3112 inquit,
3139 3054 3264 3109 quas
3307 3038 3488 3092 tantis
3520 3052 3729 3107 aggra-

2071 3135 2239 3184 vetur
2270 3125 2459 3181 malis.
2486 3125 2649 3179 Certe
2679 3139 2815 3194 ergo
2857 3122 3026 3176 beata
3074 3125 3162 3175 est
3210 3121 3267 3172 in
3319 3119 3535 3172 eisdem
3583 3115 3726 3186 ipsis

2077 3207 2266 3276 malis,
2302 3210 2533 3278 propter
2562 3220 2692 3276 quas
2725 3201 2873 3256 dicis
2904 3215 3030 3256 esse
3063 3199 3396 3270 fugiendam
3421 3198 3563 3278 ‘IAAn
3598 3196 3725 3251 ideo

2075 3276 2510 3345 beatamvdicis,
2561 3283 2696 3353 quia
2744 3282 2880 3336 licet
2928 3279 3034 3334 tibi
3086 3279 3157 3333 ab
3207 3279 3293 3331 bis
3339 3276 3509 3330 malis
3545 3281 3726 3330 morte

2074 3368 2420 3422 discedere?
2446 3366 2590 3428 Quid
2623 3365 2668 3416 si
2704 3379 2839 3430 ergo
2884 3363 2937 3414 in
2972 3361 3056 3414 eis
3105 3359 3299 3429 aliquo
3324 3357 3548 3425 judicio
3580 3357 3725 3410 divi-

2075 3465 2149 3503 no
2181 3447 2476 3508 tenereris,
2513 3460 2616 3497 nec
2651 3440 3068 3511 permittereris
3112 3440 3278 3503 mori,
3323 3454 3426 3490 nec
3474 3452 3721 3503 unquam

2076 3529 2198 3583 sine
2229 3527 2344 3580 illis
2375 3542 2500 3579 esse
2531 3520 2884 3576 stnereris‘?
2913 3519 3128 3587 Nempe
3158 3525 3297 3570 tunc
3319 3519 3518 3569 saltem
3557 3532 3727 3568 mise-

2077 3625 2200 3662 ram
2236 3606 2408 3660 talem
2439 3606 2661 3657 diceres
2695 3604 2888 3652 vitam.
2921 3598 3042 3651 Non
3069 3597 3247 3665 igitur
3283 3601 3581 3666 prOpterea
3617 3594 3724 3646 mi-

2075 3708 2201 3746 sera
2235 3704 2349 3742 non
2382 3692 2489 3752 est,
2521 3683 2660 3754 quia
2690 3684 2801 3736 cito
2830 3678 3214 3750 relinquitur:
3247 3675 3719 3746 quandoquidem

2078 3776 2122 3827 si
2159 3771 2513 3839 sempiterna
2546 3770 2644 3828 sit,
2677 3773 2850 3818 etiam
2885 3763 2991 3815 abs
3023 3769 3076 3812 te
3106 3759 3233 3828 ipsii
3271 3762 3480 3811 misera
3503 3758 3724 3824 judica-

2074 3859 2190 3908 tur.
2234 3850 2356 3905 Non
2410 3849 2604 3917 itaque
2672 3849 2992 3911 propterea,
3055 3839 3328 3909 quoniam
3384 3839 3568 3890 brevis
3613 3845 3722 3901 est,

2079 3933 2239 3988 nulla
2273 3927 2694 3984 miseriadebet
2715 3923 2889 3978 videri
2918 3938 2932 3986 ;
2958 3933 3076 3988 aut,
3101 3921 3252 3991 quod
3279 3917 3718 3981 estabsurdius,

2077 4014 2212 4086 quia
2247 4012 2434 4064 brevis
2465 4008 2694 4062 miseria
2727 4015 2835 4064 est.
2858 4003 3180 4086 ido~roetiarn
3219 4000 3513 4054 beatitudo
3537 3995 3730 4086 appel-

2078 4081 2430 4162 lari.Magna
2463 4090 2548 4142 vis
2579 4094 2669 4141 est
2699 4087 2752 4140 in
2779 4088 2863 4138 eis
2896 4083 3089 4148 malis,
3135 4097 3260 4149 qua:
3292 4088 3505 4162 cogunt
3541 4081 3734 4131 liomi-

2080 4191 2238 4241 nem,
2263 4160 2585 4226 secundum
2614 4168 2774 4239 ipsos
2800 4167 2974 4219 etiam
3001 4163 3344 4232 sapientem.
3368 4160 3603 4241 sibimet
3626 4174 3732 4210 au-

2081 4237 2232 4311 ferret
2257 4251 2411 4324 quod
2444 4251 2616 4304 homo
2641 4237 2923 4302 estzcum
2956 4245 3175 4312 dicant,
3201 4247 3482 4324 etgverum
3514 4237 3730 4324 dicant.

2081 4336 2231 4391 hanc
2245 4319 2372 4389 esse
2389 4338 2607 4386 natura:
2626 4329 2872 4400 primam
2891 4322 3395 4396 quodammodoet
3416 4319 3734 4372 maximam

2081 4430 2302 4479 vocem,
2337 4417 2398 4465 ut
2429 4409 2601 4463 homo
2633 4403 3125 4462 concilietursibi.
3159 4406 3215 4454 et
3245 4405 3548 4470 prapterea
3581 4412 3733 4450 mor-

2082 4499 2197 4548 tem
2243 4490 2586 4546 naturaliter
2619 4488 2839 4559 l'ugiat;
2892 4487 2970 4538 ita
3008 4483 3116 4539 sibi
3150 4483 3395 4546 amicus,
3428 4487 3490 4533 ut
3518 4492 3643 4533 esse
3674 4492 3735 4559 se

2085 4576 2327 4638 animal,
2358 4577 2415 4626 et
2439 4575 2494 4624 in
2530 4572 2636 4623 hac
2668 4558 3082 4636 cenquctionc
3108 4561 3365 4633 corporis
3397 4567 3573 4629 atque
3615 4558 3736 4638 ani-

2086 4671 2190 4710 mas
2221 4656 2407 4707 vivere
2437 4652 2597 4712 velit,
2647 4649 3133 4718 vehementerque
3159 4648 3414 4725 appetat
3437 4640 3459 4674 ⁸
3486 4640 3563 4709 (h)
3597 4637 3737 4725 ’Μιξ-

2088 4752 2203 4808 gna
2225 4735 2307 4790 vis
2338 4737 2427 4788 est
2460 4731 2520 4786 in
2569 4731 2650 4786 eis
2681 4728 2874 4796 malis,
2913 4727 3123 4796 quibus
3156 4723 3266 4776 iste
3307 4727 3525 4774 naturae
3557 4723 3735 4770 Vinci-

2154 4933 2170 4965 1
2201 4929 2346 4985 Mss,
2377 4937 2504 4972 eum
2535 4935 2645 4985 non
2675 4918 2916 4985 pudea§;_
3007 4977 3016 4985 ,
3137 4973 3148 4983 ,
3445 4984 3452 4985 ί
3573 4984 3578 4985 γ
3635 4969 3649 4985 ,

2152 4991 2174 5024 2
2204 4976 2396 5038 Omnes
2423 4985 2542 5034 Mss.
2598 4976 2729 5030 haéc
2771 4977 3043 5029 omittunt,
3100 4976 3148 5020 si
3187 4985 3311 5038 pero
3355 4977 3583 5038 propter
3626 4976 3737 5038 ista

2089 5032 2598 5109 mala—fugitura!)
2628 5058 2707 5091 ea.
2749 5039 3015 5109 quomodo
3037 5042 3138 5109 _est
3185 5033 3394 5109 begtaﬁ!
3437 5032 3568 5109 Aut.
3598 5032 3738 5109 post:

2090 5095 2525 5178 incumbam;
2555 5106 2614 5154 in
2634 5120 2725 5178 ea,
2753 5095 2994 5167 proxime
3033 5099 3282 5162 jungunt,
3324 5095 3598 5150 Quomodo
3630 5098 3739 5144 ista

2092 5170 2203 5226 ’ἧοη
2233 5181 2366 5222 sunt
2397 5170 2570 5227 mala,
2600 5171 2697 5218 etc.
2980 5227 3027 5230 __
3204 5223 3233 5230 _
3285 5222 3302 5230 _
3484 5229 3490 5230 ί
3584 5219 3595 5230 ,

2157 5219 2200 5274 ἶ
2230 5219 2412 5286 i’lures
2457 5235 2510 5283 et
2549 5219 2742 5295 probae
2786 5230 2944 5295 notae
2979 5227 3100 5295 Mss.
3139 5236 3151 5273 :
3194 5222 3302 5274 Sed
3336 5229 3533 5295 aperta
3565 5219 3736 5295 inﬁr-

2092 5282 2505 5355 mitatis—uoce,
2549 5282 2918 5357 ‘fugiendam
2984 5294 3237 5350 fateatur
3283 5300 3300 5336 :
3363 5282 3500 5350 Quid
3555 5282 3740 5346 igitur

2096 5378 2293 5416 causae
2322 5369 2415 5410 εει.

2157 5426 2180 5460 ι
2210 5425 2333 5475 Sola
2359 5421 2519 5472 editio
2547 5420 2694 5476 Lov.,
2724 5426 2897 5466 morte
2928 5415 3214 5466 sinereris.

2157 5491 2180 5526 ⁵
2206 5489 2267 5537 In
2300 5487 2442 5538 Mss.
2474 5483 2606 5532 velit
2641 5482 2984 5531 vehementer
3009 5487 3171 5544 atque
3201 5481 3440 5540 appetat.

2158 5553 2241 5614 (α)
2267 5551 2396 5614 Cato
2424 5547 2700 5614 Uticensis.

2157 5596 2586 5677 ὶὶἵὰὶῐιὸὶιοζιίῂε
2612 5596 2756 5677 1ρθ
2806 5605 3020 5677 Officiis,
3075 5618 3187 5667 cap.
3237 5603 3284 5660 t,
3331 5603 3386 5652 et
3429 5601 3495 5650 de
3526 5596 3744 5648 Finibus

2095 5669 2188 5730 ltb‘.
2210 5677 2258 5735 3,
2290 5689 2403 5740 cap.
2433 5673 2500 5737 5;
2530 5673 2626 5724 lib.
2656 5671 2706 5731 5,
2739 5683 2854 5732 cap.
2882 5669 2930 5716 9.
