4110 6196
433 287 546 349 631

432 425 530 477 tur
559 440 787 491 sensus,
821 440 929 495 quo
962 439 1119 480 mors
1151 426 1311 482 omni
1344 428 1513 484 modo
1563 432 1836 488 omnibus
1861 433 2082 493 viribus

430 505 856 574 conatibusque
886 505 1138 572 vitatur;
1172 511 1228 560 et
1277 506 1356 563 ita
1387 508 1660 580 vincitur,
1693 521 1751 568 ut
1785 531 1907 584 quae
1937 518 2081 572 vita-

429 583 622 651 batur,
657 591 906 654 aptetur,
933 591 1260 655 appetatur,
1313 597 1388 655 et,
1434 590 1482 643 si
1528 608 1639 646 non
1693 583 1940 663 poluerit
1966 596 2075 651 ali-

428 665 581 718 unde
614 665 968 735 contingere,
1004 666 1072 720 ab
1106 667 1231 737 ipso
1254 668 1488 726 homine
1511 672 1741 728 sibimet
1767 675 2071 734 inferatur.

427 741 634 811 Magna
665 743 750 797 vis
780 749 868 798 est
917 744 974 798 in
1026 745 1110 800 eis
1163 748 1354 815 malis,
1387 766 1512 820 quae
1562 754 1958 810 fortitudinem
1989 757 2073 812 ia-

423 820 586 876 ciunt
617 822 1004 878 homicidam:
1039 826 1087 880 si
1122 830 1315 883 tamen
1346 831 1533 886 adhuc
1567 832 1811 888 dicenda
1841 845 1924 890 est
1959 835 2073 892 for-

424 900 637 969 titudo,
687 919 813 972 quas
865 903 941 958 ita
981 904 1072 960 his
1120 909 1289 963 malis
1338 911 1609 979 vincitur,
1655 918 1718 966 ut
1748 913 2070 983 hominem,

425 997 623 1051 quem,
651 983 806 1037 sicut
835 985 1038 1051 virtus,
1073 991 1388 1058 regendum
1441 993 1842 1064 tuendumque
1874 1012 2070 1051 susce-

422 1060 529 1130 pit,
565 1078 678 1141 non
712 1065 880 1119 modo
913 1082 1026 1120 non
1060 1069 1242 1136 possit
1267 1086 1365 1140 per
1389 1072 1726 1140 patientiam
1746 1060 2070 1141 custodire,

422 1141 519 1195 sed
563 1139 695 1211 ipsa
739 1143 976 1215 insuper
1023 1139 1275 1216 cogatur
1311 1139 1588 1204 occidere.
1627 1151 1804 1207 Debet
1835 1139 2068 1224 quidem

421 1221 598 1275 etiam
652 1229 898 1278 mortem
950 1228 1186 1297 sapiens
1238 1229 1384 1285 ferre
1433 1231 1738 1301 patienter,
1790 1221 1891 1290 sed
1942 1253 2070 1308 qua:

420 1301 634 1355 accidit
665 1302 901 1359 aliunde
928 1321 941 1358 :
975 1308 1298 1363 secundum
1325 1309 1468 1365 istos
1498 1318 1692 1366 autem
1723 1313 1768 1367 si
1799 1331 1923 1369 eam
1957 1301 2066 1372 sibi

422 1381 548 1453 ipse
579 1383 789 1440 inferre
822 1387 1189 1458 compelltur,
1225 1392 1480 1460 proiecto
1524 1392 1816 1449 fatendum
1849 1403 1932 1450 est
1963 1397 2068 1463 eis,

422 1479 536 1517 non
572 1463 762 1520 solum
794 1466 968 1531 mala,
993 1469 1090 1522 sed
1125 1469 1511 1527 intolerabilia
1542 1473 1712 1529 etiam
1745 1475 1898 1530 mala
1919 1493 2068 1545 esse,

422 1559 546 1613 quas
579 1544 687 1599 hoc
730 1561 862 1600 eum
915 1554 1247 1618 perpetrare
1289 1553 1666 1623 compellunt.
1708 1555 1842 1611 Vita
1871 1544 2069 1628 igitur,

421 1638 549 1694 quae
581 1625 827 1680 istorum
862 1632 981 1682 tam
1012 1645 1358 1700 magnorum
1393 1637 1628 1704 tamque
1658 1625 1921 1704 gravium
1951 1656 2070 1695 ma-

423 1700 614 1758 lorum
647 1711 747 1759 aut
777 1711 1058 1777 premitur
1082 1711 1375 1781 oneribus,
1401 1723 1497 1767 aut
1524 1700 1787 1784 subjacet
1816 1719 2067 1786 casibus,

423 1784 583 1839 nullo
635 1787 803 1841 modo
855 1788 1020 1843 beata
1069 1790 1380 1861 diceretur,
1427 1794 1475 1848 si
1523 1795 1789 1852 homines
1830 1801 1929 1869 qui
1960 1784 2067 1856 hoc

421 1863 644 1932 dicunt,
694 1866 840 1921 sicut
899 1869 1028 1922 victi
1090 1872 1261 1927 malis
1321 1875 1582 1944 ingraves
1613 1863 2062 1943 centibus,cum

423 1944 533 1998 sibi
565 1944 842 2017 ingerunt
881 1954 1142 2018 mortem,
1196 1954 1409 2009 cedunt
1449 1956 1792 2028 infelicitati,
1826 1959 1901 2014 ita
1933 1961 2064 2015 victi

420 2027 591 2080 certis
622 2028 968 2096 rationibus,
1001 2046 1132 2085 cum
1167 2041 1438 2103 quaerunt
1475 2037 1702 2092 beatam
1740 2040 1938 2106 vitam,
1971 2041 2062 2096 die

417 2113 737 2174 gnarcntur
783 2109 984 2164 cedere
1033 2114 1277 2184 veritati,
1314 2121 1370 2171 et
1416 2134 1529 2172 non
1563 2119 1673 2173 sibi
1708 2127 1979 2191 putarent
2006 2122 2064 2176 in

418 2184 529 2239 ista
561 2189 916 2244 mortalitate
950 2190 1062 2247 fine
1094 2197 1309 2249 summi
1343 2198 1474 2252 boni
1509 2214 1635 2254 esse
1665 2184 2062 2270 gaudendum;

415 2263 515 2319 ubi
548 2265 794 2323 virtutes
827 2269 986 2340 ipsis,
1020 2274 1231 2343 quibus
1258 2275 1352 2330 hic
1377 2283 1530 2333 certe
1562 2263 1705 2334 nihil
1741 2281 1948 2336 melius
1977 2263 2063 2337 at;

415 2360 528 2416 que
577 2347 783 2403 utilius
832 2350 891 2404 in
947 2351 1178 2409 homine
1229 2357 1532 2426 reperitur,
1584 2366 1796 2428 quanto
1848 2363 2066 2431 majora

415 2429 555 2479 sunt
582 2427 876 2497 adjutoria
923 2437 1124 2487 contra
1172 2435 1285 2489 vim
1333 2427 1742 2506 periculorum,
1776 2427 2062 2508 laborum,

412 2503 701 2574 dolorum,
747 2512 907 2565 tanto
958 2511 1220 2568 fideliora
1289 2503 1626 2574 testimonia
1675 2520 2061 2576 miseriarum.

419 2584 474 2638 Si
505 2587 656 2642 enim
681 2604 828 2644 vera;
856 2591 1102 2648 virtutes
1125 2599 1283 2661 sunt,
1318 2612 1445 2667 qua;
1477 2599 1588 2654 nisi
1624 2599 1680 2654 in
1711 2601 1815 2668 eis,
1851 2603 2064 2672 quibus

414 2680 550 2719 vera
578 2667 731 2723 inest
750 2670 951 2739 pietas,
983 2689 1112 2728 esse
1160 2692 1274 2730 non
1324 2684 1604 2746 possunt;
1637 2696 1750 2734 non
1784 2667 1847 2737 se
1867 2667 2060 2752 proti-

416 2749 615 2832 tentur
646 2749 753 2832 hoc
784 2767 953 2821 posse
998 2759 1063 2808 ut
1107 2754 1301 2812 nullas
1334 2758 1601 2815 miserias
1634 2749 1928 2832 patiantur
1958 2765 2062 2820 ho-

417 2826 626 2892 mines,
688 2829 745 2883 in
797 2831 1010 2901 quibus
1055 2842 1246 2892 sunt:
1291 2855 1479 2909 neque
1536 2826 1692 2896 enim
1754 2846 2062 2901 mendaces

419 2908 579 2989 sunt
614 2922 760 2962 veras
818 2909 1080 2980 virtutes,
1114 2919 1178 2969 ttt
1233 2915 1341 2971 hoc
1395 2908 1808 2989 proﬁteantur;
1842 2923 1942 2978 sed
2003 2928 2064 2978 ut

414 2982 535 3037 vita
566 2983 841 3055 humana,
873 3008 1000 3062 quae
1031 2999 1116 3049 tot
1164 2999 1218 3049 et
1250 2982 1425 3052 tantis
1455 2997 1633 3068 hujus
1662 2982 1858 3056 saeculi
1891 3004 2062 3058 malis

416 3078 546 3150 esse
604 3067 830 3150 cogitur
885 3073 1121 3138 misera,
1155 3092 1254 3145 spe
1319 3077 1496 3131 futuri
1542 3067 1739 3135 Vsaaculi
1772 3083 1842 3136 sit
1873 3082 2057 3150 beata,

416 3143 570 3232 sicut
599 3153 655 3201 et
685 3148 864 3204 salva.
897 3143 1202 3232 Quomodo
1225 3156 1381 3210 enim
1413 3157 1581 3213 beata
1610 3166 1718 3227 est,
1752 3177 1876 3232 quae
1910 3143 2063 3219 non;

415 3225 557 3307 dum
590 3229 748 3284 salva
779 3232 913 3285 est?
951 3231 1113 3289 Unde
1142 3239 1199 3290 et
1249 3238 1548 3307 apostolus
1581 3225 1794 3297 Paulus
1826 3261 1958 3300 .non
1989 3245 2061 3300 de

415 3303 756 3363 hominibus
806 3303 1303 3383 imprudentibus,
1345 3317 1804 3389 impatientibus,
1848 3323 2058 3380 intem-

415 3389 753 3470 perantibus
779 3396 836 3446 et
868 3391 1104 3464 iniquis,
1140 3398 1239 3450 sed
1270 3399 1340 3452 de
1371 3397 1463 3453 his
1493 3401 1591 3470 qui
1626 3406 1940 3458 secundum
1970 3422 2060 3461 ve-

415 3481 539 3522 ram
577 3469 844 3539 pietatem
879 3475 1163 3541 viverunt,
1192 3485 1246 3531 et
1285 3477 1412 3534 ideo
1439 3469 1682 3536 virtutes
1711 3499 1844 3552 qeas
1876 3483 2058 3540 habe-

416 3552 564 3616 rent,
595 3566 756 3607 veras
804 3553 1104 3624 haberent,
1137 3557 1235 3625 ait,
1265 3559 1369 3628 Spe
1414 3561 1562 3615 enim
1610 3564 1750 3618 salvi
1793 3567 1928 3633 [acti
1969 3583 2060 3622 su-

414 3643 555 3716 mus.
584 3631 713 3716 Spes
761 3643 940 3689 autem
999 3653 1118 3716 quae
1171 3638 1409 3705 videtur,
1449 3656 1556 3694 non
1603 3653 1680 3697 est
1728 3631 1890 3714 spes:
1919 3647 2060 3716 quod

412 3706 561 3792 enim
590 3710 714 3779 quis
743 3712 906 3780 videt,
940 3715 1074 3785 quid
1102 3719 1331 3786 sperat?
1357 3720 1421 3772 Si
1448 3730 1630 3774 autem
1665 3706 1804 3792 quod
1833 3706 1942 3780 non
1973 3728 2058 3782 vi-

409 3784 600 3840 demus
627 3806 927 3861 speramus,
951 3784 1066 3864 per
1110 3784 1443 3864 patientiam
1481 3784 1856 3868 exspectamus
1876 3807 2052 3874 (Rom.

411 3869 636 3954 v1n,24
665 3877 718 3926 et
747 3873 856 3944 25).
913 3875 1074 3954 Sicut
1106 3891 1240 3946 ergo
1285 3894 1387 3946 spe
1439 3878 1600 3946 salvi,
1645 3881 1723 3938 ita
1770 3869 2056 3954 spe‘beati

408 3947 545 4003 facti
579 3967 788 4007 sumus
824 3969 836 4006 :
870 3958 926 4008 et
967 3953 1109 4009 sicut
1166 3955 1438 4022 salutem,
1483 3958 1562 4012 ita
1612 3947 2054 4036 beatitudinem,

410 4044 523 4084 non
576 4033 702 4102 jam
761 4037 1030 4088 tenemus
1071 4039 1431 4104 praesentem,
1491 4040 1590 4093 sed
1651 4033 2054 4113 exspectamus

410 4108 664 4165 futuram
692 4127 704 4165 :
740 4117 791 4165 et
831 4111 940 4168 hoc
969 4128 1074 4183 per
1118 4113 1479 4183 patientiam;
1510 4119 1648 4189 quia
1678 4108 1936 4181 in‘malis
1960 4137 2054 4183 su-

406 4204 556 4261 mus,
619 4208 745 4262 quis
805 4193 1089 4264 patienter
1119 4195 1362 4252 tolerare
1406 4198 1708 4270 debemus,
1759 4206 1940 4261 donec
1982 4210 2050 4264 ad

403 4272 504 4328 illa
534 4275 837 4328 veniamus
868 4274 1021 4330 bona
1053 4276 1147 4330 ubi
1180 4277 1374 4332 omnia
1405 4290 1591 4347 erunt,
1614 4285 1829 4352 quibus
1860 4287 2052 4343 ineli‘a.

403 4352 602 4408 biliter
629 4353 1024 4436 delectemur}
1060 4356 1204 4436 nihil
1237 4357 1346 4436 erit
1387 4365 1601 4428 autem,
1632 4365 1785 4434 quod
1815 4366 1929 4436 jam
1964 4372 2049 4424 to-

402 4432 586 4510 lerare
620 4431 952 4486 debeamus.
987 4434 1143 4490 Talis
1185 4435 1364 4500 salus,
1417 4457 1541 4510 qua:
1587 4431 1663 4495 inv
1697 4431 1894 4500 futuro
1943 4449 2051 4504 erit

403 4509 632 4591 seculo,
677 4511 806 4591 ipsa
863 4512 968 4567 erit
1025 4514 1195 4570 etiam
1249 4517 1438 4574 ﬂnalis
1498 4520 1811 4580 beatitudo.
1863 4528 2047 4591 Quam

401 4589 820 4646 beatitudinem
855 4591 949 4647 isti
1001 4593 1353 4667 philosOphi,
1396 4599 1662 4671 quoniam
1699 4619 1812 4658 non
1843 4589 2046 4661 viden-

401 4675 489 4727 tes
522 4672 726 4726 nolunt
753 4676 1007 4742 credere,
1041 4675 1134 4732 hic
1181 4677 1292 4732 sibi
1337 4686 1626 4734 conantur
1669 4682 2044 4742 falsissimam

399 4753 702 4818 fabricare,
766 4761 982 4825 quanto
1043 4758 1396 4829 superbiore,
1459 4765 1620 4816 tanto
1679 4765 2044 4822 mendaciore

393 4832 622 4887 virtute.

393 4992 628 5049 CAPUT
663 4994 722 5046 V.
759 5025 822 5036 —
859 4997 930 5051 De
965 4997 1161 5053 sociali
1188 5000 1318 5064 vita,
1350 5015 1469 5070 qua
1519 5016 1640 5056 cum
1669 5001 1916 5058 maxime
1943 5019 2045 5061 es:-

464 5073 694 5142 petenda
716 5074 808 5140 sit,
831 5076 1021 5130 multis
1035 5077 1429 5144 offensionibus
1455 5095 1592 5150 sepe
1611 5082 1967 5140 subvertitur.

465 5225 624 5288 Quod
659 5231 852 5281 autem
886 5228 1159 5283 socialem
1194 5231 1368 5285 vitam
1419 5232 1617 5287 volunt
1647 5251 1776 5291 esse
1807 5238 2041 5306 sapien-

391 5303 490 5370 tis,
527 5321 632 5360 nos
663 5306 846 5362 multo
867 5307 1114 5377 amplius
1137 5310 1542 5378 approbamns.
1578 5313 1719 5369 Nam
1757 5303 1905 5372 unde
1931 5317 2045 5372 ista

395 5384 494 5439 Dei
528 5387 750 5453 civitas,
785 5387 854 5443 de
886 5405 1001 5459 qua
1031 5389 1207 5458 hujus
1240 5393 1425 5460 operis
1473 5410 1602 5449 ecce
1626 5396 1751 5465 jam
1800 5398 2042 5454 undevi-

393 5466 666 5520 cesimum
699 5467 910 5524 librum
943 5485 1242 5524 versamus
1277 5474 1331 5525 in
1357 5474 1651 5542 manibus,
1684 5475 1769 5531 vel
1802 5477 2042 5534 inchoa-

395 5547 553 5598 retur
599 5553 818 5616 exortu,
872 5549 956 5604 vel
1009 5550 1451 5621 progrederetur
1493 5570 1759 5622 excursu,
1810 5557 1896 5614 vel
1938 5575 2042 5630 ap-

1495 296 1595 356 DE
1638 297 2004 362 CIVITATE
2045 305 2199 384 DEI,
2245 309 2310 368 S.
2355 310 2784 379 AUGUSTINI

3723 341 3836 404 632

2193 441 2576 535 prehenderet
2631 451 2857 535 debitos
2917 456 3084 528 fines,
3135 461 3181 516 si
3239 481 3355 522 non
3396 475 3554 527 esset
3604 477 3836 535 socialis

2192 523 2322 616 vita.
2337 531 2723 616 sanctorum?
2750 534 2860 616 Sed
2886 535 2942 591 in
2979 523 3150 609 huius
3176 523 3551 607 mortalitatis
3574 523 3837 616 J6EE;

2190 608 2331 693 quot
2369 609 2426 659 et
2474 611 2709 678 quantis
2759 614 3013 706 abundet
3057 621 3229 706 malis
3275 629 3522 686 societas
3555 608 3834 706 hu‘n—ia—n—a:

2186 685 2332 774 quis
2359 701 2702 774 enumerare
2750 694 2982 752 valeat?
3023 701 3152 771 quis
3199 707 3489 766 aestimare
3537 685 3840 774 sul'liciat‘i

2185 763 2441 855 Audiant
2488 771 2639 837 apud
2690 775 2944 832 comicos
2991 763 3129 835 suos
3169 781 3464 844 hominem
3499 807 3628 849 cum
3665 813 3834 855 sensu

2183 845 2356 926 atque
2386 861 2672 904 consensu
2707 856 2969 912 omnium
3006 859 3302 920 hominum
3337 845 3565 926 dicere

2246 925 2383 1044 ﬂigi
2405 941 2646 993 uxorem,
2665 946 2822 996 quam
2845 936 2916 986 ibi
2935 940 3199 992 miseriam
3218 947 3324 996 vidi
3358 950 3370 994 l
3397 925 3515 1001 Nati
3543 925 3662 1016 filii,

2321 1011 2366 1044 ia
2395 1013 2538 1044 cura-

2321 1011 2366 1046 l8
2395 1013 2538 1049 cura.

2308 1068 2325 1162 Ξ
2357 1069 2553 1162 iacent.
2577 1074 2933 1162 .delphorum
2961 1086 3081 1133 actu
3099 1086 3147 1142 5,
3169 1103 3312 1137 scen.
3337 1093 3386 1151 4,
3404 1107 3536 1144 vers.
3573 1098 3647 1157 13,
3683 1101 3759 1149 14.
3785 1104 3806 1162 )

2181 1137 2325 1230 Quid
2361 1141 2561 1230 itidem
2593 1137 2721 1230 illa,
2747 1167 2870 1220 quas
2901 1155 2961 1210 in
3010 1137 3206 1215 amore
3239 1137 3386 1219 vitia,
3413 1137 3837 1230 commemorat

2183 1218 2335 1323 idem
2373 1223 2702 1293 Terentius,
2736 1231 2987 1323 injuriis,
3039 1242 3420 1323 suspiciones,
3445 1248 3831 1323 inimicitiaa',

2180 1299 2419 1400 bellum,
2455 1321 2563 1376 pax
2595 1299 2825 1400 rursum
2878 1299 3160 1383 (Eunuch:
3183 1332 3287 1377 act.

2184 1381 2316 1448 l6):
2377 1400 2569 1480 nonne
2628 1405 2718 1480 res
2772 1381 3061 1480 humanas
3115 1401 3328 1480 ubique
3362 1381 3836 1480 impleverunt"?

2182 1475 2373 1516 nonne
2401 1471 2455 1517 et
2487 1465 2545 1557 in
2584 1468 2905 1562 amicorum
2941 1476 3195 1535 honestis
3230 1465 3539 1544 amoribus
3573 1491 3833 1562 plerum-

2181 1557 2317 1644 que;
2353 1545 2742 1644 contingunt?
2789 1557 3120 1644 nonnehis
3181 1545 3595 1639 usquequaque
3642 1545 3831 1644 ᾖιὲἷω

2180 1625 2319 1717 sunt
2349 1639 2440 1717 res
2466 1625 2758 1717 humanae,
2791 1634 2891 1717 ubi
2922 1635 3194 1710 injurias,
3227 1625 3611 1717 suspiciones,
3636 1625 3835 1711 irnimi-

2180 1699 2361 1790 cities,
2395 1702 2638 1798 bellum,
2691 1709 2846 1765 mala
2893 1699 3051 1771 certa
3097 1699 3420 1794 sentimus;
3455 1699 3660 1798 pacein
3697 1749 3830 1790 vero

2178 1778 2466 1886 incertum
2495 1785 2729 1856 bonum,
2763 1798 3034 1862 quoniam
3069 1803 3241 1857 corda
3271 1778 3496 1874 eorum:
3527 1827 3662 1866 cum
3698 1816 3829 1886 qui-

2179 1860 2446 1953 ‘busheam
2481 1870 2676 1921 tenere
2708 1860 2977 1953 volumus
3026 1879 3402 1953 ignoramus;
3451 1860 3505 1944 et
3550 1892 3600 1946 si
3648 1860 3828 1952 nasse

2178 1938 2348 2030 hodie
2380 1960 2700 2046 possemqs,
2721 1952 2931 2039 qualia
2961 1938 3085 2012 cras
3145 1962 3337 2020 futura
3388 1938 3588 2025 essent
3622 1975 3826 2046 utique

2178 2020 2586 2111 nesciremus?
2628 2028 2734 2111 Qui
2781 2048 2949 2101 porro
2997 2037 3148 2093 inter
3193 2058 3255 2097 se
3287 2046 3593 2106 amiciores
3637 2020 3830 2111 satiant

2177 2113 2322 2190 esse,
2355 2101 2700 2190 veLdebent,
2724 2126 2887 2180 quam
2933 2118 3034 2184 qui
3068 2133 3178 2173 una
3229 2123 3398 2180 etiam
3445 2131 3830 2190 continentur

2175 2178 2349 2234 domo
2370 2181 2398 2235 ?
2426 2182 2494 2274 Et
2527 2189 2717 2241 tamen
2743 2178 2876 2260 quis
2904 2178 3038 2250 inde
3069 2213 3310 2257 securus
3340 2178 3827 2274 essetne—2313?;

2174 2273 2326 2361 saepe
2359 2261 2611 2353 malaex
2658 2283 2858 2324 eorum
2912 2275 3159 2334 occultis
3189 2261 3821 2361 insidiis'exstiterint;

2173 2342 2333 2441 taqlq
2358 2343 2667 2412 amariora,
2703 2355 2924 2441 quanto
2951 2371 3061 2425 pax
3090 2358 3317 2417 dulcior
3347 2364 3449 2419 fuit
3477 2387 3492 2435 ;
3527 2385 3655 2441 quas
3688 2342 3825 2430 vera

2175 2424 2371 2523 putajta
2418 2428 2522 2515 est,
2573 2442 2703 2480 cum
2751 2433 3108 2523 astutissime
3159 2424 3826 2523 ﬁngeretur'?‘Propter

2173 2501 2325 2606 qupd
2351 2504 2610 2606 omnium
2646 2513 2991 2606 pectoralem
3023 2501 3280 2600 attingit,
3315 2529 3378 2580 ut
3408 2501 3606 2600 cogat—
3623 2501 3823 2606 in};

2174 2581 2402 2670 mltum,
2456 2587 2608 2654 quod
2653 2589 2732 2670 ait
2779 2592 3044 2652 Tullius:
3099 2581 3279 2656 Νιίῖιέέ
3319 2581 3822 2670 sunt

2171 2659 2408 2750 insidiae,
2430 2681 2618 2764 'quam
2657 2667 2739 2723 hae
2768 2687 2888 2741 qua
2933 2675 3106 2732 latent
3139 2681 3197 2734 in
3237 2683 3593 2745 simulatione
3622 2694 3818 2764 oﬂicii,

2169 2747 2270 2846 aut,
2297 2742 2353 2796 in
2385 2745 2576 2817 aliqua
2621 2755 3044 2812 necessitudinis
3086 2763 3327 2819 nomine.
3384 2767 3520 2823 Nam
3565 2742 3690 2828 eun;

2171 2838 2236 2846 μ-
2284 2840 2359 2846 __-
2518 2827 2577 2846 μ,
2630 2845 2638 2846 ,
2783 2835 2794 2845 .
2937 2839 2955 2846 -
3030 2838 3060 2846 ..
3330 2845 3333 2846 ν

2165 2820 2362 2921 palam
2391 2829 2466 2879 est
2507 2827 2878 2921 aduersarius,
2921 2838 3090 2921 facile
3133 2845 3368 2900 cavendo
3399 2850 3570 2905 vitare
3594 2820 3817 2921 possis:

2169 2902 2266 2958 hoc
2285 2919 2406 2991 vero
2435 2909 2724 2991 occultum,
2759 2902 3085 2974 intestinum
3130 2938 3195 2977 ac
3222 2923 3565 2984 domesticum
3594 2902 3817 2991 inatum

2167 2999 2275 3038 non
2306 2985 2482 3075 solum
2511 2988 2697 3046 existit
2713 2991 2753 3058 ε,
2789 3010 2976 3052 verum
3004 3002 3172 3056 etiam
3199 3007 3478 3075 opprimit,
3511 3022 3819 3084 antequam

2162 3065 2471 3156 prospicere
2500 3075 2662 3156 atque
2688 3074 2978 3142 explorare
3003 3065 3244 3148 potueris
3267 3065 3476 3156 '(Cicer:
3505 3089 3565 3144 in
3598 3065 3820 3151 Var-rem

2168 3145 2358 3236 act.
2393 3145 2510 3236 tib;
2535 3149 2594 3236 1,_
2614 3167 2739 3236 cap.
2769 3155 2876 3236 i5).
2923 3145 3164 3228 Propter
3211 3145 3364 3236 quod
3407 3145 3821 3232 etiamdivi'n'a

2167 3240 2271 3279 vox
2275 3225 2417 3325 “illa,
2469 3229 2532 3282 Et
2572 3231 2795 3288 inimici
2823 3225 3082 3325 hominis,
3131 3225 3415 3303 domestici
3461 3253 3580 3321 eius

2166 3320 2220 3406 x,
2260 3305 2553 3400 _36),.cum
2597 3329 2813 3406 magno
2858 3316 3065 3406 dolore
3112 3325 3301 3380 cordis
3345 3305 3819 3406 auditur

2166 3386 2272 3483 etsi
2313 3388 2562 3483 quisque
2593 3396 2737 3483 tam“
2763 3397 2928 3452 tortis
2958 3400 3055 3466 sit,
3109 3408 3367 3483 utrasquo
3400 3386 3599 3468 animo
3629 3386 3813 3483 pel-ie:

2167 3468 2290 3533 rat;
2325 3466 2410 3521 vel
2443 3476 2555 3523 tam
2609 3472 2972 3564 vigilaustut
3028 3466 3546 3550 providdconsilio
3596 3466 3815 3564 caveat,

2167 3561 2292 3615 quae
2316 3549 2588 3606 adversus
2620 3568 2752 3607 cum
2787 3549 3042 3613 molituri
3073 3563 3329 3619 amicitia
3378 3569 3690 3629 simulata:
3725 3549 3818 3630 eo:

2165 3641 2292 3679 rum
2327 3635 2517 3684 tamen
2567 3631 2866 3690 hominum
2923 3639 3274 3707 perfidorum
3331 3647 3506 3716 malo,
3551 3667 3687 3708 cum
3719 3671 3817 3710 eos

2164 3722 2292 3761 esse
2323 3709 2604 3778 pessimos
2635 3717 2946 3785 experitur,
2981 3720 3029 3774 si
3084 3720 3208 3792 ipse
3261 3725 3450 3783 bonus
3481 3709 3592 3797 est,
3624 3735 3818 3803 gravi-

2163 3792 2251 3841 ter
2281 3791 2640 3846 excrucietur
2671 3810 2904 3851 necesse
2945 3804 3067 3862 est;
3103 3791 3222 3858 sive
3264 3821 3498 3879 semper
3521 3791 3661 3867 mali
3694 3815 3813 3870 fue-

2163 3865 2297 3934 rint,
2331 3875 2386 3923 et
2417 3884 2476 3923 se
2516 3870 2697 3927 bonos
2747 3874 3037 3938 ﬁnxerint,
3072 3880 3189 3936 sive
3220 3883 3280 3939 in
3313 3865 3487 3941 istam
3523 3888 3810 3947 malitiam

2161 3963 2230 4003 ex
2261 3948 2514 4004 bonitate
2541 3952 2745 4007 mutati
2796 3955 2930 4011 sint.
2965 3957 3024 4011 Si
3073 3974 3209 4032 ergo
3254 3963 3464 4022 domus
3497 3985 3810 4028 commune

2159 4029 2600 4114 perl'ugiumin
2650 4033 2743 4088 his
2793 4035 2960 4091 malis
3005 4029 3249 4096 humani
3280 4046 3509 4114 generis
3536 4053 3663 4104 tuta
3693 4067 3809 4108 non

2159 4113 2262 4173 est,
2297 4110 2434 4179 quid
2470 4109 2697 4195 civitas,
2738 4129 2863 4184 quae
2912 4126 3130 4188 quanto
3163 4109 3350 4192 major
3391 4132 3498 4195 est,
3532 4134 3692 4186 tanto
3724 4133 3807 4187 l'o-

2158 4207 2288 4246 rum
2321 4196 2447 4283 ejus
2494 4192 2693 4283 litibus
2722 4201 2778 4250 et
2820 4196 3090 4256 civilibus
3137 4206 3193 4256 et
3242 4192 3650 4266 crimina’libus
3681 4211 3804 4283 ple—

2160 4273 2314 4338 nius,
2357 4274 2585 4329 etiamsi
2643 4279 2967 4347 quiescant,
3019 4299 3133 4338 non
3180 4285 3371 4342 solum
3421 4273 3798 4364 turbulentae,

2156 4369 2356 4408 verum
2393 4356 2606 4426 sepius
2637 4362 2692 4412 et
2723 4369 2972 4416 cruentas
3019 4364 3356 4433 seditiones,
3381 4386 3446 4424 ac
3478 4372 3632 4429 bella
3663 4356 3805 4430 civi;

2155 4432 2251 4498 lia,
2285 4451 2316 4487 a
2346 4451 2594 4515 quorum
2631 4440 2849 4494 eventis
2881 4445 3020 4496 sunt
3049 4432 3360 4515 aliquando
3393 4447 3592 4508 libera:
3613 4454 3810 4511 civita-

2154 4519 2264 4579 tes,
2287 4531 2317 4567 a
2350 4513 2624 4582 periculis
2658 4533 2959 4588 nunquam
2982 4522 3010 4576 ?

2152 4636 2377 4694 CAPUT
2425 4638 2519 4692 VI.
2571 4671 2632 4680 —
2693 4643 2767 4697 De
2811 4659 2995 4701 errore
3042 4647 3410 4708 humanorum
3430 4656 3804 4729 judiciorum,

2707 4739 2832 4778 cum
2859 4729 3069 4782 veritas
3095 4729 3245 4787 latet.

2221 4819 2788 4912 Quidipsajudicia
2827 4822 3130 4912 hominum
3175 4830 3245 4885 de
3275 4831 3638 4908 hominibus,
3673 4857 3801 4912 qua

2150 4900 2482 4956 civitatibus
2523 4901 2581 4956 in
2611 4905 2972 4972 quantalibet
3024 4923 3161 4977 pace
3191 4914 3568 4972 manentibus
3597 4900 3800 4977 deesse

2151 4997 2264 5034 non
2302 4989 2567 5050 possunt,
2615 4982 2809 5052 qualia
2855 4989 3128 5054 putamus
3169 5006 3319 5059 esse,
3352 5009 3527 5065 quam
3560 4997 3796 5068 misera,

2149 5078 2341 5151 quam-
2377 5062 2670 5151 dolenda?
2700 5066 3175 5151 quandoquidem
3235 5071 3295 5127 hi
3344 5062 3638 5148 iudicant,
3699 5062 3797 5151 qui

2149 5145 2535 5200 conscientias
2582 5160 2804 5210 eorum,
2864 5147 2934 5203 de
2991 5151 3202 5220 quibus
3241 5153 3530 5227 judicent,
3563 5145 3797 5218 cernere

2149 5230 2466 5295 nequeunt.
2503 5224 2664 5280 Unde
2687 5242 2836 5297 saepe
2869 5235 3160 5300 coguntur
3190 5237 3498 5292 tormentis
3517 5224 3801 5300 innocen-

2147 5306 2291 5360 tium
2326 5306 2560 5360 testium
2595 5306 2664 5360 ad
2682 5305 2936 5391 alienam
2968 5325 3202 5366 causam
3231 5316 3615 5384 pertinentem
3651 5337 3799 5391 quaa-

2147 5402 2272 5442 rere
2319 5387 2639 5440 veritatem.
2674 5385 2819 5450 Quid
2875 5405 3007 5444 cum
3067 5392 3122 5445 in
3173 5409 3282 5449 sua
3323 5411 3503 5453 causa
3551 5385 3796 5474 quisque

2211 5504 2224 5536 ¹
2261 5502 2354 5551 Hic
2381 5502 2520 5564 apud
2547 5502 2847 5552 Terentium
2876 5504 3108 5564 additur,
3145 5506 3424 5560 induciae.

2209 5563 2230 5596 2
2261 5563 2756 5626 Apud’Ciceronem,
2789 5581 2900 5616 non
2930 5563 3230 5620 modorum
3259 5573 3471 5628 existit.
