4124 6188
284 340 404 400 633

284 472 635 543 torquetur;
669 470 726 522 et
756 483 889 523 cum
921 465 1196 537 quaeritur
1224 467 1417 518 utrum
1453 461 1525 517 sit
1546 477 1778 527 nocens,
1812 476 1936 515 cru-

285 541 491 616 ciatur,
527 554 583 604 et
613 549 893 604 innocens
926 548 1034 602 luit
1066 562 1165 616 pro
1194 544 1413 601 incerto
1436 543 1650 598 scelere
1678 541 1932 596 certissi-

288 649 413 688 mas
446 647 686 703 pmnas;
722 645 838 683 non
871 627 1009 699 quia
1050 627 1195 681 illud
1246 625 1615 681 commisisse
1646 622 1933 693 detegitur

286 714 388 769 sed
448 712 581 781 quia
634 726 748 765 non
788 708 1157 765 commisisse
1214 704 1511 763 nescitur?
1559 708 1635 759 Ac
1695 719 1795 774 per
1825 703 1932 758 hoc

281 793 613 865 ignorantia
657 789 871 857 judicis
922 791 1259 859 plerumque
1305 790 1389 842 est
1416 783 1721 840 calamitas
1765 782 1932 837 inno-

283 862 489 929 centis.
522 874 589 925 Et
621 870 772 940 quod
821 873 910 926 est
961 867 1412 932 intolerabilius,
1445 864 1741 934 magisque
1772 862 1932 934 plan-

282 952 565 1024 gendum,
616 950 1061 1021 rigandumque,
1112 948 1161 1003 si
1212 946 1337 1002 ﬁeri
1387 942 1628 1017 possit‘,
1671 943 1932 998 fontibus

285 1033 668 1102 lacrymarum
696 1048 709 1097 ;
743 1046 874 1086 cum
918 1038 1219 1100 propterea
1257 1027 1437 1097 judex
1472 1030 1733 1095 torqueat
1764 1040 1931 1078 accu-

285 1117 501 1177 satum,
544 1127 614 1166 ne
664 1111 891 1166 occidat
940 1110 1207 1165 nesciens
1263 1108 1650 1175 innocentem,
1711 1106 1776 1159 fit
1833 1120 1933 1174 per

282 1191 627 1264 ignorantia
660 1190 976 1258 miseriam,
1031 1197 1092 1244 ut
1136 1194 1194 1244 et
1242 1191 1453 1243 tortum
1488 1191 1544 1241 et
1572 1186 1931 1240 innocentem

283 1274 533 1338 occidat,
567 1287 676 1339 que
728 1287 798 1326 ne
840 1271 1207 1325 innocentem
1259 1268 1547 1323 occideret
1575 1270 1839 1321 torserat.
1872 1264 1931 1320 Si

282 1357 440 1411 enim
485 1354 810 1409 secundum
862 1353 1104 1407 istorum
1150 1350 1497 1422 sapientiam
1547 1347 1821 1417 delegerit
1866 1364 1933 1402 ex

281 1436 393 1491 hac
423 1435 542 1490 vita
594 1436 811 1505 fugere,
875 1449 1051 1503 quam
1106 1433 1309 1487 diutus
1346 1429 1443 1484 illa
1484 1430 1774 1484 sustinere
1824 1432 1931 1483 lor-

280 1520 516 1581 menta;
551 1515 703 1586 quod
739 1529 851 1568 non
884 1513 1228 1579 commissit,
1281 1510 1645 1567 commisisse
1675 1524 1738 1563 se
1769 1507 1928 1563 dicit.

285 1596 407 1660 Quo
437 1597 710 1649 damnato
741 1602 793 1649 et
825 1594 1037 1660 occiso,
1070 1601 1263 1647 utrum
1315 1596 1612 1646 nocentem
1647 1606 1718 1643 an
1769 1588 1932 1642 inno-

286 1681 511 1731 centem
537 1675 718 1745 judex
744 1674 1042 1739 occiderit,
1077 1672 1269 1728 adhuc
1301 1672 1504 1738 nescit,
1534 1684 1704 1741 quem
1741 1684 1809 1722 ne
1840 1668 1926 1722 in-

282 1762 590 1811 nocentem
613 1754 877 1810 nesciens
908 1754 1191 1809 occideret
1231 1752 1436 1807 torsit:
1472 1767 1537 1806 ac
1578 1766 1679 1821 per
1710 1749 1814 1803 hoc
1845 1747 1930 1803 in-

280 1846 586 1891 nocentem
618 1844 669 1890 et
705 1844 769 1888 ut
799 1834 973 1889 sciret
1016 1834 1201 1899 torsit,
1235 1838 1291 1888 et
1338 1834 1475 1887 dum
1510 1830 1758 1885 nesciret
1786 1828 1933 1883 occi~

279 1916 388 1971 dit.
424 1916 486 1970 In
522 1915 611 1969 his
643 1914 898 1970 tenebris
929 1914 1062 1969 vitm
1092 1912 1345 1976 socialis,
1379 1911 1599 1965 sedebit
1623 1909 1803 1977 judex
1835 1908 1931 1962 ille

276 1997 529 2066 sapiens,
564 2012 637 2050 au
672 2011 785 2049 non
817 1994 1119 2049 sedebit”?
1148 1992 1381 2048 Sedebit
1412 1991 1600 2062 plane.
1634 1989 1934 2044 Constrin-

277 2077 367 2147 git
391 2076 543 2130 enim
568 2091 720 2142 eum,
755 2080 814 2129 et
838 2075 905 2129 ad
942 2074 1050 2129 hoc
1091 2072 1347 2128 ofﬁcium
1380 2069 1657 2140 pertrahit
1682 2067 1935 2121 humana

277 2159 551 2223 societas,
583 2173 758 2229 quam
791 2158 1061 2211 deserere
1087 2156 1247 2210 nefas
1277 2153 1457 2207 ducit.
1490 2151 1608 2205 Hoc
1639 2149 1795 2204 enim
1830 2163 1938 2203 ne-

276 2238 369 2294 fas
399 2255 527 2295 esse
558 2256 674 2293 non
704 2238 890 2303 ducit,
924 2237 1069 2308 quod
1104 2242 1278 2291 testes
1331 2236 1669 2289 innocentes
1701 2229 1758 2284 in
1800 2244 1938 2284 cau-

274 2320 363 2376 sis
394 2324 737 2391 torquentur
760 2318 1007 2373 alienis:
1042 2317 1195 2387 quod
1245 2315 1304 2368 hi
1358 2314 1455 2382 qui
1500 2314 1851 2382 arguuntur,
1883 2309 1935 2391 vi

277 2389 878 2468 dolorisplerumque
917 2396 1199 2467 superati,
1233 2400 1289 2449 et
1314 2394 1383 2448 de
1414 2410 1475 2448 se
1496 2392 1641 2446 falsa
1666 2389 1934 2456 confessi,

271 2479 455 2535 etiam
490 2478 813 2550 puniuntur
846 2478 1223 2531 innocentes:
1258 2490 1387 2528 cum
1417 2474 1536 2542 jam
1570 2472 1703 2526 torti
1728 2468 1935 2550 fuerint

268 2548 653 2613 innocentes:
688 2555 844 2627 quod
874 2556 984 2611 etsi
1008 2572 1120 2609 non
1148 2558 1330 2608 morte
1357 2552 1676 2624 puniantur
1707 2550 1764 2604 in
1796 2548 1934 2620 ipsis

263 2637 365 2694 vel
382 2654 450 2693 ex
480 2638 625 2708 ipsis
646 2636 950 2690 tormentis
982 2633 1324 2707 plerumque
1356 2634 1713 2687 moriuntur:
1747 2628 1933 2697 quoda

264 2717 597 2786 aliquando
619 2725 669 2770 et
692 2715 804 2785 ipsi
827 2716 925 2786 qui
948 2718 1219 2785 arguunt,
1246 2714 1515 2767 humanae
1538 2710 1792 2765 societati
1825 2709 1934 2765 for—

263 2800 453 2861 tasse,
482 2810 548 2849 ne
568 2795 810 2850 crimina
842 2795 1131 2865 impunita
1150 2794 1287 2862 sint,
1315 2793 1585 2864 prodesse
1608 2790 1930 2861 cupientes,

270 2875 780 2932 etmentientibus
811 2874 1079 2941 testibus,
1114 2889 1325 2943 rcoque
1383 2873 1509 2942 ipso
1566 2876 1769 2926 contra
1817 2875 1931 2924 tor-

263 2957 471 3011 menta
495 2955 739 3010 durante
764 2956 1117 3020 immaniter,
1137 2969 1239 3008 nec
1262 2953 1497 3021 fatente,
1514 2950 1757 3022 probare
1772 2949 1929 3020 quod

274 3034 570 3106 objiciunt
613 3050 726 3089 non
758 3034 1003 3102 valente,
1037 3034 1304 3104 quamvis
1343 3047 1478 3086 vera
1521 3030 1855 3099 objecerint,
1898 3045 1932 3084 a

263 3115 475 3188 judice
506 3114 799 3169 nesciente
820 3115 1192 3170 damnantur.
1226 3112 1356 3168 Haec
1387 3116 1471 3167 tot
1491 3115 1547 3166 et
1588 3113 1747 3165 tanta
1776 3106 1931 3163 mala

272 3211 395 3251 non
430 3195 663 3264 deputat
692 3210 819 3249 esse
855 3198 1131 3265 peccata:
1166 3209 1281 3250 non
1315 3194 1469 3247 enim
1522 3190 1640 3245 haec
1671 3190 1803 3245 facit
1833 3205 1927 3244 sa-

266 3275 441 3344 piens
466 3275 644 3342 judex
667 3274 909 3330 nocendi
940 3274 1257 3339 voluntate,
1292 3272 1633 3327 necessitate
1666 3269 1925 3325 nescien-

268 3355 371 3421 di;
402 3359 457 3410 et
486 3360 677 3409 tamen
711 3356 850 3424 quia
881 3354 1034 3424 cogit
1066 3355 1324 3408 humana
1373 3354 1642 3418 societas,
1674 3348 1927 3405 necessi-

264 3438 391 3489 tate
419 3434 593 3488 etiam
619 3433 946 3503 judicandi.
980 3437 1111 3487 Haac
1150 3438 1241 3488 est
1268 3448 1404 3503 ergo
1445 3446 1618 3501 quam
1651 3429 1924 3496 dicimus,

269 3513 513 3569 miseria
565 3517 717 3568 certe
768 3512 1047 3577 hominis,
1080 3511 1183 3566 etsi
1216 3527 1331 3565 non
1374 3508 1594 3564 malitia
1624 3506 1924 3578 sapientis.

268 3595 362 3649 An
396 3608 528 3648 vero
562 3593 905 3647 necessitate
943 3591 1241 3646 nesciendi
1272 3596 1447 3661 atque
1477 3588 1778 3659 judicandi
1812 3592 1927 3643 tor-

267 3677 413 3744 quet
442 3673 726 3743 insontes,
760 3672 921 3743 punit
944 3673 1224 3736 insontes,
1256 3676 1313 3725 et
1334 3685 1537 3740 parum
1568 3667 1745 3723 estilli
1772 3669 1926 3739 quod

269 3768 390 3807 non
422 3757 511 3807 est
541 3766 692 3817 reus,
726 3753 773 3805 si
809 3768 924 3806 non
958 3750 1038 3805 sit
1064 3750 1305 3819 insuper
1332 3754 1388 3804 et
1418 3748 1672 3802 beatus?
1700 3746 1927 3810 Quanto

271 3832 699 3888 consideratius
730 3835 786 3886 et
837 3830 1071 3885 homine
1122 3829 1357 3901 dignius
1407 3826 1668 3897 agnoscit
1716 3832 1774 3880 in
1816 3826 1928 3881 ista

273 3914 622 3967 necessitate
673 3910 985 3974 miseriam,
1034 3925 1282 3981 eamque
1329 3908 1388 3962 in
1438 3922 1498 3961 se
1541 3904 1728 3973 odit";
1762 3910 1838 3973 et,
1873 3906 1923 3961 si

275 3992 372 4063 pie
405 3993 577 4063 sapit,
610 3991 827 4047 clamat
875 3992 944 4046 ad
987 3990 1193 4060 Deum,
1228 3991 1304 4046 De
1346 3987 1761 4044 necessitatibus
1790 3987 1927 4041 meis

271 4088 411 4128 erue
438 4089 526 4128 me
554 4072 727 4144 (Psal.
756 4088 910 4143 xxrv,
940 4071 1074 4144 i7)?

272 4268 506 4326 CAPUT
534 4267 657 4324 VII.
689 4300 759 4309 --
788 4269 863 4325 De
890 4268 1211 4324 diversitate
1248 4268 1589 4339 linguarum,
1616 4280 1721 4338 qua
1751 4262 1920 4319 socie-

342 4354 429 4405 tas
459 4351 745 4406 hominum
773 4350 1059 4405 dirimitur
1102 4369 1122 4417 ;
1171 4359 1226 4405 et
1274 4349 1339 4404 de
1381 4347 1607 4403 miseria
1631 4347 1921 4413 bellorum,

345 4432 511 4488 etiam
542 4448 661 4504 quae
679 4433 838 4503 justa
858 4431 1135 4488 dicuntur.

348 4598 485 4654 Post
512 4597 798 4652 civitatem
844 4596 928 4653 vel
978 4596 1183 4651 urbem
1222 4598 1489 4667 sequitur
1539 4593 1696 4648 orbis
1728 4596 1918 4658 terrai,

272 4678 337 4733 in
367 4694 484 4749 quo
513 4676 745 4732 tertium
775 4676 1018 4746 gradum
1049 4678 1275 4746 ponunt
1305 4673 1597 4729 societatis
1627 4672 1918 4739 humanas,

272 4759 622 4829 incipientes
666 4775 699 4812 a
728 4758 922 4823 domo,
957 4759 1131 4827 atque
1182 4755 1318 4809 inde
1350 4754 1419 4808 ad
1456 4754 1680 4817 urbem,
1713 4752 1921 4808 deinde

275 4840 347 4895 ad
373 4839 571 4894 orbem
595 4837 1015 4910 progrediendo
1034 4835 1329 4890 venientes
1355 4850 1368 4888 :
1406 4832 1505 4903 qui
1532 4832 1747 4901 utique,
1771 4832 1921 4887 sicut

275 4935 565 4991 aquarum
600 4917 920 4990 congeries,
953 4920 1173 4987 quanto
1207 4915 1392 4985 major
1421 4916 1533 4979 est,
1573 4915 1733 4967 tanto
1767 4912 1923 4981 peri—

274 4998 427 5056 culis
455 4998 698 5072 plenior.
733 4998 794 5054 In
824 5013 937 5069 quo
969 4996 1218 5067 primum
1248 4994 1585 5066 linguarum
1615 4992 1921 5048 diversitas

323 5282 353 5316 '1
386 5277 473 5329 Sic
504 5278 673 5328 nostri
702 5289 885 5327 omnes
910 5276 1032 5326 Mss.
1064 5275 1125 5324 In
1150 5275 1226 5333 B.,
1254 5281 1450 5335 posset.
1481 5273 1548 5321 M.

335 5342 357 5376 ²
388 5342 559 5392 Nostri
588 5342 809 5399 codices,
844 5353 921 5387 an
950 5354 1061 5387 non
1085 5337 1307 5386 audebit
1336 5338 1361 5384 Γ
1386 5336 1453 5384 M.

334 5406 354 5440 3
389 5404 513 5454 Sola
545 5404 706 5454 editio
737 5404 882 5457 Lov.,
911 5402 1055 5458 Quid
1084 5400 1244 5464 quod,
1272 5402 1375 5464 etc.

334 5466 359 5501 δ
386 5466 541 5519 Vind.
570 5469 689 5516 Am.
720 5468 773 5515 et
799 5455 904 5521 Eli,
933 5455 1156 5519 Quem-to
1184 5455 1592 5512 consideratius
1621 5466 1673 5508 et
1698 5455 1919 5506 homine

268 5528 522 5591 dignius,
579 5538 629 5577 et
688 5520 966 5577 hominem
1018 5527 1265 5591 agnoscit
1324 5526 1387 5574 in
1432 5525 1537 5573 ista
1580 5520 1915 5581 necessitate,

268 5590 502 5655 eamque
528 5593 819 5643 miseriam
851 5590 914 5641 in
940 5604 995 5639 se
1022 5590 1154 5641 odit.

1521 326 1757 387 LIBER
1800 324 2136 386 DECIMUS
2179 324 2463 387 NONUS.

3558 331 3682 396 634

2039 458 2335 515 hominem
2368 457 2578 513 alienat
2610 460 2680 514 ab
2724 458 2981 518 homine.
3032 461 3177 518 Nam
3210 464 3259 521 si
3298 466 3413 522 duo
3442 467 3680 523 sibimet

2038 540 2283 594 invicem
2319 539 2457 593 [iant
2504 540 2754 608 obviam,
2788 556 2973 611 neque
3012 546 3322 615 prasterire,
3356 548 3457 602 sed
3497 546 3677 604 simul

2037 636 2164 675 esse
2202 620 2396 691 aliqua
2458 620 2803 675 necessitate
2834 627 3134 691 cogantur,
3176 641 3426 695 quorum
3476 633 3679 684 neuter

2038 702 2192 756 norit
2223 702 2480 772 linguam
2505 701 2744 756 alterius
2771 702 3032 767 ;lacilius
3065 705 3176 759 sibi
3198 707 3473 763 animalia
3501 714 3677 779 muta,

2038 784 2211 837 etiam
2244 782 2456 836 diversi
2488 784 2736 852 generis,
2761 800 2934 853 quam
2968 784 3069 853 illi,
3104 802 3237 842 cum
3267 790 3381 844 sint
3413 790 3677 845 homines

2038 863 2232 931 ambo,
2265 863 2579 918 sociantur.
2604 864 2844 929 Quando
2867 865 3023 919 enim
3057 884 3180 936 quas
3212 870 3489 936 sentiunt,
3524 870 3677 926 inter

2037 959 2099 999 se
2129 944 2558 999 communicare
2608 960 2724 998 non
2786 952 3046 1016 possunt,
3095 954 3327 1018 propter
3357 949 3542 1005 solam
3574 950 3681 1005 lin-

2036 1039 2166 1093 gnte
2205 1024 2621 1091 diversitatem,
2673 1023 2815 1078 nihil
2868 1028 3101 1097 prodest
3141 1030 3210 1083 ad
3260 1031 3677 1087 consociandos

2037 1106 2302 1160 homines
2332 1110 2493 1160 tanta
2538 1104 2861 1160 similitudo
2905 1111 3122 1162 natura;
3152 1125 3165 1163 :
3199 1109 3279 1164 ita
3307 1114 3367 1165 ut
3397 1111 3677 1166 libentius

2036 1184 2211 1240 homo
2243 1185 2316 1239 sit
2345 1200 2475 1240 cum
2507 1202 2647 1240 cane
2668 1201 2792 1254 suo,
2830 1202 3004 1257 quam
3037 1203 3169 1243 cum
3204 1190 3437 1245 homine
3461 1190 3671 1247 alieno.

2036 1266 2104 1319 At
2134 1266 2283 1320 enim
2313 1281 2484 1335 opera
2528 1266 2663 1319 data
2710 1272 2820 1330 est,
2873 1271 2931 1321 ut
2965 1267 3278 1338 imperiosa
3324 1270 3526 1325 civitas
3558 1288 3673 1326 non

2037 1345 2229 1400 solum
2264 1346 2495 1417 jugum,
2528 1362 2730 1400 verum
2752 1346 2923 1401 etiam
2948 1346 3200 1417 linguam
3234 1367 3402 1405 suam
3436 1351 3675 1407 domitis

2036 1426 2311 1496 gentibus
2365 1441 2464 1496 per
2513 1441 2714 1493 pacem
2781 1426 3071 1483 societatis
3132 1430 3508 1500 imponeret:
3576 1446 3677 1501 per

2036 1520 2213 1575 quam
2256 1522 2372 1561 non
2404 1506 2649 1571 deesset,
2683 1506 2796 1560 imo
2844 1512 2899 1562 et
2927 1507 3253 1564 abundaret
3289 1510 3461 1565 etiam
3495 1510 3673 1565 inter-

2037 1592 2265 1655 pretum
2297 1586 2482 1656 capia.
2530 1585 2737 1639 Verum
2779 1591 2867 1640 est
2915 1601 2930 1641 :
2965 1588 3063 1641 sed
3109 1588 3218 1643 hoc
3262 1606 3435 1659 quam
3472 1589 3674 1644 multis

2034 1671 2091 1719 et
2120 1681 2291 1735 quam
2327 1666 2649 1736 grandibus
2673 1665 2862 1732 bellis,
2881 1671 3103 1737 quanta
3122 1674 3317 1739 strage
3346 1670 3671 1736 hominum,

2034 1751 2253 1817 quanta
2291 1746 2573 1801 effusione
2620 1746 2855 1802 humani
2908 1748 3213 1818 sanguinis
3269 1755 3673 1820 comparatum

2033 1833 2116 1882 est
2143 1828 2171 1881 ?
2200 1826 2420 1890 Quibus
2470 1828 2800 1892 transactis,
2844 1845 2957 1883 non
2998 1834 3083 1883 est
3112 1834 3305 1885 tamen
3336 1831 3673 1885 eorumdem

2034 1909 2321 1965 malorum
2353 1910 2515 1963 finita
2548 1910 2801 1964 miseria.
2833 1910 3107 1975 Quamvis
3136 1912 3292 1966 enim
3326 1929 3441 1967 non
3482 1913 3675 1967 defue—

2033 1990 2170 2056 rint,
2206 2006 2396 2060 neque
2426 1990 2621 2043 desint
2674 1989 2870 2043 hostes
2914 1992 2928 2024 ί
2964 1996 3167 2045 exterae
3217 1992 3500 2060 nationes,
3542 2008 3675 2047 con-

2032 2074 2123 2124 tra
2155 2086 2301 2139 quas
2332 2085 2565 2139 semper
2586 2068 2737 2124 bella
2758 2074 2922 2139 gesta
2954 2074 3115 2134 sunt,
3147 2074 3203 2124 et
3224 2076 3506 2141 geruntur
3539 2090 3551 2126 :
3594 2076 3676 2126 ta-

2035 2166 2165 2204 men
2196 2150 2369 2204 etiam
2404 2149 2532 2220 ipsa
2562 2149 2791 2217 imperii
2822 2149 3065 2203 latitudo
3090 2150 3309 2221 peperit
3341 2150 3553 2221 pejoris
3581 2167 3676 2221 ge-

2032 2230 2189 2285 neris
2221 2230 2391 2298 bella,
2424 2228 2662 2285 socialia
2709 2230 2931 2285 scilicet
2960 2240 3015 2283 et
3043 2229 3232 2285 civilia
3275 2248 3289 2296 ;
3322 2231 3539 2303 quibus
3572 2232 3671 2285 mi-

2032 2311 2339 2366 serabilius
2370 2312 2625 2380 quatitur
2656 2327 2839 2379 genus
2874 2310 3220 2377 humanum,
3246 2310 3364 2367 sive
3394 2327 3527 2366 cum
3560 2311 3674 2367 bel-

2030 2390 2330 2462 ligeratur,
2382 2396 2445 2444 ut
2500 2390 2816 2461 aliquando
2864 2391 3330 2460 conquiescant;
3385 2390 3507 2445 sive
3539 2407 3671 2446 cum

2034 2472 2296 2539 timetur,
2347 2488 2419 2526 ne
2464 2486 2666 2525 rursus
2721 2475 3048 2537 exsurgant.
3082 2473 3338 2537 Quorum
3384 2470 3671 2526 malorum

2034 2551 2252 2607 multas
2281 2555 2337 2606 et
2372 2550 2717 2621 multiplices
2749 2550 2963 2615 clades,
2994 2551 3170 2605 duras
3199 2555 3253 2605 et
3291 2552 3447 2607 diras
3478 2567 3672 2608 neces-

2034 2632 2257 2698 sitates,
2291 2632 2339 2687 si
2372 2636 2433 2687 ut
2469 2633 2709 2703 dignum
2740 2638 2830 2686 est
2867 2631 3059 2702 eloqui
3092 2631 3291 2698 velim,
3325 2649 3665 2704 quanquam

2032 2728 2399 2783 nequaquam
2445 2712 2596 2767 sicut
2628 2728 2716 2767 res
2759 2713 3015 2783 postulat
3085 2712 3340 2781 possim;
3393 2712 3524 2783 quis
3555 2713 3667 2768 erit

2035 2794 2269 2866 prolixa
2318 2793 2727 2863 disputationis
2792 2795 3000 2847 modus
3037 2793 3063 2847 ?
3112 2793 3222 2848 Sed
3274 2793 3529 2864 sapiens,
3580 2792 3668 2847 in-

2035 2874 2264 2945 quiunt,
2292 2876 2446 2943 justa
2477 2873 2627 2929 bella
2674 2878 2945 2944 gesturus
2994 2877 3097 2928 est.
3134 2873 3307 2938 Quasi
3360 2890 3496 2940 non,
3535 2873 3584 2927 si
3617 2889 3679 2928 se

2034 2953 2329 3009 hominem
2364 2954 2651 3021 meminit,
2684 2953 2870 3008 multo
2902 2953 3087 3024 magis
3137 2952 3353 3008 dolebit
3374 2954 3675 3023 justorum

2033 3034 2439 3090 necessitatem
2487 3033 2595 3088 sibi
2640 3033 2930 3088 exstitisse
2970 3031 3255 3087 bellorum
3308 3048 3321 3099 ;
3373 3034 3511 3103 quia
3569 3031 3679 3087 nisi

2026 3114 2188 3185 justa
2216 3119 2434 3180 essent,
2467 3114 2517 3168 ei
2548 3114 2800 3184 gerenda
2831 3130 2943 3168 non
2974 3117 3192 3181 essent,
3227 3128 3293 3168 ac
3324 3128 3427 3183 per
3456 3114 3563 3168 hoc
3585 3128 3677 3167 sa-

2032 3196 2213 3266 pienti
2246 3193 2408 3249 nulla
2439 3193 2588 3250 bella
2608 3198 2821 3249 essent.
2856 3192 3143 3264 lniquitas
3174 3193 3327 3248 enim
3365 3192 3545 3262 partis
3578 3192 3679 3246 ad-

2034 3292 2205 3331 versm
2230 3278 2391 3346 justa
2412 3276 2564 3331 bella
2594 3277 2801 3345 ingerit
2825 3277 3080 3347 gerenda
3110 3275 3358 3346 sapienti
3391 3275 3467 3345 (α)
3502 3291 3513 3327 :
3549 3290 3676 3345 quis

2033 3355 2314 3427 iniquitas
2335 3357 2534 3428 utique
2556 3355 2773 3410 homini
2800 3360 2887 3408 est
2909 3354 3179 3421 dolenda,
3209 3354 3345 3425 quia
3369 3354 3676 3407 hominum

2033 3442 2145 3504 est,
2176 3437 2280 3491 etsi
2314 3436 2475 3491 nulla
2505 3452 2573 3489 ex
2603 3452 2670 3489 ea
2701 3435 2951 3489 bellandi
2978 3434 3287 3488 necessitas
3320 3437 3677 3488 nasceretur.

2033 3517 2164 3573 Haec
2194 3518 2384 3587 itaque
2416 3516 2567 3570 mala
2598 3521 2717 3570 tam
2769 3530 3000 3585 magna,
3048 3520 3163 3568 tam
3210 3514 3518 3571 horrenda,
3554 3516 3673 3567 tam

2033 3614 2203 3663 saeva,
2252 3595 2517 3668 quisquis
2564 3611 2691 3649 cum
2736 3594 2933 3647 dolore
2977 3592 3327 3659 considerat,
3379 3591 3675 3646 miseriam

2035 3678 2298 3733 fateatur.
2331 3674 2608 3746 Quisquis
2656 3681 2846 3729 autem
2885 3673 2968 3727 vel
3004 3672 3217 3742 patitur
3245 3688 3312 3727 ea
3338 3675 3463 3727 sine
3493 3670 3677 3726 animi

2032 3758 2250 3821 dolore,
2283 3756 2368 3812 vel
2408 3756 2640 3824 cogitat,
2689 3754 2868 3809 multo
2921 3754 3120 3824 utique
3152 3752 3424 3807 miserius
3452 3750 3582 3807 ideo
3614 3766 3676 3806 se

2032 3846 2202 3912 putat
2222 3841 2481 3905 beatum,
2506 3837 2644 3908 quia
2665 3843 2721 3892 et
2752 3837 3078 3891 humanum
3103 3834 3358 3904 perdidit
3378 3849 3638 3889 sensum.

2030 4000 2261 4056 CAPUT
2292 3999 2438 4054 VIII.
2470 4030 2541 4038 —
2568 3998 2727 4068 Quod
2755 3995 3005 4052 amicitia
3037 3995 3298 4051 bonorum
3343 4009 3534 4050 secura
3564 4009 3678 4050 esse

2100 4096 2211 4136 non
2240 4079 2436 4149 possit,
2480 4078 2611 4133 dum
2649 4094 2683 4132 a
2711 4076 2972 4147 periculis
3001 4091 3123 4148 qua:
3166 4077 3223 4130 in
3255 4076 3357 4131 hac
3378 4076 3496 4130 vita
3523 4083 3673 4143 sunt,

2098 4159 2369 4232 trepidari
2397 4174 2609 4214 necesse
2636 4159 2729 4213 sit.

2094 4294 2150 4350 Si
2170 4302 2360 4351 autem
2374 4310 2489 4349 non
2503 4292 2800 4363 contingat
2820 4291 3088 4362 quaedam
3108 4288 3440 4360 ignorantia
3460 4287 3675 4344 similis

2027 4377 2353 4442 dementiae,
2385 4390 2511 4445 quas
2560 4379 2755 4429 tamen
2811 4371 2870 4426 in
2916 4370 3091 4439 hujus
3130 4370 3261 4425 vitae
3294 4369 3509 4424 misera
3537 4385 3675 4425 con-

2027 4455 2245 4511 ditione
2270 4471 2419 4524 sape
2442 4453 2746 4523 contingit,
2779 4456 2843 4506 ut
2875 4454 3140 4507 credatur
3170 4450 3253 4505 vel
3289 4450 3513 4504 amicus
3544 4464 3673 4505 esse

2026 4537 2126 4608 qui
2173 4536 2435 4590 inimicus
2494 4538 2602 4601 est,
2647 4533 2736 4588 vel
2793 4532 3070 4587 inimicus
3119 4531 3219 4603 qui
3274 4532 3491 4585 amicus
3536 4537 3669 4597 est;

2027 4616 2163 4689 quid
2197 4632 2304 4671 nos
2343 4614 2677 4670 consolatur
2707 4614 2762 4667 in
2814 4613 2922 4667 hac
2970 4612 3232 4666 humana
3281 4612 3553 4666 societate
3581 4626 3673 4665 er-

2026 4698 2256 4754 roribus
2306 4698 2699 4765 aerumnisque
2757 4693 3120 4764 plenissima,
3190 4692 3300 4746 nisi
3362 4691 3505 4745 fides
3557 4706 3670 4743 non

2024 4777 2175 4845 ﬁcta,
2210 4782 2265 4832 et
2295 4783 2499 4833 mutua
2542 4775 2771 4829 dilectio
2803 4787 3069 4827 verorum
3114 4776 3166 4825 et
3215 4772 3498 4824 bonorum
3529 4770 3670 4823 ami-

2023 4874 2227 4913 corum
2255 4858 2283 4912 ‘?
2333 4860 2486 4923 Quos
2532 4859 2750 4925 quanto
2800 4853 2997 4923 plures
3029 4856 3086 4905 et
3116 4851 3174 4904 in
3226 4849 3369 4903 locis
3404 4848 3668 4919 pluribus

2024 4935 2330 5002 habemus,
2389 4939 2550 4989 tanto
2610 4932 2837 5002 longius
2877 4931 3171 4999 latiusque
3215 4928 3551 4994 metuimus,
3600 4940 3672 4983 ne

2023 5016 2165 5087 quid
2204 5014 2287 5069 eis
2325 5014 2622 5081 contingat
2654 5010 2788 5065 mali
2819 5010 2889 5064 de
2920 5009 3098 5063 tantis
3130 5005 3414 5062 malorum
3446 5006 3672 5087 aggeris

2025 5085 2136 5150 bus
2177 5094 2353 5165 hujus
2385 5091 2600 5148 saeculi.
2624 5090 2750 5145 Non
2792 5090 2947 5145 enim
2979 5087 3386 5143 tantummodo
3435 5085 3669 5140 solliciti

2024 5191 2252 5243 sumus,
2286 5191 2357 5229 ne
2385 5175 2555 5239 fame,
2611 5188 2683 5228 ne
2712 5169 2902 5237 bellis,
2944 5184 3015 5225 ne
3057 5168 3297 5235 morbis,
3331 5184 3402 5223 ne
3431 5165 3672 5237 captivi-

2022 5254 2243 5310 tatibus
2293 5253 2652 5322 alﬂigantur,
2721 5266 2790 5305 ne
2832 5251 2889 5304 in
2949 5248 3150 5304 eadem
3203 5247 3479 5303 servitute
3534 5244 3673 5301 talia

2116 5458 2247 5509 1Sic
2301 5459 2469 5509 nostri
2524 5458 2743 5508 codices.
2791 5457 2849 5506 In
2893 5458 2967 5509 B..
3018 5470 3192 5518 neque
3239 5454 3411 5503 hostes
3470 5449 3670 5501 desint.

2021 5522 2167 5647 Μ’(α)
2192 5583 2339 5635 Com.
2373 5582 2583 5643 Quaest.
2614 5584 2673 5634 in
2694 5583 2875 5634 Jesum
2900 5582 3060 5641 Nave,
3090 5596 3142 5645 q.
3175 5579 3252 5631 10.
