4110 6196
376 428 695 504 patiantur,
728 426 923 499 qualia
966 443 1073 483 nec
1103 429 1357 499 cogitare
1398 428 1723 487 sufﬁcimus
1774 447 1788 486 :
1821 447 2014 487 verum

377 510 572 577 etiam,
605 509 702 564 ubi
734 509 909 563 timor
954 512 1040 563 est
1082 509 1265 563 multo
1296 510 1570 578 amarior,
1617 528 1688 567 ne
1735 511 1795 566 in
1842 514 2016 584 perﬁ«

378 588 853 655 diam,ma|iliam
880 588 1311 661 nequitiamque
1334 595 1651 646 mutentur.
1685 594 1754 647 Et
1785 594 2017 664 quando

375 670 491 726 ista
549 670 898 739 contingunt
944 670 1129 739 (tanto
1180 669 1381 740 utique
1438 670 1624 742 plura,
1675 684 1891 745 quanto
1934 672 2019 729 illi

377 754 517 807 sunt
538 748 753 821 plures,
787 754 843 803 et
870 748 929 803 in
981 750 1249 820 pluribus
1296 750 1439 807 locis
1474 753 1513 823 ¹)
1563 757 1619 807 et
1666 752 1723 808 in
1758 759 2017 809 nostram

377 831 649 886 notitiam
691 830 1080 900 perferuntur,
1134 830 1347 901 quibus
1395 848 1490 886 cor
1527 838 1787 889 nostrum
1822 834 2021 905 ﬂagris

375 916 603 975 uratur,
635 911 771 981 quis
822 914 1029 981 potest,
1076 911 1187 966 nisi
1238 912 1338 983 qui
1388 913 1551 968 taliet
1582 915 1773 980 sentit,
1821 916 2019 970 adver—

376 990 542 1046 tere?
584 991 837 1045 Mortuos
869 992 1083 1061 quippe
1119 992 1321 1046 audire
1356 992 1667 1049 mallemus
1707 1010 1719 1049 :
1755 994 2022 1066 quamvis

376 1075 433 1126 et
464 1070 572 1126 hoc
603 1071 728 1125 sine
758 1070 956 1126 dolore
997 1087 1111 1127 non
1173 1073 1465 1141 possimus
1510 1075 1731 1129 audire.
1764 1078 2019 1140 Quorum

376 1152 531 1207 enim
566 1168 671 1206 nos
700 1151 812 1207 vita
847 1155 1081 1222 propter
1102 1152 1368 1208 amicitia:
1390 1153 1598 1209 solatia
1627 1155 1650 1188 ²
1674 1154 2020 1216 delectabat,

376 1233 533 1287 unde
565 1232 683 1287 ﬁeri
720 1236 908 1302 potest
942 1236 1003 1287 ut
1031 1248 1232 1287 eorum
1278 1250 1433 1289 mors
1460 1235 1683 1290 nullam
1735 1236 1900 1291 nobis
1932 1237 2018 1290 in-

377 1317 537 1385 gerat
578 1312 1033 1369 mmstitudinem
1084 1313 1111 1368 ?
1158 1314 1337 1377 Quam
1373 1316 1470 1387 qui
1506 1316 1791 1387 prohibet,
1827 1316 2019 1386 prohi-

376 1396 529 1457 beat,
563 1393 613 1447 si
646 1397 854 1464 potest,
893 1394 1081 1448 amica
1124 1395 1433 1467 colloquia,
1477 1396 1779 1453 interdicat
1814 1397 2025 1452 amica-

377 1475 488 1531 lem
532 1474 617 1528 vel
664 1475 975 1530 intercidat
1010 1475 1278 1531 atTectum
1339 1476 1381 1542 ³,
1431 1478 1694 1532 omnium
1746 1479 2025 1533 humana-

376 1572 505 1613 rum
540 1557 1035 1612 necessitudinum
1054 1557 1285 1611 vincula
1309 1559 1518 1613 mentis
1541 1560 1753 1614 immiti
1782 1565 2024 1629 stupore

380 1637 705 1708 disrumpat
739 1653 752 1703 ;
788 1642 886 1692 aut
916 1638 999 1692 sic
1030 1637 1115 1692 eis
1142 1639 1422 1694 utendum
1476 1646 1725 1705 censent,
1772 1645 1835 1694 ut
1867 1639 2024 1694 nulla

380 1735 446 1775 ex
494 1718 578 1773 eis
628 1718 890 1773 animum
941 1718 1183 1774 dulcedo
1243 1722 1569 1788 perfundat.
1624 1721 1784 1786 Quod
1820 1721 1867 1775 si
1904 1720 2023 1775 ﬁeri

382 1797 541 1854 nullo
574 1799 745 1853 modo
778 1802 988 1869 potest,
1040 1801 1213 1854 etiam
1257 1800 1364 1856 hoc
1410 1817 1522 1871 quo
1556 1808 1724 1871 pacto
1759 1803 2021 1855 futurum

382 1882 487 1947 est,
523 1883 585 1933 ut
606 1878 735 1947 ejus
766 1879 933 1933 nobis
974 1895 1173 1934 amara
1220 1897 1377 1935 mors
1408 1898 1523 1935 non
1556 1882 1654 1946 sit,
1699 1881 1867 1951 cujus
1898 1880 2023 1935 dul-

382 1960 464 2015 cis
493 1959 776 2015 estvita?
825 1959 971 2015 Hinc
1017 1965 1108 2015 est
1149 1960 1305 2015 enim
1357 1969 1410 2016 et
1462 1962 1674 2027 luctus,
1725 1962 2019 2033 quoddam

381 2056 497 2095 non
530 2039 837 2095 inhumani
862 2039 1052 2096 cordis
1078 2041 1099 2074 ‘
1124 2041 1291 2111 quasi
1320 2041 1553 2110 vulnus,
1578 2048 1678 2097 aut
1710 2042 1897 2110 ulcus,
1929 2041 2024 2097 cui

381 2120 641 2175 sanando
683 2120 1034 2175 adhibentur
1086 2121 1352 2176 ofﬁciosa:
1402 2122 1844 2178 consolationes.
1896 2122 2022 2177 Non

380 2200 536 2258 enim
588 2205 888 2272 propterea
941 2217 1054 2256 non
1106 2207 1195 2257 est
1245 2204 1400 2273 quod
1444 2208 1697 2271 sanetur,
1745 2203 2022 2276 quoniam

382 2286 601 2356 quanto
631 2288 721 2338 est
753 2282 985 2337 animus
1033 2283 1256 2349 melior,
1290 2288 1452 2339 tanto
1484 2284 1543 2338 in
1576 2301 1642 2340 eo
1675 2284 1846 2340 citius
1885 2284 2023 2339 faci-

383 2363 611 2433 liusque
646 2370 905 2418 sanatur.
937 2365 1079 2417 Cum
1122 2362 1297 2434 igitur
1317 2365 1493 2420 etiam
1538 2366 1606 2419 de
1645 2365 2023 2421 charissimo-

382 2462 514 2501 rum
550 2443 855 2511 mortibus,
891 2445 1140 2499 maxime
1172 2461 1418 2518 quorum
1459 2450 1598 2501 sunt
1628 2446 1897 2502 humanae
1929 2464 2024 2504 so-

384 2526 576 2581 cietati
608 2524 799 2579 ofﬁcia
843 2525 1189 2590 necessaria,
1234 2542 1389 2582 nunc
1421 2526 1641 2596 mitius,
1673 2543 1828 2583 nunc
1859 2544 2024 2598 aspe-

381 2605 504 2661 rius
532 2604 827 2675 afiligatur
858 2603 973 2659 vita
1000 2606 1333 2661 mortalium
1360 2626 1373 2666 :
1401 2611 1659 2663 mortuos
1690 2612 1881 2664 tamen
1904 2624 2023 2679 eos,

382 2703 529 2759 quos
561 2685 883 2757 diligimus,
917 2701 1094 2756 quam
1126 2687 1212 2742 vel
1258 2704 1291 2742 a
1322 2686 1455 2749 ﬁde,
1501 2687 1587 2743 vel
1633 2705 1666 2742 a
1710 2688 1876 2743 bonis
1909 2704 2023 2744 mo-

381 2766 547 2821 ribus
574 2765 784 2835 lapsos,
826 2765 934 2821 hoc
964 2772 1073 2832 est,
1123 2768 1181 2821 in
1223 2768 1349 2839 ipsa
1398 2768 1592 2823 anima
1633 2778 1891 2824 mortuos
1921 2784 2023 2823 au-

386 2845 507 2901 dire
537 2861 638 2900 seu
684 2846 873 2901 videre
924 2847 1235 2904 mallemus
1287 2864 1301 2902 :
1356 2866 1469 2919 qua
1516 2848 1737 2921 ingenti
1787 2850 2027 2905 materia

386 2924 669 2981 malorum
708 2925 877 2995 plena
908 2931 997 2982 est
1038 2932 1192 2983 terra
1239 2944 1254 2996 ;
1289 2934 1520 2998 pr0pter
1561 2932 1708 2999 quod
1742 2929 2022 2998 scriptum

385 3010 491 3069 est,
514 3006 790 3076 Numquid
818 3023 925 3061 non
965 3007 1196 3062 tentatio
1228 3011 1298 3076 ta)
1330 3013 1409 3063 est
1439 3008 1556 3063 vita
1585 3010 1833 3063 humana
1861 3025 2027 3080 super

381 3091 585 3143 terram
614 3086 729 3153 (Job
763 3104 861 3153 vn,
897 3089 949 3152 i)
976 3087 1005 3140 ?
1035 3088 1101 3141 Et
1134 3092 1361 3158 propter
1394 3090 1549 3157 quod
1582 3090 1706 3159 ipse
1743 3090 2023 3147 Dominus

380 3167 480 3236 ait,
520 3169 607 3223 Ινεε
639 3166 843 3220 mundo
872 3166 941 3219 ab
968 3166 1242 3222 scandatis
1270 3168 1479 3234 (Matth.
1514 3185 1674 3233 xvui,
1705 3169 1764 3239 7)
1797 3174 1891 3223 :et
1920 3171 2026 3226 ite-

380 3266 530 3317 rum,
583 3248 848 3315 Quoniam
893 3247 1220 3315 abundavit,
1270 3249 1481 3319 inquit,
1533 3252 1818 3321 iniquitas,
1856 3255 2027 3322 refri-

378 3332 555 3398 gescet
586 3328 826 3382 charitas
860 3328 1160 3383 multorum
1189 3330 1293 3398 (id.
1338 3346 1492 3397 xxxv,
1530 3332 1636 3402 i2).
1674 3331 1750 3386 Ex
1790 3348 1903 3403 quo
1940 3333 2024 3398 ﬁt,

380 3414 445 3466 ut
477 3410 639 3464 bonis
673 3409 876 3463 amicis
912 3410 1157 3464 mortuis
1190 3411 1576 3480 gratulemur,
1618 3417 1674 3467 et
1705 3429 1836 3467 cum
1872 3430 2026 3469 mors

381 3508 580 3548 eorum
617 3508 718 3545 nos
740 3491 1054 3559 contristet,
1088 3492 1215 3562 ipsa
1245 3509 1348 3546 nos
1388 3493 1602 3548 certius
1652 3496 2022 3563 consoletur;

384 3572 657 3644 quoniam
696 3572 864 3625 malis
895 3578 1222 3629 caruerunt.
1249 3573 1463 3643 quibus
1486 3573 1545 3628 in
1579 3574 1685 3629 hac
1717 3581 1831 3628 Vita
1851 3576 2023 3631 etiam

384 3653 520 3707 boni
555 3651 808 3707 hominis
840 3652 927 3705 vel
961 3658 1363 3722 conteruntur,
1394 3654 1481 3708 vel
1505 3656 1908 3725 depravantur,
1940 3657 2025 3712 vel

387 3732 445 3787 in
481 3737 726 3803 utroque
754 3731 1172 3805 periclitantur.

386 3888 623 3947 CAPUT
657 3890 756 3949 IX.
804 3920 873 3931 -—
903 3891 980 3945 De
1026 3892 1276 3945 amicitia
1313 3894 1631 3947 sanctorum
1678 3894 2027 3963 Angelorum,

459 3987 583 4043 quae
611 3972 825 4026 homini
874 3972 929 4026 in
975 3972 1074 4027 hoc
1117 3975 1325 4028 mundo
1352 3990 1464 4028 non
1502 3985 1675 4042 potest
1702 3992 1819 4031 esse
1848 3976 2033 4031 mani-

461 4056 620 4123 festa,
651 4064 873 4123 propter
914 4054 1205 4122 faitaciam
1252 4054 1587 4124 dwmonum,
1632 4057 1692 4110 in
1723 4074 1858 4127 quos
1889 4059 2031 4113 inci-

461 4134 657 4189 derunt
688 4135 781 4207 qui
811 4134 1009 4189 multos
1036 4135 1145 4189 sibi
1171 4133 1293 4189 deos
1322 4135 1572 4191 colendos
1598 4142 1886 4207 putarunt.

466 4272 529 4324 In
571 4270 843 4323 societate
889 4284 1021 4323 vero
1066 4274 1397 4325 sanctorum
1429 4271 1801 4339 Angelorum,
1852 4289 2029 4343 quam

394 4348 727 4421 philosophi
760 4347 864 4410 illi,
910 4348 1008 4417 qui
1052 4349 1219 4403 nobis
1252 4350 1389 4405 deos
1440 4352 1655 4406 amicos
1686 4368 1813 4407 esse
1844 4354 2033 4410 volue-

393 4433 551 4493 runt,
584 4433 786 4496 quarto
812 4428 1243 4484 constituerunt
1275 4430 1417 4497 loco,
1449 4432 1610 4487 velut
1641 4433 1711 4487 ad
1746 4435 2031 4489 mundum

390 4506 686 4563 venientes
718 4509 789 4563 ab
821 4507 957 4564 orbe
998 4514 1307 4578 terrarum,
1360 4521 1419 4566 ut
1468 4513 1551 4569 sic
1600 4513 2031 4584 quodammodo

390 4588 910 4658 complecterentur
930 4594 985 4645 et
1006 4591 1215 4647 omium
1242 4609 1255 4659 ;
1286 4592 1443 4647 nullo
1468 4594 1639 4650 modo
1662 4595 1894 4664 quidem
1922 4612 2035 4650 me-

391 4670 638 4741 tuimus,
658 4686 728 4725 ne
745 4669 885 4726 tales
902 4671 1075 4727 amici
1094 4672 1179 4727 vel
1202 4681 1383 4728 morte
1400 4689 1640 4742 nossua,
1658 4674 1742 4728 vel
1762 4674 2035 4743 deprava-

455 4836 596 4911 {Hic
622 4836 858 4900 plerique
903 4836 1253 4899 manuscripti
1301 4834 1573 4891 omittunt,
1612 4842 1663 4883 et
1692 4836 1753 4884 in
1768 4836 2035 4900 pluribus

392 4900 685 5012 “3“m.
712 4963 829 5011 Am.
864 4962 969 5018 Er.,
1018 4962 1301 5011 amicitiae
1345 4961 1605 5025 specialis
1649 4962 1869 5013 εοιαιία.
1908 4965 2035 5016 ιιον.

390 5025 674 5103 amicitiae
703 5025 926 5073 socialis
943 5026 1177 5103 solatia.
1212 5027 1279 5074 At
1307 5026 1656 5103 manuscripti
1683 5040 1780 5079 nec
1818 5026 2035 5091 habent,

392 5088 667 5152 specialis,
697 5100 811 5142 nec.
844 5088 1083 5138 socialis.
1462 5100 1463 5103 ‘
1576 5088 1596 5093 ⁷
2021 5088 2028 5091 ’

450 5154 474 5186 ⁸
504 5152 563 5200 In
592 5150 764 5205 editis.
794 5152 1094 5201 interdicat
1121 5150 1747 5208 amicalemsooictatem,
1769 5152 1848 5200 ve!
1870 5152 2039 5201 inter-

389 5214 540 5263 cidat
572 5215 856 5275 aﬂectum.
888 5214 1065 5277 Abest,
1105 5214 1430 5269 societatem.
1462 5228 1495 5264 a
1524 5216 1899 5277 manuscriptis
1928 5229 1941 5271 ;
1986 5217 2041 5264 et

392 5278 634 5350 verbum.
692 5276 1004 5350 amicaleni,
1058 5278 1285 5350 refertur
1339 5277 1407 5325 ad
1452 5279 1734 5339 aﬂectum,
1784 5276 2040 5341 tanquam

393 5341 717 5403 adjectivum
846 5340 1263 5413 substantivum.
1896 5340 1911 5341 ί
2026 5403 2037 5416 .

389 5456 395 5463 _
458 5405 481 5438 ⁵
520 5403 602 5474 Ita
645 5404 885 5474 plerique
909 5405 977 5474 'et
1031 5401 1264 5474 melioris
1318 5404 1477 5453 notae
1504 5403 1865 5474 manuscripti.
1904 5402 2043 5453 Editi

396 5478 541 5521 vero.
575 5464 758 5514 luctus
787 5464 1016 5526 quidam
1040 5464 1102 5511 in
1128 5464 1372 5515 humano
1401 5466 1573 5514 corde.

464 5527 537 5589 (α)
564 5528 627 5578 In
653 5529 900 5591 νωεω,
934 5527 1166 5583 militia.

1434 297 1538 357 DE
1581 297 1943 359 CIVITATE
1984 298 2140 367 DEI,
2189 299 2250 361 S.
2304 294 2725 359 AUGUSTINI

3671 287 3793 350 636

2130 433 2287 489 tione
2299 432 2665 488 contristent.
2682 429 2793 485 Sed
2818 427 2956 500 quis
2969 425 3138 482 nobis
3155 440 3269 479 non
3296 439 3364 479 ea
3378 439 3497 495 qua
3518 422 3791 480 homines

2134 512 2524 570 familiaritate
2576 512 2887 565 miscentur
2940 506 3119 578 (quod
3188 504 3367 560 etiam
3436 502 3639 573 ipsum
3712 506 3785 560 ad

2132 610 2308 651 mrum
2321 610 2422 649 nas
2445 594 2619 664 hujus
2654 589 2902 662 pertinet
2928 588 3074 653 vitae)
3106 592 3158 641 et
3189 584 3501 655 aliquando
3525 590 3794 652 satanas,

2132 678 2278 733 sicut
2311 676 2559 748 legimus
2589 673 2971 744 transﬁgurat
3001 685 3064 724 se
3098 667 3258 723 velut
3288 666 3561 748 angelum
3589 670 3607 704 ¹
3641 667 3791 725 lucis

2133 758 2201 828 (Ii
2222 759 2341 813 Cor.
2377 747 2453 823 si,
2482 757 2584 825 14),
2609 754 2682 810 ad
2704 751 3011 808 tentandos
3034 765 3131 805 eos
3154 764 3303 820 quos
3335 748 3414 802 ita
3444 747 3535 801 vel
3567 749 3790 807 erudiri

2133 856 2281 911 opus
2310 846 2414 903 est,
2448 838 2533 892 vel
2566 834 2750 907 decipi
2794 834 3014 902 justum
3056 834 3141 911 est
3175 846 3189 897 ;
3226 844 3437 899 magna
3468 828 3567 884 Dei
3602 830 3782 911 miss.

2134 907 2385 974 ri’cordia
2424 916 2748 972 necessaria
2784 917 2891 979 est,
2925 925 2996 965 ne
3044 908 3383 980 quisquam,
3432 923 3567 963 cum
3601 907 3789 965 bonos

2135 997 2386 1071 Angelos
2418 996 2637 1052 amicos
2668 1010 2730 1049 se
2760 993 2972 1047 habere
3004 994 3191 1061 putat,
3225 987 3440 1042 habeat
3462 986 3649 1071 malos
3680 990 3789 1045 de.

2135 1069 2337 1135 mones
2396 1079 2614 1133 amicos
2684 1074 2865 1137 ﬁctos,
2922 1084 3135 1138 eosque
3180 1073 3342 1122 tanto
3394 1069 3793 1139 nocentiores,

2136 1168 2350 1232 quanto
2391 1156 2699 1212 astutiores
2732 1171 2799 1209 ac
2832 1150 3155 1232 fallaciores
3203 1148 3455 1232 patiatur
3498 1148 3789 1232 inimicos.

2135 1230 2205 1295 Et
2234 1240 2324 1294 cui
2360 1254 2571 1309 magna
2603 1239 2716 1291 ista
2755 1234 2854 1291 Dei
2884 1230 3282 1288 misericordia
3324 1230 3654 1285 necessaria
3682 1238 3789 1297 est,

2135 1320 2245 1376 nisi
2270 1336 2490 1391 magnis
2522 1319 2789 1373 humanis
2822 1314 3073 1369 miserias
3103 1328 3232 1384 qua)
3263 1310 3598 1382 ignorantia
3629 1317 3793 1369 tanta

2135 1403 2440 1473 premitur,
2475 1404 2539 1455 ut
2583 1397 2751 1453 facile
2798 1395 3037 1449 istorum
3071 1391 3446 1473 simulatione
3497 1391 3735 1447 fallatur
3762 1395 3792 1450 τ

2136 1472 2202 1539 Et
2225 1483 2355 1538 illos
2400 1482 2634 1553 quidem
2673 1475 3053 1551 philosophos
3084 1474 3143 1530 in
3190 1472 3369 1544 impia
3398 1474 3654 1541 civitate,
3684 1478 3789 1547 qui

2136 1566 2277 1621 deos
2308 1564 2420 1619 sibi
2462 1562 2679 1618 amicos
2723 1575 2848 1615 esse
2893 1557 3183 1621 dixerunt,
3217 1556 3275 1610 in
3326 1556 3623 1610 daemones
3664 1573 3788 1613 ma-

2133 1644 2321 1716 lignos
2354 1644 2628 1700 incidisse
2678 1640 3067 1697 certissimum
3100 1641 3207 1705 est,
3263 1635 3481 1716 quibus
3512 1642 3633 1691 tota
3664 1638 3791 1708 ipsa

2134 1715 2333 1780 civitas
2365 1724 2657 1789 subditur,
2714 1726 2992 1776 aeternum
3045 1733 3177 1772 cum
3219 1718 3303 1772 eis
3334 1715 3612 1771 habitura
3641 1734 3779 1789 sup.

2139 1805 2399 1876 plicium.
2435 1806 2509 1860 Es
2540 1818 2735 1860 eorum
2776 1796 2991 1871 quippe
3022 1798 3226 1863 sacris,
3257 1798 3343 1853 vel
3379 1796 3576 1865 potius
3605 1797 3786 1853 sacri-

2133 1886 2321 1957 legiis,
2356 1886 2571 1957 quibus
2600 1904 2699 1943 eos
2732 1887 3024 1951 colendos,
3055 1890 3113 1941 et
3140 1900 3209 1939 ex
3249 1881 3404 1936 ludis
3434 1880 3789 1936 immundis-

2133 1966 2322 2031 simis,
2357 1967 2454 2021 ubi
2485 1982 2679 2024 eorum
2726 1968 2964 2023 crimina
3009 1967 3396 2031 celebrantur,
3438 1964 3655 2036 quibus
3685 1976 3784 2017 eos

2136 2046 2444 2118 placandos
2484 2055 2851 2119 putaverunt,
2883 2052 3103 2106 eisdem
3151 2048 3295 2121 ipsis
3328 2045 3673 2102 auctoribus
3729 2046 3785 2096 et

2135 2131 2496 2186 exactoribus
2527 2132 2732 2187 talium
2776 2136 3188 2202 tantorumque
3224 2129 3599 2195 dedecorum,
3635 2124 3782 2180 satis

2135 2206 2205 2264 ab
2231 2206 2312 2263 eis
2352 2210 2448 2281 qui
2477 2211 2743 2267 colantur
2762 2215 3030 2283 apertum
3060 2214 3168 2266 est.

2134 2386 2371 2446 CAPUT
2400 2386 2471 2444 X.
2502 2418 2572 2429 —
2603 2386 2735 2457 Quis
2762 2389 2975 2458 fructus
3006 2384 3213 2440 sancti:
3242 2384 3306 2440 de
3334 2388 3592 2454 superata
3622 2380 3782 2453 hujus

2504 2470 2630 2525 vitae
2662 2467 2965 2525 tentatione
2980 2468 3212 2539 paratu:
3242 2465 3316 2521 sit
3347 2464 3388 2518 ε.

2208 2638 2318 2696 Sed
2351 2655 2537 2711 neque
2567 2638 2829 2695 sanctiet
2859 2636 3060 2693 ﬁdeles
3092 2636 3264 2693 unius
3294 2634 3414 2692 veri
3443 2632 3543 2689 Dei
3570 2631 3784 2689 summi

2135 2737 2249 2795 quo
2270 2719 2543 2787 cultores,
2582 2721 2653 2775 ab
2683 2736 2886 2775 eorum
2913 2717 3151 2775 fallaciis
3192 2721 3249 2773 et
3286 2713 3633 2773 multiformi
3665 2721 3787 2769 ten-

2135 2802 2353 2858 tatione
2378 2802 2566 2857 securi
2596 2806 2752 2856 sunt.
2798 2802 2863 2855 In
2907 2801 3014 2856 hoc
3064 2800 3217 2855 enim
3252 2799 3375 2854 loco
3420 2795 3786 2851 inﬁrmitatis

2133 2888 2193 2940 et
2209 2883 2414 2939 diebus
2438 2881 2898 2953 malignisetiam
2922 2882 3033 2937 ista
3049 2880 3375 2939 sollicitudo
3398 2894 3507 2933 non
3541 2881 3634 2931 est
3658 2877 3791 2929 inu-

2138 2962 2277 3028 tilis,
2312 2968 2374 3018 ut
2431 2962 2530 3018 illa
2577 2963 2881 3031 securitas,
2928 2962 3026 3018 ubi
3073 2980 3184 3034 pax
3232 2960 3573 3034 plenissima
3602 2963 3788 3029 atque

2134 3047 2461 3106 certissima
2493 3050 2603 3109 est,
2650 3044 2939 3101 desiderio
2977 3045 3320 3100 ferventiore
3350 3046 3665 3114 quaeratur.
3701 3038 3783 3094 ibi

2132 3130 2285 3186 enim
2317 3132 2486 3183 erunt
2544 3131 2762 3181 natura:
2796 3141 3058 3195 munera,
3099 3125 3207 3180 hoc
3252 3129 3361 3190 est,
3402 3138 3530 3194 qua:
3563 3127 3790 3177 natura

2135 3214 2345 3265 nostra
2375 3208 2447 3261 ab
2476 3206 2739 3263 omnium
2783 3213 3125 3263 naturarum
3170 3204 3439 3261 Creatore
3469 3204 3783 3272 donantur,

2136 3306 2251 3345 non
2278 3288 2471 3343 solum
2513 3286 2684 3354 bona,
2732 3304 2928 3344 verum
2980 3287 3156 3341 etiam
3207 3285 3568 3355 sempiterna
3621 3300 3783 3350 ;non

2135 3372 2314 3429 solum
2348 3371 2408 3425 in
2437 3369 2656 3434 animo,
2687 3371 2785 3440 qui
2819 3373 3065 3425 sanatur
3092 3367 3114 3401 ³
3156 3384 3254 3439 per
3283 3366 3656 3437 sapientiam,
3699 3381 3788 3419 ve-

2132 3470 2266 3512 rum
2297 3464 2465 3507 etiam
2491 3452 2548 3505 in
2571 3466 2825 3521 corpore.
2850 3450 3001 3520 quod
3039 3450 3459 3505 resurrectione
3490 3446 3787 3500 renovabi-

2134 3540 2249 3589 tur.
2293 3532 2373 3587 Ibi
2414 3531 2680 3595 virtutes,
2740 3547 2851 3585 non
2911 3536 3111 3584 contra
3170 3528 3289 3582 ulla
3336 3528 3475 3581 vitia
3508 3528 3591 3580 vel
3639 3524 3791 3581 mala

2135 3628 2518 3686 quascumque
2548 3617 2855 3675 certantes,
2896 3611 2995 3665 sed
3031 3610 3310 3665 habentes
3351 3607 3603 3662 victoria:
3640 3623 3787 3676 prm-

2138 3697 2319 3751 mium
2371 3697 2643 3749 ister-nam
2688 3708 2907 3761 pacein,
2950 3707 3127 3762 quam
3182 3690 3379 3744 nullus
3423 3687 3789 3743 adversarius

2135 3777 2420 3847 inquietet
2451 3774 2547 3844 (α).
2593 3775 2719 3840 ipsa
2750 3780 2837 3828 est
2885 3774 3035 3827 enim
3068 3771 3367 3825 beatitudo
3411 3768 3626 3833 ﬁnalis,
3666 3771 3789 3837 ipse

2137 3856 2506 3929 perfectionis
2572 3855 2724 3921 ﬁnis,
2797 3855 2899 3925 qui
2956 3856 3397 3909 consumentem
3452 3866 3567 3905 non
3615 3851 3786 3904 habet

2136 3940 2335 3994 ﬁnem.
2369 3936 2471 3992 Hic
2502 3945 2694 3991 autem
2740 3934 2992 3989 dicimur
3038 3932 3275 4003 quidem
3328 3932 3497 3994 beati,
3546 3930 3783 3999 quando

2139 4035 2336 4091 pacem
2374 4017 2677 4083 habemus,
2711 4013 3247 4097 quantulacumque
3282 4010 3634 4097 hiantiaberi
3682 4026 3786 4097 po—

2139 4090 2251 4154 test
2281 4100 2335 4151 in
2369 4098 2485 4152 vita
2516 4097 2667 4151 bona
2708 4113 2721 4151 :
2755 4097 2851 4150 sed
2886 4095 3006 4149 hinc
3038 4090 3336 4147 beatitudo
3367 4090 3471 4158 illi,
3506 4107 3683 4159 quam
3713 4090 3789 4143 ﬁ-

2138 4181 2328 4237 nalem
2364 4178 2631 4243 dicimus,
2661 4174 3003 4231 beatitudini
3028 4178 3379 4243 comparata,
3406 4188 3649 4243 prorsus
3680 4170 3789 4224 mi-

2140 4260 2291 4315 seria
2323 4259 2623 4327 reperitur.
2658 4256 2816 4311 Hanc
2846 4270 2983 4327 ergo
3010 4270 3231 4324 pacem,
3256 4253 3444 4323 qualis
3474 4251 3568 4305 hic
3590 4254 3784 4320 potest

2138 4358 2285 4408 esse,
2309 4339 2579 4394 mortales
2599 4339 2863 4393 homines
2889 4337 2949 4391 in
2978 4338 3150 4392 rebus
3187 4334 3527 4390 mortalibus
3550 4332 3787 4403 quando

2139 4423 2443 4487 habemus,
2476 4420 2523 4473 si
2556 4424 2706 4474 recte
2736 4420 3003 4485 vivimus,
3038 4415 3205 4471 bonis
3236 4416 3368 4485 ejus
3417 4419 3565 4469 recte
3605 4412 3793 4467 utitur

2139 4503 2363 4557 virtus:
2396 4501 2625 4572 quando
2652 4516 2781 4554 vero
2812 4516 2937 4555 eam
2970 4514 3081 4553 non
3115 4496 3424 4561 habemus,
3456 4494 3631 4549 etiam
3667 4508 3796 4546 ma-

2140 4581 2230 4649 iis,
2265 4596 2388 4652 quae
2422 4582 2593 4635 homo
2617 4580 2849 4650 patitur,
2884 4580 3029 4631 bene
3060 4580 3250 4630 utitur
3275 4576 3476 4628 virtus.
3509 4572 3621 4627 Sed
3648 4578 3793 4625 tunc

2140 4667 2225 4718 est.
2242 4678 2369 4717 vera
2397 4664 2598 4722 virtus,
2630 4658 2866 4731 quando
2901 4667 2954 4712 et
2984 4656 3181 4710 umnia
3214 4657 3358 4709 bona
3388 4654 3604 4726 quibus
3647 4652 3793 4707 bene

2142 4744 2339 4810 utitur,
2369 4746 2425 4796 et
2455 4740 2737 4814 quidquid
2782 4739 2837 4792 in
2872 4738 3021 4792 bono
3051 4753 3158 4791 usu
3204 4736 3487 4790 bonorum
3521 4739 3579 4788 et
3610 4731 3794 4787 malo-

2142 4839 2271 4879 rum
2303 4822 2454 4890 facit,
2488 4825 2545 4875 et
2570 4836 2631 4874 se
2661 4814 2848 4890 ipsam
2883 4818 2952 4871 ad
2975 4833 3105 4872 eum
3131 4816 3286 4870 ﬁnen
3326 4816 3520 4880 refert,
3554 4814 3655 4867 ubi
3690 4828 3793 4866 no—

2143 4905 2233 4961 bis
2264 4903 2401 4957 talis
2430 4906 2488 4958 et
2512 4904 2674 4955 tanta
2705 4915 2814 4971 pax
2834 4898 2963 4969 erit,
2990 4914 3108 4970 qua
3139 4896 3343 4953 metior
3361 4900 3419 4950 et
3448 4893 3641 4966 major
3667 4907 3797 4948 esse

2144 5001 2260 5040 non
2293 4983 2496 5055 possit.

2210 5218 2224 5250 ί
2258 5214 2413 5281 Editi,
2446 5214 2510 5263 in
2536 5213 2823 5281 angelum.
2854 5212 3091 5275 “MSS”
3121 5211 3272 5271 velut
3594 5221 3611 5261 :
3632 5208 3800 5269 etde

2143 5278 2341 5342 passim
2370 5278 2717 5342 Augustinus.

2208 5341 2229 5374 ²
2260 5341 2377 5389 Mss.
2390 5378 2402 5398 ,
2430 5340 2715 5399 pariatur.

2207 5405 2231 5439 ο
2272 5404 2333 5455 In
2379 5403 2551 5461 editis.
2603 5402 2919 5459 sanabitur.
2966 5403 3041 5463 ,Μ
3081 5402 3143 5462 ip
3186 5399 3585 5471 insumus,
3622 5412 3795 5459 ,ωηα-

2148 5475 2281 5592 ωίᾶ)
2312 5527 2459 5581 Cont.
2489 5529 2583 5579 lib.
2616 5529 2675 5579 14
2703 5530 2769 5580 de
2795 5528 3002 5591 Triuia.
3028 5542 3089 5587 ιι.
3120 5526 3198 5589 12.
