4110 6196
221 353 338 414 637

221 486 456 544 CAPUT
487 487 582 546 Xl.
614 519 677 531 —
707 491 782 545 De
819 489 1152 547 beatitudine
1197 491 1351 564 pacis
1386 499 1622 561 aeternae,
1661 494 1723 549 in
1769 511 1878 566 qua

467 572 673 625 sanctis
701 570 832 640 ﬁnis
861 574 960 638 est,
993 570 1051 626 id
1078 573 1154 626 est
1184 588 1317 628 vera
1344 575 1625 644 perfectio.

293 705 657 775 Quapropter
682 722 1002 776 possumus
1032 706 1401 772 dicere,lines
1424 709 1438 742 ¹
1464 709 1748 764 bonorum
1775 727 1878 766 no-

221 787 476 840 strorum
519 798 649 840 esse
683 801 906 854 pacem,
940 789 1092 843 sicut
1139 792 1414 843 aeternam
1447 804 1575 844 esse
1625 790 1878 846 diximus

221 862 395 919 vitam
423 879 438 918 :
463 864 781 934 praesertim
815 866 949 936 quia
980 866 1092 936 ipsi
1124 867 1341 923 civitati
1375 869 1499 937 Dei,
1520 868 1593 924 de
1626 886 1742 942 qua
1773 887 1879 926 no-

223 947 312 1003 bis
342 949 434 1000 est
462 946 576 1001 ista
604 947 1017 1018 operosissima
1047 948 1386 1020 disputatio,
1414 949 1473 1006 in
1508 955 1708 1006 sancto
1739 951 1877 1008 dici-

221 1033 320 1085 tur
352 1026 604 1096 Psalmo,
660 1028 872 1095 Lauda,
915 1029 1240 1096 Jerusalem,
1293 1032 1586 1086 Dominum
1612 1047 1634 1094 ;
1663 1033 1877 1090 collau-

218 1109 292 1164 αα
320 1108 495 1163 Deum
526 1112 706 1178 tuum,
729 1107 880 1164 Sion.
914 1110 1184 1178 Quoniam
1213 1112 1562 1182 confirmavit
1588 1128 1738 1168 seras
1757 1130 1877 1183 por-

218 1198 404 1247 tarum
455 1192 698 1258 tuarum,
734 1189 1017 1247 benedixit
1052 1192 1200 1261 ﬁlio:
1223 1199 1346 1248 tuo:
1377 1195 1438 1248 in
1470 1202 1538 1259 te,
1568 1194 1668 1265 qui
1695 1194 1876 1265 posuit

215 1271 356 1342 ﬁnes
386 1275 508 1325 tuos
531 1286 725 1342 pacem
757 1271 926 1342 (Psal.
958 1287 1163 1329 chvu.
1198 1273 1408 1344 12-14).
1443 1275 1684 1338 Quando
1715 1275 1874 1331 enim

215 1351 579 1408 confirmata
620 1352 837 1406 fuerint
865 1367 1003 1407 serae
1037 1357 1336 1423 portarum
1369 1355 1520 1420 eius,
1543 1355 1664 1425 jam
1710 1355 1770 1410 in
1801 1354 1872 1410 il-

214 1433 329 1489 lam
380 1431 580 1487 nullus
629 1431 891 1502 intrabit,
927 1449 1030 1488 nec
1077 1434 1150 1488 ab
1200 1433 1300 1488 illa
1349 1433 1507 1490 ullus
1555 1436 1754 1491 exibit.
1793 1438 1872 1492 Ac

217 1529 318 1585 per
349 1512 459 1569 hoc
489 1513 638 1568 fines
666 1512 797 1583 ejus
826 1528 956 1568 eam
980 1513 1261 1569 debemus
1294 1513 1386 1570 hic
1416 1514 1739 1586 intelligere
1767 1533 1874 1589 pa-

215 1609 366 1662 ssm,
401 1610 578 1665 quam
603 1594 874 1649 volumus
895 1595 1299 1652 demonstrare
1333 1595 1592 1652 finalem.
1625 1597 1773 1654 Nam
1815 1605 1874 1654 et

215 1674 406 1746 ipsius
434 1673 688 1730 civitatis
719 1674 1030 1746 mysticum
1061 1692 1296 1745 nomen,
1321 1677 1380 1734 id
1410 1683 1500 1733 est
1527 1677 1870 1748 Jerusalem,

216 1755 373 1828 quod
407 1763 462 1810 et
491 1759 629 1812 ante
667 1757 792 1824 jam
823 1756 1101 1821 diximus,
1135 1757 1288 1814 Visio
1320 1759 1478 1828 pacis
1524 1759 1870 1832 interpreta-

213 1840 332 1892 tur.
367 1836 477 1892 Sed
527 1836 804 1907 quoniam
837 1837 998 1908 pacis
1030 1853 1230 1892 nomen
1281 1839 1454 1894 etiam
1486 1839 1544 1894 in
1573 1839 1666 1896 his
1696 1841 1872 1898 rebus

215 1915 563 1973 mortalibus
612 1917 1039 1988 frequentatur,
1073 1918 1172 1973 ubi
1224 1918 1424 1991 utique
1470 1935 1582 1976 non
1632 1925 1718 1976 est
1755 1923 1873 1977 vita

213 2001 470 2064 eterna;
509 2004 816 2070 propterea
864 1999 1040 2054 tinem
1090 1998 1341 2055 civitatis
1386 1999 1586 2070 hujus,
1615 2001 1716 2056 ubi
1765 2003 1872 2057 erit

214 2092 525 2133 summum
579 2078 796 2134 bonum
827 2080 978 2149 ejus,
1010 2083 1281 2135 aeternam
1326 2081 1506 2136 vitam
1556 2081 1872 2137 maluimus

211 2173 678 2214 commemorare
706 2174 880 2228 quam
913 2175 1135 2229 pacem.
1159 2159 1239 2214 De
1266 2176 1380 2229 quo
1411 2160 1526 2215 fine
1557 2162 1871 2231 Apostolus

209 2237 318 2300 ait,
342 2239 495 2293 Nunc
517 2253 641 2292 vero
663 2237 890 2292 liberati
910 2254 942 2292 a
959 2242 1199 2307 peccato,
1220 2239 1366 2293 servi
1385 2247 1568 2294 autem
1588 2240 1725 2308 facti
1749 2241 1872 2304 Deo,

209 2317 438 2372 habetis
484 2320 726 2387 fructum
776 2325 1012 2373 vestrum
1061 2321 1122 2373 in
1167 2319 1678 2389 sanctiﬁcationem,
1705 2320 1874 2390 ﬁnem

205 2412 344 2453 vero
371 2396 539 2452 vitam
584 2401 857 2454 aeternam
903 2399 1079 2465 (Rom.
1111 2413 1188 2466 vr,
1217 2399 1331 2469 22).
1365 2398 1478 2455 Sed
1509 2415 1710 2455 rursus
1739 2400 1874 2472 quia

206 2475 338 2532 vita
386 2482 602 2532 aeterna
629 2477 700 2532 ab
750 2477 844 2532 his
877 2478 977 2550 qui
1011 2477 1462 2534 familiaritatem
1510 2495 1625 2534 non
1657 2480 1874 2536 habent

208 2573 354 2613 cum
385 2556 704 2627 Scripturis
735 2559 978 2626 sanctis,
1013 2563 1204 2630 potest
1233 2557 1418 2631 accipi
1467 2560 1643 2615 etiam
1693 2559 1874 2616 malo-

207 2651 347 2691 rum
380 2637 492 2691 vila
526 2659 542 2704 ;
574 2637 664 2694 vel
697 2637 1021 2693 secundum
1067 2639 1354 2710 quosdam
1390 2641 1565 2695 etiam
1613 2639 1872 2711 philoso-

209 2717 392 2789 phos,
443 2723 678 2788 propter
722 2719 931 2774 animm
979 2719 1474 2776 immortalitatem
1510 2737 1523 2786 ;
1564 2722 1650 2777 vel
1699 2723 1871 2778 etiam

207 2797 546 2853 secundum
573 2797 742 2853 ﬁdem
768 2804 1292 2872 nostram,propter
1310 2816 1508 2871 pmnas
1530 2801 1875 2857 intermina-

207 2875 367 2932 biles
391 2877 730 2948 impiorum,
753 2877 854 2950 qui
879 2879 1083 2950 utique
1104 2879 1163 2934 in
1190 2886 1466 2935 aeternum
1491 2881 1734 2936 cruciari
1758 2898 1872 2937 non

208 2965 510 3029 poterunt,
545 2957 658 3014 nisi
690 2959 865 3014 etiam
897 2959 1143 3014 vixerint
1173 2961 1232 3015 in
1262 2965 1542 3016 aeternum
1568 2977 1583 3016 :
1618 2962 1872 3032 profecto

207 3038 350 3094 ﬁnis
383 3037 632 3093 civitatis
673 3037 871 3108 hujus,
902 3041 961 3094 in
993 3056 1108 3111 quo
1149 3056 1450 3095 summum
1501 3040 1740 3096 habebit
1769 3043 1874 3096 bo-

210 3133 384 3186 num,
416 3117 507 3172 vel
558 3134 666 3188 pax
716 3117 775 3173 in
817 3119 937 3174 vita
985 3124 1226 3188 aeterna,
1258 3119 1346 3174 vel
1394 3119 1513 3176 vita
1556 3126 1772 3176 eterna
1812 3121 1872 3178 in

207 3213 356 3269 pace
405 3197 687 3254 dicendus
728 3202 838 3266 est,
873 3203 935 3254 ut
977 3197 1209 3254 facilius
1239 3199 1311 3255 ab
1367 3200 1644 3257 omnibus
1687 3201 1874 3274 possit

203 3271 488 3348 intelligi.
518 3277 769 3334 Tantum
815 3283 905 3334 est
934 3279 1091 3334 enim
1125 3281 1280 3349 pacis
1329 3279 1571 3348 bonum,
1602 3286 1668 3337 ut
1689 3271 1872 3338 etiam

208 3357 268 3414 in
313 3361 496 3416 rebus
544 3362 794 3418 terrenis
838 3367 1012 3434 atque
1062 3363 1413 3418 mortalibus
1458 3362 1603 3419 nihil
1652 3364 1876 3434 gratius

210 3439 401 3496 soleat
431 3441 642 3506 audiri,
673 3443 822 3497 nihil
853 3441 1301 3497 desiderabilius
1341 3443 1694 3512 concupisci,
1729 3443 1875 3498 nihil

209 3533 512 3593 postremo
547 3523 726 3591 possit
747 3522 958 3578 melius
989 3521 1256 3578 inveniri.
1281 3522 1362 3577 De
1390 3539 1506 3593 quo
1529 3525 1577 3577 si
1609 3522 1872 3594 aliquan-

210 3607 267 3658 to
296 3603 528 3658 diutius
558 3602 714 3675 loqui
749 3603 1130 3670 voluerimus,
1166 3619 1280 3658 non
1313 3604 1550 3669 erimus,
1586 3610 1874 3674 quantum

211 3682 489 3750 arbitror,
521 3685 749 3738 onerosi
786 3683 1134 3754 legentibus,
1166 3687 1222 3738 et
1256 3688 1486 3754 propter
1516 3683 1690 3737 linem
1727 3683 1873 3738 civi-

211 3763 357 3818 tatis
389 3763 588 3833 hujus,
621 3764 692 3820 de
720 3780 833 3834 qua
867 3764 1036 3819 nobis
1077 3779 1270 3819 sermo
1303 3772 1411 3830 est,
1437 3768 1494 3818 et
1526 3767 1759 3834 propter
1789 3765 1874 3836 ip-

212 3859 344 3899 sam
380 3843 746 3900 dulcedinem
778 3846 941 3916 pacis
971 3860 1099 3916 quis
1143 3843 1423 3901 omnibus
1451 3843 1628 3898 chara
1657 3849 1765 3900 est.

206 3974 458 4059 CAPUT
487 4003 614 4059 xu.
647 4033 718 4044 -
747 4003 896 4072 Quod
939 4002 1110 4059 etiam
1141 4003 1470 4060 bellantium
1495 4003 1717 4061 εκυίιία
1744 4021 1871 4058 om-

281 4099 495 4154 nesque
542 4083 831 4139 hominum
861 4084 1266 4156 inquietudine:
1309 4083 1380 4139 ad
1406 4087 1558 4155 pacis
1587 4085 1754 4154 ﬁnem
1777 4100 1872 4140 cu-

282 4162 451 4298 pitum
492 4167 806 4235 pervenire,
835 4165 956 4220 sine
983 4165 1143 4236 cadus
1187 4164 1436 4236 appetitu
1463 4163 1628 4220 nulla
1671 4171 1875 4222 natura

281 4260 336 4300 δι
369 4284 381 4298 .

288 4383 341 4439 l.
377 4381 539 4449 Quod
574 4383 730 4438 enim
764 4397 991 4438 mecum
1017 4381 1284 4456 quisquis
1317 4398 1407 4438 res
1439 4382 1735 4439 humanas
1767 4399 1875 4438 na-

219 4465 534 4534 turamque
557 4476 930 4518 communem
966 4470 1282 4532 utcumque
1300 4465 1560 4519 intuetur
1589 4463 1874 4534 agnoscit,

219 4542 376 4599 sicut
402 4557 574 4599 nemo
604 4548 693 4599 est
723 4545 814 4613 qui
848 4543 1105 4617 gaudere
1135 4543 1302 4612 nolit,
1331 4543 1417 4598 ita
1454 4559 1624 4599 nemo
1657 4549 1746 4599 est
1775 4543 1875 4616 qui

217 4637 425 4696 pacem
473 4623 684 4680 habere
735 4622 881 4680 nolit
906 4625 948 4680 ².
981 4623 1463 4694 Quandoquidem
1514 4629 1571 4679 et
1615 4624 1728 4694 ipsi
1777 4623 1876 4695 qui

218 4702 376 4760 bella
409 4704 632 4773 volunt,
666 4704 811 4762 nihil
845 4703 1003 4761 aliud
1035 4721 1213 4778 quam
1243 4706 1475 4762 vincere
1503 4706 1712 4762 volunt
1745 4722 1757 4761 :
1792 4707 1864 4761 ad

217 4783 538 4857 gloriosam
583 4801 717 4858 ergo
754 4802 951 4855 pacem
984 4785 1252 4842 bellando
1284 4785 1520 4857 cupiunt
1553 4786 1874 4855 pervenire.

217 4861 366 4920 Nam
391 4865 542 4938 quid
589 4871 680 4921 est
710 4865 868 4922 aliud
917 4865 1178 4934 victoria,
1213 4865 1323 4921 nisi
1373 4866 1655 4936 subjectio
1698 4881 1877 4938 repu-

220 4945 529 5018 gnantium
558 4944 587 5000 ?
619 4946 776 5018 quod
825 4960 958 5002 cum
991 4945 1206 5002 factum
1238 4945 1435 5012 fuerit,
1469 4961 1576 5016 pax
1605 4945 1734 5000 erit.
1768 4947 1873 5002 Pa-

221 5024 304 5080 cis
339 5024 522 5098 igitur
541 5025 864 5082 intentione
892 5028 1175 5098 geruntur
1189 5028 1248 5081 et
1278 5023 1451 5092 bella,
1477 5026 1549 5081 ab
1580 5024 1673 5080 his
1702 5024 1874 5082 etiam

222 5105 318 5175 qui
353 5105 627 5162 virtutem
661 5106 923 5163 bellicam
968 5107 1209 5162 student
1237 5121 1499 5161 exercere
1537 5104 1874 5176 imperando

222 5190 400 5258 atque
431 5187 941 5258 pugnando.Unde
971 5202 1170 5260 pacem
1203 5191 1434 5242 constat
1464 5185 1598 5244 belli
1631 5201 1756 5244 esse
1779 5203 1876 5260 op-

217 5351 220 5358 '
280 5351 305 5412 4
336 5348 422 5412 Er.
447 5349 681 5408 um...
711 5347 1127 5412 ﬁnem.Caeteri
1152 5347 1292 5403 libri.
1321 5349 1480 5412 nm...

286 5411 310 5445 ²
341 5411 426 5460 Er.
456 5413 621 5474 Lugd.
651 5412 778 5462 Ven.
830 5413 904 5462 sic
951 5411 1133 5474 legunt
1161 5412 1304 5460 hunc
1322 5410 1514 5460 locum
1541 5423 1560 5458 :
1590 5410 1743 5466 Quod
1765 5424 1877 5460 me-

219 5487 356 5523 cum
411 5475 642 5539 quiquis
671 5489 761 5523 res
808 5475 1087 5525 humanae
1121 5483 1500 5539 naturamque
1525 5486 1873 5539 omnem

224 5535 541 5612 utcumque—
583 5537 858 5612 intuetur,
915 5537 1179 5612 agnoscit.
1264 5535 1430 5612 Sicut
1491 5535 1658 5584 enim.
1688 5550 1874 5612 {eremo

225 5598 708 5712 :jlguifaudere
737 5602 898 5659 nolit,
930 5601 1009 5651 ita
1043 5614 1199 5650 nemo
1228 5607 1305 5649 est
1331 5599 1431 5661 qui
1454 5613 1650 5660 pacem
1681 5598 1876 5649 habere

331 5676 393 5710 π.

1455 356 1688 420 LIBER
1730 357 2074 425 DECIMUS
2117 363 2404 425 NONUS.

3519 365 3642 430 638

1993 495 2234 552 tabilem
2259 496 2461 553 finem.
2487 497 2692 554 Omnis
2722 497 2875 554 enim
2900 497 3075 554 homo
3103 497 3277 552 etiam
3298 496 3644 569 belligeran-

1991 575 2064 631 do
2097 592 2296 648 pacem
2331 577 2576 649 requirit
2607 594 2621 633 :
2655 594 2826 634 nemo
2858 583 3055 634 autem
3086 577 3302 633 bellum
3337 579 3642 650 pacifican-

1989 657 2082 712 do.
2113 657 2259 712 Nam
2293 663 2350 712 et
2379 658 2464 713 illi
2496 660 2597 730 qui
2630 675 2856 730 pacem,
2881 659 2941 714 in
2971 675 3081 730 qua
3111 662 3270 724 sunt,
3305 659 3636 730 perturbari

1986 736 2208 801 volunt,
2238 755 2352 792 non
2406 755 2603 808 pacem
2649 741 2919 807 oderunt,
2953 741 3046 795 sed
3097 755 3223 794 eam
3256 755 3357 808 pro
3400 739 3640 796 arbitrio

1987 821 2087 874 tuo
2109 819 2358 888 cupiunt
2380 821 2746 876 commutari.
2772 825 2895 876 Non
2930 836 3062 892 ergo
3086 829 3147 876 ut
3173 821 3248 875 sit
3275 837 3385 890 pax
3411 820 3636 888 nolunt,

1987 899 2090 956 sed
2122 904 2183 954 ut
2213 916 2280 955 ea
2311 901 2385 956 sit
2414 917 2589 972 quam
2638 901 2860 958 volunt.
2896 902 3158 974 Denique
3187 901 3296 957 etsi
3344 917 3444 973 per
3474 901 3638 958 sedi-

1992 980 2209 1036 tionem
2259 996 2322 1036 se
2347 982 2418 1036 ab
2450 981 2582 1037 aliis
2615 983 3170 1054 separaverint,cum
3204 981 3289 1037 eis
3318 981 3461 1051 ipsis
3490 998 3638 1038 con-

1987 1059 2228 1131 spiratis
2252 1059 2336 1115 vel
2370 1061 2697 1131 conjuratis
2720 1062 2845 1116 suis
2875 1061 2988 1116 nisi
3021 1060 3510 1132 qualemcumque
3545 1078 3637 1129 pa-

1984 1139 2071 1194 cis
2099 1140 2354 1211 speciem
2387 1144 2646 1208 teneant,
2681 1157 2794 1197 non
2822 1140 3083 1196 efﬁciunt
3113 1141 3267 1213 quod
3299 1139 3634 1199 intendunt.

1985 1218 2234 1276 Proinde
2263 1219 2518 1277 latrones
2549 1223 2682 1291 ipsi,
2713 1227 2775 1278 ut
2801 1222 3206 1278 vehementius
3249 1225 3306 1278 et
3340 1222 3524 1277 tutius
3551 1221 3639 1276 in-

1985 1299 2118 1355 festi
2149 1300 2269 1356 sint
2298 1301 2422 1369 paci
2454 1307 2813 1370 ceterorum,
2837 1318 3038 1373 pacem
3068 1303 3272 1358 volunt
3298 1302 3514 1358 habere
3545 1318 3640 1358 so-

1983 1378 2228 1436 ciorum.
2266 1381 2375 1437 Sed
2409 1383 2518 1436 etsi
2572 1398 2726 1438 unus
2757 1384 2831 1437 sit
2856 1387 2974 1438 tam
3007 1382 3350 1452 praepollens
3393 1381 3636 1450 viribus,

1983 1463 2041 1514 et
2067 1461 2330 1516 conscios
2362 1463 2379 1496 ί
2413 1461 2494 1516 ita
2525 1478 2758 1527 cavens,
2791 1471 2852 1517 ut
2885 1462 3032 1518 nulli
3075 1461 3232 1518 socio
3264 1478 3326 1517 se
3355 1463 3638 1517 commit-

1985 1545 2085 1605 lat,
2118 1539 2402 1612 solusque
2432 1543 2724 1598 insidians
2756 1549 2812 1598 et
2845 1543 3186 1614 praevalens,
3218 1542 3426 1614 quibus
3458 1546 3637 1613 potu-

1982 1621 2094 1676 erit
2140 1622 2431 1691 oppressis
2463 1627 2516 1676 et
2563 1622 2870 1678 exstinctis
2914 1624 3138 1692 praedas
3186 1627 3337 1688 agat,
3372 1638 3503 1677 cum
3552 1621 3636 1677 eis

1983 1705 2136 1756 Certe
2164 1717 2306 1770 quos
2339 1701 2597 1756 occidere
2629 1718 2742 1756 non
2798 1706 3002 1773 potest,
3035 1711 3093 1756 et
3124 1718 3270 1772 quos
3299 1701 3422 1756 vult
3459 1700 3636 1755 latere

1981 1784 2132 1852 quod
2168 1783 2328 1851 facit,
2352 1784 2844 1856 qualemcumque
2873 1785 3144 1840 umbram
3179 1783 3339 1854 pacis
3372 1786 3547 1840 tenet.
3569 1785 3635 1839 In

1981 1863 2155 1919 domo
2177 1869 2374 1920 autem
2406 1881 2513 1921 sua
2543 1881 2676 1920 cum
2701 1882 2876 1922 uxore
2907 1869 3115 1921 etcum
3150 1865 3303 1933 filiis,
3326 1869 3384 1920 et
3417 1865 3464 1918 si
3489 1879 3638 1936 quos

1981 1943 2128 1999 alios
2175 1943 2296 2000 illic
2326 1944 2521 2013 habet,
2554 1945 2747 2001 studet
2798 1947 3050 2016 profecto
3076 1961 3206 2002 esse
3238 1953 3479 2016 pacatus
3507 1961 3521 1999 :
3555 1944 3638 1999 eis

1982 2023 2200 2094 quippe
2229 2026 2296 2078 ad
2332 2029 2539 2079 nutum
2592 2025 3138 2095 obtemperantibus
3169 2025 3297 2080 sine
3325 2025 3504 2080 dubio
3536 2023 3639 2079 de-

1980 2095 2253 2157 lectatur.
2287 2103 2429 2158 Nam
2465 2103 2514 2158 si
2542 2119 2653 2159 non
2688 2104 2810 2164 fiat,
2834 2104 3194 2175 indignatur,
3223 2104 3483 2172 corripit,
3518 2102 3643 2156 vin-

1982 2183 2172 2238 dicat:
2200 2188 2258 2238 et
2279 2185 2490 2240 domus
2514 2201 2632 2240 sua)
2657 2201 2875 2255 pacem,
2901 2185 2950 2240 si
2974 2187 3055 2240 ita
3075 2199 3309 2240 necesse
3331 2185 3428 2250 sit,
3456 2184 3634 2240 etiam

1982 2263 2273 2318 saeviendo
2324 2265 2624 2334 componit
2655 2281 2670 2330 ;
2703 2280 2882 2335 quam
2915 2265 3094 2319 sentit
3139 2279 3266 2319 esse
3294 2280 3411 2319 non
3443 2277 3636 2334 posse,

1983 2341 2096 2398 nisi
2127 2345 2357 2398 cuidam
2411 2344 2716 2415 principio,
2749 2346 2900 2415 quod
2935 2345 3060 2416 ipse
3087 2344 3146 2400 in
3177 2345 3348 2400 domo
3393 2360 3497 2400 sua
3526 2346 3636 2408 est,

1982 2428 2188 2480 caetera
2219 2425 2278 2480 in
2304 2425 2506 2480 eadem
2558 2425 2873 2481 domestica
2905 2424 3179 2481 societate
3209 2425 3472 2496 subjecta
3501 2424 3640 2493 sint,

1985 2505 2235 2577 Ideoque
2273 2507 2324 2562 si
2359 2506 2666 2561 olferretur
2683 2507 2735 2561 ei
2765 2506 3016 2561 servitus
3049 2504 3422 2578 plurium,vel
3445 2504 3639 2560 civita.

1980 2587 2058 2641 tis
2100 2587 2188 2641 vel
2239 2587 2450 2659 geniis,
2483 2587 2565 2642 ita
2597 2591 2664 2642 ut
2709 2590 2794 2642 sic
2824 2585 2875 2642 ei
2925 2590 3228 2651 servirent,
3261 2585 3643 2655 quemadmo-

1983 2668 2125 2722 dum
2160 2667 2271 2723 sibi
2304 2667 2464 2722 domi
2495 2684 2614 2722 sua;
2647 2667 2850 2722 serviri
2882 2666 3140 2735 volebat;
3166 2683 3281 2722 non
3313 2682 3376 2722 se
3395 2665 3520 2736 jam
3552 2665 3638 2720 la-

1980 2752 2211 2804 tronem
2263 2747 2502 2803 latebris
2551 2749 2845 2814 conderet,
2877 2748 2977 2803 sed
3009 2763 3203 2819 regem
3255 2747 3640 2818 conspicuum

1982 2829 2354 2895 sublimaret,
2387 2844 2518 2884 eum
2569 2828 2772 2884 eadem
2807 2828 2869 2884 in
2898 2827 3000 2884 illo
3049 2826 3340 2898 cupiditas
3366 2830 3426 2881 et
3469 2825 3643 2880 mali-

1973 2909 2066 2966 tia
2098 2913 2483 2980 permaneret.
2516 2909 2719 2964 Pacem
2751 2908 2948 2979 itaque
2977 2923 3112 2962 cum
3144 2907 3270 2962 suis
3301 2922 3506 2962 omnes
3521 2903 3641 2976 διι-

1981 2989 2116 3046 bere
2166 2989 2435 3058 cupiunt,
2466 3005 2612 3060 quos
2643 2989 2714 3044 ad
2767 3003 2940 3043 suum
2973 2987 3272 3042 arbitrium
3322 2985 3524 3041 volunt
3552 2985 3640 3040 vi—

1975 3085 2131 3125 vere.
2159 3067 2304 3123 Nam
2336 3074 2544 3124 etcum
2579 3069 2797 3140 quibus
2823 3068 3039 3124 bellum
3071 3071 3304 3140 gerunt,
3328 3082 3466 3122 suos
3493 3067 3646 3121 face-

1976 3164 2063 3209 re,
2092 3148 2142 3204 si
2188 3149 2435 3219 possint,
2481 3149 2705 3217 volunt,
2733 3147 2935 3220 sisque
2985 3147 3271 3218 subjectis
3317 3146 3473 3214 leges
3519 3162 3640 3201 sua:

1980 3229 2144 3302 pacis
2177 3229 2504 3300 imponere.

2054 3313 2108 3364 2.
2131 3309 2245 3364 Sed
2277 3309 2558 3365 faciamus
2585 3309 2862 3381 aliquem,
2889 3310 3121 3381 qualem
3151 3309 3308 3365 canit
3335 3307 3556 3376 poetica
3579 3310 3643 3361 et

1983 3387 2252 3444 fabulosa
2299 3389 2600 3456 narratio;
2646 3406 2818 3459 quem
2871 3391 3128 3456 fortasse,
3173 3392 3408 3459 propter
3453 3389 3640 3455 ipsam

1981 3461 2381 3523 insociabilem
2419 3469 2732 3533 feritatem,
2765 3468 3216 3522 semihomincm
3245 3483 3420 3537 quam
3455 3465 3646 3520 homi-

1983 3565 2118 3604 nem
2152 3548 2344 3602 dicere
2377 3547 2710 3602 maluerunt
2740 3552 2837 3615 (α).
2870 3549 3146 3611 Quamvis
3176 3563 3311 3609 ergo
3343 3546 3519 3614 hujus
3549 3562 3638 3600 ne—

1986 3645 2168 3702 gnum
2199 3629 2336 3683 diraa
2369 3627 2662 3694 speluncae
2694 3629 2866 3683 fuerit
2897 3627 3172 3692 solitudo,
3197 3633 3436 3696 tamque
3468 3625 3488 3659 ²
3520 3641 3642 3680 ma-

1986 3710 2113 3766 litia
2141 3707 2482 3779 singularis,
2518 3717 2576 3762 ut
2603 3724 2670 3764 ex
2701 3707 2811 3763 hac
2837 3709 2889 3761 ei
2925 3723 3134 3763 nomen
3179 3707 3478 3760 inventum
3509 3705 3588 3759 sit
3618 3719 3634 3771 ;

1985 3807 2120 3848 nam
2163 3790 2351 3845 malus
2374 3806 2556 3861 graece
2594 3783 2761 3849 κακός
2792 3788 3026 3855 dicitur,
3059 3787 3210 3858 quod
3260 3785 3356 3842 ille
3395 3784 3641 3840 vocaba-

1982 3875 2127 3927 tur:
2168 3871 2331 3926 nulla
2378 3872 2592 3938 conjux
2637 3871 2688 3923 ei
2741 3869 3019 3923 blandum
3071 3869 3241 3923 ferret
3287 3866 3642 3936 referre-tque

1985 3967 2338 4014 sermonem,
2371 3947 2551 4005 nullis
2601 3949 2742 4004 ﬁliis
2792 3947 2880 4003 vel
2913 3947 3194 4003 alluderet
3245 3943 3519 4017 parvulis,
3551 3943 3641 4000 vel

1985 4030 2417 4104 graudiusculis
2441 4030 2774 4100 imperaret,
2796 4027 2957 4084 nullo
2989 4026 3157 4083 amici
3179 4024 3470 4096 colloquio
3493 4025 3642 4080 frue-

1984 4120 2168 4180 retur,
2199 4127 2302 4168 nec
2329 4111 2576 4167 Vulcani
2611 4111 2809 4183 patris,
2837 4127 2950 4181 quo
2980 4109 3068 4164 vel
3099 4108 3236 4163 hinc
3257 4111 3487 4163 tantum
3522 4122 3635 4161 non

1984 4209 2191 4267 parum
2242 4192 2463 4248 felicior
2492 4192 2622 4258 fuit,
2655 4191 2794 4263 quia
2824 4194 2938 4244 tale
2988 4193 3314 4245 monstrum
3367 4186 3492 4258 ipse
3520 4203 3637 4241 non

1985 4273 2226 4347 genuit:
2252 4271 2400 4329 nihil
2431 4273 2706 4344 cuiquam
2730 4273 2917 4340 daret,
2939 4276 3036 4326 sed
3055 4287 3086 4324 a
3103 4285 3220 4341 quo
3254 4274 3442 4338 posset
3473 4267 3637 4338 quid-

1985 4357 2126 4430 quid
2153 4355 2342 4423 vellet,
2374 4359 2433 4409 et
2463 4354 2696 4430 quando
2748 4355 2962 4423 posset,
2996 4355 3051 4430 et
3093 4355 3380 4430 quantum
3423 4347 3591 4430 vellet
3619 4347 3642 4382 ⁸

1980 4421 2233 4484 auferret
2268 4442 2281 4483 :
2318 4421 2508 4482 tamen
2536 4426 2596 4480 in
2628 4421 2760 4496 ipsa
2791 4439 2897 4479 sua
2925 4421 3210 4493 spelunca
3239 4421 3518 4486 solitaria,
3539 4435 3638 4476 cu-

1981 4509 2102 4581 jus,
2141 4513 2208 4562 ut
2253 4506 2624 4569 describitur,
2670 4521 2903 4576 semper
2950 4502 3166 4558 recenti
3216 4502 3371 4556 caede
3413 4499 3644 4568 tepebat

1981 4591 2205 4646 humus
2247 4589 2469 4660 (Virgil.
2504 4587 2721 4644 Aineid.
2756 4588 2853 4642 lib.
2886 4585 2940 4654 8,
2972 4601 3111 4640 vers.
3148 4585 3268 4651 195,
3299 4583 3443 4653 196),
3493 4583 3639 4639 nihil

1983 4669 2144 4726 aliud
2177 4684 2353 4740 quam
2381 4683 2580 4738 pacem
2612 4667 2861 4732 volebat,
2885 4664 2945 4720 in
2977 4681 3094 4736 qua
3127 4679 3296 4719 nemo
3320 4663 3400 4716 illi
3432 4662 3642 4718 moles-

1977 4753 2082 4806 tus
2111 4753 2284 4818 esset,
2315 4765 2419 4805 nee
2446 4750 2573 4816 ejus
2602 4748 2855 4819 quietem
2886 4746 2974 4800 vis
3015 4743 3195 4799 ullius
3225 4750 3481 4797 terrorve
3512 4745 3636 4795 tur-

1983 4828 2167 4886 baret.
2204 4830 2346 4886 Cum
2378 4843 2615 4899 corpore
2647 4843 2754 4882 suo
2785 4824 3032 4894 denique
3064 4837 3262 4892 pacem
3295 4819 3509 4874 habere
3535 4835 3638 4872 cu-

1986 4909 2182 4980 piebat
2204 4926 2218 4966 :
2243 4915 2300 4968 et
2327 4913 2611 4980 quantum
2645 4904 2912 4967 habebat,
2932 4905 3166 4956 tantum
3197 4899 3282 4954 illi
3314 4899 3460 4953 bene
3489 4901 3635 4954 erat.

2050 5160 2064 5194 ⁸
2100 5156 2226 5207 Sola
2269 5153 2433 5206 editio
2472 5153 2620 5215 Lov.,
2660 5147 2954 5201 consociat.
3006 5171 3070 5186 --
3115 5145 3202 5198 Sic
3248 5144 3398 5196 codd.
3441 5141 3543 5194 ’258
3581 5144 3638 5194 et

2049 5283 2071 5318 ³
2097 5281 2452 5344 ΡΙυιῸεΜδδ..
2488 5286 2835 5344 tanquam.__
3038 5335 3048 5344 _
3230 5341 3238 5344 Α

2049 5347 2072 5382 ³
2101 5343 2351 5395 Nonnulli
2379 5332 2524 5396 mss..
2556 5332 2698 5403 quae
2721 5338 2890 5403 pellet
2912 5353 2928 5392 ;
2947 5335 3160 5403 omisso,
3192 5332 3412 5403 et.‘_Alii.
3437 5346 3635 5403 quem;

1983 5408 2090 5461 vel.
2123 5421 2316 5470 quum,
2347 5407 2435 5455 vel
2467 5396 2594 5454 cum
2618 5401 2820 5451 vellet.-
2865 5399 3049 5470 paucis
3098 5397 3349 5462 exceptis.
3379 5396 3473 5460 qui
3515 5408 3636 5447 cum

1983 5413 2316 5484 vel._quum,
2347 5413 2435 5455 vel
2467 5418 2594 5454 cum
2618 5413 2820 5451 vellet:
2865 5413 3049 5510 paucis
3098 5413 3349 5462 tempus.
3379 5413 3473 5460 qui
3515 5413 3572 5447 cu

1980 5473 2142 5522 aditis
2161 5469 2470 5534 habent,”
2501 5474 2773 5534 q_u_au_tu.m
2808 5463 2984 5534 velet.
3095 5523 3152 5534 η
3223 5521 3255 5534 η
3330 5521 3365 5534 ﬂ
3418 5520 3487 5534 Α,
3539 5521 3572 5534 ν

1985 5594 2016 5644 8
2047 5537 2124 5594 (α)
2155 5521 2611 5643 Siegnzigigatur'hic
2638 5527 2822 5586 Cacus,
2851 5527 2915 5575 de
2960 5538 3066 5587 quo
3095 5521 3276 5584 Virgil.
3310 5521 3509 5573 Ennii.
3526 5521 3633 5573 lib.

2022 5634 2036 5644 .
2072 5611 2124 5644 v.
2254 5621 2268 5628 -
2373 5631 2384 5642 .

2020 5634 2036 5659 ,
2072 5611 2124 5647 v.
2159 5611 2303 5643 ηοω
2315 5611 2384 5642 ω.

2131 1 3698 29 W
