4110 6196
427 266 547 329 639

432 399 909 472 Quandoquidem
943 395 1223 452 membris
1254 396 1793 466 obtemperantibus
1824 395 2079 463 impera—

431 482 533 537 bat
557 502 570 549 ;
595 488 648 535 et
680 486 743 533 ut
764 494 930 533 suam
966 477 1370 532 mortalitatem
1405 478 1710 531 adversum
1746 492 1807 531 se
1836 491 1903 529 ex
1932 474 2081 529 indi-

431 563 627 633 gentia
671 559 1070 616 rebellantem,
1103 574 1167 611 ac
1199 557 1542 612 seditionem
1590 556 1757 611 famis
1786 556 1857 611 ad
1889 555 2079 609 disse-

430 641 695 696 ciandam
748 644 924 709 atque
970 637 1391 693 excludendam
1424 638 1495 692 de
1542 652 1777 706 corpore
1818 635 2077 690 animam

430 722 842 784 concitantem,
897 726 1113 788 quanta
1164 723 1359 787 posset
1408 716 1778 772 festinatione
1827 721 2076 784 pacaret,

430 802 709 872 rapiebat,
735 800 999 866 necabat,
1033 800 1265 853 vorabat
1291 815 1305 865 ;
1330 806 1382 852 et
1412 797 1681 867 quamvis
1706 794 1981 849 immanis
2012 810 2077 848 ac

431 884 608 947 ferus,
634 880 759 949 paci
790 885 985 934 tamen
1018 896 1140 933 sua:
1170 879 1297 932 vitae
1329 894 1394 933 ac
1426 878 1633 932 salutis
1668 876 1998 931 immaniter
2023 878 2079 929 et

430 964 696 1019 ferociter
744 960 1128 1016 consulebat:
1164 977 1228 1015 ac
1280 976 1376 1030 per
1408 960 1515 1014 hoc
1546 960 1595 1013 si
1643 974 1863 1029 pacem,
1899 973 2077 1028 quam

426 1044 485 1098 in
520 1059 619 1098 sua
657 1043 935 1113 spelunca
966 1051 1136 1111 atque
1165 1041 1224 1094 in
1256 1056 1317 1095 se
1349 1042 1473 1109 ipso
1523 1040 1736 1095 habere
1768 1039 1905 1093 satis
1939 1053 2079 1109 age-

424 1124 525 1179 bat
560 1128 600 1189 1,
624 1140 752 1178 cum
778 1122 908 1177 aliis
938 1124 1114 1177 etiam
1140 1121 1351 1175 habere
1381 1119 1574 1185 vellet,
1603 1137 1708 1174 nec
1740 1120 1949 1184 malus,
1975 1134 2081 1173 nec

428 1208 780 1269 monstrum,
814 1217 918 1257 nec
966 1201 1289 1256 semihomo
1338 1205 1660 1256 vocaretur.
1696 1203 1807 1253 Aut
1859 1200 1908 1254 si
1952 1199 2080 1266 ejus

424 1285 685 1355 corporis
738 1283 939 1346 forma,
973 1287 1029 1336 et
1058 1291 1306 1336 atrorum
1354 1282 1577 1351 ignium
1612 1280 1868 1335 vomitus
1912 1278 1983 1333 ab
2013 1294 2079 1333 eo

429 1364 757 1418 deterrebat
789 1362 1085 1417 hominem
1114 1363 1440 1416 societatem
1468 1377 1481 1426 ;
1509 1364 1650 1415 torte
1685 1376 1795 1413 non
1832 1358 2077 1413 nocendi

429 1444 771 1514 cupiditate,
796 1444 892 1499 sed
927 1442 1151 1496 vivendi
1177 1442 1520 1497 necessitate
1544 1440 1837 1494 saeviebat.
1860 1438 2075 1492 Verum

426 1524 534 1579 iste
583 1541 696 1579 non
748 1525 937 1590 fuerit,
984 1523 1095 1589 vel,
1128 1524 1278 1590 quod
1332 1524 1514 1592 magis
1564 1521 1913 1574 credendum
1965 1526 2078 1585 est,

426 1604 561 1658 talis
586 1620 698 1658 non
723 1604 914 1667 fuerit,
938 1604 1130 1673 qualis
1162 1604 1414 1657 vanitate
1438 1604 1661 1672 poetica
1684 1602 2076 1659 describitur:

426 1684 539 1741 nisi
568 1684 722 1738 enim
757 1684 934 1739 nimis
963 1690 1338 1739 accusaretur
1377 1686 1581 1747 Cacus,
1617 1699 1818 1752 parum
1856 1682 2077 1738 Hercu-

426 1766 511 1822 les
548 1764 907 1820 laudaretur.
942 1763 1100 1820 Talis
1145 1780 1280 1835 ergo
1332 1765 1521 1831 homo,
1556 1764 1675 1819 sive
1724 1764 2075 1825 semihomo,

428 1845 661 1913 melius,
689 1854 747 1899 ut
782 1845 921 1911 dixi,
946 1844 1200 1899 creditur
1224 1861 1333 1898 non
1365 1844 1557 1910 fuisse,
1583 1844 1736 1897 sicut
1767 1843 1948 1897 multa
1970 1844 2076 1915 ﬁg-

426 1930 624 1980 menta
654 1928 980 1993 poetarum.
1016 1926 1157 1991 Ipsae
1186 1924 1341 1978 enim
1376 1924 1708 1978 saevissimae
1740 1923 1890 1989 ferte,
1925 1926 2079 1979 unde

427 2003 525 2057 ille
560 2010 777 2073 partem
804 2003 1000 2057 habuit
1023 2004 1267 2057 feritatis
1290 2004 1445 2073 (nam
1474 2008 1530 2057 et
1553 2002 1862 2057 semiferus
1886 2003 2077 2058 dictus

428 2086 539 2153 est)
572 2082 820 2153 (νὺ-αὕη
852 2083 1067 2138 ΑΞηεὶά.
1104 2084 1199 2137 lib.
1227 2083 1282 2149 8,
1315 2100 1365 2139 v.
1399 2084 1543 2149 267),
1565 2098 1750 2153 genus
1782 2084 2077 2153 proprium

426 2164 681 2233 quadam
716 2180 852 2234 pace
878 2162 1501 2230 custodiunt,coeundo
1524 2163 2076 2233 gignendo,parien-

430 2241 526 2307 do,
551 2242 700 2297 fetus
736 2244 978 2297 fovendo
1009 2248 1184 2313 atque
1216 2243 1548 2309 nutriendo,
1571 2258 1704 2297 cum
1728 2243 1849 2297 sint
1882 2242 2076 2313 pleras-

433 2341 547 2395 que
575 2325 946 2380 insociabiles
989 2330 1045 2380 et
1075 2324 1336 2395 solivaga
1370 2343 1383 2380 :
1418 2342 1530 2380 non
1582 2324 1800 2379 scilicet
1830 2330 1894 2378 ut
1922 2340 2076 2395 oves,

431 2406 603 2474 cervi,
635 2404 940 2471 columbas,
988 2406 1196 2472 sturni,
1228 2422 1367 2475 apes
1397 2425 1411 2473 ;
1447 2407 1541 2460 sed
1591 2410 1654 2460 ut
1701 2404 1921 2473 leones,
1955 2406 2077 2461 vul-

433 2501 553 2557 pes,
577 2486 803 2556 aquilaa,
830 2490 1070 2542 noctuis.
1095 2488 1228 2551 Quae
1259 2486 1414 2541 enim
1447 2486 1612 2557 tigris
1642 2500 1757 2541 non
1791 2484 1927 2540 filiis
1957 2488 2080 2543 suis

431 2568 589 2623 mitis
636 2568 1072 2636 immurmurat,
1106 2573 1162 2623 et
1213 2573 1414 2637 pacata
1455 2568 1677 2625 feritate
1726 2568 2023 2624 blanditur
2051 2569 2079 2624 ?

429 2648 560 2719 quis
609 2647 841 2711 milvus,
876 2647 1308 2718 quantumlibet
1356 2647 1649 2703 solitarius
1698 2649 1919 2719 rapinis
1968 2650 2076 2704 cir-

432 2727 742 2793 cumvolet,
782 2744 897 2783 non
949 2728 1280 2799 conjugium
1321 2729 1579 2799 copulat,
1611 2729 1817 2783 nidum
1867 2744 2078 2801 conge-

426 2806 646 2874 rit.ova
677 2808 959 2873 confovet,
995 2808 1183 2879 pullos
1214 2808 1339 2874 alit,
1363 2814 1419 2863 et
1450 2809 1618 2879 quasi
1652 2825 1786 2863 cum
1820 2825 1926 2863 sua
1958 2826 2079 2863 ma-

424 2886 768 2943 trefamilias
811 2886 1144 2945 societatem
1194 2890 1571 2945 domesticam
1621 2896 1839 2959 quanta
1888 2892 2077 2960 potest

426 2983 567 3039 pace
614 2974 918 3024 conservat
947 2970 975 3024 Ἰ
1003 2971 1229 3034 Quanto
1281 2969 1469 3038 magis
1499 2968 1675 3024 homo
1726 2969 1905 3023 fertur
1934 2986 2075 3040 quo-

424 3048 736 3104 dammodo
758 3053 976 3104 naturas
1010 3065 1126 3103 suas
1149 3048 1379 3117 legibus
1401 3050 1470 3103 ad
1497 3048 1813 3104 ineundam
1838 3050 2076 3105 societa-

421 3132 535 3184 tem
571 3144 886 3199 pacemque
936 3144 1070 3181 cum
1123 3126 1481 3193 hominibus,
1516 3132 1815 3198 quamtum
1857 3130 1915 3183 in
1946 3130 2073 3199 ipso

417 3213 523 3276 est,
575 3208 850 3263 omnibus
900 3207 1319 3262 obtinendam:
1371 3224 1505 3263 cum
1555 3209 1732 3264 etiam
1784 3210 1921 3264 mali
1971 3227 2072 3281 pro

420 3305 562 3361 pace
588 3303 829 3342 suorum
863 3286 1220 3359 belligerant,
1246 3303 1580 3357 omnesque,
1605 3289 1652 3343 si
1680 3290 2073 3360 possint,suos

419 3370 605 3424 facere
640 3367 839 3435 velint,
871 3374 937 3423 ut
984 3369 1083 3423 uni
1116 3368 1309 3423 cuncti
1347 3373 1406 3422 et
1437 3375 1645 3423 cuncta
1692 3370 2023 3425 deserviant
2052 3384 2068 3433 ;

419 3466 534 3521 quo
582 3454 769 3520 pacto,
802 3448 914 3503 nisi
965 3448 1023 3503 in
1065 3449 1191 3518 ejus
1244 3464 1441 3518 pacem
1475 3449 1517 3517 ³,
1545 3448 1631 3504 vel
1681 3451 1951 3518 amando,
1985 3449 2070 3505 vel

419 3531 677 3585 timendo
718 3530 1142 3585 consentiant?
1171 3530 1265 3585 Sic
1308 3530 1463 3584 enim
1495 3531 1765 3599 superbia
1809 3547 2072 3599 perverse

416 3611 682 3665 imitatur
729 3612 930 3665 Deum.
966 3610 1096 3666 Odit
1125 3626 1371 3679 namque
1402 3625 1535 3664 cum
1569 3612 1745 3666 sociis
1777 3610 2070 3681 equalita-

420 3692 537 3743 tem
572 3691 679 3742 sub
713 3688 808 3743 illo
843 3704 857 3742 :
892 3689 990 3742 sed
1034 3690 1335 3758 imponere
1363 3688 1487 3743 vult
1516 3689 1689 3744 sociis
1719 3689 2067 3744 dominatio-

421 3784 551 3824 nem
586 3785 754 3825 suam
788 3785 891 3840 pro
925 3768 1045 3825 illo.
1069 3768 1203 3823 Odit
1233 3784 1365 3838 ergo
1390 3772 1614 3838 justam
1648 3785 1849 3839 pacem
1885 3770 1983 3824 Dei
2014 3774 2071 3826 et

419 3853 576 3904 amat
602 3849 862 3921 iniquam
890 3864 1089 3918 pacem
1120 3864 1289 3903 suam
1316 3865 1331 3903 :
1357 3865 1470 3903 non
1499 3865 1696 3903 amare
1719 3855 1912 3903 tamen
1936 3866 2069 3920 qua-

419 3927 791 3999 lemcumque
814 3944 1013 3999 pacem
1039 3928 1197 3983 nullo
1223 3929 1390 3984 modo
1409 3933 1618 3999 potest.
1639 3928 1878 3983 Nullum
1905 3931 2069 4000 quip-

420 4025 490 4081 pe
520 4010 720 4065 vitium
755 4010 834 4063 ita
864 4013 1067 4063 contra
1097 4016 1368 4063 naturam
1400 4014 1508 4077 est,
1534 4014 1599 4065 ut
1630 4014 1845 4064 natura:
1878 4009 2067 4065 deleat

419 4090 595 4145 etiam
628 4094 883 4144 extrema
914 4088 1177 4159 vestigia.

490 4170 542 4225 3.
568 4170 766 4239 Itaque
790 4185 988 4239 pacem
1011 4168 1341 4240 iniquorum
1368 4168 1425 4223 in
1450 4169 1613 4240 pacia
1633 4170 2066 4245 comparatione

412 4250 698 4319 justorum
729 4248 826 4302 ille
858 4248 1030 4315 videt,
1064 4264 1167 4302 nec
1202 4263 1400 4318 pacem
1448 4265 1574 4305 esse
1604 4245 1928 4316 dicendam,
1963 4251 2063 4319 qui

418 4330 579 4382 novit
610 4344 940 4398 praeponere
972 4332 1125 4382 recta
1153 4328 1343 4399 pravis
1366 4336 1423 4384 et
1453 4329 1722 4385 ordinata
1756 4332 2062 4398 perversis.

418 4408 579 4471 Quod
614 4414 805 4459 autem
856 4422 1191 4476 perversum
1224 4414 1329 4477 est,
1360 4410 1466 4465 hoc
1499 4410 1671 4465 etiam
1705 4424 1940 4465 necesse
1973 4415 2063 4465 est

417 4490 484 4541 ut
513 4485 568 4539 in
600 4485 798 4556 aliqua
818 4491 876 4541 et
904 4502 972 4542 ex
994 4486 1189 4559 aliqua
1211 4497 1265 4545 et
1294 4505 1425 4545 cum
1450 4492 1641 4561 aliqua
1668 4506 1862 4545 rerum
1898 4496 2062 4561 parte

412 4570 685 4637 pacatum
718 4567 809 4632 sit,
844 4566 903 4621 in
935 4568 1147 4638 quibus
1178 4573 1286 4633 est,
1318 4568 1399 4623 vel
1434 4586 1501 4623 ex
1534 4570 1750 4638 quibus
1782 4574 2011 4625 constat
2040 4588 2056 4637 ;

412 4647 670 4720 alioquin
700 4646 842 4703 nihil
874 4653 1026 4704 esset
1050 4650 1309 4704 omnino.
1348 4648 1512 4704 Velut
1542 4649 1591 4702 si
1625 4648 1936 4719 quisquam
1968 4665 2062 4704 ca-

411 4729 529 4802 pite
577 4730 846 4786 deorsum
893 4732 1159 4802 pendeat,
1191 4745 1495 4800 perversus
1540 4737 1626 4784 est
1663 4730 1865 4799 utique
1909 4730 2057 4786 situs

410 4811 670 4883 corporis
700 4816 754 4867 et
784 4812 925 4867 ordo
959 4813 1355 4867 membrorum
1392 4829 1405 4877 ;
1440 4810 1578 4880 quia
1608 4810 1663 4864 id
1698 4812 1846 4880 quod
1882 4811 2055 4864 desu-

408 4906 508 4961 per
537 4907 663 4947 esse
709 4896 921 4948 natura
969 4891 1245 4961 postulat,
1279 4890 1480 4945 subter
1527 4894 1634 4954 est,
1667 4895 1723 4945 et
1752 4890 1907 4960 quod
1958 4889 2059 4945 illa

408 4972 608 5027 subter
654 4974 779 5027 vult
824 4987 974 5039 esse,
1007 4972 1258 5042 desuper
1310 4972 1526 5027 factum
1577 4976 1707 5038 est;
1742 4970 2055 5025 conturba-

403 5051 488 5106 vit
518 5053 539 5085 ³
568 5051 764 5108 carnis
795 5066 993 5122 pacem
1024 5050 1136 5106 ista
1171 5051 1533 5119 perversitas,
1565 5057 1623 5106 et
1653 5052 1779 5107 ideo
1812 5057 1902 5107 est
1932 5066 2057 5105 mo-

406 5132 555 5189 lesta
589 5148 601 5186 :
636 5136 1033 5187 verumtamen
1064 5131 1262 5186 anima
1293 5132 1517 5203 corpori
1552 5148 1655 5186 suo
1701 5137 1906 5203 pacata
1944 5138 2053 5196 est,

471 5338 489 5401 ξ
522 5336 606 5401 Sic
634 5336 999 5401 manuscripti.
1032 5336 1169 5401 Editl
1198 5349 1341 5395 vero,
1372 5337 1669 5401 satagebat.

471 5400 678 5475 2.E‘diti,
712 5400 908 5448 nisiut
938 5399 999 5446 in
1047 5398 1171 5458 ejus
1213 5415 1421 5460 pacem.
1465 5398 1643 5455 Abest.
1683 5409 1764 5461 ut,
1809 5412 1841 5449 a
1868 5413 2054 5449 mann-

411 5464 759 5575 ωῗῐὲἶῖωεε.
792 5524 930 5576 Editi
958 5537 1105 5582 vero.
1134 5524 1499 5577 conturbabit.

1485 264 1588 323 DE
1631 260 1991 325 CIVITA'I‘E
2035 259 2192 331 DEI,
2239 260 2303 320 S.
2351 264 2783 328 AUGUSTINI

3722 271 3859 334 640

2186 397 2243 448 et
2275 412 2376 465 pro
2426 398 2553 467 ejus
2581 399 2766 455 salute
2810 402 3043 471 satagit,
3078 406 3134 457 et
3182 402 3310 458 ideo
3340 407 3429 458 est
3471 404 3573 476 qui
3606 403 3797 460 doleat

2188 492 2312 546 quae
2345 476 2391 529 si
2423 478 2703 535 molestiis
2751 482 2879 550 ejus
2911 482 3145 537 exclusa
3195 482 3548 552 discesserit,
3583 486 3845 555 quandiu

2185 556 2580 612 membrorum
2615 570 2804 615 manet
2836 578 3140 631 compago,
3175 579 3289 618 non
3317 570 3405 618 est
3430 564 3559 618 sine
3592 568 3842 635 quadam

2187 636 2433 717 partium
2471 654 2607 707 pace
2648 643 2800 711 quod
2834 648 3113 711 remanet,
3148 648 3201 697 et
3237 644 3364 698 ideo
3394 644 3588 699 adhuc
3620 653 3707 700 est
3738 647 3843 717 qui

2187 714 2455 782 pendeat.
2488 717 2555 769 Et
2586 720 2737 788 quod
2770 724 3064 773 terrenum
3116 736 3329 791 corpus
3359 722 3418 775 in
3462 731 3671 777 terram
3706 714 3844 779 niti-

2185 797 2301 858 tur,
2325 800 2381 847 et
2408 795 2637 851 vinculo
2660 814 2776 868 quo
2809 814 3160 869 suspensum
3193 807 3281 855 est
3308 802 3602 866 renititur,
3630 803 3685 856 in
3719 820 3840 857 sue

2186 873 2345 943 pacis
2366 876 2629 930 ordinem
2667 879 2872 947 tendit,
2896 884 2952 934 et
2982 878 3175 935 locum
3199 896 3315 951 quo
3348 883 3671 951 requiescat
3692 900 3843 953 quo-

2184 956 2491 1012 dammodo
2539 961 2810 1028 ponderis
2860 977 2996 1017 voce
3046 963 3254 1032 poscit,
3278 964 3525 1034 jamque
3572 966 3842 1020 examine

2182 1052 2246 1090 ac
2279 1037 2405 1091 sine
2438 1037 2555 1093 ullo
2597 1056 2793 1105 sensu,
2827 1058 2861 1096 a
2889 1058 3027 1111 pace
3057 1050 3242 1099 tamen
3277 1044 3525 1098 naturali
3558 1046 3653 1099 sui
3684 1045 3849 1100 ordi-

2184 1116 2275 1170 nis
2309 1132 2422 1172 non
2457 1120 2692 1185 recedit,
2726 1121 2811 1176 vel
2838 1138 2971 1176 cum
3009 1130 3158 1177 tenet
3189 1138 3340 1187 eam,
3371 1123 3459 1178 vel
3492 1140 3626 1179 cum
3662 1126 3845 1180 fertur

2183 1196 2253 1250 ad
2287 1213 2434 1251 eam.
2468 1198 2527 1253 Si
2562 1201 2718 1255 enim
2753 1202 3146 1257 adhibeantur
3188 1205 3629 1274 medicamenta,
3660 1210 3843 1276 atque

2184 1278 2431 1343 curatio,
2465 1294 2594 1348 qua:
2626 1281 2873 1335 formam
2925 1281 3223 1337 cadaveris
3267 1282 3504 1338 dissolvi
3540 1283 3843 1356 dilabique

2186 1372 2299 1411 non
2349 1359 2502 1413 sinat
2549 1363 2589 1426 ί,
2625 1362 2814 1417 adhuc
2865 1379 2972 1431 pax
3022 1365 3288 1432 quaedam
3340 1374 3530 1435 partes
3577 1366 3844 1436 partibus

2176 1438 2375 1508 jungit
2406 1444 2707 1510 totamque
2741 1442 2949 1497 molem
3000 1442 3254 1513 applicat
3284 1449 3511 1499 terreno
3542 1451 3601 1500 et
3630 1462 3849 1501 conve-

2185 1516 2461 1584 nienti,ac
2494 1535 2595 1589 per
2628 1520 2731 1574 hoc
2763 1520 2887 1575 loco
2924 1532 3143 1590 pacato.
3179 1523 3238 1577 Si
3268 1529 3459 1578 autem
3486 1523 3649 1579 nulla
3678 1524 3850 1579 adhi-

2184 1596 2389 1651 beatur
2419 1614 2559 1653 cura
2599 1600 2910 1655 condiendi
2944 1602 2985 1667 ε,
3020 1604 3117 1657 sed
3151 1604 3402 1658 naturali
3433 1606 3628 1659 cursui
3666 1605 3841 1659 relin-

2184 1684 2417 1748 quatur,
2471 1682 2695 1735 tamdiu
2745 1682 2914 1752 quasi
2976 1683 3370 1738 tumultuatur
3418 1684 3841 1740 dissidentibus

2183 1759 2635 1815 exaltationibus
2678 1766 2734 1815 et
2764 1768 2960 1817 nostro
3010 1764 3554 1819 inconvenientibus
3586 1766 3789 1821 sensui
3824 1780 3842 1821 :

2182 1838 2238 1893 id
2271 1839 2425 1893 enim
2460 1846 2548 1894 est
2578 1842 2729 1910 quod
2770 1842 2825 1895 in
2877 1848 3084 1913 putore
3114 1844 3384 1912 sentitur,
3416 1845 3602 1901 donec
3638 1845 3842 1900 mundi

2184 1918 2489 1973 conveniat
2527 1922 2851 1989 elementis,
2886 1927 2941 1976 et
2973 1923 3029 1976 in
3063 1938 3261 1976 eorum
3298 1939 3493 1993 pacem
3529 1924 3845 1995 particula-

2183 1998 2292 2052 tim
2327 1999 2722 2071 paulatimque
2761 2003 3040 2058 discedat.
3071 2002 3240 2057 Nullo
3275 2005 3447 2059 modo
3482 2013 3675 2059 tamen
3709 2005 3845 2059 inde

2185 2078 2406 2149 aliquid
2439 2080 2667 2150 legibus
2699 2082 2917 2136 summi
2943 2082 3103 2137 illius
3132 2083 3421 2139 Creatoris
3442 2084 3846 2141 Ordinatoris-

2184 2176 2294 2231 que
2316 2160 2696 2230 subtrahitur,
2720 2180 2753 2217 a
2776 2179 2887 2234 quo
2914 2181 3024 2233 pax
3049 2165 3442 2219 universitatis
3464 2166 3845 2222 administra-

2185 2247 2280 2296 tur
2296 2257 2308 2297 :
2324 2245 2463 2313 quia
2484 2245 2589 2298 etsi
2616 2245 2686 2298 de
2706 2246 2984 2300 cadavere
3006 2246 3247 2316 majoris
3268 2246 3585 2301 animantis
3608 2246 3839 2301 anima-

2187 2321 2259 2376 lia
2289 2324 2511 2378 minuta
2542 2330 2877 2392 nascantur,
2898 2326 3101 2379 eadem
3124 2325 3250 2397 lege
3283 2325 3574 2381 Creatoris
3595 2343 3843 2399 quisque

2186 2404 2533 2471 corpuscula
2564 2406 2620 2459 in
2654 2405 2861 2460 salutis
2887 2421 3025 2475 pace
3049 2405 3170 2460 suis
3200 2406 3478 2462 animulis
3498 2408 3519 2441 ³
3541 2408 3842 2462 serviunt:

2185 2483 2297 2538 etsi
2327 2488 2689 2539 mortuorum
2710 2500 2911 2540 carnes
2933 2486 3003 2541 ab
3028 2485 3159 2540 aliis
3182 2487 3542 2543 animalibus
3565 2491 3842 2543 devoren-

2186 2567 2303 2631 tur,
2335 2566 2561 2619 easdem
2611 2564 2765 2635 leges
2797 2581 2897 2635 per
2928 2571 3137 2621 cuncta
3186 2567 3430 2623 diffusas
3460 2569 3532 2623 ad
3588 2567 3840 2623 salutem

2187 2644 2415 2714 generis
2444 2647 2732 2716 cujusque
2762 2646 3117 2714 mortalium,
3142 2663 3405 2719 congrua
3435 2652 3714 2720 congruis
3744 2665 3845 2719 pa-

2187 2725 2504 2794 ciﬁcantes,
2537 2742 3005 2798 quaquaversum
3058 2727 3382 2797 trahantur,
3415 2733 3471 2783 et
3501 2731 3679 2785 rebus
3710 2728 3846 2799 qui-

2187 2804 2549 2878 buscumque
2589 2807 2934 2878 jungantur,
2965 2814 3019 2863 et
3049 2808 3107 2863 in
3142 2824 3233 2864 res
3264 2808 3545 2879 quaslibet
3596 2823 3846 2864 conver-

2186 2888 2387 2940 tantur
2411 2891 2475 2940 et
2496 2902 2685 2943 comm
2699 2893 2951 2955 utentur,
2985 2888 3315 2944 inveniunt.

2183 3072 2414 3129 CAPUT
2444 3074 2598 3129 XIII.
2631 3105 2701 3116 —
2725 3075 2797 3129 De
2825 3090 2955 3145 pace
2983 3075 3306 3143 universali,
3339 3090 3457 3146 qua
3487 3076 3636 3130 inter
3666 3092 3845 3147 qua:-

2254 3156 2384 3210 libet
2402 3156 2839 3226 perturbatione:
2862 3156 3078 3227 privari
3118 3172 3225 3211 non
3254 3162 3429 3226 potest
3451 3157 3567 3225 lege
3596 3164 3843 3220 naturae,

2252 3236 2380 3291 dum
2406 3236 2507 3291 sub
2528 3238 2679 3307 justo
2693 3237 2881 3305 judice
2909 3239 2980 3292 ad
3003 3237 3058 3292 id
3088 3239 3314 3309 quisque
3329 3238 3586 3310 pervenit
3606 3238 3843 3294 ordina-

2253 3314 2421 3383 tione,
2455 3316 2595 3386 quod
2625 3318 2831 3372 meruit
2863 3318 3163 3373 voluntate.

2257 3470 2305 3521 1.
2344 3468 2453 3523 Pax
2486 3468 2681 3539 itaque
2711 3468 2986 3537 corporis,
3020 3473 3107 3524 est
3136 3468 3403 3524 ordinata
3443 3473 3841 3539 temperatura

2182 3550 2574 3619 partium.Pax
2595 3550 2801 3604 animas
2827 3550 3471 3617 irrationalis,ordinata
3489 3550 3723 3619 requies
3742 3566 3842 3621 ap-

2182 3631 2670 3699 petitionum.Pax
2696 3630 2902 3685 animas
2925 3631 3246 3697 rationalis,
3272 3630 3538 3685 ordinata
3558 3629 3841 3702 cognitio-

2182 3710 2271 3763 nis
2294 3708 2697 3778 actitionisque
2726 3711 3055 3765 consensio.
3082 3709 3197 3764 Pax
3227 3708 3481 3777 corporis
3513 3715 3569 3763 et
3601 3710 3831 3774 anime,

2179 3789 2444 3843 ordinata
2465 3788 2578 3841 vita
2599 3794 2655 3844 et
2672 3789 2833 3844 salus
2856 3788 3315 3843 animantis.Pax
3337 3787 3597 3843 hominis
3619 3795 3834 3842 morta-

2179 3868 2251 3924 lis
2281 3873 2338 3923 et
2362 3867 2458 3923 Dei
2483 3868 2794 3935 ‘,ordinata
2816 3870 2874 3927 in
2901 3870 3014 3923 fide
3037 3870 3141 3924 sub
3160 3873 3375 3923 aeterna
3400 3868 3525 3939 lege
3547 3868 3840 3924 obedien-

2178 3949 2275 4005 tia.
2302 3949 2416 4003 Pax
2449 3949 2775 4018 hominum,
2802 3952 3065 4003 ordinata
3090 3948 3420 4004 concordia.
3449 3954 3562 4003 Pax
3599 3949 3834 4015 domus,

2177 4030 2446 4087 ordinata
2470 4033 2545 4084 im
2559 4031 2788 4097 perandi
2813 4035 2986 4101 atque
3007 4030 3312 4084 obediendi
3332 4028 3647 4084 concordia
3664 4028 3838 4083 coha-

2178 4111 2508 4166 bitantium.
2534 4112 2651 4164 Pax
2685 4109 2956 4176 civitatis,
2988 4110 3256 4165 ordinata
3296 4108 3628 4179 imperandi
3659 4119 3836 4179 atque

2176 4194 2483 4250 obediendi
2514 4193 2826 4249 concordia
2856 4193 3093 4248 civium.
3127 4192 3245 4247 Pax
3274 4191 3527 4247 cmlestis
3557 4191 3833 4256 civitatis,

2174 4277 2610 4332 ordinatissima
2631 4284 2684 4330 et
2707 4273 3163 4329 concordissima
3190 4276 3436 4329 societas
3460 4273 3686 4326 fruendi
3713 4270 3833 4327 Deo

2172 4362 2230 4412 et
2253 4358 2497 4411 invicem
2522 4357 2580 4410 in
2608 4357 2738 4411 Deo.
2763 4357 2878 4410 Pax
2899 4354 3165 4410 omnium
3189 4369 3406 4421 rerum,
3428 4351 3834 4423 tranquillitas

2172 4436 2415 4492 ordinis.
2450 4435 2602 4491 Ordo
2642 4441 2727 4491 est
2756 4436 2983 4507 parium
3016 4434 3455 4505 dispariumque
3486 4448 3680 4486 rerum
3716 4448 3833 4487 sua

2172 4516 2383 4587 cuique
2428 4515 2553 4570 loca
2602 4516 2868 4571 tribuens
2917 4514 3243 4584 dispositio.
3293 4513 3538 4569 Proinde
3597 4513 3832 4579 miseri,

2173 4599 2330 4669 quia,
2364 4597 2421 4651 in
2454 4604 2741 4668 quantum
2795 4596 2992 4651 miseri
3028 4601 3186 4661 sunt,
3213 4594 3411 4665 utique
3440 4593 3499 4647 in
3534 4610 3677 4665 pace
3707 4609 3831 4649 non

2172 4684 2330 4748 sunt,
2352 4677 2773 4749 tranquillitate
2801 4676 3036 4748 quidem
3070 4676 3288 4731 ordinis
3319 4680 3537 4740 carent,
3563 4675 3662 4729 ubi
3700 4690 3830 4744 per-

2170 4760 2425 4816 turbatio
2456 4758 2617 4814 nulla
2648 4764 2767 4814 est:
2794 4764 3197 4814 verumtamen
3226 4757 3365 4828 quia
3395 4757 3607 4811 merito
3631 4756 3829 4826 juste-

2171 4857 2283 4912 que
2332 4838 2529 4896 miseri
2580 4844 2743 4905 sunt,
2774 4840 2833 4894 in
2864 4854 2931 4894 ea
2980 4853 3211 4909 quoque
3259 4837 3389 4907 ipsa
3430 4852 3540 4892 sua
3590 4834 3827 4893 miseria

2235 5156 2251 5191 ί
2284 5153 2408 5203 Sola
2436 5154 2597 5205 editio
2626 5155 2771 5211 Lov.,
2801 5154 3014 5205 sinant.

2232 5217 2253 5250 2
2276 5218 2446 5266 Nostri
2475 5218 2693 5273 codices.
2729 5218 3013 5267 condendi.
3043 5217 3116 5266 Μ.

2232 5280 2435 5355 {Vind
2469 5283 2520 5329 et
2554 5282 2691 5341 Δια,
2722 5281 2842 5329 suis
2869 5280 3233 5330 animalibus.
3264 5278 3519 5329 Nonnulli
3541 5278 3691 5337 Mss..
3728 5276 3825 5327 ηιί

2166 5344 2514 5463 αηιυέἓὶιῐῗᾏτ
2547 5405 2648 5455 Dei
2676 5405 3033 5457 immortalis.
3058 5407 3236 5464 Abest,
3260 5404 3619 5463 immortalis,
3652 5419 3685 5454 a
3708 5417 3821 5454 ma-

2168 5470 2470 5532 nuscriptis.
