4124 6188
235 343 349 407 641

234 483 446 551 praeter
466 478 730 535 ordinem
755 495 881 535 esse
899 493 1012 534 non
1034 481 1283 549 possunt
1319 494 1334 545 ;
1362 493 1477 532 non
1501 476 1884 549 quidemcon-

226 563 421 634 juncti
447 561 646 629 beatis,
667 561 765 616 sed
789 562 860 616 ab
883 560 968 615 eis
989 565 1182 614 tamen
1206 559 1432 614 ordinis
1454 558 1578 630 lege
1610 559 1883 628 sejuncti.

234 643 342 709 Qui
395 658 527 698 cum
578 642 702 696 sine
743 640 1177 712 perturbatione
1206 649 1338 693 sunt
1374 643 1412 705 ί,
1467 641 1640 694 rebus
1673 641 1728 694 in
1761 638 1888 710 qui-

235 725 344 778 bus
377 727 1018 793 sunt,quantacumque
1040 721 1418 791 congruentia
1449 726 1886 789 coaptanturzac

235 821 338 876 per
360 804 470 859 hoc
497 811 581 859 est
605 805 661 858 in
684 804 766 858 eis
792 803 1012 858 ordinis
1038 801 1321 857 nonnulla
1345 801 1738 874 tranquillitas
1763 819 1775 856 :
1796 802 1888 855 in-

234 894 322 942 est
341 901 480 956 ergo
497 883 780 939 nonnulla
803 887 1151 954 pax.Verum
1176 882 1306 937 ideo
1328 882 1523 938 miseri
1548 887 1711 950 sunt,
1727 882 1888 952 quia,

234 966 343 1022 etsi
377 966 434 1019 in
469 963 666 1035 aliqua
699 965 1007 1020 securitate
1041 980 1152 1018 non
1185 962 1404 1028 dolent,
1436 979 1549 1018 non
1584 967 1779 1017 tamen
1807 961 1885 1016 ibi

237 1051 400 1113 sunt,
428 1046 523 1100 ubi
558 1044 744 1100 securi
778 1061 904 1100 esse
937 1061 1002 1100 ac
1032 1045 1223 1100 dolere
1255 1060 1367 1098 non
1401 1043 1687 1098 debeant:
1716 1043 1889 1098 mise-

235 1128 420 1183 riores
451 1135 665 1191 autem,
700 1126 746 1181 si
781 1141 889 1196 pax
919 1126 1001 1180 eis
1032 1141 1162 1180 cum
1196 1125 1324 1196 ipsa
1352 1123 1478 1196 lege
1508 1141 1618 1179 non
1652 1129 1891 1194 est,qua

234 1207 520 1264 naturalis
567 1207 708 1262 ordo
753 1206 1214 1261 administratur.
1250 1205 1393 1260 Cum
1443 1209 1636 1260 autem
1671 1202 1886 1270 dolent,

233 1305 304 1345 ex
339 1305 452 1358 qua
484 1294 644 1358 parte
674 1285 892 1352 dolent,
919 1287 1076 1357 pacis
1109 1285 1465 1359 perturbatio
1498 1287 1644 1340 facta
1674 1289 1797 1339 est:
1827 1282 1888 1338 in

234 1368 338 1424 illa
387 1383 521 1423 vero
553 1367 746 1422 adhuc
777 1383 887 1438 pax
915 1374 1023 1434 est,
1049 1366 1106 1421 in
1141 1382 1258 1436 qua
1289 1381 1392 1421 nec
1422 1365 1584 1420 dolor
1615 1365 1752 1431 urit,
1786 1377 1891 1419 nec

235 1463 519 1519 compago
565 1446 696 1517 ipsa
743 1445 1100 1501 dissolvitur.
1129 1447 1289 1500 Sicut
1318 1462 1453 1517 ergo
1496 1451 1583 1500 est
1623 1444 1889 1515 quadam

234 1528 356 1582 vita
385 1528 512 1582 sine
540 1525 754 1594 dolore,
789 1525 950 1580 dolor
979 1530 1171 1580 autem
1219 1525 1346 1581 sine
1377 1525 1572 1595 aliqua
1601 1523 1719 1578 vita
1765 1537 1892 1577 esse

235 1623 352 1663 non
403 1612 588 1678 potest
621 1623 633 1661 :
668 1607 752 1661 sic
779 1621 869 1661 est
919 1623 1024 1676 pax
1069 1607 1336 1677 quaedam
1390 1605 1515 1660 sine
1547 1603 1666 1658 ullo
1720 1602 1888 1667 bello,

232 1687 454 1744 bellum
488 1703 622 1742 vero
651 1702 776 1742 esse
806 1685 930 1741 sine
961 1686 1157 1757 aliqua
1199 1701 1338 1757 pace
1370 1702 1482 1740 non
1517 1688 1740 1756 potest;
1778 1699 1890 1738 non

233 1768 551 1823 secundum
599 1767 655 1821 id
708 1767 862 1837 quod
911 1767 1127 1822 bellum
1175 1771 1282 1834 est,
1316 1766 1414 1820 sed
1461 1766 1781 1820 secundum
1832 1762 1888 1817 id

234 1848 388 1918 quod
423 1847 494 1902 ab
525 1846 606 1902 eis
634 1846 717 1901 vel
755 1847 813 1900 in
847 1846 928 1901 eis
978 1847 1216 1917 geritur,
1251 1862 1378 1917 quae
1412 1845 1619 1916 aliqua:
1673 1849 1890 1898 natura

235 1933 410 1984 sunt:
436 1928 586 1999 quod
621 1927 778 1983 nullo
801 1929 974 1984 modo
1005 1933 1227 1996 essent,
1251 1927 1297 1982 si
1332 1944 1444 1982 non
1469 1927 1891 1997 qualicumque

237 2024 377 2081 pace
415 2008 823 2064 subsisterent.

302 2090 358 2145 2.
391 2089 751 2160 Quapropter
780 2093 986 2143 natura
1017 2093 1125 2154 est,
1159 2088 1218 2142 in
1265 2104 1378 2158 qua
1410 2086 1634 2141 nullum
1665 2083 1889 2139 malum

234 2174 344 2236 est,
373 2171 461 2224 vel
495 2171 670 2224 etiam
698 2169 756 2224 in
791 2185 907 2240 qua
957 2169 1186 2222 nullum
1220 2171 1412 2238 potest
1443 2181 1572 2221 esse
1629 2164 1888 2218 malum:

233 2265 362 2304 esse
392 2255 588 2305 autem
621 2254 850 2315 natura,
883 2249 943 2302 in
984 2264 1100 2318 qua
1132 2246 1358 2301 nullum
1391 2246 1612 2300 bonum
1643 2245 1740 2309 sit,
1773 2258 1889 2297 non

234 2336 441 2402 potest.
475 2330 726 2386 Proinde
758 2345 864 2385 nec
896 2330 1079 2398 ipsius
1111 2327 1326 2382 diaboli
1352 2333 1580 2391 natura,
1611 2326 1670 2379 in
1704 2339 1890 2394 quan-

233 2416 359 2466 tum
394 2417 606 2466 natura
637 2416 741 2475 est,
778 2408 998 2464 malum
1055 2412 1142 2464 est
1175 2424 1187 2461 :
1236 2407 1335 2462 sed
1384 2405 1730 2478 perversitas
1761 2418 1886 2458 eam

235 2492 448 2545 malam
485 2490 640 2546 facit.
667 2491 868 2560 Itaque
891 2490 949 2543 in
971 2487 1208 2542 veritate
1243 2503 1354 2541 non
1381 2485 1540 2541 stetit
1569 2487 1741 2557 (Joan.
1769 2499 1888 2549 vni,

235 2570 349 2643 44),
383 2573 482 2626 sed
516 2569 778 2624 veritatis
831 2568 1121 2638 judicium
1164 2585 1276 2622 non
1331 2568 1514 2622 evasit
1547 2583 1559 2620 :
1595 2569 1650 2621 in
1683 2569 1705 2599 ¹
1733 2565 1892 2621 ordi-

233 2650 330 2706 nis
390 2648 814 2719 tranquillitate
875 2665 988 2703 non
1025 2647 1262 2713 mansit,
1313 2663 1415 2702 nec
1466 2647 1590 2700 ideo
1636 2651 1827 2700 tamen
1858 2660 1892 2699 a

229 2734 520 2800 potestate
557 2727 917 2783 Ordinatoris
947 2727 1172 2797 effugit.
1210 2727 1427 2782 Bonum
1461 2725 1585 2790 Dei,
1618 2726 1771 2796 quod
1804 2723 1886 2779 illi

225 2815 325 2866 est
357 2810 415 2862 in
451 2814 678 2876 natura,
714 2825 828 2863 non
859 2824 992 2863 eum
1025 2809 1320 2863 subtrahit
1349 2808 1598 2876 justitiae
1627 2806 1746 2875 Dei,
1779 2822 1893 2875 qua

229 2889 545 2946 ordinatur
575 2889 631 2942 in
667 2904 863 2959 pmna:
891 2904 993 2942 nec
1017 2889 1095 2943 ibi
1129 2893 1272 2943 Deus
1305 2890 1520 2942 bonum
1561 2886 1894 2958 insequitur

232 2972 390 3044 quod
424 2970 653 3040 creavit,
688 2971 786 3024 sed
817 2970 1034 3024 malum
1054 2971 1204 3040 quod
1232 2969 1328 3024 ille
1360 2968 1674 3024 commisit.
1696 2969 1892 3039 Neque

236 3052 390 3108 enim
427 3054 607 3106 totum
642 3050 830 3104 aufert
853 3050 1000 3116 quod
1021 3055 1250 3106 nuturaa
1280 3050 1440 3104 dedit
1476 3049 1614 3117 ;sed
1642 3048 1718 3103 ali
1749 3048 1890 3119 quid

232 3131 461 3196 adimit,
511 3129 733 3201 aliquid
776 3128 1074 3198 relinquit,
1126 3133 1188 3184 ut
1241 3129 1318 3184 sit
1347 3129 1446 3199 qui
1496 3127 1688 3184 doleat
1735 3126 1893 3199 quod

235 3211 443 3268 adimit
469 3211 510 3266 ³.
545 3212 612 3266 Et
643 3211 768 3281 ipse
787 3209 953 3265 dolor
984 3209 1384 3266 testimonium
1419 3215 1509 3266 est
1542 3209 1675 3266 boni
1698 3209 1894 3264 adem-

240 3293 319 3364 pti
348 3297 406 3346 et
435 3290 571 3346 boni
605 3289 813 3345 relicti.
839 3290 960 3344 Nisi
993 3290 1148 3345 enim
1172 3291 1385 3344 bonum
1417 3291 1682 3345 relictum
1715 3293 1890 3354 esset,

238 3377 456 3428 bonum
492 3371 779 3426 amissum
804 3370 997 3425 dolere
1013 3387 1125 3424 non
1157 3374 1532 3439 posset.Nam
1551 3371 1651 3440 qui
1673 3375 1890 3438 peccat,

240 3453 401 3522 pejor
431 3459 535 3520 est,
571 3451 619 3505 si
651 3450 881 3504 laetatur
910 3451 968 3504 in
1001 3449 1216 3504 damno
1265 3450 1572 3520 aequitatis.
1608 3449 1715 3514 Qui
1759 3464 1894 3503 vero

243 3532 556 3597 cruciatur,
582 3533 632 3586 si
681 3529 827 3585 nihil
861 3530 997 3585 inde
1027 3531 1291 3599 acquirat
1334 3529 1493 3596 boni,
1553 3529 1707 3584 dolet
1737 3529 1898 3583 dam-

246 3628 389 3667 num
423 3609 644 3666 salutis.
680 3611 739 3665 Et
771 3610 1050 3682 quoniam
1095 3609 1336 3679 aequitas
1367 3625 1434 3665 ac
1478 3609 1638 3664 salus
1672 3614 1894 3665 utrum-

247 3708 360 3764 que
390 3694 607 3747 bonum
639 3698 745 3760 est,
781 3692 1035 3762 bonique
1093 3691 1408 3746 amissione
1457 3691 1768 3746 dolendum
1810 3694 1898 3746 est

243 3774 439 3845 potius
471 3788 644 3843 quam
676 3771 992 3826 laatandum
1027 3771 1096 3840 (si
1128 3777 1324 3827 tamen
1357 3787 1470 3825 non
1513 3771 1588 3825 sit
1620 3787 1895 3841 compen-

241 3853 392 3909 satio
426 3851 702 3919 melioris,
749 3851 952 3906 melior
1009 3856 1097 3906 est
1154 3860 1344 3906 autem
1396 3851 1575 3906 animi
1633 3851 1896 3923 azquitas,

240 3949 420 4005 quam
482 3934 740 4003 corporis
813 3931 1080 4003 sanitas),
1134 3933 1386 4003 profecto
1459 3932 1898 3988 convenientius

239 4016 500 4084 iujustus
531 4013 688 4069 dolet
734 4013 792 4068 in
827 4013 1138 4084 supplicio,
1189 4028 1357 4084 quam
1415 4013 1646 4068 laetatus
1701 4023 1785 4068 est
1838 4015 1897 4070 in

240 4094 476 4151 delicto.
519 4094 676 4150 Sicut
705 4111 838 4165 ergo
872 4093 1072 4150 laetitia
1104 4095 1316 4149 deserti
1368 4095 1504 4150 boni
1564 4094 1621 4148 in
1667 4099 1899 4164 peccato

241 4175 406 4231 testis
433 4181 523 4230 est
553 4174 868 4230 voluntatis
903 4176 1106 4243 malae;
1142 4177 1220 4230 ila
1250 4173 1414 4230 dolor
1439 4175 1640 4230 amissi
1677 4175 1807 4230 boni
1839 4175 1899 4230 in

244 4255 532 4328 supplicio
561 4255 728 4311 testis
757 4261 846 4312 est
876 4262 1096 4312 natura:
1147 4257 1330 4312 bonae.
1392 4257 1499 4322 Qui
1552 4255 1710 4311 enim
1744 4255 1902 4311 dolet

244 4338 528 4392 amissam
564 4340 786 4392 natura!
808 4354 926 4391 suae
961 4353 1180 4405 pacem,
1211 4353 1279 4392 ex
1309 4335 1606 4408 aliquibus
1636 4335 1901 4408 reliquiis

246 4417 411 4488 pacis
442 4418 499 4471 id
533 4417 709 4486 dolet,
744 4417 962 4488 quibus
985 4417 1068 4482 fit,
1103 4423 1164 4472 ut
1191 4417 1304 4472 sibi
1337 4419 1523 4474 amica
1567 4425 1773 4472 natura
1803 4418 1898 4474 sit.

241 4497 362 4553 Hoc
394 4501 588 4552 autem
621 4498 678 4552 in
710 4504 966 4552 extremo
996 4498 1282 4569 supplicio
1315 4503 1466 4553 recte
1499 4499 1581 4564 fit,
1609 4509 1664 4554 ut
1714 4498 1902 4571 iniqui

245 4583 304 4633 et
335 4577 500 4648 impii
535 4577 888 4633 naturalium
906 4579 1190 4633 bonorum
1212 4579 1428 4633 damna
1459 4578 1518 4633 in
1551 4581 1904 4638 cruciatibus

245 4656 518 4728 deﬂeant,
547 4659 862 4733 sentientes
919 4674 1109 4714 eorem
1144 4659 1454 4714 ablatorem
1499 4659 1901 4728 justissimum

246 4738 458 4805 Deum,
493 4753 668 4810 quem
699 4742 1176 4810 contempserunt
1221 4738 1702 4809 benignissimum
1737 4741 1906 4812 largi-

246 4827 457 4876 torem.
488 4821 647 4877 Deus
679 4837 814 4894 ergo
849 4828 1189 4877 naturarum
1241 4822 1501 4876 omnium
1552 4822 1908 4894 sapientissi-

255 4916 388 4956 mus
419 4900 686 4958 conditor
702 4911 756 4956 et
778 4902 1483 4972 justissimusordinator.
1517 4903 1615 4972 qui
1650 4911 1910 4958 terreno-

253 4996 384 5037 rum
442 4989 910 5038 ornamentorum
989 4983 1310 5036 maximum
1360 4981 1613 5036 instituit
1669 4983 1910 5040 mortale

256 5075 445 5131 genus
477 5058 826 5129 humanum,
876 5061 1037 5116 dedit
1081 5061 1420 5116 hominibus
1453 5062 1716 5132 quaedam
1764 5063 1913 5118 bona

258 5139 396 5194 huic
427 5139 556 5194 vita;
590 5157 868 5211 congrua,
902 5141 956 5197 id
1010 5146 1117 5209 est,
1172 5158 1364 5212 pacem
1398 5141 1773 5213 temporalem
1809 5160 1911 5214 pro

255 5218 496 5275 modulo
527 5223 788 5276 mortalis
820 5222 950 5277 vitae
983 5222 1040 5278 in
1075 5223 1192 5294 ipsa
1226 5222 1416 5277 salute
1446 5227 1503 5278 et
1534 5221 1911 5278 incolumita-

322 5453 341 5488 ‘
377 5457 464 5508 Sic
491 5459 617 5509 Mss.
649 5461 786 5510 Edlti
815 5475 960 5520 vero,
993 5477 1104 5512 non
1141 5462 1274 5513 sint.

325 5524 348 5589 ξ
379 5521 536 5589 Editi,
567 5523 704 5589 quia
735 5525 822 5589 in1
846 5527 913 5574 At
941 5540 1066 5576 mss.
1098 5541 1206 5577 non
1239 5527 1459 5586 habent,
1490 5527 1644 5589 quia.

329 5588 351 5624 ³
382 5583 466 5634 Er.
499 5589 552 5636 et
570 5583 724 5644 Mss"
752 5587 976 5638 ademit.

1462 336 1696 406 LIBER
1740 340 2076 407 DECIMUS
2124 347 2409 410 NONUS.

3529 359 3650 421 642

1993 483 2052 533 te
2079 479 2447 562 acisocietate
2478 479 2569 536 sui
2599 481 2848 552 generis,
2881 487 2939 538 et
2969 501 3214 558 quasque
3237 487 3370 546 huic
3401 492 3529 562 paci
3559 493 3647 550 vel

1995 561 2228 615 tuendae
2251 560 2337 616 vel
2372 565 2777 632 recuperandae
2828 567 3156 621 necessaria
3186 576 3344 634 sunt,
3379 560 3530 627 sicut
3578 591 3647 630 ea

1997 656 2123 711 qua
2165 647 2296 711 apte
2327 657 2393 696 ac
2448 644 2855 699 convenienter
2901 646 3170 715 adjacent
3200 652 3492 720 sensibus,
3526 653 3651 721 lux,

1995 725 2154 805 nox',
2179 739 2333 776 aurae
2365 723 2693 794 spirabiles,
2727 743 2894 797 aqua)
2936 729 3239 797 potabiles,
3273 738 3330 786 et
3361 733 3646 805 quidquid

1998 803 2066 856 ad
2099 803 2394 869 alendum,
2427 809 2759 876 tegendum,
2819 810 3145 864 curandum
3205 803 3651 887 ornandumque

1997 897 2208 966 corpus
2243 887 2550 966 congruit:
2583 902 2648 941 eo
2682 897 2848 958 pacto
2878 889 3239 959 aequissimo,
3275 903 3333 947 ut
3366 895 3465 966 qui
3500 913 3655 952 mor-

1998 963 2128 1018 talis
2187 965 2400 1021 talibus
2432 966 2600 1022 bonis
2655 969 2779 1039 paci
2815 971 3150 1025 mortalium
3201 963 3653 1032 accommodatis

1998 1049 2154 1100 recte
2185 1061 2322 1100 usus
2359 1047 2548 1116 fuerit,
2577 1048 2827 1120 accipiat
2856 1049 3139 1120 ampliora
3167 1059 3340 1124 atque
3388 1055 3650 1124 meliora,

1997 1125 2185 1195 ipsam
2217 1126 2442 1182 scilicet
2472 1127 2935 1184 immortalitatis
2967 1146 3188 1202 pacem,
3223 1134 3393 1205 eique
3441 1153 3650 1191 conve-

1998 1205 2255 1261 nientem
2313 1207 2556 1278 gloriam
2611 1215 2668 1264 et
2717 1210 2995 1265 honorem
3048 1213 3104 1267 in
3152 1215 3266 1269 vita
3320 1221 3536 1272 (eterna
3575 1219 3648 1272 ad

2001 1285 2310 1342 fruendum
2367 1288 2502 1353 Deo,
2543 1294 2600 1343 et
2657 1291 2917 1360 proximo
2967 1292 3027 1347 in
3081 1294 3239 1350 Deo:
3299 1296 3399 1366 qui
3455 1302 3649 1352 autem

2001 1381 2327 1436 perperam,
2360 1384 2466 1424 nec
2497 1369 2591 1424 illa
2631 1371 2895 1442 accipiat,
2921 1375 2979 1427 et
3007 1372 3127 1427 hac
3159 1375 3408 1431 amittat.

2002 1525 2234 1581 CAPUT
2263 1527 2401 1582 XIV.
2428 1559 2497 1568 —
2527 1529 2602 1582 De
2631 1529 2823 1584 ordine
2855 1547 2918 1585 ac
2950 1533 3082 1598 lege,
3119 1536 3234 1588 sive
3263 1537 3492 1601 calcati,
3538 1536 3654 1592 sive

2073 1614 2312 1674 terrena,
2336 1625 2436 1678 per
2473 1625 2637 1679 quam
2675 1611 2950 1666 societatis
2988 1613 3243 1668 humanae
3287 1616 3456 1670 etiam
3484 1616 3659 1671 domi-

2071 1687 2253 1742 nando
2279 1690 2604 1756 consulitur,
2634 1689 2730 1744 cui
2756 1697 2809 1744 et
2837 1693 3161 1747 consulendo
3190 1696 3453 1750 servitur.

2072 1838 2276 1894 Omnis
2310 1839 2490 1912 igitur
2523 1858 2667 1896 usus
2712 1857 2904 1898 rerum
2937 1846 3350 1915 temporalium
3411 1847 3658 1902 refertur

2002 1919 2070 1973 ad
2096 1921 2348 1974 fructum
2400 1926 2639 1976 terrens:
2685 1923 2846 1993 pacis
2892 1925 2948 1978 in
3008 1925 3238 1981 civitate
3294 1932 3557 1983 terrena:
3593 1928 3654 1982 in

2001 1998 2221 2055 cmlesti
2252 2005 2444 2055 autem
2480 2002 2710 2057 civitate
2759 2003 3006 2058 refertur
3062 2006 3132 2059 ad
3180 2007 3432 2062 fructum
3497 2009 3656 2078 pacis

2001 2085 2246 2135 aeternas.
2278 2083 2642 2151 QuaprOpter
2696 2083 2745 2138 si
2787 2084 3145 2140 irrationalia
3202 2102 3466 2142 essemus
3524 2089 3657 2142 ani-

2004 2161 2242 2226 mantia,
2279 2161 2421 2216 nihil
2455 2172 2860 2232 appeteremus
2893 2169 3095 2234 praeter
3142 2166 3469 2221 ordinatam
3501 2171 3658 2222 tem-

2002 2246 2331 2312 peraturam
2367 2243 2613 2313 partium
2647 2243 2903 2312 corporis
2935 2249 2991 2298 et
3036 2246 3292 2316 requiem
3345 2247 3657 2318 appetitio-

2004 2337 2143 2376 num
2179 2337 2193 2376 :
2228 2321 2373 2376 nihil
2417 2337 2552 2394 ergo
2583 2331 2789 2394 praeter
2837 2324 3089 2394 quietem
3123 2326 3312 2380 carnis
3342 2332 3399 2382 et
3427 2327 3654 2399 copiam

2000 2402 2390 2472 voluptatum,
2433 2415 2485 2458 ut
2524 2405 2545 2438 ²
2577 2421 2682 2474 pax
2712 2407 2972 2476 corporis
3007 2409 3311 2477 prodesset
3342 2409 3467 2480 paci
3526 2409 3654 2465 ani-

2001 2497 2128 2536 mas.
2163 2486 2218 2536 Si
2249 2484 2406 2538 enim
2439 2485 2592 2539 desit
2638 2502 2744 2553 pax
2775 2487 3056 2555 corporis,
3108 2488 3423 2558 impeditur
3477 2489 3652 2545 etiam

2001 2561 2362 2618 irrationalis
2395 2581 2503 2635 pax
2547 2565 2756 2619 animae
2793 2583 2804 2634 ;
2839 2567 2974 2635 quia
3031 2567 3289 2639 requiem
3350 2570 3657 2642 appetitio-

2002 2659 2142 2697 num
2178 2645 2450 2714 consequi
2484 2661 2596 2700 non
2632 2651 2838 2716 potest.
2874 2645 3197 2718 Utrumque
3245 2654 3438 2704 autem
3472 2650 3652 2705 simul

2001 2722 2052 2778 ei
2094 2723 2217 2792 paci
2252 2727 2506 2794 prodest,
2565 2741 2740 2796 quam
2799 2727 2954 2782 inter
2995 2743 3057 2783 se
3113 2727 3323 2784 habent
3369 2730 3564 2784 anima
3595 2733 3654 2785 et

2001 2821 2234 2876 corpus,
2267 2806 2324 2860 id
2348 2816 2456 2875 est,
2487 2810 2766 2865 ordinatae
2786 2808 2914 2863 vitae
2946 2825 3012 2863 ac
3042 2808 3272 2865 salutis.
3300 2810 3461 2864 Sicut
3489 2810 3648 2865 enim

2002 2903 2196 2958 pacem
2222 2890 2476 2956 corporis
2498 2904 2692 2944 amare
2714 2905 2772 2944 se
2793 2890 3113 2944 ostendunt
3133 2889 3477 2949 animantia,
3511 2905 3645 2944 cum

2002 2967 2236 3038 fugiunt
2265 2967 2521 3023 dolorem
2557 2986 2570 3036 ;
2603 2975 2658 3024 et
2690 2985 2889 3041 pacem
2951 2970 3178 3038 animai,
3229 2984 3359 3025 cum
3413 2975 3653 3041 prepter

2002 3048 2318 3118 explendas
2393 3049 2743 3118 indigentias
2791 3050 3212 3121 appetitionum
3292 3050 3652 3122 voluptatem

2003 3139 2356 3201 sequuntur:
2386 3129 2466 3184 ita
2489 3135 2730 3186 mortem
2750 3130 3024 3201 fugiendo
3037 3130 3182 3185 satis
3199 3130 3459 3186 indicant
3473 3147 3655 3202 quan-

2005 3215 2131 3266 tum
2154 3211 2400 3281 diligant
2451 3227 2666 3277 pacem,
2698 3228 2814 3282 qua
2871 3210 2982 3266 sibi
3014 3211 3403 3266 conciliantur
3459 3212 3654 3267 anima

2005 3296 2061 3346 et
2090 3307 2322 3360 corpus.
2355 3292 2461 3346 Sed
2496 3293 2634 3362 quia
2663 3292 2883 3348 homini
2918 3291 3217 3348 rationalis
3249 3293 3443 3347 anima
3471 3292 3649 3360 inest,

2003 3375 2192 3426 totum
2219 3372 2324 3425 hoc
2355 3373 2504 3440 quod
2540 3373 2712 3427 habet
2742 3389 3052 3427 commune
3084 3388 3213 3426 cum
3256 3373 3476 3437 bestiis,
3511 3374 3651 3428 sub-

2007 3451 2092 3506 dit
2123 3451 2247 3521 paci
2274 3451 2482 3505 animze
2524 3451 2848 3516 rationalis,
2893 3460 2954 3505 ut
2999 3456 3192 3506 mente
3255 3451 3477 3522 aliquid
3509 3468 3657 3507 con-

2005 3532 2334 3602 templetur,
2367 3536 2423 3586 et
2465 3532 2785 3587 secundum
2829 3533 2937 3586 hoc
2967 3531 3187 3600 aliquid
3219 3538 3370 3598 agat,
3418 3541 3481 3586 ut
3510 3533 3582 3586 sit
3603 3532 3659 3587 ei

2007 3614 2272 3670 ordinata
2303 3611 2649 3681 cognitionis
2679 3613 3042 3683 actionisque
3099 3613 3425 3679 consensio,
3477 3627 3655 3682 quam

2008 3710 2207 3766 pacem
2239 3691 2540 3748 rationalis
2570 3693 2774 3747 animae
2823 3691 3179 3748 dixeramus.
3215 3692 3300 3746 Ad
3361 3692 3467 3746 hoc
3498 3692 3654 3746 enim

2007 3776 2150 3832 velle
2209 3775 2374 3830 debet
2430 3790 2536 3830 nec
2591 3775 2789 3829 dolore
2839 3773 3155 3839 molestari,
3213 3789 3316 3828 nec
3366 3771 3655 3828 desiderio

2009 3855 2358 3930 perturbari,
2402 3871 2506 3910 nec
2563 3860 2751 3910 morte
2805 3853 3066 3920 dissolvi,
3126 3859 3190 3909 ut
3232 3853 3451 3924 aliquid
3512 3853 3658 3909 utile

2009 3941 2337 4010 cognoscat,
2387 3941 2445 3991 et
2495 3935 2820 3991 secundum
2878 3949 3000 3990 eam
3039 3935 3428 4006 cognitionem
3477 3934 3656 3988 vitam

2011 4033 2318 4089 moresque
2345 4025 2670 4088 componat.
2702 4016 2808 4071 Sed
2843 4031 2913 4070 ne
2944 4016 3068 4084 ipso
3115 4015 3308 4070 studio
3365 4012 3658 4085 cognitio-

2011 4099 2103 4155 nis
2129 4104 2362 4170 propter
2391 4097 2662 4152 humanaa
2685 4097 2900 4152 mentis
2923 4095 3324 4151 infirmitatem
3349 4095 3408 4150 in
3441 4099 3660 4164 pestem

2013 4180 2264 4251 alicujus
2294 4180 2510 4236 erroris
2570 4179 2848 4246 incurrat,
2907 4193 3055 4248 opus
3096 4177 3272 4232 habet
3329 4175 3660 4244 magisterio

2013 4260 2324 4329 divino,cui
2375 4265 2569 4315 certus
2598 4260 2976 4330 obtemperet,
3009 4265 3062 4312 et
3091 4256 3400 4326 adiutorio,
3434 4263 3494 4310 ut
3518 4255 3666 4311 liber

2013 4345 2392 4412 obtemperet.
2425 4341 2490 4394 Et
2513 4338 2811 4410 quoniam,
2843 4338 3124 4410 quamdiu
3156 4342 3246 4392 est
3285 4336 3344 4391 in
3377 4337 3485 4391 isto
3509 4351 3664 4391 mor-

2015 4423 2114 4480 tali
2145 4439 2403 4494 corpore,
2439 4421 2838 4494 peregrinatur
2870 4437 2902 4475 a
2933 4419 3179 4474 Domino
3211 4431 3227 4483 ;
3261 4417 3523 4472 ambulat
3559 4431 3663 4486 per

2016 4506 2186 4561 (idem
2240 4521 2352 4559 non
2385 4519 2487 4574 per
2534 4503 2781 4573 speciem
2811 4501 2889 4572 (II
2925 4501 3045 4558 Cor.
3080 4516 3135 4569 v,
3165 4500 3199 4554 6
3248 4503 3298 4554 et
3337 4499 3434 4569 7):
3468 4513 3535 4554 ac
3565 4512 3668 4574 per

2015 4585 2124 4641 hoc
2174 4568 2405 4640 omnem
2465 4568 2663 4654 pacem
2704 4581 2790 4638 vel
2821 4568 3100 4650 corporis,
3153 4578 3236 4633 vel
3295 4568 3525 4638 animm,
3580 4568 3668 4634 vel

2017 4664 2194 4722 simul
2227 4663 2482 4734 corporis
2514 4669 2570 4718 et
2608 4662 2839 4728 animae,
2873 4664 3043 4717 refert
3101 4660 3170 4714 ad
3221 4658 3384 4713 illam
3445 4672 3670 4728 pacem:

2017 4763 2146 4819 quae
2181 4743 2400 4800 homini
2433 4743 2661 4799 mortali
2691 4747 2779 4798 est
2801 4759 2933 4798 cum
2967 4738 3295 4819 immortali
3310 4736 3443 4819 ‘Deo-
3470 4753 3484 4800 ;
3515 4740 3581 4819 u_t
3615 4734 3670 4788 ei

2019 4813 2092 4883 sit
2115 4825 2381 4881 ordinata
2411 4825 2469 4879 in
2500 4825 2611 4878 fide
2632 4824 2738 4878 sub
2769 4828 2978 4876 aeterna
3001 4819 3125 4887 lege
3155 4815 3502 4871 obedientia.
3535 4813 3670 4868 Jam

2019 4925 2152 4966 vero
2183 4909 2322 4979 quia
2351 4907 2465 4962 duo
2515 4905 2808 4975 praecipua
2859 4904 3164 4974 praecepta,
3199 4899 3304 4979 hoc
3335 4901 3441 4963 est,
3491 4895 3672 4979 dilec-

2020 4977 2239 5046 tionem
2273 4989 2373 5044 Dei
2407 4992 2463 5042 et
2507 4985 2876 5040 dilectionem
2935 4981 3206 5054 proximi,
3257 4977 3419 5032 docet
3448 4977 3672 5042 magis-

2023 5076 2109 5126 ter
2137 5069 2333 5136 Deus;
2373 5068 2432 5122 in
2485 5066 2699 5136 quibus
2730 5064 2841 5118 tria
2884 5059 3104 5117 invenit
3144 5061 3316 5115 homo
3359 5073 3483 5128 quae
3541 5055 3672 5136 dili-

2025 5159 2141 5224 gat,
2192 5135 2390 5216 Deum,
2443 5135 2516 5204 se,
2551 5147 2768 5218 ipsum,
2823 5149 2880 5201 et
2928 5140 3313 5216 proximum;
3367 5144 3538 5210 atque
3576 5135 3675 5192 ille

2093 5400 2109 5435 1
2164 5397 2248 5447 Sic
2293 5409 2359 5446 ex
2405 5389 2718 5442 auctoritate
2737 5387 2908 5454 _Mss._
2929 5383 3212 5454 legendum
3256 5379 3469 5454 indicat
3495 5374 3678 5454 litorei,

2026 5438 2838 5518 Elemé'ﬁtféaﬁifbagJ153.
2887 5449 2949 5499 In
2977 5438 3053 5506 Β,
3102 5445 3207 5497 tua.-
3252 5438 3362 5493 ista
3414 5438 3676 5498 visibilis,

2027 5537 2221 5577 aurae,
2251 5524 2348 5570 etc.
2381 5520 2447 5568 M.

2093 5587 2115 5621 ι
2145 5585 2268 5635 Sola
2295 5583 2456 5633 editio
2489 5582 2616 5631 Lov.
2648 5588 2715 5630 et.
