4110 6196
453 327 571 385 διδ

454 465 513 519 in
536 478 599 521 se
642 461 934 531 diligendo
974 475 1087 515 non
1134 464 1290 515 errat
1317 458 1419 530 qui
1460 457 1653 530 diligit
1688 462 1864 513 Deum
1901 472 1914 512 :
1966 470 2107 511 con-

454 559 702 615 sequens
759 548 869 608 est,
930 544 995 595 ut
1048 540 1228 595 etiam
1306 541 1569 610 proximo
1624 540 1691 593 ad
1746 538 2107 608 diligendum

453 625 636 680 Deum
704 622 991 687 consulat,
1053 637 1225 691 quem
1280 621 1527 690 jubetur
1586 619 1740 675 sicut
1792 635 1851 673 se
1910 619 2105 689 ipsum

452 704 714 773 diligere.
765 702 858 756 Sic
916 701 1100 766 uxori,
1136 701 1221 755 sic
1281 700 1438 765 ﬁliis,
1481 700 1564 753 sic
1604 698 1961 761 domesticis,
2020 698 2106 751 sic

450 782 672 838 ceteris
705 782 919 851 quibus
954 779 1202 851 potuerit
1233 779 1571 834 hominibus
1602 799 1616 847 ;
1648 788 1701 834 et
1732 779 1804 833 ad
1856 781 1961 833 hoc
1992 776 2102 832 sibi

448 881 482 919 a
512 862 792 934 proximo,
817 861 865 915 si
891 861 1033 915 forte
1056 861 1294 931 indiget,
1321 860 1545 916 consuli
1568 861 1742 914 velit:
1770 876 1836 914 ac
1871 875 1973 925 per
1994 858 2102 912 hoc

451 944 559 998 erit
606 948 868 1012 pacatus,
902 946 1188 1011 quantum
1240 941 1297 995 in
1354 942 1477 1010 ipso
1508 946 1622 1006 est,
1664 940 1820 995 omni
1855 937 2099 1008 homini,

449 1038 588 1094 pace
624 1022 948 1087 hominum,
982 1023 1037 1077 id
1064 1027 1155 1076 est
1202 1021 1467 1077 ordinata
1522 1022 1834 1076 concordia
1864 1036 1877 1074 :
1934 1022 2100 1089 cujus

447 1103 542 1158 hic
567 1104 708 1158 ordo
740 1108 842 1165 est,
888 1104 1141 1173 primum
1186 1107 1251 1156 ut
1282 1101 1422 1156 nulli
1485 1108 1714 1168 noceat,
1765 1100 1978 1155 deinde
2038 1105 2101 1155 ut

446 1184 620 1239 etiam
655 1183 836 1254 prosit
865 1183 956 1237 cui
1006 1182 1278 1254 potuerit.
1342 1182 1613 1236 Primitus
1672 1198 1808 1252 ergo
1864 1180 2015 1235 inest
2047 1180 2099 1235 ei

446 1280 685 1321 suorum
720 1280 856 1319 cura
889 1265 997 1319 :ad
1033 1280 1128 1319 eos
1158 1263 1371 1334 quippe
1426 1262 1596 1317 habet
1626 1262 2095 1334 Opportuniorem

446 1345 881 1415 facilioremque
936 1345 1161 1398 aditum
1194 1342 1559 1408 consulendi,
1600 1342 1688 1397 vel
1747 1346 1967 1396 natura;
2008 1357 2097 1396 or-

446 1426 602 1491 dine,
629 1424 715 1479 vel
748 1426 937 1495 ipsius
969 1425 1263 1479 societatis
1288 1424 1575 1479 humanm.
1597 1422 1759 1478 Unde
1780 1421 2097 1494 Apostolus

445 1506 632 1560 dicit:
686 1506 941 1575 Quisquis
990 1515 1173 1559 autem
1219 1504 1355 1569 suis,
1400 1508 1450 1559 et
1488 1506 1730 1558 maxime
1786 1504 2099 1559 domesticis

442 1601 553 1639 non
581 1586 842 1654 providet,
875 1584 1038 1652 ﬁdem
1081 1585 1333 1652 denegat,
1364 1591 1415 1639 et
1448 1594 1526 1638 est
1583 1583 1801 1652 inﬁdeli
1858 1582 2099 1638 deteriOr

442 1664 487 1731 (Ι
524 1664 658 1716 Tim.
688 1680 739 1726 v,
770 1664 847 1733 8).
883 1664 1028 1717 Hinc
1061 1663 1257 1734 itaque
1288 1664 1462 1717 etiam
1497 1680 1605 1733 pax
1633 1662 1949 1717 domestica
1980 1662 2093 1715 ori.

442 1746 560 1807 tur,
597 1742 649 1795 id
684 1747 797 1808 est,
826 1742 1091 1797 ordinata
1123 1744 1439 1812 imperandi
1486 1743 1912 1813 obediendique
1963 1758 2097 1797 con-

438 1820 631 1877 cordia
648 1822 1128 1877 cohabitantium.
1152 1823 1441 1892 lmperant
1463 1822 1618 1875 enim
1635 1820 2091 1891 quiconsulunt:

440 1902 592 1957 sicut
622 1901 704 1955 vir
736 1903 915 1971 uxori,
952 1909 1217 1973 parentes
1252 1903 1410 1968 ﬁliis,
1462 1904 1683 1957 domini
1716 1904 1918 1957 servis.
1952 1902 2096 1957 Obe-

439 1982 615 2037 diunt
646 1986 839 2037 autem
874 1983 1089 2053 quibus
1107 1985 1429 2038 consulitur
1454 1999 1467 2036 :
1494 1984 1640 2037 sicut
1674 1984 1948 2039 mulieres
1976 2000 2095 2038 ma-

439 2063 591 2129 ritis,
626 2062 729 2116 ﬁlii
762 2065 1126 2133 parentibus,
1161 2064 1311 2118 servi
1357 2064 1635 2118 dominis.
1670 2062 1782 2118 Sed
1829 2064 1886 2117 in
1918 2063 2092 2119 domo

429 2143 578 2214 justi
607 2142 848 2198 viventis
875 2160 942 2197 ex
974 2144 1107 2212 ﬁde,
1138 2149 1194 2198 et
1226 2143 1415 2198 adhuc
1465 2144 1537 2198 ab
1572 2143 1671 2197 illa
1700 2142 1921 2198 cmlesti
1954 2143 2092 2198 civi-

437 2227 554 2279 tate
586 2222 1030 2294 peregrinantis,
1084 2226 1260 2279 etiam
1304 2224 1404 2295 qui
1463 2222 1775 2293 imperant,
1835 2225 2094 2278 serviunt

437 2303 539 2369 eis,
572 2304 786 2375 quibus
817 2304 1088 2358 videntur
1126 2306 1430 2373 imperare.
1486 2304 1684 2375 Neque
1714 2305 1870 2358 enim
1903 2304 2090 2361 domi-

438 2385 615 2439 nandi
647 2383 959 2453 cupiditate
990 2384 1297 2454 imperant,
1333 2386 1433 2439 sed
1468 2384 1661 2439 ofﬁcio
1709 2383 2087 2448 consulendi;

436 2480 543 2520 nec
579 2463 941 2536 principandi
974 2465 1266 2535 superbia,
1298 2466 1396 2519 sed
1458 2464 1799 2535 providendi
1860 2462 2089 2519 miseri-

438 2546 655 2601 cordia.

435 2705 663 2762 CAPUT
693 2705 813 2761 XV.
847 2734 914 2746 —
945 2706 1017 2761 De
1048 2704 1302 2761 libertate
1330 2704 1608 2772 naturali,
1634 2710 1683 2761 et
1712 2705 1777 2761 de
1807 2705 2087 2774 seruitute,

502 2788 660 2854 cujus
689 2786 871 2855 prima
900 2802 1065 2841 causa
1111 2793 1397 2857 peccatum
1426 2792 1527 2851 est,
1576 2804 1681 2858 qua
1732 2788 1865 2843 bona
1920 2788 2090 2844 male

505 2866 799 2921 voluntatis
821 2868 1039 2921 etiamsi
1066 2882 1177 2922 non
1222 2876 1300 2923 est
1353 2869 1694 2939 mancipium
1723 2869 1956 2924 alterius
1984 2869 2087 2923 lio-

504 2946 693 3013 minis,
723 2963 908 3003 servus
935 2956 1013 3003 est
1031 2950 1273 3019 propriae
1312 2948 1591 3004 libidinis.

505 3116 621 3170 Hoc
651 3115 933 3170 naturalis
955 3115 1096 3169 ordo
1115 3115 1436 3184 praescribit
1467 3134 1480 3182 ;
1504 3116 1581 3171 ita
1618 3120 1766 3170 Deus
1788 3115 2085 3171 hominem

434 3196 713 3253 condidit.
746 3195 913 3260 Nam,
948 3194 1298 3255 Dominetur,
1332 3196 1543 3267 inquit,
1601 3196 1836 3266 piscium
1889 3199 2081 3265 maris,

432 3282 483 3333 et
510 3277 820 3334 volatilium
851 3274 1001 3343 caeli,
1031 3280 1084 3331 et
1104 3276 1381 3331 ominium
1402 3278 1712 3347 repentium
1732 3292 1859 3349 qua:
1888 3286 2087 3350 repunt

430 3373 592 3427 super
621 3365 828 3411 terram
859 3354 1014 3426 (Gen.
1046 3372 1086 3422 ι,
1143 3356 1259 3427 26).
1323 3355 1687 3411 Rationalem
1733 3359 1947 3411 factum
2011 3358 2082 3412 ad

431 3437 748 3507 imaginem
780 3452 946 3491 suam
983 3434 1170 3490 noluit
1218 3436 1329 3491 nisi
1365 3437 1859 3492 irrationabilibus
1888 3438 2086 3493 domi-

430 3518 556 3572 nari
590 3534 604 3572 :
635 3535 748 3573 non
784 3517 1077 3573 hominem
1122 3518 1368 3582 homini,
1400 3520 1498 3572 sed
1536 3519 1828 3574 hominem
1865 3521 2079 3591 pecori.

431 3599 570 3653 Inde
618 3598 788 3669 primi
831 3598 1003 3667 justi,
1060 3604 1319 3667 pastores
1364 3614 1632 3669 pecorum
1673 3601 1857 3670 magis
1906 3617 2080 3672 quam

431 3694 593 3748 reges
624 3677 929 3733 hominum
963 3680 1265 3734 constituti
1296 3685 1431 3733 sunt
1464 3696 1477 3733 :
1514 3684 1577 3733 ut
1615 3684 1788 3734 etiam
1832 3680 1915 3735 sic
1943 3681 2083 3736 insi-

428 3767 632 3812 nuaret
661 3757 833 3827 Deus,
868 3759 1005 3828 quid
1041 3758 1293 3830 postulet
1313 3759 1452 3813 ordo
1484 3769 1904 3827 creaturarum,
1938 3762 2076 3830 quid

429 3836 621 3909 exigat
670 3840 943 3894 meritum
978 3844 1368 3908 peccatorum.
1412 3839 1676 3896 Conditio
1710 3842 1925 3912 quippe
1956 3858 2076 3897 ser-

428 3918 630 3975 vitutis
655 3921 789 3989 jure
818 3918 1170 3991 intelligitur
1200 3921 1471 3991 imposita
1494 3922 1799 3989 peccatori.
1829 3921 2077 3979 Proinde

427 4016 721 4072 nusquam
754 3998 1191 4071 Scripturarum
1215 4002 1465 4072 legimus
1480 4017 1731 4069 servum,
1766 4008 2073 4071 antequam

426 4079 536 4136 hoc
585 4080 867 4135 vocabulo
898 4080 1014 4136 Noe
1052 4082 1251 4150 justus
1302 4088 1598 4153 peccatum
1624 4082 1723 4136 ﬁlii
1755 4085 2077 4139 vindicaret

427 4161 523 4228 (Id.
558 4176 633 4227 ιχ,
666 4161 779 4230 25).
808 4160 1027 4216 Nomen
1060 4164 1257 4233 itaque
1288 4163 1441 4216 istud
1476 4163 1650 4233 culpa
1687 4163 1915 4229 meruit,
1957 4180 2071 4219 non

426 4246 652 4296 natura.
679 4241 842 4307 Origo
860 4248 1053 4296 autem
1076 4242 1337 4298 vocabuli
1361 4258 1661 4299 servorum
1678 4244 1735 4297 in
1762 4242 1942 4298 latina
1960 4244 2071 4299 lin-

426 4336 540 4390 gua
570 4320 707 4373 inde
763 4320 1023 4373 creditur
1052 4322 1247 4382 ducta.
1284 4323 1435 4392 quod
1493 4323 1547 4377 hi
1608 4323 1706 4391 qui
1754 4323 1877 4391 iure
1935 4323 2072 4379 belli

425 4402 664 4467 possent
726 4398 930 4465 occidi,
981 4415 1015 4453 a
1073 4399 1381 4455 victoribus
1448 4418 1582 4458 cum
1670 4405 2071 4473 servabantur,

425 4476 575 4531 servi
615 4476 847 4546 ﬁebant,
890 4494 923 4533 a
972 4481 1258 4536 servando
1308 4482 1631 4555 appellati;
1685 4484 1839 4554 quod
1898 4484 2071 4541 etiam

426 4557 620 4628 ipsum
662 4556 788 4612 sine
835 4560 1051 4629 peccati
1105 4563 1312 4619 merito
1367 4580 1481 4619 non
1518 4571 1623 4620 est.
1673 4564 1817 4620 Nam
1850 4571 1906 4621 et
1936 4582 2070 4621 cum

416 4638 643 4709 justum
679 4637 899 4709 geritur
930 4639 1166 4710 bellum,
1203 4660 1303 4715 pro
1355 4650 1587 4715 peccato
1616 4653 1667 4700 et
1701 4662 1734 4699 a
1782 4644 2072 4700 contrario

421 4719 730 4775 dimicetur
760 4718 777 4752 ¹
813 4736 827 4775 :
868 4728 924 4775 et
962 4725 1157 4778 omnis
1188 4724 1450 4789 victoria,
1482 4741 1612 4779 cum
1662 4724 1836 4779 etiam
1899 4723 2072 4779 malis

421 4800 705 4871 provenit,
730 4799 925 4855 divino
948 4801 1170 4869 judicio
1200 4802 1379 4859 victos
1411 4803 1702 4869 humiliat,
1732 4806 1816 4859 vel
1864 4818 2071 4859 emen-

419 4882 568 4937 dans
594 4890 845 4951 peccata,
868 4882 954 4937 vel
990 4883 1257 4952 puniens.
1292 4882 1482 4939 Testis
1502 4887 1593 4938 est
1625 4884 1797 4939 homo
1820 4882 1918 4940 Dei
1952 4884 2073 4941 Da—

420 4962 555 5031 niel,
579 4978 713 5016 cum
747 4962 805 5015 in
838 4963 1169 5033 captivitate
1201 4966 1441 5035 positus,
1469 4970 1699 5036 peccata
1714 4982 1819 5021 sua
1850 4970 1905 5020 et
1935 4982 2070 5036 pec-

419 5048 545 5096 cata
579 5042 777 5113 populi
809 5044 898 5096 sui
935 5044 1233 5099 conﬁtetur
1264 5044 1472 5115 Deo,et
1504 5045 1650 5100 hanc
1672 5062 1799 5101 esse
1830 5063 2066 5102 causam

414 5120 576 5176 illius
604 5121 955 5193 captivitatis
988 5125 1079 5192 pio
1104 5124 1301 5179 dolore
1320 5130 1565 5180 testatur
1588 5128 1757 5193 (Dan.
1791 5143 1864 5193 1x,
1893 5126 2066 5197 5-19).

414 5202 615 5258 Prima
643 5218 778 5275 ergo
796 5203 1090 5260 servitutis
1108 5220 1285 5261 causa
1309 5212 1607 5277 peccatum
1639 5214 1765 5263 est:
1802 5217 1863 5263 ut
1893 5206 2067 5263 homo

413 5462 423 5483 “
478 5478 495 5511 1
527 5473 684 5524 Vind.
713 5476 828 5525 Am.
861 5476 913 5525 et
942 5474 1013 5523 ali
1085 5476 1145 5525 ot
1168 5475 1316 5532 Mss.
1340 5492 1447 5538 pro
1468 5489 1687 5539 peccato
1717 5494 1744 5527 e
1778 5477 2060 5529 contrario

413 5535 738 5586 dimicatur.
768 5540 853 5586 Er.
875 5541 929 5586 et
955 5489 1297 5586 signumdam
1318 5541 1458 5586 Mss-
1490 5556 1585 5586 vro
1606 5552 1814 5586 neccato
1838 5551 2059 5586 contra,-

413 5535 738 5605 ds’micatur.
768 5540 853 5590 Er.
875 5541 929 5589 et
955 5535 1049 5605 alii
1080 5539 1297 5605 quidam
1318 5535 1585 5601 Mss.,_pro
1598 5552 1814 5605 peccato
1838 5551 2059 5592 contra-

413 5598 500 5671 rio
529 5600 851 5671 dimicatura
886 5630 945 5671 _-_-
975 5598 1150 5652 Nostri
1173 5602 1392 5662 codices,
1415 5598 1521 5665 pr—o
1542 5598 1758 5668 peccato
1786 5621 1812 5654 e
1844 5615 2062 5655 contra-

413 5661 501 5708 rio
530 5661 852 5715 dimicatum
884 5666 956 5716 Μ.

1529 322 1629 382 DE
1673 318 2039 382 CIVITATE
2082 315 2237 387 DEI,
2285 316 2350 374 S.
2399 312 2820 375 AUGUSTINI

3751 312 3879 379 θιι

2216 447 2440 503 homini
2479 447 2833 504 conditionis
2878 446 3112 503 vinculo
3160 447 3553 517 subderetur;
3585 465 3703 522 quo
3753 465 3877 507 non

2217 531 2279 584 ﬁt
2308 530 2416 583 nisi
2443 530 2557 584 Deo
2582 530 2907 599 judicante.
2932 529 3084 598 apud
3109 544 3282 600 quem
3308 546 3424 585 non
3438 536 3528 586 est
3561 530 3876 602 iniquitas,

2212 616 2270 665 et
2302 610 2459 664 novit
2489 611 2750 665 diversas
2783 626 2984 680 poenas
3019 610 3241 665 meritis
3291 610 3641 666 distribuere
3681 613 3875 668 delin-

2212 692 2545 760 quentium.
2580 690 2741 745 Sicut
2774 700 2967 745 autem
3026 707 3318 761 supernus
3368 691 3651 746 Dominus
3702 692 3874 759 dicit,

2212 770 2406 825 Omnis
2437 774 2534 842 qui
2578 774 2716 841 facit
2744 779 3047 843 peccatum,
3078 789 3274 827 servus
3322 781 3397 827 cst
3425 775 3637 842 peccati
3685 775 3868 841 (Joan.

2210 867 2328 919 vm,
2361 853 2454 920 34)
2490 868 2503 905 :
2536 869 2601 907 ac
2637 869 2733 920 per
2771 853 2878 907 hoc
2913 853 3078 907 multi
3112 852 3347 923 quidem
3386 853 3641 925 religiosi
3673 854 3874 909 domi-

2210 933 2301 985 nis
2333 931 2576 1002 iniquis,
2611 937 2940 988 nontamen
2963 932 3159 987 liberis
3188 934 3479 989 serviunt:
3505 937 3552 989 A
3581 950 3687 1006 quo
3717 937 3870 991 enim

2209 1012 2331 1082 quis
2360 1012 2603 1068 devictus
2632 1018 2708 1069 est
2747 1014 2879 1069 huic
2906 1024 2959 1069 et
2988 1030 3175 1070 servus
3204 1016 3460 1071 addictus
3490 1026 3571 1071 est
3608 1017 3682 1085 (ll
3712 1018 3868 1075 Petr.

2208 1109 2269 1156 ιι,
2306 1094 2414 1162 19),
2449 1094 2519 1149 Et
2564 1095 2765 1165 utique
2819 1094 3043 1151 felicius
3092 1098 3342 1152 servitur
3391 1097 3635 1163 homini,
3686 1114 3868 1168 quam

2205 1172 2483 1244 libidini;
2536 1191 2669 1230 cum
2730 1176 3053 1232 saevissimo
3111 1178 3412 1233 dominatu
3461 1185 3645 1232 vastat
3692 1185 3871 1237 corda

2208 1256 2567 1321 mortalium,
2594 1262 2659 1310 ut
2674 1255 2817 1311 alias
2830 1257 3120 1324 omittam,
3145 1257 3324 1312 libido
3339 1258 3468 1327 ipsa
3496 1257 3868 1318 dominandi.

2206 1336 2554 1391 Hominibus
2603 1348 2794 1391 autem
2827 1336 2924 1391 illo
2976 1338 3134 1407 pacis
3172 1338 3394 1408 ordine,
3435 1355 3551 1409 quo
3584 1338 3714 1394 aliis
3764 1339 3866 1396 alii

2206 1416 2451 1485 subjecti
2484 1421 2643 1483 sunt,
2677 1418 2825 1471 sicut
2845 1420 3078 1488 prodest
3107 1417 3416 1473 humilitas
3446 1420 3865 1489 servientibus,

2205 1495 2286 1550 ita
2341 1500 2511 1550 nocet
2567 1496 2841 1567 superbia
2901 1497 3364 1554 dominantibus.
3406 1498 3617 1554 Nullus
3664 1505 3862 1557 autem

2207 1581 2433 1643 natura,
2462 1576 2645 1645 inqua
2671 1578 2832 1647 prius
2859 1582 3007 1631 Deus
3022 1578 3319 1633 hominem
3346 1579 3632 1645 condidit,
3658 1596 3864 1636 servus

2204 1663 2293 1712 est
2323 1657 2602 1722 hominis,
2637 1663 2739 1712 aut
2780 1658 3019 1728 peccati.
3058 1657 3272 1713 Verum
3300 1664 3356 1714 et
3407 1660 3653 1730 pmnalis
3682 1661 3863 1717 servi-

2202 1742 2296 1792 tus
2326 1755 2393 1793 ea
2424 1738 2548 1808 lege
2579 1738 2901 1805 ordinatur,
2936 1754 3059 1809 quae
3084 1739 3407 1795 naturalem
3432 1741 3694 1797 ordinem
3719 1758 3860 1797 con-

2202 1818 2415 1873 servari
2438 1818 2630 1888 jubet,
2659 1819 2983 1888 perturbari
3022 1824 3171 1875 vetat
3204 1835 3218 1874 :
3252 1820 3389 1891 quia
3415 1823 3459 1875 si
3493 1827 3693 1876 contra
3730 1838 3861 1881 eam

2201 1897 2385 1969 legem
2421 1915 2537 1954 non
2569 1903 2722 1954 esset
2755 1900 2991 1965 factum,
3018 1900 3163 1955 nihil
3196 1910 3337 1956 esset
3356 1901 3563 1971 poenali
3585 1903 3862 1959 servitute

2200 1979 2609 2034 coercendum.
2641 1979 2885 2049 Ideoque
2930 1980 3244 2049 Apostolus
3297 1982 3474 2037 etiam
3508 1999 3703 2039 servos
3737 1999 3858 2041 mo-

2202 2064 2300 2114 net
2331 2060 2596 2115 subditos
2618 2076 2748 2115 esse
2770 2059 3024 2115 dominis
3042 2062 3190 2131 suis,
3218 2069 3275 2117 et
3303 2078 3371 2117 ex
3394 2063 3591 2119 animo
3613 2066 3699 2119 eis
3721 2080 3855 2120 cum

2202 2140 2348 2195 bona
2378 2141 2672 2196 voluntate
2703 2145 2919 2196 servire
2949 2141 3161 2213 (Ephes.
3194 2159 3269 2212 v1,
3296 2145 3355 2214 5)
3385 2159 3399 2198 :
3444 2153 3504 2199 ut
3536 2144 3780 2212 scilicet,
3802 2145 3859 2201 si

2198 2238 2316 2278 non
2366 2229 2612 2292 possunt
2640 2240 2675 2277 a
2702 2222 2955 2278 dominis
3013 2224 3182 2279 liberi
3215 2225 3363 2292 ﬁeri,
3394 2241 3562 2281 suam
3601 2226 3853 2282 servitu-

2200 2308 2314 2358 tem
2350 2304 2462 2374 ipsi
2495 2304 2933 2375 quodammodo
2966 2304 3203 2361 liberam
3239 2306 3455 2362 faciant
3489 2327 3504 2374 ;
3539 2324 3653 2363 non
3689 2310 3856 2364 timo.

2199 2400 2259 2439 re
2289 2384 2559 2451 subdolo,
2594 2385 2693 2439 sed
2750 2385 2907 2439 ﬁdeli
2973 2385 3283 2441 dilectione
3316 2388 3642 2455 serviendo,
3675 2389 3858 2445 donec

2198 2467 2455 2519 transeat
2484 2465 2791 2535 iniquitas,
2825 2469 2881 2520 et
2911 2470 3223 2521 evacuetur
3264 2468 3457 2523 omnis
3489 2468 3856 2540 principatus

2196 2550 2253 2599 et
2286 2551 2541 2615 potestas
2572 2545 2852 2612 humana,
2893 2554 2947 2602 et
3004 2548 3081 2603 sit
3122 2546 3276 2604 Deus
3315 2548 3515 2604 omnia
3562 2549 3623 2604 in
3663 2550 3851 2605 omni-

2198 2624 2329 2681 bus.

2365 2783 2597 2840 CAPUT
2625 2781 2765 2838 XVI.
2802 2813 2869 2823 —
2888 2758 2965 2839 o‘.
2989 2798 3151 2855 aequo
3170 2786 3303 2858 jure
3331 2785 3678 2843 dominandi.

2265 2928 2543 2993 Quocirca
2573 2928 2805 2984 etiamsi
2839 2928 3172 2985 habuerunt
3219 2947 3413 2987 servos
3461 2932 3606 3003 justi
3650 2938 3852 3005 patres

2194 3009 2399 3076 nostri,
2441 3008 2523 3063 sic
2577 3010 2809 3077 quidem
2868 3010 3358 3067 administrabant
3403 3015 3418 3049 ί
3462 3014 3852 3073 domesticam

2193 3104 2413 3159 pacem,
2439 3093 2503 3143 ut
2525 3089 2846 3145 secundum
2873 3087 2993 3145 hac
3016 3092 3361 3162 temporalia
3393 3093 3566 3163 bona,
3589 3094 3851 3153 ﬁliorum

2193 3177 2405 3223 sortem
2440 3185 2473 3224 a
2516 3185 2817 3225 servorum
2878 3171 3219 3229 conditione
3259 3174 3734 3245 distinguerent;
3769 3177 3846 3232 ad

2191 3249 2374 3306 Deum
2423 3255 2616 3306 autem
2650 3250 2984 3315 colendum,
3021 3252 3079 3307 in
3113 3270 3227 3325 quo
3273 3260 3487 3311 aeterna
3526 3246 3675 3311 bona
3705 3272 3846 3328 spe-

2190 3332 2377 3387 randa
2418 3335 2579 3399 sunt,
2631 3331 2904 3387 omnibus
2952 3333 3162 3389 domus
3210 3350 3328 3391 suis
3379 3336 3658 3392 membris
3718 3337 3846 3409 pari

2190 3412 2500 3468 dilectione
2558 3412 2943 3468 consulerent.
2995 3415 3156 3479 Quod
3217 3417 3503 3471 naturalis
3561 3417 3700 3472 ordo
3759 3418 3849 3474 ita

2187 3492 2531 3564 prmecribit,
2592 3497 2655 3547 ut
2686 3508 2897 3548 nomen
2930 3501 3156 3563 patrum
3207 3495 3455 3551 familias
3487 3497 3617 3552 hinc
3672 3513 3846 3553 exor-

2186 3578 2309 3627 tum
2342 3574 2640 3637 sit,ettam
2660 3573 2774 3629 late
2796 3572 3123 3644 vulgatum,
3149 3580 3212 3629 ut
3232 3576 3431 3647 inique
3456 3578 3630 3633 etiam
3655 3577 3847 3635 domi.

2188 3660 2397 3709 nantes
2428 3654 2535 3709 hoc
2578 3671 2638 3708 se
2674 3655 2966 3721 gaudeant
3016 3654 3315 3727 appellari.
3360 3657 3465 3721 Qui
3498 3666 3691 3713 autem
3721 3658 3843 3714 veri

2185 3733 2627 3805 patresfamilias
2656 3740 2817 3799 sunt,
2862 3736 3127 3791 omnibus
3169 3737 3227 3791 in
3260 3737 3478 3794 familia
3531 3755 3641 3795 sua
3696 3744 3840 3795 tan-

2182 3832 2356 3884 quam
2390 3815 2521 3868 ﬁliis
2579 3816 2648 3869 ad
2682 3813 2985 3871 colendum
3031 3820 3087 3871 et
3147 3820 3600 3888 promerendum
3651 3819 3839 3877 Deum

2181 3895 2499 3954 consulunt
2533 3912 2546 3963 ;
2586 3894 2982 3951 desiderantes
3034 3901 3207 3968 atque
3247 3904 3508 3969 optantes
3538 3902 3732 3956 venire
3760 3900 3842 3957 ad

2180 3976 2472 4033 cmlestem
2504 3976 2765 4042 domum,
2787 3976 2883 4031 ubi
2910 3978 3304 4033 necessarium
3338 3996 3450 4035 non
3467 3980 3825 4037 sitofﬁcium

2179 4056 2505 4129 imperandi
2546 4057 2911 4122 mortalibus,
2936 4058 3073 4129 quia
3125 4062 3519 4117 necessarium
3570 4079 3682 4117 non
3714 4062 3828 4118 erit

2178 4139 2435 4194 ofﬁcium
2470 4136 2809 4193 consulendi
2834 4140 2952 4207 jam
2988 4141 3045 4193 in
3079 4138 3181 4195 illa
3236 4141 3673 4198 immortalitate
3705 4142 3833 4199 felip

2179 4221 2343 4274 cibus
2378 4234 2391 4273 :
2426 4235 2541 4288 quo
2575 4218 2757 4273 donec
2788 4219 3077 4284 veniatur,
3128 4222 3318 4293 magis
3367 4223 3576 4278 debent
3634 4232 3826 4295 patres

2179 4300 2331 4371 quod
2367 4298 2764 4367 dominantur,
2798 4315 2975 4371 quam
3008 4304 3159 4357 servi
3211 4302 3456 4359 tolerare
3501 4307 3656 4376 quod
3698 4322 3827 4361 ser-

2178 4384 2360 4435 viunt.
2393 4379 2451 4434 Si
2484 4380 2617 4449 quis
2648 4386 2837 4435 autem
2880 4380 2939 4435 in
3001 4383 3171 4438 domo
3214 4399 3316 4454 per
3366 4383 3831 4442 inobedientiam

2178 4460 2511 4515 domesticae
2540 4461 2665 4531 paci
2715 4462 3070 4529 adversatur,
3109 4464 3443 4535 corripitur,
3473 4480 3569 4521 seu
3626 4467 3833 4535 verbo,

2177 4556 2277 4597 seu
2312 4539 2566 4605 verbere,
2597 4557 2697 4596 seu
2744 4541 3003 4612 quolibet
3057 4542 3168 4600 alio
3207 4561 3418 4618 genere
3448 4563 3627 4618 praua
3662 4547 3835 4617 justo

2177 4625 2352 4693 atque
2384 4620 2559 4687 licito,
2611 4628 2898 4692 quantum
2931 4623 3178 4681 societas
3240 4626 3496 4683 humana
3536 4628 3833 4696 concedit,

2177 4719 2279 4774 pro
2311 4702 2438 4772 ejus
2469 4702 2567 4771 qui
2600 4701 2913 4773 corripitur
2943 4702 3211 4773 utilitate,
3247 4712 3308 4761 ut
3336 4707 3464 4778 paci
3518 4709 3675 4764 unde
3699 4708 3832 4763 dis-

2177 4782 2419 4836 siluerat
2439 4786 2761 4850 coaptctur.
2794 4783 2954 4837 Sicut
2974 4784 3131 4838 enim
3157 4802 3272 4839 non
3291 4792 3376 4841 est
3406 4786 3832 4857 beneﬁcentia,

2176 4861 2508 4931 adjuvando
2531 4861 2759 4915 efﬁcere
2782 4870 2842 4917 ut
2872 4861 3095 4918 bonum
3120 4866 3275 4935 quod
3310 4869 3634 4935 majusest
3665 4868 3837 4923 amit-

2173 4947 2331 4997 tatur
2364 4958 2376 5008 ;
2409 4940 2490 4995 ita
2521 4958 2635 4996 non
2677 4947 2762 4997 est
2792 4944 3154 5010 innocentiae,
3188 4947 3477 5017 parcendo
3528 4948 3726 5005 sinere
3766 4954 3835 5006 ut

2176 5021 2237 5077 in
2261 5020 2478 5076 malum
2499 5022 2733 5092 gravius
2756 5023 3067 5082 incidatur.
3094 5025 3352 5083 Pertinet
3384 5044 3519 5098 ergo
3549 5030 3624 5085 ad
3660 5031 3831 5086 inno-

2173 5101 2353 5157 centis
2384 5101 2663 5171 ofﬁcium,
2698 5120 2810 5159 non
2843 5105 3037 5161 solum
3081 5107 3300 5163 nemini
3334 5109 3559 5165 malum
3593 5111 3830 5179 inferre,

2174 5195 2365 5236 verum
2399 5181 2572 5236 etiam
2604 5183 2881 5263 cohibere
2912 5202 2944 5240 a
2980 5192 3232 5255 peccato,
3264 5187 3353 5244 vel
3384 5189 3591 5259 punire
3622 5206 3833 5263 pecca-

2172 5264 2337 5329 tum;
2373 5265 2567 5315 utaut
2598 5262 2718 5342 ipse
2748 5266 2844 5333 qui
2889 5264 3179 5335 plectitur,
3223 5268 3553 5339 corrigatur
3601 5262 3828 5342 experi-

2174 5345 2391 5421 mento,
2422 5346 2522 5421 aut
2560 5340 2659 5395 alii
2717 5347 3045 5401 terreantur
3099 5349 3388 5419 exemplo.
3438 5348 3587 5412 Quia
3647 5340 3829 5421 igitur

2170 5418 2428 5475 hominis
2459 5420 2663 5478 domus
2694 5421 2927 5482 initium
2974 5427 3093 5483 sive
3126 5418 3415 5499 particula
3465 5428 3642 5487 debet
3674 5418 3829 5488 sese

2234 5661 2252 5698 ι
2282 5660 2426 5720 Mss.,
2457 5661 2537 5711 sic
2562 5663 3054 5730 administrabant,
3081 5666 3295 5727 omisso,
3326 5668 3569 5732 quidem.
