4110 6196
433 318 547 376 64⁵7

426 466 483 519 v,
514 451 570 519 6)
596 467 609 506 :
642 465 758 520 qua
787 445 945 501 salva
965 446 1140 512 atque
1169 444 1342 503 certa,
1374 438 1446 496 de
1476 437 1835 510 quibusdam
1852 436 2065 520 rebus,

429 513 577 603 quas
625 513 811 598 neque
868 538 1059 588 sensu,
1115 535 1303 592 neque
1359 519 1581 575 ratione
1633 513 2064 603 percepimus‘,

426 597 614 680 neque
647 597 813 662 nobis
870 621 970 676 per
1021 602 1383 672 Scripturam
1435 599 1785 680 canonicam,
1839 597 2066 680 clarue-

425 677 582 754 runt,
617 703 723 744 nec
749 703 847 757 per
871 690 1050 741 testes
1081 682 1297 753 quibus
1337 698 1450 737 non
1483 681 1714 736 credere
1741 677 2066 734 absurdum

421 775 526 838 est,
560 769 620 824 in
653 771 911 823 nostram
945 764 1216 821 notitiam
1265 765 1673 834 pervenerunt,
1733 761 1860 815 sine
1901 759 2067 828 justa

421 847 869 922 reprehensione
901 846 1240 901 dubitamus
1269 845 1376 913 (a).

421 956 662 1014 CAPUT
694 955 840 1013 XIX.
893 986 960 994 —
989 955 1064 1010 De
1095 953 1286 1042 habitu
1310 956 1371 1042 _at
1408 949 1652 1006 moribus
1693 947 1885 1020 populi
1914 946 2070 1002 chri-

1146 1034 1341 1087 stiani.

486 1143 642 1200 Nihil
677 1160 817 1200 sane
842 1143 912 1198 ad
948 1142 1120 1198 istam
1147 1140 1396 1212 pertinet
1425 1139 1714 1195 civitatem
1749 1154 1863 1209 quo
1903 1135 2068 1192 babi-

416 1232 481 1284 tu
513 1226 600 1282 vel
633 1241 790 1282 more
821 1224 1067 1292 vivendi,
1109 1221 1158 1277 si
1191 1238 1304 1278 non
1337 1226 1426 1276 est
1455 1226 1653 1276 contra
1684 1221 1880 1275 divina
1917 1235 2067 1290 pre-

417 1312 603 1377 cepts,
659 1305 835 1359 istam
899 1303 1097 1369 ﬁdem,
1159 1318 1274 1372 qua
1341 1300 1672 1371 pervenitur
1726 1299 1801 1355 ad
1867 1303 2066 1364 Deum,

417 1387 662 1459 quisque
692 1389 987 1440 sectetur:
1022 1383 1174 1438 unde
1205 1383 1360 1452 ipsos
1391 1396 1626 1452 quoque
1663 1378 2063 1450 philosophos,

419 1467 651 1538 quando
691 1463 1004 1521 Christiani
1039 1464 1209 1530 ﬁunt,
1245 1479 1357 1518 non
1393 1464 1661 1518 habitum
1709 1461 1793 1517 vel
1825 1476 2066 1516 consue-

421 1546 688 1603 tudinem
746 1546 955 1610 victus,
1016 1559 1142 1613 quae
1199 1543 1342 1597 nihil
1398 1543 1643 1612 impedit
1699 1541 2063 1612 religionem,

421 1629 522 1684 sed
583 1627 731 1682 falsa
759 1627 1032 1697 dogmata
1072 1628 1298 1678 mutare
1335 1623 1652 1693 compellit.
1699 1623 1856 1679 Unde
1901 1621 2063 1676 illam

421 1725 594 1779 quam
642 1710 822 1762 Varro
863 1703 1129 1760 adhibuit
1172 1720 1238 1759 ex
1289 1704 1521 1774 Cynicis
1570 1703 1978 1769 differentiam,
2013 1701 2064 1756 si

418 1787 564 1846 nihil
609 1786 861 1857 turpiter
890 1793 1062 1854 atque
1110 1783 1566 1854 intemperanter
1597 1782 1789 1854 agat”,
1831 1783 2064 1837 omnino

415 1885 530 1924 non
579 1872 764 1922 curat.
818 1865 898 1918 Ex
955 1865 1148 1919 tribus
1192 1879 1326 1918 vero
1375 1863 1491 1918 illis
1539 1863 1668 1918 vita:
1727 1862 2062 1934 generibus,

411 1950 619 2014 otioso,
651 1950 908 2010 actuoso,
941 1952 995 2000 et
1033 1961 1102 1998 ex
1132 1949 1375 2015 utroque
1407 1943 1757 2014 composito,
1789 1945 2062 2014 quamvis

408 2029 568 2086 salva
599 2027 711 2082 ﬁde
742 2024 988 2097 quisque
1043 2023 1226 2093 possit
1256 2023 1314 2078 in
1359 2023 1619 2093 quolibet
1647 2040 1846 2080 eorum
1887 2024 2060 2080 vitam

410 2109 640 2172 ducere,
663 2115 715 2161 et
747 2107 816 2160 ad
872 2105 1234 2176 sempiterna
1275 2105 1508 2173 praemia
1551 2104 1885 2174 pervenire;
1921 2105 2064 2162 inte-

410 2194 531 2246 rest
588 2195 780 2242 tamen
848 2185 988 2256 quid
1057 2201 1251 2240 amore
1316 2189 1511 2240 teneat
1571 2185 1864 2252 veritatis,
1925 2185 2060 2254 quid

411 2268 603 2325 ofﬁcio
631 2266 929 2323 charitatis
964 2265 1278 2335 impendat.
1312 2264 1424 2321 Nec
1465 2265 1550 2320 sic
1593 2266 1838 2335 quisque
1893 2266 2065 2320 debet

413 2365 541 2407 esse
573 2348 817 2414 otiosus,
851 2350 912 2400 ut
941 2345 1000 2401 in
1033 2346 1236 2401 eodem
1269 2345 1386 2400 otio
1435 2345 1752 2400 utilitatem
1805 2363 1918 2401 non
1966 2362 2064 2401 co-

409 2429 542 2501 gitet
578 2427 826 2500 proximi
855 2444 869 2493 ;
895 2442 998 2481 nec
1031 2425 1116 2481 sic
1159 2431 1456 2492 actuosus,
1508 2434 1569 2480 ut
1615 2425 2060 2498 contemplatio-

411 2526 544 2566 nem
578 2525 695 2564 non
728 2507 986 2577 requirat
1014 2505 1137 2560 Dei.
1178 2505 1241 2560 In
1289 2506 1404 2560 otio
1446 2523 1560 2561 non
1621 2506 1780 2561 iners
1837 2507 2062 2562 vacatio

415 2589 702 2645 delectare
735 2587 943 2653 debet;
977 2585 1075 2640 sed
1129 2590 1231 2640 aut
1279 2585 1606 2656 inquisitio,
1655 2590 1754 2640 aut
1803 2585 2060 2642 inventio

415 2669 708 2725 veritatis:
744 2673 806 2722 ut
836 2667 894 2721 in
928 2683 995 2721 ea
1025 2665 1274 2737 quisque
1307 2666 1594 2738 proﬁciat,
1626 2669 1682 2721 et
1711 2667 1864 2736 quod
1901 2665 2058 2722 inve-

417 2750 571 2804 nerit
598 2753 810 2816 teneat,
840 2757 894 2802 et
937 2747 1105 2802 alteri
1171 2763 1285 2801 non
1337 2745 1652 2802 invideat-’2
1716 2749 1777 2802 In
1837 2747 2060 2804 actione

416 2844 549 2884 vero
582 2844 697 2882 non
729 2827 1019 2881 amandus
1051 2830 1140 2882 est
1169 2826 1350 2882 honor
1376 2827 1435 2882 in
1467 2826 1574 2882 hac
1612 2827 1752 2894 vita,
1793 2827 1914 2882 sive
1961 2844 2059 2897 po-

415 2908 639 2974 tentia;
673 2907 945 2978 quoniam
979 2906 1178 2962 omnia
1215 2923 1358 2962 vana
1404 2907 1510 2961 sub
1557 2907 1716 2962 sole:
1767 2907 1867 2964 sed
1916 2923 2061 2978 opus

415 2991 636 3061 ipsum,
667 2989 813 3060 quod
847 3004 948 3060 per
977 2988 1246 3042 eumdem
1282 2988 1559 3044 honorem
1605 2987 1690 3042 vel
1738 2987 2061 3058 potentiam

411 3069 498 3139 ﬁt,
535 3070 583 3125 si
617 3074 770 3124 recte
801 3073 974 3138 atque
1007 3066 1234 3121 utiliter
1267 3067 1352 3137 ﬁt,
1387 3067 1442 3122 id
1489 3072 1597 3134 est,
1652 3072 1714 3122 ut
1753 3067 1940 3122 valeat
1988 3069 2058 3124 ad

414 3166 541 3206 eam
575 3150 823 3205 salutem
863 3147 1262 3213 subditorum,
1313 3163 1441 3217 quae
1491 3148 1812 3202 secundum
1875 3154 2060 3204 Deum

419 3240 544 3299 est;
605 3230 762 3286 unde
810 3227 936 3298 jam
988 3227 1256 3298 superius
1305 3228 1734 3299 disputavimus
1778 3230 1939 3300 (Cap.
1983 3231 2060 3299 6).

417 3311 651 3381 Propter
675 3307 828 3380 quod
862 3307 943 3361 ait
982 3305 1311 3375 Apostolus,
1363 3310 1472 3375 Qui
1509 3309 1875 3378 episcopatum
1915 3309 2063 3364 desi-

415 3393 593 3458 derat,
628 3391 829 3446 bonum
875 3403 1005 3459 Opus
1034 3386 1304 3444 desiderat
1355 3389 1400 3458 (Ι
1436 3391 1570 3444 Tim.
1622 3406 1707 3454 ιιι,
1762 3389 1831 3461 1).
1876 3389 2060 3462 Expo-

415 3489 552 3528 nere
581 3469 764 3526 voluit
794 3469 933 3540 quid
970 3466 1048 3523 sit
1083 3465 1481 3538 episcopatus;
1527 3469 1666 3541 quia
1715 3486 1922 3526 nomen
1973 3479 2061 3526 est

416 3552 632 3626 operis,
667 3567 782 3606 non
841 3549 1083 3605 honoris
1118 3549 1225 3618 (b).
1273 3549 1537 3605 Gnaeum
1571 3558 1650 3604 est
1681 3551 1856 3617 enim,
1889 3556 2062 3622 atque

415 3634 552 3690 inde
583 3634 826 3688 ductum
860 3630 1232 3697 vocabulum,
1276 3632 1429 3701 quod
1468 3630 1562 3685 ille
1593 3631 1691 3702 qui
1727 3632 2059 3702 praeﬁcitur,

415 3716 500 3770 eis
530 3714 745 3783 quibus
779 3711 1090 3783 praeﬁcitur
1119 3711 1569 3782 superintendit,
1612 3728 1810 3766 curam
1855 3728 2059 3768 eorum

415 3794 636 3850 scilicet
663 3807 906 3864 gerens:
947 3789 1036 3844 ἐπί
1084 3792 1318 3862 quippe,
1372 3792 1586 3860 Super;
1645 3792 1847 3851 σκοπός
1904 3810 2058 3862 vero,

416 3874 670 3933 Intentio
700 3878 825 3928 est:
876 3887 1010 3943 ergo
1059 3867 1394 3938 ἐπισκοπεῖν,
1448 3873 1494 3925 si
1554 3871 1824 3940 velimus,
1883 3872 2060 3929 latine

415 3952 903 4026 Superintendere
939 3967 1253 4022 possumus
1283 3951 1472 4006 dicere
1498 3950 1570 4023 (ο)
1601 3969 1613 4017 ;
1663 3957 1727 4006 ut
1767 3953 2060 4024 intelligat

414 4051 530 4091 non
563 4049 626 4089 se
654 4047 778 4087 esse
808 4032 1171 4103 episcopum,
1207 4035 1301 4102 qui
1339 4048 1580 4100 praeesse
1610 4031 1898 4101 dilexerit,
1942 4049 2058 4089 non

414 4116 701 4186 prodesse.
750 4113 949 4181 Itaque
1007 4129 1040 4166 a
1083 4111 1272 4165 studio
1332 4111 1746 4181 cognoscenda
1803 4112 2060 4168 veritatis

415 4212 588 4252 nemo
646 4192 1007 4264 prohibetur,
1071 4191 1227 4263 quod
1285 4191 1351 4245 ad
1430 4191 1730 4246 laudabile
1809 4195 2062 4261 pertinet

415 4278 592 4332 otium
623 4290 636 4328 :
671 4275 832 4328 locus
863 4289 993 4328 vero
1024 4271 1310 4342 superior,
1344 4271 1468 4327 sine
1499 4288 1613 4342 quo
1646 4271 1766 4341 regi
1813 4273 2061 4342 populus

413 4373 529 4411 non
563 4357 771 4424 potest,
799 4353 906 4407 etsi
953 4352 1033 4405 ita
1084 4357 1350 4404 teneatur
1396 4364 1568 4422 atque
1619 4351 2063 4408 administretur

415 4441 481 4490 ut
509 4436 690 4498 decet,
723 4438 919 4487 tamen
951 4433 1288 4487 indecenter
1316 4434 1611 4503 appetitur
1649 4433 1750 4504 (ά).
1803 4434 2064 4498 Quamo-

414 4517 580 4571 brem
613 4512 794 4568 otium
820 4517 1087 4568 sanctum
1121 4515 1326 4583 quaerit
1355 4513 1613 4570 charitas
1632 4514 1893 4570 veritatis
1917 4531 1930 4570 :
1958 4533 2061 4572 ne-

482 4641 500 4675 ι
531 4638 755 4698 Quidam
782 4639 926 4699 Mss,
950 4637 1309 4703 percipimus.
1341 4641 1408 4692 M.

480 4704 502 4738 ²
530 4703 654 4752 Sola
681 4703 841 4752 editio
869 4703 1015 4759 Lov.,
1045 4712 1237 4766 agant.

479 4769 501 4803 3
531 4767 714 4816 Plures
758 4768 900 4826 Mss.,
945 4776 996 4816 et
1046 4763 1190 4830 quod
1236 4763 1532 4820 invenerit,
1582 4779 1650 4812 ne
1696 4764 1864 4814 alteri
1911 4765 2062 4814 invi-

416 4831 556 4880 deat.

475 4896 556 4955 (ιι)
601 4892 746 4942 Cont.
791 4907 908 4942 cum
953 4893 1052 4942 hoc
1098 4892 1267 4955 capite
1311 4889 1717 4947 Tertullianum,
1761 4890 1816 4938 in
1872 4891 1965 4940 lib.
1995 4894 2062 4942 de

414 4957 627 5019 Anima,
657 4969 767 5019 cap.
796 4956 874 5005 17.
903 4955 1159 5007 Coouasns.

417 5082 442 5130 1
475 5019 552 5080 (b)
581 5014 786 5128 Cigatiir
811 5019 868 5066 in
899 5017 1315 5080 Aquisgranensi
1363 5017 1588 5067 concilio
1640 5016 1768 5067 anni
1818 5014 1928 5074 816,
1966 5017 2058 5069 lib.

451 5119 464 5130 .
495 5094 610 5130 can.
675 5117 687 5129 .

495 5094 687 5130 080.3L

451 5095 944 5207 ’(gpili’eronymus
997 5155 1225 5204 quoque,
1281 5142 1340 5192 in
1401 5143 1634 5207 Epistula
1695 5143 1742 5195 8.
1804 5144 1871 5207 ad
1932 5143 2064 5191 Eva-

477 5207 604 5259 ium.
634 5206 712 5255 ita
736 5205 916 5262 vertit,
960 5211 1382 5268 cpiscopountes,
1433 5205 1459 5250 ἆ
1488 5205 2000 5268 superintendcntes.
2032 5222 2059 5249 »

544 5282 677 5317 AIUS.

455 5284 744 5404 0ῗὲίὶἒέ
771 5330 992 5404 Codicis,
1023 5331 1088 5378 de
1116 5329 1379 5404 EpiscOpis
1407 5331 1466 5404 et
1487 5328 1700 5404 Clericis
1731 5343 1744 5381 :
1777 5347 1803 5404 ᾳ
1831 5331 2059 5379 Tantum

411 5410 444 5457 ,α
473 5393 542 5443 ab
570 5395 775 5444 ambitu
827 5395 982 5444 debet
1010 5405 1124 5442 esse
1151 5393 1413 5457 sepositus
1440 5393 1696 5457 Antistes,
1741 5397 1802 5443 ut
1834 5405 2063 5457 quaera-

418 5473 443 5532 ᾳ
472 5458 563 5532 ιιιι-
607 5458 889 5532 cogendus,
946 5457 1188 5532 rogat-usi
1208 5456 1433 5532 recedat,
1470 5456 1763 5532 invitatus
1791 5456 2017 5532 effugiat
2045 5468 2059 5532 ;

419 5531 446 5562 α
475 5519 588 5566 sola
613 5517 692 5568 illi
722 5521 1046 5581 suffragetur
1072 5517 1370 5581 necessitas,
1393 5521 1695 5568 excusandi.
1732 5538 1757 5562 »
1806 5520 1868 5567 Et.
1905 5520 2056 5580 post:

421 5593 443 5624 ς
475 5581 709 5643 Proiecto
737 5580 986 5643 indignus
1013 5583 1092 5630 est
1121 5580 1428 5638 sacerdotio,
1459 5581 1562 5630 nisi
1596 5583 1756 5631 fuerit
1784 5583 2061 5632 ordinatus

423 5655 445 5684 ι
474 5641 694 5692 invitus.
728 5664 752 5688 ιι
784 5641 1050 5698 ϐοὸυιιιισε.

1485 305 1586 364 DE
1630 300 1998 365 CIVITATE
2039 297 2194 362 DEI.
2240 299 2304 360 S.
2349 301 2768 367 AUGUSTINI

3707 313 3830 373 648

2175 433 2396 504 gotium
2423 436 2648 506 justum
2680 440 2926 512 suscipit
2955 440 3271 497 necessitas
3301 442 3627 500 charitatis.
3649 447 3834 509 Quam

2175 515 2464 572 sarcinam
2492 519 2539 574 si
2574 519 2772 576 nullus
2802 521 3077 593 imponit,
3111 520 3497 594 percipiendas
3532 529 3708 596 atque
3748 527 3834 582 in-

2176 597 2399 651 tuendae
2431 601 2754 656 vacandum
2786 607 2874 658 est
2910 601 3177 658 veritati:
3227 603 3278 658 si
3323 610 3517 660 autem
3561 606 3828 677 imponi—

2175 679 2292 738 tur.
2325 680 2698 750 suscipienda
2737 687 2826 737 est
2879 688 3114 753 prapter
3151 683 3455 740 charitatis
3507 687 3834 742 necessita-

2175 760 2290 813 tem
2323 761 2399 831 (a)
2425 779 2438 816 :
2463 763 2563 817 sed
2600 779 2704 818 nec
2728 764 2812 819 sic
2835 763 2992 820 omni
3025 766 3195 821 modo
3225 766 3483 822 veritatis
3515 766 3827 824 delectatio

2175 839 2498 897 deserenda
2524 848 2634 912 est,
2695 861 2766 900 ne
2819 846 3202 902 subtrahatur
3270 845 3372 903 illa
3425 849 3700 916 suavitas,
3769 854 3830 904 et

2175 921 2468 992 opprimat
2499 924 2610 980 ista
2643 928 2986 982 necessitas.

2175 1054 2404 1112 CAPUT
2434 1055 2545 1113 XX.
2585 1090 2653 1099 -—
2685 1059 2836 1127 Quod
2873 1061 3013 1116 cive:
3040 1064 3363 1117 sanctorum
3395 1063 3453 1117 in
3484 1062 3616 1120 vita
3659 1061 3827 1134 hujus

2650 1147 2888 1211 tempore
2914 1156 3009 1212 spe
3035 1141 3186 1198 beati
3212 1141 3346 1198 sint.

2248 1244 2636 1308 Quamobrem
2669 1262 2965 1303 summum
2999 1249 3214 1304 bonum
3256 1248 3506 1304 civitatis
3549 1249 3649 1304 Dei
3689 1266 3828 1306 cum

2175 1321 2250 1377 sit
2275 1331 2490 1380 aeterna
2521 1342 2630 1397 pax
2660 1332 2833 1398 atque
2864 1328 3138 1399 perfecta,
3161 1345 3278 1384 non
3310 1345 3408 1400 per
3437 1345 3619 1400 quam
3665 1347 3830 1386 mor-

2173 1401 2318 1458 tales
2349 1407 2646 1461 transeant
2677 1410 2965 1464 nascendo
2995 1416 3168 1480 atque
3216 1409 3538 1478 moriendo,
3600 1411 3701 1466 sed
3760 1411 3821 1465 in

2176 1501 2290 1555 qua
2335 1485 2696 1544 immortales
2755 1494 3029 1545 maneant
3089 1488 3232 1544 nihil
3291 1490 3521 1545 adversi
3581 1490 3825 1546 omnino

2175 1565 2486 1636 patiendo;
2520 1569 2654 1638 quis
2683 1573 2772 1623 est
2819 1571 2919 1640 qui
2964 1569 3127 1625 illam
3187 1568 3364 1624 vitam
3422 1568 3511 1624 vel
3549 1570 3828 1626 beatissi-

2177 1662 2328 1700 mam
2355 1653 2542 1718 neget,
2575 1648 2662 1704 vel
2693 1649 2750 1704 in
2783 1651 2910 1718 ejus
2959 1649 3393 1720 comparatione
3443 1650 3641 1718 istam,
3689 1666 3820 1720 qua

2174 1725 2268 1782 hic
2299 1729 2512 1800 agitur,
2545 1731 2928 1801 quantislibet
2956 1733 3134 1786 animi
3165 1739 3222 1787 et
3247 1730 3508 1803 corporis
3547 1737 3829 1787 externa-

2174 1823 2424 1884 rumque
2454 1826 2645 1866 rerum
2681 1811 2852 1867 bonis
2884 1811 3054 1881 plena
3091 1812 3190 1878 sit,
3249 1827 3365 1867 non
3428 1812 3825 1868 miserrimam

2165 1885 2440 1957 judicet?
2475 1892 2656 1954 Quam
2702 1896 2897 1947 tamen
2961 1893 3318 1963 quicumque
3367 1892 3450 1948 sic
3499 1891 3711 1961 habet,
3761 1900 3823 1947 ut

2172 1970 2298 2038 ejus
2330 1987 2501 2025 usum
2533 1972 2740 2026 referat
2769 1973 2840 2028 ad
2875 1972 3033 2028 illius
3065 1973 3262 2038 ﬁnem,
3295 1988 3466 2042 quam
3500 1973 3693 2044 diligit
3721 1989 3825 2027 ar-

2172 2051 2537 2118 dentissime,
2573 2069 2639 2107 ac
2661 2051 3001 2109 ﬁdelissime
3031 2063 3247 2126 sperat,
3281 2069 3397 2109 non
3423 2053 3676 2110 absurde
3703 2053 3820 2108 dici

2172 2132 2349 2188 etiam
2385 2149 2538 2188 nunc
2570 2135 2773 2189 beatus
2805 2138 3012 2204 potest,
3054 2151 3158 2204 spe
3202 2134 3303 2189 illa
3361 2133 3576 2205 potius,
3639 2148 3820 2205 quam

2173 2229 2233 2268 re
2263 2214 2392 2268 ista.
2429 2213 2539 2269 Res
2570 2230 2702 2269 vero
2732 2214 2843 2270 ista
2873 2215 2999 2270 sine
3029 2230 3131 2285 spe
3159 2214 3281 2283 illa,
3328 2214 3630 2270 beatitudo
3672 2214 3823 2270 falsa

2171 2299 2228 2350 et
2258 2311 2471 2366 magna
2502 2295 2740 2350 miseria
2768 2300 2890 2351 est:
2925 2312 3039 2352 non
3072 2297 3228 2352 enim
3260 2296 3412 2352 veris
3438 2296 3622 2351 animi
3649 2296 3822 2351 bonis

2173 2377 2376 2433 utitur.
2410 2377 2693 2443 Quoniam
2725 2393 2838 2432 non
2873 2381 2965 2432 est
3016 2393 3151 2432 vera
3199 2377 3506 2447 sapientia,
3551 2393 3680 2448 qua:
3731 2377 3822 2431 in-

2171 2455 2488 2512 tentionem
2521 2472 2688 2512 suam
2723 2457 2782 2512 in
2823 2455 2913 2512 his
2969 2473 3096 2528 quae
3144 2457 3463 2529 prudenter
3508 2457 3818 2522 discernit,

2171 2539 2322 2608 gerit
2352 2539 2596 2600 fortiter,
2637 2537 2867 2592 cohibet
2911 2542 3324 2608 temperanter,
3367 2539 3649 2610 justeque
3695 2537 3818 2594 dis-

2171 2617 2398 2686 tribuit,
2432 2618 2627 2673 nonin
2657 2617 2826 2672 illum
2859 2617 3062 2689 dirigit
3106 2619 3303 2684 ﬁnem,
3353 2619 3452 2674 ubi
3501 2619 3613 2674 erit
3670 2619 3821 2674 Deus

2172 2699 2365 2755 omnia
2397 2697 2457 2757 in
2485 2697 2760 2753 omnibus
2791 2698 2839 2769 (Ι
2872 2699 2993 2754 Cor.
3026 2715 3119 2769 xv,
3148 2700 3265 2768 28),
3305 2699 3629 2756 aeternitate
3667 2703 3821 2756 certa

2171 2784 2228 2834 et
2257 2794 2396 2850 pace
2427 2779 2702 2849 perfecta.

2170 2904 2402 2960 CAPUT
2435 2904 2576 2960 XXI.
2618 2936 2684 2946 —
2708 2905 2786 2959 An
2813 2903 3115 2960 secundum
3153 2904 3497 2976 deﬁnitiones
3533 2905 3828 2976 Scipionis

2240 3001 2361 3056 quae
2389 2988 2449 3040 in
2480 2985 2705 3056 dialogo
2739 2985 3014 3042 Ciceronis
3043 2992 3194 3056 sunt,
3221 3003 3458 3057 unquam
3486 2987 3670 3053 fuerit
3718 2987 3830 3042 Ro-

2243 3084 2410 3122 mana
2433 3066 2774 3138 respublica.

2246 3171 2297 3221 t.
2329 3166 2692 3238 QuaprOpter
2720 3182 2876 3221 nunc
2909 3170 2999 3222 est
3048 3165 3228 3230 locus,
3279 3171 3345 3221 ut
3392 3181 3569 3236 quam
3621 3169 3826 3236 potero

2169 3249 2423 3304 breviter
2467 3263 2531 3302 ac
2581 3247 2835 3302 dilucide
2879 3248 3204 3318 expediam,
3255 3248 3411 3318 quod
3455 3248 3515 3302 in
3563 3247 3829 3304 secundo

2171 3329 2350 3399 hujus
2380 3330 2570 3402 operis
2601 3329 2751 3384 libro
2784 3343 2877 3384 me
2925 3329 3462 3382 demonstraturum
3513 3343 3640 3384 esse
3689 3342 3829 3398 pro-

2171 3409 2304 3464 misi
2336 3408 2486 3480 (Cap.
2511 3409 2600 3476 21,
2633 3425 2692 3463 η.
2736 3407 3160 3478 4),εθοιιοίίιιω
3187 3407 3584 3473 deﬁnitiones,
3605 3407 3826 3477 quibus

2169 3490 2324 3560 apud
2356 3488 2689 3544 Ciceronem
2723 3492 2907 3544 utitur
2929 3488 3120 3556 Scipio
3169 3487 3227 3542 in
3281 3487 3448 3542 libris
3498 3488 3570 3542 de
3628 3487 3826 3557 Repu-

2170 3569 2338 3637 blica,
2400 3585 2701 3640 nunquam
2753 3567 3173 3638 rempublicam
3229 3567 3409 3623 fuisse
3465 3567 3826 3624 Romanam.

2170 3651 2420 3706 Breviter
2448 3650 2603 3704 enim
2631 3647 3051 3719 rempublicam
3084 3647 3291 3703 deﬁnit
3320 3663 3445 3703 esse
3476 3664 3601 3702 rem
3635 3663 3821 3718 popu-

2169 3728 2230 3786 li.
2264 3731 2398 3793 Quaa
2431 3730 2711 3794 deﬁnitio,
2764 3729 2815 3785 si
2859 3745 2993 3784 vera
3041 3733 3149 3798 est,
3199 3745 3502 3798 nunquam
3537 3727 3647 3783 fuit
3706 3728 3821 3783 lto-

2170 3827 2346 3865 mana
2404 3811 2733 3882 respublica
2783 3827 2797 3864 :
2846 3809 2985 3881 quia
3041 3826 3345 3880 nunquam
3401 3809 3510 3864 fuit
3567 3825 3663 3864 res
3723 3823 3822 3878 po-

2171 3891 2334 3962 puli;
2372 3908 2546 3962 quam
2600 3890 2998 3946 deﬁnitionem
3047 3889 3233 3944 voluit
3277 3906 3409 3944 esse
3458 3889 3819 3959 reipublicze.

2170 3972 2458 4044 Populum
2499 3971 2654 4028 enim
2677 3988 2806 4026 esse
2836 3970 3099 4026 deﬁnivit
3137 3975 3349 4025 ccetum
3394 3968 3820 4036 multitudinis,

2165 4054 2318 4122 juris
2349 4068 2635 4108 consensu
2668 4057 2726 4106 et
2757 4050 3026 4106 utilitatis
3057 4049 3472 4106 communione
3503 4050 3819 4104 sociatum.

2171 4135 2318 4200 Quid
2365 4139 2560 4190 autem
2627 4133 2782 4187 dicat
2822 4133 2974 4202 juris
3033 4147 3411 4198 consensum,
3462 4129 3823 4201 disputando

2171 4214 2458 4286 explicat;
2494 4231 2594 4285 per
2625 4213 2734 4268 hoc
2765 4212 3084 4268 ostendens
3114 4212 3237 4282 geri
3270 4213 3397 4267 sine
3433 4210 3663 4281 justitia
3703 4225 3824 4266 non

2174 4311 2343 4366 posse
2392 4291 2856 4362 rempublicam:
2909 4290 3006 4344 ubi
3054 4306 3191 4360 ergo
3232 4289 3460 4360 justitia
3507 4305 3646 4344 vera
3705 4305 3824 4344 non

2171 4383 2279 4444 est,
2316 4376 2540 4445 necjus
2573 4378 2758 4444 potest
2786 4387 2936 4428 esse.
2967 4371 3131 4437 Quod
3165 4371 3320 4426 enim
3363 4371 3494 4441 jure
3543 4369 3632 4435 ﬁt,
3682 4385 3828 4440 pro-

2173 4461 2319 4514 fecto
2343 4457 2502 4526 juste
2543 4453 2808 4525 ﬁtzquod
2843 4459 3038 4508 autem
3072 4452 3137 4506 ﬁt
3168 4453 3514 4522 injuste,nec
3535 4451 3671 4522 jure
3695 4449 3827 4506 ﬁeri

2172 4544 2381 4612 potest.
2407 4537 2531 4594 Non
2563 4537 2716 4591 enim
2757 4535 2896 4605 jura
2955 4533 3202 4588 dicenda
3250 4537 3392 4588 sunt
3440 4531 3520 4588 vel
3559 4531 3827 4603 putanda

2171 4623 2370 4694 iniqua
2433 4619 2736 4675 hominum
2795 4615 3111 4671 constituta
3169 4631 3182 4670 :
3236 4630 3370 4671 cum
3428 4612 3578 4668 illud
3637 4612 3821 4668 etiam

2170 4703 2282 4775 ipsi
2308 4703 2409 4772 jus
2433 4715 2562 4755 esse
2591 4698 2806 4763 dicant,
2844 4696 2998 4767 quod
3031 4695 3101 4750 de
3122 4695 3366 4775 justitize
3403 4694 3563 4775 tanta
3608 4709 3823 4749 mana-

2173 4785 2346 4851 verit;
2377 4781 2703 4848 falsumque
2740 4793 2890 4842 esse,
2921 4775 3070 4845 quod
3101 4794 3132 4830 a
3163 4774 3516 4846 quibusdam
3532 4791 3648 4830 non
3668 4777 3820 4830 recte

2171 4861 2560 4921 sentientibus
2621 4859 2736 4914 dici
2789 4857 2959 4925 solet,
2993 4856 3048 4910 id
3090 4871 3222 4912 esse
3253 4857 3364 4925 ius,
3415 4854 3572 4925 quod
3622 4855 3676 4910 ei
3716 4852 3819 4924 qui

2173 4946 2301 5018 plus
2360 4946 2570 5015 potest,
2631 4939 2770 4994 utile
2827 4943 2916 4994 est
2956 4936 3051 5006 (b).
3085 4937 3364 5018 Quocirca
3423 4935 3520 4990 ubi
3581 4951 3696 5018 non
3732 4938 3823 5018 est

2171 5013 2569 5095 verajustitia,
2602 5021 2746 5088 iuris
2775 5033 3062 5073 consensu
3105 5017 3356 5072 sociatus
3397 5020 3584 5070 castus
3624 5013 3822 5070 homi-

2174 5122 2315 5162 num
2350 5120 2463 5159 non
2499 5105 2683 5172 potest
2711 5101 2954 5165 esse;et
3001 5097 3129 5152 ideo
3179 5113 3286 5151 nec
3334 5095 3610 5167 papulus,
3650 5097 3822 5166 juxta

2172 5185 2332 5242 illam
2366 5179 2652 5252 Scipionis
2700 5177 2788 5233 vel
2835 5176 3130 5233 Ciceronis
3177 5175 3620 5230 deﬁnitionem:
3674 5181 3731 5232 et
3767 5173 3823 5229 si

2182 5283 2295 5323 non
2344 5262 2618 5337 papulas,
2653 5275 2756 5314 nec
2796 5274 2890 5313 res
2940 5255 3177 5329 populi;
3219 5256 3318 5312 sed
3365 5253 3826 5326 qualiscumque

2231 5453 2309 5514 (a)
2337 5449 2485 5514 Cont.
2515 5446 2667 5514 epist.
2693 5443 2857 5514 t8.__n_.

2238 5501 2308 5575 lbi
2338 5514 2422 5562 Sic
2453 5501 2938 5575 just-umdetinivit
2983 5502 3407 5575 Thrasymachus
3457 5501 3823 5575 appd__?lato-

2172 5564 2311 5637 nem,
2342 5577 2399 5624 in
2425 5564 2596 5637 primo
2622 5572 2758 5637 libro
2790 5569 2854 5618 de
2899 5564 3202 5630 Republica.
3246 5568 3414 5625 Quam
3449 5564 3822 5615 deﬁnitionem

2172 5635 2409 5690 Socrates
2430 5635 2660 5686 refutat.
