4110 6196
293 264 409 322 649

295 392 845 464 multitudinis,quaa
873 393 1070 466 populi
1103 393 1335 449 nomine
1364 395 1542 466 digna
1582 413 1697 450 non
1721 401 1831 451 est.
1858 400 1936 450 Ac

295 489 396 542 per
427 471 555 536 hoc,
589 470 637 524 si
671 472 1002 542 respublica
1032 487 1122 527 res
1166 472 1358 542 pepuli
1408 478 1516 536 est,
1573 478 1630 528 et
1688 473 1940 544 populus

296 568 408 605 non
443 556 529 605 est
563 552 660 620 qui
696 568 980 606 consensu
1016 569 1127 606 non
1162 553 1418 606 sociatus
1464 558 1552 608 est
1595 555 1773 624 juris,
1825 570 1937 610 non

294 637 383 686 est
413 644 602 685 autem
626 631 750 700 jus,
787 631 884 684 ubi
918 630 1075 685 nulla
1099 631 1336 702 justitia
1357 641 1482 688 est:
1518 635 1720 704 procul
1760 633 1938 688 dubio

295 711 608 780 colligitur,
653 710 1006 778 ubijustitia
1040 728 1153 766 non
1200 716 1305 776 est,
1361 727 1476 766 non
1527 729 1654 768 esse
1704 729 1940 783 rempu-

296 792 532 846 blicam.
596 789 834 845 Iustitia
882 808 1052 859 porro
1113 807 1179 847 ea
1228 793 1412 846 virtus
1480 798 1588 860 est,
1649 810 1775 864 qua
1832 809 1941 847 sua

295 872 508 940 cuique
539 870 854 925 distribuit.
889 872 1023 936 Quae
1054 872 1237 942 igitur
1271 872 1500 943 justitia
1542 878 1629 929 est
1666 873 1941 940 hominis,

295 969 424 1022 qua)
458 953 649 1021 ipsum
682 951 978 1007 hominem
1012 952 1126 1008 Deo
1157 970 1290 1009 vero
1322 953 1493 1022 tollit,
1527 962 1579 1009 et
1619 955 1943 1010 immundis

294 1032 660 1087 daemonibus
691 1032 934 1086 subdit?
965 1032 1214 1089 Hoccine
1244 1038 1333 1089 est
1355 1051 1463 1090 sua
1494 1034 1705 1105 cuique
1746 1035 1943 1090 distri-

299 1113 519 1168 buere?
546 1114 630 1166 An
664 1112 763 1182 qui
796 1111 1044 1166 fundum
1078 1115 1268 1168 aufert
1295 1113 1346 1168 ei
1378 1131 1410 1169 a
1437 1131 1553 1184 quo
1583 1119 1814 1185 emptus
1836 1119 1946 1182 est,

296 1197 355 1249 et
384 1193 566 1248 tradit
596 1192 645 1247 ei
694 1192 791 1262 qui
825 1191 969 1247 nihil
1002 1194 1059 1246 in
1108 1210 1174 1248 eo
1232 1193 1405 1248 habet
1463 1195 1638 1263 juris,
1694 1195 1948 1266 injustas

298 1282 424 1342 est;
459 1281 512 1328 et
542 1273 637 1342 qui
661 1288 722 1327 se
753 1273 942 1342 ipsum
976 1274 1161 1328 aufert
1191 1274 1512 1330 dominanti
1548 1275 1686 1342 Deo,
1743 1292 1776 1330 a
1832 1292 1948 1347 quo

302 1357 497 1410 factus
526 1357 635 1418 est,
693 1357 750 1408 et
803 1352 1080 1424 malignis
1143 1355 1322 1409 servit
1377 1354 1705 1425 spiritibus,
1755 1356 1950 1427 justus

303 1434 444 1490 est?

374 1516 428 1568 2.
461 1514 800 1585 Disputatur
830 1517 983 1568 certe
1012 1514 1287 1570 acerrime
1327 1519 1502 1586 atque
1534 1517 1850 1574 fortissime
1880 1518 1939 1574 in

304 1595 528 1650 eisdem
559 1593 705 1664 ipsis
735 1595 804 1648 de
836 1593 1155 1664 Republica
1185 1595 1347 1650 libris
1385 1597 1659 1652 adversus
1711 1598 1953 1668 injusti-

302 1676 449 1730 tiam
485 1690 588 1746 pro
611 1673 868 1744 justitia.
900 1678 968 1728 Et
995 1675 1294 1744 quoniam,
1322 1692 1454 1730 cum
1491 1677 1652 1747 prius
1690 1688 1954 1747 ageretur

305 1773 410 1828 pro
441 1755 741 1826 injustitiae
774 1755 1038 1826 partibus
1066 1761 1268 1812 contra
1293 1757 1607 1828 justitiam,
1639 1763 1694 1814 et
1724 1759 1953 1815 dicere-

305 1843 405 1892 tur
456 1836 568 1891 nisi
620 1852 722 1907 per
754 1835 1103 1906 injustitiam
1143 1837 1562 1907 rempublicam
1595 1844 1746 1895 stare
1778 1857 1957 1910 auge-

306 1919 478 1989 rique
507 1933 620 1971 non
654 1932 858 1986 posse;
889 1915 996 1972 hoc
1028 1917 1203 1972 veluti
1235 1917 1656 1974 validissimum
1698 1922 1956 1991 positum

309 2003 458 2062 erat,
490 1998 776 2068 injustum
809 2013 958 2063 esse,
991 2002 1055 2052 ut
1086 1997 1353 2054 homines
1386 1999 1729 2055 hominibus
1768 2002 1960 2056 domi-

313 2079 598 2134 nantibus
645 2077 934 2144 serviant;
977 2093 1154 2146 quam
1204 2085 1396 2132 tamen
1447 2077 1798 2148 injustitiam
1846 2079 1963 2134 nisi

307 2165 592 2228 sequatur
619 2155 934 2225 imperiosa
963 2156 1185 2220 civitas,
1212 2157 1378 2224 cujus
1409 2164 1496 2211 est
1520 2173 1731 2227 magna
1761 2173 1962 2229 respu-

316 2239 497 2304 blica,
528 2251 640 2289 non
672 2250 798 2288 eam
834 2250 998 2304 posse
1031 2235 1340 2302 provinciis
1371 2235 1658 2306 imperare
1685 2252 1698 2291 :
1731 2255 1966 2308 respon-

317 2333 453 2371 sum
504 2319 586 2369 est
641 2329 674 2366 a
722 2317 883 2382 parte
924 2313 1191 2382 justitia),
1222 2313 1352 2368 ideo
1375 2313 1601 2383 justum
1632 2333 1779 2384 esse,
1813 2319 1965 2388 quod

316 2395 537 2451 talibus
560 2393 896 2449 hominibus
925 2393 1001 2447 sit
1031 2392 1187 2447 utilis
1208 2393 1478 2462 servitus,
1501 2399 1555 2449 et
1589 2413 1686 2464 pro
1719 2396 1968 2452 utilitate

315 2492 522 2532 eorum
577 2474 696 2528 ﬁeri
749 2489 882 2528 cum
932 2479 1085 2528 recte
1136 2474 1218 2540 fit,
1252 2474 1309 2529 id
1355 2479 1462 2540 est,
1505 2491 1638 2530 cum
1684 2476 1969 2548 improbis

312 2555 584 2610 aufertur
632 2553 983 2623 injuriarum
1032 2553 1304 2621 licentia;
1344 2559 1399 2610 et
1429 2554 1632 2610 domiti
1667 2573 1728 2611 se
1760 2557 1970 2614 melius

315 2636 642 2700 habebunt,
676 2634 814 2704 quia
863 2633 1136 2688 indomiti
1189 2635 1444 2690 deterius
1495 2652 1555 2690 se
1601 2635 1970 2706 habuerunt;

314 2715 744 2784 subditumque
792 2719 900 2782 est,
935 2719 994 2768 ut
1026 2714 1137 2768 ista
1168 2714 1312 2770 ratio
1354 2716 1710 2782 firmaretur,
1731 2718 1908 2773 veluti
1940 2735 1974 2772 a

316 2805 534 2851 natura
585 2801 881 2864 sumptum
936 2793 1128 2848 nobile
1157 2796 1512 2863 exemplum,
1546 2801 1720 2867 atque
1749 2797 1972 2853 dictum

308 2879 430 2937 est,
454 2876 562 2928 Cur
593 2874 771 2941 igitur
802 2874 939 2928 Deus
963 2872 1176 2927 homini
1187 2874 1440 2939 ,animus
1473 2877 1705 2946 imperat
1734 2881 1970 2947 corpori,

310 2957 468 3010 ratio
519 2953 742 3008 libidini
781 2952 1104 3022 ueterisque
1151 2953 1369 3009 vitiosis
1424 2956 1604 3009 animi
1653 2957 1910 3026 partibus
1948 2962 1976 3012 ?

312 3035 502 3090 Plane
537 3035 644 3089 hoc
674 3034 934 3102 exemplo
981 3033 1124 3088 satis
1165 3034 1436 3088 edoctum
1479 3041 1588 3103 est,
1621 3036 1971 3106 quibusdam

311 3133 451 3173 esse
501 3114 700 3168 utilem
753 3113 1087 3168 servitutem
1119 3131 1134 3181 ;
1167 3121 1219 3168 et
1255 3116 1364 3169 Deo
1399 3114 1632 3185 quidem
1662 3123 1725 3172 ut
1753 3119 1974 3174 servia-

311 3202 442 3263 tur,
477 3192 618 3248 utile
666 3209 791 3248 esse
836 3192 1126 3247 omnibus.
1161 3193 1426 3249 Serviens
1473 3201 1667 3252 autem
1709 3202 1818 3253 Deo
1849 3198 1977 3252 ani-

318 3292 488 3340 mus,
515 3277 666 3328 recte
696 3272 944 3342 imperat
976 3273 1222 3344 corpori,
1247 3274 1426 3344 inque
1449 3275 1572 3344 ipso
1603 3277 1799 3332 animo
1829 3277 1977 3332 ratio

321 3355 572 3411 Domino
626 3355 736 3408 Deo
785 3353 1037 3420 subdita,
1087 3357 1242 3408 recte
1309 3354 1559 3424 imperat
1606 3354 1831 3411 libidini
1894 3357 1978 3411 vi-

316 3436 546 3505 tiisque
605 3432 851 3488 caeteris.
895 3434 1260 3503 Quapropter
1309 3433 1410 3488 ubi
1465 3433 1641 3490 homo
1693 3435 1808 3490 Deo
1864 3453 1980 3492 non

320 3516 534 3581 servit,
569 3513 707 3584 quid
757 3513 816 3568 in
869 3529 934 3567 eo
987 3514 1312 3583 putandum
1367 3518 1457 3568 est
1513 3531 1641 3570 esse
1691 3517 1980 3585 justitia};

319 3595 808 3668 quandoquidem
860 3598 974 3648 Deo
1019 3609 1134 3648 non
1176 3593 1454 3662 serviens,
1489 3596 1650 3650 nullo
1683 3599 1851 3652 modo
1885 3615 1984 3668 po-

321 3681 452 3732 test
477 3677 638 3744 juste
672 3673 902 3729 animus
934 3675 1180 3744 corpori,
1204 3679 1305 3729 aut
1329 3675 1578 3732 humana
1613 3678 1753 3732 ratio
1786 3680 1940 3734 vitiis
1964 3683 1979 3714 ί

320 3759 626 3826 imperare
645 3755 673 3808 ?
693 3759 763 3809 Et
795 3755 840 3808 si
874 3753 934 3808 in
965 3754 1199 3808 homine
1223 3755 1322 3809 tali
1349 3772 1461 3811 non
1485 3764 1568 3811 est
1591 3757 1708 3812 ulla
1731 3758 1986 3828 justitia,

321 3834 538 3909 procul
583 3835 756 3890 dubio
806 3851 910 3890 nec
953 3834 1010 3888 in
1040 3834 1343 3889 hominum
1375 3840 1548 3906 cmtu,
1580 3838 1678 3908 qui
1711 3853 1778 3892 ex
1810 3838 1990 3894 homi-

323 3917 517 3973 nibus
548 3914 759 3970 talibus
793 3919 1046 3969 constat.
1078 3916 1202 3968 Non
1234 3921 1324 3969 est
1365 3915 1460 3972 hic
1507 3934 1644 3988 ergo
1685 3919 1843 3988 juris
1894 3919 1989 3974 ille

324 4012 689 4064 consensus,
722 3995 821 4066 qui
869 3994 1178 4049 hominum
1224 3995 1660 4052 multitudinem
1707 3998 1989 4069 populum

326 4082 499 4146 facit,
542 4079 713 4148 cujus
763 4093 855 4132 res
898 4077 1116 4131 dicitur
1165 4093 1293 4132 esse
1343 4079 1682 4150 respublica.
1726 4080 1871 4136 Nam
1922 4083 1993 4138 de

326 4159 595 4216 utilitate
645 4157 783 4228 quid
812 4156 1021 4223 dicam,
1055 4157 1226 4226 cujus
1255 4159 1428 4212 etiam
1462 4161 1870 4216 communione
1901 4178 1994 4217 so-

327 4242 532 4296 ciatus
581 4244 762 4293 cretus
793 4237 1117 4304 hominum,
1150 4237 1304 4292 sicut
1346 4255 1408 4293 se
1440 4238 1610 4294 habet
1642 4239 1754 4295 ista
1785 4241 1992 4296 delini-

329 4323 448 4386 tio,
481 4318 736 4391 populus
771 4316 1211 4389 muncupatur?
1251 4317 1524 4381 Quamvis
1553 4320 1732 4388 enim,
1763 4321 1812 4376 si
1863 4321 1992 4376 dili-

329 4407 547 4474 genter
578 4399 866 4466 attendas,
890 4414 996 4453 nec
1025 4398 1242 4454 utilitas
1273 4401 1348 4454 sit
1378 4399 1498 4455 ulla
1536 4402 1874 4471 viventium,
1898 4403 1996 4474 qui

329 4483 550 4536 vivunt
581 4480 795 4550 impie;
829 4478 976 4533 sicut
1009 4479 1144 4532 vivit
1174 4479 1362 4534 omnis
1384 4480 1483 4550 qui
1512 4498 1625 4536 non
1657 4482 1834 4537 servit
1856 4489 1993 4548 Deo,

331 4560 645 4630 servitque
697 4558 1079 4626 daamonibus,
1113 4562 1269 4614 tanto
1304 4562 1488 4631 magis
1526 4561 1744 4632 impiis,
1780 4568 1998 4634 quanto

331 4641 541 4711 magis
592 4638 724 4704 sibi,
757 4654 888 4693 cum
934 4639 1053 4692 sint
1082 4638 1544 4695 immundissimi
1577 4642 1834 4711 spiritus,
1865 4649 2000 4698 tan-

330 4736 528 4794 quam
563 4719 676 4774 diis
705 4718 1013 4772 sacrificari
1063 4717 1304 4774 volunt:
1336 4723 1533 4774 tamen
1565 4722 1717 4791 quod
1750 4723 1820 4776 de
1844 4723 1999 4791 juris

331 4817 644 4858 consensu
674 4800 956 4864 diximus,
989 4799 1130 4854 satis
1162 4815 1286 4854 esse
1317 4799 1587 4869 arbitror,
1622 4801 1776 4857 unde
1819 4819 2002 4874 appa-

334 4886 475 4937 reat
526 4897 628 4951 per
676 4879 830 4934 hanc
875 4879 1272 4934 deﬁnitionem
1331 4896 1443 4934 non
1511 4897 1640 4935 esse
1690 4883 2000 4952 populum,

335 4965 525 5034 cujus
560 4960 893 5032 respublica
923 4975 1053 5014 esse
1082 4961 1328 5028 dicatur,
1362 4961 1419 5015 in
1453 4977 1568 5031 quo
1613 4962 1841 5030 justitia
1889 4979 2003 5018 non

334 5048 461 5100 est.
496 5042 550 5095 Si
601 5041 756 5095 enim
804 5040 1006 5094 dicunt
1040 5055 1152 5094 non
1198 5039 1503 5110 spiritibus
1535 5040 1868 5109 immundis,
1904 5044 2004 5098 sed

331 5122 468 5180 diis
498 5120 672 5175 bonis
719 5124 893 5190 atque
943 5121 1158 5175 sanctis
1190 5119 1248 5174 in
1299 5137 1403 5175 sua
1433 5121 1726 5192 republica
1765 5123 2008 5177 servisse

340 5205 697 5268 Romanos;
740 5201 1024 5270 numquid
1075 5201 1276 5254 eadem
1306 5201 1477 5255 toties
1510 5202 1814 5272 repetenda
1847 5207 2008 5266 sunt,

341 5299 486 5354 qua:
512 5281 634 5350 jam
671 5281 838 5349 satis,
873 5281 985 5336 imo
1019 5279 1166 5335 ultra
1198 5297 1367 5351 quam
1401 5281 1539 5335 satis
1570 5289 1673 5345 est,
1716 5281 2014 5336 diximus?

341 5360 504 5427 Quis
553 5360 710 5415 enim
763 5361 832 5414 ad
886 5359 1042 5416 hunc
1099 5359 1289 5416 locum
1340 5377 1440 5432 per
1471 5361 1798 5433 superiores
1839 5361 2016 5432 hujus

439 5585 453 5618 ι
487 5580 611 5630 Sola
640 5580 804 5630 editio
832 5581 980 5636 Lov.,
1012 5581 1166 5629 vitiis
1193 5589 1444 5631 caeteris.

682 5675 958 5734 PATROL.
1003 5673 1160 5736 XLI.

1522 263 1761 324 LIBER
1801 262 2139 324 DECIMUS
2184 261 2470 322 NONUS.

3572 267 3694 324 650

2049 393 2240 466 operis
2273 393 2452 450 libros
2485 393 2760 464 pervenit,
2793 393 2894 464 qui
2935 393 3204 448 dubitare
3253 393 3442 449 adhuc
3487 396 3693 464 possit,

2052 473 2221 528 malis
2272 479 2328 527 et
2374 473 2619 543 impuris
2663 473 3024 526 daemonibus
3083 472 3330 526 servisse
3381 473 3693 534 Romanos.

2053 553 2161 607 nisi
2192 553 2277 608 vel
2313 554 2555 607 nimium
2589 553 2861 620 stolidus,
2894 553 2979 607 vel
3014 553 3524 622 impudentissime
3555 571 3692 608 con-

2053 634 2337 688 tentiosus
2359 634 2386 686 ‘l
2417 633 2529 687 Sed
2557 638 2620 686 ut
2649 632 2865 686 faceam
2918 632 3117 704 quales
3146 632 3285 698 sint,
3322 649 3467 704 quos
3517 635 3695 689 sacri-

2055 713 2200 766 ﬁciis
2233 713 2538 780 colebant;
2572 713 2630 766 in
2666 712 2789 784 lege
2818 714 2936 767 veri
2983 713 3081 767 Dei
3134 713 3419 783 scriptum
3466 718 3571 780 est,
3605 713 3704 768 Sa-

2051 794 2305 862 criﬁcans
2363 793 2471 849 diis
2537 793 2934 860 eradicabitur,
2995 795 3110 848 nisi
3182 794 3411 849 Domino
3485 798 3702 849 tantum

2053 875 2252 942 (Exod.
2285 891 2423 942 χχιι,
2461 874 2574 942 20).
2611 879 2724 929 Nec
2776 874 2940 929 bonis
2982 873 3178 944 igitur,
3218 889 3321 928 nec
3373 873 3540 929 malis
3589 875 3703 928 diis

2056 953 2373 1010 sacriﬁcari
2398 953 2603 1021 voluit,
2638 955 2734 1024 qui
2769 953 2876 1009 hoc
2907 970 3042 1009 cum
3066 958 3229 1010 tanta
3252 954 3705 1011 comminatione

2058 1035 2350 1105 praecepit.

2060 1213 2284 1269 CAPUT
2322 1213 2492 1269 XXII.
2524 1243 2594 1254 —-
2632 1215 2713 1268 An
2751 1231 2915 1269 verus
2955 1216 3034 1270 sit
3081 1214 3246 1279 Deus,
3277 1213 3370 1269 cui
3402 1214 3710 1270 Christiani

2332 1297 2600 1364 serviunt,
2633 1297 2727 1350 cui
2753 1296 2858 1351 soli
2884 1296 3075 1351 debeat
3105 1295 3433 1365 sacriﬁcari.

2139 1451 2248 1508 Sed
2301 1451 2643 1522 responderi
2688 1454 2912 1521 potest:
2961 1451 3099 1516 Quis
3131 1453 3237 1507 iste
3283 1452 3441 1508 Deus
3472 1457 3582 1519 est,
3615 1456 3714 1507 aut

2065 1535 2216 1587 unde
2265 1532 2479 1602 dignus
2531 1532 2830 1600 probatur,
2862 1531 2954 1586 cui
3001 1533 3278 1588 deberent
3310 1534 3714 1603 obtemperare

2065 1610 2335 1673 Romani,
2365 1613 2428 1663 ut
2458 1608 2689 1664 nullum
2720 1612 2961 1664 deorum
2997 1615 3207 1680 printer
3232 1610 3428 1680 ipsum
3461 1609 3717 1664 colerent

2065 1689 2418 1745 sacriticiis?
2467 1693 2693 1759 Magnae
2741 1688 3022 1744 caecitatis
3071 1694 3180 1754 est,
3225 1690 3416 1744 adhuc
3462 1705 3718 1758 quaerere

2068 1770 2202 1842 quis
2249 1771 2354 1824 iste
2407 1769 2484 1824 sit
2535 1774 2703 1825 Deus.
2737 1769 2868 1838 Ipse
2898 1776 2985 1824 est
3014 1772 3186 1835 Deus,
3220 1771 3389 1840 cujus
3423 1770 3716 1840 Propheta:

2068 1849 2461 1922 praedixerunt
2509 1849 2622 1905 ista
2671 1867 2800 1921 quae
2842 1850 3159 1905 cernimus.
3192 1851 3322 1921 Ipse
3353 1854 3442 1905 est
3474 1849 3654 1914 Deus,
3688 1867 3721 1904 a

2071 1948 2182 2000 quo
2224 1946 2571 2000 responsum
2604 1930 2825 2000 accepit
2848 1929 3159 1994 Abraham,
3185 1931 3245 1984 1η
3268 1932 3478 1985 semine
3506 1935 3598 1986 tuo
3628 1932 3717 1985 be-

2071 2011 2396 2065 nedicentur
2440 2025 2626 2064 omnes
2671 2015 2855 2077 gentes
2901 2009 3053 2080 (Gen.
3105 2027 3244 2077 χχιι,
3292 2010 3400 2080 18).
3449 2011 3611 2072 Quod
3661 2011 3719 2064 in

2071 2093 2305 2150 Christo
2338 2093 2482 2158 fieri,
2518 2093 2614 2161 qui
2650 2093 2973 2147 secundum
3005 2108 3232 2148 carnem
3266 2093 3335 2148 de
3369 2093 3467 2147 illo
3499 2093 3724 2146 semine

2075 2177 2308 2229 exortus
2340 2180 2446 2238 est,
2480 2172 2651 2226 iidem
2687 2170 2797 2241 ipsi
2831 2172 2927 2242 qui
2962 2175 3368 2226 remanserunt
3408 2171 3589 2240 hujus
3621 2187 3722 2226 no-

2077 2253 2256 2308 minis
2286 2252 2530 2317 inimici,
2561 2251 2743 2306 velint
2770 2252 3046 2317 nolintve,
3081 2259 3459 2322 cognoscunt.
3482 2251 3607 2321 Ipse
3637 2258 3724 2305 est

2077 2333 2250 2400 Deus,
2283 2332 2452 2402 cujus
2484 2331 2716 2386 divinus
2756 2331 3006 2401 Spiritus
3052 2346 3149 2400 per
3197 2347 3293 2385 eos
3333 2329 3566 2386 locutus
3615 2334 3724 2396 est,

2079 2429 2328 2484 quorum
2383 2412 2656 2481 praedicta
2687 2414 2858 2481 atque
2908 2411 3197 2479 completa
3244 2426 3347 2481 per
3381 2410 3725 2474 Ecclesiam,

2079 2509 2254 2562 quam
2301 2490 2561 2546 videmus
2611 2495 2730 2545 toto
2780 2491 2916 2545 orbe
2945 2490 3236 2548 diffusam,
3270 2490 3329 2544 in
3360 2489 3526 2544 libris
3557 2504 3727 2557 supe-

2079 2572 2328 2627 rioribus
2362 2570 2550 2641 posui.
2584 2570 2714 2640 Ipse
2760 2574 2849 2625 est
2899 2574 3070 2633 Deus,
3105 2584 3276 2640 quem
3309 2569 3490 2624 Varro
3522 2568 3726 2622 doctis-

2081 2653 2264 2707 simus
2296 2652 2688 2706 Romanorum
2720 2650 2916 2705 Jovem
2949 2654 3140 2722 putat,
3166 2652 3431 2722 quamvis
3462 2649 3730 2704 nesciens

2081 2735 2221 2805 quid
2272 2733 2546 2804 loquatur
2578 2731 2692 2802 (a):
2743 2731 2901 2803 quod
2954 2735 3148 2786 tamen
3197 2731 3326 2785 ideo
3376 2745 3730 2785 commemo-

2082 2812 2330 2867 randum
2383 2811 2599 2882 putavi,
2647 2811 2930 2882 quoniam
2981 2809 3066 2864 vir
3109 2814 3282 2864 tantae
3313 2809 3572 2864 scientia:
3626 2824 3732 2863 nec

2083 2891 2312 2946 nullum
2346 2891 2524 2945 istum
2557 2892 2730 2944 deum
2760 2889 2948 2960 potuit
2996 2889 3350 2956 existimare,
3385 2904 3489 2944 nec
3537 2887 3730 2942 vilem.

2081 2972 2245 3026 Hunc
2277 2970 2430 3024 enim
2459 2987 2594 3024 eum
2629 2984 2756 3025 esse
2789 2969 3056 3036 credidit,
3088 2983 3265 3039 quem
3315 2983 3591 3023 summun
3627 2983 3734 3038 pu-

2083 3051 2221 3106 tavit
2251 3050 2457 3106 Deum.
2492 3055 2790 3108 Postremo
2822 3050 2945 3119 ipse
2975 3053 3064 3104 est
3095 3053 3266 3118 Deus,
3299 3064 3469 3118 quem
3512 3047 3734 3102 doctis-

2082 3131 2269 3186 simus
2345 3129 2844 3202 philosophorum,
2915 3130 3186 3200 quamvis
3267 3128 3734 3184 Christianorum

2085 3213 2408 3268 acerrimus
2468 3211 2765 3280 inimicus,
2831 3210 3005 3265 etiam
3065 3227 3165 3280 per
3217 3226 3418 3265 eorum
3480 3206 3731 3272 oracula,

2087 3309 2232 3362 quos
2264 3292 2402 3347 deos
2433 3297 2613 3362 putat,
2650 3293 2829 3346 Deum
2862 3306 3142 3360 magnum
3175 3290 3534 3361 Porphyrius
3564 3288 3740 3343 confi~

2086 3376 2260 3427 tetur.

2091 3548 2328 3603 CAPUT
2370 3545 2571 3602 XXIII.
2611 3577 2682 3585 —
2732 3545 2868 3611 Qua?
2916 3541 3268 3613 Porphyrius
3313 3541 3457 3595 dicat
3504 3542 3740 3595 oraculis

2404 3626 2631 3681 deorum
2662 3639 2915 3694 responsa
2949 3638 3061 3676 esse
3090 3624 3154 3676 (te
3187 3621 3416 3676 Christo.

2167 3783 2215 3837 1.
2251 3781 2394 3836 Nam
2427 3779 2483 3833 in
2521 3777 2686 3833 libris
2718 3791 2865 3847 quos
2897 3773 2956 3828 ἐκ
2995 3770 3199 3848 λογίων
3234 3770 3560 3847 φιλοσοφίας
3590 3778 3604 3809 ι
3637 3790 3741 3844 ap-

2095 3863 2292 3938 pellat,
2323 3863 2381 3916 in
2413 3861 2626 3933 quibus
2649 3858 2988 3929 exsequitur
3010 3861 3179 3927 atque
3204 3855 3512 3938 conscribit
3544 3870 3740 3908 rerum

2097 3934 2167 4002 ad
2214 3941 2632 4016 philosophiam
2687 3938 3102 4011 pertinentium
3155 3936 3308 3992 velut
3373 3934 3569 3990 divina
3617 3950 3741 3988 res-

2098 4023 2413 4098 ponsa(b),
2445 4026 2506 4077 ut
2553 4021 2682 4091 ipsa
2729 4019 2901 4074 verba
2949 4018 3096 4088 ejus,
3129 4016 3622 4088 quemadmodum
3677 4030 3744 4068 ex

2099 4107 2303 4175 lingua
2333 4119 2520 4174 grzeca
2551 4101 2606 4155 in
2638 4099 2875 4154 latinam
2905 4099 3282 4168 interpretata
3307 4099 3464 4163 sunt,
3489 4110 3700 4166 ponam
3728 4109 3741 4146 :

2102 4186 2488 4256 Interroganti,
2539 4182 2752 4253 inquit,
2783 4197 2942 4252 quem
2985 4180 3144 4233 deum
3190 4177 3455 4243 placando
3493 4191 3746 4256 revocare

2097 4269 2268 4339 possit
2298 4254 2525 4320 uxorem
2572 4279 2728 4318 suam
2757 4279 2790 4316 a
2841 4259 3284 4326 Christianismo,
3318 4258 3429 4339 haec
3447 4254 3539 4339 ait
3569 4256 3748 4339 versi-

2103 4336 2199 4403 bus
2255 4347 2478 4416 Apollo.
2531 4343 2750 4400 Deinde
2809 4342 2982 4396 verba
3042 4341 3198 4395 velut
3255 4337 3578 4408 Appollinis
3636 4336 3749 4389 ista

2103 4431 2276 4484 sunt:
2311 4428 2471 4481 Forte
2499 4426 2674 4495 magis
2703 4425 2907 4494 poteris
2939 4421 2999 4476 in
3029 4437 3172 4492 aqua
3222 4418 3504 4489 impressis
3554 4417 3756 4472 litteris

2101 4507 2366 4575 scribere,
2400 4511 2494 4561 aut
2520 4510 2793 4573 adinﬂans
2815 4505 2836 4537 ²
2862 4518 3072 4575 pennas
3096 4503 3234 4556 leves
3263 4516 3359 4571 per
3387 4515 3514 4555 aera
3547 4502 3606 4551 ut
3635 4499 3751 4552 avis

2172 4776 2186 4808 1
2217 4773 2276 4820 1n
2304 4773 2426 4820 Mss.
2459 4772 2725 4833 plerisque
2753 4771 2870 4833 est.
2915 4766 3171 4833 eglogion
3210 4759 3626 4833 philosophia/fi
3657 4774 3751 4831 pro

2108 4848 2214 4898 quo
2247 4821 2520 4896 perpera‘m
2549 4821 2721 4882 fuerat
2749 4831 2804 4879 in
2833 4821 3056 4877 excusis'
3071 4821 3751 4882 emendatum’theologion

2108 4897 2502 4958 philosophias.

2173 4960 2193 4991 ‘3
2227 4954 2460 5006 SicvMss.
2493 4956 2645 5009 Editi,
2683 4954 2911 5009 inﬂaris.

2173 5021 2248 5077 (α)
2279 5019 2424 5068 Conf.
2457 5019 2548 5064 lib.
2582 5018 2604 5064 1
2635 5017 2698 5064 de
2728 5009 2877 5063 Cons.
2919 5013 3139 5078 Evang.,
3170 5025 3224 5078 ῃ.
3253 5009 3331 5078 3Q.
3499 5069 3535 5078 ﬁ
3637 5067 3648 5078 ‘
3674 5067 3683 5078 .

2174 5067 2245 5139 tbi
2279 5067 2456 5128 Citant
2484 5081 2580 5128 hos
2612 5080 2776 5142 libros
2796 5077 2990 5142 passim
3019 5067 3374 5142 'I‘heodoretus
3408 5083 3468 5142 ac
3485 5067 3756 5142 .Eusebius

2114 5133 2274 5192 hocce
2309 5144 2484 5196 titulo,
2516 5143 2578 5189 de
2609 5133 2971 5204 Philosophia
3009 5153 3075 5185 ea:
3122 5134 3386 5204 oraculis,
3418 5133 3500 5180 uti
3529 5133 3667 5204 recte
3697 5133 3754 5175 in

2114 5206 2323 5254 Eusebii
2353 5207 2488 5252 libro
2516 5207 2544 5253 4
2583 5198 3006 5264 Praeparat—tionis
3042 5198 3394 5264 evangelicae,
3426 5208 3540 5264 cap:
3569 5198 3758 5264 6.1.uon

2115 5272 2293 5317 autem
2350 5268 2505 5316 sicuti
2551 5267 2608 5314 in
2669 5256 2900 5327 ejusdem
2949 5264 3084 5311 libro
3131 5263 3161 5310 3
3189 5256 3271 5307 'de
3300 5256 3758 5327 Demonsti‘atione

2117 5331 2440 5390 evangelica.
2488 5343 2599 5390 cap.
2658 5318 2711 5383 ϐξ
2751 5330 2805 5376 et
2850 5326 3153 5390 aliquoties_
3181 5323 3320 5384 apud
3375 5318 3759 5390 Theodoretum

2117 5381 2642 5442 malevredditur.-de
2687 5381 3043 5457 Philosophia
3076 5381 3417 5457 selectorum.
3452 5381 3760 5457 Inscriptig-

2119 5457 2204 5504 nis
2235 5469 2450 5504 causam
2479 5457 2531 5503 et
2559 5455 2729 5515 Operis
2757 5444 3126 5516 argumentum
3157 5447 3476 5516 a_perit_curn
3501 5444 3757 5516 'Augusti-

2119 5531 2224 5566 nus
2254 5517 2340 5565 hic
2381 5505 2671 5579 perSpicue.
2715 5505 3282 5579 tumvluculentissiine
3329 5505 3602 5579 Eusebius,
3644 5505 3759 5554 loco

2121 5579 2249 5628 libri
2278 5571 2700 5642 Praéparationis
2728 5577 3063 5639 evangelicae
3089 5587 3232 5622 nunc
3259 5571 3496 5619 laudato.

3016 5666 3035 5745 (
3056 5663 3439 5744 Vingt-une).
