4124 6188
458 270 572 329 651

454 414 663 476 volare,
686 426 851 482 quam
877 407 1099 480 polluite
1121 410 1139 444 ί
1172 422 1387 463 revoces
1417 405 1608 477 impia?
1638 405 1829 461 uxoris
1853 419 2095 461 sensum.

454 497 657 559 Peryat
689 492 709 527 ²
758 488 1017 561 quomodo
1065 488 1185 543 vult
1240 487 1501 544 inanibus
1555 485 1802 559 fallaciis
1856 501 2099 557 perseve-

454 590 605 641 rans,
626 581 676 628 et
706 570 1193 627 lamentationibus
1221 569 1598 637 fallacissimis
1617 576 1897 622 mortuum
1927 566 2093 622 Deum

451 660 689 711 cantans
709 653 751 720 ³,
780 667 940 723 quem
967 668 998 706 a
1017 651 1297 723 judicibus
1342 653 1485 706 recta
1515 647 1879 705 sentientibus
1906 648 2099 718 perdi-

452 745 587 803 tum,
617 737 857 806 pessima
886 735 947 787 in
993 732 1250 805 speciosis
1296 735 1444 802 [erro
1494 733 1671 786 vincta
1700 745 1846 785 mors
1878 730 2098 797 inter/e-

448 818 545 873 cit.
579 815 796 872 Deinde
844 819 974 885 post
1027 814 1134 870 hos
1186 829 1387 871 versus
1432 810 1777 883 Appollinis,
1828 811 1928 881 qui
1976 826 2093 866 non

449 902 641 954 stante
691 899 874 950 metro
937 893 1117 950 latine
1165 894 1527 965 interpretati
1582 895 1741 956 sunt,
1789 890 2097 961 subjunxit

445 987 618 1048 atque
650 976 768 1031 ait:
802 974 875 1030 In
904 973 990 1030 his
1018 976 1246 1047 quidem
1278 975 1785 1045 tergiversationem
1806 970 1827 1005 ⁸
1875 972 2096 1027 irreme-

441 1058 666 1114 diabilis
684 1055 968 1111 sententiae
984 1072 1173 1111 eorum
1195 1056 1590 1125 manifestavit,
1622 1052 1810 1107 dicens
1833 1053 2093 1124 quoniam

440 1140 623 1197 Judaei
667 1139 979 1209 suscipiunt
1028 1139 1194 1193 Deum
1243 1136 1418 1208 magis
1466 1152 1630 1208 quam
1677 1137 1786 1189 isti.
1821 1135 1965 1190 Ecce
1994 1134 2093 1188 ubi

443 1216 789 1274 decolorans
818 1216 1136 1282 Christum,
1166 1216 1404 1272 Judasos
1452 1212 1767 1286 praeposuit
1810 1212 2093 1268 Christia-

444 1299 559 1363 nis,
594 1298 881 1354 conlitens
930 1298 1084 1368 quod
1122 1297 1311 1353 Judtni
1359 1295 1686 1367 suscipiant
1745 1295 1945 1349 Deum.
1997 1293 2092 1348 Sic

444 1378 600 1433 enim
658 1378 924 1449 exposuit
968 1393 1171 1432 versus
1215 1374 1522 1447 Apollinis,
1570 1374 1665 1429 ubi
1714 1391 1748 1429 a
1787 1372 2089 1443 judicibus

441 1463 599 1516 recta
646 1458 1036 1515 sentientibus
1098 1457 1394 1517 Christum
1457 1456 1598 1510 dicit
1647 1454 1921 1520 occisum,
1969 1458 2091 1510 tan-

441 1557 619 1611 quam
651 1538 766 1595 illis
788 1538 1389 1610 justejudicantibus,
1424 1535 1630 1592 merito
1675 1535 1751 1589 sit
1796 1534 1891 1589 ille
1922 1533 2090 1605 puni-

438 1625 555 1676 tus.
590 1620 809 1677 Viderit
842 1620 978 1691 quid
1012 1620 1081 1674 de
1111 1618 1340 1674 Christo
1371 1620 1532 1672 vates
1583 1615 1829 1670 mendax
1873 1612 2087 1684 Apolli-

437 1700 531 1757 nis
573 1700 654 1771 (a)
703 1700 933 1767 dixerit,
965 1701 1135 1769 atque
1179 1698 1289 1753 iste
1338 1695 1666 1763 crediderit,
1700 1701 1794 1749 aut
1845 1694 2087 1748 fortasse

433 1785 645 1847 vatem,
678 1780 830 1851 quod
863 1796 977 1834 non
1028 1777 1189 1844 dixit,
1225 1776 1434 1832 dixisse
1466 1776 1574 1831 iste
1623 1774 1745 1845 ipse
1793 1774 2087 1829 conﬁnxe-

432 1862 544 1917 rit:
578 1877 749 1932 quam
780 1877 913 1917 vero
947 1858 1060 1914 sibi
1091 1861 1339 1929 constet,
1369 1854 1459 1911 vel
1501 1855 1628 1926 ipsa
1658 1852 1895 1909 oracula
1933 1852 2086 1908 inter

431 1958 495 1997 se
526 1941 701 1997 faciat
746 1939 1077 2004 convenire,
1112 1941 1312 2010 postea
1352 1935 1703 1992 videbimus.
1736 1934 1840 1990 Hic
1884 1937 2082 1990 tamen

427 2021 679 2089 Judteos,
712 2024 993 2090 tanquam
1043 2018 1146 2075 Dei
1195 2022 1587 2088 susceptores,
1614 2018 1768 2071 recte
1815 2012 1959 2070 dicit
1988 2014 2086 2085 ju-

427 2103 656 2157 dicassc
704 2102 775 2157 de
807 2100 1061 2167 Christo,
1093 2099 1253 2169 quod
1299 2114 1433 2154 eum
1474 2100 1657 2152 morte
1689 2093 1941 2166 pessima
1987 2110 2084 2149 ex-

428 2181 815 2238 cruciandum
849 2196 978 2237 esse
1016 2177 1374 2235 censuerint.
1405 2182 1559 2232 Deus
1609 2174 1804 2245 itaque
1850 2173 2081 2230 Judan-

427 2279 583 2328 rum,
634 2263 726 2319 cui
776 2260 1040 2331 perbibet
1085 2258 1515 2323 testimonium,
1565 2255 1894 2311 audiendus
1952 2254 2078 2318 fuit,

425 2344 665 2399 dicens:
716 2342 1048 2411 Sacriﬁcans
1092 2339 1203 2395 diis
1250 2337 1643 2403 eradicabitur,
1685 2335 1799 2391 nisi
1850 2337 2081 2391 Domino

425 2433 639 2480 tantum
679 2422 876 2492 (Exod.
912 2439 1049 2492 χχιι,
1091 2422 1206 2493 20).
1236 2419 1345 2475 Sed
1394 2418 1464 2474 ad
1528 2417 1928 2474 manifestiora
1983 2433 2079 2472 ve-

424 2506 679 2570 niamus,
713 2509 769 2559 et
800 2503 1111 2559 audiamus
1144 2516 1322 2573 quam
1355 2515 1635 2571 magnum
1688 2503 1872 2554 Deum
1924 2497 2081 2554 dicat

425 2601 554 2642 esse
605 2585 967 2641 Judaaorum.
1025 2583 1172 2637 Item
1229 2582 1303 2636 ad
1383 2595 1451 2636 ea
1520 2594 1647 2649 quas
1705 2578 2081 2649 interrogavit

425 2664 776 2734 Apollinem,
804 2664 943 2735 quid
979 2662 1211 2730 melius,
1242 2660 1480 2716 verbum
1512 2659 1632 2714 sive
1654 2656 1818 2727 ratio,
1849 2674 1922 2713 an
1952 2658 2077 2723 lex;

423 2746 729 2816 respondit,
782 2743 996 2814 inquit,
1039 2741 1287 2799 versibus
1325 2741 1438 2797 haec
1483 2739 1687 2797 dicens.
1737 2742 1817 2794 Ac
1868 2737 2078 2794 deinde

423 2825 662 2895 subjicit
693 2824 981 2896 Apollinis
1010 2839 1230 2890 versus,
1271 2822 1333 2876 in
1356 2820 1572 2892 quibus
1611 2824 1669 2875 et
1693 2817 1790 2874 isti
1823 2821 1982 2886 sunt,
2016 2822 2079 2873 ut

424 2911 714 2978 quantum
765 2906 908 2961 satis
938 2908 1031 2961 est
1060 2904 1196 2959 inde
1226 2903 1533 2972 decerpam
1558 2917 1574 2956 :
1604 2901 1663 2955 In
1717 2899 1883 2954 Deum
1931 2914 2075 2969 vero,

424 2977 634 3056 inquit,
690 2989 1092 3057 generatorem,
1132 2991 1185 3040 et
1231 2984 1291 3037 in
1321 2998 1506 3053 regem
1560 2985 1689 3035 ante
1716 2977 1946 3035 omnia5
1975 2979 2072 3049 (b).

431 3082 588 3139 quem
620 3067 804 3122 tremit
835 3074 889 3121 et
910 3065 1133 3131 caelum,
1163 3071 1214 3118 et
1242 3066 1415 3127 terra,
1456 3066 1624 3131 atque
1653 3073 1826 3126 mare,
1883 3064 1936 3113 et
1994 3061 2076 3115 in-

425 3150 716 3217 fernarum
772 3145 977 3208 abdita,
1037 3148 1088 3198 et
1135 3143 1257 3209 ipsa
1307 3142 1542 3196 numina
1597 3139 2073 3209 perhorrescunt:

426 3244 663 3299 quorum
699 3226 791 3283 les:
818 3230 895 3281 est
934 3227 1120 3293 Pater,
1168 3237 1328 3294 quem
1374 3220 1538 3277 valde
1578 3221 1756 3275 sancti
1802 3218 2075 3287 honorant

425 3309 646 3364 Hebraei
675 3308 762 3379 (ο).
797 3304 923 3363 Tali
952 3305 1188 3361 oraculo
1220 3303 1310 3358 dei
1342 3302 1435 3358 sui
1467 3299 1774 3372 Apollinis,
1807 3299 2073 3372 Porphy-

423 3391 546 3446 rius
577 3399 690 3445 tam
716 3404 995 3460 magnum
1028 3387 1211 3442 Deum
1240 3384 1385 3439 dixit
1416 3383 1810 3449 Hebrteorum,
1844 3386 1908 3435 ut
1935 3396 2069 3438 cum

422 3476 479 3526 et
509 3471 637 3542 ipsa
668 3470 910 3525 numina
941 3468 1406 3540 perhorrescant.
1440 3468 1587 3519 Cum
1621 3478 1755 3533 ergo
1788 3464 1940 3517 Deus
1963 3461 2072 3518 iste

418 3551 646 3616 dixerit,
669 3550 997 3619 Sacriﬁcans
1019 3548 1131 3604 diis
1145 3546 1546 3609 eradicabitur,
1574 3542 1756 3598 miror
1773 3544 1922 3614 quod
1946 3543 2071 3614 ipse

414 3631 774 3703 Porphyrius
808 3648 921 3687 non
947 3626 1359 3701 perhorruerit,
1382 3630 1438 3681 et
1456 3623 1797 3680 sacriﬁcans
1817 3623 1927 3677 diis
1948 3640 2069 3678 era-

418 3713 597 3766 dicari
621 3729 733 3766 non
764 3710 1184 3766 formidaverit.

488 3792 541 3843 2.
575 3790 719 3845 Dicit
749 3791 921 3846 etiam
965 3792 1117 3847 bona
1156 3786 1541 3859 philosophus
1571 3784 1683 3840 iste
1714 3785 1784 3840 de
1813 3784 2063 3843 Christo,

483 3900 498 3932 1
534 3896 617 3944 Sic
648 3896 845 3946 habent
886 3895 1254 3959 manuscripti.
1304 3894 1441 3943 Editi
1477 3907 1624 3950 vero,
1678 3905 1845 3955 quam
1895 3891 2061 3940 semel

420 3960 686 4022 pollutae.

482 4025 503 4056 ‘3
533 4021 877 4079 Corbcicnsis,
910 4023 1175 4081 Peragat.

483 4088 503 4118 3
535 4083 726 4143 Regius
762 4078 913 4132 vetus
952 4078 1132 4141 codex,
1169 4097 1535 4143 perseverans
1580 4078 1887 4129 lamentari
1918 4093 2062 4127 mor-

420 4155 575 4195 tuum
612 4148 785 4193 Deum
822 4154 870 4193 et
888 4154 1144 4193 cantans.
1174 4146 1375 4193 Caeteri
1402 4146 1508 4194 fere
1535 4144 1678 4199 Mss.,
1705 4156 2062 4205 perseverans

416 4219 466 4258 et
521 4207 823 4257 lamentari
894 4207 1151 4270 fallaciis
1218 4216 1505 4270 mortuum
1557 4208 1758 4270 Deum,
1791 4212 2060 4270 cantans:

415 4274 632 4335 excepto
661 4273 829 4335 altero
874 4268 915 4335 o_
942 4269 1362 4335 Corbeiensibu‘s.
1400 4270 1503 4335 _qui
1530 4269 1691 4317 habet
1720 4269 1815 4326 sic,
1857 4268 2062 4335 ξανθαί

414 4331 678 4397 quomodo
731 4332 849 4379 vult
896 4331 1161 4397 inanibus
1211 4331 1463 4397 fallaciis
1519 4337 1803 4379 mortuum
1861 4331 2058 4379 Deum.

419 4391 667 4444 Cantans
697 4409 859 4456 quem
892 4410 926 4441 α
946 4391 1259 4453 judicibus,
1287 4395 1401 4456 _etc.

474 4461 495 4488 ‘
532 4454 742 4506 Veteres
780 4456 902 4503 libri
955 4456 1139 4504 carent
1190 4454 1352 4502 verbo
1405 4454 1960 4513 tergiversationem;
2009 4456 2061 4505 et

411 4522 591 4583 plures
628 4520 842 4575 habent,
862 4514 1332 4583 irremediabilern
1369 4519 1738 4583 sententiam;
1769 4519 1880 4572 alii.
1913 4518 2060 4583 irre-

412 4579 699 4631 inediabili
739 4581 1060 4640 sentcntiae,
1119 4579 1221 4637 vel,
1276 4581 1683 4629 irremcdiabile
1736 4580 2057 4628 sententiae.

476 4648 496 4680 ⁵
547 4645 671 4695 Sola
711 4644 870 4693 editio
900 4644 1023 4693 Lov.
1058 4656 1070 4691 :
1103 4642 1174 4689 In
1219 4643 1395 4691 Deum
1438 4658 1580 4701 vero,
1630 4643 1831 4703 inquit,
1873 4656 2056 4704 regem

411 4718 793 4781 generatarern
818 4716 871 4781 εἰ
900 4721 1085 4781 218³967⁸11
1116 4714 1244 4753 ante
1272 4706 1483 4755 omnia.

473 4774 552 4831 (a)
583 4770 792 4820 Scilicet
818 4770 1030 4833 Pythia.

476 4825 540 4895 (b)
572 4834 774 4882 Verbus
800 4825 891 4882 ille
914 4833 1054 4896 apud
1081 4832 1438 4887 Lactantium,
1463 4829 1559 4879 lib.
1590 4828 1653 4876 de
1684 4825 1767 4876 Ira
1793 4825 1905 4888 Det,
1941 4840 2055 4892 cap.

409 4895 489 4952 23,
522 4896 596 4945 sic
626 4896 785 4944 habet
812 4908 1027 4956 graece:

486 4976 548 5030 ll’
578 4972 633 5029 δὲ
665 4974 793 5029 Θεὸν
825 4975 1029 5048 βασιλῆ
1063 4973 1151 5027 καὶ
1183 4978 1489 5049 γεννητῆρα
1508 4968 1615 5045 πρὸ
1645 4969 1877 5027 πάντων.

470 5065 531 5127 (c)
566 5066 654 5113 llis
682 5065 847 5113 affine
876 5066 955 5113 est
984 5063 1130 5112 aliud
1159 5064 1456 5120 oraculum,
1504 5061 1657 5127 cuius
1684 5060 1927 5127 meminit
1957 5060 2055 5109 Ju—

406 5124 578 5177 stinus
611 5129 666 5176 in
708 5127 958 5175 Sermone
985 5127 1347 5174 exhortatorio
1390 5127 1457 5173 (td
1501 5125 1707 5173 Gentes.
1743 5124 2053 5173 Sciscitante

403 5191 543 5237 enim
572 5190 822 5251 quodam,
866 5189 959 5250 qui
1000 5202 1240 5250 unquam
1285 5187 1389 5236 viri
1432 5187 1663 5249 religiosi
1694 5187 1935 5243 fuissent,
1971 5187 2050 5235 ita

400 5250 718 5316 reSpou’sum
750 5250 817 5299 ab
845 5251 1059 5299 oraculo
1083 5264 1095 5299 :

471 5338 676 5413 Μοῦνοε
709 5334 977 5413 Χαλδᾳῖοι
1010 5337 1205 5413 coepi-qv
1242 5336 1419 5413 λᾷχον
1454 5332 1539 5405 ἡδ’
1573 5331 1952 5413 ᾄρίἘϐραῖοι.

474 5410 840 5485 Λύτογένητον
870 5410 1072 5462 ἄνακτα
1088 5402 1466 5478 ’σεήϐαζόίὶενοι
1479 5402 1487 5405 Ἴ
1500 5402 1628 5462 Θεὸῶ
1655 5402 1846 5481 ἁγνῶς.

396 5500 457 5549 Id
486 5505 563 5550 est
597 5516 609 5551 :
651 5500 771 5550 Soli
815 5500 1079 5550 Chaldaei
1124 5498 1461 5549 sanientiam
1505 5500 1692 5549 sortiti
1721 5507 1857 5549 sunt
1884 5508 2049 5563 atque

398 5563 663 5627 {febr-aet,
710 5578 777 5611 ex
815 5579 872 5611 se
926 5564 1041 5627 ipso
1086 5572 1272 5613 ortum
1327 5576 1516 5625 regem
1561 5571 1747 5612 sancte
1796 5563 2045 5622 calentes,

410 5625 607 5672 Deum.
638 5625 878 5676 Cosmus.

1513 266 1615 325 DE
1658 263 2017 331 CIVITATE
2059 264 2213 339 DEI,
2259 263 2322 325 S.
2368 262 2791 329 AUGUSTINI

3737 273 3863 332 652

2214 405 2381 477 quasi
2411 406 2628 463 oblitus
2649 406 2829 475 illius,
2854 408 2924 465 de
2945 424 3063 480 qua
3085 408 3257 480 paulo
3274 412 3406 465 ante
3449 408 3603 465 oculi
3623 426 3860 477 sumus,

2213 488 2574 544 contumelia:
2596 506 2752 557 suae;
2786 494 2885 545 aut
2905 492 3073 561 quasi
3097 490 3155 544 in
3178 490 3401 545 somnis
3424 490 3502 545 dii
3525 492 3652 559 eius
3679 491 3862 546 male-

2214 568 2464 623 dixerint
2509 569 2757 637 Christo,
2804 575 2860 624 et
2887 570 3231 641 evigilantes
3278 586 3412 626 eum
3459 571 3677 625 bonum
3729 587 3866 626 esse

2213 649 2610 719 cognoverint,
2653 650 2944 721 digneque
2986 650 3373 707 laudaverint.
3425 651 3685 722 Denique
3735 659 3866 706 tan-

2211 744 2385 799 quam
2420 729 2685 784 mirabile
2705 730 2929 800 aliquid
2949 734 3121 802 atque
3144 730 3477 787 incredibile
3500 731 3860 803 prolaturus,

2209 809 2421 865 Praeter
2440 810 2775 880 opinionem,
2801 811 3015 881 inquit,
3043 813 3284 883 profecto
3313 811 3642 882 quibusdam
3662 812 3865 868 videa-

2207 892 2300 942 tur
2323 903 2438 944 esse
2465 889 2612 961 quod
2639 888 2844 945 dicturi
2871 906 3080 945 sumus.
3107 891 3383 946 Christum
3412 892 3557 945 enim
3598 890 3687 945 dii
3715 892 3863 962 piis-

2204 970 2410 1025 simum
2452 972 2956 1041 pronuntiaverunt
2994 980 3046 1027 et
3098 972 3467 1030 immortalem
3506 972 3755 1043 factum,
3806 978 3867 1029 et

2205 1066 2331 1106 cum
2361 1051 2501 1107 bona
2530 1052 2925 1122 praedicatione
2953 1052 3071 1121 eius
3104 1053 3478 1109 meminerunt
3513 1068 3534 1106 :
3576 1051 3862 1108 Christia-

2204 1146 2301 1186 nos
2329 1147 2457 1188 vero
2500 1132 2758 1203 pollutos,
2792 1131 3002 1203 inquit,
3039 1136 3089 1188 et
3121 1134 3538 1199 contaminatos,
3570 1135 3629 1186 et
3668 1148 3863 1188 errore

2204 1211 2512 1282 implicatos
2538 1227 2655 1268 esse
2677 1214 2872 1269 dicunt
2893 1230 2915 1276 ;
2941 1220 2992 1269 et
3022 1213 3211 1268 multis
3232 1212 3441 1268 talibus
3470 1213 3736 1268 adversus
3766 1229 3863 1269 eos

2205 1292 2557 1365 blaspliemiis
2586 1298 2841 1350 utuntur.
2876 1294 3101 1351 Deinde
3137 1294 3379 1364 subjicit
3415 1296 3570 1351 velut
3607 1296 3860 1350 deorum

2202 1375 2440 1432 oracula
2470 1375 3005 1447 blasphemantium
3037 1375 3416 1431 Christianos.
3452 1376 3517 1430 Et
3552 1381 3685 1448 post
3708 1376 3859 1446 haec,

2202 1453 2276 1509 De
2308 1454 2517 1510 Christo
2548 1455 2979 1527 autem,inquit,
3004 1455 3476 1528 interrogantibus
3504 1457 3556 1510 si
3582 1465 3661 1511 est
3686 1457 3855 1525 Deus,

2200 1536 2280 1589 ait
2318 1536 2553 1591 Hecate:
2584 1536 2852 1604 Quoniam
2899 1535 3115 1608 quidem
3145 1537 3475 1592 immortalis
3503 1537 3699 1591 anima
3729 1542 3852 1607 post

2197 1630 2392 1687 corpus
2418 1621 2479 1671 ut
2528 1616 2757 1685 incedit,
2787 1619 2950 1687 nosti,
2990 1633 3028 1672 a
3071 1620 3344 1688 sapientia
3374 1622 3562 1672 autem
3606 1617 3853 1674 abscissa

2196 1711 2410 1768 semper
2437 1705 2604 1765 errat,
2637 1698 2753 1753 viri
2778 1699 2985 1766 pietate
3018 1697 3469 1770 prmtantissimi
3494 1702 3571 1754 est
3598 1699 3704 1753 illa
3734 1701 3859 1754 ani.

2196 1794 2307 1846 ma,
2340 1776 2483 1833 hanc
2509 1776 2699 1835 colunt
2753 1778 2939 1834 aliena
2968 1795 3003 1834 a
3048 1794 3105 1835 se
3150 1778 3401 1835 veritate.
3437 1778 3656 1834 Deinde
3715 1784 3855 1850 post

2193 1858 2369 1915 verba
2398 1860 2577 1930 hujus
2598 1859 2767 1931 quasi
2800 1858 3021 1916 oraculi
3052 1876 3157 1915 sua
3185 1860 3312 1932 ipse
3332 1865 3664 1926 contexens,
3697 1860 3855 1915 Piis—

2194 1937 2396 1995 simum
2424 1940 2611 2011 igitur
2641 1941 2842 2010 virum,
2876 1940 3089 2011 inquit,
3119 1955 3247 1996 eum
3274 1940 3439 2005 dixit,
3477 1947 3531 1994 et
3560 1942 3680 2011 ejus
3719 1940 3859 1996 ani-

2192 2036 2361 2089 mam,
2391 2023 2532 2078 sicut
2561 2030 2610 2077 et
2638 2020 2882 2078 aliorum
2906 2023 3157 2094 piorum,
3188 2030 3304 2094 post
3324 2022 3530 2077 obitum
3561 2023 3852 2079 immorta-

2194 2100 2348 2156 litate
2385 2101 2644 2157 donatam
2664 2104 2703 2169 ¹,
2738 2107 2788 2157 et
2831 2103 2973 2157 hanc
3001 2103 3177 2159 colere
3207 2102 3552 2159 Christianos
3574 2103 3858 2170 ignoran-

2193 2182 2270 2235 tes
2295 2182 2335 2234 ².
2364 2182 2835 2251 Interrogantibus
2860 2186 3067 2252 autem,
3090 2182 3306 2254 inquit,
3336 2182 3445 2237 Cur
3470 2198 3597 2253 ergo
3618 2182 3859 2238 damna-

2193 2264 2282 2315 tus
2300 2264 2417 2316 est!
2444 2263 2669 2318 oraculo
2700 2264 2989 2334 respondit
3013 2263 3132 2330 dea,
3164 2262 3370 2334 Corpus
3388 2262 3607 2334 quidem
3638 2262 3853 2319 debili-

2190 2342 2438 2397 tantibus
2468 2345 2754 2399 tormentis
2782 2358 2996 2413 semper
3023 2344 3331 2413 oppositum
3360 2347 3439 2398 est
3469 2358 3490 2401 :
3523 2344 3717 2398 anima
3742 2360 3851 2399 au-

2191 2423 2299 2475 tem
2325 2421 2546 2492 piorum
2578 2422 2782 2479 calesti
2807 2425 2923 2479 sedi
2945 2422 3162 2480 insidet.
3200 2424 3303 2478 Illa
3331 2438 3456 2480 vero
3485 2422 3683 2478 anima
3713 2424 3853 2480 aliis

2189 2502 2481 2558 animabus
2510 2503 2763 2575 fataliter
2799 2504 2969 2572 dedit,
3002 2504 3200 2576 quibus
3233 2507 3352 2575 fata
3385 2522 3494 2560 non
3520 2515 3849 2562 annuerant

2188 2581 2419 2637 deorum
2442 2584 2686 2640 obtinere
2714 2585 2881 2653 dona,
2904 2600 3078 2656 neque
3100 2584 3298 2641 habere
3324 2585 3473 2640 lovis
3502 2585 3847 2642 immortalis

2189 2665 2557 2734 agnitionem,
2579 2681 2765 2722 errore
2783 2667 3080 2738 implicari.
3104 2666 3405 2737 Propterea
3433 2681 3571 2737 ergo
3600 2666 3717 2720 diis
3750 2681 3847 2721 e2-

2186 2742 2311 2798 osi:
2338 2746 2470 2816 quia
2498 2747 2691 2817 quibus
2719 2747 2835 2815 [ato
2876 2761 2983 2801 non
3016 2748 3126 2818 fuit
3156 2761 3312 2801 nosse
3344 2748 3537 2811 Deum,
3567 2760 3669 2800 nec
3697 2745 3843 2801 dona

2186 2839 2220 2878 a
2239 2823 2351 2879 diis
2370 2827 2632 2898 accipere,
2655 2826 2744 2883 his
2761 2827 3017 2898 fataliter
3039 2826 3187 2882 dedit
3210 2828 3315 2882 iste
3326 2841 3511 2881 errore
3534 2825 3838 2897 implicari.

2186 2906 2303 2975 Ipse
2330 2922 2461 2962 vero
2490 2910 2634 2978 pius,
2649 2917 2701 2964 et
2730 2910 2790 2964 in
2810 2910 3027 2975 emtum,
3052 2909 3193 2964 sicut
3214 2909 3318 2979 pii,
3342 2910 3631 2964 concessit.
3659 2909 3848 2981 Itaque

2184 2986 2330 3040 hunc
2359 2988 2575 3057 quidem
2611 3005 2719 3044 non
2781 2988 3199 3059 blasphemabis,
3256 2988 3608 3043 misereberis
3647 2993 3840 3045 autem

2184 3067 2471 3123 hominum
2499 3069 2831 3127 dementiam
2852 3088 2871 3126 :
2899 3086 2970 3126 ea:
2986 3086 3047 3127 eo
3077 3072 3133 3126 in
3160 3072 3246 3141 eis
3274 3070 3444 3142 facile
3474 3084 3847 3142 praecepsque

2178 3150 2490 3219 periculum
2520 3152 2621 3219 (a).

2252 3229 2304 3283 3.
2339 3230 2479 3293 Quis
2508 3230 2589 3286 ita
2635 3230 2849 3286 stultus
2896 3235 3005 3298 est,
3056 3237 3118 3286 ut
3150 3248 3264 3287 non
3309 3229 3601 3303 intelligat
3633 3235 3734 3286 aut
3767 3233 3846 3288 ab

2182 3308 2418 3365 homine
2441 3309 2672 3379 callido,
2705 3327 2887 3383 eoque
2903 3311 3251 3369 Christianis
3275 3311 3690 3368 inimicissimo
3713 3312 3844 3369 haec

2179 3393 2417 3447 oracula
2447 3390 2627 3446 fuisse
2658 3392 2925 3459 conficta,
2950 3392 3309 3449 autconsilio
3335 3392 3510 3448 simili
3533 3391 3605 3447 ab
3636 3393 3843 3464 impu-

2178 3470 2258 3525 ris
2310 3471 2671 3528 daemonibus
2720 3472 2832 3527 ista
2878 3474 3058 3528 fuisse
3107 3488 3421 3543 responsa:
3466 3476 3527 3526 ut
3584 3472 3840 3541 scilicet,

2177 3553 2448 3621 quoniam
2502 3552 2742 3607 laudant
2798 3553 3109 3619 Christum,
3163 3558 3466 3625 propterea
3514 3553 3839 3609 credantur

2173 3634 2452 3689 veraciter
2481 3633 2806 3704 vituperare
2836 3633 3193 3689 Christianos
3219 3652 3231 3702 ;
3265 3640 3435 3704 atque
3465 3636 3568 3695 ita.
3604 3634 3656 3688 si
3690 3651 3838 3705 pos-

2174 3712 2312 3780 sint,
2361 3714 2752 3769 intercludant
2782 3715 2932 3770 viam
2965 3713 3178 3771 salutis
3225 3720 3473 3781 internas,
3517 3714 3579 3769 in
3611 3730 3733 3785 qua
3767 3716 3840 3770 Iit

2173 3795 2419 3867 quisque
2463 3794 2872 3851 christianus?
2901 3798 3026 3851 Sua:
3068 3795 3284 3868 quippe
3316 3794 3560 3851 nocendi
3596 3796 3835 3850 astutias

2173 3875 2504 3931 milleformi
2547 3876 2812 3932 sentiunt
2842 3893 2959 3932 non
2991 3892 3119 3932 esse
3152 3874 3508 3932 contrarium
3532 3873 3577 3946 ³,
3609 3876 3661 3931 si
3692 3893 3835 3932 cre-

2170 3957 2343 4013 datur
2362 3957 2446 4012 eis
2482 3957 2859 4013 laudantibus
2889 3958 3205 4023 Christum,
3230 3958 3369 4012 dum
3403 3964 3593 4012 tamen
3616 3958 3835 4014 cceda-

2170 4041 2268 4093 tur
2313 4038 2488 4093 etiam
2537 4035 3003 4107 vituperantihus
3034 4036 3429 4105 Christianos;
3462 4045 3523 4092 ut
3552 4052 3684 4092 eum
3720 4037 3835 4108 qui

2170 4122 2487 4191 utrumque
2517 4117 2848 4186 crediderit,
2880 4117 3055 4173 talem
3084 4118 3293 4173 Christi
3322 4117 3539 4173 faciant
3568 4117 3835 4173 laudato-

2170 4214 2313 4265 rem,
2345 4215 2417 4254 ne
2446 4198 2582 4254 velit
2608 4213 2737 4254 esse
2782 4198 3141 4254 christianus
3174 4214 3189 4253 :
3220 4214 3289 4253 ac
3318 4197 3403 4254 sic
3452 4197 3721 4270 quamvis
3753 4198 3833 4253 ab

2167 4279 2268 4336 illo
2300 4280 2596 4349 laudatus,
2630 4279 2701 4335 ab
2738 4280 2988 4335 istorum
3022 4285 3218 4335 tamen
3274 4279 3604 4334 daemonum
3638 4277 3832 4333 domi-

2167 4364 2305 4416 natu
2338 4376 2468 4415 cum
2499 4377 2615 4416 non
2649 4360 2857 4417 liberet
2887 4362 3175 4417 Christus.
3208 4359 3537 4417 Prassertim
3571 4360 3713 4431 quia
3744 4362 3833 4415 ita

2166 4440 2409 4496 laudant
2436 4441 2756 4508 Christum,
2792 4445 2854 4498 ut
2880 4442 3148 4514 quisquis
3179 4441 3238 4497 in
3270 4458 3403 4497 eum
3429 4441 3603 4496 talem
3635 4440 3831 4497 credi-

2165 4521 2338 4586 derit,
2370 4521 2557 4591 qualis
2606 4522 2680 4577 ab
2724 4523 2808 4579 eis
2840 4522 3206 4595 praedicatur,
3239 4521 3614 4578 Christianus
3646 4536 3830 4577 verus

2164 4617 2276 4657 non
2312 4601 2406 4669 sit,
2449 4603 2553 4657 sed
2604 4601 2991 4659 Photinianus
3042 4603 3372 4673 haereticus,
3422 4602 3524 4675 qui
3556 4607 3834 4658 tantum-

2165 4682 2337 4737 modo
2377 4680 2700 4751 hominem,
2735 4699 2849 4740 non
2898 4683 3073 4740 etiam
3112 4683 3300 4740 Deum
3353 4681 3577 4739 noverit
3615 4682 3834 4740 Chris-

2161 4764 2287 4817 tum
2320 4761 2396 4834 (b)
2422 4779 2436 4819 :
2467 4767 2524 4817 et
2553 4763 2681 4818 ideo
2731 4779 2834 4835 per
2862 4779 2994 4820 eum
3033 4764 3231 4821 salvus
3271 4779 3396 4819 esse
3448 4779 3564 4820 non
3612 4763 3831 4835 possit,

2162 4859 2266 4899 nec
2315 4844 2558 4899 istorum
2602 4844 3178 4916 mendaciloquorum
3218 4845 3545 4901 dmmonum
3578 4844 3827 4916 laqueos

2160 4922 2344 4980 vitare
2371 4923 2460 4981 vel
2492 4924 2736 4981 solvere.
2767 4923 2886 4982 Nos
2916 4931 3113 4983 autem
3145 4941 3332 4998 neque
3361 4923 3696 4998 Apollinem
3727 4923 3821 4978 vi-

2226 5118 2484 5187 _l_Veter_e_s
2511 5121 2653 5187 libri,
2687 5121 3111 5187 immortalitate
3137 5122 3451 5187 dignatani.
3500 5121 3659 5185 Apud
3698 5120 3828 5170 Eu-

2160 5180 2386 5250 sebium,
2419 5182 2509 5250 lib.
2540 5184 2588 5250 3,
2619 5184 2979 5250 de‘Demonst.
3009 5180 3230 5250 Evangf,
3259 5199 3372 5250 cap.
3404 5182 3452 5240 6,
3490 5180 3677 5248 graece
3707 5187 3822 5239 est.

2158 5245 2721 5304 apothanatisthenai.

2225 5306 2246 5341 2
2276 5306 2361 5372 Sic
2388 5308 2508 5358 Mss.
2540 5309 2678 5357 Editi
2707 5312 2905 5372 autem,
2937 5320 3207 5360 errantes.

2223 5370 2410 5438 {sem
2449 5372 2611 5438 editio
2654 5373 2799 5438 Lov.,
2849 5370 2996 5424 Suae
3024 5375 3228 5438 quippe
3282 5372 3515 5424 nocendi
3559 5372 3817 5421 astutiae

2158 5431 2495 5492 niilleformi
2525 5449 2637 5481 non
2660 5436 2893 5485 credunt
2920 5431 3049 5485 esse.
3061 5431 3435 5487 contrarium.

2224 5495 2293 5556 (a)
2318 5496 2461 5564 limae
2482 5498 2665 5546 eadem
2703 5498 2898 5564 Graece
2930 5502 3073 5563 apud
3100 5501 3403 5564 Eusebium,
3433 5500 3525 5549 lib.
3557 5497 3590 5546 3
3616 5497 3684 5547 de
3715 5498 3819 5547 De-

2158 5560 2362 5624 rno‘ust1
2382 5558 2603 5624 Evang,
2635 5574 2750 5624 capi.
2763 5623 2766 5624 ν
2781 5560 2828 5610 6.

2226 5619 2299 5682 (b)
2327 5620 2475 5671 Cont.
2507 5619 2603 5672 lib.
2632 5619 2958 5690 de'Haeres.,
2986 5623 3133 5678 haer.
3155 5627 3236 5690 44,
3257 5626 3336 5679 45.
