4110 6196
270 299 385 357 653

267 432 632 502 tuperantem
688 428 1002 497 Christum,
1056 442 1244 499 neque
1302 427 1547 484 Hecaten
1598 444 1916 499 possumus

265 512 589 582 approbare
611 509 965 566 laudantem.
989 507 1088 563 llle
1109 508 1323 579 quippe
1345 515 1619 578 tanquam
1640 508 1911 578 iniquum

261 591 560 646 Christum
595 589 714 646 vult
744 589 922 654 credi,
966 605 1139 660 quem
1173 607 1206 644 a
1236 589 1534 659 iudicibus
1583 595 1739 645 recta
1777 604 1912 644 sen-

263 671 546 726 tientibus
579 670 719 726 dicit
740 669 1032 737 occisum;
1066 669 1201 738 ista,
1230 669 1532 726 hominem
1556 669 1913 742 piissimum,

264 752 369 807 sed
419 751 713 808 hominem
764 754 1016 806 tantum.
1051 750 1178 808 Una
1206 758 1292 807 est
1334 757 1529 808 tamen
1567 757 1624 806 et
1652 751 1812 806 illius
1858 755 1917 806 et

265 833 445 901 hujus
478 833 745 898 intentio,
779 835 844 886 ut
872 831 1059 886 nolint
1082 832 1350 888 homines
1372 849 1500 888 esse
1519 833 1913 899 Christianos;

266 912 407 985 quia
428 911 542 968 nisi
574 910 890 967 Christiani
919 917 1109 982 erunt,
1144 913 1217 967 ab
1249 929 1446 969 eorum
1482 913 1606 968 erui
1639 915 1918 983 potestate

269 1009 384 1048 non
419 996 712 1064 poterunt.
748 994 860 1047 Iste
888 1008 1024 1048 vero
1047 991 1450 1064 philosophus,
1482 993 1567 1048 vel
1592 993 1785 1063 potius
1817 990 1918 1062 qui

267 1075 490 1131 talibus
513 1075 790 1130 adversus
813 1073 1174 1130 Christianos
1197 1075 1365 1145 quasi
1380 1073 1631 1130 oraculis
1649 1074 1919 1139 credunt,

269 1157 438 1228 prius
467 1155 701 1217 faciant,
741 1155 790 1210 si
823 1157 1089 1226 possunt,
1123 1159 1187 1210 ut
1225 1155 1376 1210 inter
1406 1171 1470 1211 se
1498 1156 1570 1210 de
1600 1156 1724 1225 ipso
1754 1153 1921 1210 Chri—

267 1241 360 1293 sto
402 1235 610 1291 Hecate
657 1239 828 1304 atque
874 1234 1077 1305 Apollo
1109 1237 1480 1303 concordent,
1532 1250 1779 1305 eumque
1821 1236 1922 1289 aut

266 1318 441 1372 ambo
489 1316 900 1384 condemnant,
931 1320 1033 1370 aut
1079 1315 1249 1371 ambo
1283 1313 1629 1372 collaudent.
1663 1315 1824 1381 Quod
1874 1313 1920 1369 si

265 1397 458 1452 facere
489 1395 832 1465 potuissent,
867 1393 1252 1450 nihilominus
1271 1411 1374 1450 nos
1406 1399 1462 1450 et
1502 1396 1922 1466 vituperatores

265 1481 327 1534 et
367 1476 696 1531 laudatores
727 1474 941 1530 Christi
976 1475 1210 1532 fallaces
1249 1476 1541 1531 daemones
1580 1477 1918 1531 vitaremus.

263 1560 412 1615 Cum
446 1572 578 1612 vero
609 1572 809 1612 eorum
857 1556 1000 1611 deus
1048 1561 1104 1612 et
1135 1557 1239 1611 dea
1272 1556 1424 1612 inter
1469 1571 1529 1611 se
1572 1555 1642 1611 de
1673 1556 1920 1621 Christo,

261 1637 366 1694 ille
381 1638 784 1709 vituperando,
809 1636 918 1691 ista
938 1636 1234 1692 laudando
1256 1638 1642 1706 dissentiant;
1673 1638 1924 1707 proiecto

262 1719 351 1775 eis
384 1716 923 1790 blasphemantibus
948 1716 1306 1773 Christianos
1329 1733 1443 1773 non
1466 1716 1712 1774 credunt
1735 1715 1922 1772 homi-

265 1815 393 1866 nes,
428 1799 478 1854 si
509 1803 664 1854 recte
687 1797 799 1869 ipsi
831 1796 1106 1854 sentiant.

344 1880 398 1936 4.
432 1879 584 1935 Sane
625 1877 923 1935 Christum
966 1879 1233 1946 laudans,
1273 1878 1362 1935 vel
1414 1878 1792 1953 Porphyrius,
1834 1877 1925 1933 vel

272 1961 514 2027 Hecate,
565 1976 695 2016 cum
755 1960 913 2016 dicat
961 1977 1093 2017 eum
1138 1961 1329 2032 ipsum
1388 1960 1613 2017 dedisse
1672 1959 1928 2016 fataliter

272 2041 652 2108 Christianis,
675 2045 741 2097 ut
769 2041 1213 2111 implicarentur
1239 2057 1453 2111 errore,
1482 2057 1690 2096 causas
1729 2043 1927 2096 tamen

273 2124 570 2196 ejusdem,
621 2125 776 2180 sicut
822 2127 1007 2194 putat,
1045 2122 1254 2194 pandit
1293 2123 1526 2178 erroris.
1561 2121 1713 2185 Quas
1758 2124 1930 2176 ante-

271 2221 458 2276 quam
498 2221 565 2259 ex
611 2203 801 2260 verbis
849 2204 979 2270 ejus
1031 2219 1339 2273 exponam,
1392 2202 1555 2273 prius
1605 2217 1820 2274 quare,
1871 2200 1930 2255 Si

270 2285 537 2342 fataliter
569 2285 727 2339 dedit
757 2283 1026 2339 Christus
1048 2282 1392 2338 Christianis
1421 2281 1632 2337 erroris
1673 2281 1931 2350 implica-

267 2365 524 2430 tionem,
556 2368 755 2420 utrum
807 2364 1026 2429 volens,
1070 2379 1144 2417 an
1199 2360 1402 2418 nolens
1451 2361 1691 2417 dederit.
1720 2361 1779 2416 Si
1826 2378 1930 2417 vo-

264 2444 428 2511 lens,
451 2444 742 2515 quomodo
761 2445 960 2514 justus
985 2443 1012 2497 ‘t
1039 2442 1085 2498 si
1111 2441 1340 2512 nolens,
1365 2443 1654 2513 quomodo
1681 2442 1886 2498 beatus
1905 2445 1934 2499 ?

261 2525 387 2583 Sed
415 2526 540 2595 jam
573 2539 779 2578 causas
812 2523 997 2593 ipsius
1027 2523 1340 2578 audiamus
1363 2521 1596 2577 erroris.
1628 2522 1796 2589 Sunt,
1829 2521 1928 2576 in-

256 2604 420 2677 quit,
453 2604 684 2676 spiritus
712 2601 924 2659 terreni
955 2603 1179 2658 minimi
1209 2602 1320 2658 loco
1343 2604 1622 2674 quodam'
1657 2603 1931 2658 malorum

254 2687 590 2743 daemonum
611 2685 866 2755 potestati
894 2682 1143 2753 subiecti.
1177 2683 1254 2738 Ab
1283 2685 1366 2738 his
1390 2685 1661 2754 sapientes
1682 2684 1930 2739 Hebraeo-

252 2781 428 2830 rum,
452 2778 682 2834 quorum
717 2777 858 2818 unus
887 2761 988 2817 iste
1017 2759 1187 2817 etiam
1217 2761 1372 2818 Jesus
1400 2763 1529 2832 fuit,
1554 2763 1695 2816 sicut
1716 2760 1933 2817 audisti

255 2843 474 2900 divina
515 2843 784 2915 Apollinis
813 2843 854 2912 ²,
900 2858 1024 2913 quae
1061 2843 1316 2913 superius
1344 2842 1492 2898 dicta
1530 2852 1702 2905 sunt;
1746 2845 1814 2898 ab
1846 2842 1932 2896 his

257 2941 404 2996 ergo
437 2927 649 2980 Πεὸωὶ
683 2926 1017 2981 daemonibus
1045 2926 1296 2994 pessimis
1335 2928 1389 2978 et
1421 2922 1732 2979 minoribus
1760 2925 1930 2995 spiri-

259 3008 430 3063 tibus
462 3007 721 3060 vetabant
749 3005 1052 3077 religiosos,
1081 3013 1134 3058 et
1151 3003 1283 3074 ipsis
1311 3019 1504 3058 vacare
1526 3003 1930 3074 prohibebant:

259 3085 543 3144 venerari
584 3092 772 3141 autem
819 3086 992 3157 magis
1021 3085 1255 3139 rwlestes
1292 3083 1433 3151 deos,
1463 3084 1719 3152 amplius
1749 3088 1932 3140 autem

262 3167 538 3224 venerari
584 3167 751 3222 Deum
808 3166 1048 3222 Patrem.
1107 3164 1212 3218 Hoc
1265 3172 1472 3233 autem,
1514 3165 1727 3237 inquit,
1759 3173 1808 3221 et
1846 3164 1932 3220 dii

261 3247 635 3322 praecipiunt,
667 3252 718 3302 et
767 3253 827 3302 in
863 3243 1238 3317 superioribus
1278 3244 1632 3310 ostendimus,
1675 3245 1932 3316 quemad-

262 3328 509 3386 modum
537 3328 789 3383 animum
815 3326 1100 3381 advertere
1121 3327 1200 3380 ad
1233 3325 1395 3380 Deum
1426 3329 1666 3393 monent,
1697 3330 1747 3381 et
1771 3326 1932 3380 illum

258 3411 461 3467 colere
497 3408 694 3479 ubique
731 3409 1021 3478 imperant.
1057 3406 1245 3462 Verum
1284 3404 1490 3460 indocti
1517 3411 1572 3460 et
1611 3407 1796 3475 impiae
1825 3423 1932 3460 na-

263 3497 449 3560 tura,
483 3491 680 3563 quibus
738 3503 860 3544 uere
905 3491 1080 3557 fatum
1121 3501 1228 3542 non
1275 3488 1533 3540 concessit
1581 3502 1616 3540 a
1654 3487 1762 3540 diis
1792 3485 1933 3541 dona

258 3574 556 3641 obtinere,
605 3586 779 3643 neque
825 3569 1025 3624 habere
1068 3569 1216 3625 lovis
1263 3567 1592 3624 immortalis
1636 3569 1932 3633 notionem,

254 3672 395 3712 non
426 3651 714 3709 audientes
751 3657 801 3707 et
838 3650 961 3705 deos
1001 3652 1052 3704 et
1089 3649 1304 3703 divinos
1351 3649 1515 3714 viros,
1557 3646 1680 3702 deos
1719 3647 1935 3718 quidem

249 3751 469 3796 omnes
498 3738 916 3798 recusaverunt,
934 3731 1241 3802 prohibitos
1267 3733 1450 3785 autem
1467 3729 1735 3785 dwmones
1756 3734 1811 3784 et
1839 3730 1934 3785 hos

248 3835 384 3875 non
434 3814 639 3883 odisse,
696 3813 790 3870 sed
836 3813 1100 3868 revereri.
1151 3811 1320 3866 Deum
1367 3820 1555 3865 autem
1611 3810 1934 3866 simulantes

251 3900 458 3957 colere
479 3896 521 3967 3,
557 3913 626 3953 ea
663 3894 787 3952 sola
815 3911 914 3966 per
958 3908 1078 3966 quas
1109 3893 1251 3948 Deus
1287 3893 1576 3958 adoratur,
1599 3907 1709 3947 non
1742 3895 1931 3962 agunt.

249 3983 417 4038 Nam
453 3980 595 4034 Deus
627 3976 868 4048 quidem,
901 3979 1080 4046 utpote
1122 3975 1369 4030 omnium
1396 3977 1579 4038 Pater,
1607 3971 1814 4027 nullius
1844 3971 1933 4026 in-

247 4061 427 4132 diget
449 4075 470 4114 :
501 4058 593 4115 sed
641 4057 795 4113 nobis
824 4061 904 4112 est
950 4057 1100 4122 bene,
1133 4071 1254 4111 cum
1290 4070 1413 4109 eum
1447 4069 1544 4125 per
1577 4051 1856 4121 justitiam
1885 4057 1936 4109 et

243 4141 594 4198 castitatem
634 4139 888 4208 aliasque
923 4139 1151 4192 virtutes
1198 4137 1517 4203 adoramus,
1552 4137 1727 4205 ipsam
1767 4134 1935 4190 vitam

244 4237 500 4295 precem
526 4220 596 4275 ad
617 4221 794 4290 ipsum
825 4220 1108 4288 /acientes,
1140 4233 1244 4287 per
1275 4215 1642 4272 imitationem
1663 4223 1714 4271 et
1744 4216 1934 4286 inqui-

242 4303 546 4360 sitionem
593 4301 659 4356 de
708 4299 846 4372 ipso.
898 4299 1184 4368 Inquisitio
1233 4300 1381 4353 enim
1434 4304 1655 4368 purgat,
1697 4296 1930 4366 inquit:

245 4383 526 4440 imitatio
597 4381 816 4451 deiﬁcat
873 4379 1219 4450 aﬂ'ectionem
1281 4379 1352 4433 ad
1406 4381 1582 4450 ipsum
1640 4377 1930 4446 operando.

243 4470 435 4520 Bene
489 4462 721 4532 quidem
751 4461 1084 4532 praedicavit
1126 4459 1310 4514 Deum
1355 4464 1600 4528 Patrem,
1631 4463 1688 4514 et
1717 4460 1934 4529 quibus

240 4545 333 4601 sit
371 4542 674 4598 colendus
706 4541 966 4595 moribus
1009 4539 1177 4594 dixit.
1211 4538 1428 4604 Quibus
1471 4540 1768 4608 prmeeptis
1802 4555 1935 4610 pro-

239 4621 504 4698 phetici
536 4621 693 4677 Libri
723 4619 878 4691 pleni
909 4624 1048 4676 sunt
1079 4619 1472 4698 Hebrzeorum,
1506 4619 1734 4689 quando
1764 4634 1936 4674 sanc-

239 4697 480 4763 torum
515 4701 629 4758 vita
659 4701 782 4758 sive
801 4701 1161 4772 vituperatur
1191 4700 1232 4766 ‘,
1264 4699 1385 4754 sive
1413 4697 1703 4754 laudatur.
1739 4698 1847 4754 Sed
1873 4698 1933 4753 in

320 4967 339 5001 1
383 4961 560 5018 Editi,
593 4962 706 5011 loco
737 4972 950 5012 terreno
979 4961 1233 5024 quodam.
1271 4959 1450 5021 Abest,
1482 4966 1716 5012 terreno.
1766 4971 1799 5007 a
1829 4971 1936 5008 ma.

233 5043 325 5080 nu
334 5025 597 5088 scriptis.

321 5092 347 5124 2
387 5084 502 5136 me
528 5087 586 5135 in
615 5087 772 5136 editis
812 5088 1042 5143 additur,
1073 5086 1336 5143 oracula;
1381 5086 1523 5148 quod
1563 5084 1712 5133 abest
1753 5097 1786 5133 a
1828 5097 1939 5132 ma-

235 5150 596 5212 nuscriptis,

318 5220 345 5250 3
389 5208 495 5262 Sic
527 5226 711 5262 omnes
740 5213 861 5262 Mss.
911 5213 1050 5262 Editi
1100 5226 1242 5268 vero.
1274 5210 1575 5272 prohibitos
1612 5217 1789 5257 autem
1819 5208 1941 5272 dae-

225 5292 476 5328 mones
533 5291 644 5323 non
691 5276 874 5324 solum
918 5275 1099 5323 nullis
1149 5270 1290 5324 odiis
1340 5272 1578 5336 insequi,
1641 5272 1732 5336 sed
1774 5270 1942 5318 etiam

224 5339 538 5392 revereri
595 5338 935 5401 delegerunt.
1013 5339 1189 5387 Deum
1259 5335 1473 5386 autem'
1509 5335 1843 5384 simulantes
1890 5347 1944 5378 se

224 5406 482 5457 colere.

312 5469 341 5502 ι
417 5464 618 5513 Plures
676 5465 820 5520 Mss.
881 5465 996 5511 sive
1060 5463 1388 5526 imperatur.
1457 5462 1637 5526 ilanc_
1668 5459 1946 5526 lectionem

227 5527 506 5597 prgbat_
562 5527 857 5597 Ludovicus
890 5527 1092 5597 “Vives,
1138 5523 1389 5597 'alteram
1433 5523 1717 5597 __improbat
1747 5534 1947 5597 ;._nam

231 5584 267 5641 ἱ
305 5589 668 5700 Prophetas.
699 5609 725 5632 »
754 5589 948 5652 inquit,
987 5609 1010 5632 α
1042 5584 1346 5638 sanctorum
1391 5584 1562 5635 vitam
1608 5599 1715 5634 non
1745 5584 1948 5648 vitupe-

231 5675 267 5700 α
307 5668 446 5700 run
491 5686 502 5699 .
549 5671 577 5696 ιο
624 5652 881 5700 Loquitur
937 5653 1266 5700 Augustinus
1335 5651 1400 5700 de
1471 5651 1776 5700 sanctorum
1834 5649 1948 5697 vita

230 5675 267 5711 at
307 5649 502 5706 rant.
549 5671 577 5696 ιο
624 5649 881 5714 Loquitur
936 5649 1266 5714 Augustinus
1335 5651 1400 5700 de
1471 5651 1776 5700 sanctorum
1834 5649 1950 5697 vita

1498 295 1730 356 LIBER
1771 292 2112 356 DECIMUS
2156 294 2440 356 NONUS.

3544 307 3664 366 651

2027 426 2372 484 Christianis
2403 431 2628 484 tantum
2657 432 2832 497 errat,
2863 434 2962 487 aut
2990 435 3215 488 tantum
3250 435 3664 504 calumniatur,

2027 512 2316 579 quantum
2375 509 2575 564 volunt
2633 511 2946 577 daemones,
3008 529 3154 583 quos
3201 516 3469 584 epinatur
3507 519 3667 585 deos,

2027 589 2188 659 quasi
2229 589 2502 660 cuiquam
2561 589 2797 647 difficile
2847 592 2921 648 sit
2958 595 3229 661 recolere,
3281 611 3407 665 quas
3454 599 3668 667 turpia,

2027 684 2154 739 quas
2195 669 2475 724 dedecora
2505 685 2642 742 erga
2683 672 2922 727 deorum
2959 673 3302 745 obsequium
3343 675 3402 730 in
3432 677 3674 732 theatris

2029 748 2349 818 agebantur
2378 759 2432 805 et
2471 750 2743 821 templis;
2776 757 2832 806 et
2871 755 3165 809 attendere
3216 771 3343 826 quas
3383 754 3673 827 legantur,

2031 829 2320 898 dicantur,
2353 831 2670 886 audiantur
2704 832 2762 887 in
2795 832 3079 901 ecclesiis,
3112 834 3197 890 vel
3231 836 3344 891 Deo
3375 852 3508 893 vero
3539 837 3679 908 quid

2031 909 2338 978 oli'eratur;
2372 916 2427 966 et
2459 911 2595 966 hinc
2631 911 2958 983 intelligere
2999 915 3098 969 ubi
3131 915 3464 982 aediﬁcium,
3496 923 3553 972 et
3579 916 3678 972 ubi

2031 991 2203 1046 ruina
2243 992 2322 1046 sit
2361 1008 2615 1048 morum.
2649 994 2790 1059 Quis
2823 1003 3016 1051 autem
3047 996 3180 1051 huic
3212 997 3356 1053 dixit
3385 997 3471 1053 vel
3503 998 3681 1069 inspi-

2031 1072 2199 1140 ravit,
2232 1073 2344 1128 nisi
2374 1074 2697 1130 diabolicus
2721 1075 2985 1146 spiritus,
3010 1080 3129 1133 tam
3155 1095 3367 1134 vanum
3392 1088 3685 1151 apertum-

2033 1169 2145 1224 que
2205 1155 2594 1224 mendacium,
2627 1158 2778 1226 quod
2830 1159 3124 1214 daemones
3173 1159 3244 1214 ab
3278 1161 3531 1216 Hebraeis
3572 1160 3683 1216 coli

2036 1235 2361 1306 prohibitos
2392 1244 2761 1293 revereantur
2784 1240 3002 1310 potius,
3026 1256 3198 1310 quam
3233 1242 3461 1297 oderint
3492 1242 3685 1297 Chris-

2036 1316 2179 1370 tiani
2211 1316 2239 1370 ?
2295 1318 2401 1372 Sed
2463 1319 2612 1374 Deus
2663 1319 2761 1375 ille
2820 1336 2991 1391 quem
3035 1321 3341 1377 coluerunt
3389 1323 3684 1394 sapientes

2035 1395 2431 1464 Hebraeorum,
2483 1399 2656 1454 etiam
2713 1400 3043 1455 cmlestibus
3091 1403 3309 1457 sanctis
3351 1401 3588 1473 Angelis
3629 1409 3688 1458 et

2036 1473 2362 1530 Virtutibus
2394 1476 2517 1544 Dei,
2551 1493 2699 1548 quos
2732 1478 3097 1535 beatissimos
3130 1485 3406 1551 tanquam
3440 1483 3595 1539 cives
3627 1483 3687 1538 in

2036 1555 2142 1611 hac
2191 1565 2386 1612 nostra
2435 1560 2903 1630 peregrinatione
2962 1562 3191 1617 mortali
3239 1578 3584 1617 veneramur
3629 1568 3689 1618 et;

2033 1651 2320 1703 amamus,
2363 1638 2680 1692 sacriﬁcari
2733 1643 2910 1706 vetat,
2967 1640 3240 1696 intonans
3289 1641 3348 1695 in
3402 1642 3528 1713 lege
3559 1658 3686 1704 sua,

2034 1731 2212 1787 quam
2245 1717 2401 1772 dedit
2434 1718 2647 1789 populo
2679 1733 2787 1774 suo
2820 1719 3076 1785 Hebraeo,
3109 1725 3165 1775 et
3189 1720 3355 1777 valde
3388 1723 3691 1778 minaciter

2037 1796 2256 1862 dicens.
2288 1799 2621 1867 Sacriﬁcans
2647 1797 2759 1854 diis
2781 1799 3172 1855 eradicabitur.
3195 1802 3262 1856 Et
3283 1817 3354 1857 ne
3378 1803 3690 1874 quisquam

2038 1881 2270 1946 putaret
2292 1878 2654 1934 daemonibus
2677 1880 2950 1950 pessimis
2971 1882 3336 1952 terrenisque
3358 1882 3690 1953 spiritibus,

2038 1972 2186 2028 quos
2216 1956 2327 2013 iste
2359 1959 2500 2013 dicit
2531 1958 2808 2015 minimos
2841 1959 2930 2014 vel
2975 1961 3253 2029 minores,
3287 1978 3361 2018 ne
3401 1963 3692 2021 sacriﬁce-

2039 2045 2135 2092 tur
2184 2053 2310 2092 esse
2368 2042 2770 2108 praeceptum;
2815 2039 2955 2110 quia
3002 2043 3059 2094 et
3105 2040 3216 2109 ipsi
3265 2041 3325 2095 in
3377 2043 3692 2112 Scripturis

2038 2120 2256 2176 sanctis
2302 2121 2440 2178 dicti
2472 2126 2612 2176 sunt
2655 2121 2759 2190 dii,
2791 2138 2905 2178 non
2969 2122 3368 2188 Hebraeorum,
3402 2125 3504 2178 sed
3557 2140 3693 2195 gen.

2039 2200 2229 2269 tium;
2263 2202 2419 2273 quod
2468 2202 2765 2258 evidenter
2804 2202 2864 2256 in
2910 2202 3142 2258 Psalmo
3175 2203 3561 2273 Septuaginta
3592 2205 3690 2259 in-

2038 2286 2319 2354 terpretes
2351 2287 2693 2354 posuerunt,
2728 2283 3008 2349 dicentes,
3063 2284 3336 2352 Quoniam
3385 2300 3568 2339 omnes
3611 2282 3694 2339 dii

2037 2365 2295 2435 gentium
2333 2363 2608 2420 daemonia
2638 2363 2812 2435 (Psat.
2844 2379 2970 2429 xcv,
3000 2364 3058 2435 5)
3093 2379 3106 2419 :
3154 2380 3224 2419 ne
3263 2363 3391 2435 quis
3429 2379 3561 2433 ergo
3595 2381 3695 2434 pu-

2039 2449 2189 2500 taret
2232 2445 2362 2500 istis
2395 2445 2633 2517 quidem
2677 2444 2986 2500 damoniis
3029 2444 3409 2514 prohibitum,
3443 2445 3694 2501 cmlesti-

2040 2529 2152 2582 bus
2191 2531 2386 2582 autem
2425 2525 2516 2581 vel
2565 2525 2862 2593 omnibus,
2894 2524 2978 2580 vel
3023 2523 3323 2596 aliquibus
3374 2525 3696 2581 sacrificari

2041 2622 2168 2662 esse
2198 2607 2569 2676 permissum,
2603 2621 2738 2661 mox
2783 2605 3028 2670 addidit,
3060 2607 3170 2660 nisi
3206 2606 3433 2661 Domino
3475 2604 3603 2670 soli,
3635 2605 3691 2659 id

2041 2692 2150 2752 est,
2185 2686 2295 2742 nisi
2331 2688 2574 2743 Domino
2605 2689 2878 2741 tantum:
2922 2701 2993 2741 ne
3027 2687 3169 2741 forte
3207 2685 3266 2741 in
3301 2702 3367 2742 eo
3401 2686 3556 2757 quod
3590 2685 3689 2752 ait,

2039 2768 2158 2822 nisi
2178 2768 2406 2822 Domino
2433 2767 2559 2835 soli,
2588 2765 2899 2821 Dominum
2932 2765 3114 2820 solem
3147 2764 3340 2820 credat
3371 2779 3499 2820 esse
3539 2765 3694 2835 quis-

2041 2848 2219 2920 piam,
2282 2847 2375 2902 cui
2426 2847 2880 2902 sacrificandum
2941 2850 3105 2915 putat
3135 2843 3203 2900 ‘z
3254 2846 3409 2916 quod
3453 2861 3567 2898 non
3616 2845 3692 2899 ita

2039 2942 2164 2983 esse
2195 2926 2668 2998 intelligendum,
2717 2926 2776 2982 in
2818 2924 3134 2997 Scripturis
3174 2925 3376 2996 graecis
3417 2922 3691 2980 facillime

2039 3007 2346 3078 reperitur.

2109 3089 2162 3142 5.
2196 3088 2351 3144 Dens
2407 3087 2588 3160 igitur
2647 3085 3043 3154 Hebraeorum,
3096 3085 3189 3142 cui
3235 3090 3356 3142 tam
3412 3101 3687 3156 magnum

2041 3175 2239 3227 tantus
2294 3170 2471 3226 etiam
2529 3170 2641 3225 iste
2691 3168 3082 3242 philosophus
3123 3169 3386 3241 perhibet
3427 3170 3685 3224 testimo-

2042 3254 2226 3320 nium,
2284 3251 2472 3324 legem
2531 3251 2686 3306 dedit
2735 3250 2972 3307 Hebrteo
3033 3249 3239 3321 pepulo
3289 3267 3416 3315 suo,
3461 3250 3687 3306 hebraso

2043 3349 2312 3390 sermone
2359 3331 2774 3402 conscriptam,
2809 3348 2923 3387 non
2973 3332 3280 3386 obscuram
3325 3335 3381 3386 et
3429 3330 3686 3400 incogni-

2042 3419 2182 3482 tam,
2213 3412 2310 3468 sed
2337 3411 2609 3467 omnibus
2635 3412 2758 3480 jam
2779 3411 3052 3481 gentibus
3081 3411 3461 3475 ditl‘amatam,
3486 3410 3545 3464 in
3575 3427 3692 3480 qua

2042 3495 2168 3565 lege
2199 3493 2482 3564 scriptum
2506 3494 2614 3559 est,
2647 3490 2982 3553 Sacri/iocus
3011 3489 3119 3543 diis
3147 3487 3543 3554 eradicabitur,
3574 3490 3692 3543 nisi

2043 3571 2278 3630 Domino
2335 3575 2570 3626 tantum.
2619 3569 2759 3634 Quid
2801 3585 2952 3640 opus
3005 3571 3093 3624 est
3137 3569 3194 3622 in
3244 3569 3350 3622 hac
3385 3569 3511 3637 ejus
3543 3567 3688 3638 lege,

2043 3656 2288 3725 ejusque
2345 3649 2654 3721 Prophetis
2703 3649 2773 3705 de
2820 3648 2928 3703 hac
2959 3664 3021 3703 re
3068 3647 3253 3702 multa
3300 3647 3632 3718 perquirere
3663 3646 3691 3701 ‘?

2044 3737 2167 3792 Imo
2216 3748 2332 3788 non
2365 3729 2723 3803 perquirere,
2757 3745 2871 3784 non
2927 3727 3082 3783 enim
3128 3728 3400 3784 abstrusa
3445 3727 3529 3782 vel
3562 3745 3692 3783 rara

2045 3818 2184 3870 sunt
2215 3833 2229 3882 ;
2265 3810 2368 3868 sed
2401 3815 2600 3882 aperta
2621 3812 2678 3865 et
2707 3809 2912 3864 crebra
2941 3806 3234 3878 colligere,
3268 3812 3323 3862 et
3358 3807 3414 3861 in
3450 3807 3554 3861 hac
3577 3808 3689 3861 dis-

2043 3892 2343 3967 putatione
2376 3907 2506 3947 mea
2537 3903 2748 3960 ponere
2783 3904 2796 3944 :
2839 3887 3055 3959 quibus
3105 3886 3232 3967 luce
3265 3885 3477 3941 clarius
3518 3903 3693 3956 appa-

2043 3965 2128 4032 ret
2148 3974 2192 4044 ³,
2217 3971 2361 4028 nulli
2395 3970 2633 4027 omnino
2665 3968 2780 4024 nisi
2810 3971 3038 4023 tantum
3073 3965 3182 4021 sibi
3211 3970 3390 4020 Deum
3415 3981 3610 4022 verum
3634 3970 3692 4021 et

2044 4069 2344 4112 summum
2369 4050 2618 4107 voluisse
2650 4047 2986 4105 sacrificari.
3019 4047 3164 4102 Ecce
3193 4045 3301 4102 hoc
3332 4063 3514 4102 unum
3549 4046 3686 4100 bre-

2041 4137 2210 4203 viter,
2243 4132 2360 4189 imo
2392 4130 2708 4204 granditer,
2742 4127 3066 4194 minaciter,
3109 4127 3205 4181 sed
3247 4127 3528 4182 veraciter
3567 4126 3688 4180 dic-

2042 4222 2169 4272 tum
2229 4216 2302 4270 ab
2361 4213 2459 4268 illo
2507 4211 2644 4279 Deo,
2678 4225 2852 4281 quem
2893 4213 3012 4264 tam
3054 4207 3398 4263 excellenter
3429 4208 3448 4241 ²
3485 4223 3688 4262 eorum

2044 4296 2368 4356 doctissimi
2401 4292 2734 4366 pradicant,
2766 4291 3067 4356 'audiatur,
3118 4290 3410 4359 timeatur,
3441 4287 3688 4360 implea-

2042 4384 2158 4440 tur,
2193 4395 2264 4434 ne
2295 4374 2695 4432 inebedientes
2726 4371 3037 4427 eradicatio
3067 4375 3482 4440 consequatur.
3514 4369 3694 4424 Sacri-

2043 4461 2236 4531 ﬁcans,
2265 4456 2477 4528 inquit,
2526 4454 2634 4510 diis
2685 4451 3086 4520 eradicabitur,
3131 4449 3246 4505 nisi
3290 4450 3517 4506 Domino
3563 4458 3691 4505 tan-

2045 4551 2208 4598 tum:
2242 4555 2356 4594 non
2403 4553 2517 4608 quo
2567 4533 2647 4592 rei
2687 4539 2853 4606 egeat
2903 4533 3174 4603 alicujus,
3208 4533 3309 4588 sed
3351 4533 3493 4602 quia
3521 4531 3692 4586 nobis

2045 4619 2275 4694 expedit
2305 4623 2371 4674 ut
2401 4633 2493 4674 res
2523 4616 2650 4687 ejus
2688 4613 2896 4671 simus.
2931 4613 3075 4669 Hinc
3107 4612 3128 4647 ⁴
3161 4613 3317 4668 enim
3363 4611 3593 4667 canitur
3631 4612 3689 4665 in

2043 4807 2101 4855 in
2177 4804 2349 4859 terris.
2423 4813 2560 4864 quae
2629 4811 2736 4847 non
2803 4795 3021 4864 omnino
3065 4792 3313 4864 _vacavit
3381 4792 3584 4864 culpa:
3643 4791 3696 4864 et

2043 4853 2278 4918 indicare
2332 4853 2545 4914 videtur
2602 4861 2994 4927 praeceptorum
3051 4856 3168 4927 duo.
3220 4867 3431 4927 genera:
3495 4855 3558 4900 de
3609 4853 3695 4900 vi-

2045 4916 2209 4982 tando
2263 4916 2434 4980 male,
2505 4916 2646 4985 quo'd
2690 4916 2804 4985 Uiu_
2839 4932 3022 4985 eorum
3101 4916 3263 4985 etiam
3317 4916 3479 4985 Δ(1ρίΔ
3507 4927 3696 4985 verum

2045 4977 2212 5042 ﬁcum
2266 4977 2538 5039 colebant:
2572 4983 2806 5031 moribus
2857 4981 3225 5042 vituperatur;
3283 4980 3335 5027 et
3367 4979 3430 5026 de
3459 4977 3696 5026 iaciendo

2046 5057 2203 5107 bono.
2233 5051 2377 5114 quod
2403 5050 2460 5097 in
2488 5048 2686 5096 eisdem
2713 5044 2982 5093 laudatur.

2113 5147 2128 5180 ι
2158 5144 2305 5196 Lov.,
2331 5147 2505 5202 putet.
2536 5135 2879 5202 Editiuautem
2914 5131 3490 5202 alii.e_t_manu_serip_ti,
3512 5136 3698 5202 putat.

2049 5206 2212 5256 Addit
2233 5193 2562 5264 Augustinus
2590 5198 2839 5264 facillime
2857 5195 3085 5264 repperiri
3111 5196 3166 5264 in
3196 5195 3472 5264 scripturis
3503 5193 3704 5264 graecis

2052 5255 2561 5332 quomodoilocus“
2595 5262 2684 5332 ille
2741 5261 2810 5309 sit
2848 5255 3248 5332 intelligendus.
3304 5255 3457 5332 ’qili’a
3513 5257 3573 5332 in
3626 5255 3702 5326 eis

2052 5317 2160 5381 non
2215 5329 2459 5388 ambigue
2513 5326 2714 5374 dictum
2787 5325 2882 5376 est.
2945 5317 3106 5369 Ede.
3180 5335 3305 5377 χχιι,
3345 5317 3459 5374 ’20,
3521 5317 3701 5364 Kurio

2054 5409 2292 5512 mimis},
2323 5455 2375 5502 et
2431 5454 2576 5512 Lov.,
2637 5453 2920 5512 appareat.
2970 5447 3108 5495 Editi
3154 5459 3280 5494 vero
3327 5444 3420 5492 alii
3469 5445 3520 5492 et
3559 5443 3700 5501 Mss,

2054 5525 2301 5582 apparet.

2120 5584 2141 5616 3
2170 5581 2353 5629 Plures
2380 5577 2524 5635 Mss,
2555 5575 2928 5624 excellentem.

2122 5647 2142 5680 ι
2167 5643 2322 5693 Vind.
2351 5641 2465 5690 Am.
2499 5641 2553 5691 et;
2580 5639 2724 5698 Mss,
2753 5638 2920 5688 Huic.
