  <div class='ocr_page' id='page_1' title='image "/cluster/home/n/w/nwhite01/storage/ocr_20150623/41/hvd.32044096580634/333.png"; bbox 0 0 4110 6196; ppageno 0'>
   <div class='ocr_carea' id='block_1_1' title="bbox 398 318 514 376">
    <p class='ocr_par' dir='ltr' id='par_1_1' title="bbox 398 318 514 376">
     <span class='ocr_line' id='line_1_1' title="bbox 398 318 514 376; baseline 0 0"><span class='ocrx_word' id='word_1_1' title='bbox 398 318 514 376; x_wconf 77' lang='grc'><strong>655</strong></span> 
     </span>
    </p>
   </div>
   <div class='ocr_carea' id='block_1_2' title="bbox 397 444 2036 509">
    <p class='ocr_par' dir='ltr' id='par_1_2' title="bbox 397 444 2036 509">
     <span class='ocr_line' id='line_1_2' title="bbox 397 444 2036 509; baseline -0.005 -2"><span class='ocrx_word' id='word_1_2' title='bbox 397 452 581 507; x_wconf 86' lang='lat' dir='ltr'><strong>sacris</strong></span> <span class='ocrx_word' id='word_1_3' title='bbox 651 449 878 504; x_wconf 89' lang='lat' dir='ltr'><strong>Litteris</strong></span> <span class='ocrx_word' id='word_1_4' title='bbox 936 447 1350 501; x_wconf 68' lang='lat' dir='ltr'><strong>Hebraeorum:</strong></span> <span class='ocrx_word' id='word_1_5' title='bbox 1403 445 1538 500; x_wconf 71' lang='lat' dir='ltr'><strong>Dixi</strong></span> <span class='ocrx_word' id='word_1_6' title='bbox 1583 444 1836 509; x_wconf 82' lang='lat' dir='ltr'><strong>Domino,</strong></span> <span class='ocrx_word' id='word_1_7' title='bbox 1894 445 2036 499; x_wconf 79' lang='lat' dir='ltr'><strong>Deus</strong></span> 
     </span>
    </p>
   </div>
   <div class='ocr_carea' id='block_1_3' title="bbox 395 527 2037 598">
    <p class='ocr_par' dir='ltr' id='par_1_3' title="bbox 395 527 2037 598">
     <span class='ocr_line' id='line_1_3' title="bbox 395 527 2037 598; baseline -0.007 -9"><span class='ocrx_word' id='word_1_8' title='bbox 395 551 547 589; x_wconf 86' lang='lat' dir='ltr'><strong>meus</strong></span> <span class='ocrx_word' id='word_1_9' title='bbox 591 549 644 587; x_wconf 89' lang='lat' dir='ltr'><strong>es</strong></span> <span class='ocrx_word' id='word_1_10' title='bbox 698 535 776 593; x_wconf 85' lang='lat' dir='ltr'><strong>tu,</strong></span> <span class='ocrx_word' id='word_1_11' title='bbox 841 527 1101 598; x_wconf 83' lang='lat' dir='ltr'><strong>quoniam</strong></span> <span class='ocrx_word' id='word_1_12' title='bbox 1151 528 1412 582; x_wconf 86' lang='lat' dir='ltr'><strong>bonorum</strong></span> <span class='ocrx_word' id='word_1_13' title='bbox 1459 543 1703 582; x_wconf 84' lang='lat' dir='ltr'><strong>meorum</strong></span> <span class='ocrx_word' id='word_1_14' title='bbox 1759 542 1868 581; x_wconf 83' lang='lat' dir='ltr'><strong>non</strong></span> <span class='ocrx_word' id='word_1_15' title='bbox 1913 540 2037 595; x_wconf 85' lang='lat' dir='ltr'><strong>eges</strong></span> 
     </span>
    </p>
   </div>
   <div class='ocr_carea' id='block_1_4' title="bbox 397 598 2035 675">
    <p class='ocr_par' dir='ltr' id='par_1_4' title="bbox 397 598 2035 675">
     <span class='ocr_line' id='line_1_4' title="bbox 397 598 2035 675; baseline -0.005 -17"><span class='ocrx_word' id='word_1_16' title='bbox 397 606 566 675; x_wconf 87' lang='lat' dir='ltr'><strong>(Psal.</strong></span> <span class='ocrx_word' id='word_1_17' title='bbox 601 619 693 668; x_wconf 88' lang='lat' dir='ltr'><strong>xv,</strong></span> <span class='ocrx_word' id='word_1_18' title='bbox 724 602 796 671; x_wconf 85' lang='lat'><strong>2).</strong></span> <span class='ocrx_word' id='word_1_19' title='bbox 834 599 1020 668; x_wconf 84' lang='lat' dir='ltr'><strong>Hujus</strong></span> <span class='ocrx_word' id='word_1_20' title='bbox 1069 605 1262 653; x_wconf 91' lang='lat' dir='ltr'><strong>autem</strong></span> <span class='ocrx_word' id='word_1_21' title='bbox 1306 598 1817 669; x_wconf 67' lang='lat' dir='ltr'><strong>praeclarissimum</strong></span> <span class='ocrx_word' id='word_1_22' title='bbox 1865 605 2035 666; x_wconf 89' lang='lat' dir='ltr'><strong>atque</strong></span> 
     </span>
    </p>
   </div>
   <div class='ocr_carea' id='block_1_5' title="bbox 395 677 2030 753">
    <p class='ocr_par' dir='ltr' id='par_1_5' title="bbox 395 677 2030 753">
     <span class='ocr_line' id='line_1_5' title="bbox 395 677 2030 753; baseline -0.005 -16"><span class='ocrx_word' id='word_1_23' title='bbox 395 684 678 753; x_wconf 92' lang='lat' dir='ltr'><strong>optimum</strong></span> <span class='ocrx_word' id='word_1_24' title='bbox 733 679 1083 734; x_wconf 90' lang='lat' dir='ltr'><strong>sacriﬁcium</strong></span> <span class='ocrx_word' id='word_1_25' title='bbox 1142 696 1248 734; x_wconf 90' lang='lat' dir='ltr'><strong>nos</strong></span> <span class='ocrx_word' id='word_1_26' title='bbox 1298 679 1408 748; x_wconf 87' lang='lat' dir='ltr'><strong>ipsi</strong></span> <span class='ocrx_word' id='word_1_27' title='bbox 1469 695 1698 746; x_wconf 91' lang='lat' dir='ltr'><strong>sumus,</strong></span> <span class='ocrx_word' id='word_1_28' title='bbox 1729 678 1848 741; x_wconf 83' lang='lat' dir='ltr'><strong>hoc</strong></span> <span class='ocrx_word' id='word_1_29' title='bbox 1897 677 2030 730; x_wconf 69' lang='lat' dir='ltr'><strong>est‘</strong></span> 
     </span>
    </p>
   </div>
   <div class='ocr_carea' id='block_1_6' title="bbox 394 756 2036 830">
    <p class='ocr_par' dir='ltr' id='par_1_6' title="bbox 394 756 2036 830">
     <span class='ocr_line' id='line_1_6' title="bbox 394 756 2036 830; baseline -0.004 -13"><span class='ocrx_word' id='word_1_30' title='bbox 394 762 595 818; x_wconf 82' lang='lat' dir='ltr'><strong>civitas</strong></span> <span class='ocrx_word' id='word_1_31' title='bbox 625 761 772 828; x_wconf 82' lang='lat' dir='ltr'><strong>ejus,</strong></span> <span class='ocrx_word' id='word_1_32' title='bbox 805 763 973 827; x_wconf 86' lang='lat' dir='ltr'><strong>cujus</strong></span> <span class='ocrx_word' id='word_1_33' title='bbox 998 759 1077 813; x_wconf 90' lang='lat' dir='ltr'><strong>rei</strong></span> <span class='ocrx_word' id='word_1_34' title='bbox 1108 759 1448 830; x_wconf 79' lang='lat' dir='ltr'><strong>mysterium</strong></span> <span class='ocrx_word' id='word_1_35' title='bbox 1483 757 1848 814; x_wconf 83' lang='lat' dir='ltr'><strong>celebramus</strong></span> <span class='ocrx_word' id='word_1_36' title='bbox 1879 756 2036 811; x_wconf 91' lang='lat' dir='ltr'><strong>obla-</strong></span> 
     </span>
    </p>
   </div>
   <div class='ocr_carea' id='block_1_7' title="bbox 392 837 2032 909">
    <p class='ocr_par' dir='ltr' id='par_1_7' title="bbox 392 837 2032 909">
     <span class='ocr_line' id='line_1_7' title="bbox 392 837 2032 909; baseline -0.004 -13"><span class='ocrx_word' id='word_1_37' title='bbox 392 841 648 896; x_wconf 85' lang='lat' dir='ltr'><strong>tionibus</strong></span> <span class='ocrx_word' id='word_1_38' title='bbox 683 839 922 906; x_wconf 83' lang='lat' dir='ltr'><strong>nostris,</strong></span> <span class='ocrx_word' id='word_1_39' title='bbox 955 855 1084 909; x_wconf 78' lang='lat' dir='ltr'><strong>quae</strong></span> <span class='ocrx_word' id='word_1_40' title='bbox 1115 839 1382 894; x_wconf 83' lang='lat' dir='ltr'><strong>ﬁdelibus</strong></span> <span class='ocrx_word' id='word_1_41' title='bbox 1414 844 1559 894; x_wconf 67' lang='lat' dir='ltr'><strong>uota:</strong></span> <span class='ocrx_word' id='word_1_42' title='bbox 1592 845 1752 902; x_wconf 89' lang='lat' dir='ltr'><strong>sunt,</strong></span> <span class='ocrx_word' id='word_1_43' title='bbox 1785 838 1935 893; x_wconf 83' lang='lat' dir='ltr'><strong>sicut</strong></span> <span class='ocrx_word' id='word_1_44' title='bbox 1975 837 2032 890; x_wconf 89' lang='lat' dir='ltr'><strong>in</strong></span> 
     </span>
    </p>
   </div>
   <div class='ocr_carea' id='block_1_8' title="bbox 390 918 2032 992">
    <p class='ocr_par' dir='ltr' id='par_1_8' title="bbox 390 918 2032 992">
     <span class='ocr_line' id='line_1_8' title="bbox 390 918 2032 992; baseline -0.004 -16"><span class='ocrx_word' id='word_1_45' title='bbox 390 923 554 977; x_wconf 84' lang='lat' dir='ltr'><strong>libris</strong></span> <span class='ocrx_word' id='word_1_46' title='bbox 582 921 1038 992; x_wconf 66' lang='lat' dir='ltr'><strong>prazcedentibus</strong></span> <span class='ocrx_word' id='word_1_47' title='bbox 1071 919 1498 990; x_wconf 80' lang='lat' dir='ltr'><strong>disputavimus</strong></span> <span class='ocrx_word' id='word_1_48' title='bbox 1530 919 1666 988; x_wconf 87' lang='lat' dir='ltr'><strong>(Lib.</strong></span> <span class='ocrx_word' id='word_1_49' title='bbox 1704 919 1790 984; x_wconf 88' lang='grc'><strong>10,</strong></span> <span class='ocrx_word' id='word_1_50' title='bbox 1821 933 1944 984; x_wconf 86' lang='lat' dir='ltr'><strong>cap.</strong></span> <span class='ocrx_word' id='word_1_51' title='bbox 1977 918 2032 984; x_wconf 89' lang='lat'><strong>6,</strong></span> 
     </span>
    </p>
   </div>
   <div class='ocr_carea' id='block_1_9' title="bbox 388 999 2036 1072">
    <p class='ocr_par' dir='ltr' id='par_1_9' title="bbox 388 999 2036 1072">
     <span class='ocr_line' id='line_1_9' title="bbox 388 999 2036 1072; baseline -0.004 -14"><span class='ocrx_word' id='word_1_52' title='bbox 388 1011 444 1058; x_wconf 88' lang='lat' dir='ltr'><strong>et</strong></span> <span class='ocrx_word' id='word_1_53' title='bbox 471 1003 647 1072; x_wconf 89' lang='lat' dir='ltr'><strong>alibi).</strong></span> <span class='ocrx_word' id='word_1_54' title='bbox 680 1005 1019 1056; x_wconf 88' lang='lat' dir='ltr'><strong>Cessaturas</strong></span> <span class='ocrx_word' id='word_1_55' title='bbox 1049 1002 1205 1057; x_wconf 91' lang='lat' dir='ltr'><strong>enim</strong></span> <span class='ocrx_word' id='word_1_56' title='bbox 1235 1002 1522 1064; x_wconf 83' lang='lat' dir='ltr'><strong>victimas,</strong></span> <span class='ocrx_word' id='word_1_57' title='bbox 1549 1017 1696 1071; x_wconf 88' lang='lat' dir='ltr'><strong>quas</strong></span> <span class='ocrx_word' id='word_1_58' title='bbox 1727 999 1788 1054; x_wconf 91' lang='lat' dir='ltr'><strong>in</strong></span> <span class='ocrx_word' id='word_1_59' title='bbox 1825 999 2036 1052; x_wconf 91' lang='lat' dir='ltr'><strong>umbra</strong></span> 
     </span>
    </p>
   </div>
   <div class='ocr_carea' id='block_1_10' title="bbox 389 1077 2033 1147">
    <p class='ocr_par' dir='ltr' id='par_1_10' title="bbox 389 1077 2033 1147">
     <span class='ocr_line' id='line_1_10' title="bbox 389 1077 2033 1147; baseline -0.004 -10"><span class='ocrx_word' id='word_1_60' title='bbox 389 1083 568 1137; x_wconf 88' lang='lat' dir='ltr'><strong>futuri</strong></span> <span class='ocrx_word' id='word_1_61' title='bbox 639 1082 958 1138; x_wconf 82' lang='lat' dir='ltr'><strong>oﬁ‘erebant</strong></span> <span class='ocrx_word' id='word_1_62' title='bbox 1033 1083 1240 1147; x_wconf 68' lang='lat' dir='ltr'><strong>Judaei,</strong></span> <span class='ocrx_word' id='word_1_63' title='bbox 1311 1087 1367 1138; x_wconf 90' lang='lat' dir='ltr'><strong>et</strong></span> <span class='ocrx_word' id='word_1_64' title='bbox 1425 1097 1608 1136; x_wconf 90' lang='lat' dir='ltr'><strong>unum</strong></span> <span class='ocrx_word' id='word_1_65' title='bbox 1676 1077 2033 1134; x_wconf 80' lang='lat' dir='ltr'><strong>sacrificium</strong></span> 
     </span>
    </p>
   </div>
   <div class='ocr_carea' id='block_1_11' title="bbox 389 1158 2031 1233">
    <p class='ocr_par' dir='ltr' id='par_1_11' title="bbox 389 1158 2031 1233">
     <span class='ocr_line' id='line_1_11' title="bbox 389 1158 2031 1233; baseline -0.003 -16"><span class='ocrx_word' id='word_1_66' title='bbox 389 1167 590 1229; x_wconf 72' lang='lat' dir='ltr'><strong>gentes</strong></span> <span class='ocrx_word' id='word_1_67' title='bbox 621 1179 654 1216; x_wconf 91' lang='lat' dir='ltr'><strong>a</strong></span> <span class='ocrx_word' id='word_1_68' title='bbox 703 1161 844 1218; x_wconf 89' lang='lat' dir='ltr'><strong>solis</strong></span> <span class='ocrx_word' id='word_1_69' title='bbox 893 1166 1020 1216; x_wconf 89' lang='lat' dir='ltr'><strong>ortu</strong></span> <span class='ocrx_word' id='word_1_70' title='bbox 1071 1178 1255 1233; x_wconf 90' lang='lat' dir='ltr'><strong>usque</strong></span> <span class='ocrx_word' id='word_1_71' title='bbox 1295 1164 1365 1217; x_wconf 88' lang='lat' dir='ltr'><strong>ad</strong></span> <span class='ocrx_word' id='word_1_72' title='bbox 1412 1177 1700 1229; x_wconf 84' lang='lat' dir='ltr'><strong>occasum,</strong></span> <span class='ocrx_word' id='word_1_73' title='bbox 1731 1160 1882 1215; x_wconf 85' lang='lat' dir='ltr'><strong>sicut</strong></span> <span class='ocrx_word' id='word_1_74' title='bbox 1905 1158 2031 1228; x_wconf 90' lang='lat' dir='ltr'><strong>jam</strong></span> 
     </span>
    </p>
   </div>
   <div class='ocr_carea' id='block_1_12' title="bbox 388 1239 2034 1313">
    <p class='ocr_par' dir='ltr' id='par_1_12' title="bbox 388 1239 2034 1313">
     <span class='ocr_line' id='line_1_12' title="bbox 388 1239 2034 1313; baseline -0.002 -16"><span class='ocrx_word' id='word_1_75' title='bbox 388 1244 512 1297; x_wconf 88' lang='lat' dir='ltr'><strong>ﬁcri</strong></span> <span class='ocrx_word' id='word_1_76' title='bbox 571 1243 854 1298; x_wconf 91' lang='lat' dir='ltr'><strong>cernimus</strong></span> <span class='ocrx_word' id='word_1_77' title='bbox 905 1243 1224 1308; x_wconf 88' lang='lat' dir='ltr'><strong>oblaturas,</strong></span> <span class='ocrx_word' id='word_1_78' title='bbox 1257 1259 1358 1313; x_wconf 91' lang='lat' dir='ltr'><strong>per</strong></span> <span class='ocrx_word' id='word_1_79' title='bbox 1406 1241 1721 1312; x_wconf 83' lang='lat' dir='ltr'><strong>Prophetas</strong></span> <span class='ocrx_word' id='word_1_80' title='bbox 1762 1239 2034 1294; x_wconf 76' lang='lat' dir='ltr'><strong>llebrteos</strong></span> 
     </span>
    </p>
   </div>
   <div class='ocr_carea' id='block_1_13' title="bbox 387 1320 2032 1391">
    <p class='ocr_par' dir='ltr' id='par_1_13' title="bbox 387 1320 2032 1391">
     <span class='ocr_line' id='line_1_13' title="bbox 387 1320 2032 1391; baseline -0.002 -15"><span class='ocrx_word' id='word_1_81' title='bbox 387 1321 622 1377; x_wconf 86' lang='lat' dir='ltr'><strong>oracula</strong></span> <span class='ocrx_word' id='word_1_82' title='bbox 682 1321 1017 1390; x_wconf 84' lang='lat' dir='ltr'><strong>increpuere</strong></span> <span class='ocrx_word' id='word_1_83' title='bbox 1059 1321 1300 1376; x_wconf 88' lang='lat' dir='ltr'><strong>divina:</strong></span> <span class='ocrx_word' id='word_1_84' title='bbox 1359 1335 1428 1376; x_wconf 90' lang='lat' dir='ltr'><strong>ex</strong></span> <span class='ocrx_word' id='word_1_85' title='bbox 1477 1320 1694 1391; x_wconf 90' lang='lat' dir='ltr'><strong>quibus</strong></span> <span class='ocrx_word' id='word_1_86' title='bbox 1748 1323 2032 1389; x_wconf 87' lang='lat' dir='ltr'><strong>quantum</strong></span> 
     </span>
    </p>
   </div>
   <div class='ocr_carea' id='block_1_14' title="bbox 386 1399 2030 1472">
    <p class='ocr_par' dir='ltr' id='par_1_14' title="bbox 386 1399 2030 1472">
     <span class='ocr_line' id='line_1_14' title="bbox 386 1399 2030 1472; baseline -0.004 -13"><span class='ocrx_word' id='word_1_87' title='bbox 386 1403 527 1459; x_wconf 89' lang='lat' dir='ltr'><strong>satis</strong></span> <span class='ocrx_word' id='word_1_88' title='bbox 558 1403 749 1458; x_wconf 89' lang='lat' dir='ltr'><strong>visum</strong></span> <span class='ocrx_word' id='word_1_89' title='bbox 782 1407 890 1467; x_wconf 89' lang='lat' dir='ltr'><strong>est,</strong></span> <span class='ocrx_word' id='word_1_90' title='bbox 924 1400 1204 1457; x_wconf 91' lang='lat' dir='ltr'><strong>nonnulla</strong></span> <span class='ocrx_word' id='word_1_91' title='bbox 1235 1401 1608 1472; x_wconf 84' lang='lat' dir='ltr'><strong>protulimus,</strong></span> <span class='ocrx_word' id='word_1_92' title='bbox 1640 1407 1694 1456; x_wconf 90' lang='lat' dir='ltr'><strong>et</strong></span> <span class='ocrx_word' id='word_1_93' title='bbox 1734 1400 1872 1454; x_wconf 89' lang='lat' dir='ltr'><strong>huic</strong></span> <span class='ocrx_word' id='word_1_94' title='bbox 1904 1399 2030 1466; x_wconf 89' lang='lat' dir='ltr'><strong>jam</strong></span> 
     </span>
    </p>
   </div>
   <div class='ocr_carea' id='block_1_15' title="bbox 387 1481 2033 1556">
    <p class='ocr_par' dir='ltr' id='par_1_15' title="bbox 387 1481 2033 1556">
     <span class='ocr_line' id='line_1_15' title="bbox 387 1481 2033 1556; baseline -0.002 -18"><span class='ocrx_word' id='word_1_95' title='bbox 387 1485 545 1554; x_wconf 89' lang='lat' dir='ltr'><strong>operi</strong></span> <span class='ocrx_word' id='word_1_96' title='bbox 572 1484 950 1556; x_wconf 83' lang='lat' dir='ltr'><strong>aspersimus.</strong></span> <span class='ocrx_word' id='word_1_97' title='bbox 976 1482 1335 1554; x_wconf 87' lang='lat' dir='ltr'><strong>Quapropter</strong></span> <span class='ocrx_word' id='word_1_98' title='bbox 1361 1483 1458 1538; x_wconf 89' lang='lat' dir='ltr'><strong>ubi</strong></span> <span class='ocrx_word' id='word_1_99' title='bbox 1493 1498 1606 1537; x_wconf 89' lang='lat' dir='ltr'><strong>non</strong></span> <span class='ocrx_word' id='word_1_100' title='bbox 1639 1486 1728 1537; x_wconf 89' lang='lat' dir='ltr'><strong>est</strong></span> <span class='ocrx_word' id='word_1_101' title='bbox 1763 1481 1868 1534; x_wconf 89' lang='lat' dir='ltr'><strong>ista</strong></span> <span class='ocrx_word' id='word_1_102' title='bbox 1899 1481 2033 1549; x_wconf 88' lang='lat' dir='ltr'><strong>jus-</strong></span> 
     </span>
    </p>
   </div>
   <div class='ocr_carea' id='block_1_16' title="bbox 383 1560 2031 1636">
    <p class='ocr_par' dir='ltr' id='par_1_16' title="bbox 383 1560 2031 1636">
     <span class='ocr_line' id='line_1_16' title="bbox 383 1560 2031 1636; baseline -0.004 -15"><span class='ocrx_word' id='word_1_103' title='bbox 383 1569 615 1633; x_wconf 86' lang='lat' dir='ltr'><strong>titia,ut</strong></span> <span class='ocrx_word' id='word_1_104' title='bbox 644 1566 970 1621; x_wconf 89' lang='lat' dir='ltr'><strong>secundum</strong></span> <span class='ocrx_word' id='word_1_105' title='bbox 1003 1581 1170 1620; x_wconf 90' lang='lat' dir='ltr'><strong>suam</strong></span> <span class='ocrx_word' id='word_1_106' title='bbox 1203 1564 1448 1636; x_wconf 85' lang='lat' dir='ltr'><strong>gratiam</strong></span> <span class='ocrx_word' id='word_1_107' title='bbox 1482 1562 1696 1619; x_wconf 89' lang='lat' dir='ltr'><strong>civitati</strong></span> <span class='ocrx_word' id='word_1_108' title='bbox 1738 1560 2031 1616; x_wconf 90' lang='lat' dir='ltr'><strong>obedienti</strong></span> 
     </span>
    </p>
   </div>
   <div class='ocr_carea' id='block_1_17' title="bbox 386 1641 2031 1718">
    <p class='ocr_par' dir='ltr' id='par_1_17' title="bbox 386 1641 2031 1718">
     <span class='ocr_line' id='line_1_17' title="bbox 386 1641 2031 1718; baseline -0.005 -14"><span class='ocrx_word' id='word_1_109' title='bbox 386 1650 541 1706; x_wconf 87' lang='lat' dir='ltr'><strong>Deus</strong></span> <span class='ocrx_word' id='word_1_110' title='bbox 569 1649 804 1718; x_wconf 88' lang='lat' dir='ltr'><strong>imperet</strong></span> <span class='ocrx_word' id='word_1_111' title='bbox 830 1663 979 1702; x_wconf 90' lang='lat' dir='ltr'><strong>unus</strong></span> <span class='ocrx_word' id='word_1_112' title='bbox 1010 1652 1066 1701; x_wconf 90' lang='lat' dir='ltr'><strong>et</strong></span> <span class='ocrx_word' id='word_1_113' title='bbox 1105 1661 1399 1714; x_wconf 90' lang='lat' dir='ltr'><strong>summus,</strong></span> <span class='ocrx_word' id='word_1_114' title='bbox 1433 1661 1504 1700; x_wconf 90' lang='lat' dir='ltr'><strong>ne</strong></span> <span class='ocrx_word' id='word_1_115' title='bbox 1542 1645 1814 1714; x_wconf 87' lang='lat' dir='ltr'><strong>cuiquam</strong></span> <span class='ocrx_word' id='word_1_116' title='bbox 1847 1641 2031 1698; x_wconf 82' lang='lat' dir='ltr'><strong>sacri-</strong></span> 
     </span>
    </p>
   </div>
   <div class='ocr_carea' id='block_1_18' title="bbox 387 1723 2031 1796">
    <p class='ocr_par' dir='ltr' id='par_1_18' title="bbox 387 1723 2031 1796">
     <span class='ocr_line' id='line_1_18' title="bbox 387 1723 2031 1796; baseline -0.004 -12"><span class='ocrx_word' id='word_1_117' title='bbox 387 1731 542 1795; x_wconf 78' lang='lat' dir='ltr'><strong>licet,</strong></span> <span class='ocrx_word' id='word_1_118' title='bbox 577 1727 688 1783; x_wconf 88' lang='lat' dir='ltr'><strong>nisi</strong></span> <span class='ocrx_word' id='word_1_119' title='bbox 724 1732 946 1782; x_wconf 87' lang='lat' dir='ltr'><strong>tantum</strong></span> <span class='ocrx_word' id='word_1_120' title='bbox 981 1727 1128 1792; x_wconf 87' lang='lat' dir='ltr'><strong>sibi;</strong></span> <span class='ocrx_word' id='word_1_121' title='bbox 1161 1732 1219 1782; x_wconf 90' lang='lat' dir='ltr'><strong>et</strong></span> <span class='ocrx_word' id='word_1_122' title='bbox 1245 1742 1346 1796; x_wconf 91' lang='lat' dir='ltr'><strong>per</strong></span> <span class='ocrx_word' id='word_1_123' title='bbox 1376 1726 1482 1781; x_wconf 88' lang='lat' dir='ltr'><strong>hoc</strong></span> <span class='ocrx_word' id='word_1_124' title='bbox 1514 1725 1570 1780; x_wconf 91' lang='lat' dir='ltr'><strong>in</strong></span> <span class='ocrx_word' id='word_1_125' title='bbox 1615 1725 1892 1780; x_wconf 88' lang='lat' dir='ltr'><strong>omnibus</strong></span> <span class='ocrx_word' id='word_1_126' title='bbox 1923 1723 2031 1778; x_wconf 86' lang='lat' dir='ltr'><strong>ho-</strong></span> 
     </span>
    </p>
   </div>
   <div class='ocr_carea' id='block_1_19' title="bbox 383 1805 2028 1876">
    <p class='ocr_par' dir='ltr' id='par_1_19' title="bbox 383 1805 2028 1876">
     <span class='ocr_line' id='line_1_19' title="bbox 383 1805 2028 1876; baseline -0.004 -10"><span class='ocrx_word' id='word_1_127' title='bbox 383 1809 639 1866; x_wconf 90' lang='lat' dir='ltr'><strong>minibus</strong></span> <span class='ocrx_word' id='word_1_128' title='bbox 669 1809 740 1863; x_wconf 90' lang='lat' dir='ltr'><strong>ad</strong></span> <span class='ocrx_word' id='word_1_129' title='bbox 773 1808 1035 1864; x_wconf 87' lang='lat' dir='ltr'><strong>eamdem</strong></span> <span class='ocrx_word' id='word_1_130' title='bbox 1067 1807 1354 1862; x_wconf 89' lang='lat' dir='ltr'><strong>civitatem</strong></span> <span class='ocrx_word' id='word_1_131' title='bbox 1389 1805 1814 1876; x_wconf 86' lang='lat' dir='ltr'><strong>pertinentibus</strong></span> <span class='ocrx_word' id='word_1_132' title='bbox 1854 1808 2028 1876; x_wconf 89' lang='lat' dir='ltr'><strong>atque</strong></span> 
     </span>
    </p>
   </div>
   <div class='ocr_carea' id='block_1_20' title="bbox 385 1884 2029 1956">
    <p class='ocr_par' dir='ltr' id='par_1_20' title="bbox 385 1884 2029 1956">
     <span class='ocr_line' id='line_1_20' title="bbox 385 1884 2029 1956; baseline -0.004 -10"><span class='ocrx_word' id='word_1_133' title='bbox 385 1889 787 1946; x_wconf 89' lang='lat' dir='ltr'><strong>obedientibus</strong></span> <span class='ocrx_word' id='word_1_134' title='bbox 845 1889 979 1954; x_wconf 88' lang='lat' dir='ltr'><strong>Deo,</strong></span> <span class='ocrx_word' id='word_1_135' title='bbox 1031 1888 1258 1942; x_wconf 90' lang='lat' dir='ltr'><strong>animus</strong></span> <span class='ocrx_word' id='word_1_136' title='bbox 1316 1888 1490 1940; x_wconf 92' lang='lat' dir='ltr'><strong>etiam</strong></span> <span class='ocrx_word' id='word_1_137' title='bbox 1551 1884 1798 1956; x_wconf 88' lang='lat' dir='ltr'><strong>corpori,</strong></span> <span class='ocrx_word' id='word_1_138' title='bbox 1855 1892 2029 1955; x_wconf 87' lang='lat' dir='ltr'><strong>atque</strong></span> 
     </span>
    </p>
   </div>
   <div class='ocr_carea' id='block_1_21' title="bbox 384 1965 2030 2038">
    <p class='ocr_par' dir='ltr' id='par_1_21' title="bbox 384 1965 2030 2038">
     <span class='ocr_line' id='line_1_21' title="bbox 384 1965 2030 2038; baseline -0.003 -13"><span class='ocrx_word' id='word_1_139' title='bbox 384 1971 532 2025; x_wconf 85' lang='lat' dir='ltr'><strong>ratio</strong></span> <span class='ocrx_word' id='word_1_140' title='bbox 563 1969 740 2036; x_wconf 86' lang='lat' dir='ltr'><strong>vitiis,</strong></span> <span class='ocrx_word' id='word_1_141' title='bbox 773 1969 975 2023; x_wconf 82' lang='lat' dir='ltr'><strong>ordine</strong></span> <span class='ocrx_word' id='word_1_142' title='bbox 1027 1967 1286 2038; x_wconf 87' lang='lat' dir='ltr'><strong>legitimo</strong></span> <span class='ocrx_word' id='word_1_143' title='bbox 1338 1965 1582 2022; x_wconf 87' lang='lat' dir='ltr'><strong>ﬁdeliter</strong></span> <span class='ocrx_word' id='word_1_144' title='bbox 1627 1968 1913 2036; x_wconf 86' lang='lat' dir='ltr'><strong>imperet;</strong></span> <span class='ocrx_word' id='word_1_145' title='bbox 1967 1969 2030 2020; x_wconf 84' lang='lat' dir='ltr'><strong>ut</strong></span> 
     </span>
    </p>
   </div>
   <div class='ocr_carea' id='block_1_22' title="bbox 385 2046 2028 2121">
    <p class='ocr_par' dir='ltr' id='par_1_22' title="bbox 385 2046 2028 2121">
     <span class='ocr_line' id='line_1_22' title="bbox 385 2046 2028 2121; baseline -0.004 -17"><span class='ocrx_word' id='word_1_146' title='bbox 385 2050 880 2121; x_wconf 89' lang='lat' dir='ltr'><strong>quemadmodum</strong></span> <span class='ocrx_word' id='word_1_147' title='bbox 934 2049 1135 2118; x_wconf 87' lang='lat' dir='ltr'><strong>justus</strong></span> <span class='ocrx_word' id='word_1_148' title='bbox 1195 2063 1366 2111; x_wconf 90' lang='lat' dir='ltr'><strong>unus,</strong></span> <span class='ocrx_word' id='word_1_149' title='bbox 1435 2046 1516 2100; x_wconf 90' lang='lat' dir='ltr'><strong>ita</strong></span> <span class='ocrx_word' id='word_1_150' title='bbox 1598 2054 1779 2100; x_wconf 72' lang='lat' dir='ltr'><strong>castus</strong></span> <span class='ocrx_word' id='word_1_151' title='bbox 1839 2059 2028 2114; x_wconf 86' lang='lat' dir='ltr'><strong>popu-</strong></span> 
     </span>
    </p>
   </div>
   <div class='ocr_carea' id='block_1_23' title="bbox 381 2127 2028 2199">
    <p class='ocr_par' dir='ltr' id='par_1_23' title="bbox 381 2127 2028 2199">
     <span class='ocr_line' id='line_1_23' title="bbox 381 2127 2028 2199; baseline -0.005 -14"><span class='ocrx_word' id='word_1_152' title='bbox 381 2130 593 2199; x_wconf 88' lang='lat' dir='ltr'><strong>lusque</strong></span> <span class='ocrx_word' id='word_1_153' title='bbox 621 2130 918 2198; x_wconf 90' lang='lat' dir='ltr'><strong>justorum</strong></span> <span class='ocrx_word' id='word_1_154' title='bbox 965 2128 1119 2182; x_wconf 89' lang='lat' dir='ltr'><strong>vivat</strong></span> <span class='ocrx_word' id='word_1_155' title='bbox 1162 2143 1230 2182; x_wconf 82' lang='lat' dir='ltr'><strong>ex</strong></span> <span class='ocrx_word' id='word_1_156' title='bbox 1275 2127 1410 2195; x_wconf 86' lang='lat' dir='ltr'><strong>ﬁde,</strong></span> <span class='ocrx_word' id='word_1_157' title='bbox 1441 2143 1568 2195; x_wconf 68' lang='lat' dir='ltr'><strong>quae</strong></span> <span class='ocrx_word' id='word_1_158' title='bbox 1614 2129 1888 2196; x_wconf 86' lang='lat' dir='ltr'><strong>operatur</strong></span> <span class='ocrx_word' id='word_1_159' title='bbox 1927 2139 2028 2194; x_wconf 91' lang='lat' dir='ltr'><strong>per</strong></span> 
     </span>
    </p>
   </div>
   <div class='ocr_carea' id='block_1_24' title="bbox 384 2203 2027 2278">
    <p class='ocr_par' dir='ltr' id='par_1_24' title="bbox 384 2203 2027 2278">
     <span class='ocr_line' id='line_1_24' title="bbox 384 2203 2027 2278; baseline -0.005 -13"><span class='ocrx_word' id='word_1_160' title='bbox 384 2211 776 2275; x_wconf 80' lang='lat' dir='ltr'><strong>dilectionem,</strong></span> <span class='ocrx_word' id='word_1_161' title='bbox 835 2225 947 2278; x_wconf 90' lang='lat' dir='ltr'><strong>qua</strong></span> <span class='ocrx_word' id='word_1_162' title='bbox 998 2207 1172 2262; x_wconf 90' lang='lat' dir='ltr'><strong>homo</strong></span> <span class='ocrx_word' id='word_1_163' title='bbox 1226 2206 1413 2277; x_wconf 85' lang='lat' dir='ltr'><strong>diligit</strong></span> <span class='ocrx_word' id='word_1_164' title='bbox 1465 2206 1667 2274; x_wconf 90' lang='lat' dir='ltr'><strong>Deum,</strong></span> <span class='ocrx_word' id='word_1_165' title='bbox 1701 2205 1858 2260; x_wconf 83' lang='lat' dir='ltr'><strong>sicut</strong></span> <span class='ocrx_word' id='word_1_166' title='bbox 1885 2203 2027 2258; x_wconf 88' lang='lat' dir='ltr'><strong>dili-</strong></span> 
     </span>
    </p>
   </div>
   <div class='ocr_carea' id='block_1_25' title="bbox 383 2285 2022 2363">
    <p class='ocr_par' dir='ltr' id='par_1_25' title="bbox 383 2285 2022 2363">
     <span class='ocr_line' id='line_1_25' title="bbox 383 2285 2022 2363; baseline -0.005 -17"><span class='ocrx_word' id='word_1_167' title='bbox 383 2291 610 2363; x_wconf 84' lang='lat' dir='ltr'><strong>gendus</strong></span> <span class='ocrx_word' id='word_1_168' title='bbox 637 2295 724 2346; x_wconf 87' lang='lat' dir='ltr'><strong>est</strong></span> <span class='ocrx_word' id='word_1_169' title='bbox 754 2289 924 2355; x_wconf 89' lang='lat' dir='ltr'><strong>Deus,</strong></span> <span class='ocrx_word' id='word_1_170' title='bbox 962 2296 1015 2345; x_wconf 91' lang='lat' dir='ltr'><strong>et</strong></span> <span class='ocrx_word' id='word_1_171' title='bbox 1047 2287 1371 2359; x_wconf 84' lang='lat' dir='ltr'><strong>proximum</strong></span> <span class='ocrx_word' id='word_1_172' title='bbox 1407 2285 1561 2341; x_wconf 89' lang='lat' dir='ltr'><strong>sicut</strong></span> <span class='ocrx_word' id='word_1_173' title='bbox 1600 2286 1980 2355; x_wconf 88' lang='lat' dir='ltr'><strong>semetipsum</strong></span> <span class='ocrx_word' id='word_1_174' title='bbox 2008 2299 2022 2338; x_wconf 88' lang='lat'><strong>:</strong></span> 
     </span>
    </p>
   </div>
   <div class='ocr_carea' id='block_1_26' title="bbox 384 2365 2026 2442">
    <p class='ocr_par' dir='ltr' id='par_1_26' title="bbox 384 2365 2026 2442">
     <span class='ocr_line' id='line_1_26' title="bbox 384 2365 2026 2442; baseline -0.005 -16"><span class='ocrx_word' id='word_1_175' title='bbox 384 2371 481 2426; x_wconf 88' lang='lat' dir='ltr'><strong>ubi</strong></span> <span class='ocrx_word' id='word_1_176' title='bbox 523 2387 658 2442; x_wconf 86' lang='lat' dir='ltr'><strong>ergo</strong></span> <span class='ocrx_word' id='word_1_177' title='bbox 707 2385 820 2424; x_wconf 90' lang='lat' dir='ltr'><strong>non</strong></span> <span class='ocrx_word' id='word_1_178' title='bbox 878 2375 965 2424; x_wconf 89' lang='lat' dir='ltr'><strong>est</strong></span> <span class='ocrx_word' id='word_1_179' title='bbox 1021 2369 1134 2423; x_wconf 91' lang='lat' dir='ltr'><strong>ista</strong></span> <span class='ocrx_word' id='word_1_180' title='bbox 1185 2365 1438 2436; x_wconf 89' lang='lat' dir='ltr'><strong>justitia,</strong></span> <span class='ocrx_word' id='word_1_181' title='bbox 1471 2366 1724 2436; x_wconf 83' lang='lat' dir='ltr'><strong>profecto</strong></span> <span class='ocrx_word' id='word_1_182' title='bbox 1774 2381 1887 2420; x_wconf 91' lang='lat' dir='ltr'><strong>non</strong></span> <span class='ocrx_word' id='word_1_183' title='bbox 1940 2367 2026 2418; x_wconf 89' lang='lat' dir='ltr'><strong>est</strong></span> 
     </span>
    </p>
   </div>
   <div class='ocr_carea' id='block_1_27' title="bbox 383 2444 2027 2518">
    <p class='ocr_par' dir='ltr' id='par_1_27' title="bbox 383 2444 2027 2518">
     <span class='ocr_line' id='line_1_27' title="bbox 383 2444 2027 2518; baseline -0.005 -11"><span class='ocrx_word' id='word_1_184' title='bbox 383 2456 568 2506; x_wconf 89' lang='lat' dir='ltr'><strong>coetus</strong></span> <span class='ocrx_word' id='word_1_185' title='bbox 614 2450 917 2504; x_wconf 87' lang='lat' dir='ltr'><strong>hominum</strong></span> <span class='ocrx_word' id='word_1_186' title='bbox 959 2449 1110 2518; x_wconf 86' lang='lat' dir='ltr'><strong>juris</strong></span> <span class='ocrx_word' id='word_1_187' title='bbox 1158 2462 1441 2502; x_wconf 90' lang='lat' dir='ltr'><strong>consensu</strong></span> <span class='ocrx_word' id='word_1_188' title='bbox 1473 2453 1528 2500; x_wconf 90' lang='lat' dir='ltr'><strong>et</strong></span> <span class='ocrx_word' id='word_1_189' title='bbox 1568 2444 1838 2500; x_wconf 87' lang='lat' dir='ltr'><strong>utilitatis</strong></span> <span class='ocrx_word' id='word_1_190' title='bbox 1869 2459 2027 2498; x_wconf 89' lang='lat' dir='ltr'><strong>com-</strong></span> 
     </span>
    </p>
   </div>
   <div class='ocr_carea' id='block_1_28' title="bbox 384 2522 2020 2596">
    <p class='ocr_par' dir='ltr' id='par_1_28' title="bbox 384 2522 2020 2596">
     <span class='ocr_line' id='line_1_28' title="bbox 384 2522 2020 2596; baseline -0.006 -9"><span class='ocrx_word' id='word_1_191' title='bbox 384 2532 657 2587; x_wconf 89' lang='lat' dir='ltr'><strong>munione</strong></span> <span class='ocrx_word' id='word_1_192' title='bbox 680 2531 953 2587; x_wconf 87' lang='lat' dir='ltr'><strong>sociatus.</strong></span> <span class='ocrx_word' id='word_1_193' title='bbox 979 2529 1141 2592; x_wconf 89' lang='lat' dir='ltr'><strong>Quod</strong></span> <span class='ocrx_word' id='word_1_194' title='bbox 1174 2527 1220 2582; x_wconf 90' lang='lat' dir='ltr'><strong>si</strong></span> <span class='ocrx_word' id='word_1_195' title='bbox 1255 2543 1369 2582; x_wconf 89' lang='lat' dir='ltr'><strong>non</strong></span> <span class='ocrx_word' id='word_1_196' title='bbox 1401 2530 1511 2592; x_wconf 88' lang='lat' dir='ltr'><strong>est,</strong></span> <span class='ocrx_word' id='word_1_197' title='bbox 1545 2526 1743 2596; x_wconf 91' lang='lat' dir='ltr'><strong>utique</strong></span> <span class='ocrx_word' id='word_1_198' title='bbox 1765 2522 2020 2594; x_wconf 88' lang='lat' dir='ltr'><strong>populus</strong></span> 
     </span>
    </p>
   </div>
   <div class='ocr_carea' id='block_1_29' title="bbox 374 2604 2020 2678">
    <p class='ocr_par' dir='ltr' id='par_1_29' title="bbox 374 2604 2020 2678">
     <span class='ocr_line' id='line_1_29' title="bbox 374 2604 2020 2678; baseline -0.006 -12"><span class='ocrx_word' id='word_1_199' title='bbox 374 2629 488 2666; x_wconf 93' lang='lat' dir='ltr'><strong>non</strong></span> <span class='ocrx_word' id='word_1_200' title='bbox 523 2616 631 2677; x_wconf 88' lang='lat' dir='ltr'><strong>est,</strong></span> <span class='ocrx_word' id='word_1_201' title='bbox 666 2611 713 2666; x_wconf 94' lang='lat' dir='ltr'><strong>si</strong></span> <span class='ocrx_word' id='word_1_202' title='bbox 747 2626 880 2665; x_wconf 89' lang='lat' dir='ltr'><strong>vera</strong></span> <span class='ocrx_word' id='word_1_203' title='bbox 909 2615 998 2664; x_wconf 89' lang='lat' dir='ltr'><strong>est</strong></span> <span class='ocrx_word' id='word_1_204' title='bbox 1026 2608 1146 2663; x_wconf 63' lang='lat' dir='ltr'><strong>haec</strong></span> <span class='ocrx_word' id='word_1_205' title='bbox 1179 2606 1381 2678; x_wconf 88' lang='lat' dir='ltr'><strong>populi</strong></span> <span class='ocrx_word' id='word_1_206' title='bbox 1419 2604 1698 2660; x_wconf 90' lang='lat' dir='ltr'><strong>deﬁnitio.</strong></span> <span class='ocrx_word' id='word_1_207' title='bbox 1732 2604 1878 2674; x_wconf 79' lang='lat' dir='ltr'><strong>Ergo</strong></span> <span class='ocrx_word' id='word_1_208' title='bbox 1917 2617 2020 2656; x_wconf 90' lang='lat' dir='ltr'><strong>nec</strong></span> 
     </span>
    </p>
   </div>
   <div class='ocr_carea' id='block_1_30' title="bbox 374 2683 2020 2762">
    <p class='ocr_par' dir='ltr' id='par_1_30' title="bbox 374 2683 2020 2762">
     <span class='ocr_line' id='line_1_30' title="bbox 374 2683 2020 2762; baseline -0.005 -16"><span class='ocrx_word' id='word_1_209' title='bbox 374 2690 701 2762; x_wconf 87' lang='lat' dir='ltr'><strong>respublica</strong></span> <span class='ocrx_word' id='word_1_210' title='bbox 739 2696 828 2746; x_wconf 89' lang='lat' dir='ltr'><strong>est</strong></span> <span class='ocrx_word' id='word_1_211' title='bbox 863 2707 874 2744; x_wconf 90' lang='lat'><strong>:</strong></span> <span class='ocrx_word' id='word_1_212' title='bbox 908 2690 1043 2761; x_wconf 87' lang='lat' dir='ltr'><strong>quia</strong></span> <span class='ocrx_word' id='word_1_213' title='bbox 1087 2705 1178 2745; x_wconf 88' lang='lat' dir='ltr'><strong>res</strong></span> <span class='ocrx_word' id='word_1_214' title='bbox 1229 2685 1425 2760; x_wconf 91' lang='lat' dir='ltr'><strong>populi</strong></span> <span class='ocrx_word' id='word_1_215' title='bbox 1460 2701 1572 2742; x_wconf 91' lang='lat' dir='ltr'><strong>non</strong></span> <span class='ocrx_word' id='word_1_216' title='bbox 1603 2689 1712 2752; x_wconf 88' lang='lat' dir='ltr'><strong>est,</strong></span> <span class='ocrx_word' id='word_1_217' title='bbox 1747 2684 1846 2739; x_wconf 90' lang='lat' dir='ltr'><strong>ubi</strong></span> <span class='ocrx_word' id='word_1_218' title='bbox 1895 2683 2020 2755; x_wconf 89' lang='lat' dir='ltr'><strong>ipse</strong></span> 
     </span>
    </p>
   </div>
   <div class='ocr_carea' id='block_1_31' title="bbox 369 2771 916 2842">
    <p class='ocr_par' dir='ltr' id='par_1_31' title="bbox 369 2771 916 2842">
     <span class='ocr_line' id='line_1_31' title="bbox 369 2771 916 2842; baseline -0.004 -16"><span class='ocrx_word' id='word_1_219' title='bbox 369 2771 617 2842; x_wconf 89' lang='lat' dir='ltr'><strong>populus</strong></span> <span class='ocrx_word' id='word_1_220' title='bbox 647 2787 764 2827; x_wconf 91' lang='lat' dir='ltr'><strong>non</strong></span> <span class='ocrx_word' id='word_1_221' title='bbox 807 2775 916 2826; x_wconf 89' lang='lat' dir='ltr'><strong>est.</strong></span> 
     </span>
    </p>
   </div>
   <div class='ocr_carea' id='block_1_32' title="bbox 371 2927 2018 3003">
    <p class='ocr_par' dir='ltr' id='par_1_32' title="bbox 371 2927 2018 3003">
     <span class='ocr_line' id='line_1_32' title="bbox 371 2927 2018 3003; baseline -0.004 -15"><span class='ocrx_word' id='word_1_222' title='bbox 371 2931 604 2988; x_wconf 86' lang='lat' dir='ltr'><strong>CAPUT</strong></span> <span class='ocrx_word' id='word_1_223' title='bbox 644 2931 838 2987; x_wconf 84' lang='lat' dir='ltr'><strong>XXIV.</strong></span> <span class='ocrx_word' id='word_1_224' title='bbox 873 2963 941 2973; x_wconf 89' lang='lat'><strong>—-</strong></span> <span class='ocrx_word' id='word_1_225' title='bbox 974 2935 1092 3001; x_wconf 84' lang='lat' dir='ltr'><strong>Qua</strong></span> <span class='ocrx_word' id='word_1_226' title='bbox 1137 2935 1455 3003; x_wconf 82' lang='lat' dir='ltr'><strong>deﬁnitione</strong></span> <span class='ocrx_word' id='word_1_227' title='bbox 1501 2933 1705 2986; x_wconf 79' lang='lat' dir='ltr'><strong>constet</strong></span> <span class='ocrx_word' id='word_1_228' title='bbox 1741 2927 1932 3000; x_wconf 81' lang='lat' dir='ltr'><strong>populi</strong></span> <span class='ocrx_word' id='word_1_229' title='bbox 1968 2935 2018 2982; x_wconf 88' lang='lat' dir='ltr'><strong>et</strong></span> 
     </span>
    </p>
   </div>
   <div class='ocr_carea' id='block_1_33' title="bbox 442 3009 2016 3084">
    <p class='ocr_par' dir='ltr' id='par_1_33' title="bbox 442 3009 2016 3084">
     <span class='ocr_line' id='line_1_33' title="bbox 442 3009 2016 3084; baseline -0.003 -19"><span class='ocrx_word' id='word_1_230' title='bbox 442 3012 758 3083; x_wconf 65' lang='lat' dir='ltr'><strong>reipublicw</strong></span> <span class='ocrx_word' id='word_1_231' title='bbox 815 3016 1279 3084; x_wconf 78' lang='lat' dir='ltr'><strong>nuncupationem</strong></span> <span class='ocrx_word' id='word_1_232' title='bbox 1336 3016 1474 3068; x_wconf 86' lang='lat' dir='ltr'><strong>recte</strong></span> <span class='ocrx_word' id='word_1_233' title='bbox 1521 3011 1629 3065; x_wconf 82' lang='lat' dir='ltr'><strong>sibi</strong></span> <span class='ocrx_word' id='word_1_234' title='bbox 1694 3025 1802 3064; x_wconf 84' lang='lat' dir='ltr'><strong>non</strong></span> <span class='ocrx_word' id='word_1_235' title='bbox 1841 3009 2016 3063; x_wconf 89' lang='lat' dir='ltr'><strong>solum</strong></span> 
     </span>
    </p>
   </div>
   <div class='ocr_carea' id='block_1_34' title="bbox 440 3092 1708 3162">
    <p class='ocr_par' dir='ltr' id='par_1_34' title="bbox 440 3092 1708 3162">
     <span class='ocr_line' id='line_1_34' title="bbox 440 3092 1708 3162; baseline -0.003 -15"><span class='ocrx_word' id='word_1_236' title='bbox 440 3093 728 3159; x_wconf 86' lang='lat' dir='ltr'><strong>Romanos,</strong></span> <span class='ocrx_word' id='word_1_237' title='bbox 758 3093 848 3149; x_wconf 87' lang='lat' dir='ltr'><strong>sed</strong></span> <span class='ocrx_word' id='word_1_238' title='bbox 878 3096 1044 3150; x_wconf 88' lang='lat' dir='ltr'><strong>etiam</strong></span> <span class='ocrx_word' id='word_1_239' title='bbox 1074 3109 1241 3162; x_wconf 83' lang='lat' dir='ltr'><strong>regna</strong></span> <span class='ocrx_word' id='word_1_240' title='bbox 1264 3093 1383 3147; x_wconf 86' lang='lat' dir='ltr'><strong>alia</strong></span> <span class='ocrx_word' id='word_1_241' title='bbox 1403 3092 1708 3146; x_wconf 81' lang='lat' dir='ltr'><strong>vindicare.</strong></span> 
     </span>
    </p>
   </div>
   <div class='ocr_carea' id='block_1_35' title="bbox 438 3227 2014 3299">
    <p class='ocr_par' dir='ltr' id='par_1_35' title="bbox 438 3227 2014 3299">
     <span class='ocr_line' id='line_1_35' title="bbox 438 3227 2014 3299; baseline -0.002 -14"><span class='ocrx_word' id='word_1_242' title='bbox 438 3228 498 3285; x_wconf 87' lang='lat' dir='ltr'><strong>Si</strong></span> <span class='ocrx_word' id='word_1_243' title='bbox 530 3232 723 3284; x_wconf 90' lang='lat' dir='ltr'><strong>autem</strong></span> <span class='ocrx_word' id='word_1_244' title='bbox 759 3227 1011 3299; x_wconf 91' lang='lat' dir='ltr'><strong>populus</strong></span> <span class='ocrx_word' id='word_1_245' title='bbox 1052 3244 1165 3283; x_wconf 89' lang='lat' dir='ltr'><strong>non</strong></span> <span class='ocrx_word' id='word_1_246' title='bbox 1214 3227 1348 3293; x_wconf 88' lang='lat' dir='ltr'><strong>isto,</strong></span> <span class='ocrx_word' id='word_1_247' title='bbox 1381 3227 1485 3282; x_wconf 86' lang='lat' dir='ltr'><strong>sed</strong></span> <span class='ocrx_word' id='word_1_248' title='bbox 1533 3227 1646 3283; x_wconf 90' lang='lat' dir='ltr'><strong>alio</strong></span> <span class='ocrx_word' id='word_1_249' title='bbox 1705 3227 2014 3282; x_wconf 88' lang='lat' dir='ltr'><strong>deﬁniatur</strong></span> 
     </span>
    </p>
   </div>
   <div class='ocr_carea' id='block_1_36' title="bbox 366 3307 2013 3380">
    <p class='ocr_par' dir='ltr' id='par_1_36' title="bbox 366 3307 2013 3380">
     <span class='ocr_line' id='line_1_36' title="bbox 366 3307 2013 3380; baseline -0.001 -16"><span class='ocrx_word' id='word_1_250' title='bbox 366 3311 560 3377; x_wconf 90' lang='lat' dir='ltr'><strong>modo,</strong></span> <span class='ocrx_word' id='word_1_251' title='bbox 593 3308 751 3364; x_wconf 91' lang='lat' dir='ltr'><strong>velut</strong></span> <span class='ocrx_word' id='word_1_252' title='bbox 781 3309 830 3363; x_wconf 88' lang='lat' dir='ltr'><strong>si</strong></span> <span class='ocrx_word' id='word_1_253' title='bbox 863 3309 1102 3378; x_wconf 83' lang='lat' dir='ltr'><strong>dicatur,</strong></span> <span class='ocrx_word' id='word_1_254' title='bbox 1137 3307 1397 3380; x_wconf 90' lang='lat' dir='ltr'><strong>Populus</strong></span> <span class='ocrx_word' id='word_1_255' title='bbox 1427 3317 1509 3364; x_wconf 91' lang='lat' dir='ltr'><strong>est</strong></span> <span class='ocrx_word' id='word_1_256' title='bbox 1541 3315 1724 3364; x_wconf 88' lang='lat' dir='ltr'><strong>coetus</strong></span> <span class='ocrx_word' id='word_1_257' title='bbox 1755 3309 2013 3364; x_wconf 83' lang='lat' dir='ltr'><strong>multitu-</strong></span> 
     </span>
    </p>
   </div>
   <div class='ocr_carea' id='block_1_37' title="bbox 365 3387 2014 3461">
    <p class='ocr_par' dir='ltr' id='par_1_37' title="bbox 365 3387 2014 3461">
     <span class='ocr_line' id='line_1_37' title="bbox 365 3387 2014 3461; baseline -0.001 -17"><span class='ocrx_word' id='word_1_258' title='bbox 365 3389 520 3444; x_wconf 90' lang='lat' dir='ltr'><strong>dinis</strong></span> <span class='ocrx_word' id='word_1_259' title='bbox 557 3387 1096 3456; x_wconf 88' lang='lat' dir='ltr'><strong>rationalis,rerum</strong></span> <span class='ocrx_word' id='word_1_260' title='bbox 1130 3405 1275 3460; x_wconf 90' lang='lat' dir='ltr'><strong>quas</strong></span> <span class='ocrx_word' id='word_1_261' title='bbox 1308 3387 1498 3461; x_wconf 82' lang='lat' dir='ltr'><strong>diligit</strong></span> <span class='ocrx_word' id='word_1_262' title='bbox 1535 3389 1806 3445; x_wconf 87' lang='lat' dir='ltr'><strong>concordi</strong></span> <span class='ocrx_word' id='word_1_263' title='bbox 1855 3405 2014 3444; x_wconf 91' lang='lat' dir='ltr'><strong>com-</strong></span> 
     </span>
    </p>
   </div>
   <div class='ocr_carea' id='block_1_38' title="bbox 367 3467 2014 3539">
    <p class='ocr_par' dir='ltr' id='par_1_38' title="bbox 367 3467 2014 3539">
     <span class='ocr_line' id='line_1_38' title="bbox 367 3467 2014 3539; baseline 0 -16"><span class='ocrx_word' id='word_1_264' title='bbox 367 3469 642 3525; x_wconf 88' lang='lat' dir='ltr'><strong>munione</strong></span> <span class='ocrx_word' id='word_1_265' title='bbox 703 3469 1007 3524; x_wconf 88' lang='lat' dir='ltr'><strong>sociatus:</strong></span> <span class='ocrx_word' id='word_1_266' title='bbox 1071 3469 1321 3538; x_wconf 81' lang='lat' dir='ltr'><strong>prot‘ecto</strong></span> <span class='ocrx_word' id='word_1_267' title='bbox 1381 3474 1445 3524; x_wconf 92' lang='lat' dir='ltr'><strong>ut</strong></span> <span class='ocrx_word' id='word_1_268' title='bbox 1507 3468 1774 3524; x_wconf 90' lang='lat' dir='ltr'><strong>videatur</strong></span> <span class='ocrx_word' id='word_1_269' title='bbox 1825 3467 2014 3539; x_wconf 89' lang='lat' dir='ltr'><strong>qualis</strong></span> 
     </span>
    </p>
   </div>
   <div class='ocr_carea' id='block_1_39' title="bbox 362 3547 2011 3620">
    <p class='ocr_par' dir='ltr' id='par_1_39' title="bbox 362 3547 2011 3620">
     <span class='ocr_line' id='line_1_39' title="bbox 362 3547 2011 3620; baseline 0 -16"><span class='ocrx_word' id='word_1_270' title='bbox 362 3549 611 3619; x_wconf 89' lang='lat' dir='ltr'><strong>quisque</strong></span> <span class='ocrx_word' id='word_1_271' title='bbox 638 3548 884 3618; x_wconf 83' lang='lat' dir='ltr'><strong>populus</strong></span> <span class='ocrx_word' id='word_1_272' title='bbox 909 3549 1004 3617; x_wconf 85' lang='lat' dir='ltr'><strong>sit,</strong></span> <span class='ocrx_word' id='word_1_273' title='bbox 1039 3548 1138 3603; x_wconf 89' lang='lat' dir='ltr'><strong>illa</strong></span> <span class='ocrx_word' id='word_1_274' title='bbox 1164 3557 1300 3604; x_wconf 89' lang='lat' dir='ltr'><strong>sunt</strong></span> <span class='ocrx_word' id='word_1_275' title='bbox 1332 3547 1618 3604; x_wconf 90' lang='lat' dir='ltr'><strong>intuenda</strong></span> <span class='ocrx_word' id='word_1_276' title='bbox 1649 3565 1772 3620; x_wconf 68' lang='lat' dir='ltr'><strong>quis</strong></span> <span class='ocrx_word' id='word_1_277' title='bbox 1804 3547 2011 3620; x_wconf 83' lang='lat' dir='ltr'><strong>diligit.</strong></span> 
     </span>
    </p>
   </div>
   <div class='ocr_carea' id='block_1_40' title="bbox 363 3627 2013 3700">
    <p class='ocr_par' dir='ltr' id='par_1_40' title="bbox 363 3627 2013 3700">
     <span class='ocr_line' id='line_1_40' title="bbox 363 3627 2013 3700; baseline -0.001 -18"><span class='ocrx_word' id='word_1_278' title='bbox 363 3629 756 3699; x_wconf 70' lang='lat' dir='ltr'><strong>Quaecumque</strong></span> <span class='ocrx_word' id='word_1_279' title='bbox 786 3633 978 3682; x_wconf 91' lang='lat' dir='ltr'><strong>tamen</strong></span> <span class='ocrx_word' id='word_1_280' title='bbox 1031 3628 1257 3700; x_wconf 83' lang='lat' dir='ltr'><strong>diligat,</strong></span> <span class='ocrx_word' id='word_1_281' title='bbox 1291 3627 1339 3683; x_wconf 90' lang='lat' dir='ltr'><strong>si</strong></span> <span class='ocrx_word' id='word_1_282' title='bbox 1385 3633 1568 3684; x_wconf 62' lang='lat' dir='ltr'><strong>coetus</strong></span> <span class='ocrx_word' id='word_1_283' title='bbox 1608 3634 1696 3683; x_wconf 86' lang='lat' dir='ltr'><strong>est</strong></span> <span class='ocrx_word' id='word_1_284' title='bbox 1745 3627 2013 3682; x_wconf 88' lang='lat' dir='ltr'><strong>multitu-</strong></span> 
     </span>
    </p>
   </div>
   <div class='ocr_carea' id='block_1_41' title="bbox 363 3708 2011 3777">
    <p class='ocr_par' dir='ltr' id='par_1_41' title="bbox 363 3708 2011 3777">
     <span class='ocr_line' id='line_1_41' title="bbox 363 3708 2011 3777; baseline 0 -16"><span class='ocrx_word' id='word_1_285' title='bbox 363 3708 538 3776; x_wconf 83' lang='lat' dir='ltr'><strong>dinis,</strong></span> <span class='ocrx_word' id='word_1_286' title='bbox 573 3725 687 3762; x_wconf 90' lang='lat' dir='ltr'><strong>non</strong></span> <span class='ocrx_word' id='word_1_287' title='bbox 721 3725 1014 3777; x_wconf 90' lang='lat' dir='ltr'><strong>pecorum,</strong></span> <span class='ocrx_word' id='word_1_288' title='bbox 1047 3710 1146 3762; x_wconf 89' lang='lat' dir='ltr'><strong>sed</strong></span> <span class='ocrx_word' id='word_1_289' title='bbox 1190 3708 1560 3764; x_wconf 88' lang='lat' dir='ltr'><strong>rationalium</strong></span> <span class='ocrx_word' id='word_1_290' title='bbox 1593 3713 2011 3774; x_wconf 85' lang='lat' dir='ltr'><strong>creaturarum,</strong></span> 
     </span>
    </p>
   </div>
   <div class='ocr_carea' id='block_1_42' title="bbox 362 3788 2014 3860">
    <p class='ocr_par' dir='ltr' id='par_1_42' title="bbox 362 3788 2014 3860">
     <span class='ocr_line' id='line_1_42' title="bbox 362 3788 2014 3860; baseline -0.001 -17"><span class='ocrx_word' id='word_1_291' title='bbox 362 3795 416 3843; x_wconf 91' lang='lat' dir='ltr'><strong>et</strong></span> <span class='ocrx_word' id='word_1_292' title='bbox 445 3804 646 3843; x_wconf 89' lang='lat' dir='ltr'><strong>eorum</strong></span> <span class='ocrx_word' id='word_1_293' title='bbox 679 3806 800 3859; x_wconf 68' lang='lat' dir='ltr'><strong>qua:</strong></span> <span class='ocrx_word' id='word_1_294' title='bbox 833 3788 1015 3860; x_wconf 84' lang='lat' dir='ltr'><strong>diligit</strong></span> <span class='ocrx_word' id='word_1_295' title='bbox 1057 3789 1325 3844; x_wconf 89' lang='lat' dir='ltr'><strong>concordi</strong></span> <span class='ocrx_word' id='word_1_296' title='bbox 1365 3791 1778 3845; x_wconf 89' lang='lat' dir='ltr'><strong>communione</strong></span> <span class='ocrx_word' id='word_1_297' title='bbox 1827 3789 2014 3843; x_wconf 88' lang='lat' dir='ltr'><strong>socia-</strong></span> 
     </span>
    </p>
   </div>
   <div class='ocr_carea' id='block_1_43' title="bbox 358 3869 2010 3941">
    <p class='ocr_par' dir='ltr' id='par_1_43' title="bbox 358 3869 2010 3941">
     <span class='ocr_line' id='line_1_43' title="bbox 358 3869 2010 3941; baseline 0.002 -19"><span class='ocrx_word' id='word_1_298' title='bbox 358 3873 455 3924; x_wconf 88' lang='lat' dir='ltr'><strong>tus</strong></span> <span class='ocrx_word' id='word_1_299' title='bbox 485 3874 590 3936; x_wconf 90' lang='lat' dir='ltr'><strong>est,</strong></span> <span class='ocrx_word' id='word_1_300' title='bbox 624 3886 736 3924; x_wconf 90' lang='lat' dir='ltr'><strong>non</strong></span> <span class='ocrx_word' id='word_1_301' title='bbox 787 3870 1041 3924; x_wconf 90' lang='lat' dir='ltr'><strong>absurde</strong></span> <span class='ocrx_word' id='word_1_302' title='bbox 1090 3869 1341 3941; x_wconf 91' lang='lat' dir='ltr'><strong>populus</strong></span> <span class='ocrx_word' id='word_1_303' title='bbox 1396 3874 1770 3940; x_wconf 88' lang='lat' dir='ltr'><strong>nuncupatur</strong></span> <span class='ocrx_word' id='word_1_304' title='bbox 1802 3891 1815 3939; x_wconf 89' lang='lat'><strong>;</strong></span> <span class='ocrx_word' id='word_1_305' title='bbox 1851 3874 2010 3925; x_wconf 83' lang='lat' dir='ltr'><strong>tanto</strong></span> 
     </span>
    </p>
   </div>
   <div class='ocr_carea' id='block_1_44' title="bbox 363 3950 2010 4022">
    <p class='ocr_par' dir='ltr' id='par_1_44' title="bbox 363 3950 2010 4022">
     <span class='ocr_line' id='line_1_44' title="bbox 363 3950 2010 4022; baseline 0.001 -16"><span class='ocrx_word' id='word_1_306' title='bbox 363 3950 564 4022; x_wconf 88' lang='lat' dir='ltr'><strong>utique</strong></span> <span class='ocrx_word' id='word_1_307' title='bbox 596 3951 818 4015; x_wconf 89' lang='lat' dir='ltr'><strong>melior,</strong></span> <span class='ocrx_word' id='word_1_308' title='bbox 856 3958 1069 4021; x_wconf 91' lang='lat' dir='ltr'><strong>quanto</strong></span> <span class='ocrx_word' id='word_1_309' title='bbox 1101 3950 1159 4005; x_wconf 90' lang='lat' dir='ltr'><strong>in</strong></span> <span class='ocrx_word' id='word_1_310' title='bbox 1187 3951 1561 4019; x_wconf 89' lang='lat' dir='ltr'><strong>melioribus;</strong></span> <span class='ocrx_word' id='word_1_311' title='bbox 1596 3957 1875 4022; x_wconf 87' lang='lat' dir='ltr'><strong>tantoque</strong></span> <span class='ocrx_word' id='word_1_312' title='bbox 1909 3951 2010 4008; x_wconf 88' lang='lat' dir='ltr'><strong>dc-</strong></span> 
     </span>
    </p>
   </div>
   <div class='ocr_carea' id='block_1_45' title="bbox 362 4032 2011 4102">
    <p class='ocr_par' dir='ltr' id='par_1_45' title="bbox 362 4032 2011 4102">
     <span class='ocr_line' id='line_1_45' title="bbox 362 4032 2011 4102; baseline 0.004 -20"><span class='ocrx_word' id='word_1_313' title='bbox 362 4034 560 4099; x_wconf 88' lang='lat' dir='ltr'><strong>terior,</strong></span> <span class='ocrx_word' id='word_1_314' title='bbox 584 4037 801 4102; x_wconf 79' lang='lat' dir='ltr'><strong>quanto</strong></span> <span class='ocrx_word' id='word_1_315' title='bbox 829 4037 917 4088; x_wconf 89' lang='lat' dir='ltr'><strong>est</strong></span> <span class='ocrx_word' id='word_1_316' title='bbox 965 4033 1022 4086; x_wconf 91' lang='lat' dir='ltr'><strong>in</strong></span> <span class='ocrx_word' id='word_1_317' title='bbox 1073 4032 1460 4088; x_wconf 89' lang='lat' dir='ltr'><strong>deterioribus</strong></span> <span class='ocrx_word' id='word_1_318' title='bbox 1501 4049 1764 4088; x_wconf 91' lang='lat' dir='ltr'><strong>concors.</strong></span> <span class='ocrx_word' id='word_1_319' title='bbox 1800 4033 2011 4088; x_wconf 90' lang='lat' dir='ltr'><strong>Secun-</strong></span> 
     </span>
    </p>
   </div>
   <div class='ocr_carea' id='block_1_46' title="bbox 362 4112 2008 4184">
    <p class='ocr_par' dir='ltr' id='par_1_46' title="bbox 362 4112 2008 4184">
     <span class='ocr_line' id='line_1_46' title="bbox 362 4112 2008 4184; baseline 0 -17"><span class='ocrx_word' id='word_1_320' title='bbox 362 4114 504 4167; x_wconf 91' lang='lat' dir='ltr'><strong>dum</strong></span> <span class='ocrx_word' id='word_1_321' title='bbox 548 4113 720 4167; x_wconf 90' lang='lat' dir='ltr'><strong>istam</strong></span> <span class='ocrx_word' id='word_1_322' title='bbox 765 4112 1156 4169; x_wconf 83' lang='lat' dir='ltr'><strong>deﬁnitionem</strong></span> <span class='ocrx_word' id='word_1_323' title='bbox 1191 4118 1450 4168; x_wconf 89' lang='lat' dir='ltr'><strong>nostram</strong></span> <span class='ocrx_word' id='word_1_324' title='bbox 1495 4113 1793 4169; x_wconf 84' lang='lat' dir='ltr'><strong>Romanus</strong></span> <span class='ocrx_word' id='word_1_325' title='bbox 1824 4129 2008 4184; x_wconf 87' lang='lat' dir='ltr'><strong>popu-</strong></span> 
     </span>
    </p>
   </div>
   <div class='ocr_carea' id='block_1_47' title="bbox 359 4192 2009 4264">
    <p class='ocr_par' dir='ltr' id='par_1_47' title="bbox 359 4192 2009 4264">
     <span class='ocr_line' id='line_1_47' title="bbox 359 4192 2009 4264; baseline -0.001 -17"><span class='ocrx_word' id='word_1_326' title='bbox 359 4193 471 4261; x_wconf 91' lang='lat' dir='ltr'><strong>lus,</strong></span> <span class='ocrx_word' id='word_1_327' title='bbox 506 4192 757 4264; x_wconf 91' lang='lat' dir='ltr'><strong>populus</strong></span> <span class='ocrx_word' id='word_1_328' title='bbox 787 4198 876 4248; x_wconf 90' lang='lat' dir='ltr'><strong>est</strong></span> <span class='ocrx_word' id='word_1_329' title='bbox 910 4211 923 4259; x_wconf 91' lang='lat'><strong>;</strong></span> <span class='ocrx_word' id='word_1_330' title='bbox 958 4197 1014 4248; x_wconf 87' lang='lat' dir='ltr'><strong>et</strong></span> <span class='ocrx_word' id='word_1_331' title='bbox 1058 4208 1146 4247; x_wconf 87' lang='lat' dir='ltr'><strong>res</strong></span> <span class='ocrx_word' id='word_1_332' title='bbox 1173 4193 1300 4262; x_wconf 89' lang='lat' dir='ltr'><strong>ejus</strong></span> <span class='ocrx_word' id='word_1_333' title='bbox 1341 4194 1465 4248; x_wconf 90' lang='lat' dir='ltr'><strong>sine</strong></span> <span class='ocrx_word' id='word_1_334' title='bbox 1497 4193 1855 4248; x_wconf 82' lang='lat' dir='ltr'><strong>dubitatione</strong></span> <span class='ocrx_word' id='word_1_335' title='bbox 1889 4208 2009 4246; x_wconf 88' lang='lat' dir='ltr'><strong>res-</strong></span> 
     </span>
    </p>
   </div>
   <div class='ocr_carea' id='block_1_48' title="bbox 361 4273 2011 4345">
    <p class='ocr_par' dir='ltr' id='par_1_48' title="bbox 361 4273 2011 4345">
     <span class='ocr_line' id='line_1_48' title="bbox 361 4273 2011 4345; baseline -0.001 -17"><span class='ocrx_word' id='word_1_336' title='bbox 361 4274 616 4344; x_wconf 90' lang='lat' dir='ltr'><strong>publica.</strong></span> <span class='ocrx_word' id='word_1_337' title='bbox 702 4273 846 4338; x_wconf 89' lang='lat' dir='ltr'><strong>Quid</strong></span> <span class='ocrx_word' id='word_1_338' title='bbox 901 4278 1097 4328; x_wconf 88' lang='lat' dir='ltr'><strong>autem</strong></span> <span class='ocrx_word' id='word_1_339' title='bbox 1171 4273 1376 4343; x_wconf 88' lang='lat' dir='ltr'><strong>primis</strong></span> <span class='ocrx_word' id='word_1_340' title='bbox 1432 4275 1794 4345; x_wconf 91' lang='lat' dir='ltr'><strong>temporibus</strong></span> <span class='ocrx_word' id='word_1_341' title='bbox 1863 4273 2011 4338; x_wconf 91' lang='lat' dir='ltr'><strong>suis,</strong></span> 
     </span>
    </p>
   </div>
   <div class='ocr_carea' id='block_1_49' title="bbox 359 4352 2011 4422">
    <p class='ocr_par' dir='ltr' id='par_1_49' title="bbox 359 4352 2011 4422">
     <span class='ocr_line' id='line_1_49' title="bbox 359 4352 2011 4422; baseline 0 -16"><span class='ocrx_word' id='word_1_342' title='bbox 359 4354 570 4422; x_wconf 88' lang='lat' dir='ltr'><strong>quidve</strong></span> <span class='ocrx_word' id='word_1_343' title='bbox 602 4353 984 4420; x_wconf 88' lang='lat' dir='ltr'><strong>sequentibus</strong></span> <span class='ocrx_word' id='word_1_344' title='bbox 1031 4352 1278 4422; x_wconf 83' lang='lat' dir='ltr'><strong>populus</strong></span> <span class='ocrx_word' id='word_1_345' title='bbox 1327 4353 1422 4408; x_wconf 92' lang='lat' dir='ltr'><strong>ille</strong></span> <span class='ocrx_word' id='word_1_346' title='bbox 1465 4353 1753 4418; x_wconf 84' lang='lat' dir='ltr'><strong>dilexerit,</strong></span> <span class='ocrx_word' id='word_1_347' title='bbox 1788 4357 1846 4408; x_wconf 89' lang='lat' dir='ltr'><strong>et</strong></span> <span class='ocrx_word' id='word_1_348' title='bbox 1878 4353 2011 4422; x_wconf 83' lang='lat' dir='ltr'><strong>qui-</strong></span> 
     </span>
    </p>
   </div>
   <div class='ocr_carea' id='block_1_50' title="bbox 358 4432 2009 4504">
    <p class='ocr_par' dir='ltr' id='par_1_50' title="bbox 358 4432 2009 4504">
     <span class='ocr_line' id='line_1_50' title="bbox 358 4432 2009 4504; baseline 0.002 -20"><span class='ocrx_word' id='word_1_349' title='bbox 358 4432 468 4484; x_wconf 91' lang='lat' dir='ltr'><strong>bus</strong></span> <span class='ocrx_word' id='word_1_350' title='bbox 527 4432 790 4485; x_wconf 90' lang='lat' dir='ltr'><strong>moribus</strong></span> <span class='ocrx_word' id='word_1_351' title='bbox 850 4432 920 4484; x_wconf 90' lang='lat' dir='ltr'><strong>ad</strong></span> <span class='ocrx_word' id='word_1_352' title='bbox 972 4432 1408 4488; x_wconf 85' lang='lat' dir='ltr'><strong>cruentissimas</strong></span> <span class='ocrx_word' id='word_1_353' title='bbox 1459 4434 1799 4499; x_wconf 89' lang='lat' dir='ltr'><strong>seditiones,</strong></span> <span class='ocrx_word' id='word_1_354' title='bbox 1836 4438 2009 4504; x_wconf 89' lang='lat' dir='ltr'><strong>atque</strong></span> 
     </span>
    </p>
   </div>
   <div class='ocr_carea' id='block_1_51' title="bbox 358 4509 2007 4584">
    <p class='ocr_par' dir='ltr' id='par_1_51' title="bbox 358 4509 2007 4584">
     <span class='ocr_line' id='line_1_51' title="bbox 358 4509 2007 4584; baseline 0.002 -20"><span class='ocrx_word' id='word_1_355' title='bbox 358 4511 496 4564; x_wconf 91' lang='lat' dir='ltr'><strong>inde</strong></span> <span class='ocrx_word' id='word_1_356' title='bbox 546 4510 615 4564; x_wconf 91' lang='lat' dir='ltr'><strong>ad</strong></span> <span class='ocrx_word' id='word_1_357' title='bbox 667 4509 904 4565; x_wconf 88' lang='lat' dir='ltr'><strong>socialia</strong></span> <span class='ocrx_word' id='word_1_358' title='bbox 961 4519 1128 4582; x_wconf 83' lang='lat' dir='ltr'><strong>atque</strong></span> <span class='ocrx_word' id='word_1_359' title='bbox 1185 4513 1373 4568; x_wconf 91' lang='lat' dir='ltr'><strong>civilia</strong></span> <span class='ocrx_word' id='word_1_360' title='bbox 1432 4513 1581 4568; x_wconf 89' lang='lat' dir='ltr'><strong>bella</strong></span> <span class='ocrx_word' id='word_1_361' title='bbox 1642 4513 2007 4584; x_wconf 87' lang='lat' dir='ltr'><strong>perveniens,</strong></span> 
     </span>
    </p>
   </div>
   <div class='ocr_carea' id='block_1_52' title="bbox 358 4591 2011 4664">
    <p class='ocr_par' dir='ltr' id='par_1_52' title="bbox 358 4591 2011 4664">
     <span class='ocr_line' id='line_1_52' title="bbox 358 4591 2011 4664; baseline 0 -18"><span class='ocrx_word' id='word_1_362' title='bbox 358 4593 548 4663; x_wconf 87' lang='lat' dir='ltr'><strong>ipsam</strong></span> <span class='ocrx_word' id='word_1_363' title='bbox 599 4591 992 4660; x_wconf 83' lang='lat' dir='ltr'><strong>concordiam,</strong></span> <span class='ocrx_word' id='word_1_364' title='bbox 1048 4610 1173 4663; x_wconf 69' lang='lat' dir='ltr'><strong>quas</strong></span> <span class='ocrx_word' id='word_1_365' title='bbox 1237 4595 1397 4648; x_wconf 83' lang='lat' dir='ltr'><strong>salus</strong></span> <span class='ocrx_word' id='word_1_366' title='bbox 1448 4595 1878 4664; x_wconf 90' lang='lat' dir='ltr'><strong>quodammodo</strong></span> <span class='ocrx_word' id='word_1_367' title='bbox 1925 4597 2011 4648; x_wconf 89' lang='lat' dir='ltr'><strong>est</strong></span> 
     </span>
    </p>
   </div>
   <div class='ocr_carea' id='block_1_53' title="bbox 357 4672 2006 4744">
    <p class='ocr_par' dir='ltr' id='par_1_53' title="bbox 357 4672 2006 4744">
     <span class='ocr_line' id='line_1_53' title="bbox 357 4672 2006 4744; baseline 0 -18"><span class='ocrx_word' id='word_1_368' title='bbox 357 4672 576 4744; x_wconf 91' lang='lat' dir='ltr'><strong>p0puli,</strong></span> <span class='ocrx_word' id='word_1_369' title='bbox 612 4672 830 4744; x_wconf 87' lang='lat' dir='ltr'><strong>ruperit</strong></span> <span class='ocrx_word' id='word_1_370' title='bbox 861 4679 1035 4742; x_wconf 89' lang='lat' dir='ltr'><strong>atque</strong></span> <span class='ocrx_word' id='word_1_371' title='bbox 1076 4674 1418 4744; x_wconf 90' lang='lat' dir='ltr'><strong>corruperit,</strong></span> <span class='ocrx_word' id='word_1_372' title='bbox 1445 4677 1694 4727; x_wconf 88' lang='lat' dir='ltr'><strong>testatur</strong></span> <span class='ocrx_word' id='word_1_373' title='bbox 1725 4673 1965 4727; x_wconf 77' lang='lat' dir='ltr'><strong>historia</strong></span> <span class='ocrx_word' id='word_1_374' title='bbox 1993 4686 2006 4726; x_wconf 89' lang='lat'><strong>:</strong></span> 
     </span>
    </p>
   </div>
   <div class='ocr_carea' id='block_1_54' title="bbox 363 4752 2005 4824">
    <p class='ocr_par' dir='ltr' id='par_1_54' title="bbox 363 4752 2005 4824">
     <span class='ocr_line' id='line_1_54' title="bbox 363 4752 2005 4824; baseline -0.001 -16"><span class='ocrx_word' id='word_1_375' title='bbox 363 4754 436 4808; x_wconf 89' lang='lat' dir='ltr'><strong>de</strong></span> <span class='ocrx_word' id='word_1_376' title='bbox 466 4769 580 4824; x_wconf 88' lang='lat' dir='ltr'><strong>qua</strong></span> <span class='ocrx_word' id='word_1_377' title='bbox 627 4752 684 4807; x_wconf 90' lang='lat' dir='ltr'><strong>in</strong></span> <span class='ocrx_word' id='word_1_378' title='bbox 729 4753 1192 4824; x_wconf 74' lang='lat' dir='ltr'><strong>praecedentibus</strong></span> <span class='ocrx_word' id='word_1_379' title='bbox 1239 4753 1404 4808; x_wconf 88' lang='lat' dir='ltr'><strong>libris</strong></span> <span class='ocrx_word' id='word_1_380' title='bbox 1451 4752 1632 4806; x_wconf 92' lang='lat' dir='ltr'><strong>multa</strong></span> <span class='ocrx_word' id='word_1_381' title='bbox 1676 4752 2005 4822; x_wconf 87' lang='lat' dir='ltr'><strong>posuimus.</strong></span> 
     </span>
    </p>
   </div>
   <div class='ocr_carea' id='block_1_55' title="bbox 357 4831 2008 4905">
    <p class='ocr_par' dir='ltr' id='par_1_55' title="bbox 357 4831 2008 4905">
     <span class='ocr_line' id='line_1_55' title="bbox 357 4831 2008 4905; baseline -0.002 -16"><span class='ocrx_word' id='word_1_382' title='bbox 357 4839 472 4889; x_wconf 86' lang='lat' dir='ltr'><strong>Nec</strong></span> <span class='ocrx_word' id='word_1_383' title='bbox 505 4835 633 4889; x_wconf 91' lang='lat' dir='ltr'><strong>ideo</strong></span> <span class='ocrx_word' id='word_1_384' title='bbox 665 4839 860 4889; x_wconf 90' lang='lat' dir='ltr'><strong>tamen</strong></span> <span class='ocrx_word' id='word_1_385' title='bbox 893 4834 981 4890; x_wconf 87' lang='lat' dir='ltr'><strong>vel</strong></span> <span class='ocrx_word' id='word_1_386' title='bbox 1021 4835 1214 4905; x_wconf 86' lang='lat' dir='ltr'><strong>ipsum</strong></span> <span class='ocrx_word' id='word_1_387' title='bbox 1264 4849 1379 4888; x_wconf 91' lang='lat' dir='ltr'><strong>non</strong></span> <span class='ocrx_word' id='word_1_388' title='bbox 1427 4847 1554 4887; x_wconf 88' lang='lat' dir='ltr'><strong>esse</strong></span> <span class='ocrx_word' id='word_1_389' title='bbox 1586 4831 1887 4904; x_wconf 89' lang='lat' dir='ltr'><strong>populum,</strong></span> <span class='ocrx_word' id='word_1_390' title='bbox 1918 4831 2008 4886; x_wconf 89' lang='lat' dir='ltr'><strong>vel</strong></span> 
     </span>
    </p>
   </div>
   <div class='ocr_carea' id='block_1_56' title="bbox 356 4913 2006 4985">
    <p class='ocr_par' dir='ltr' id='par_1_56' title="bbox 356 4913 2006 4985">
     <span class='ocr_line' id='line_1_56' title="bbox 356 4913 2006 4985; baseline -0.001 -15"><span class='ocrx_word' id='word_1_391' title='bbox 356 4915 482 4985; x_wconf 91' lang='lat' dir='ltr'><strong>ejus</strong></span> <span class='ocrx_word' id='word_1_392' title='bbox 516 4931 637 4970; x_wconf 90' lang='lat' dir='ltr'><strong>rem</strong></span> <span class='ocrx_word' id='word_1_393' title='bbox 672 4914 914 4970; x_wconf 84' lang='lat' dir='ltr'><strong>dixerim</strong></span> <span class='ocrx_word' id='word_1_394' title='bbox 949 4932 1065 4970; x_wconf 91' lang='lat' dir='ltr'><strong>non</strong></span> <span class='ocrx_word' id='word_1_395' title='bbox 1099 4932 1223 4971; x_wconf 89' lang='lat' dir='ltr'><strong>esse</strong></span> <span class='ocrx_word' id='word_1_396' title='bbox 1255 4913 1694 4984; x_wconf 90' lang='lat' dir='ltr'><strong>rempublicam,</strong></span> <span class='ocrx_word' id='word_1_397' title='bbox 1727 4913 2006 4984; x_wconf 87' lang='lat' dir='ltr'><strong>quamdiu</strong></span> 
     </span>
    </p>
   </div>
   <div class='ocr_carea' id='block_1_57' title="bbox 356 4993 2004 5066">
    <p class='ocr_par' dir='ltr' id='par_1_57' title="bbox 356 4993 2004 5066">
     <span class='ocr_line' id='line_1_57' title="bbox 356 4993 2004 5066; baseline 0.001 -16"><span class='ocrx_word' id='word_1_398' title='bbox 356 5001 554 5050; x_wconf 88' lang='lat' dir='ltr'><strong>manet</strong></span> <span class='ocrx_word' id='word_1_399' title='bbox 581 4997 1033 5066; x_wconf 89' lang='lat' dir='ltr'><strong>qualiscumque</strong></span> <span class='ocrx_word' id='word_1_400' title='bbox 1067 4996 1362 5051; x_wconf 86' lang='lat' dir='ltr'><strong>rationalis</strong></span> <span class='ocrx_word' id='word_1_401' title='bbox 1385 4993 1778 5050; x_wconf 88' lang='lat' dir='ltr'><strong>multitudinis</strong></span> <span class='ocrx_word' id='word_1_402' title='bbox 1807 5004 2004 5060; x_wconf 86' lang='lat' dir='ltr'><strong>coetus,</strong></span> 
     </span>
    </p>
   </div>
   <div class='ocr_carea' id='block_1_58' title="bbox 354 5075 2004 5145">
    <p class='ocr_par' dir='ltr' id='par_1_58' title="bbox 354 5075 2004 5145">
     <span class='ocr_line' id='line_1_58' title="bbox 354 5075 2004 5145; baseline -0.001 -14"><span class='ocrx_word' id='word_1_403' title='bbox 354 5091 547 5131; x_wconf 90' lang='lat' dir='ltr'><strong>rerum</strong></span> <span class='ocrx_word' id='word_1_404' title='bbox 582 5092 728 5145; x_wconf 89' lang='lat' dir='ltr'><strong>quas</strong></span> <span class='ocrx_word' id='word_1_405' title='bbox 768 5075 958 5143; x_wconf 80' lang='lat' dir='ltr'><strong>diligit</strong></span> <span class='ocrx_word' id='word_1_406' title='bbox 989 5076 1257 5130; x_wconf 90' lang='lat' dir='ltr'><strong>concordi</strong></span> <span class='ocrx_word' id='word_1_407' title='bbox 1289 5075 1700 5131; x_wconf 92' lang='lat' dir='ltr'><strong>communione</strong></span> <span class='ocrx_word' id='word_1_408' title='bbox 1731 5075 2004 5131; x_wconf 89' lang='lat' dir='ltr'><strong>sociatus.</strong></span> 
     </span>
    </p>
   </div>
   <div class='ocr_carea' id='block_1_59' title="bbox 353 5153 2000 5224">
    <p class='ocr_par' dir='ltr' id='par_1_59' title="bbox 353 5153 2000 5224">
     <span class='ocr_line' id='line_1_59' title="bbox 353 5153 2000 5224; baseline 0 -14"><span class='ocrx_word' id='word_1_409' title='bbox 353 5154 510 5217; x_wconf 92' lang='lat' dir='ltr'><strong>Quod</strong></span> <span class='ocrx_word' id='word_1_410' title='bbox 573 5157 768 5209; x_wconf 88' lang='lat' dir='ltr'><strong>autem</strong></span> <span class='ocrx_word' id='word_1_411' title='bbox 822 5154 894 5208; x_wconf 90' lang='lat' dir='ltr'><strong>de</strong></span> <span class='ocrx_word' id='word_1_412' title='bbox 933 5153 1040 5208; x_wconf 89' lang='lat' dir='ltr'><strong>isto</strong></span> <span class='ocrx_word' id='word_1_413' title='bbox 1094 5153 1305 5224; x_wconf 92' lang='lat' dir='ltr'><strong>populo</strong></span> <span class='ocrx_word' id='word_1_414' title='bbox 1354 5158 1411 5210; x_wconf 91' lang='lat' dir='ltr'><strong>et</strong></span> <span class='ocrx_word' id='word_1_415' title='bbox 1452 5154 1519 5208; x_wconf 90' lang='lat' dir='ltr'><strong>de</strong></span> <span class='ocrx_word' id='word_1_416' title='bbox 1560 5154 1673 5210; x_wconf 86' lang='lat' dir='ltr'><strong>ista</strong></span> <span class='ocrx_word' id='word_1_417' title='bbox 1704 5154 2000 5224; x_wconf 89' lang='lat' dir='ltr'><strong>republica</strong></span> 
     </span>
    </p>
   </div>
   <div class='ocr_carea' id='block_1_60' title="bbox 356 5233 2006 5305">
    <p class='ocr_par' dir='ltr' id='par_1_60' title="bbox 356 5233 2006 5305">
     <span class='ocr_line' id='line_1_60' title="bbox 356 5233 2006 5305; baseline 0.002 -19"><span class='ocrx_word' id='word_1_418' title='bbox 356 5235 498 5298; x_wconf 82' lang='lat' dir='ltr'><strong>dixi,</strong></span> <span class='ocrx_word' id='word_1_419' title='bbox 550 5233 658 5289; x_wconf 92' lang='lat' dir='ltr'><strong>hoc</strong></span> <span class='ocrx_word' id='word_1_420' title='bbox 714 5235 784 5288; x_wconf 90' lang='lat' dir='ltr'><strong>de</strong></span> <span class='ocrx_word' id='word_1_421' title='bbox 841 5233 1285 5288; x_wconf 86' lang='lat' dir='ltr'><strong>Atheniensium</strong></span> <span class='ocrx_word' id='word_1_422' title='bbox 1345 5234 1431 5289; x_wconf 89' lang='lat' dir='ltr'><strong>vel</strong></span> <span class='ocrx_word' id='word_1_423' title='bbox 1499 5249 2006 5305; x_wconf 89' lang='lat' dir='ltr'><strong>quorumcumque</strong></span> 
     </span>
    </p>
   </div>
   <div class='ocr_carea' id='block_1_61' title="bbox 355 5311 2005 5384">
    <p class='ocr_par' dir='ltr' id='par_1_61' title="bbox 355 5311 2005 5384">
     <span class='ocr_line' id='line_1_61' title="bbox 355 5311 2005 5384; baseline 0 -16"><span class='ocrx_word' id='word_1_424' title='bbox 355 5314 706 5380; x_wconf 83' lang='lat' dir='ltr'><strong>Graecorum,</strong></span> <span class='ocrx_word' id='word_1_425' title='bbox 744 5311 851 5368; x_wconf 90' lang='lat' dir='ltr'><strong>hoc</strong></span> <span class='ocrx_word' id='word_1_426' title='bbox 884 5313 954 5368; x_wconf 90' lang='lat' dir='ltr'><strong>de</strong></span> <span class='ocrx_word' id='word_1_427' title='bbox 983 5313 1408 5384; x_wconf 68' lang='lat' dir='ltr'><strong>Aigyptiorum,</strong></span> <span class='ocrx_word' id='word_1_428' title='bbox 1441 5312 1548 5370; x_wconf 89' lang='lat' dir='ltr'><strong>hoc</strong></span> <span class='ocrx_word' id='word_1_429' title='bbox 1585 5317 1654 5370; x_wconf 89' lang='lat' dir='ltr'><strong>de</strong></span> <span class='ocrx_word' id='word_1_430' title='bbox 1679 5313 1780 5370; x_wconf 92' lang='lat' dir='ltr'><strong>illa</strong></span> <span class='ocrx_word' id='word_1_431' title='bbox 1812 5315 2005 5384; x_wconf 92' lang='lat' dir='ltr'><strong>priore</strong></span> 
     </span>
    </p>
   </div>
   <div class='ocr_carea' id='block_1_62' title="bbox 354 5393 2006 5466">
    <p class='ocr_par' dir='ltr' id='par_1_62' title="bbox 354 5393 2006 5466">
     <span class='ocr_line' id='line_1_62' title="bbox 354 5393 2006 5466; baseline 0.004 -22"><span class='ocrx_word' id='word_1_432' title='bbox 354 5393 641 5464; x_wconf 83' lang='lat' dir='ltr'><strong>Babylone</strong></span> <span class='ocrx_word' id='word_1_433' title='bbox 688 5393 1083 5464; x_wconf 82' lang='lat' dir='ltr'><strong>Assyriorum,</strong></span> <span class='ocrx_word' id='word_1_434' title='bbox 1126 5395 1360 5464; x_wconf 90' lang='lat' dir='ltr'><strong>quando</strong></span> <span class='ocrx_word' id='word_1_435' title='bbox 1409 5393 1468 5449; x_wconf 90' lang='lat' dir='ltr'><strong>in</strong></span> <span class='ocrx_word' id='word_1_436' title='bbox 1519 5396 1692 5452; x_wconf 81' lang='lat' dir='ltr'><strong>rebus</strong></span> <span class='ocrx_word' id='word_1_437' title='bbox 1742 5395 1869 5451; x_wconf 83' lang='lat' dir='ltr'><strong>suis</strong></span> <span class='ocrx_word' id='word_1_438' title='bbox 1902 5411 2006 5466; x_wconf 87' lang='lat' dir='ltr'><strong>pu-</strong></span> 
     </span>
    </p>
   </div>
   <div class='ocr_carea' id='block_1_63' title="bbox 427 5646 1267 5704">
    <p class='ocr_par' dir='ltr' id='par_1_63' title="bbox 427 5646 1267 5704">
     <span class='ocr_line' id='line_1_63' title="bbox 427 5646 1267 5704; baseline 0.011 -13"><span class='ocrx_word' id='word_1_439' title='bbox 427 5649 441 5680; x_wconf 80' lang='grc' dir='ltr'><strong>ι</strong></span> <span class='ocrx_word' id='word_1_440' title='bbox 469 5646 620 5694; x_wconf 79' lang='lat' dir='ltr'><strong>Vind.</strong></span> <span class='ocrx_word' id='word_1_441' title='bbox 653 5650 768 5697; x_wconf 87' lang='lat' dir='ltr'><strong>Am.</strong></span> <span class='ocrx_word' id='word_1_442' title='bbox 800 5651 852 5698; x_wconf 87' lang='lat' dir='ltr'><strong>et</strong></span> <span class='ocrx_word' id='word_1_443' title='bbox 879 5648 985 5704; x_wconf 86' lang='lat' dir='ltr'><strong>Er.,</strong></span> <span class='ocrx_word' id='word_1_444' title='bbox 1015 5648 1142 5699; x_wconf 85' lang='lat' dir='ltr'><strong>haec</strong></span> <span class='ocrx_word' id='word_1_445' title='bbox 1170 5659 1267 5700; x_wconf 85' lang='lat' dir='ltr'><strong>est.</strong></span> 
     </span>
    </p>
   </div>
   <div class='ocr_carea' id='block_1_64' title="bbox 1443 308 2729 380">
    <p class='ocr_par' dir='ltr' id='par_1_64' title="bbox 1443 308 2729 380">
     <span class='ocr_line' id='line_1_64' title="bbox 1443 308 2729 380; baseline -0.003 -8"><span class='ocrx_word' id='word_1_446' title='bbox 1443 315 1542 372; x_wconf 88' lang='lat' dir='ltr'><strong>DE</strong></span> <span class='ocrx_word' id='word_1_447' title='bbox 1585 311 1954 373; x_wconf 78' lang='lat' dir='ltr'><strong>CIVITATE</strong></span> <span class='ocrx_word' id='word_1_448' title='bbox 1998 308 2153 380; x_wconf 79' lang='lat' dir='ltr'><strong>DEI,</strong></span> <span class='ocrx_word' id='word_1_449' title='bbox 2204 309 2264 368; x_wconf 88' lang='lat' dir='ltr'><strong>S.</strong></span> <span class='ocrx_word' id='word_1_450' title='bbox 2311 308 2729 372; x_wconf 84' lang='lat' dir='ltr'><strong>AUGUS&#39;l‘lNl</strong></span> 
     </span>
    </p>
   </div>
   <div class='ocr_carea' id='block_1_65' title="bbox 3673 316 3794 376">
    <p class='ocr_par' dir='ltr' id='par_1_65' title="bbox 3673 316 3794 376">
     <span class='ocr_line' id='line_1_65' title="bbox 3673 316 3794 376; baseline 0.017 -2"><span class='ocrx_word' id='word_1_451' title='bbox 3673 316 3794 376; x_wconf 79' lang='lat'><strong>656</strong></span> 
     </span>
    </p>
   </div>
   <div class='ocr_carea' id='block_1_66' title="bbox 2146 440 3795 515">
    <p class='ocr_par' dir='ltr' id='par_1_66' title="bbox 2146 440 3795 515">
     <span class='ocr_line' id='line_1_66' title="bbox 2146 440 3795 515; baseline 0.004 -19"><span class='ocrx_word' id='word_1_452' title='bbox 2146 440 2314 496; x_wconf 92' lang='lat' dir='ltr'><strong>blicis</strong></span> <span class='ocrx_word' id='word_1_453' title='bbox 2362 441 2608 513; x_wconf 81' lang='lat' dir='ltr'><strong>imperia</strong></span> <span class='ocrx_word' id='word_1_454' title='bbox 2651 440 2735 498; x_wconf 89' lang='lat' dir='ltr'><strong>vel</strong></span> <span class='ocrx_word' id='word_1_455' title='bbox 2767 457 2944 512; x_wconf 92' lang='lat' dir='ltr'><strong>parva</strong></span> <span class='ocrx_word' id='word_1_456' title='bbox 2987 441 3075 497; x_wconf 90' lang='lat' dir='ltr'><strong>vel</strong></span> <span class='ocrx_word' id='word_1_457' title='bbox 3117 457 3329 515; x_wconf 83' lang='lat' dir='ltr'><strong>magna</strong></span> <span class='ocrx_word' id='word_1_458' title='bbox 3368 447 3702 512; x_wconf 90' lang='lat' dir='ltr'><strong>tenuerunt,</strong></span> <span class='ocrx_word' id='word_1_459' title='bbox 3735 451 3795 503; x_wconf 85' lang='lat' dir='ltr'><strong>et</strong></span> 
     </span>
    </p>
   </div>
   <div class='ocr_carea' id='block_1_67' title="bbox 2145 521 3794 597">
    <p class='ocr_par' dir='ltr' id='par_1_67' title="bbox 2145 521 3794 597">
     <span class='ocr_line' id='line_1_67' title="bbox 2145 521 3794 597; baseline 0.003 -22"><span class='ocrx_word' id='word_1_460' title='bbox 2145 521 2216 575; x_wconf 93' lang='lat' dir='ltr'><strong>de</strong></span> <span class='ocrx_word' id='word_1_461' title='bbox 2284 521 2398 576; x_wconf 91' lang='lat' dir='ltr'><strong>alia</strong></span> <span class='ocrx_word' id='word_1_462' title='bbox 2451 538 2820 594; x_wconf 87' lang='lat' dir='ltr'><strong>quacumque</strong></span> <span class='ocrx_word' id='word_1_463' title='bbox 2877 521 3120 576; x_wconf 90' lang='lat' dir='ltr'><strong>aliarum</strong></span> <span class='ocrx_word' id='word_1_464' title='bbox 3179 525 3438 594; x_wconf 82' lang='lat' dir='ltr'><strong>gentium</strong></span> <span class='ocrx_word' id='word_1_465' title='bbox 3494 524 3794 597; x_wconf 85' lang='lat' dir='ltr'><strong>intelligar</strong></span> 
     </span>
    </p>
   </div>
   <div class='ocr_carea' id='block_1_68' title="bbox 2144 601 3790 676">
    <p class='ocr_par' dir='ltr' id='par_1_68' title="bbox 2144 601 3790 676">
     <span class='ocr_line' id='line_1_68' title="bbox 2144 601 3790 676; baseline 0.005 -22"><span class='ocrx_word' id='word_1_466' title='bbox 2144 601 2360 657; x_wconf 85' lang='lat' dir='ltr'><strong>dixisse</strong></span> <span class='ocrx_word' id='word_1_467' title='bbox 2410 608 2578 670; x_wconf 88' lang='lat' dir='ltr'><strong>atque</strong></span> <span class='ocrx_word' id='word_1_468' title='bbox 2631 603 2905 657; x_wconf 89' lang='lat' dir='ltr'><strong>sensisse.</strong></span> <span class='ocrx_word' id='word_1_469' title='bbox 2939 602 3300 658; x_wconf 84' lang='lat' dir='ltr'><strong>Generaliter</strong></span> <span class='ocrx_word' id='word_1_470' title='bbox 3339 605 3558 676; x_wconf 89' lang='lat' dir='ltr'><strong>quippe</strong></span> <span class='ocrx_word' id='word_1_471' title='bbox 3586 605 3790 662; x_wconf 83' lang='lat' dir='ltr'><strong>civitas</strong></span> 
     </span>
    </p>
   </div>
   <div class='ocr_carea' id='block_1_69' title="bbox 2147 682 3794 756">
    <p class='ocr_par' dir='ltr' id='par_1_69' title="bbox 2147 682 3794 756">
     <span class='ocr_line' id='line_1_69' title="bbox 2147 682 3794 756; baseline 0.004 -20"><span class='ocrx_word' id='word_1_472' title='bbox 2147 683 2483 751; x_wconf 90' lang='lat' dir='ltr'><strong>impiorum,</strong></span> <span class='ocrx_word' id='word_1_473' title='bbox 2516 682 2610 738; x_wconf 90' lang='lat' dir='ltr'><strong>cui</strong></span> <span class='ocrx_word' id='word_1_474' title='bbox 2642 699 2756 738; x_wconf 91' lang='lat' dir='ltr'><strong>non</strong></span> <span class='ocrx_word' id='word_1_475' title='bbox 2787 682 3031 753; x_wconf 88' lang='lat' dir='ltr'><strong>imperat</strong></span> <span class='ocrx_word' id='word_1_476' title='bbox 3061 683 3214 738; x_wconf 89' lang='lat' dir='ltr'><strong>Deus</strong></span> <span class='ocrx_word' id='word_1_477' title='bbox 3238 685 3528 740; x_wconf 89' lang='lat' dir='ltr'><strong>obedienti</strong></span> <span class='ocrx_word' id='word_1_478' title='bbox 3561 685 3696 756; x_wconf 87' lang='lat' dir='ltr'><strong>sibi,</strong></span> <span class='ocrx_word' id='word_1_479' title='bbox 3727 693 3794 742; x_wconf 92' lang='lat' dir='ltr'><strong>ut</strong></span> 
     </span>
    </p>
   </div>
   <div class='ocr_carea' id='block_1_70' title="bbox 2145 763 3793 832">
    <p class='ocr_par' dir='ltr' id='par_1_70' title="bbox 2145 763 3793 832">
     <span class='ocr_line' id='line_1_70' title="bbox 2145 763 3793 832; baseline 0.002 -14"><span class='ocrx_word' id='word_1_480' title='bbox 2145 763 2492 818; x_wconf 87' lang='lat' dir='ltr'><strong>sacriﬁcium</strong></span> <span class='ocrx_word' id='word_1_481' title='bbox 2539 779 2650 817; x_wconf 92' lang='lat' dir='ltr'><strong>non</strong></span> <span class='ocrx_word' id='word_1_482' title='bbox 2684 763 2907 830; x_wconf 72' lang='lat' dir='ltr'><strong>offerat,</strong></span> <span class='ocrx_word' id='word_1_483' title='bbox 2960 763 3070 818; x_wconf 88' lang='lat' dir='ltr'><strong>nisi</strong></span> <span class='ocrx_word' id='word_1_484' title='bbox 3112 765 3518 820; x_wconf 92' lang='lat' dir='ltr'><strong>tantummodo</strong></span> <span class='ocrx_word' id='word_1_485' title='bbox 3568 765 3701 832; x_wconf 89' lang='lat' dir='ltr'><strong>sibi,</strong></span> <span class='ocrx_word' id='word_1_486' title='bbox 3736 771 3793 822; x_wconf 91' lang='lat' dir='ltr'><strong>et</strong></span> 
     </span>
    </p>
   </div>
   <div class='ocr_carea' id='block_1_71' title="bbox 2145 841 3792 914">
    <p class='ocr_par' dir='ltr' id='par_1_71' title="bbox 2145 841 3792 914">
     <span class='ocr_line' id='line_1_71' title="bbox 2145 841 3792 914; baseline 0.003 -17"><span class='ocrx_word' id='word_1_487' title='bbox 2145 859 2248 913; x_wconf 88' lang='lat' dir='ltr'><strong>per</strong></span> <span class='ocrx_word' id='word_1_488' title='bbox 2305 843 2412 897; x_wconf 90' lang='lat' dir='ltr'><strong>hoc</strong></span> <span class='ocrx_word' id='word_1_489' title='bbox 2462 843 2521 897; x_wconf 92' lang='lat' dir='ltr'><strong>in</strong></span> <span class='ocrx_word' id='word_1_490' title='bbox 2569 841 2670 898; x_wconf 91' lang='lat' dir='ltr'><strong>illa</strong></span> <span class='ocrx_word' id='word_1_491' title='bbox 2715 848 2771 897; x_wconf 91' lang='lat' dir='ltr'><strong>et</strong></span> <span class='ocrx_word' id='word_1_492' title='bbox 2808 843 3041 898; x_wconf 90' lang='lat' dir='ltr'><strong>animus</strong></span> <span class='ocrx_word' id='word_1_493' title='bbox 3077 844 3319 913; x_wconf 89' lang='lat' dir='ltr'><strong>corpori,</strong></span> <span class='ocrx_word' id='word_1_494' title='bbox 3349 845 3604 914; x_wconf 82' lang='lat' dir='ltr'><strong>ratioque</strong></span> <span class='ocrx_word' id='word_1_495' title='bbox 3636 846 3792 902; x_wconf 86' lang='lat' dir='ltr'><strong>vitiis</strong></span> 
     </span>
    </p>
   </div>
   <div class='ocr_carea' id='block_1_72' title="bbox 2145 921 3715 994">
    <p class='ocr_par' dir='ltr' id='par_1_72' title="bbox 2145 921 3715 994">
     <span class='ocr_line' id='line_1_72' title="bbox 2145 921 3715 994; baseline 0.003 -17"><span class='ocrx_word' id='word_1_496' title='bbox 2145 927 2294 978; x_wconf 89' lang='lat' dir='ltr'><strong>recte</strong></span> <span class='ocrx_word' id='word_1_497' title='bbox 2324 939 2390 977; x_wconf 89' lang='lat' dir='ltr'><strong>ac</strong></span> <span class='ocrx_word' id='word_1_498' title='bbox 2412 921 2658 978; x_wconf 87' lang='lat' dir='ltr'><strong>ﬁdeliter</strong></span> <span class='ocrx_word' id='word_1_499' title='bbox 2688 923 2955 994; x_wconf 90' lang='lat' dir='ltr'><strong>imperet,</strong></span> <span class='ocrx_word' id='word_1_500' title='bbox 2989 928 3144 978; x_wconf 88' lang='lat' dir='ltr'><strong>caret</strong></span> <span class='ocrx_word' id='word_1_501' title='bbox 3168 923 3410 994; x_wconf 66' lang='lat' dir='ltr'><strong>justitiaa</strong></span> <span class='ocrx_word' id='word_1_502' title='bbox 3452 926 3715 982; x_wconf 82' lang='lat' dir='ltr'><strong>veritate.</strong></span> 
     </span>
    </p>
   </div>
   <div class='ocr_carea' id='block_1_73' title="bbox 2144 1081 3790 1154">
    <p class='ocr_par' dir='ltr' id='par_1_73' title="bbox 2144 1081 3790 1154">
     <span class='ocr_line' id='line_1_73' title="bbox 2144 1081 3790 1154; baseline 0.001 -16"><span class='ocrx_word' id='word_1_503' title='bbox 2144 1082 2373 1138; x_wconf 82' lang='lat' dir='ltr'><strong>CAPUT</strong></span> <span class='ocrx_word' id='word_1_504' title='bbox 2403 1081 2561 1138; x_wconf 88' lang='lat' dir='ltr'><strong>XXV.</strong></span> <span class='ocrx_word' id='word_1_505' title='bbox 2595 1115 2664 1123; x_wconf 98' lang='lat'><em>—</em></span> <span class='ocrx_word' id='word_1_506' title='bbox 2694 1083 2844 1152; x_wconf 83' lang='lat' dir='ltr'><strong>Quod</strong></span> <span class='ocrx_word' id='word_1_507' title='bbox 2872 1099 2981 1139; x_wconf 83' lang='lat' dir='ltr'><strong>non</strong></span> <span class='ocrx_word' id='word_1_508' title='bbox 3013 1083 3222 1154; x_wconf 82' lang='lat' dir='ltr'><strong>possint</strong></span> <span class='ocrx_word' id='word_1_509' title='bbox 3258 1083 3340 1140; x_wconf 84' lang='lat' dir='ltr'><strong>ibi</strong></span> <span class='ocrx_word' id='word_1_510' title='bbox 3368 1101 3506 1141; x_wconf 56' lang='lat' dir='ltr'><strong>vera</strong></span> <span class='ocrx_word' id='word_1_511' title='bbox 3537 1101 3653 1142; x_wconf 86' lang='lat' dir='ltr'><strong>esse</strong></span> <span class='ocrx_word' id='word_1_512' title='bbox 3679 1088 3790 1142; x_wconf 87' lang='lat' dir='ltr'><strong>vir-</strong></span> 
     </span>
    </p>
   </div>
   <div class='ocr_carea' id='block_1_74' title="bbox 2498 1162 3432 1234">
    <p class='ocr_par' dir='ltr' id='par_1_74' title="bbox 2498 1162 3432 1234">
     <span class='ocr_line' id='line_1_74' title="bbox 2498 1162 3432 1234; baseline 0.005 -19"><span class='ocrx_word' id='word_1_513' title='bbox 2498 1169 2662 1232; x_wconf 82' lang='lat' dir='ltr'><strong>tutes,</strong></span> <span class='ocrx_word' id='word_1_514' title='bbox 2694 1162 2792 1218; x_wconf 87' lang='lat' dir='ltr'><strong>ubi</strong></span> <span class='ocrx_word' id='word_1_515' title='bbox 2820 1178 2930 1218; x_wconf 81' lang='lat' dir='ltr'><strong>non</strong></span> <span class='ocrx_word' id='word_1_516' title='bbox 2959 1169 3033 1219; x_wconf 87' lang='lat' dir='ltr'><strong>est</strong></span> <span class='ocrx_word' id='word_1_517' title='bbox 3053 1180 3179 1220; x_wconf 86' lang='lat' dir='ltr'><strong>vera</strong></span> <span class='ocrx_word' id='word_1_518' title='bbox 3211 1164 3432 1234; x_wconf 85' lang='lat' dir='ltr'><strong>religio.</strong></span> 
     </span>
    </p>
   </div>
   <div class='ocr_carea' id='block_1_75' title="bbox 2212 1298 3789 1374">
    <p class='ocr_par' dir='ltr' id='par_1_75' title="bbox 2212 1298 3789 1374">
     <span class='ocr_line' id='line_1_75' title="bbox 2212 1298 3789 1374; baseline 0.003 -21"><span class='ocrx_word' id='word_1_519' title='bbox 2212 1298 2539 1362; x_wconf 86' lang='lat' dir='ltr'><strong>Quamlibet</strong></span> <span class='ocrx_word' id='word_1_520' title='bbox 2603 1300 2759 1356; x_wconf 90' lang='lat' dir='ltr'><strong>enim</strong></span> <span class='ocrx_word' id='word_1_521' title='bbox 2819 1300 3078 1357; x_wconf 84' lang='lat' dir='ltr'><strong>videatur</strong></span> <span class='ocrx_word' id='word_1_522' title='bbox 3133 1300 3360 1357; x_wconf 89' lang='lat' dir='ltr'><strong>animus</strong></span> <span class='ocrx_word' id='word_1_523' title='bbox 3424 1303 3675 1374; x_wconf 89' lang='lat' dir='ltr'><strong>corpori,</strong></span> <span class='ocrx_word' id='word_1_524' title='bbox 3735 1309 3789 1359; x_wconf 84' lang='lat' dir='ltr'><strong>et</strong></span> 
     </span>
    </p>
   </div>
   <div class='ocr_carea' id='block_1_76' title="bbox 2141 1379 3786 1454">
    <p class='ocr_par' dir='ltr' id='par_1_76' title="bbox 2141 1379 3786 1454">
     <span class='ocr_line' id='line_1_76' title="bbox 2141 1379 3786 1454; baseline 0.005 -21"><span class='ocrx_word' id='word_1_525' title='bbox 2141 1381 2287 1435; x_wconf 88' lang='lat' dir='ltr'><strong>ratio</strong></span> <span class='ocrx_word' id='word_1_526' title='bbox 2317 1380 2475 1436; x_wconf 90' lang='lat' dir='ltr'><strong>vitiis</strong></span> <span class='ocrx_word' id='word_1_527' title='bbox 2522 1379 2894 1437; x_wconf 87' lang='lat' dir='ltr'><strong>laudabiliter</strong></span> <span class='ocrx_word' id='word_1_528' title='bbox 2952 1381 3279 1454; x_wconf 87' lang='lat' dir='ltr'><strong>imperare;</strong></span> <span class='ocrx_word' id='word_1_529' title='bbox 3326 1383 3373 1438; x_wconf 91' lang='lat' dir='ltr'><strong>si</strong></span> <span class='ocrx_word' id='word_1_530' title='bbox 3405 1383 3522 1440; x_wconf 90' lang='lat' dir='ltr'><strong>Deo</strong></span> <span class='ocrx_word' id='word_1_531' title='bbox 3554 1386 3786 1441; x_wconf 87' lang='lat' dir='ltr'><strong>animus</strong></span> 
     </span>
    </p>
   </div>
   <div class='ocr_carea' id='block_1_77' title="bbox 2140 1460 3786 1531">
    <p class='ocr_par' dir='ltr' id='par_1_77' title="bbox 2140 1460 3786 1531">
     <span class='ocr_line' id='line_1_77' title="bbox 2140 1460 3786 1531; baseline 0.005 -18"><span class='ocrx_word' id='word_1_532' title='bbox 2140 1463 2194 1513; x_wconf 92' lang='lat' dir='ltr'><strong>et</strong></span> <span class='ocrx_word' id='word_1_533' title='bbox 2227 1460 2374 1515; x_wconf 90' lang='lat' dir='ltr'><strong>ratio</strong></span> <span class='ocrx_word' id='word_1_534' title='bbox 2403 1460 2531 1531; x_wconf 90' lang='lat' dir='ltr'><strong>ipsa</strong></span> <span class='ocrx_word' id='word_1_535' title='bbox 2557 1477 2670 1517; x_wconf 89' lang='lat' dir='ltr'><strong>non</strong></span> <span class='ocrx_word' id='word_1_536' title='bbox 2697 1462 2898 1529; x_wconf 89' lang='lat' dir='ltr'><strong>servit,</strong></span> <span class='ocrx_word' id='word_1_537' title='bbox 2927 1461 3081 1518; x_wconf 90' lang='lat' dir='ltr'><strong>sicut</strong></span> <span class='ocrx_word' id='word_1_538' title='bbox 3109 1463 3222 1517; x_wconf 90' lang='lat' dir='ltr'><strong>sibi</strong></span> <span class='ocrx_word' id='word_1_539' title='bbox 3254 1463 3624 1519; x_wconf 88' lang='lat' dir='ltr'><strong>serviendum</strong></span> <span class='ocrx_word' id='word_1_540' title='bbox 3657 1481 3786 1521; x_wconf 89' lang='lat' dir='ltr'><strong>esse</strong></span> 
     </span>
    </p>
   </div>
   <div class='ocr_carea' id='block_1_78' title="bbox 2140 1538 3784 1614">
    <p class='ocr_par' dir='ltr' id='par_1_78' title="bbox 2140 1538 3784 1614">
     <span class='ocr_line' id='line_1_78' title="bbox 2140 1538 3784 1614; baseline 0.004 -22"><span class='ocrx_word' id='word_1_541' title='bbox 2140 1538 2265 1609; x_wconf 91' lang='lat' dir='ltr'><strong>ipse</strong></span> <span class='ocrx_word' id='word_1_542' title='bbox 2309 1539 2460 1595; x_wconf 88' lang='lat' dir='ltr'><strong>Deus</strong></span> <span class='ocrx_word' id='word_1_543' title='bbox 2491 1540 2785 1612; x_wconf 84' lang='lat' dir='ltr'><strong>praecepit,</strong></span> <span class='ocrx_word' id='word_1_544' title='bbox 2828 1541 2992 1596; x_wconf 90' lang='lat' dir='ltr'><strong>nullo</strong></span> <span class='ocrx_word' id='word_1_545' title='bbox 3037 1542 3210 1598; x_wconf 91' lang='lat' dir='ltr'><strong>modo</strong></span> <span class='ocrx_word' id='word_1_546' title='bbox 3249 1546 3475 1613; x_wconf 88' lang='lat' dir='ltr'><strong>corpori</strong></span> <span class='ocrx_word' id='word_1_547' title='bbox 3514 1544 3784 1614; x_wconf 81' lang='lat' dir='ltr'><strong>vitiisque</strong></span> 
     </span>
    </p>
   </div>
   <div class='ocr_carea' id='block_1_79' title="bbox 2141 1620 3781 1694">
    <p class='ocr_par' dir='ltr' id='par_1_79' title="bbox 2141 1620 3781 1694">
     <span class='ocr_line' id='line_1_79' title="bbox 2141 1620 3781 1694; baseline 0.004 -20"><span class='ocrx_word' id='word_1_548' title='bbox 2141 1623 2294 1675; x_wconf 89' lang='lat' dir='ltr'><strong>recte</strong></span> <span class='ocrx_word' id='word_1_549' title='bbox 2332 1620 2599 1691; x_wconf 88' lang='lat' dir='ltr'><strong>imperat.</strong></span> <span class='ocrx_word' id='word_1_550' title='bbox 2633 1620 2780 1676; x_wconf 90' lang='lat' dir='ltr'><strong>Nam</strong></span> <span class='ocrx_word' id='word_1_551' title='bbox 2807 1621 2998 1691; x_wconf 89' lang='lat' dir='ltr'><strong>qualis</strong></span> <span class='ocrx_word' id='word_1_552' title='bbox 3027 1623 3286 1694; x_wconf 91' lang='lat' dir='ltr'><strong>corporis</strong></span> <span class='ocrx_word' id='word_1_553' title='bbox 3307 1629 3483 1694; x_wconf 88' lang='lat' dir='ltr'><strong>atque</strong></span> <span class='ocrx_word' id='word_1_554' title='bbox 3514 1624 3781 1680; x_wconf 90' lang='lat' dir='ltr'><strong>vitiorum</strong></span> 
     </span>
    </p>
   </div>
   <div class='ocr_carea' id='block_1_80' title="bbox 2139 1699 3786 1772">
    <p class='ocr_par' dir='ltr' id='par_1_80' title="bbox 2139 1699 3786 1772">
     <span class='ocr_line' id='line_1_80' title="bbox 2139 1699 3786 1772; baseline 0.003 -18"><span class='ocrx_word' id='word_1_555' title='bbox 2139 1703 2331 1769; x_wconf 86' lang='lat' dir='ltr'><strong>potest</strong></span> <span class='ocrx_word' id='word_1_556' title='bbox 2380 1715 2509 1756; x_wconf 84' lang='lat' dir='ltr'><strong>esse</strong></span> <span class='ocrx_word' id='word_1_557' title='bbox 2566 1717 2732 1757; x_wconf 89' lang='lat' dir='ltr'><strong>mens</strong></span> <span class='ocrx_word' id='word_1_558' title='bbox 2777 1699 3033 1769; x_wconf 90' lang='lat' dir='ltr'><strong>domina,</strong></span> <span class='ocrx_word' id='word_1_559' title='bbox 3083 1701 3203 1757; x_wconf 88' lang='lat' dir='ltr'><strong>veri</strong></span> <span class='ocrx_word' id='word_1_560' title='bbox 3261 1703 3363 1758; x_wconf 91' lang='lat' dir='ltr'><strong>Dei</strong></span> <span class='ocrx_word' id='word_1_561' title='bbox 3422 1704 3638 1772; x_wconf 90' lang='lat' dir='ltr'><strong>nescia,</strong></span> <span class='ocrx_word' id='word_1_562' title='bbox 3682 1721 3786 1760; x_wconf 88' lang='lat' dir='ltr'><strong>nec</strong></span> 
     </span>
    </p>
   </div>
   <div class='ocr_carea' id='block_1_81' title="bbox 2138 1780 3782 1853">
    <p class='ocr_par' dir='ltr' id='par_1_81' title="bbox 2138 1780 3782 1853">
     <span class='ocr_line' id='line_1_81' title="bbox 2138 1780 3782 1853; baseline 0.004 -20"><span class='ocrx_word' id='word_1_563' title='bbox 2138 1780 2264 1848; x_wconf 87' lang='lat' dir='ltr'><strong>ejus</strong></span> <span class='ocrx_word' id='word_1_564' title='bbox 2296 1781 2538 1850; x_wconf 91' lang='lat' dir='ltr'><strong>imperio</strong></span> <span class='ocrx_word' id='word_1_565' title='bbox 2569 1781 2900 1853; x_wconf 84' lang='lat' dir='ltr'><strong>subjugata,</strong></span> <span class='ocrx_word' id='word_1_566' title='bbox 2946 1783 3044 1837; x_wconf 90' lang='lat' dir='ltr'><strong>sed</strong></span> <span class='ocrx_word' id='word_1_567' title='bbox 3077 1782 3468 1839; x_wconf 86' lang='lat' dir='ltr'><strong>vitiosissimis</strong></span> <span class='ocrx_word' id='word_1_568' title='bbox 3508 1784 3782 1839; x_wconf 63' lang='lat' dir='ltr'><strong>daemonio</strong></span> 
     </span>
    </p>
   </div>
   <div class='ocr_carea' id='block_1_82' title="bbox 2138 1859 3781 1931">
    <p class='ocr_par' dir='ltr' id='par_1_82' title="bbox 2138 1859 3781 1931">
     <span class='ocr_line' id='line_1_82' title="bbox 2138 1859 3781 1931; baseline 0.003 -17"><span class='ocrx_word' id='word_1_569' title='bbox 2138 1859 2249 1915; x_wconf 89' lang='lat' dir='ltr'><strong>bus</strong></span> <span class='ocrx_word' id='word_1_570' title='bbox 2271 1862 2782 1931; x_wconf 89' lang='lat' dir='ltr'><strong>corrumpentibus</strong></span> <span class='ocrx_word' id='word_1_571' title='bbox 2825 1862 3131 1931; x_wconf 90' lang='lat' dir='ltr'><strong>prostituta</strong></span> <span class='ocrx_word' id='word_1_572' title='bbox 3162 1862 3190 1917; x_wconf 78' lang='lat' dir='ltr'><strong>‘I</strong></span> <span class='ocrx_word' id='word_1_573' title='bbox 3234 1863 3480 1918; x_wconf 85' lang='lat' dir='ltr'><strong>Proinde</strong></span> <span class='ocrx_word' id='word_1_574' title='bbox 3518 1863 3781 1931; x_wconf 89' lang='lat' dir='ltr'><strong>virtutes,</strong></span> 
     </span>
    </p>
   </div>
   <div class='ocr_carea' id='block_1_83' title="bbox 2139 1940 3781 2014">
    <p class='ocr_par' dir='ltr' id='par_1_83' title="bbox 2139 1940 3781 2014">
     <span class='ocr_line' id='line_1_83' title="bbox 2139 1940 3781 2014; baseline 0.002 -20"><span class='ocrx_word' id='word_1_575' title='bbox 2139 1956 2281 2010; x_wconf 89' lang='lat' dir='ltr'><strong>quas</strong></span> <span class='ocrx_word' id='word_1_576' title='bbox 2303 1940 2411 1995; x_wconf 90' lang='lat' dir='ltr'><strong>sibi</strong></span> <span class='ocrx_word' id='word_1_577' title='bbox 2443 1940 2655 1996; x_wconf 90' lang='lat' dir='ltr'><strong>habere</strong></span> <span class='ocrx_word' id='word_1_578' title='bbox 2686 1941 2931 2006; x_wconf 82' lang='lat' dir='ltr'><strong>videtur,</strong></span> <span class='ocrx_word' id='word_1_579' title='bbox 2976 1958 3073 2011; x_wconf 88' lang='lat' dir='ltr'><strong>per</strong></span> <span class='ocrx_word' id='word_1_580' title='bbox 3103 1959 3248 2013; x_wconf 85' lang='lat' dir='ltr'><strong>quas</strong></span> <span class='ocrx_word' id='word_1_581' title='bbox 3283 1943 3530 2012; x_wconf 88' lang='lat' dir='ltr'><strong>imperat</strong></span> <span class='ocrx_word' id='word_1_582' title='bbox 3557 1946 3781 2014; x_wconf 88' lang='lat' dir='ltr'><strong>corpori</strong></span> 
     </span>
    </p>
   </div>
   <div class='ocr_carea' id='block_1_84' title="bbox 2136 2021 3781 2092">
    <p class='ocr_par' dir='ltr' id='par_1_84' title="bbox 2136 2021 3781 2092">
     <span class='ocr_line' id='line_1_84' title="bbox 2136 2021 3781 2092; baseline 0.003 -18"><span class='ocrx_word' id='word_1_583' title='bbox 2136 2026 2192 2075; x_wconf 91' lang='lat' dir='ltr'><strong>et</strong></span> <span class='ocrx_word' id='word_1_584' title='bbox 2221 2021 2375 2075; x_wconf 90' lang='lat' dir='ltr'><strong>vitiis</strong></span> <span class='ocrx_word' id='word_1_585' title='bbox 2406 2023 2474 2076; x_wconf 90' lang='lat' dir='ltr'><strong>ad</strong></span> <span class='ocrx_word' id='word_1_586' title='bbox 2506 2021 2799 2091; x_wconf 91' lang='lat' dir='ltr'><strong>quodlibet</strong></span> <span class='ocrx_word' id='word_1_587' title='bbox 2831 2021 3274 2092; x_wconf 91' lang='lat' dir='ltr'><strong>adipiscendum</strong></span> <span class='ocrx_word' id='word_1_588' title='bbox 3310 2023 3396 2078; x_wconf 81' lang='lat' dir='ltr'><strong>vel</strong></span> <span class='ocrx_word' id='word_1_589' title='bbox 3439 2025 3781 2089; x_wconf 86' lang='lat' dir='ltr'><strong>tenendum,</strong></span> 
     </span>
    </p>
   </div>
   <div class='ocr_carea' id='block_1_85' title="bbox 2137 2101 3781 2176">
    <p class='ocr_par' dir='ltr' id='par_1_85' title="bbox 2137 2101 3781 2176">
     <span class='ocr_line' id='line_1_85' title="bbox 2137 2101 3781 2176; baseline 0.004 -22"><span class='ocrx_word' id='word_1_590' title='bbox 2137 2101 2247 2155; x_wconf 90' lang='lat' dir='ltr'><strong>nisi</strong></span> <span class='ocrx_word' id='word_1_591' title='bbox 2279 2102 2345 2156; x_wconf 91' lang='lat' dir='ltr'><strong>ad</strong></span> <span class='ocrx_word' id='word_1_592' title='bbox 2379 2101 2558 2156; x_wconf 92' lang='lat' dir='ltr'><strong>Deum</strong></span> <span class='ocrx_word' id='word_1_593' title='bbox 2583 2101 2863 2164; x_wconf 87' lang='lat' dir='ltr'><strong>retulerit,</strong></span> <span class='ocrx_word' id='word_1_594' title='bbox 2889 2101 3060 2158; x_wconf 90' lang='lat' dir='ltr'><strong>etiam</strong></span> <span class='ocrx_word' id='word_1_595' title='bbox 3097 2103 3235 2174; x_wconf 68' lang='lat' dir='ltr'><strong>ipsae</strong></span> <span class='ocrx_word' id='word_1_596' title='bbox 3256 2103 3392 2158; x_wconf 89' lang='lat' dir='ltr'><strong>vitia</strong></span> <span class='ocrx_word' id='word_1_597' title='bbox 3422 2112 3556 2159; x_wconf 89' lang='lat' dir='ltr'><strong>sunt</strong></span> <span class='ocrx_word' id='word_1_598' title='bbox 3589 2105 3781 2176; x_wconf 90' lang='lat' dir='ltr'><strong>potius</strong></span> 
     </span>
    </p>
   </div>
   <div class='ocr_carea' id='block_1_86' title="bbox 2135 2180 3781 2251">
    <p class='ocr_par' dir='ltr' id='par_1_86' title="bbox 2135 2180 3781 2251">
     <span class='ocr_line' id='line_1_86' title="bbox 2135 2180 3781 2251; baseline 0.002 -16"><span class='ocrx_word' id='word_1_599' title='bbox 2135 2195 2312 2250; x_wconf 89' lang='lat' dir='ltr'><strong>quam</strong></span> <span class='ocrx_word' id='word_1_600' title='bbox 2346 2181 2600 2236; x_wconf 89' lang='lat' dir='ltr'><strong>virtutes.</strong></span> <span class='ocrx_word' id='word_1_601' title='bbox 2627 2180 2771 2236; x_wconf 88' lang='lat' dir='ltr'><strong>Nam</strong></span> <span class='ocrx_word' id='word_1_602' title='bbox 2802 2180 2937 2236; x_wconf 90' lang='lat' dir='ltr'><strong>licet</strong></span> <span class='ocrx_word' id='word_1_603' title='bbox 2968 2198 3000 2235; x_wconf 94' lang='lat' dir='ltr'><strong>a</strong></span> <span class='ocrx_word' id='word_1_604' title='bbox 3049 2182 3399 2251; x_wconf 86' lang='lat' dir='ltr'><strong>quibusdam</strong></span> <span class='ocrx_word' id='word_1_605' title='bbox 3450 2189 3594 2238; x_wconf 89' lang='lat' dir='ltr'><strong>tunc</strong></span> <span class='ocrx_word' id='word_1_606' title='bbox 3635 2201 3781 2240; x_wconf 75' lang='lat' dir='ltr'><strong>vera:</strong></span> 
     </span>
    </p>
   </div>
   <div class='ocr_carea' id='block_1_87' title="bbox 2133 2262 3779 2335">
    <p class='ocr_par' dir='ltr' id='par_1_87' title="bbox 2133 2262 3779 2335">
     <span class='ocr_line' id='line_1_87' title="bbox 2133 2262 3779 2335; baseline 0.002 -19"><span class='ocrx_word' id='word_1_607' title='bbox 2133 2266 2189 2316; x_wconf 92' lang='lat' dir='ltr'><strong>et</strong></span> <span class='ocrx_word' id='word_1_608' title='bbox 2219 2262 2475 2317; x_wconf 69' lang='lat' dir='ltr'><strong>honestae</strong></span> <span class='ocrx_word' id='word_1_609' title='bbox 2498 2266 2777 2334; x_wconf 86' lang='lat' dir='ltr'><strong>putentur</strong></span> <span class='ocrx_word' id='word_1_610' title='bbox 2808 2277 2936 2318; x_wconf 90' lang='lat' dir='ltr'><strong>esse</strong></span> <span class='ocrx_word' id='word_1_611' title='bbox 2983 2263 3222 2318; x_wconf 90' lang='lat' dir='ltr'><strong>virtutes</strong></span> <span class='ocrx_word' id='word_1_612' title='bbox 3255 2280 3385 2318; x_wconf 89' lang='lat' dir='ltr'><strong>cum</strong></span> <span class='ocrx_word' id='word_1_613' title='bbox 3416 2266 3484 2318; x_wconf 90' lang='lat' dir='ltr'><strong>ad</strong></span> <span class='ocrx_word' id='word_1_614' title='bbox 3526 2281 3589 2319; x_wconf 89' lang='lat' dir='ltr'><strong>se</strong></span> <span class='ocrx_word' id='word_1_615' title='bbox 3621 2264 3779 2335; x_wconf 88' lang='lat' dir='ltr'><strong>ipsas</strong></span> 
     </span>
    </p>
   </div>
   <div class='ocr_carea' id='block_1_88' title="bbox 2134 2341 3777 2413">
    <p class='ocr_par' dir='ltr' id='par_1_88' title="bbox 2134 2341 3777 2413">
     <span class='ocr_line' id='line_1_88' title="bbox 2134 2341 3777 2413; baseline 0.002 -17"><span class='ocrx_word' id='word_1_616' title='bbox 2134 2343 2486 2409; x_wconf 84' lang='lat' dir='ltr'><strong>referuntur,</strong></span> <span class='ocrx_word' id='word_1_617' title='bbox 2521 2357 2625 2397; x_wconf 89' lang='lat' dir='ltr'><strong>nec</strong></span> <span class='ocrx_word' id='word_1_618' title='bbox 2676 2347 2908 2413; x_wconf 90' lang='lat' dir='ltr'><strong>propter</strong></span> <span class='ocrx_word' id='word_1_619' title='bbox 2954 2341 3112 2397; x_wconf 88' lang='lat' dir='ltr'><strong>aliud</strong></span> <span class='ocrx_word' id='word_1_620' title='bbox 3161 2347 3556 2413; x_wconf 87' lang='lat' dir='ltr'><strong>expetuntur;</strong></span> <span class='ocrx_word' id='word_1_621' title='bbox 3601 2345 3777 2399; x_wconf 89' lang='lat' dir='ltr'><strong>etiam</strong></span> 
     </span>
    </p>
   </div>
   <div class='ocr_carea' id='block_1_89' title="bbox 2133 2421 3778 2493">
    <p class='ocr_par' dir='ltr' id='par_1_89' title="bbox 2133 2421 3778 2493">
     <span class='ocr_line' id='line_1_89' title="bbox 2133 2421 3778 2493; baseline -0.001 -13"><span class='ocrx_word' id='word_1_622' title='bbox 2133 2426 2272 2480; x_wconf 83' lang='lat' dir='ltr'><strong>tunc</strong></span> <span class='ocrx_word' id='word_1_623' title='bbox 2303 2421 2517 2476; x_wconf 72' lang='lat' dir='ltr'><strong>inflatae</strong></span> <span class='ocrx_word' id='word_1_624' title='bbox 2548 2438 2613 2477; x_wconf 93' lang='lat' dir='ltr'><strong>ac</strong></span> <span class='ocrx_word' id='word_1_625' title='bbox 2643 2423 2900 2492; x_wconf 82' lang='lat' dir='ltr'><strong>superbae</strong></span> <span class='ocrx_word' id='word_1_626' title='bbox 2931 2426 3106 2477; x_wconf 87' lang='lat' dir='ltr'><strong>sunt:</strong></span> <span class='ocrx_word' id='word_1_627' title='bbox 3135 2426 3190 2477; x_wconf 92' lang='lat' dir='ltr'><strong>et</strong></span> <span class='ocrx_word' id='word_1_628' title='bbox 3219 2422 3346 2478; x_wconf 90' lang='lat' dir='ltr'><strong>ideo</strong></span> <span class='ocrx_word' id='word_1_629' title='bbox 3369 2440 3484 2479; x_wconf 87' lang='lat' dir='ltr'><strong>non</strong></span> <span class='ocrx_word' id='word_1_630' title='bbox 3513 2424 3778 2493; x_wconf 85' lang='lat' dir='ltr'><strong>virtutes,</strong></span> 
     </span>
    </p>
   </div>
   <div class='ocr_carea' id='block_1_90' title="bbox 2132 2501 3778 2573">
    <p class='ocr_par' dir='ltr' id='par_1_90' title="bbox 2132 2501 3778 2573">
     <span class='ocr_line' id='line_1_90' title="bbox 2132 2501 3778 2573; baseline 0.002 -16"><span class='ocrx_word' id='word_1_631' title='bbox 2132 2503 2232 2557; x_wconf 87' lang='lat' dir='ltr'><strong>sed</strong></span> <span class='ocrx_word' id='word_1_632' title='bbox 2263 2501 2402 2556; x_wconf 91' lang='lat' dir='ltr'><strong>vitia</strong></span> <span class='ocrx_word' id='word_1_633' title='bbox 2427 2505 2442 2538; x_wconf 78' lang='grc' dir='ltr'><strong><em>ι</em></strong></span> <span class='ocrx_word' id='word_1_634' title='bbox 2463 2502 2789 2573; x_wconf 89' lang='lat' dir='ltr'><strong>judicanda</strong></span> <span class='ocrx_word' id='word_1_635' title='bbox 2819 2507 2959 2557; x_wconf 82' lang='lat' dir='ltr'><strong>sunt</strong></span> <span class='ocrx_word' id='word_1_636' title='bbox 2979 2505 3076 2572; x_wconf 85' lang='grc' dir='ltr'><strong>(α).</strong></span> <span class='ocrx_word' id='word_1_637' title='bbox 3109 2503 3270 2557; x_wconf 89' lang='lat' dir='ltr'><strong>Sicut</strong></span> <span class='ocrx_word' id='word_1_638' title='bbox 3299 2504 3454 2558; x_wconf 90' lang='lat' dir='ltr'><strong>enim</strong></span> <span class='ocrx_word' id='word_1_639' title='bbox 3482 2520 3597 2558; x_wconf 90' lang='lat' dir='ltr'><strong>non</strong></span> <span class='ocrx_word' id='word_1_640' title='bbox 3627 2511 3717 2560; x_wconf 89' lang='lat' dir='ltr'><strong>est</strong></span> <span class='ocrx_word' id='word_1_641' title='bbox 3746 2521 3778 2560; x_wconf 91' lang='lat' dir='ltr'><strong>a</strong></span> 
     </span>
    </p>
   </div>
   <div class='ocr_carea' id='block_1_91' title="bbox 2131 2582 3782 2654">
    <p class='ocr_par' dir='ltr' id='par_1_91' title="bbox 2131 2582 3782 2654">
     <span class='ocr_line' id='line_1_91' title="bbox 2131 2582 3782 2654; baseline 0.001 -16"><span class='ocrx_word' id='word_1_642' title='bbox 2131 2599 2323 2650; x_wconf 89' lang='lat' dir='ltr'><strong>carne,</strong></span> <span class='ocrx_word' id='word_1_643' title='bbox 2356 2582 2458 2638; x_wconf 89' lang='lat' dir='ltr'><strong>sed</strong></span> <span class='ocrx_word' id='word_1_644' title='bbox 2516 2599 2694 2654; x_wconf 90' lang='lat' dir='ltr'><strong>super</strong></span> <span class='ocrx_word' id='word_1_645' title='bbox 2730 2598 2986 2649; x_wconf 87' lang='lat' dir='ltr'><strong>carnem,</strong></span> <span class='ocrx_word' id='word_1_646' title='bbox 3019 2585 3172 2654; x_wconf 89' lang='lat' dir='ltr'><strong>quod</strong></span> <span class='ocrx_word' id='word_1_647' title='bbox 3232 2599 3468 2640; x_wconf 91' lang='lat' dir='ltr'><strong>carnem</strong></span> <span class='ocrx_word' id='word_1_648' title='bbox 3520 2585 3660 2640; x_wconf 83' lang='lat' dir='ltr'><strong>facit</strong></span> <span class='ocrx_word' id='word_1_649' title='bbox 3702 2584 3782 2640; x_wconf 79' lang='lat' dir='ltr'><strong>vi-</strong></span> 
     </span>
    </p>
   </div>
   <div class='ocr_carea' id='block_1_92' title="bbox 2130 2661 3776 2735">
    <p class='ocr_par' dir='ltr' id='par_1_92' title="bbox 2130 2661 3776 2735">
     <span class='ocr_line' id='line_1_92' title="bbox 2130 2661 3776 2735; baseline 0.001 -17"><span class='ocrx_word' id='word_1_650' title='bbox 2130 2677 2299 2718; x_wconf 86' lang='lat' dir='ltr'><strong>vere:</strong></span> <span class='ocrx_word' id='word_1_651' title='bbox 2335 2662 2416 2717; x_wconf 89' lang='lat' dir='ltr'><strong>sic</strong></span> <span class='ocrx_word' id='word_1_652' title='bbox 2439 2679 2550 2717; x_wconf 92' lang='lat' dir='ltr'><strong>non</strong></span> <span class='ocrx_word' id='word_1_653' title='bbox 2585 2666 2673 2718; x_wconf 89' lang='lat' dir='ltr'><strong>est</strong></span> <span class='ocrx_word' id='word_1_654' title='bbox 2703 2663 2775 2717; x_wconf 91' lang='lat' dir='ltr'><strong>ab</strong></span> <span class='ocrx_word' id='word_1_655' title='bbox 2806 2661 3060 2729; x_wconf 89' lang='lat' dir='ltr'><strong>homine,</strong></span> <span class='ocrx_word' id='word_1_656' title='bbox 3095 2662 3195 2718; x_wconf 88' lang='lat' dir='ltr'><strong>sed</strong></span> <span class='ocrx_word' id='word_1_657' title='bbox 3239 2679 3413 2735; x_wconf 90' lang='lat' dir='ltr'><strong>super</strong></span> <span class='ocrx_word' id='word_1_658' title='bbox 3451 2663 3776 2734; x_wconf 90' lang='lat' dir='ltr'><strong>hominem,</strong></span> 
     </span>
    </p>
   </div>
   <div class='ocr_carea' id='block_1_93' title="bbox 2129 2741 3775 2812">
    <p class='ocr_par' dir='ltr' id='par_1_93' title="bbox 2129 2741 3775 2812">
     <span class='ocr_line' id='line_1_93' title="bbox 2129 2741 3775 2812; baseline 0.002 -16"><span class='ocrx_word' id='word_1_659' title='bbox 2129 2742 2279 2812; x_wconf 91' lang='lat' dir='ltr'><strong>quod</strong></span> <span class='ocrx_word' id='word_1_660' title='bbox 2316 2741 2610 2797; x_wconf 88' lang='lat' dir='ltr'><strong>hominem</strong></span> <span class='ocrx_word' id='word_1_661' title='bbox 2643 2742 2776 2796; x_wconf 81' lang='lat' dir='ltr'><strong>facit</strong></span> <span class='ocrx_word' id='word_1_662' title='bbox 2803 2742 2967 2797; x_wconf 87' lang='lat' dir='ltr'><strong>beate</strong></span> <span class='ocrx_word' id='word_1_663' title='bbox 2999 2742 3222 2810; x_wconf 90' lang='lat' dir='ltr'><strong>vivere;</strong></span> <span class='ocrx_word' id='word_1_664' title='bbox 3249 2759 3353 2798; x_wconf 89' lang='lat' dir='ltr'><strong>nec</strong></span> <span class='ocrx_word' id='word_1_665' title='bbox 3374 2742 3564 2798; x_wconf 90' lang='lat' dir='ltr'><strong>solum</strong></span> <span class='ocrx_word' id='word_1_666' title='bbox 3591 2744 3775 2799; x_wconf 88' lang='lat' dir='ltr'><strong>homi-</strong></span> 
     </span>
    </p>
   </div>
   <div class='ocr_carea' id='block_1_94' title="bbox 2127 2820 3776 2896">
    <p class='ocr_par' dir='ltr' id='par_1_94' title="bbox 2127 2820 3776 2896">
     <span class='ocr_line' id='line_1_94' title="bbox 2127 2820 3776 2896; baseline 0.003 -21"><span class='ocrx_word' id='word_1_667' title='bbox 2127 2837 2285 2890; x_wconf 89' lang='lat' dir='ltr'><strong>nem,</strong></span> <span class='ocrx_word' id='word_1_668' title='bbox 2308 2821 2411 2876; x_wconf 91' lang='lat' dir='ltr'><strong>sed</strong></span> <span class='ocrx_word' id='word_1_669' title='bbox 2433 2821 2607 2877; x_wconf 90' lang='lat' dir='ltr'><strong>etiam</strong></span> <span class='ocrx_word' id='word_1_670' title='bbox 2639 2820 2960 2892; x_wconf 89' lang='lat' dir='ltr'><strong>quamlibet</strong></span> <span class='ocrx_word' id='word_1_671' title='bbox 2987 2821 3338 2878; x_wconf 87' lang='lat' dir='ltr'><strong>Potestatem</strong></span> <span class='ocrx_word' id='word_1_672' title='bbox 3367 2822 3776 2896; x_wconf 87' lang='lat' dir='ltr'><strong>Virtutemque</strong></span> 
     </span>
    </p>
   </div>
   <div class='ocr_carea' id='block_1_95' title="bbox 2128 2901 2444 2956">
    <p class='ocr_par' dir='ltr' id='par_1_95' title="bbox 2128 2901 2444 2956">
     <span class='ocr_line' id='line_1_95' title="bbox 2128 2901 2444 2956; baseline 0.006 -2"><span class='ocrx_word' id='word_1_673' title='bbox 2128 2901 2444 2956; x_wconf 81' lang='lat' dir='ltr'><strong>caelestem.</strong></span> 
     </span>
    </p>
   </div>
   <div class='ocr_carea' id='block_1_96' title="bbox 2125 3063 3777 3137">
    <p class='ocr_par' dir='ltr' id='par_1_96' title="bbox 2125 3063 3777 3137">
     <span class='ocr_line' id='line_1_96' title="bbox 2125 3063 3777 3137; baseline 0.002 -19"><span class='ocrx_word' id='word_1_674' title='bbox 2125 3065 2351 3122; x_wconf 73' lang='lat' dir='ltr'>CAPUT</span> <span class='ocrx_word' id='word_1_675' title='bbox 2381 3063 2575 3119; x_wconf 85' lang='lat' dir='ltr'><strong>XXVI.</strong></span> <span class='ocrx_word' id='word_1_676' title='bbox 2607 3095 2676 3105; x_wconf 89' lang='lat'><strong>-—-</strong></span> <span class='ocrx_word' id='word_1_677' title='bbox 2709 3065 2779 3120; x_wconf 87' lang='lat' dir='ltr'><strong>De</strong></span> <span class='ocrx_word' id='word_1_678' title='bbox 2798 3079 2932 3135; x_wconf 82' lang='lat' dir='ltr'><strong>pace</strong></span> <span class='ocrx_word' id='word_1_679' title='bbox 2960 3065 3152 3136; x_wconf 85' lang='lat' dir='ltr'><strong>populi</strong></span> <span class='ocrx_word' id='word_1_680' title='bbox 3179 3065 3414 3121; x_wconf 83' lang='lat' dir='ltr'><strong>alienati</strong></span> <span class='ocrx_word' id='word_1_681' title='bbox 3436 3081 3469 3120; x_wconf 91' lang='lat' dir='ltr'><strong>a</strong></span> <span class='ocrx_word' id='word_1_682' title='bbox 3503 3065 3632 3134; x_wconf 87' lang='lat' dir='ltr'><strong>Deo,</strong></span> <span class='ocrx_word' id='word_1_683' title='bbox 3665 3083 3777 3137; x_wconf 88' lang='lat' dir='ltr'><strong>qua</strong></span> 
     </span>
    </p>
   </div>
   <div class='ocr_carea' id='block_1_97' title="bbox 2194 3145 3775 3218">
    <p class='ocr_par' dir='ltr' id='par_1_97' title="bbox 2194 3145 3775 3218">
     <span class='ocr_line' id='line_1_97' title="bbox 2194 3145 3775 3218; baseline 0.001 -17"><span class='ocrx_word' id='word_1_684' title='bbox 2194 3146 2376 3201; x_wconf 81' lang='lat' dir='ltr'><strong>utitur</strong></span> <span class='ocrx_word' id='word_1_685' title='bbox 2405 3146 2474 3200; x_wconf 87' lang='lat' dir='ltr'><strong>ad</strong></span> <span class='ocrx_word' id='word_1_686' title='bbox 2500 3146 2759 3216; x_wconf 86' lang='lat' dir='ltr'><strong>pietatem</strong></span> <span class='ocrx_word' id='word_1_687' title='bbox 2797 3145 3028 3217; x_wconf 81' lang='lat' dir='ltr'><strong>populus</strong></span> <span class='ocrx_word' id='word_1_688' title='bbox 3069 3145 3190 3216; x_wconf 89' lang='lat' dir='ltr'><strong>Dei,</strong></span> <span class='ocrx_word' id='word_1_689' title='bbox 3221 3146 3349 3201; x_wconf 86' lang='lat' dir='ltr'><strong>dum</strong></span> <span class='ocrx_word' id='word_1_690' title='bbox 3381 3148 3437 3202; x_wconf 87' lang='lat' dir='ltr'><strong>in</strong></span> <span class='ocrx_word' id='word_1_691' title='bbox 3483 3147 3582 3202; x_wconf 88' lang='lat' dir='ltr'><strong>hoc</strong></span> <span class='ocrx_word' id='word_1_692' title='bbox 3619 3163 3775 3218; x_wconf 87' lang='lat' dir='ltr'><strong>pere-</strong></span> 
     </span>
    </p>
   </div>
   <div class='ocr_carea' id='block_1_98' title="bbox 2194 3225 2762 3296">
    <p class='ocr_par' dir='ltr' id='par_1_98' title="bbox 2194 3225 2762 3296">
     <span class='ocr_line' id='line_1_98' title="bbox 2194 3225 2762 3296; baseline 0.004 -16"><span class='ocrx_word' id='word_1_693' title='bbox 2194 3225 2396 3296; x_wconf 79' lang='lat' dir='ltr'><strong>grinus</strong></span> <span class='ocrx_word' id='word_1_694' title='bbox 2425 3235 2502 3281; x_wconf 88' lang='lat' dir='ltr'><strong>est</strong></span> <span class='ocrx_word' id='word_1_695' title='bbox 2533 3226 2762 3282; x_wconf 84' lang='lat' dir='ltr'><strong>mundo.</strong></span> 
     </span>
    </p>
   </div>
   <div class='ocr_carea' id='block_1_99' title="bbox 2195 3362 3774 3430">
    <p class='ocr_par' dir='ltr' id='par_1_99' title="bbox 2195 3362 3774 3430">
     <span class='ocr_line' id='line_1_99' title="bbox 2195 3362 3774 3430; baseline -0.001 -10"><span class='ocrx_word' id='word_1_696' title='bbox 2195 3363 2476 3430; x_wconf 89' lang='lat' dir='ltr'><strong>Quocirca</strong></span> <span class='ocrx_word' id='word_1_697' title='bbox 2524 3369 2585 3418; x_wconf 91' lang='lat' dir='ltr'><strong>ut</strong></span> <span class='ocrx_word' id='word_1_698' title='bbox 2611 3362 2726 3418; x_wconf 90' lang='lat' dir='ltr'><strong>vita</strong></span> <span class='ocrx_word' id='word_1_699' title='bbox 2756 3363 2946 3418; x_wconf 88' lang='lat' dir='ltr'><strong>carnis</strong></span> <span class='ocrx_word' id='word_1_700' title='bbox 2977 3363 3172 3419; x_wconf 88' lang='lat' dir='ltr'><strong>anima</strong></span> <span class='ocrx_word' id='word_1_701' title='bbox 3207 3367 3314 3430; x_wconf 89' lang='lat' dir='ltr'><strong>est,</strong></span> <span class='ocrx_word' id='word_1_702' title='bbox 3349 3362 3430 3418; x_wconf 89' lang='lat' dir='ltr'><strong>ita</strong></span> <span class='ocrx_word' id='word_1_703' title='bbox 3460 3364 3630 3419; x_wconf 82' lang='lat' dir='ltr'><strong>beata</strong></span> <span class='ocrx_word' id='word_1_704' title='bbox 3657 3363 3774 3419; x_wconf 89' lang='lat' dir='ltr'><strong>vita</strong></span> 
     </span>
    </p>
   </div>
   <div class='ocr_carea' id='block_1_100' title="bbox 2124 3443 3772 3513">
    <p class='ocr_par' dir='ltr' id='par_1_100' title="bbox 2124 3443 3772 3513">
     <span class='ocr_line' id='line_1_100' title="bbox 2124 3443 3772 3513; baseline -0.001 -15"><span class='ocrx_word' id='word_1_705' title='bbox 2124 3443 2380 3499; x_wconf 88' lang='lat' dir='ltr'><strong>hominis</strong></span> <span class='ocrx_word' id='word_1_706' title='bbox 2439 3449 2591 3499; x_wconf 90' lang='lat' dir='ltr'><strong>Deus</strong></span> <span class='ocrx_word' id='word_1_707' title='bbox 2639 3447 2745 3513; x_wconf 87' lang='lat' dir='ltr'><strong>est,</strong></span> <span class='ocrx_word' id='word_1_708' title='bbox 2778 3443 2849 3497; x_wconf 91' lang='lat' dir='ltr'><strong>de</strong></span> <span class='ocrx_word' id='word_1_709' title='bbox 2899 3458 3013 3513; x_wconf 90' lang='lat' dir='ltr'><strong>quo</strong></span> <span class='ocrx_word' id='word_1_710' title='bbox 3062 3445 3263 3499; x_wconf 92' lang='lat' dir='ltr'><strong>dicunt</strong></span> <span class='ocrx_word' id='word_1_711' title='bbox 3310 3459 3490 3498; x_wconf 67' lang='lat' dir='ltr'><strong>sacrm</strong></span> <span class='ocrx_word' id='word_1_712' title='bbox 3543 3443 3772 3498; x_wconf 67' lang='lat' dir='ltr'><strong>Littera:</strong></span> 
     </span>
    </p>
   </div>
   <div class='ocr_carea' id='block_1_101' title="bbox 2122 3522 3771 3592">
    <p class='ocr_par' dir='ltr' id='par_1_101' title="bbox 2122 3522 3771 3592">
     <span class='ocr_line' id='line_1_101' title="bbox 2122 3522 3771 3592; baseline -0.001 -15"><span class='ocrx_word' id='word_1_713' title='bbox 2122 3523 2518 3590; x_wconf 65' lang='lat' dir='ltr'><strong>Hebraeorum,</strong></span> <span class='ocrx_word' id='word_1_714' title='bbox 2595 3523 2791 3578; x_wconf 84' lang='lat' dir='ltr'><strong>Beatus</strong></span> <span class='ocrx_word' id='word_1_715' title='bbox 2845 3522 3097 3592; x_wconf 87' lang='lat' dir='ltr'><strong>populus,</strong></span> <span class='ocrx_word' id='word_1_716' title='bbox 3157 3523 3314 3592; x_wconf 76' lang='lat' dir='ltr'><strong>cujus</strong></span> <span class='ocrx_word' id='word_1_717' title='bbox 3371 3532 3448 3578; x_wconf 86' lang='lat' dir='ltr'><strong>est</strong></span> <span class='ocrx_word' id='word_1_718' title='bbox 3508 3525 3771 3578; x_wconf 85' lang='lat' dir='ltr'><strong>Dominus</strong></span> 
     </span>
    </p>
   </div>
   <div class='ocr_carea' id='block_1_102' title="bbox 2123 3602 3772 3675">
    <p class='ocr_par' dir='ltr' id='par_1_102' title="bbox 2123 3602 3772 3675">
     <span class='ocr_line' id='line_1_102' title="bbox 2123 3602 3772 3675; baseline 0.001 -18"><span class='ocrx_word' id='word_1_719' title='bbox 2123 3604 2261 3658; x_wconf 89' lang='lat' dir='ltr'><strong>Deus</strong></span> <span class='ocrx_word' id='word_1_720' title='bbox 2301 3605 2470 3675; x_wconf 85' lang='lat' dir='ltr'><strong>ipsius</strong></span> <span class='ocrx_word' id='word_1_721' title='bbox 2520 3603 2690 3674; x_wconf 90' lang='lat' dir='ltr'><strong>(Psal.</strong></span> <span class='ocrx_word' id='word_1_722' title='bbox 2725 3618 2919 3668; x_wconf 77' lang='lat' dir='ltr'><strong>cxmu,</strong></span> <span class='ocrx_word' id='word_1_723' title='bbox 2950 3603 3057 3674; x_wconf 83' lang='lat' dir='ltr'><strong>l5).</strong></span> <span class='ocrx_word' id='word_1_724' title='bbox 3110 3603 3277 3657; x_wconf 84' lang='lat' dir='ltr'><strong>Miser</strong></span> <span class='ocrx_word' id='word_1_725' title='bbox 3308 3602 3488 3673; x_wconf 86' lang='lat' dir='ltr'><strong>igitur</strong></span> <span class='ocrx_word' id='word_1_726' title='bbox 3519 3604 3772 3674; x_wconf 87' lang='lat' dir='ltr'><strong>populus</strong></span> 
     </span>
    </p>
   </div>
   <div class='ocr_carea' id='block_1_103' title="bbox 2123 3682 3772 3753">
    <p class='ocr_par' dir='ltr' id='par_1_103' title="bbox 2123 3682 3772 3753">
     <span class='ocr_line' id='line_1_103' title="bbox 2123 3682 3772 3753; baseline 0.001 -17"><span class='ocrx_word' id='word_1_727' title='bbox 2123 3683 2193 3737; x_wconf 92' lang='lat' dir='ltr'><strong>ab</strong></span> <span class='ocrx_word' id='word_1_728' title='bbox 2252 3683 2361 3739; x_wconf 84' lang='lat' dir='ltr'><strong>isto</strong></span> <span class='ocrx_word' id='word_1_729' title='bbox 2411 3684 2698 3738; x_wconf 86' lang='lat' dir='ltr'><strong>alienatus</strong></span> <span class='ocrx_word' id='word_1_730' title='bbox 2751 3682 2886 3738; x_wconf 91' lang='lat' dir='ltr'><strong>Deo.</strong></span> <span class='ocrx_word' id='word_1_731' title='bbox 2921 3682 3121 3753; x_wconf 85' lang='lat' dir='ltr'><strong>Diligit</strong></span> <span class='ocrx_word' id='word_1_732' title='bbox 3166 3687 3365 3738; x_wconf 88' lang='lat' dir='ltr'><strong>tamen</strong></span> <span class='ocrx_word' id='word_1_733' title='bbox 3423 3682 3551 3753; x_wconf 88' lang='lat' dir='ltr'><strong>ipse</strong></span> <span class='ocrx_word' id='word_1_734' title='bbox 3596 3685 3772 3738; x_wconf 85' lang='lat' dir='ltr'><strong>etiam</strong></span> 
     </span>
    </p>
   </div>
   <div class='ocr_carea' id='block_1_104' title="bbox 2122 3763 3770 3834">
    <p class='ocr_par' dir='ltr' id='par_1_104' title="bbox 2122 3763 3770 3834">
     <span class='ocr_line' id='line_1_104' title="bbox 2122 3763 3770 3834; baseline 0.002 -18"><span class='ocrx_word' id='word_1_735' title='bbox 2122 3763 2439 3832; x_wconf 88' lang='lat' dir='ltr'><strong>quamdam</strong></span> <span class='ocrx_word' id='word_1_736' title='bbox 2483 3778 2682 3833; x_wconf 85' lang='lat' dir='ltr'><strong>pacem</strong></span> <span class='ocrx_word' id='word_1_737' title='bbox 2714 3777 2880 3817; x_wconf 91' lang='lat' dir='ltr'><strong>suam</strong></span> <span class='ocrx_word' id='word_1_738' title='bbox 2916 3778 3031 3816; x_wconf 92' lang='lat' dir='ltr'><strong>non</strong></span> <span class='ocrx_word' id='word_1_739' title='bbox 3084 3763 3556 3833; x_wconf 86' lang='lat' dir='ltr'><strong>improbandam,</strong></span> <span class='ocrx_word' id='word_1_740' title='bbox 3591 3779 3770 3834; x_wconf 87' lang='lat' dir='ltr'><strong>quam</strong></span> 
     </span>
    </p>
   </div>
   <div class='ocr_carea' id='block_1_105' title="bbox 2121 3841 3777 3913">
    <p class='ocr_par' dir='ltr' id='par_1_105' title="bbox 2121 3841 3777 3913">
     <span class='ocr_line' id='line_1_105' title="bbox 2121 3841 3777 3913; baseline 0.001 -17"><span class='ocrx_word' id='word_1_741' title='bbox 2121 3843 2355 3913; x_wconf 90' lang='lat' dir='ltr'><strong>quidem</strong></span> <span class='ocrx_word' id='word_1_742' title='bbox 2407 3859 2520 3897; x_wconf 89' lang='lat' dir='ltr'><strong>non</strong></span> <span class='ocrx_word' id='word_1_743' title='bbox 2573 3842 2809 3897; x_wconf 87' lang='lat' dir='ltr'><strong>habebit</strong></span> <span class='ocrx_word' id='word_1_744' title='bbox 2864 3841 2924 3896; x_wconf 91' lang='lat' dir='ltr'><strong>in</strong></span> <span class='ocrx_word' id='word_1_745' title='bbox 2985 3842 3118 3912; x_wconf 91' lang='lat' dir='ltr'><strong>ﬁne,</strong></span> <span class='ocrx_word' id='word_1_746' title='bbox 3155 3842 3292 3913; x_wconf 90' lang='lat' dir='ltr'><strong>quia</strong></span> <span class='ocrx_word' id='word_1_747' title='bbox 3341 3859 3458 3898; x_wconf 89' lang='lat' dir='ltr'><strong>non</strong></span> <span class='ocrx_word' id='word_1_748' title='bbox 3510 3859 3578 3898; x_wconf 89' lang='lat' dir='ltr'><strong>ea</strong></span> <span class='ocrx_word' id='word_1_749' title='bbox 3628 3845 3777 3899; x_wconf 83' lang='lat' dir='ltr'><strong>bene</strong></span> 
     </span>
    </p>
   </div>
   <div class='ocr_carea' id='block_1_106' title="bbox 2123 3921 3777 3978">
    <p class='ocr_par' dir='ltr' id='par_1_106' title="bbox 2123 3921 3777 3978">
     <span class='ocr_line' id='line_1_106' title="bbox 2123 3921 3777 3978; baseline 0.001 -2"><span class='ocrx_word' id='word_1_750' title='bbox 2123 3925 2303 3977; x_wconf 92' lang='lat' dir='ltr'><strong>utitur</strong></span> <span class='ocrx_word' id='word_1_751' title='bbox 2333 3926 2467 3977; x_wconf 89' lang='lat' dir='ltr'><strong>ante</strong></span> <span class='ocrx_word' id='word_1_752' title='bbox 2500 3922 2694 3976; x_wconf 88' lang='lat' dir='ltr'><strong>ﬁnem.</strong></span> <span class='ocrx_word' id='word_1_753' title='bbox 2731 3921 2888 3976; x_wconf 83' lang='lat' dir='ltr'><strong>Hanc</strong></span> <span class='ocrx_word' id='word_1_754' title='bbox 2933 3926 3129 3977; x_wconf 90' lang='lat' dir='ltr'><strong>autem</strong></span> <span class='ocrx_word' id='word_1_755' title='bbox 3170 3925 3235 3975; x_wconf 93' lang='lat' dir='ltr'><strong>ut</strong></span> <span class='ocrx_word' id='word_1_756' title='bbox 3270 3922 3507 3977; x_wconf 89' lang='lat' dir='ltr'><strong>interim</strong></span> <span class='ocrx_word' id='word_1_757' title='bbox 3561 3923 3777 3978; x_wconf 86' lang='lat' dir='ltr'><strong>habeat</strong></span> 
     </span>
    </p>
   </div>
   <div class='ocr_carea' id='block_1_107' title="bbox 2119 4001 3774 4072">
    <p class='ocr_par' dir='ltr' id='par_1_107' title="bbox 2119 4001 3774 4072">
     <span class='ocr_line' id='line_1_107' title="bbox 2119 4001 3774 4072; baseline 0 -16"><span class='ocrx_word' id='word_1_758' title='bbox 2119 4001 2180 4056; x_wconf 93' lang='lat' dir='ltr'><strong>in</strong></span> <span class='ocrx_word' id='word_1_759' title='bbox 2230 4001 2338 4056; x_wconf 91' lang='lat' dir='ltr'><strong>hac</strong></span> <span class='ocrx_word' id='word_1_760' title='bbox 2405 4002 2537 4068; x_wconf 88' lang='lat' dir='ltr'><strong>vita,</strong></span> <span class='ocrx_word' id='word_1_761' title='bbox 2594 4003 2841 4056; x_wconf 70' lang='lat' dir='ltr'><strong>nostra&#39;</strong></span> <span class='ocrx_word' id='word_1_762' title='bbox 2907 4001 3080 4056; x_wconf 90' lang='lat' dir='ltr'><strong>etiam</strong></span> <span class='ocrx_word' id='word_1_763' title='bbox 3147 4001 3435 4056; x_wconf 88' lang='lat' dir='ltr'><strong>interest:</strong></span> <span class='ocrx_word' id='word_1_764' title='bbox 3490 4004 3774 4072; x_wconf 85' lang='lat' dir='ltr'><strong>quoniam</strong></span> 
     </span>
    </p>
   </div>
   <div class='ocr_carea' id='block_1_108' title="bbox 2120 4081 3779 4152">
    <p class='ocr_par' dir='ltr' id='par_1_108' title="bbox 2120 4081 3779 4152">
     <span class='ocr_line' id='line_1_108' title="bbox 2120 4081 3779 4152; baseline -0.001 -15"><span class='ocrx_word' id='word_1_765' title='bbox 2120 4083 2400 4152; x_wconf 91' lang='lat' dir='ltr'><strong>quamdiu</strong></span> <span class='ocrx_word' id='word_1_766' title='bbox 2435 4081 2726 4152; x_wconf 64' lang='lat' dir='ltr'><strong>permixtae</strong></span> <span class='ocrx_word' id='word_1_767' title='bbox 2759 4085 2898 4136; x_wconf 91' lang='lat' dir='ltr'><strong>sunt</strong></span> <span class='ocrx_word' id='word_1_768' title='bbox 2927 4082 3110 4136; x_wconf 70' lang='lat' dir='ltr'><strong>ambas</strong></span> <span class='ocrx_word' id='word_1_769' title='bbox 3153 4081 3432 4147; x_wconf 88' lang='lat' dir='ltr'><strong>civitates,</strong></span> <span class='ocrx_word' id='word_1_770' title='bbox 3467 4081 3690 4136; x_wconf 90' lang='lat' dir='ltr'><strong>utimur</strong></span> <span class='ocrx_word' id='word_1_771' title='bbox 3718 4086 3779 4136; x_wconf 88' lang='lat' dir='ltr'><strong>et</strong></span> 
     </span>
    </p>
   </div>
   <div class='ocr_carea' id='block_1_109' title="bbox 2119 4161 3778 4232">
    <p class='ocr_par' dir='ltr' id='par_1_109' title="bbox 2119 4161 3778 4232">
     <span class='ocr_line' id='line_1_109' title="bbox 2119 4161 3778 4232; baseline 0 -16"><span class='ocrx_word' id='word_1_772' title='bbox 2119 4177 2226 4216; x_wconf 90' lang='lat' dir='ltr'><strong>nos</strong></span> <span class='ocrx_word' id='word_1_773' title='bbox 2258 4178 2397 4232; x_wconf 88' lang='lat' dir='ltr'><strong>pace</strong></span> <span class='ocrx_word' id='word_1_774' title='bbox 2427 4161 2733 4232; x_wconf 88' lang='lat' dir='ltr'><strong>Babylonis</strong></span> <span class='ocrx_word' id='word_1_775' title='bbox 2765 4176 2779 4214; x_wconf 91' lang='lat'><strong>:</strong></span> <span class='ocrx_word' id='word_1_776' title='bbox 2813 4177 2878 4216; x_wconf 84' lang='lat' dir='ltr'><strong>ex</strong></span> <span class='ocrx_word' id='word_1_777' title='bbox 2909 4177 3025 4231; x_wconf 89' lang='lat' dir='ltr'><strong>qua</strong></span> <span class='ocrx_word' id='word_1_778' title='bbox 3069 4161 3149 4215; x_wconf 89' lang='lat' dir='ltr'><strong>ita</strong></span> <span class='ocrx_word' id='word_1_779' title='bbox 3188 4177 3292 4231; x_wconf 89' lang='lat' dir='ltr'><strong>per</strong></span> <span class='ocrx_word' id='word_1_780' title='bbox 3323 4161 3496 4216; x_wconf 88' lang='lat' dir='ltr'><strong>ﬁdem</strong></span> <span class='ocrx_word' id='word_1_781' title='bbox 3524 4161 3778 4232; x_wconf 90' lang='lat' dir='ltr'><strong>p0pulus</strong></span> 
     </span>
    </p>
   </div>
   <div class='ocr_carea' id='block_1_110' title="bbox 2120 4241 3772 4310">
    <p class='ocr_par' dir='ltr' id='par_1_110' title="bbox 2120 4241 3772 4310">
     <span class='ocr_line' id='line_1_110' title="bbox 2120 4241 3772 4310; baseline 0 -14"><span class='ocrx_word' id='word_1_782' title='bbox 2120 4241 2219 4296; x_wconf 89' lang='lat' dir='ltr'><strong>Dei</strong></span> <span class='ocrx_word' id='word_1_783' title='bbox 2252 4241 2551 4307; x_wconf 86' lang='lat' dir='ltr'><strong>liberatur,</strong></span> <span class='ocrx_word' id='word_1_784' title='bbox 2585 4245 2650 4295; x_wconf 91' lang='lat' dir='ltr'><strong>ut</strong></span> <span class='ocrx_word' id='word_1_785' title='bbox 2681 4242 2833 4310; x_wconf 90' lang='lat' dir='ltr'><strong>apud</strong></span> <span class='ocrx_word' id='word_1_786' title='bbox 2876 4241 3026 4296; x_wconf 88' lang='lat' dir='ltr'><strong>hanc</strong></span> <span class='ocrx_word' id='word_1_787' title='bbox 3068 4241 3305 4296; x_wconf 83' lang='lat' dir='ltr'><strong>interim</strong></span> <span class='ocrx_word' id='word_1_788' title='bbox 3351 4241 3772 4310; x_wconf 76' lang='lat' dir='ltr'><strong>peregrinetur.</strong></span> 
     </span>
    </p>
   </div>
   <div class='ocr_carea' id='block_1_111' title="bbox 2122 4318 3778 4391">
    <p class='ocr_par' dir='ltr' id='par_1_111' title="bbox 2122 4318 3778 4391">
     <span class='ocr_line' id='line_1_111' title="bbox 2122 4318 3778 4391; baseline -0.001 -16"><span class='ocrx_word' id='word_1_789' title='bbox 2122 4321 2362 4391; x_wconf 91' lang='lat' dir='ltr'><strong>Propter</strong></span> <span class='ocrx_word' id='word_1_790' title='bbox 2385 4320 2540 4391; x_wconf 91' lang='lat' dir='ltr'><strong>quod</strong></span> <span class='ocrx_word' id='word_1_791' title='bbox 2571 4326 2626 4374; x_wconf 90' lang='lat' dir='ltr'><strong>et</strong></span> <span class='ocrx_word' id='word_1_792' title='bbox 2655 4318 2962 4390; x_wconf 89' lang='lat' dir='ltr'><strong>Apostolus</strong></span> <span class='ocrx_word' id='word_1_793' title='bbox 2998 4320 3306 4375; x_wconf 88' lang='lat' dir='ltr'><strong>admonuit</strong></span> <span class='ocrx_word' id='word_1_794' title='bbox 3336 4319 3675 4386; x_wconf 79' lang='lat' dir='ltr'><strong>Ecclesium,</strong></span> <span class='ocrx_word' id='word_1_795' title='bbox 3714 4325 3778 4374; x_wconf 89' lang='lat' dir='ltr'><strong>ut</strong></span> 
     </span>
    </p>
   </div>
   <div class='ocr_carea' id='block_1_112' title="bbox 2121 4399 3774 4471">
    <p class='ocr_par' dir='ltr' id='par_1_112' title="bbox 2121 4399 3774 4471">
     <span class='ocr_line' id='line_1_112' title="bbox 2121 4399 3774 4471; baseline -0.001 -15"><span class='ocrx_word' id='word_1_796' title='bbox 2121 4406 2308 4456; x_wconf 89' lang='lat' dir='ltr'><strong>oraret</strong></span> <span class='ocrx_word' id='word_1_797' title='bbox 2349 4417 2450 4470; x_wconf 92' lang='lat' dir='ltr'><strong>pro</strong></span> <span class='ocrx_word' id='word_1_798' title='bbox 2484 4399 2716 4471; x_wconf 81' lang='lat' dir='ltr'><strong>regibus</strong></span> <span class='ocrx_word' id='word_1_799' title='bbox 2751 4401 2876 4470; x_wconf 88' lang='lat' dir='ltr'><strong>ejus</strong></span> <span class='ocrx_word' id='word_1_800' title='bbox 2915 4404 3086 4471; x_wconf 91' lang='lat' dir='ltr'><strong>atque</strong></span> <span class='ocrx_word' id='word_1_801' title='bbox 3130 4401 3508 4466; x_wconf 89' lang='lat' dir='ltr'><strong>sublimibus,</strong></span> <span class='ocrx_word' id='word_1_802' title='bbox 3544 4401 3774 4455; x_wconf 86' lang='lat' dir='ltr'><strong>addens</strong></span> 
     </span>
    </p>
   </div>
   <div class='ocr_carea' id='block_1_113' title="bbox 2120 4480 3770 4552">
    <p class='ocr_par' dir='ltr' id='par_1_113' title="bbox 2120 4480 3770 4552">
     <span class='ocr_line' id='line_1_113' title="bbox 2120 4480 3770 4552; baseline -0.001 -17"><span class='ocrx_word' id='word_1_803' title='bbox 2120 4485 2175 4536; x_wconf 90' lang='lat' dir='ltr'><strong>et</strong></span> <span class='ocrx_word' id='word_1_804' title='bbox 2204 4480 2421 4544; x_wconf 88' lang='lat' dir='ltr'><strong>dicens,</strong></span> <span class='ocrx_word' id='word_1_805' title='bbox 2459 4485 2514 4534; x_wconf 88' lang='lat' dir='ltr'><strong>ut</strong></span> <span class='ocrx_word' id='word_1_806' title='bbox 2553 4482 2799 4549; x_wconf 84' lang='lat' dir='ltr'><strong>quietam</strong></span> <span class='ocrx_word' id='word_1_807' title='bbox 2837 4488 2888 4534; x_wconf 88' lang='lat' dir='ltr'><strong>et</strong></span> <span class='ocrx_word' id='word_1_808' title='bbox 2925 4481 3285 4552; x_wconf 80' lang='lat' dir='ltr'><strong>tranquillam</strong></span> <span class='ocrx_word' id='word_1_809' title='bbox 3331 4483 3500 4535; x_wconf 86' lang='lat' dir='ltr'><strong>vitam</strong></span> <span class='ocrx_word' id='word_1_810' title='bbox 3527 4495 3770 4548; x_wconf 85' lang='lat' dir='ltr'><strong>agamus</strong></span> 
     </span>
    </p>
   </div>
   <div class='ocr_carea' id='block_1_114' title="bbox 2117 4558 3776 4629">
    <p class='ocr_par' dir='ltr' id='par_1_114' title="bbox 2117 4558 3776 4629">
     <span class='ocr_line' id='line_1_114' title="bbox 2117 4558 3776 4629; baseline -0.001 -15"><span class='ocrx_word' id='word_1_811' title='bbox 2117 4576 2241 4614; x_wconf 89' lang='lat' dir='ltr'><strong>cum</strong></span> <span class='ocrx_word' id='word_1_812' title='bbox 2294 4559 2444 4614; x_wconf 85' lang='lat' dir='ltr'><strong>omni</strong></span> <span class='ocrx_word' id='word_1_813' title='bbox 2500 4561 2696 4629; x_wconf 80' lang='lat' dir='ltr'><strong>pietate</strong></span> <span class='ocrx_word' id='word_1_814' title='bbox 2746 4567 2797 4614; x_wconf 87' lang='lat' dir='ltr'><strong>et</strong></span> <span class='ocrx_word' id='word_1_815' title='bbox 2851 4559 3171 4615; x_wconf 73' lang='lat' dir='ltr'><strong>charitale3</strong></span> <span class='ocrx_word' id='word_1_816' title='bbox 3219 4560 3266 4627; x_wconf 87' lang='grc' dir='ltr'><strong>(Ι</strong></span> <span class='ocrx_word' id='word_1_817' title='bbox 3300 4561 3434 4614; x_wconf 86' lang='lat' dir='ltr'><strong>Tim.</strong></span> <span class='ocrx_word' id='word_1_818' title='bbox 3468 4575 3529 4621; x_wconf 83' lang='grc' dir='ltr'><strong>ιι.</strong></span> <span class='ocrx_word' id='word_1_819' title='bbox 3576 4559 3652 4629; x_wconf 80' lang='lat'><strong>2).</strong></span> <span class='ocrx_word' id='word_1_820' title='bbox 3696 4558 3776 4613; x_wconf 85' lang='lat' dir='ltr'><strong>Et</strong></span> 
     </span>
    </p>
   </div>
   <div class='ocr_carea' id='block_1_115' title="bbox 2120 4638 3779 4710">
    <p class='ocr_par' dir='ltr' id='par_1_115' title="bbox 2120 4638 3779 4710">
     <span class='ocr_line' id='line_1_115' title="bbox 2120 4638 3779 4710; baseline 0.001 -18"><span class='ocrx_word' id='word_1_821' title='bbox 2120 4639 2399 4710; x_wconf 89' lang='lat' dir='ltr'><strong>propheta</strong></span> <span class='ocrx_word' id='word_1_822' title='bbox 2430 4638 2714 4694; x_wconf 85' lang='lat' dir='ltr'><strong>Jeremias</strong></span> <span class='ocrx_word' id='word_1_823' title='bbox 2744 4654 2873 4693; x_wconf 93' lang='lat' dir='ltr'><strong>cum</strong></span> <span class='ocrx_word' id='word_1_824' title='bbox 2926 4639 3139 4710; x_wconf 90' lang='lat' dir='ltr'><strong>populo</strong></span> <span class='ocrx_word' id='word_1_825' title='bbox 3196 4641 3293 4695; x_wconf 89' lang='lat' dir='ltr'><strong>Dei</strong></span> <span class='ocrx_word' id='word_1_826' title='bbox 3341 4639 3517 4695; x_wconf 86' lang='lat' dir='ltr'><strong>veteri</strong></span> <span class='ocrx_word' id='word_1_827' title='bbox 3568 4644 3779 4694; x_wconf 89' lang='lat' dir='ltr'><strong>ventu-</strong></span> 
     </span>
    </p>
   </div>
   <div class='ocr_carea' id='block_1_116' title="bbox 2120 4717 3782 4789">
    <p class='ocr_par' dir='ltr' id='par_1_116' title="bbox 2120 4717 3782 4789">
     <span class='ocr_line' id='line_1_116' title="bbox 2120 4717 3782 4789; baseline 0 -17"><span class='ocrx_word' id='word_1_828' title='bbox 2120 4735 2244 4773; x_wconf 92' lang='lat' dir='ltr'><strong>ram</strong></span> <span class='ocrx_word' id='word_1_829' title='bbox 2276 4718 2298 4751; x_wconf 88' lang='grc'><strong>⁴</strong></span> <span class='ocrx_word' id='word_1_830' title='bbox 2350 4719 2758 4789; x_wconf 63' lang='grc' dir='ltr'><strong>ρηεηυηιίδτθι</strong></span> <span class='ocrx_word' id='word_1_831' title='bbox 2787 4717 3193 4789; x_wconf 89' lang='lat' dir='ltr'><strong>captivitatem,</strong></span> <span class='ocrx_word' id='word_1_832' title='bbox 3236 4724 3293 4774; x_wconf 90' lang='lat' dir='ltr'><strong>et</strong></span> <span class='ocrx_word' id='word_1_833' title='bbox 3329 4719 3616 4774; x_wconf 87' lang='lat' dir='ltr'><strong>divinitus</strong></span> <span class='ocrx_word' id='word_1_834' title='bbox 3655 4719 3782 4773; x_wconf 85' lang='lat' dir='ltr'><strong>im—</strong></span> 
     </span>
    </p>
   </div>
   <div class='ocr_carea' id='block_1_117' title="bbox 2118 4797 3778 4870">
    <p class='ocr_par' dir='ltr' id='par_1_117' title="bbox 2118 4797 3778 4870">
     <span class='ocr_line' id='line_1_117' title="bbox 2118 4797 3778 4870; baseline 0 -16"><span class='ocrx_word' id='word_1_835' title='bbox 2118 4803 2345 4870; x_wconf 89' lang='lat' dir='ltr'><strong>peraret</strong></span> <span class='ocrx_word' id='word_1_836' title='bbox 2393 4803 2456 4854; x_wconf 92' lang='lat' dir='ltr'><strong>ut</strong></span> <span class='ocrx_word' id='word_1_837' title='bbox 2502 4799 2840 4854; x_wconf 91' lang='lat' dir='ltr'><strong>obedienter</strong></span> <span class='ocrx_word' id='word_1_838' title='bbox 2883 4797 2941 4852; x_wconf 91' lang='lat' dir='ltr'><strong>in</strong></span> <span class='ocrx_word' id='word_1_839' title='bbox 2987 4797 3364 4868; x_wconf 78' lang='lat' dir='ltr'><strong>Babyloniam</strong></span> <span class='ocrx_word' id='word_1_840' title='bbox 3423 4798 3602 4867; x_wconf 85' lang='lat' dir='ltr'><strong>irent,</strong></span> <span class='ocrx_word' id='word_1_841' title='bbox 3656 4799 3778 4854; x_wconf 86' lang='lat' dir='ltr'><strong>Deo</strong></span> 
     </span>
    </p>
   </div>
   <div class='ocr_carea' id='block_1_118' title="bbox 2118 4877 3780 4950">
    <p class='ocr_par' dir='ltr' id='par_1_118' title="bbox 2118 4877 3780 4950">
     <span class='ocr_line' id='line_1_118' title="bbox 2118 4877 3780 4950; baseline -0.001 -16"><span class='ocrx_word' id='word_1_842' title='bbox 2118 4895 2224 4935; x_wconf 89' lang='lat' dir='ltr'><strong>suo</strong></span> <span class='ocrx_word' id='word_1_843' title='bbox 2261 4880 2435 4935; x_wconf 87' lang='lat' dir='ltr'><strong>etiam</strong></span> <span class='ocrx_word' id='word_1_844' title='bbox 2469 4877 2581 4934; x_wconf 89' lang='lat' dir='ltr'><strong>ista</strong></span> <span class='ocrx_word' id='word_1_845' title='bbox 2611 4878 2890 4950; x_wconf 89' lang='lat' dir='ltr'><strong>patientia</strong></span> <span class='ocrx_word' id='word_1_846' title='bbox 2923 4878 3267 4948; x_wconf 86' lang='lat' dir='ltr'><strong>servientes,</strong></span> <span class='ocrx_word' id='word_1_847' title='bbox 3300 4881 3533 4934; x_wconf 89' lang='lat' dir='ltr'><strong>monuit</strong></span> <span class='ocrx_word' id='word_1_848' title='bbox 3563 4884 3621 4935; x_wconf 86' lang='lat' dir='ltr'><strong>et</strong></span> <span class='ocrx_word' id='word_1_849' title='bbox 3649 4879 3780 4950; x_wconf 88' lang='lat' dir='ltr'><strong>ipse</strong></span> 
     </span>
    </p>
   </div>
   <div class='ocr_carea' id='block_1_119' title="bbox 2185 5148 3776 5210">
    <p class='ocr_par' dir='ltr' id='par_1_119' title="bbox 2185 5148 3776 5210">
     <span class='ocr_line' id='line_1_119' title="bbox 2185 5148 3776 5210; baseline -0.001 -12"><span class='ocrx_word' id='word_1_850' title='bbox 2185 5152 2197 5184; x_wconf 76' lang='grc' dir='ltr'>ί</span> <span class='ocrx_word' id='word_1_851' title='bbox 2245 5149 2366 5198; x_wconf 90' lang='lat' dir='ltr'><strong>Sola</strong></span> <span class='ocrx_word' id='word_1_852' title='bbox 2410 5149 2568 5199; x_wconf 77' lang='lat' dir='ltr'><strong>editio</strong></span> <span class='ocrx_word' id='word_1_853' title='bbox 2614 5149 2738 5200; x_wconf 84' lang='lat' dir='ltr'><strong>Lov.</strong></span> <span class='ocrx_word' id='word_1_854' title='bbox 2783 5157 2832 5197; x_wconf 88' lang='lat' dir='ltr'><strong>et</strong></span> <span class='ocrx_word' id='word_1_855' title='bbox 2876 5148 2993 5198; x_wconf 86' lang='lat' dir='ltr'><strong>ideo</strong></span> <span class='ocrx_word' id='word_1_856' title='bbox 3041 5165 3151 5198; x_wconf 87' lang='lat' dir='ltr'><strong>non</strong></span> <span class='ocrx_word' id='word_1_857' title='bbox 3201 5148 3454 5210; x_wconf 76' lang='lat' dir='ltr'><strong>virtutes,</strong></span> <span class='ocrx_word' id='word_1_858' title='bbox 3511 5149 3776 5208; x_wconf 79' lang='lat' dir='ltr'><strong>virtutes,</strong></span> 
     </span>
    </p>
   </div>
   <div class='ocr_carea' id='block_1_120' title="bbox 2115 5211 2526 5273">
    <p class='ocr_par' dir='ltr' id='par_1_120' title="bbox 2115 5211 2526 5273">
     <span class='ocr_line' id='line_1_120' title="bbox 2115 5211 2526 5273; baseline 0.005 -16"><span class='ocrx_word' id='word_1_859' title='bbox 2115 5211 2208 5260; x_wconf 82' lang='lat' dir='ltr'><strong>sed</strong></span> <span class='ocrx_word' id='word_1_860' title='bbox 2237 5213 2394 5273; x_wconf 83' lang='lat' dir='ltr'><strong>vitia,</strong></span> <span class='ocrx_word' id='word_1_861' title='bbox 2427 5215 2526 5262; x_wconf 91' lang='lat' dir='ltr'><strong>etc.</strong></span> 
     </span>
    </p>
   </div>
   <div class='ocr_carea' id='block_1_121' title="bbox 2179 5274 2602 5331">
    <p class='ocr_par' dir='ltr' id='par_1_121' title="bbox 2179 5274 2602 5331">
     <span class='ocr_line' id='line_1_121' title="bbox 2179 5274 2602 5331; baseline 0.005 -10"><span class='ocrx_word' id='word_1_862' title='bbox 2179 5275 2200 5308; x_wconf 66' lang='grc'>2</span> <span class='ocrx_word' id='word_1_863' title='bbox 2229 5275 2370 5331; x_wconf 63' lang='lat' dir='ltr'><strong>Mss,</strong></span> <span class='ocrx_word' id='word_1_864' title='bbox 2406 5274 2602 5324; x_wconf 78' lang='lat' dir='ltr'><strong>nostri.</strong></span> 
     </span>
    </p>
   </div>
   <div class='ocr_carea' id='block_1_122' title="bbox 2179 5335 3778 5401">
    <p class='ocr_par' dir='ltr' id='par_1_122' title="bbox 2179 5335 3778 5401">
     <span class='ocr_line' id='line_1_122' title="bbox 2179 5335 3778 5401; baseline 0 -16"><span class='ocrx_word' id='word_1_865' title='bbox 2179 5339 2199 5371; x_wconf 79' lang='lat'>3</span> <span class='ocrx_word' id='word_1_866' title='bbox 2231 5337 2590 5401; x_wconf 48' lang='lat' dir='ltr'><strong>Regiusltrlss”</strong></span> <span class='ocrx_word' id='word_1_867' title='bbox 2622 5346 2671 5385; x_wconf 89' lang='lat' dir='ltr'><strong>et</strong></span> <span class='ocrx_word' id='word_1_868' title='bbox 2700 5337 2981 5401; x_wconf 78' lang='lat' dir='ltr'><strong>castitate:</strong></span> <span class='ocrx_word' id='word_1_869' title='bbox 3025 5338 3180 5401; x_wconf 83' lang='lat' dir='ltr'><strong>juxta</strong></span> <span class='ocrx_word' id='word_1_870' title='bbox 3219 5335 3500 5397; x_wconf 78' lang='lat' dir='ltr'><strong>Vulgatam</strong></span> <span class='ocrx_word' id='word_1_871' title='bbox 3535 5339 3590 5385; x_wconf 86' lang='lat' dir='ltr'><strong>et</strong></span> <span class='ocrx_word' id='word_1_872' title='bbox 3616 5337 3778 5400; x_wconf 80' lang='lat' dir='ltr'><strong>juxta</strong></span> 
     </span>
    </p>
   </div>
   <div class='ocr_carea' id='block_1_123' title="bbox 2113 5399 2843 5462">
    <p class='ocr_par' dir='ltr' id='par_1_123' title="bbox 2113 5399 2843 5462">
     <span class='ocr_line' id='line_1_123' title="bbox 2113 5399 2843 5462; baseline 0 -14"><span class='ocrx_word' id='word_1_873' title='bbox 2113 5413 2377 5462; x_wconf 80' lang='lat' dir='ltr'><strong>graecum,</strong></span> <span class='ocrx_word' id='word_1_874' title='bbox 2414 5400 2509 5448; x_wconf 80' lang='lat' dir='ltr'><strong>kai</strong></span> <span class='ocrx_word' id='word_1_875' title='bbox 2537 5399 2843 5448; x_wconf 81' lang='lat' dir='ltr'><strong>semnoteti.</strong></span> 
     </span>
    </p>
   </div>
   <div class='ocr_carea' id='block_1_124' title="bbox 2175 5461 3495 5517">
    <p class='ocr_par' dir='ltr' id='par_1_124' title="bbox 2175 5461 3495 5517">
     <span class='ocr_line' id='line_1_124' title="bbox 2175 5461 3495 5517; baseline 0 -8"><span class='ocrx_word' id='word_1_876' title='bbox 2175 5463 2196 5496; x_wconf 68' lang='grc' dir='ltr'><strong><em>ι</em></strong></span> <span class='ocrx_word' id='word_1_877' title='bbox 2227 5464 2404 5517; x_wconf 76' lang='lat' dir='ltr'><strong>Abest,</strong></span> <span class='ocrx_word' id='word_1_878' title='bbox 2437 5469 2752 5517; x_wconf 81' lang='lat' dir='ltr'><strong>venturam,</strong></span> <span class='ocrx_word' id='word_1_879' title='bbox 2785 5463 2844 5511; x_wconf 88' lang='lat' dir='ltr'><strong>in</strong></span> <span class='ocrx_word' id='word_1_880' title='bbox 2875 5462 3144 5512; x_wconf 86' lang='lat' dir='ltr'><strong>codicibus</strong></span> <span class='ocrx_word' id='word_1_881' title='bbox 3175 5461 3392 5510; x_wconf 88' lang='lat' dir='ltr'><strong>nostris.</strong></span> <span class='ocrx_word' id='word_1_882' title='bbox 3427 5461 3495 5509; x_wconf 84' lang='lat' dir='ltr'><strong>M.</strong></span> 
     </span>
    </p>
   </div>
   <div class='ocr_carea' id='block_1_125' title="bbox 2172 5522 3774 5633">
    <p class='ocr_par' dir='ltr' id='par_1_125' title="bbox 2172 5522 3774 5633">
     <span class='ocr_line' id='line_1_125' title="bbox 2172 5522 3774 5633; baseline 0.001 -62"><span class='ocrx_word' id='word_1_883' title='bbox 2172 5527 2247 5633; x_wconf 57' lang='grc' dir='ltr'><strong>(ἓ)</strong></span> <span class='ocrx_word' id='word_1_884' title='bbox 2280 5525 2406 5574; x_wconf 75' lang='lat' dir='ltr'><strong>Vide</strong></span> <span class='ocrx_word' id='word_1_885' title='bbox 2452 5526 2516 5574; x_wconf 92' lang='lat' dir='ltr'><strong>de</strong></span> <span class='ocrx_word' id='word_1_886' title='bbox 2561 5526 2749 5575; x_wconf 89' lang='lat' dir='ltr'><strong>Trinit.</strong></span> <span class='ocrx_word' id='word_1_887' title='bbox 2797 5524 2892 5574; x_wconf 87' lang='lat' dir='ltr'><strong>lib.</strong></span> <span class='ocrx_word' id='word_1_888' title='bbox 2944 5525 3020 5582; x_wconf 89' lang='grc'><strong>13.</strong></span> <span class='ocrx_word' id='word_1_889' title='bbox 3070 5539 3163 5575; x_wconf 86' lang='lat' dir='ltr'><strong>nn.</strong></span> <span class='ocrx_word' id='word_1_890' title='bbox 3194 5524 3273 5584; x_wconf 82' lang='grc'><strong>25,</strong></span> <span class='ocrx_word' id='word_1_891' title='bbox 3320 5522 3401 5585; x_wconf 79' lang='grc'><strong>26,</strong></span> <span class='ocrx_word' id='word_1_892' title='bbox 3452 5526 3505 5573; x_wconf 90' lang='lat' dir='ltr'><strong>et</strong></span> <span class='ocrx_word' id='word_1_893' title='bbox 3548 5524 3644 5573; x_wconf 89' lang='lat' dir='ltr'><strong>lib.</strong></span> <span class='ocrx_word' id='word_1_894' title='bbox 3690 5522 3774 5580; x_wconf 73' lang='grc'><strong>14.</strong></span> 
     </span>
    </p>
   </div>
   <div class='ocr_carea' id='block_1_126' title="bbox 2113 5600 3792 5638">
    <p class='ocr_par' dir='ltr' id='par_1_126' title="bbox 2113 5600 3792 5638">
     <span class='ocr_line' id='line_1_126' title="bbox 2113 5600 3792 5638; baseline 0.002 -4"><span class='ocrx_word' id='word_1_895' title='bbox 2113 5600 2167 5635; x_wconf 80' lang='grc' dir='ltr'><strong>Π.</strong></span> <span class='ocrx_word' id='word_1_896' title='bbox 2200 5600 2248 5633; x_wconf 70' lang='grc' dir='ltr'><strong>ὃ.</strong></span> <span class='ocrx_word' id='word_1_897' title='bbox 3789 5635 3792 5638; x_wconf 83' lang='grc'><strong>.</strong></span> 
     </span>
    </p>
   </div>
  </div>
