4124 6188
352 346 468 406 657

351 487 412 537 ut
441 492 698 540 oraretur
720 501 822 555 pro
845 486 966 551 illa,
991 487 1212 554 dicens,
1240 492 1371 560 quia
1393 492 1451 545 in
1481 492 1598 562 ejus
1628 498 1706 548 est
1723 511 1862 565 pace
1880 513 1992 565 pax

349 569 527 618 vestra
556 565 779 634 (Jerem.
811 584 963 634 xxix,
991 569 1066 638 7),
1105 569 1308 640 utique
1349 572 1584 627 interim
1629 577 1988 645 temporalis,

349 661 475 716 quae
507 645 675 700 bonis
709 647 996 719 malisque
1025 652 1358 707 communis
1390 657 1500 708 est.

347 779 577 837 CAPUT
619 782 847 840 XXVII.
903 818 972 825 —
1001 786 1073 842 De
1101 802 1234 857 pace
1273 789 1628 844 servientium
1662 792 1787 858 Deo,
1831 793 1990 861 cuius

408 865 656 932 per/ecta
685 865 1065 936 tranquillitas
1090 870 1145 923 in
1163 868 1266 923 hac
1296 871 1588 940 temporali
1618 870 1727 927 vita
1757 889 1866 928 non
1893 890 1988 944 po-

413 951 510 999 test
539 945 900 1016 apprehendi.

411 1052 526 1108 Pax
571 1058 766 1110 autem
808 1059 1008 1111 nostra
1040 1058 1296 1129 propria,
1339 1063 1397 1114 et
1445 1059 1539 1115 hic
1585 1064 1674 1116 est
1704 1077 1836 1116 cum
1870 1062 1984 1118 Deo

339 1149 444 1204 per
471 1134 665 1203 ﬁdem,
695 1141 751 1191 et
776 1136 836 1192 in
866 1141 1137 1193 internum
1162 1139 1268 1194 erit
1299 1156 1431 1195 cum
1452 1139 1550 1196 illo
1573 1157 1675 1212 per
1703 1143 1981 1213 speciem.

334 1221 446 1302 Sed
483 1224 572 1277 hic
594 1223 714 1279 sive
735 1223 835 1279 illa
857 1227 1208 1292 communis,
1241 1227 1358 1282 sive
1393 1237 1589 1285 nostra
1621 1231 1873 1302 propria,
1905 1235 1988 1288 ta-

334 1301 409 1357 lis
441 1309 527 1358 est
562 1321 690 1374 pax,
743 1309 807 1361 ut
856 1306 1126 1363 solatium
1178 1308 1428 1364 miserias
1474 1310 1552 1364 sit
1582 1301 1775 1382 potius
1806 1327 1981 1382 quam

332 1383 714 1440 beatitudinis
745 1387 1049 1458 gaudium.
1085 1389 1216 1460 Ipsa
1247 1405 1474 1461 quoque
1506 1396 1708 1446 nostra
1733 1393 1979 1460 justitia,

331 1466 607 1536 quamvis
655 1483 788 1522 vera
846 1469 915 1522 sit
961 1475 1197 1540 propter
1246 1471 1362 1525 veri
1406 1471 1542 1527 boni
1598 1472 1773 1526 ﬁnem
1821 1476 1863 1536 ί,
1909 1475 1979 1527 ad

331 1562 507 1617 quem
543 1548 806 1614 refertur,
839 1553 1034 1605 tamen
1069 1557 1227 1606 tanta
1257 1557 1349 1607 est
1379 1552 1434 1607 in
1470 1553 1578 1608 hac
1609 1554 1744 1621 vita,
1776 1559 1840 1610 ut
1869 1571 1980 1627 po-

328 1628 445 1681 tius
477 1633 843 1698 peccatorum
899 1630 1236 1687 remissione
1267 1637 1515 1701 constet,
1547 1650 1725 1704 quam
1761 1637 1981 1705 perfec-

327 1707 488 1762 tione
514 1710 790 1764 virtutum
827 1712 923 1779 (a).
957 1711 1137 1766 Testis
1167 1717 1255 1768 est
1286 1714 1467 1769 oratio
1513 1715 1696 1770 totius
1727 1715 1980 1772 civitatis

325 1786 452 1852 Dei,
481 1803 605 1867 quae
634 1791 1037 1860 peregrinatur
1067 1792 1123 1846 in
1156 1794 1352 1848 terris.
1398 1793 1504 1848 Per
1531 1795 1727 1850 omnia
1767 1796 1980 1867 quippe

326 1865 588 1920 membra
619 1884 718 1921 sua
751 1869 963 1923 clamat
993 1870 1065 1924 ad
1099 1870 1302 1938 Deum,
1349 1873 1573 1928 Dimitte
1610 1873 1765 1928 nobis
1786 1865 1980 1930 debita

321 1953 536 2011 nostra,
585 1949 725 2002 sicut
771 1952 820 2003 et
864 1965 960 2003 nos
1007 1950 1342 2005 dimittimus
1383 1953 1734 2008 debitoribus
1776 1957 1978 2010 nostris

324 2025 544 2093 (Matth.
577 2044 653 2095 vi,
690 2028 794 2099 12).
828 2028 942 2084 Nec
974 2047 1076 2100 pro
1123 2031 1208 2085 eis
1238 2035 1327 2086 est
1365 2033 1566 2087 efﬁcax
1598 2033 1720 2088 haec
1769 2036 1973 2098 oratio,

322 2123 576 2177 quorum
620 2109 765 2164 ﬁdes
795 2110 922 2165 sine
961 2111 1236 2182 operibus
1284 2121 1511 2166 mortua
1541 2118 1626 2169 est
1678 2115 1882 2181 (Jacobi
1912 2132 1973 2180 ιι,

324 2188 413 2249 17,
445 2188 539 2258 26)
573 2206 586 2243 :
619 2190 717 2244 sed
751 2203 857 2260 pro
889 2191 972 2245 eis
1004 2207 1259 2261 quorum
1293 2191 1432 2246 ﬁdes
1467 2207 1568 2262 per
1597 2192 1973 2248 dilectionem

318 2273 594 2338 operatur
624 2267 822 2338 (Gatat.
846 2285 924 2335 v.,
948 2270 1024 2341 6).
1058 2269 1202 2332 Quia
1233 2271 1387 2324 enim
1409 2270 1524 2325 Deo
1557 2271 1794 2342 quidem
1827 2273 1976 2327 sub-

317 2346 460 2414 dita,
493 2347 553 2402 in
588 2349 692 2403 hac
725 2353 919 2403 tamen
955 2349 1286 2404 conditione
1342 2351 1597 2420 mortali,
1642 2355 1698 2406 et
1737 2367 1974 2422 corpore

317 2428 684 2498 corruptibili
726 2429 880 2499 quod
924 2434 1202 2500 aggravet
1250 2430 1507 2484 animam
1541 2432 1696 2502 (Sap.
1750 2449 1827 2500 ιχ,
1862 2434 1968 2502 15),

318 2521 434 2561 non
481 2509 728 2578 perfecte
775 2509 932 2564 vitiis
988 2510 1234 2578 imperat
1265 2511 1432 2577 ratio,
1467 2511 1595 2565 ideo
1644 2513 1972 2568 necessaria

313 2593 408 2642 est
429 2587 611 2657 justis
641 2585 776 2643 talis
799 2588 1006 2642 oratio.
1031 2588 1177 2644 Nam
1212 2589 1465 2659 profecto
1494 2606 1831 2662 quanquam
1865 2593 1974 2646 im-

314 2671 575 2738 peretur,
617 2683 984 2738 nequaquam
1029 2667 1158 2723 sine
1206 2669 1470 2724 conﬂictu
1511 2670 1665 2725 vitiis
1715 2671 1967 2742 impera-

314 2751 432 2798 tur.
470 2747 536 2800 Et
569 2746 769 2816 utique
799 2747 1064 2819 subrepit
1093 2747 1313 2819 aliquid
1347 2749 1408 2804 iu
1438 2749 1547 2804 hoc
1572 2751 1694 2806 loco
1717 2750 1966 2806 inﬁrmi-

318 2824 456 2880 tatis
488 2825 663 2880 etiam
711 2827 856 2881 bene
886 2827 1242 2898 conﬂigenti,
1289 2828 1413 2884 sive
1445 2829 1707 2885 hostibus
1754 2830 1967 2886 talibus

311 2905 483 2961 victis
532 2907 901 2980 subditisque
943 2909 1290 2979 dominanti,
1333 2911 1504 2976 unde,
1539 2912 1587 2966 si
1639 2928 1757 2967 non
1809 2912 1962 2967 facili

311 2987 672 3055 operatione,
707 2993 857 3043 certe
887 2988 1047 3044 labili
1079 2987 1370 3044 locutione
1399 2995 1501 3044 aut
1541 2990 1761 3046 volatili
1799 2993 1961 3061 cogi-

310 3066 534 3120 tatione
567 3075 854 3137 peccetur.
881 3067 940 3122 Et
965 3068 1090 3124 ideo
1113 3068 1397 3139 quamdiu
1428 3069 1583 3125 vitiis
1616 3070 1959 3142 imperatur,

308 3144 485 3217 plena
517 3163 624 3216 pax
665 3164 775 3202 non
809 3156 895 3203 est
927 3163 941 3202 :
971 3149 1109 3219 quia
1139 3155 1194 3204 et
1240 3149 1335 3203 illa
1369 3167 1497 3222 quas
1531 3151 1829 3216 resistunt,
1863 3167 1959 3223 pe-

306 3224 565 3282 riculoso
595 3227 959 3283 debellantur
981 3228 1210 3298 praelio;
1245 3233 1300 3284 et
1331 3228 1431 3284 illa
1462 3246 1585 3302 quae
1615 3231 1765 3286 victa
1795 3237 1954 3292 sunt.

304 3307 566 3362 nondum
591 3323 794 3364 securo
818 3307 1263 3378 triumphantur
1283 3310 1418 3378 otio,
1448 3311 1548 3365 sed
1572 3310 1760 3367 adhuc
1793 3311 1953 3367 solli-

301 3385 422 3441 cito
456 3392 802 3456 premuntur
833 3387 1102 3459 imperio.
1137 3391 1198 3443 In
1228 3388 1316 3443 his
1347 3405 1484 3460 ergo
1505 3391 1952 3461 tentationibus,

301 3469 379 3522 de
409 3467 622 3538 quibus
652 3469 923 3523 omnibus
953 3467 1012 3524 in
1045 3468 1256 3523 divinis
1285 3468 1528 3539 eloquiis
1551 3469 1800 3525 breviter
1829 3471 1952 3526 dic-

298 3551 431 3602 tum
465 3553 574 3615 est,
596 3549 869 3620 Numquid
906 3565 1012 3604 non
1045 3551 1276 3604 tentatio
1307 3557 1385 3604 est
1434 3551 1548 3604 vita
1591 3550 1836 3606 humana
1865 3569 1956 3606 su-

292 3644 402 3699 per
432 3636 646 3684 terram
679 3630 794 3699 (Job
832 3647 932 3695 vn,
968 3631 1019 3697 1,
1066 3645 1171 3685 see.
1224 3630 1439 3700 LXX)?
1469 3631 1602 3700 quis
1654 3632 1732 3686 ita
1763 3631 1950 3688 vivere

295 3726 360 3765 se
414 3717 741 3781 praesumat,
796 3715 859 3766 ut
905 3711 1094 3766 dicere
1124 3710 1261 3776 Deo,
1314 3712 1538 3767 Dimitte
1566 3711 1722 3767 nobis
1767 3712 1950 3768 debita

293 3799 506 3858 nostra,
541 3808 655 3846 non
700 3806 933 3848 necesse
965 3791 1194 3859 habeat,
1230 3791 1342 3846 nisi
1365 3791 1536 3847 homo
1559 3794 1746 3848 elatus
1776 3795 1804 3846 ‘2
1833 3793 1946 3850 Nec

293 3887 433 3926 vero
465 3887 735 3942 magnus,
769 3873 869 3928 sed
904 3872 1142 3927 inﬂatus
1173 3889 1237 3927 ac
1268 3873 1546 3938 tumidus,
1580 3874 1672 3927 cui
1698 3875 1948 3944 perjus-

293 3951 486 4006 titiam
547 3953 761 4008 resistit
821 3952 919 4023 qui
992 3953 1238 4023 gratiam
1300 3953 1544 4022 largitur
1600 3953 1942 4010 humilibus.

290 4030 537 4102 Propter
573 4033 727 4102 quod
779 4031 1061 4104 scriptum
1093 4035 1178 4086 est
1211 4048 1224 4086 :
1261 4033 1398 4086 Deus
1427 4032 1682 4104 superbis
1711 4035 1940 4099 resistit,

355 4159 372 4190 ¹
408 4155 618 4206 Veteres
645 4157 787 4220 libri,
814 4165 1038 4218 propter
1068 4172 1244 4205 verun
1272 4157 1399 4205 boni
1425 4160 1614 4220 ﬁnem.

350 4220 433 4281 (α)
488 4220 598 4266 Non
652 4219 1157 4283 intelligendusiest
1210 4220 1322 4283 ille,
1354 4219 1518 4277 loeus,
1577 4221 1732 4282 quasi
1783 4222 1936 4283 justi-

285 4281 364 4356 ρει
442 4285 627 4354 nostra
698 4285 902 4332 constet
932 4346 947 4356 ἱ
989 4282 1102 4356 sola
1198 4282 1505 4356 remissione
1564 4281 1931 4356 peccatorum.

281 4343 387 4408 ilic
441 4345 646 4408 potius,
716 4343 1626 4408 quemadmodumManimadvertit
1696 4349 1748 4394 et
1823 4347 1935 4408 ipse

280 4405 652 4469 Bellarminus,
713 4405 805 4454 lib.
864 4407 894 4454 2
949 4407 1014 4455 de
1069 4407 1316 4462 Justific.,
1366 4421 1476 4469 cap.
1544 4407 1618 4465 13,
1677 4422 1784 4457 non
1844 4405 1933 4457 ex-

278 4468 451 4532 cludit
503 4470 875 4531 perfectionem
931 4470 1209 4520 virtutum.
1273 4469 1364 4518 sed
1423 4468 1699 4532 praeponit
1753 4472 1934 4521 remis-

279 4531 484 4580 sionem
545 4533 787 4593 peccati;
841 4533 972 4581 adeo
1028 4534 1088 4578 ut
1138 4545 1325 4579 sensus
1377 4533 1462 4592 sit,
1521 4531 1782 4594 justitiam
1839 4548 1930 4582 no-

277 4595 464 4657 stram,
522 4608 659 4656 quae
717 4595 910 4656 partim
969 4595 1026 4641 in
1089 4594 1399 4657 remissione
1460 4596 1676 4655 peccati.
1735 4597 1929 4657 partim

277 4655 332 4703 in
390 4655 734 4732 perfeCtione’
764 4657 1024 4732 virtutum
1100 4656 1230 4732 sita.
1279 4658 1374 4732 est,
1451 4655 1929 4732 magis-monetam

275 4718 586 4768 remissione
633 4720 846 4780 peccati,
899 4732 1058 4779 quam
1116 4718 1434 4779 perfectione
1491 4719 1748 4767 virtutis:
1781 4721 1928 4768 illam

274 4782 416 4829 enim
494 4782 703 4842 plenius
762 4795 922 4842 quam
992 4781 1129 4828 hanc
1203 4782 1470 4842 praestare
1544 4782 1786 4829 valemus
1867 4783 1929 4830 Et

273 4842 372 4891 hoc
426 4841 587 4892 etiam
635 4841 793 4892 sensu
851 4845 1220 4904 Hieronymus,
1279 4842 1371 4889 lib.
1425 4841 1453 4888 2
1508 4844 1692 4891 contra
1733 4843 1924 4904 Pelag,

273 4907 546 4954 contendit
603 4907 659 4953 in
719 4906 871 4953 nobis
928 4919 1041 4954 esse
1086 4918 1271 4952 veram
1327 4904 1592 4965 justitiam
1647 4905 1770 4954 licet
1817 4919 1925 4955 non

271 4969 489 5017 omnino
527 4969 811 5031 perfectam
849 4983 862 5024 ;
897 4968 1127 5030 perfecta
1156 4969 1334 5015 autem
1364 4968 1444 5015 est
1483 4967 1721 5016 remissio
1751 4981 1926 5030 pecca-

271 5032 463 5078 torum.
497 5030 572 5078 E’x
615 5030 870 5082 Coouues.

1697 357 1930 418 LIBER
1972 359 2411 424 VIGESIMUS.

3632 371 3753 427 658

2101 500 2406 556 humilibus
2449 510 2631 558 autem
2661 503 2756 558 dat
2804 504 3048 572 gratiam
3093 505 3294 573 (Jacobi
3343 523 3418 573 tv,
3449 507 3512 572 6;
3549 509 3567 561 Ι
3601 507 3747 564 Petr.

2099 597 2154 646 v,
2187 583 2261 651 5).
2299 582 2400 638 llic
2437 583 2630 654 itaque
2661 585 2717 638 in
2753 600 3104 655 unoquoque
3127 585 3355 650 justitia
3385 591 3493 652 est,
3528 591 3587 642 ut
3615 588 3748 641 obe-

2099 662 2281 718 dienti
2331 663 2481 718 Deus
2528 664 2773 729 homini,
2807 665 3036 719 animus
3082 667 3331 735 corpori,
3377 667 3521 721 ratio
3553 673 3745 722 autem

2097 742 2254 798 vitiis
2279 744 2454 798 etiam
2492 744 2952 816 repugnantibus
2983 745 3248 816 imperet,
3278 745 3366 800 vel
3398 745 3744 816 subigendo,

2096 822 2181 877 vel
2209 823 2568 891 resistendo;
2596 833 2771 895 atque
2802 829 2866 879 ut
2895 831 2965 879 ab
3001 825 3127 896 ipso
3150 825 3265 880 Deo
3297 831 3527 896 petatur
3545 832 3600 881 et
3625 843 3748 881 me—

2097 903 2342 958 ritorum
2372 905 2576 975 gratia,
2608 910 2665 960 et
2700 905 2868 961 venia
2899 904 3264 973 delictorum,
3300 921 3365 960 ac
3397 907 3467 960 de
3498 908 3746 978 acceptis

2097 983 2262 1039 bonis
2282 986 2604 1056 gratiarum
2633 985 2780 1040 actio
2813 985 3194 1057 persolvatur.
3222 987 3284 1041 In
3317 986 3417 1041 illa
3447 1003 3577 1042 vero
3610 1005 3746 1058 pace

2095 1064 2274 1130 ﬁnali,
2307 1082 2422 1136 quo
2471 1067 2792 1135 referenda,
2827 1071 2884 1121 et
2932 1067 3103 1136 cujus
3145 1067 3534 1139 adipiscendae
3566 1084 3745 1124 causa

2094 1144 2363 1201 habenda
2415 1152 2500 1202 est
2529 1149 2633 1202 ista
2675 1147 2926 1218 justitia,
2960 1148 3238 1218 quoniam
3271 1153 3468 1204 sanata
3499 1149 3744 1204 immor-

2095 1224 2316 1282 talitate
2348 1234 2518 1297 atque
2556 1227 2991 1299 incorruptione
3023 1232 3238 1283 natura
3267 1229 3405 1284 vitia
3428 1244 3542 1284 non
3575 1229 3748 1284 hahe-

2095 1305 2196 1372 bit,
2246 1321 2352 1361 nec
2401 1305 2718 1377 unicuique
2769 1311 3039 1362 nostrum
3072 1307 3157 1362 vel
3208 1308 3281 1363 ab
3315 1307 3429 1363 alio
3486 1307 3637 1362 vela
3685 1325 3745 1362 se

2093 1386 2216 1454 ipso
2251 1386 2570 1457 quidquam
2606 1387 2973 1458 repugnabit,
3021 1404 3135 1442 non
3187 1404 3334 1456 opus
3364 1387 3472 1443 erit
3503 1390 3566 1441 ut
3597 1389 3744 1442 ratio

2092 1465 2264 1527 vitiis,
2298 1483 2426 1537 quin
2482 1466 2640 1521 nulla
2681 1473 2872 1534 erunt,
2922 1468 3171 1538 imperet
3221 1485 3234 1521 :
3284 1470 3384 1524 sed
3434 1469 3745 1538 imperabit

2091 1545 2246 1602 Deus
2279 1546 2525 1612 homini,
2557 1547 2790 1602 animus
2825 1547 3086 1618 corpori;
3118 1552 3400 1618 tantaque
3430 1549 3742 1603 obediendi

2090 1624 2171 1679 ibi
2201 1626 2312 1680 erit
2335 1625 2592 1681 suavitas
2611 1630 2666 1680 et
2699 1625 2968 1694 facilitas,
3002 1631 3221 1696 quanta
3241 1626 3466 1682 vivendi
3500 1642 3743 1697 regnan-

2091 1703 2266 1774 dique
2309 1704 2572 1760 felicitas.
2607 1705 2675 1760 Et
2705 1705 2812 1760 hoc
2849 1705 2966 1760 illic
2998 1704 3056 1760 in
3110 1706 3424 1762 omnibus‘
3477 1710 3650 1776 atque
3682 1707 3740 1760 in

2089 1784 2334 1857 singulis
2382 1791 2666 1841 aeternum
2707 1787 2834 1854 crit,
2895 1791 3293 1857 aztemumque
3353 1801 3477 1841 esse
3517 1791 3739 1841 certum

2089 1867 2197 1921 erit
2228 1883 2242 1922 :
2277 1871 2334 1922 et.
2374 1868 2504 1922 ideo
2528 1883 2638 1938 pax
2676 1867 3060 1922 beatitudinis
3092 1867 3292 1937 hujus,
3327 1865 3411 1922 vel
3445 1866 3742 1921 beatitudo

2089 1947 2248 2018 pacis
2276 1947 2478 2018 hujus,
2512 1963 2802 2003 summum
2825 1948 3036 2003 bonum
3073 1950 3200 2003 erit.

2085 2108 2317 2163 CAPUT
2346 2107 2595 2164 XXVIII.
2627 2137 2696 2148 —
2725 2110 2788 2163 In
2817 2123 2979 2178 quem
3017 2110 3182 2176 ﬁnem
3214 2111 3476 2162 venturus
3515 2111 3587 2163 sit
3617 2111 3736 2165 exi—

2702 2191 2792 2242 tus
2818 2188 3140 2259 impiorum.

2155 2323 2366 2378 Eorum
2402 2325 2593 2379 autem
2628 2323 2728 2394 qui
2760 2339 2874 2378 non
2905 2322 3199 2394 pertinent
3229 2319 3302 2376 ad
3333 2320 3503 2377 istam
3535 2320 3736 2376 civita-

2082 2407 2198 2460 tem
2231 2402 2354 2472 Dei,
2389 2402 2498 2458 erit
2525 2408 2581 2458 et
2610 2403 2896 2458 contrario
2930 2401 3168 2458 miseria
3199 2402 3577 2472 sempiterna,
3609 2418 3733 2472 quas

2079 2483 2256 2538 etiam
2289 2484 2549 2539 secunda
2594 2499 2752 2538 mors
2804 2483 3019 2537 dicitur
3050 2483 3234 2553 (Apoc.
3288 2497 3350 2548 ιι,
3387 2483 3490 2548 11;
3533 2499 3625 2546 xx,
3665 2483 3729 2550 6;

2081 2579 2200 2629 xxi,
2248 2567 2306 2632 8)
2357 2565 2537 2634 :quia
2573 2579 2679 2618 nec
2719 2562 2917 2618 anima
2964 2561 3043 2616 ibi
3100 2565 3289 2617 vivere
3329 2562 3574 2617 dicenda
3622 2567 3730 2630 est,

2080 2659 2207 2714 quae
2239 2661 2272 2698 a
2303 2644 2420 2698 vita
2446 2643 2540 2698 Dei
2563 2643 2813 2698 alienata
2835 2643 2976 2709 erit;
3015 2659 3117 2698 nec
3141 2658 3374 2712 corpus,
3399 2642 3552 2713 quod
3571 2647 3728 2698 aeter-

2079 2723 2168 2778 nis
2207 2723 2504 2779 doloribus
2549 2723 2897 2793 subjacebit.
2945 2725 3023 2778 Ac
3071 2738 3170 2794 per
3218 2721 3326 2778 hoc
3377 2723 3500 2777 ideo
3533 2724 3732 2778 durior

2078 2804 2190 2859 ista
2221 2805 2479 2860 secunda
2517 2821 2671 2860 mors
2700 2805 2831 2870 erit,
2855 2804 2991 2875 quia
3023 2802 3178 2858 ﬁniri
3211 2808 3394 2858 morte
3427 2819 3540 2858 non
3575 2808 3728 2872 pote-

2076 2884 2168 2938 rit.
2195 2884 2304 2939 Sed
2338 2885 2617 2952 quoniam
2651 2885 2804 2940 sicut
2828 2883 3057 2948 miseria
3087 2881 3459 2950 beatitudini,
3484 2887 3537 2937 et
3571 2899 3731 2938 mors

2073 2963 2222 3031 vita,
2257 2965 2338 3019 ita
2360 2963 2577 3020 bellum
2617 2963 2740 3034 paci
2767 2963 2995 3018 videtur
3021 2979 3149 3018 esse
3178 2961 3576 3028 contrarium;
3613 2979 3730 3018 me-

2072 3044 2183 3100 rito
2213 3043 2508 3115 quaeritur,
2541 3044 2690 3099 sicut
2722 3062 2834 3116 pax
2861 3045 2921 3100 in
2953 3045 3241 3100 bonorum
3274 3043 3491 3098 ﬁnibus
3515 3042 3726 3115 praedi-

2067 3129 2198 3179 cata
2245 3133 2328 3180 est
2366 3130 2541 3195 atque
2572 3122 2830 3191 laudata,
2863 3125 3012 3196 quod
3055 3124 3141 3180 vel
3193 3123 3362 3196 quale
3395 3122 3614 3178 bellum
3663 3124 3720 3178 in

2067 3205 2283 3261 ﬁnibus
2315 3204 2600 3260 malorum
2625 3221 2654 3260 e
2676 3205 2966 3261 contrario
2991 3205 3173 3275 possit
3195 3203 3465 3276 intelligi.
3499 3203 3716 3259 Verum

2065 3286 2160 3356 qui
2194 3285 2302 3341 hoc
2334 3286 2561 3356 quaerit,
2589 3286 2851 3341 attendat
2880 3285 3020 3354 quid
3043 3286 3100 3340 in
3132 3286 3283 3341 bello
3319 3285 3555 3340 noxium
3591 3301 3720 3356 per-

2064 3365 2464 3434 niciosumque
2495 3367 2589 3431 sit,
2623 3371 2680 3420 et
2720 3365 2935 3421 videbit
2966 3365 3110 3420 nihil
3159 3365 3315 3420 aliud
3350 3381 3500 3430 esse,
3533 3381 3709 3435 quam

2063 3446 2211 3500 inter
2232 3461 2295 3500 se
2319 3461 2506 3499 rerum
2531 3445 2934 3500 adversitatem
2957 3450 3134 3516 atque
3155 3444 3513 3500 conﬂictum.
3549 3444 3708 3506 Quod

2063 3526 2240 3595 igltur
2277 3524 2492 3580 bellum
2543 3525 2778 3595 gravius
2826 3530 2880 3580 et
2929 3526 3184 3580 amarius
3229 3525 3464 3594 cogitari
3498 3529 3706 3592 potest,

2063 3622 2238 3677 quam
2274 3605 2371 3659 ubi
2403 3603 2672 3658 voluntas
2695 3605 2777 3657 sic
2801 3605 3040 3658 adversa
3062 3608 3150 3658 est
3182 3603 3457 3674 passioni,
3491 3607 3546 3657 et
3570 3619 3704 3672 pas-

2057 3686 2144 3740 sio
2193 3684 2500 3750 voluntati,
2534 3687 2597 3738 ut
2641 3682 2859 3738 nullius
2901 3699 3102 3737 earum
3136 3682 3374 3738 victoria
3404 3681 3548 3736 tales
3592 3682 3706 3736 ini-

2057 3765 2290 3820 micitiae
2317 3764 2631 3830 ﬁniantur;
2666 3771 2719 3819 et
2753 3765 2852 3818 ubi
2873 3763 2954 3818 sic
2986 3763 3247 3834 conﬂigit
3278 3779 3408 3818 eum
3441 3763 3570 3832 ipsa
3599 3780 3703 3818 na-

2055 3850 2189 3902 tura
2209 3844 2468 3917 corporis
2499 3844 2587 3900 vis
2620 3843 2856 3904 doloris,
2892 3848 2951 3898 ut
2981 3848 3254 3899 neutrum
3301 3843 3467 3898 alteri
3497 3844 3703 3898 cedat?

2052 3926 2156 3982 Hic
2187 3929 2345 3982 enim
2377 3926 2610 3997 quando
2640 3924 2925 3992 contingit
2956 3923 3064 3978 ists
3106 3923 3433 3987 conﬂictus,
3475 3928 3576 3978 aut
3607 3925 3703 3978 do-

2049 4007 2137 4062 lor
2165 4006 2365 4074 vincit,
2391 4010 2448 4061 et
2477 4021 2719 4061 sensum
2757 4020 2914 4060 mors
2944 4005 3184 4069 adimit;
3218 4009 3318 4059 aut
3345 4008 3553 4058 natura
3576 4003 3699 4058 vin-

2049 4087 2128 4141 cit
2161 4087 2204 4154 ε,
2228 4094 2281 4142 et
2319 4085 2573 4141 dolorem
2606 4085 2825 4139 sanitas
2873 4082 3046 4138 tollit.
3082 4084 3163 4139 Ibi
3199 4093 3390 4139 autem
3446 4087 3502 4138 et
3537 4083 3700 4139 dolor

2047 4172 2368 4238 permanet,
2400 4174 2461 4221 ut
2499 4166 2754 4237 afﬂigat;
2796 4169 2853 4219 et
2899 4170 3107 4218 natura
3138 4163 3431 4232 perdurat,
3458 4169 3520 4218 ut
3568 4181 3698 4218 sen-

2043 4250 2144 4304 tiat
2175 4266 2187 4304 :
2224 4250 2359 4320 quia
2399 4253 2712 4318 utrumque
2744 4247 2870 4301 ideo
2905 4263 3017 4300 non
3054 4246 3268 4313 deﬁcit,
3302 4263 3373 4301 ne
3399 4263 3568 4316 pmna
3596 4247 3694 4300 de-

2043 4330 2217 4386 ﬁciat.
2249 4329 2332 4383 Ad
2366 4329 2471 4384 hos
2519 4333 2716 4382 autem
2761 4326 2904 4381 ﬁnes
2934 4325 3221 4382 bonorum
3265 4330 3322 4380 et
3377 4325 3690 4386 malorum,

2040 4410 2172 4465 illos
2202 4409 2574 4480 expetendos,
2616 4408 2762 4462 istos
2801 4407 3107 4477 cavendos,
3149 4407 3424 4478 quoniam
3477 4407 3693 4476 perju-

2038 4491 2256 4546 dicium
2288 4490 2628 4545 transibunt
2657 4488 2731 4544 ad
2763 4487 2892 4542 illos
2926 4487 3081 4556 boni,
3126 4489 3195 4542 ad
3229 4487 3373 4544 istos
3403 4487 3584 4553 mali;
3619 4488 3689 4540 de

2036 4571 2144 4628 hoc
2197 4571 2440 4641 judicio,
2486 4573 2770 4640 quantum
2813 4569 2967 4624 Deus
3006 4569 3329 4635 donaverit,
3375 4568 3433 4622 in
3493 4583 3690 4623 conse-

2035 4653 2230 4722 quenti
2263 4651 2561 4707 volumine
2592 4650 2927 4722 disputabo.

2100 4846 2114 4878 ¹
2163 4843 2316 4902 Editi,
2357 4839 2618 4890 omnibus
2663 4839 2993 4889 hominibus.
3040 4838 3220 4896 Abest,
3263 4833 3600 4886 hominibus,
3652 4849 3684 4883 τι

2033 4905 2425 4966 manuscriptis.

2093 4967 2114 4999 ²
2146 4958 2422 5024 Ιλονηάτιε
2468 4973 2674 5013 natura
2714 4962 3038 5024 perdurans
3083 4960 3274 5008 vincit.
3318 4958 3455 5006 Editi
3502 4958 3593 5007 alii
3631 4961 3684 5007 et

2029 5029 2379 5089 manuscripti
2407 5030 2588 5076 carent
2617 5024 2795 5082 verbo,
2820 5024 3155 5086 perdura-ns.

1117 5169 1674 5303 LIBER
1786 5159 2820 5304 VIGESIMUS.

439 5361 511 5409 De
524 5361 720 5423 judicio
735 5360 1044 5419 novissimo,
1064 5358 1231 5420 deque
1255 5359 1573 5408 testimoniis
1593 5373 1714 5409 cum
1735 5359 1884 5420 Novi,
1909 5363 2023 5409 tum
2034 5357 2239 5407 Veteris
2259 5357 2627 5420 Instrumenti,
2644 5356 2840 5418 quibus
2859 5358 3220 5407 denuntiatur
3236 5357 3498 5405 futurum.

267 5441 497 5498 CAPUT
533 5442 833 5498 PRIMUM.
863 5473 934 5480 —
973 5439 1122 5508 Quod
1166 5439 1420 5509 quamvis
1469 5441 1624 5494 omni
1668 5444 1908 5511 tempore

343 5529 482 5579 Deus
503 5525 727 5592 iudicet,
759 5526 817 5578 in
848 5524 944 5577 hoc
971 5528 1153 5576 tamen
1203 5522 1342 5577 libro
1373 5522 1438 5576 de
1466 5523 1760 5578 novissimo
1791 5524 1908 5594 ejus

330 5602 542 5670 judicio
563 5605 637 5658 stt
662 5604 889 5674 proprie
917 5600 1330 5670 disputandum.

341 5683 395 5736 1.
434 5682 511 5740 De
531 5685 622 5742 die
650 5679 1060 5751 ultimijudicii
1087 5679 1211 5748 Dei,
1244 5681 1398 5752 quod
1429 5679 1554 5752 ipse
1583 5682 1904 5750 donaverit,

2018 5437 2289 5506 locuturi,
2327 5453 2581 5508 eumque
2612 5439 2884 5493 asserturi
2921 5437 3200 5493 adversus
3233 5439 3447 5508 impios
3481 5441 3538 5492 ct
3581 5436 3670 5490 in-

2018 5517 2302 5582 credulos,
2350 5523 2634 5588 tanquam
2686 5519 2747 5573 in
2794 5518 3022 5572 aediﬁcii
3075 5519 3456 5573 fundamento
3509 5517 3670 5586 prius

2017 5617 2230 5672 ponere
2256 5601 2590 5656 testimonia
2621 5601 2820 5656 divina
2850 5601 3152 5656 debemus.
3179 5599 3404 5663 Quibus
3432 5600 3531 5671 qui
3561 5615 3672 5653 no-

2016 5682 2146 5738 lunt
2167 5683 2420 5752 credere,
2447 5681 2716 5737 humanis
2738 5680 3084 5738 ratiunculis
3118 5680 3282 5737 falsis
3303 5687 3478 5753 atque
3509 5679 3670 5735 falla-
