4124 6188
346 328 463 387 659

350 467 519 522 cibus
568 461 956 521 contravenire
987 464 1288 529 conantur,
1323 461 1390 515 ad
1442 459 1553 515 hoc
1584 462 1650 514 ut
1688 462 1789 515 aut
1837 455 1994 512 aliud

350 546 675 617 signiﬁcare
695 541 1049 599 contendant
1078 542 1231 614 quod
1255 540 1565 596 adhibetur
1595 537 2001 595 testimonium

353 628 424 682 de
449 626 673 682 Litteris
705 625 902 688 sacris,
933 628 1031 679 aut
1053 623 1291 679 omnino
1316 622 1598 678 divinitus
1627 637 1756 677 esse
1787 620 2005 675 dictum

352 711 585 777 negent.
617 706 763 762 Nam
797 705 1023 760 nullum
1056 704 1323 760 existimo
1362 720 1490 760 esse
1520 702 1880 769 mortalium,
1906 699 2003 771 qui

354 804 485 843 cum
506 805 593 856 ea,
619 788 771 843 sicut
794 787 944 841 dicta
963 791 1121 851 sunt,
1144 785 1514 855 intellexerit,
1538 793 1591 840 et
1615 801 1648 841 a
1677 799 1908 841 summo
1940 798 2005 838 ac

354 884 489 925 vero
520 868 633 923 Deo
666 883 767 938 per
798 868 1024 924 animas
1054 870 1286 922 sanctas
1314 867 1468 921 dicta
1498 880 1625 921 esse
1674 863 2003 931 crediderit,

358 965 473 1005 non
503 949 587 1004 eis
621 949 787 1004 cedat
827 952 1003 1019 atque
1032 946 1353 1004 consentiat
1389 962 1402 1002 :
1436 947 1555 1002 sive
1598 946 1656 1000 id
1694 946 1867 1000 etiam
1910 958 2006 999 ore

357 1032 625 1095 fateatur,
658 1030 779 1085 sive
813 1028 1010 1100 aliquo
1042 1028 1176 1083 vitio
1220 1027 1384 1083 fateri
1410 1027 1730 1091 erubescat,
1762 1028 1862 1081 aut
1893 1039 2009 1078 me-

356 1114 512 1175 tuat;
563 1109 651 1164 vel
683 1109 851 1164 etiam
906 1108 1228 1181 pervicacia
1285 1106 1589 1162 simillima
1637 1105 1899 1171 insaniae,
1949 1103 2004 1159 id

358 1190 515 1260 quod
546 1189 754 1244 falsum
794 1206 919 1244 esse
950 1189 1108 1244 novit
1148 1193 1249 1243 aut
1291 1187 1495 1254 credit,
1529 1191 1731 1242 contra
1760 1186 1815 1239 id
1851 1184 2008 1256 quod

355 1286 557 1325 verum
581 1286 706 1325 esse
740 1270 902 1325 novit
923 1278 1019 1325 aut
1050 1270 1251 1337 credit,
1282 1268 1459 1324 etiam
1479 1266 2007 1323 contentiosissime

358 1352 668 1408 defendere
705 1353 1004 1407 moliatur.

428 1435 483 1489 2.
519 1434 679 1498 Quod
714 1449 851 1503 ergo
876 1433 935 1487 in
970 1432 1331 1487 confessione
1361 1448 1426 1487 ac
1458 1432 1812 1501 professione
1857 1432 2011 1484 tenet

359 1515 551 1570 omnis
587 1514 842 1569 Ecclesia
874 1513 972 1569 Dei
1027 1514 1168 1579 veri,
1219 1514 1514 1568 Christum
1572 1512 1641 1566 de
1701 1511 1843 1566 coelo
1883 1526 2011 1566 esse

358 1598 673 1649 venturum
716 1595 785 1649 ad
836 1594 993 1648 vivos
1029 1609 1095 1649 ac
1144 1598 1405 1647 mortuos
1450 1591 1820 1661 judicandos,
1856 1591 2009 1646 hunc

358 1675 541 1730 divini
563 1672 771 1744 judicii
806 1674 1077 1729 ultimum
1113 1674 1265 1728 diem
1298 1674 1568 1739 dicimus,
1606 1672 1661 1727 id
1680 1676 1788 1741 est,
1814 1671 2007 1726 novis-

356 1755 570 1809 simum
624 1759 879 1823 tempus.
912 1754 1059 1808 Nam
1094 1768 1195 1825 per
1224 1758 1366 1823 quot
1403 1753 1528 1807 dies
1570 1753 1675 1807 hoc
1715 1751 2007 1820 judicium

354 1836 651 1903 tendatur,
700 1835 988 1890 incertum
1022 1837 1114 1889 est
1154 1850 1166 1887 :
1221 1834 1323 1888 sed
1372 1832 1807 1903 Scripturarum
1850 1846 2011 1886 more

357 1919 693 1968 sanctarum
717 1913 868 1967 diem
885 1911 1019 1982 poni
1053 1912 1234 1968 solere
1259 1929 1356 1982 pro
1390 1918 1668 1983 tempore,
1709 1927 1879 1966 nemo
1910 1909 2009 1981 qui

355 1994 488 2049 illas
530 1992 751 2048 litteras
787 1992 1113 2063 quamlibet
1143 1991 1503 2063 negligenter
1531 1990 1761 2063 legerit,
1800 1991 2007 2046 nescit.

356 2074 489 2128 Ideo
522 2078 715 2129 autem
740 2089 871 2128 cum
895 2073 1050 2127 diem
1077 2072 1285 2141 judicii
1310 2071 1408 2127 Dei
1431 2071 1703 2139 dicimus,
1737 2070 2010 2127 addimus

358 2153 630 2209 ultimum
662 2153 747 2208 vel
784 2153 1209 2221 novissimum;
1245 2153 1383 2223 quia
1412 2156 1469 2207 et
1493 2168 1648 2207 nunc
1674 2151 1920 2221 judicat,
1955 2158 2011 2206 et

357 2235 428 2289 ab
470 2234 713 2289 humani
756 2234 986 2305 generis
1034 2233 1201 2289 initio
1248 2234 1557 2304 judicavit,
1604 2232 1907 2288 dimittens
1938 2233 2009 2288 de

356 2315 651 2386 paradiso,
684 2319 739 2370 et
760 2332 792 2369 a
824 2314 980 2386 ligno
1010 2313 1136 2369 vitae
1169 2331 1445 2385 separans
1478 2314 1690 2383 primos
1739 2313 2007 2368 homines

356 2396 577 2465 peccati
609 2394 804 2465 magni
857 2398 1285 2466 perpetratores
1322 2412 1334 2450 :
1394 2395 1511 2449 imo
1557 2394 1732 2449 etiam
1774 2394 2007 2464 quando

359 2474 582 2546 angelis
642 2475 1019 2547 peccantibus
1070 2492 1183 2531 non
1236 2476 1488 2546 pepercit
1519 2474 1589 2545 (Il
1621 2474 1772 2528 Petr.
1816 2490 1876 2540 ιι,
1927 2474 2004 2542 4),

357 2572 606 2626 quorum
633 2556 901 2627 princeps
930 2554 1196 2612 homines
1229 2572 1262 2610 a
1293 2571 1355 2610 se
1378 2556 1503 2625 ipso
1526 2554 1842 2608 subversus
1875 2553 2003 2607 1in-

356 2637 607 2692 videndo
639 2637 939 2703 subvertit,
975 2636 1174 2708 procul
1214 2636 1392 2691 dubio
1416 2635 1719 2709 judicavit.
1747 2633 1861 2689 Nec
1884 2634 2007 2691 sine

354 2717 511 2772 illius
543 2716 661 2772 alto
687 2718 970 2788 justoque
995 2717 1239 2787 judicio,
1264 2726 1317 2773 et
1348 2717 1405 2771 in
1437 2717 1545 2771 hoc
1576 2716 1728 2770 aerio
1756 2714 1917 2781 coelo,
1952 2718 2008 2770 et

354 2799 412 2851 in
444 2798 638 2863 terris,
676 2803 733 2853 et
773 2799 1102 2853 daemonum
1136 2802 1193 2852 et
1222 2797 1523 2853 hominum
1558 2796 1887 2850 miserrima
1917 2794 2008 2851 est

354 2879 487 2942 vita,
513 2878 807 2934 erroribus
834 2879 1225 2949 aerumnisque
1252 2876 1617 2947 plenissima.
1650 2875 1862 2931 Verum
1895 2876 2003 2930 etsi

354 2974 526 3015 nemo
576 2964 893 3029 peccasset,
928 2976 1043 3015 non
1088 2960 1213 3014 sine
1262 2960 1414 3014 bono
1464 2963 1734 3029 rectoque
1778 2956 2003 3027 judicio

352 3040 677 3095 universam
712 3039 1054 3095 rationalem
1087 3043 1409 3094 creaturam
1440 3037 2004 3106 perseverantissime

352 3119 460 3175 sibi
490 3120 737 3175 Domino
768 3137 874 3175 suo
897 3120 1284 3175 cohaerentem
1312 3120 1371 3173 in
1405 3124 1620 3173 aeterna
1649 3118 2005 3172 beatitudine

353 3201 644 3256 retineret.
687 3200 924 3256 Judicat
973 3201 1172 3267 etiam,
1220 3216 1333 3255 non
1366 3200 1556 3255 solum
1600 3198 2007 3253 universaliter

354 3282 424 3335 de
472 3296 683 3351 genere
724 3281 1059 3335 daemonum
1094 3284 1268 3352 atque
1323 3280 1649 3345 hominum,
1692 3282 1757 3333 ut
1808 3278 2007 3338 miseri

352 3360 474 3414 sint
505 3364 740 3433 propter
780 3358 1103 3431 primorum
1140 3359 1415 3413 meritum
1450 3366 1850 3429 peccatorum;
1903 3358 2002 3413 sed

356 3441 532 3495 etiam
566 3441 635 3495 de
694 3438 1057 3511 singulorum
1116 3438 1390 3511 operibus
1423 3437 1695 3509 propriis,
1729 3453 1855 3508 qua:
1902 3453 2004 3509 ge-

354 3526 493 3576 runt
526 3521 768 3577 arbitrio
801 3520 1139 3576 voluntatis.
1176 3520 1319 3574 Nam
1360 3524 1417 3575 et
1456 3519 1748 3574 daemones
1782 3535 1854 3574 ne
1886 3528 2005 3574 tor-

355 3607 665 3675 queantur,
718 3608 1032 3673 precantur
1072 3602 1281 3668 (Matth.
1314 3617 1439 3667 VIII,
1488 3600 1619 3671 29):
1666 3615 1770 3654 nec
1800 3598 2004 3672 utique

355 3684 574 3752 injuste
604 3681 689 3736 vel
722 3684 974 3752 parcitur
996 3681 1100 3748 eis,
1132 3682 1218 3736 vel
1262 3696 1362 3751 pro
1394 3696 1500 3735 sua
1531 3679 1745 3749 quique
1788 3678 2005 3749 impro-

357 3763 534 3817 bitate
583 3766 950 3833 torquentur.
987 3763 1050 3817 Et
1105 3760 1375 3816 homines
1409 3760 1753 3832 plerumque
1786 3762 2005 3830 aperte,

358 3858 589 3914 semper
645 3844 887 3913 occulte,
959 3844 1133 3899 luunt
1183 3860 1287 3915 pro
1354 3844 1475 3898 suis
1517 3842 1684 3897 factis
1725 3841 2006 3897 divinitus

360 3940 586 3996 poenas,
619 3924 743 3980 sive
772 3925 830 3979 in
864 3925 971 3980 hac
988 3926 1125 3991 vita,
1159 3926 1279 3979 sive
1310 3927 1440 3995 post
1471 3928 1717 3978 mortem
1747 3938 1761 3978 :
1795 3938 2009 3993 quam-

360 4006 450 4060 vis
482 4004 675 4061 nullus
730 4006 1033 4060 hominum
1068 4009 1200 4075 agat
1230 4010 1399 4067 recte,
1442 4002 1553 4057 nisi
1597 4001 1790 4058 divino
1837 4002 2010 4073 adju-

360 4088 527 4139 vetur
584 4084 838 4153 auxilio;
901 4084 1099 4139 nullus
1154 4086 1486 4140 daemonum
1542 4088 1642 4138 aut
1700 4083 2006 4137 hominum

361 4173 491 4235 agat
531 4165 747 4236 inique,
792 4165 905 4220 nisi
965 4164 1159 4220 divino
1210 4162 1889 4237 eodemquejustissimo
1915 4164 2011 4231 ju-

364 4245 511 4299 dicio
560 4247 953 4317 permittatur.
995 4247 1160 4301 Sicut
1191 4248 1345 4300 enim
1390 4248 1470 4301 ait
1516 4244 1852 4315 Apostolus,
1894 4244 2009 4299 Non

362 4330 442 4376 est
484 4328 753 4396 iniquitas
804 4326 956 4396 apud
1009 4328 1177 4379 Deum
1210 4326 1385 4389 (Rom.
1433 4343 1511 4391 1x,
1576 4326 1695 4392 14);
1730 4330 1804 4390 et,
1859 4325 2012 4378 sicut

362 4402 485 4471 ipse
513 4404 647 4459 alibi
680 4405 841 4469 dicit,
874 4403 1265 4459 Inscrutabilia
1294 4413 1424 4458 sunt
1447 4404 1659 4471 judicia
1688 4405 1806 4470 Dei,
1839 4416 1890 4459 et
1914 4408 2011 4460 ἰη-

362 4484 715 4553 vestigabiles
762 4484 866 4538 via:
896 4486 1011 4552 eius
1033 4483 1134 4554 (Id.
1169 4500 1247 4548 x1,
1279 4486 1391 4555 33).
1429 4485 1555 4539 Non
1594 4485 1771 4556 igitur
1811 4486 1868 4540 in
1902 4487 2010 4541 hoc

361 4561 513 4616 libro
553 4566 623 4618 de
652 4562 768 4617 illis
800 4564 1025 4634 primis,
1062 4578 1164 4617 nec
1213 4566 1283 4619 de
1312 4564 1440 4620 istis
1462 4566 1669 4619 mediis
1720 4565 1819 4619 Dci
1843 4566 2013 4635 judi—

363 4643 491 4711 ciis,
524 4646 621 4699 sed
654 4645 722 4699 de
754 4644 881 4715 ipso
925 4643 1245 4699 novissimo
1274 4645 1521 4715 judicio,
1555 4648 1844 4715 quantum
1888 4648 2012 4715 ipse

362 4726 653 4797 tribuerit,
687 4726 1024 4796 disputabo,
1058 4725 1286 4794 quando
1308 4726 1571 4782 Christus
1604 4724 1673 4779 de
1705 4726 1847 4780 cmlo
1880 4743 2014 4783 ven-

364 4813 533 4863 turus
556 4814 644 4864 est
672 4808 1218 4879 vivosjudicaturus
1250 4810 1308 4863 et
1329 4810 1611 4863 mortuos.
1647 4805 1759 4861 Iste
1800 4807 2013 4879 quippe

366 4890 488 4944 dies
524 4890 731 4960 judicii
783 4890 1014 4961 proprie
1054 4889 1179 4960 jam
1221 4893 1479 4956 vocatur,
1512 4905 1579 4944 eo
1627 4887 1779 4958 quod
1814 4887 2012 4945 nullus

364 4970 446 5024 ibi
490 4972 596 5025 erit
638 4970 921 5040 imperitae
970 4969 1214 5041 querela:
1257 4970 1441 5042 locus,
1491 4987 1595 5025 cur
1626 4969 1883 5039 iujustus
1914 4969 2010 5027 ille

365 5051 441 5106 sit
472 5050 629 5119 felix,
661 5056 717 5105 et
737 5068 841 5105 cur
863 5051 1171 5122 illejustus
1196 5051 1421 5109 infelix.
1445 5052 1721 5107 Omnium
1755 5067 2009 5124 namque

365 5136 507 5187 tunc
556 5131 789 5187 nonnisi
842 5131 1123 5187 bonorum
1154 5149 1291 5189 vera
1339 5140 1395 5190 et
1442 5134 1615 5206 plena
1655 5132 1921 5202 felicitas,
1954 5138 2011 5189 et

363 5212 625 5266 omnium
659 5211 894 5266 nonnisi
927 5211 1214 5268 malorum
1248 5214 1424 5284 digna
1445 5220 1501 5271 et
1531 5230 1763 5269 summa
1807 5213 2006 5269 infeli-

326 5320 342 5338 ο
362 5292 509 5347 citas
541 5291 859 5365 apparebit.

358 5602 439 5705 bi
487 5598 637 5647 Vind.
699 5600 812 5649 Am.
865 5605 917 5651 et
977 5603 1213 5665 plerique
1259 5603 1402 5662 Mss,
1453 5605 1770 5659 subversas:
1830 5610 2009 5658 minus

396 5672 507 5705 ene.

396 5672 507 5707 0110.

1397 324 1497 383 DE
1544 322 1911 387 UIVITATE
1956 321 2108 392 DEI,
2155 322 2219 380 S.
2267 318 2699 382 AUGUSTINI

3642 320 3764 381 660

2106 453 2337 510 CAPUT
2372 453 2441 509 II.
2474 483 2544 495 -—-
2584 455 2658 509 De
2690 455 2962 510 varietate
3003 469 3191 508 rerum
3223 453 3614 522 humanarum,
3664 456 3762 510 cui

2178 550 2288 590 non
2314 540 2484 605 potest
2531 533 2644 589 dici
2689 534 2864 590 deesse
2905 534 3175 604 judicium
3223 535 3341 605 Dei,
3371 537 3625 606 quamvis
3658 551 3762 591 ne-

2177 624 2339 686 queat
2371 616 2645 684 vestigari.

2177 778 2345 833 Nunc
2378 781 2575 833 autem
2618 778 2674 832 et
2730 776 2881 833 mala
2929 793 3099 849 aequo
3149 776 3347 833 animo
3383 777 3528 834 ferre
3578 779 3769 836 disci-

2107 876 2260 928 mus,
2303 876 2425 929 que:
2458 858 2765 930 patiuntur
2793 865 2848 914 et
2889 859 3057 927 boni;
3111 866 3166 915 et
3194 860 3348 914 bona
3390 876 3502 915 non
3538 864 3767 933 magni-

2109 941 2383 1012 pendere,
2436 956 2561 1011 qua:
2614 938 3017 1009 adipiscuntur
3068 944 3125 995 et
3181 938 3342 996 mali.
3377 942 3455 995 Ac
3502 957 3605 1010 per
3653 942 3767 997 hoc

2109 1021 2286 1077 etiam
2320 1020 2377 1075 in
2423 1021 2512 1075 his
2554 1020 2751 1084 rebus,
2782 1020 2843 1075 in
2894 1020 3110 1091 quibus
3142 1036 3260 1075 non
3295 1026 3539 1092 apparet
3568 1021 3767 1078 divina

2102 1102 2353 1174 justitia,
2373 1101 2644 1157 salutaris
2658 1105 2746 1157 est
2766 1101 2961 1157 divina
2981 1100 3260 1158 doctrina.
3281 1101 3587 1158 Nescimus
3605 1106 3764 1159 enim

2116 1200 2230 1253 quo
2255 1183 2476 1253 judicio
2509 1182 2609 1238 Dei
2633 1182 2938 1238 bonusille
2955 1182 3027 1238 sit
3060 1198 3296 1253 pauper,
3332 1182 3520 1238 malus
3551 1183 3649 1239 ille
3685 1186 3769 1240 sit

2112 1264 2270 1319 dives
2305 1280 2316 1318 :
2352 1262 2460 1318 iste
2487 1262 2754 1333 gaudeat,
2790 1278 2963 1331 quem
3006 1278 3108 1332 pro
3138 1263 3263 1317 suis
3310 1262 3547 1333 perditis
3581 1265 3766 1319 mori-

2111 1342 2222 1398 bus
2253 1342 2497 1398 cruciari
2528 1342 2797 1398 debuisse
2829 1343 3172 1397 mmroribus
3205 1343 3591 1411 arbitramur;
3624 1360 3768 1400 con-

2109 1424 2371 1479 tristetur
2428 1422 2543 1490 ille,
2604 1439 2777 1493 quem
2839 1423 2954 1477 vita
2999 1422 3314 1477 laudabilis
3358 1425 3609 1493 gaudere
3650 1425 3763 1480 de-

2113 1503 2315 1559 buisse
2363 1504 2671 1575 persuadet
2717 1518 2731 1557 :
2785 1508 2949 1558 exeat
3005 1503 3074 1558 de
3125 1504 3346 1572 judicio
3406 1521 3519 1560 non
3569 1505 3765 1561 solum

2112 1584 2363 1654 inultus,
2394 1600 2595 1640 verum
2630 1583 2805 1638 etiam
2838 1584 3149 1639 damnatus
3173 1585 3474 1652 innocens,
3515 1590 3618 1640 aut
3647 1586 3768 1640 ini-

2113 1668 2333 1736 quitate
2355 1666 2577 1737 judicis
2609 1680 2864 1736 pressus,
2899 1670 3000 1721 aut
3031 1664 3191 1721 falsis
3222 1665 3465 1722 obrutus
3494 1668 3765 1723 testimo-

2114 1748 2265 1814 niis;
2315 1762 2345 1801 e
2386 1744 2672 1802 contrario
2722 1746 3006 1801 scelestus
3056 1747 3423 1803 adversarius
3469 1748 3595 1817 ejus
3644 1765 3765 1803 non

2112 1828 2303 1884 solum
2352 1826 2697 1897 impunitus,
2758 1842 2957 1881 verum
3002 1827 3177 1882 etiam
3209 1827 3539 1883 vindicatus
3572 1829 3768 1884 insul-

2113 1912 2196 1964 tet
2228 1925 2240 1963 :
2275 1907 2493 1978 impius
2523 1906 2741 1977 optime
2792 1906 3002 1974 valeat,
3044 1908 3176 1976 pius
3236 1906 3516 1977 languore
3564 1909 3767 1964 tabes-

2113 1992 2204 2045 cat
2236 2005 2250 2045 :
2306 1987 2725 2044 latrocinentur
2755 1987 3055 2043 sanissimi
3100 1989 3375 2057 juvenes;
3434 1994 3491 2045 et
3521 1990 3623 2061 qui
3658 2006 3764 2045 nec

2111 2069 2285 2125 verbo
2334 2083 2687 2139 quemquam
2739 2068 2946 2123 laedere
2985 2073 3319 2138 potuerunt,
3355 2070 3579 2126 diversa
3617 2088 3768 2126 mor-

2112 2149 2315 2204 borum
2347 2148 2643 2203 atrocitate
2692 2146 3031 2216 afﬂigantur
3062 2148 3351 2203 infantes:
3386 2150 3547 2204 utilis
3582 2151 3761 2205 rebus

2113 2228 2391 2285 humanis
2422 2228 2737 2284 immatura
2764 2233 2948 2283 morte
2969 2228 3266 2298 rapiatur;
3291 2236 3343 2284 et
3366 2230 3467 2301 qui
3490 2229 3768 2285 videntur

2114 2327 2219 2368 nec
2270 2311 2428 2365 nasci
2474 2307 2766 2377 debuisse,
2822 2309 3153 2365 diutissime
3194 2310 3438 2381 insuper
3494 2312 3696 2367 vivant
3751 2328 3767 2367 :

2110 2397 2321 2467 plenus
2353 2392 2696 2447 criminibus
2728 2390 3078 2446 sublimetur
3109 2392 3451 2459 honoribus,
3480 2398 3535 2448 et
3568 2393 3766 2449 homi-

2111 2493 2240 2532 nem
2264 2476 2389 2531 sine
2420 2473 2654 2544 querela
2673 2473 2921 2528 tenebrae
2954 2473 3333 2544 ignobilitatis
3359 2474 3724 2530 abscondant
3748 2492 3762 2529 :

2111 2564 2169 2614 et
2199 2561 2404 2614 caetera
2436 2554 2799 2625 hujusmodi,
2849 2570 2978 2626 quae
3012 2555 3144 2625 quis
3174 2553 3417 2625 colligit,
3460 2556 3595 2626 quis
3628 2573 3770 2611 enu-

2110 2637 2337 2694 merat?
2375 2639 2509 2700 Quae
2541 2636 2586 2690 si
2632 2635 2913 2691 haberent
2943 2635 3002 2690 in
3043 2635 3169 2706 ipsa
3198 2635 3353 2691 velut
3399 2637 3769 2693 absurditate

2109 2716 2521 2785 constantiam,
2556 2723 2613 2771 ut
2644 2714 2702 2770 in
2735 2716 2841 2770 hac
2871 2717 3011 2780 vita,
3044 2715 3103 2770 in
3138 2731 3255 2785 qua
3286 2717 3464 2784 homo,
3496 2718 3651 2772 sicut
3679 2735 3768 2772 sa-

2106 2816 2200 2857 cer
2222 2798 2488 2854 Psalmus
2518 2796 2837 2867 eloquitur,
2864 2795 3103 2852 vanitati
3129 2797 3336 2851 similis
3365 2797 3551 2866 [actus
3580 2803 3680 2863 est,
3713 2803 3771 2854 et

2105 2880 2220 2936 dies
2257 2880 2378 2948 ejus
2436 2878 2577 2933 velut
2628 2877 2824 2934 umbra
2869 2883 3212 2948 praetereunt
3246 2880 3421 2941 (Psat.
3453 2895 3647 2945 cum,
3682 2880 3760 2949 4),

2109 2960 2342 3016 nonnisi
2390 2959 2529 3013 mali
2565 2958 3031 3030 adipiscerentur
3069 2959 3412 3014 transitoria
3465 2960 3621 3015 bona
3650 2961 3767 3015 ista

2105 3047 2271 3110 atque
2312 3045 2566 3104 terrena,
2601 3055 2705 3093 nec
2736 3040 2849 3094 nisi
2883 3039 3020 3094 boni
3044 3039 3182 3095 talia
3214 3044 3551 3109 paterentur
3578 3042 3757 3107 male,

2109 3126 2303 3194 posset
2343 3120 2450 3175 hoc
2508 3120 2709 3174 referri
2763 3120 2835 3175 ad
2889 3120 3182 3189 judicium
3224 3122 3457 3190 justum
3509 3121 3626 3184 Dei,
3669 3120 3760 3177 vel

2106 3204 2280 3258 etiam
2330 3200 2705 3271 benignum;
2761 3204 2823 3255 ut
2874 3200 2972 3272 qui
3048 3217 3163 3257 non
3214 3209 3375 3256 erant
3430 3204 3762 3259 assecuturi

2110 3285 2258 3339 bona
2288 3286 2525 3350 aeterna,
2557 3296 2688 3352 quae
2721 3281 2943 3337 faciunt
2970 3281 3194 3347 beatos,
3230 3282 3646 3352 temporalibus
3670 3284 3755 3337 vel

2106 3366 2513 3435 deciperentur
2536 3378 2638 3433 pro
2669 3362 2893 3417 malitia
2915 3379 3045 3429 sua,
3070 3363 3154 3418 vel
3179 3378 3276 3434 pro
3309 3362 3405 3418 Dei
3428 3362 3763 3418 misericor-

2107 3444 2204 3499 dia
2233 3442 2678 3498 consolarentur
2708 3442 2908 3509 bonis;
2932 3447 2987 3496 et
3026 3440 3128 3513 qui
3160 3458 3276 3498 nou
3310 3447 3476 3497 erant
3526 3441 3767 3513 passuri

2106 3532 2321 3582 aeterna
2368 3529 2678 3589 tormenta,
2715 3522 3134 3595 temporalibus
3164 3524 3251 3579 vel
3310 3540 3409 3594 pro
3462 3525 3590 3579 suis
3633 3525 3771 3594 qui-

2106 3606 2473 3677 buscumque
2514 3609 2570 3659 et
2625 3602 3189 3676 quantuliscumque
3235 3605 3487 3674 peccatis
3538 3604 3775 3677 afﬂige-

2110 3690 2330 3755 rentur,
2359 3684 2443 3740 vel
2464 3688 2702 3756 propter
2722 3682 3052 3755 implendas
3082 3684 3326 3740 virtutes
3357 3691 3775 3742 exercerentur

2112 3766 2307 3822 malis.
2342 3765 2508 3820 Nunc
2540 3780 2670 3819 vero
2702 3764 2940 3835 quando
2972 3780 3089 3819 non
3120 3765 3311 3820 solum
3348 3765 3405 3819 in
3438 3764 3589 3820 malo
3620 3773 3771 3823 sunt

2108 3846 2269 3913 boni,
2302 3850 2358 3901 et
2388 3847 2446 3901 in
2470 3845 2624 3899 bono
2656 3843 2816 3909 mali,
2848 3845 3000 3915 quod
3048 3844 3274 3900 videtur
3306 3844 3596 3916 iniustum
3623 3860 3638 3911 ;
3668 3862 3768 3902 ve-

2112 3941 2241 3982 rum
2272 3926 2447 3981 etiam
2491 3924 2834 3995 plerumque
2885 3928 2941 3979 et
2973 3924 3141 3979 malis
3181 3924 3331 3979 mala
3377 3926 3675 3990 eveniunt,
3708 3935 3775 3982 et

2110 4007 2277 4064 bonis
2314 4008 2463 4061 bona
2502 4006 2848 4075 proveniunt
2889 4020 2901 4059 :
2958 4006 3137 4076 magis
3166 4004 3570 4061 inscrutabilia
3618 4006 3771 4061 fiunt

2102 4087 2324 4159 judicia
2380 4087 2476 4140 Dei
2529 4088 2706 4156 (Rom.
2756 4102 2837 4152 χι,
2896 4085 3012 4155 33),
3072 4089 3129 4139 et
3181 4085 3616 4157 investigabiles
3658 4088 3768 4143 vim

2112 4168 2291 4223 illius.
2337 4167 2607 4233 Quamvis
2636 4181 2772 4237 ergo
2825 4168 3157 4220 nesciamus
3207 4166 3572 4236 quojudicio
3604 4166 3768 4223 Deus

2111 4248 2225 4303 ista
2253 4248 2337 4303 vel
2382 4248 2566 4315 faciat,
2600 4246 2687 4301 vel
2732 4246 2853 4301 fieri
2912 4246 3081 4313 sinat,
3115 4248 3269 4319 apud
3302 4263 3475 4318 quem
3533 4265 3772 4304 summa

2113 4328 2296 4381 virtus
2327 4331 2416 4380 est
2462 4330 2518 4380 et
2565 4341 2798 4380 summa
2828 4325 3135 4395 sapientia,
3188 4342 3420 4381 summa
3453 4329 3469 4362 ί
3506 4327 3768 4396 justitia,

2116 4406 2277 4462 nulla
2307 4406 2642 4476 infirmitas,
2680 4405 2839 4460 nulla
2868 4406 3190 4470 temeritas,
3224 4405 3384 4462 nulla
3429 4407 3718 4478 iniquitas
3755 4427 3770 4467 :

2115 4485 2428 4541 salubriter
2453 4491 2648 4541 tamen
2683 4486 2965 4542 discimus
3008 4503 3121 4541 non
3155 4488 3613 4558 magnipendere
3662 4505 3767 4543 seu

2129 4567 2300 4631 bona,
2325 4581 2429 4621 seu
2467 4567 2637 4636 mala,
2664 4583 2794 4637 quae
2818 4568 3084 4623 videmus
3115 4584 3241 4623 esse
3272 4568 3441 4623 bonis
3478 4570 3773 4640 malisque

2114 4646 2477 4717 communia;
2513 4655 2567 4703 et
2612 4648 2710 4702 illa
2760 4648 2913 4703 bona
2954 4664 3232 4719 quaerere,
3285 4666 3411 4720 quae
3454 4649 3771 4718 bonorum,

2114 4730 2287 4798 atque
2317 4727 2419 4783 illa
2471 4726 2621 4784 mala
2651 4728 2905 4784 maxime
2938 4729 3157 4799 fugere,
3191 4746 3314 4798 quae
3355 4730 3590 4801 prOpria
3633 4741 3775 4785 sunt

2115 4808 2423 4865 malorum.
2471 4809 2614 4865 Cum
2669 4825 2803 4864 vero
2850 4809 2922 4863 ad
2980 4810 3126 4864 illud
3181 4808 3283 4864 Dei
3328 4811 3619 4878 judicium
3675 4828 3771 4865 ve-

2114 4890 2396 4958 nerimus,
2420 4890 2587 4961 cujus
2615 4893 2845 4959 tempus
2870 4890 2994 4959 jam
3026 4890 3256 4961 proprie
3288 4890 3413 4945 dies
3448 4890 3679 4961 judicii,
3713 4895 3771 4945 et

2111 4971 2423 5042 aliquando
2471 4971 2590 5026 dies
2652 4972 2885 5026 Domini
2945 4976 3351 5041 nuncupatur;
3400 4988 3515 5027 non
3568 4971 3763 5028 solum

2112 5068 2490 5124 quaecumque
2522 5052 3123 5122 tuncjudicabuntur,
3156 5068 3353 5107 verum
3387 5054 3560 5107 etiam
3610 5070 3772 5123 quaa-

2113 5148 2359 5204 cumque
2416 5133 2487 5188 ah
2544 5132 3013 5203 initiojudicata,
3049 5140 3103 5185 et
3142 5148 3525 5203 quaecumque
3577 5149 3769 5203 usque

2112 5214 2183 5268 ad
2207 5213 2350 5269 illud
2382 5217 2615 5283 tempus
2646 5213 2837 5267 adhuc
2860 5212 3180 5280 judicanda
3206 5218 3360 5281 sunt,
3399 5214 3770 5284 apparebunt

2111 5310 2240 5349 esse
2280 5293 2630 5363 justissima.
2664 5292 2773 5347 Ubi
2818 5292 2925 5347 hoc
2979 5307 3215 5364 quoque
3271 5293 3767 5357 manifestabitur,

2112 5390 2285 5445 quam
2325 5376 2487 5446 justo
2526 5373 2750 5445 judicio
2800 5373 2901 5428 Dei
2950 5372 3073 5442 ﬁat,
3109 5378 3171 5430 ut
3220 5391 3377 5429 nunc
3434 5378 3547 5431 tam
3580 5374 3771 5431 multa

2176 5666 2258 5715 Sic
2285 5668 2605 5731 nostri_Mss.
2639 5669 2697 5715 In
2726 5668 2802 5726 B.,
2832 5682 3180 5729 summaque.
3211 5669 3276 5717 M.
