  <div class='ocr_page' id='page_1' title='image "/cluster/home/n/w/nwhite01/storage/ocr_20150623/41/hvd.32044096580634/336.png"; bbox 0 0 4110 6196; ppageno 0'>
   <div class='ocr_carea' id='block_1_1' title="bbox 313 298 425 399">
    <p class='ocr_par' dir='ltr' id='par_1_1' title="bbox 313 298 425 399">
     <span class='ocr_line' id='line_1_1' title="bbox 313 298 425 399; baseline 0.018 -2"><span class='ocrx_word' id='word_1_1' title='bbox 313 298 425 399; x_wconf 67' lang='lat' dir='ltr'><strong>est</strong></span> 
     </span>
    </p>
   </div>
   <div class='ocr_carea' id='block_1_2' title="bbox 302 632 1812 708">
    <p class='ocr_par' dir='ltr' id='par_1_2' title="bbox 302 632 1812 708">
     <span class='ocr_line' id='line_1_2' title="bbox 302 632 1812 708; baseline 0.005 -22"><span class='ocrx_word' id='word_1_2' title='bbox 302 648 428 688; x_wconf 89' lang='lat' dir='ltr'><strong>rum</strong></span> <span class='ocrx_word' id='word_1_3' title='bbox 460 632 634 688; x_wconf 83' lang='lat' dir='ltr'><strong>ﬁdem</strong></span> <span class='ocrx_word' id='word_1_4' title='bbox 676 649 791 689; x_wconf 91' lang='lat' dir='ltr'><strong>non</strong></span> <span class='ocrx_word' id='word_1_5' title='bbox 836 632 1028 705; x_wconf 85' lang='lat' dir='ltr'><strong>lateat,</strong></span> <span class='ocrx_word' id='word_1_6' title='bbox 1052 634 1281 704; x_wconf 85' lang='lat' dir='ltr'><strong>justum</strong></span> <span class='ocrx_word' id='word_1_7' title='bbox 1311 651 1440 692; x_wconf 87' lang='lat' dir='ltr'><strong>esse</strong></span> <span class='ocrx_word' id='word_1_8' title='bbox 1471 638 1622 708; x_wconf 91' lang='lat' dir='ltr'><strong>quod</strong></span> <span class='ocrx_word' id='word_1_9' title='bbox 1654 638 1812 693; x_wconf 87' lang='lat' dir='ltr'><strong>latet.</strong></span> 
     </span>
    </p>
   </div>
   <div class='ocr_carea' id='block_1_3' title="bbox 297 792 1955 862">
    <p class='ocr_par' dir='ltr' id='par_1_3' title="bbox 297 792 1955 862">
     <span class='ocr_line' id='line_1_3' title="bbox 297 792 1955 862; baseline 0.005 -13"><span class='ocrx_word' id='word_1_10' title='bbox 297 792 529 849; x_wconf 87' lang='lat' dir='ltr'>CAPUT</span> <span class='ocrx_word' id='word_1_11' title='bbox 561 793 658 850; x_wconf 89' lang='lat' dir='ltr'><strong>Ill.</strong></span> <span class='ocrx_word' id='word_1_12' title='bbox 692 824 758 835; x_wconf 92' lang='lat'><strong><em>—</em></strong></span> <span class='ocrx_word' id='word_1_13' title='bbox 790 794 932 862; x_wconf 83' lang='lat' dir='ltr'><strong>Quid</strong></span> <span class='ocrx_word' id='word_1_14' title='bbox 964 796 1022 849; x_wconf 89' lang='lat' dir='ltr'><strong>in</strong></span> <span class='ocrx_word' id='word_1_15' title='bbox 1078 795 1218 852; x_wconf 89' lang='lat' dir='ltr'><strong>libro</strong></span> <span class='ocrx_word' id='word_1_16' title='bbox 1248 797 1573 855; x_wconf 69' lang='lat' dir='ltr'><strong>Ecclesiaste</strong></span> <span class='ocrx_word' id='word_1_17' title='bbox 1603 800 1859 857; x_wconf 82' lang='lat' dir='ltr'><strong>Salomon</strong></span> <span class='ocrx_word' id='word_1_18' title='bbox 1889 801 1955 858; x_wconf 89' lang='lat' dir='ltr'><strong>de</strong></span> 
     </span>
    </p>
   </div>
   <div class='ocr_carea' id='block_1_4' title="bbox 366 872 1954 946">
    <p class='ocr_par' dir='ltr' id='par_1_4' title="bbox 366 872 1954 946">
     <span class='ocr_line' id='line_1_4' title="bbox 366 872 1954 946; baseline 0.008 -19"><span class='ocrx_word' id='word_1_19' title='bbox 366 872 455 929; x_wconf 87' lang='lat' dir='ltr'><strong>his</strong></span> <span class='ocrx_word' id='word_1_20' title='bbox 481 889 599 946; x_wconf 62' lang='lat' dir='ltr'><strong>qum</strong></span> <span class='ocrx_word' id='word_1_21' title='bbox 630 874 690 928; x_wconf 87' lang='lat' dir='ltr'><strong>in</strong></span> <span class='ocrx_word' id='word_1_22' title='bbox 721 873 823 930; x_wconf 86' lang='lat' dir='ltr'><strong>hac</strong></span> <span class='ocrx_word' id='word_1_23' title='bbox 852 874 965 930; x_wconf 89' lang='lat' dir='ltr'><strong>vita</strong></span> <span class='ocrx_word' id='word_1_24' title='bbox 985 879 1038 933; x_wconf 87' lang='lat' dir='ltr'><strong>et</strong></span> <span class='ocrx_word' id='word_1_25' title='bbox 1077 878 1231 934; x_wconf 81' lang='lat' dir='ltr'><strong><em>bonis</em></strong></span> <span class='ocrx_word' id='word_1_26' title='bbox 1275 882 1329 935; x_wconf 88' lang='lat' dir='ltr'><strong>et</strong></span> <span class='ocrx_word' id='word_1_27' title='bbox 1359 880 1523 936; x_wconf 86' lang='lat' dir='ltr'><strong>malis</strong></span> <span class='ocrx_word' id='word_1_28' title='bbox 1550 889 1678 937; x_wconf 87' lang='lat' dir='ltr'><strong>sunt</strong></span> <span class='ocrx_word' id='word_1_29' title='bbox 1704 898 1954 940; x_wconf 87' lang='lat' dir='ltr'><strong>commu-</strong></span> 
     </span>
    </p>
   </div>
   <div class='ocr_carea' id='block_1_5' title="bbox 362 953 834 1025">
    <p class='ocr_par' dir='ltr' id='par_1_5' title="bbox 362 953 834 1025">
     <span class='ocr_line' id='line_1_5' title="bbox 362 953 834 1025; baseline 0.013 -17"><span class='ocrx_word' id='word_1_30' title='bbox 362 955 485 1020; x_wconf 81' lang='lat' dir='ltr'><strong>nia,</strong></span> <span class='ocrx_word' id='word_1_31' title='bbox 512 953 834 1025; x_wconf 76' lang='lat' dir='ltr'><strong>dispulerit.</strong></span> 
     </span>
    </p>
   </div>
   <div class='ocr_carea' id='block_1_6' title="bbox 360 1089 1948 1172">
    <p class='ocr_par' dir='ltr' id='par_1_6' title="bbox 360 1089 1948 1172">
     <span class='ocr_line' id='line_1_6' title="bbox 360 1089 1948 1172; baseline 0.008 -28"><span class='ocrx_word' id='word_1_32' title='bbox 360 1089 589 1172; x_wconf 86' lang='lat' dir='ltr'><strong>Nempe</strong></span> <span class='ocrx_word' id='word_1_33' title='bbox 625 1090 919 1158; x_wconf 84' lang='lat' dir='ltr'><strong>Salomon,</strong></span> <span class='ocrx_word' id='word_1_34' title='bbox 944 1093 1409 1166; x_wconf 76' lang='lat' dir='ltr'><strong>sapientissimus</strong></span> <span class='ocrx_word' id='word_1_35' title='bbox 1442 1112 1540 1153; x_wconf 86' lang='lat' dir='ltr'><strong>rex</strong></span> <span class='ocrx_word' id='word_1_36' title='bbox 1595 1098 1798 1166; x_wconf 84' lang='lat' dir='ltr'><strong>Israel,</strong></span> <span class='ocrx_word' id='word_1_37' title='bbox 1849 1098 1948 1172; x_wconf 87' lang='lat' dir='ltr'><strong>qui</strong></span> 
     </span>
    </p>
   </div>
   <div class='ocr_carea' id='block_1_7' title="bbox 288 1171 1945 1248">
    <p class='ocr_par' dir='ltr' id='par_1_7' title="bbox 288 1171 1945 1248">
     <span class='ocr_line' id='line_1_7' title="bbox 288 1171 1945 1248; baseline 0.007 -24"><span class='ocrx_word' id='word_1_38' title='bbox 288 1171 549 1242; x_wconf 81' lang='lat' dir='ltr'><strong>regnavit</strong></span> <span class='ocrx_word' id='word_1_39' title='bbox 579 1171 639 1228; x_wconf 90' lang='lat' dir='ltr'><strong>in</strong></span> <span class='ocrx_word' id='word_1_40' title='bbox 670 1172 1017 1240; x_wconf 82' lang='lat' dir='ltr'><strong>Jerusalem,</strong></span> <span class='ocrx_word' id='word_1_41' title='bbox 1067 1174 1280 1232; x_wconf 89' lang='lat' dir='ltr'><strong>librum</strong></span> <span class='ocrx_word' id='word_1_42' title='bbox 1331 1178 1429 1248; x_wconf 86' lang='lat' dir='ltr'><strong>qui</strong></span> <span class='ocrx_word' id='word_1_43' title='bbox 1470 1184 1710 1234; x_wconf 82' lang='lat' dir='ltr'><strong>vocatur</strong></span> <span class='ocrx_word' id='word_1_44' title='bbox 1752 1171 1945 1237; x_wconf 89' lang='lat' dir='ltr'><strong>Eccle-</strong></span> 
     </span>
    </p>
   </div>
   <div class='ocr_carea' id='block_1_8' title="bbox 286 1254 1943 1329">
    <p class='ocr_par' dir='ltr' id='par_1_8' title="bbox 286 1254 1943 1329">
     <span class='ocr_line' id='line_1_8' title="bbox 286 1254 1943 1329; baseline 0.007 -21"><span class='ocrx_word' id='word_1_45' title='bbox 286 1254 523 1321; x_wconf 86' lang='lat' dir='ltr'><strong>siastes,</strong></span> <span class='ocrx_word' id='word_1_46' title='bbox 555 1259 613 1310; x_wconf 92' lang='lat' dir='ltr'><strong>et</strong></span> <span class='ocrx_word' id='word_1_47' title='bbox 642 1272 675 1311; x_wconf 87' lang='lat' dir='ltr'><strong>a</strong></span> <span class='ocrx_word' id='word_1_48' title='bbox 719 1256 943 1312; x_wconf 66' lang='lat' dir='ltr'><strong>Judazis</strong></span> <span class='ocrx_word' id='word_1_49' title='bbox 993 1272 1223 1329; x_wconf 87' lang='lat' dir='ltr'><strong>quoque</strong></span> <span class='ocrx_word' id='word_1_50' title='bbox 1256 1258 1500 1315; x_wconf 87' lang='lat' dir='ltr'><strong>habetur</strong></span> <span class='ocrx_word' id='word_1_51' title='bbox 1538 1260 1599 1316; x_wconf 91' lang='lat' dir='ltr'><strong>in</strong></span> <span class='ocrx_word' id='word_1_52' title='bbox 1641 1279 1943 1319; x_wconf 89' lang='lat' dir='ltr'><strong>sacrarum</strong></span> 
     </span>
    </p>
   </div>
   <div class='ocr_carea' id='block_1_9' title="bbox 283 1334 1941 1404">
    <p class='ocr_par' dir='ltr' id='par_1_9' title="bbox 283 1334 1941 1404">
     <span class='ocr_line' id='line_1_9' title="bbox 283 1334 1941 1404; baseline 0.006 -16"><span class='ocrx_word' id='word_1_53' title='bbox 283 1350 509 1389; x_wconf 83' lang='lat' dir='ltr'><strong>canone</strong></span> <span class='ocrx_word' id='word_1_54' title='bbox 545 1334 919 1404; x_wconf 84' lang='lat' dir='ltr'><strong>Litterarum,</strong></span> <span class='ocrx_word' id='word_1_55' title='bbox 970 1338 1053 1393; x_wconf 90' lang='lat' dir='ltr'><strong>sic</strong></span> <span class='ocrx_word' id='word_1_56' title='bbox 1091 1353 1329 1394; x_wconf 81' lang='lat' dir='ltr'><strong>exorsus</strong></span> <span class='ocrx_word' id='word_1_57' title='bbox 1359 1344 1479 1395; x_wconf 90' lang='lat' dir='ltr'><strong>est:</strong></span> <span class='ocrx_word' id='word_1_58' title='bbox 1528 1343 1744 1397; x_wconf 86' lang='lat' dir='ltr'><strong>Vanitas</strong></span> <span class='ocrx_word' id='word_1_59' title='bbox 1774 1344 1941 1398; x_wconf 89' lang='lat' dir='ltr'><strong>vani-</strong></span> 
     </span>
    </p>
   </div>
   <div class='ocr_carea' id='block_1_10' title="bbox 280 1415 1938 1489">
    <p class='ocr_par' dir='ltr' id='par_1_10' title="bbox 280 1415 1938 1489">
     <span class='ocr_line' id='line_1_10' title="bbox 280 1415 1938 1489; baseline 0.007 -22"><span class='ocrx_word' id='word_1_60' title='bbox 280 1415 586 1483; x_wconf 70' lang='lat' dir='ltr'><strong>hmtium‘,</strong></span> <span class='ocrx_word' id='word_1_61' title='bbox 634 1415 783 1471; x_wconf 79' lang='lat' dir='ltr'><strong>dixit</strong></span> <span class='ocrx_word' id='word_1_62' title='bbox 836 1417 1221 1481; x_wconf 75' lang='lat' dir='ltr'><strong>Ecclesiastes;</strong></span> <span class='ocrx_word' id='word_1_63' title='bbox 1274 1422 1488 1476; x_wconf 84' lang='lat' dir='ltr'><strong>vanitas</strong></span> <span class='ocrx_word' id='word_1_64' title='bbox 1540 1421 1938 1489; x_wconf 84' lang='lat' dir='ltr'><strong>vanitantium,</strong></span> 
     </span>
    </p>
   </div>
   <div class='ocr_carea' id='block_1_11' title="bbox 277 1495 1942 1565">
    <p class='ocr_par' dir='ltr' id='par_1_11' title="bbox 277 1495 1942 1565">
     <span class='ocr_line' id='line_1_11' title="bbox 277 1495 1942 1565; baseline 0.007 -17"><span class='ocrx_word' id='word_1_65' title='bbox 277 1500 327 1548; x_wconf 86' lang='lat' dir='ltr'><strong>et</strong></span> <span class='ocrx_word' id='word_1_66' title='bbox 376 1497 571 1550; x_wconf 83' lang='lat' dir='ltr'><strong><em>omnia</em></strong></span> <span class='ocrx_word' id='word_1_67' title='bbox 618 1495 856 1553; x_wconf 80' lang='lat' dir='ltr'><strong>vanitas.</strong></span> <span class='ocrx_word' id='word_1_68' title='bbox 904 1498 1042 1565; x_wconf 62' lang='lat' dir='ltr'><strong>Quae</strong></span> <span class='ocrx_word' id='word_1_69' title='bbox 1071 1498 1287 1554; x_wconf 82' lang='lat' dir='ltr'><strong>homini</strong></span> <span class='ocrx_word' id='word_1_70' title='bbox 1324 1500 1670 1557; x_wconf 74' lang='lat' dir='ltr'><strong>abundantia</strong></span> <span class='ocrx_word' id='word_1_71' title='bbox 1699 1505 1758 1557; x_wconf 85' lang='lat' dir='ltr'><strong>in</strong></span> <span class='ocrx_word' id='word_1_72' title='bbox 1788 1504 1942 1560; x_wconf 78' lang='lat' dir='ltr'><strong>omni</strong></span> 
     </span>
    </p>
   </div>
   <div class='ocr_carea' id='block_1_12' title="bbox 277 1573 1938 1653">
    <p class='ocr_par' dir='ltr' id='par_1_12' title="bbox 277 1573 1938 1653">
     <span class='ocr_line' id='line_1_12' title="bbox 277 1573 1938 1653; baseline 0.008 -27"><span class='ocrx_word' id='word_1_73' title='bbox 277 1573 468 1630; x_wconf 86' lang='lat' dir='ltr'><strong>labore</strong></span> <span class='ocrx_word' id='word_1_74' title='bbox 492 1592 611 1643; x_wconf 89' lang='lat' dir='ltr'><strong>suo,</strong></span> <span class='ocrx_word' id='word_1_75' title='bbox 638 1592 745 1647; x_wconf 87' lang='lat' dir='ltr'><strong>quo</strong></span> <span class='ocrx_word' id='word_1_76' title='bbox 787 1577 997 1633; x_wconf 81' lang='lat' dir='ltr'><strong>laborat</strong></span> <span class='ocrx_word' id='word_1_77' title='bbox 1028 1578 1125 1633; x_wconf 86' lang='lat' dir='ltr'><strong>sub</strong></span> <span class='ocrx_word' id='word_1_78' title='bbox 1153 1579 1266 1635; x_wconf 90' lang='lat' dir='ltr'><strong>sole</strong></span> <span class='ocrx_word' id='word_1_79' title='bbox 1294 1579 1498 1650; x_wconf 86' lang='lat' dir='ltr'><strong>(Eccle.</strong></span> <span class='ocrx_word' id='word_1_80' title='bbox 1537 1600 1578 1648; x_wconf 83' lang='grc' dir='ltr'><strong>ι,</strong></span> <span class='ocrx_word' id='word_1_81' title='bbox 1608 1584 1643 1635; x_wconf 90' lang='lat'><strong>2</strong></span> <span class='ocrx_word' id='word_1_82' title='bbox 1672 1588 1724 1638; x_wconf 87' lang='lat' dir='ltr'><strong>et</strong></span> <span class='ocrx_word' id='word_1_83' title='bbox 1747 1582 1840 1653; x_wconf 86' lang='lat'><strong>3)?</strong></span> <span class='ocrx_word' id='word_1_84' title='bbox 1868 1584 1938 1640; x_wconf 91' lang='lat' dir='ltr'><strong>Et</strong></span> 
     </span>
    </p>
   </div>
   <div class='ocr_carea' id='block_1_13' title="bbox 275 1656 1934 1730">
    <p class='ocr_par' dir='ltr' id='par_1_13' title="bbox 275 1656 1934 1730">
     <span class='ocr_line' id='line_1_13' title="bbox 275 1656 1934 1730; baseline 0.006 -22"><span class='ocrx_word' id='word_1_85' title='bbox 275 1671 408 1710; x_wconf 85' lang='lat' dir='ltr'><strong>cum</strong></span> <span class='ocrx_word' id='word_1_86' title='bbox 443 1671 511 1710; x_wconf 75' lang='lat' dir='ltr'><strong>ex</strong></span> <span class='ocrx_word' id='word_1_87' title='bbox 538 1656 642 1711; x_wconf 88' lang='lat' dir='ltr'><strong>hac</strong></span> <span class='ocrx_word' id='word_1_88' title='bbox 691 1658 979 1713; x_wconf 86' lang='lat' dir='ltr'><strong>sententia</strong></span> <span class='ocrx_word' id='word_1_89' title='bbox 1010 1662 1372 1715; x_wconf 87' lang='lat' dir='ltr'><strong>connecteret</strong></span> <span class='ocrx_word' id='word_1_90' title='bbox 1419 1664 1648 1730; x_wconf 68' lang='lat' dir='ltr'><strong>caetera,</strong></span> <span class='ocrx_word' id='word_1_91' title='bbox 1681 1678 1934 1719; x_wconf 91' lang='lat' dir='ltr'><strong>comme-</strong></span> 
     </span>
    </p>
   </div>
   <div class='ocr_carea' id='block_1_14' title="bbox 274 1739 1929 1813">
    <p class='ocr_par' dir='ltr' id='par_1_14' title="bbox 274 1739 1929 1813">
     <span class='ocr_line' id='line_1_14' title="bbox 274 1739 1929 1813; baseline 0.006 -24"><span class='ocrx_word' id='word_1_92' title='bbox 274 1751 514 1791; x_wconf 89' lang='lat' dir='ltr'><strong>morans</strong></span> <span class='ocrx_word' id='word_1_93' title='bbox 546 1754 839 1793; x_wconf 69' lang='lat' dir='ltr'><strong>mrumnas</strong></span> <span class='ocrx_word' id='word_1_94' title='bbox 870 1754 1207 1809; x_wconf 70' lang='lat' dir='ltr'><strong>erroresque</strong></span> <span class='ocrx_word' id='word_1_95' title='bbox 1236 1739 1365 1795; x_wconf 65' lang='lat' dir='ltr'><strong>vita;</strong></span> <span class='ocrx_word' id='word_1_96' title='bbox 1394 1740 1594 1813; x_wconf 86' lang='lat' dir='ltr'><strong>hujus,</strong></span> <span class='ocrx_word' id='word_1_97' title='bbox 1637 1746 1695 1798; x_wconf 89' lang='lat' dir='ltr'><strong>et</strong></span> <span class='ocrx_word' id='word_1_98' title='bbox 1725 1760 1929 1800; x_wconf 84' lang='lat' dir='ltr'><strong>vanes-</strong></span> 
     </span>
    </p>
   </div>
   <div class='ocr_carea' id='block_1_15' title="bbox 272 1818 1929 1894">
    <p class='ocr_par' dir='ltr' id='par_1_15' title="bbox 272 1818 1929 1894">
     <span class='ocr_line' id='line_1_15' title="bbox 272 1818 1929 1894; baseline 0.008 -25"><span class='ocrx_word' id='word_1_99' title='bbox 272 1820 473 1872; x_wconf 89' lang='lat' dir='ltr'><strong>centes</strong></span> <span class='ocrx_word' id='word_1_100' title='bbox 496 1818 713 1874; x_wconf 86' lang='lat' dir='ltr'><strong>interea</strong></span> <span class='ocrx_word' id='word_1_101' title='bbox 745 1824 1074 1890; x_wconf 81' lang='lat' dir='ltr'><strong>temporum</strong></span> <span class='ocrx_word' id='word_1_102' title='bbox 1100 1819 1322 1892; x_wconf 86' lang='lat' dir='ltr'><strong>lapsus,</strong></span> <span class='ocrx_word' id='word_1_103' title='bbox 1357 1822 1454 1878; x_wconf 91' lang='lat' dir='ltr'><strong>ubi</strong></span> <span class='ocrx_word' id='word_1_104' title='bbox 1486 1822 1632 1878; x_wconf 88' lang='lat' dir='ltr'>nihil</span> <span class='ocrx_word' id='word_1_105' title='bbox 1654 1821 1929 1894; x_wconf 90' lang='lat' dir='ltr'><strong>solidum,</strong></span> 
     </span>
    </p>
   </div>
   <div class='ocr_carea' id='block_1_16' title="bbox 269 1896 1929 1969">
    <p class='ocr_par' dir='ltr' id='par_1_16' title="bbox 269 1896 1929 1969">
     <span class='ocr_line' id='line_1_16' title="bbox 269 1896 1929 1969; baseline 0.008 -20"><span class='ocrx_word' id='word_1_106' title='bbox 269 1896 417 1950; x_wconf 82' lang='lat' dir='ltr'>nihil</span> <span class='ocrx_word' id='word_1_107' title='bbox 450 1897 660 1954; x_wconf 75' lang='lat' dir='ltr'>stabile</span> <span class='ocrx_word' id='word_1_108' title='bbox 706 1900 1034 1969; x_wconf 88' lang='lat' dir='ltr'><strong>retinetur;</strong></span> <span class='ocrx_word' id='word_1_109' title='bbox 1066 1901 1125 1957; x_wconf 92' lang='lat' dir='ltr'><strong>in</strong></span> <span class='ocrx_word' id='word_1_110' title='bbox 1175 1918 1242 1957; x_wconf 90' lang='lat' dir='ltr'><strong>ea</strong></span> <span class='ocrx_word' id='word_1_111' title='bbox 1290 1919 1481 1960; x_wconf 88' lang='lat' dir='ltr'><strong>rerum</strong></span> <span class='ocrx_word' id='word_1_112' title='bbox 1531 1905 1786 1961; x_wconf 80' lang='lat' dir='ltr'><strong>vanitate</strong></span> <span class='ocrx_word' id='word_1_113' title='bbox 1817 1907 1929 1962; x_wconf 86' lang='lat' dir='ltr'><strong>sub</strong></span> 
     </span>
    </p>
   </div>
   <div class='ocr_carea' id='block_1_17' title="bbox 267 1976 1927 2057">
    <p class='ocr_par' dir='ltr' id='par_1_17' title="bbox 267 1976 1927 2057">
     <span class='ocr_line' id='line_1_17' title="bbox 267 1976 1927 2057; baseline 0.007 -26"><span class='ocrx_word' id='word_1_114' title='bbox 267 1976 413 2046; x_wconf 87' lang='lat' dir='ltr'><strong>sole,</strong></span> <span class='ocrx_word' id='word_1_115' title='bbox 451 1977 589 2034; x_wconf 92' lang='lat' dir='ltr'><strong>illud</strong></span> <span class='ocrx_word' id='word_1_116' title='bbox 616 1980 791 2036; x_wconf 90' lang='lat' dir='ltr'><strong>etiam</strong></span> <span class='ocrx_word' id='word_1_117' title='bbox 824 1980 1086 2052; x_wconf 86' lang='lat' dir='ltr'><strong>deplorat</strong></span> <span class='ocrx_word' id='word_1_118' title='bbox 1125 1984 1572 2054; x_wconf 89' lang='lat' dir='ltr'><strong>quodammodo,</strong></span> <span class='ocrx_word' id='word_1_119' title='bbox 1608 1987 1761 2057; x_wconf 91' lang='lat' dir='ltr'><strong>quod</strong></span> <span class='ocrx_word' id='word_1_120' title='bbox 1793 2003 1927 2042; x_wconf 90' lang='lat' dir='ltr'><strong>cum</strong></span> 
     </span>
    </p>
   </div>
   <div class='ocr_carea' id='block_1_18' title="bbox 263 2057 1927 2137">
    <p class='ocr_par' dir='ltr' id='par_1_18' title="bbox 263 2057 1927 2137">
     <span class='ocr_line' id='line_1_18' title="bbox 263 2057 1927 2137; baseline 0.007 -26"><span class='ocrx_word' id='word_1_121' title='bbox 263 2057 344 2112; x_wconf 88' lang='lat' dir='ltr'><strong>sit</strong></span> <span class='ocrx_word' id='word_1_122' title='bbox 375 2059 738 2115; x_wconf 79' lang='lat' dir='ltr'><strong>abundantia</strong></span> <span class='ocrx_word' id='word_1_123' title='bbox 767 2061 1065 2134; x_wconf 62' lang='lat' dir='ltr'><strong>sapientia</strong></span> <span class='ocrx_word' id='word_1_124' title='bbox 1108 2080 1287 2134; x_wconf 87' lang='lat' dir='ltr'><strong>super</strong></span> <span class='ocrx_word' id='word_1_125' title='bbox 1316 2064 1740 2137; x_wconf 84' lang='lat' dir='ltr'><strong>insipientiam,</strong></span> <span class='ocrx_word' id='word_1_126' title='bbox 1773 2065 1927 2123; x_wconf 83' lang='lat' dir='ltr'><strong>sicut</strong></span> 
     </span>
    </p>
   </div>
   <div class='ocr_carea' id='block_1_19' title="bbox 264 2138 1928 2217">
    <p class='ocr_par' dir='ltr' id='par_1_19' title="bbox 264 2138 1928 2217">
     <span class='ocr_line' id='line_1_19' title="bbox 264 2138 1928 2217; baseline 0.007 -26"><span class='ocrx_word' id='word_1_127' title='bbox 264 2138 627 2217; x_wconf 80' lang='lat' dir='ltr'><strong>abundantia</strong></span> <span class='ocrx_word' id='word_1_128' title='bbox 665 2139 814 2195; x_wconf 90' lang='lat' dir='ltr'><strong>lucis</strong></span> <span class='ocrx_word' id='word_1_129' title='bbox 845 2157 1020 2212; x_wconf 88' lang='lat' dir='ltr'><strong>super</strong></span> <span class='ocrx_word' id='word_1_130' title='bbox 1050 2141 1339 2209; x_wconf 74' lang='lat' dir='ltr'><strong>tenebras,</strong></span> <span class='ocrx_word' id='word_1_131' title='bbox 1373 2144 1768 2217; x_wconf 87' lang='lat' dir='ltr'><strong>sapientisque</strong></span> <span class='ocrx_word' id='word_1_132' title='bbox 1793 2162 1928 2202; x_wconf 86' lang='lat' dir='ltr'><strong>ceu--</strong></span> 
     </span>
    </p>
   </div>
   <div class='ocr_carea' id='block_1_20' title="bbox 262 2215 1925 2291">
    <p class='ocr_par' dir='ltr' id='par_1_20' title="bbox 262 2215 1925 2291">
     <span class='ocr_line' id='line_1_20' title="bbox 262 2215 1925 2291; baseline 0.007 -21"><span class='ocrx_word' id='word_1_133' title='bbox 262 2215 305 2271; x_wconf 90' lang='lat' dir='ltr'>li</span> <span class='ocrx_word' id='word_1_134' title='bbox 340 2219 458 2272; x_wconf 88' lang='lat' dir='ltr'><strong>sint</strong></span> <span class='ocrx_word' id='word_1_135' title='bbox 490 2218 549 2272; x_wconf 90' lang='lat' dir='ltr'><strong>in</strong></span> <span class='ocrx_word' id='word_1_136' title='bbox 582 2219 767 2289; x_wconf 81' lang='lat' dir='ltr'><strong>capite</strong></span> <span class='ocrx_word' id='word_1_137' title='bbox 792 2220 1001 2291; x_wconf 86' lang='lat' dir='ltr'><strong>ipsius,</strong></span> <span class='ocrx_word' id='word_1_138' title='bbox 1032 2230 1085 2276; x_wconf 89' lang='lat' dir='ltr'><strong>et</strong></span> <span class='ocrx_word' id='word_1_139' title='bbox 1115 2221 1333 2277; x_wconf 87' lang='lat' dir='ltr'><strong>stultus</strong></span> <span class='ocrx_word' id='word_1_140' title='bbox 1358 2222 1418 2278; x_wconf 88' lang='lat' dir='ltr'><strong>in</strong></span> <span class='ocrx_word' id='word_1_141' title='bbox 1449 2215 1695 2280; x_wconf 78' lang='lat' dir='ltr'><strong>tenebris</strong></span> <span class='ocrx_word' id='word_1_142' title='bbox 1716 2225 1925 2283; x_wconf 88' lang='lat' dir='ltr'><strong>ambu-</strong></span> 
     </span>
    </p>
   </div>
   <div class='ocr_carea' id='block_1_21' title="bbox 262 2297 1922 2379">
    <p class='ocr_par' dir='ltr' id='par_1_21' title="bbox 262 2297 1922 2379">
     <span class='ocr_line' id='line_1_21' title="bbox 262 2297 1922 2379; baseline 0.008 -27"><span class='ocrx_word' id='word_1_143' title='bbox 262 2297 384 2366; x_wconf 88' lang='lat' dir='ltr'><strong>let;</strong></span> <span class='ocrx_word' id='word_1_144' title='bbox 422 2315 576 2353; x_wconf 88' lang='lat' dir='ltr'><strong>unus</strong></span> <span class='ocrx_word' id='word_1_145' title='bbox 606 2306 805 2356; x_wconf 86' lang='lat' dir='ltr'><strong>tamen</strong></span> <span class='ocrx_word' id='word_1_146' title='bbox 838 2300 1112 2357; x_wconf 87' lang='lat' dir='ltr'><strong>incursus</strong></span> <span class='ocrx_word' id='word_1_147' title='bbox 1143 2302 1405 2358; x_wconf 85' lang='lat' dir='ltr'><strong>incurrat</strong></span> <span class='ocrx_word' id='word_1_148' title='bbox 1430 2306 1702 2361; x_wconf 90' lang='lat' dir='ltr'><strong>omnibus</strong></span> <span class='ocrx_word' id='word_1_149' title='bbox 1725 2307 1822 2379; x_wconf 77' lang='lat' dir='ltr'><strong>(bl.</strong></span> <span class='ocrx_word' id='word_1_150' title='bbox 1855 2324 1922 2379; x_wconf 84' lang='lat' dir='ltr'>II,</span> 
     </span>
    </p>
   </div>
   <div class='ocr_carea' id='block_1_22' title="bbox 258 2377 1921 2458">
    <p class='ocr_par' dir='ltr' id='par_1_22' title="bbox 258 2377 1921 2458">
     <span class='ocr_line' id='line_1_22' title="bbox 258 2377 1921 2458; baseline 0.007 -27"><span class='ocrx_word' id='word_1_151' title='bbox 258 2378 351 2445; x_wconf 88' lang='grc'><strong>13,</strong></span> <span class='ocrx_word' id='word_1_152' title='bbox 389 2378 495 2448; x_wconf 84' lang='grc'><strong>14),</strong></span> <span class='ocrx_word' id='word_1_153' title='bbox 527 2377 732 2450; x_wconf 86' lang='lat' dir='ltr'><strong>utique</strong></span> <span class='ocrx_word' id='word_1_154' title='bbox 758 2379 816 2434; x_wconf 90' lang='lat' dir='ltr'><strong>in</strong></span> <span class='ocrx_word' id='word_1_155' title='bbox 847 2380 958 2437; x_wconf 91' lang='lat' dir='ltr'><strong>hac</strong></span> <span class='ocrx_word' id='word_1_156' title='bbox 981 2383 1097 2437; x_wconf 88' lang='lat' dir='ltr'><strong>vita</strong></span> <span class='ocrx_word' id='word_1_157' title='bbox 1126 2399 1257 2455; x_wconf 63' lang='lat' dir='ltr'><strong>quas</strong></span> <span class='ocrx_word' id='word_1_158' title='bbox 1295 2384 1403 2439; x_wconf 87' lang='lat' dir='ltr'><strong>sub</strong></span> <span class='ocrx_word' id='word_1_159' title='bbox 1429 2386 1550 2441; x_wconf 88' lang='lat' dir='ltr'><strong>sole</strong></span> <span class='ocrx_word' id='word_1_160' title='bbox 1581 2377 1809 2458; x_wconf 82' lang='lat' dir='ltr'><strong>agitur:</strong></span> <span class='ocrx_word' id='word_1_161' title='bbox 1844 2377 1921 2444; x_wconf 52' lang='lat' dir='ltr'><strong>si!-</strong></span> 
     </span>
    </p>
   </div>
   <div class='ocr_carea' id='block_1_23' title="bbox 252 2459 1917 2536">
    <p class='ocr_par' dir='ltr' id='par_1_23' title="bbox 252 2459 1917 2536">
     <span class='ocr_line' id='line_1_23' title="bbox 252 2459 1917 2536; baseline 0.007 -24"><span class='ocrx_word' id='word_1_162' title='bbox 252 2459 554 2529; x_wconf 84' lang='lat' dir='ltr'><strong>gniﬁcans</strong></span> <span class='ocrx_word' id='word_1_163' title='bbox 584 2459 853 2516; x_wconf 87' lang='lat' dir='ltr'><strong>videlicet</strong></span> <span class='ocrx_word' id='word_1_164' title='bbox 882 2478 949 2518; x_wconf 86' lang='lat' dir='ltr'><strong>ea</strong></span> <span class='ocrx_word' id='word_1_165' title='bbox 979 2463 1154 2528; x_wconf 88' lang='lat' dir='ltr'><strong>mala,</strong></span> <span class='ocrx_word' id='word_1_166' title='bbox 1186 2480 1313 2536; x_wconf 59' lang='lat' dir='ltr'><strong>qua:</strong></span> <span class='ocrx_word' id='word_1_167' title='bbox 1345 2464 1513 2521; x_wconf 89' lang='lat' dir='ltr'><strong>bonis</strong></span> <span class='ocrx_word' id='word_1_168' title='bbox 1543 2471 1599 2522; x_wconf 87' lang='lat' dir='ltr'><strong>et</strong></span> <span class='ocrx_word' id='word_1_169' title='bbox 1628 2467 1799 2525; x_wconf 87' lang='lat' dir='ltr'><strong>malis</strong></span> <span class='ocrx_word' id='word_1_170' title='bbox 1830 2469 1917 2524; x_wconf 90' lang='lat' dir='ltr'><strong>vi-</strong></span> 
     </span>
    </p>
   </div>
   <div class='ocr_carea' id='block_1_24' title="bbox 253 2538 1917 2619">
    <p class='ocr_par' dir='ltr' id='par_1_24' title="bbox 253 2538 1917 2619">
     <span class='ocr_line' id='line_1_24' title="bbox 253 2538 1917 2619; baseline 0.008 -27"><span class='ocrx_word' id='word_1_171' title='bbox 253 2538 469 2619; x_wconf 88' lang='lat' dir='ltr'><strong>demus</strong></span> <span class='ocrx_word' id='word_1_172' title='bbox 499 2555 629 2595; x_wconf 89' lang='lat' dir='ltr'><strong>esse</strong></span> <span class='ocrx_word' id='word_1_173' title='bbox 659 2542 1012 2599; x_wconf 90' lang='lat' dir='ltr'><strong>communia.</strong></span> <span class='ocrx_word' id='word_1_174' title='bbox 1068 2543 1219 2600; x_wconf 91' lang='lat' dir='ltr'><strong>Dicit</strong></span> <span class='ocrx_word' id='word_1_175' title='bbox 1271 2545 1444 2601; x_wconf 89' lang='lat' dir='ltr'><strong>etiam</strong></span> <span class='ocrx_word' id='word_1_176' title='bbox 1475 2546 1641 2615; x_wconf 90' lang='lat' dir='ltr'><strong>illud,</strong></span> <span class='ocrx_word' id='word_1_177' title='bbox 1676 2550 1829 2619; x_wconf 90' lang='lat' dir='ltr'><strong>quod</strong></span> <span class='ocrx_word' id='word_1_178' title='bbox 1859 2555 1917 2606; x_wconf 92' lang='lat' dir='ltr'><strong>et</strong></span> 
     </span>
    </p>
   </div>
   <div class='ocr_carea' id='block_1_25' title="bbox 252 2618 1912 2695">
    <p class='ocr_par' dir='ltr' id='par_1_25' title="bbox 252 2618 1912 2695">
     <span class='ocr_line' id='line_1_25' title="bbox 252 2618 1912 2695; baseline 0.008 -22"><span class='ocrx_word' id='word_1_179' title='bbox 252 2618 396 2673; x_wconf 90' lang='lat' dir='ltr'><strong>boni</strong></span> <span class='ocrx_word' id='word_1_180' title='bbox 430 2619 729 2689; x_wconf 89' lang='lat' dir='ltr'><strong>patiantur</strong></span> <span class='ocrx_word' id='word_1_181' title='bbox 757 2621 934 2691; x_wconf 89' lang='lat' dir='ltr'><strong>mala,</strong></span> <span class='ocrx_word' id='word_1_182' title='bbox 988 2628 1271 2695; x_wconf 86' lang='lat' dir='ltr'><strong>tanquam</strong></span> <span class='ocrx_word' id='word_1_183' title='bbox 1325 2625 1462 2681; x_wconf 91' lang='lat' dir='ltr'><strong>mali</strong></span> <span class='ocrx_word' id='word_1_184' title='bbox 1513 2626 1653 2694; x_wconf 85' lang='lat' dir='ltr'><strong>sint,</strong></span> <span class='ocrx_word' id='word_1_185' title='bbox 1686 2618 1744 2683; x_wconf 88' lang='lat' dir='ltr'><strong>et</strong></span> <span class='ocrx_word' id='word_1_186' title='bbox 1777 2628 1912 2686; x_wconf 91' lang='lat' dir='ltr'><strong>mali</strong></span> 
     </span>
    </p>
   </div>
   <div class='ocr_carea' id='block_1_26' title="bbox 247 2698 1908 2780">
    <p class='ocr_par' dir='ltr' id='par_1_26' title="bbox 247 2698 1908 2780">
     <span class='ocr_line' id='line_1_26' title="bbox 247 2698 1908 2780; baseline 0.008 -28"><span class='ocrx_word' id='word_1_187' title='bbox 247 2701 537 2780; x_wconf 88' lang='lat' dir='ltr'><strong>tanquam</strong></span> <span class='ocrx_word' id='word_1_188' title='bbox 572 2698 709 2756; x_wconf 92' lang='lat' dir='ltr'><strong>boni</strong></span> <span class='ocrx_word' id='word_1_189' title='bbox 734 2700 872 2770; x_wconf 87' lang='lat' dir='ltr'><strong>sint,</strong></span> <span class='ocrx_word' id='word_1_190' title='bbox 899 2701 1299 2776; x_wconf 86' lang='lat' dir='ltr'><strong>adipiscantur</strong></span> <span class='ocrx_word' id='word_1_191' title='bbox 1316 2704 1488 2775; x_wconf 89' lang='lat' dir='ltr'><strong>bona,</strong></span> <span class='ocrx_word' id='word_1_192' title='bbox 1520 2705 1598 2763; x_wconf 88' lang='lat' dir='ltr'><strong>ita</strong></span> <span class='ocrx_word' id='word_1_193' title='bbox 1627 2707 1908 2780; x_wconf 88' lang='lat' dir='ltr'><strong>loquens:</strong></span> 
     </span>
    </p>
   </div>
   <div class='ocr_carea' id='block_1_27' title="bbox 244 2778 1913 2855">
    <p class='ocr_par' dir='ltr' id='par_1_27' title="bbox 244 2778 1913 2855">
     <span class='ocr_line' id='line_1_27' title="bbox 244 2778 1913 2855; baseline 0.008 -23"><span class='ocrx_word' id='word_1_194' title='bbox 244 2780 364 2845; x_wconf 82' lang='lat' dir='ltr'><strong>Est,</strong></span> <span class='ocrx_word' id='word_1_195' title='bbox 425 2778 640 2850; x_wconf 86' lang='lat' dir='ltr'><strong>inquit,</strong></span> <span class='ocrx_word' id='word_1_196' title='bbox 700 2783 940 2850; x_wconf 80' lang='lat' dir='ltr'><strong>vanitas,</strong></span> <span class='ocrx_word' id='word_1_197' title='bbox 972 2800 1090 2854; x_wconf 69' lang='lat' dir='ltr'><strong>quae</strong></span> <span class='ocrx_word' id='word_1_198' title='bbox 1144 2786 1294 2855; x_wconf 78' lang='lat' dir='ltr'><strong>facta</strong></span> <span class='ocrx_word' id='word_1_199' title='bbox 1337 2789 1413 2841; x_wconf 87' lang='lat' dir='ltr'><strong>est</strong></span> <span class='ocrx_word' id='word_1_200' title='bbox 1464 2804 1631 2854; x_wconf 80' lang='lat' dir='ltr'><strong>super</strong></span> <span class='ocrx_word' id='word_1_201' title='bbox 1669 2778 1913 2855; x_wconf 81' lang='lat' dir='ltr'><strong>terram;</strong></span> 
     </span>
    </p>
   </div>
   <div class='ocr_carea' id='block_1_28' title="bbox 242 2860 1909 2940">
    <p class='ocr_par' dir='ltr' id='par_1_28' title="bbox 242 2860 1909 2940">
     <span class='ocr_line' id='line_1_28' title="bbox 242 2860 1909 2940; baseline 0.009 -29"><span class='ocrx_word' id='word_1_202' title='bbox 242 2860 377 2930; x_wconf 80' lang='lat' dir='ltr'><strong>quia</strong></span> <span class='ocrx_word' id='word_1_203' title='bbox 409 2867 537 2915; x_wconf 88' lang='lat' dir='ltr'><strong>sunt</strong></span> <span class='ocrx_word' id='word_1_204' title='bbox 560 2862 735 2930; x_wconf 83' lang='lat' dir='ltr'><strong>justi,</strong></span> <span class='ocrx_word' id='word_1_205' title='bbox 764 2879 933 2929; x_wconf 80' lang='lat' dir='ltr'><strong>super</strong></span> <span class='ocrx_word' id='word_1_206' title='bbox 951 2879 1082 2935; x_wconf 85' lang='lat' dir='ltr'><strong>quos</strong></span> <span class='ocrx_word' id='word_1_207' title='bbox 1110 2866 1260 2919; x_wconf 89' lang='lat' dir='ltr'><strong>venit</strong></span> <span class='ocrx_word' id='word_1_208' title='bbox 1305 2864 1447 2920; x_wconf 83' lang='lat' dir='ltr'><strong>sicut</strong></span> <span class='ocrx_word' id='word_1_209' title='bbox 1472 2869 1681 2937; x_wconf 78' lang='lat' dir='ltr'><strong>factum</strong></span> <span class='ocrx_word' id='word_1_210' title='bbox 1709 2872 1909 2940; x_wconf 85' lang='lat' dir='ltr'><strong>impio-</strong></span> 
     </span>
    </p>
   </div>
   <div class='ocr_carea' id='block_1_29' title="bbox 244 2942 1907 3019">
    <p class='ocr_par' dir='ltr' id='par_1_29' title="bbox 244 2942 1907 3019">
     <span class='ocr_line' id='line_1_29' title="bbox 244 2942 1907 3019; baseline 0.008 -26"><span class='ocrx_word' id='word_1_211' title='bbox 244 2954 417 3001; x_wconf 87' lang='lat' dir='ltr'><strong>rum;</strong></span> <span class='ocrx_word' id='word_1_212' title='bbox 446 2947 498 2995; x_wconf 85' lang='lat' dir='ltr'><strong>et</strong></span> <span class='ocrx_word' id='word_1_213' title='bbox 526 2944 655 2995; x_wconf 85' lang='lat' dir='ltr'><strong>sunt</strong></span> <span class='ocrx_word' id='word_1_214' title='bbox 703 2942 882 3012; x_wconf 85' lang='lat' dir='ltr'><strong>impii,</strong></span> <span class='ocrx_word' id='word_1_215' title='bbox 925 2958 1089 3015; x_wconf 84' lang='lat' dir='ltr'><strong>super</strong></span> <span class='ocrx_word' id='word_1_216' title='bbox 1135 2960 1265 3015; x_wconf 84' lang='lat' dir='ltr'><strong>quos</strong></span> <span class='ocrx_word' id='word_1_217' title='bbox 1313 2947 1463 3001; x_wconf 81' lang='lat' dir='ltr'><strong>venit</strong></span> <span class='ocrx_word' id='word_1_218' title='bbox 1508 2949 1651 3002; x_wconf 84' lang='lat' dir='ltr'><strong>sicut</strong></span> <span class='ocrx_word' id='word_1_219' title='bbox 1694 2951 1907 3019; x_wconf 75' lang='lat' dir='ltr'><strong>factum</strong></span> 
     </span>
    </p>
   </div>
   <div class='ocr_carea' id='block_1_30' title="bbox 242 3019 1902 3098">
    <p class='ocr_par' dir='ltr' id='par_1_30' title="bbox 242 3019 1902 3098">
     <span class='ocr_line' id='line_1_30' title="bbox 242 3019 1902 3098; baseline 0.008 -25"><span class='ocrx_word' id='word_1_220' title='bbox 242 3019 543 3088; x_wconf 85' lang='lat' dir='ltr'><strong>iustorum.</strong></span> <span class='ocrx_word' id='word_1_221' title='bbox 579 3019 707 3076; x_wconf 73' lang='lat' dir='ltr'><strong>Diri</strong></span> <span class='ocrx_word' id='word_1_222' title='bbox 736 3024 995 3093; x_wconf 90' lang='lat' dir='ltr'><strong>quoniam</strong></span> <span class='ocrx_word' id='word_1_223' title='bbox 1022 3023 1120 3080; x_wconf 81' lang='lat' dir='ltr'><strong>hoc</strong></span> <span class='ocrx_word' id='word_1_224' title='bbox 1149 3040 1358 3096; x_wconf 81' lang='lat' dir='ltr'><strong>quoque</strong></span> <span class='ocrx_word' id='word_1_225' title='bbox 1397 3026 1610 3083; x_wconf 86' lang='lat' dir='ltr'><strong>vanitas</strong></span> <span class='ocrx_word' id='word_1_226' title='bbox 1640 3029 1751 3098; x_wconf 66' lang='grc' dir='ltr'><strong>(ιιι.</strong></span> <span class='ocrx_word' id='word_1_227' title='bbox 1786 3047 1902 3094; x_wconf 83' lang='lat' dir='ltr'><strong>VIII,</strong></span> 
     </span>
    </p>
   </div>
   <div class='ocr_carea' id='block_1_31' title="bbox 248 3099 1902 3183">
    <p class='ocr_par' dir='ltr' id='par_1_31' title="bbox 248 3099 1902 3183">
     <span class='ocr_line' id='line_1_31' title="bbox 248 3099 1902 3183; baseline 0.01 -30"><span class='ocrx_word' id='word_1_228' title='bbox 248 3100 360 3183; x_wconf 63' lang='lat' dir='ltr'><strong>ili).</strong></span> <span class='ocrx_word' id='word_1_229' title='bbox 396 3099 460 3155; x_wconf 92' lang='lat' dir='ltr'><strong>In</strong></span> <span class='ocrx_word' id='word_1_230' title='bbox 487 3099 592 3183; x_wconf 86' lang='lat' dir='ltr'><strong>hac</strong></span> <span class='ocrx_word' id='word_1_231' title='bbox 623 3108 892 3183; x_wconf 79' lang='lat' dir='ltr'><strong>vanitate,</strong></span> <span class='ocrx_word' id='word_1_232' title='bbox 925 3104 1041 3173; x_wconf 90' lang='lat' dir='ltr'><strong>cui,</strong></span> <span class='ocrx_word' id='word_1_233' title='bbox 1075 3109 1357 3174; x_wconf 90' lang='lat' dir='ltr'><strong>quantum</strong></span> <span class='ocrx_word' id='word_1_234' title='bbox 1398 3107 1542 3165; x_wconf 86' lang='lat' dir='ltr'><strong>satis</strong></span> <span class='ocrx_word' id='word_1_235' title='bbox 1572 3110 1759 3166; x_wconf 91' lang='lat' dir='ltr'><strong>visum</strong></span> <span class='ocrx_word' id='word_1_236' title='bbox 1793 3116 1902 3183; x_wconf 88' lang='lat' dir='ltr'><strong>est,</strong></span> 
     </span>
    </p>
   </div>
   <div class='ocr_carea' id='block_1_32' title="bbox 240 3179 1903 3258">
    <p class='ocr_par' dir='ltr' id='par_1_32' title="bbox 240 3179 1903 3258">
     <span class='ocr_line' id='line_1_32' title="bbox 240 3179 1903 3258; baseline 0.01 -26"><span class='ocrx_word' id='word_1_237' title='bbox 240 3179 589 3236; x_wconf 72' lang='lat' dir='ltr'><strong>intimandaa</strong></span> <span class='ocrx_word' id='word_1_238' title='bbox 621 3185 807 3238; x_wconf 89' lang='lat' dir='ltr'><strong>totum</strong></span> <span class='ocrx_word' id='word_1_239' title='bbox 837 3182 1011 3239; x_wconf 84' lang='lat' dir='ltr'><strong>istum</strong></span> <span class='ocrx_word' id='word_1_240' title='bbox 1060 3184 1277 3241; x_wconf 89' lang='lat' dir='ltr'><strong>librum</strong></span> <span class='ocrx_word' id='word_1_241' title='bbox 1310 3185 1393 3242; x_wconf 86' lang='lat' dir='ltr'><strong>vir</strong></span> <span class='ocrx_word' id='word_1_242' title='bbox 1431 3179 1903 3258; x_wconf 78' lang='lat' dir='ltr'><strong>sapientissimus</strong></span> 
     </span>
    </p>
   </div>
   <div class='ocr_carea' id='block_1_33' title="bbox 244 3260 1899 3336">
    <p class='ocr_par' dir='ltr' id='par_1_33' title="bbox 244 3260 1899 3336">
     <span class='ocr_line' id='line_1_33' title="bbox 244 3260 1899 3336; baseline 0.008 -22"><span class='ocrx_word' id='word_1_243' title='bbox 244 3260 570 3330; x_wconf 87' lang='lat' dir='ltr'><strong>deputavit,</strong></span> <span class='ocrx_word' id='word_1_244' title='bbox 604 3278 718 3318; x_wconf 90' lang='lat' dir='ltr'><strong>non</strong></span> <span class='ocrx_word' id='word_1_245' title='bbox 751 3263 949 3336; x_wconf 89' lang='lat' dir='ltr'><strong>utique</strong></span> <span class='ocrx_word' id='word_1_246' title='bbox 979 3265 1050 3320; x_wconf 92' lang='lat' dir='ltr'><strong>ob</strong></span> <span class='ocrx_word' id='word_1_247' title='bbox 1080 3263 1259 3335; x_wconf 89' lang='lat' dir='ltr'><strong>aliud,</strong></span> <span class='ocrx_word' id='word_1_248' title='bbox 1312 3266 1425 3322; x_wconf 85' lang='lat' dir='ltr'><strong>nisi</strong></span> <span class='ocrx_word' id='word_1_249' title='bbox 1471 3272 1533 3322; x_wconf 88' lang='lat' dir='ltr'><strong>ut</strong></span> <span class='ocrx_word' id='word_1_250' title='bbox 1563 3285 1688 3324; x_wconf 88' lang='lat' dir='ltr'><strong>eam</strong></span> <span class='ocrx_word' id='word_1_251' title='bbox 1720 3270 1899 3329; x_wconf 87' lang='lat' dir='ltr'><strong>vitam</strong></span> 
     </span>
    </p>
   </div>
   <div class='ocr_carea' id='block_1_34' title="bbox 247 3339 1900 3415">
    <p class='ocr_par' dir='ltr' id='par_1_34' title="bbox 247 3339 1900 3415">
     <span class='ocr_line' id='line_1_34' title="bbox 247 3339 1900 3415; baseline 0.009 -23"><span class='ocrx_word' id='word_1_252' title='bbox 247 3339 672 3411; x_wconf 87' lang='lat' dir='ltr'><strong>desideremus,</strong></span> <span class='ocrx_word' id='word_1_253' title='bbox 726 3358 853 3415; x_wconf 71' lang='lat' dir='ltr'><strong>quae</strong></span> <span class='ocrx_word' id='word_1_254' title='bbox 910 3345 1222 3400; x_wconf 84' lang='lat' dir='ltr'><strong>vanitatem</strong></span> <span class='ocrx_word' id='word_1_255' title='bbox 1275 3361 1391 3401; x_wconf 92' lang='lat' dir='ltr'><strong>non</strong></span> <span class='ocrx_word' id='word_1_256' title='bbox 1446 3347 1622 3403; x_wconf 85' lang='lat' dir='ltr'><strong>habet</strong></span> <span class='ocrx_word' id='word_1_257' title='bbox 1650 3351 1760 3405; x_wconf 90' lang='lat' dir='ltr'><strong>sub</strong></span> <span class='ocrx_word' id='word_1_258' title='bbox 1792 3351 1900 3407; x_wconf 90' lang='lat' dir='ltr'><strong>hoc</strong></span> 
     </span>
    </p>
   </div>
   <div class='ocr_carea' id='block_1_35' title="bbox 240 3417 1898 3495">
    <p class='ocr_par' dir='ltr' id='par_1_35' title="bbox 240 3417 1898 3495">
     <span class='ocr_line' id='line_1_35' title="bbox 240 3417 1898 3495; baseline 0.008 -21"><span class='ocrx_word' id='word_1_259' title='bbox 240 3417 389 3487; x_wconf 87' lang='lat' dir='ltr'><strong>sole,</strong></span> <span class='ocrx_word' id='word_1_260' title='bbox 425 3422 527 3475; x_wconf 91' lang='lat' dir='ltr'><strong>sed</strong></span> <span class='ocrx_word' id='word_1_261' title='bbox 561 3421 862 3478; x_wconf 86' lang='lat' dir='ltr'><strong>veritatem</strong></span> <span class='ocrx_word' id='word_1_262' title='bbox 895 3424 1007 3479; x_wconf 91' lang='lat' dir='ltr'><strong>sub</strong></span> <span class='ocrx_word' id='word_1_263' title='bbox 1038 3423 1137 3480; x_wconf 90' lang='lat' dir='ltr'><strong>illo</strong></span> <span class='ocrx_word' id='word_1_264' title='bbox 1169 3426 1271 3495; x_wconf 91' lang='lat' dir='ltr'><strong>qui</strong></span> <span class='ocrx_word' id='word_1_265' title='bbox 1320 3425 1453 3481; x_wconf 85' lang='lat' dir='ltr'><strong>fecit</strong></span> <span class='ocrx_word' id='word_1_266' title='bbox 1502 3427 1656 3483; x_wconf 90' lang='lat' dir='ltr'><strong>hunc</strong></span> <span class='ocrx_word' id='word_1_267' title='bbox 1676 3428 1898 3488; x_wconf 86' lang='lat' dir='ltr'><strong>solem:</strong></span> 
     </span>
    </p>
   </div>
   <div class='ocr_carea' id='block_1_36' title="bbox 238 3497 1898 3576">
    <p class='ocr_par' dir='ltr' id='par_1_36' title="bbox 238 3497 1898 3576">
     <span class='ocr_line' id='line_1_36' title="bbox 238 3497 1898 3576; baseline 0.007 -22"><span class='ocrx_word' id='word_1_268' title='bbox 238 3497 297 3553; x_wconf 90' lang='lat' dir='ltr'><strong>in</strong></span> <span class='ocrx_word' id='word_1_269' title='bbox 331 3499 450 3556; x_wconf 87' lang='lat' dir='ltr'><strong>hac</strong></span> <span class='ocrx_word' id='word_1_270' title='bbox 480 3517 616 3573; x_wconf 88' lang='lat' dir='ltr'><strong>ergo</strong></span> <span class='ocrx_word' id='word_1_271' title='bbox 646 3502 920 3571; x_wconf 87' lang='lat' dir='ltr'><strong>vanitate,</strong></span> <span class='ocrx_word' id='word_1_272' title='bbox 963 3504 1248 3576; x_wconf 88' lang='lat' dir='ltr'><strong>numquid</strong></span> <span class='ocrx_word' id='word_1_273' title='bbox 1293 3506 1405 3561; x_wconf 90' lang='lat' dir='ltr'><strong>nisi</strong></span> <span class='ocrx_word' id='word_1_274' title='bbox 1438 3507 1602 3576; x_wconf 86' lang='lat' dir='ltr'><strong>justo</strong></span> <span class='ocrx_word' id='word_1_275' title='bbox 1634 3507 1737 3565; x_wconf 89' lang='lat' dir='ltr'><strong>Dei</strong></span> <span class='ocrx_word' id='word_1_276' title='bbox 1776 3526 1898 3567; x_wconf 87' lang='lat' dir='ltr'><strong>rec-</strong></span> 
     </span>
    </p>
   </div>
   <div class='ocr_carea' id='block_1_37' title="bbox 235 3582 1895 3652">
    <p class='ocr_par' dir='ltr' id='par_1_37' title="bbox 235 3582 1895 3652">
     <span class='ocr_line' id='line_1_37' title="bbox 235 3582 1895 3652; baseline 0.007 -17"><span class='ocrx_word' id='word_1_277' title='bbox 235 3584 413 3652; x_wconf 91' lang='lat' dir='ltr'><strong>toque</strong></span> <span class='ocrx_word' id='word_1_278' title='bbox 443 3582 669 3652; x_wconf 90' lang='lat' dir='ltr'><strong>judicio</strong></span> <span class='ocrx_word' id='word_1_279' title='bbox 699 3582 913 3639; x_wconf 87' lang='lat' dir='ltr'><strong>similis</strong></span> <span class='ocrx_word' id='word_1_280' title='bbox 963 3584 1151 3640; x_wconf 90' lang='lat' dir='ltr'><strong>eidem</strong></span> <span class='ocrx_word' id='word_1_281' title='bbox 1195 3586 1431 3642; x_wconf 89' lang='lat' dir='ltr'><strong>vanitati</strong></span> <span class='ocrx_word' id='word_1_282' title='bbox 1476 3587 1662 3645; x_wconf 81' lang='lat' dir='ltr'><strong>factus</strong></span> <span class='ocrx_word' id='word_1_283' title='bbox 1691 3606 1895 3647; x_wconf 85' lang='lat' dir='ltr'><strong>vanes-</strong></span> 
     </span>
    </p>
   </div>
   <div class='ocr_carea' id='block_1_38' title="bbox 232 3661 1897 3728">
    <p class='ocr_par' dir='ltr' id='par_1_38' title="bbox 232 3661 1897 3728">
     <span class='ocr_line' id='line_1_38' title="bbox 232 3661 1897 3728; baseline 0.007 -13"><span class='ocrx_word' id='word_1_284' title='bbox 232 3667 390 3716; x_wconf 88' lang='lat' dir='ltr'><strong>ceret</strong></span> <span class='ocrx_word' id='word_1_285' title='bbox 426 3661 649 3718; x_wconf 87' lang='lat' dir='ltr'><strong>homo?</strong></span> <span class='ocrx_word' id='word_1_286' title='bbox 679 3662 743 3719; x_wconf 90' lang='lat' dir='ltr'>In</span> <span class='ocrx_word' id='word_1_287' title='bbox 793 3662 1000 3720; x_wconf 90' lang='lat' dir='ltr'><strong>diebus</strong></span> <span class='ocrx_word' id='word_1_288' title='bbox 1037 3669 1229 3721; x_wconf 89' lang='lat' dir='ltr'><strong>tamen</strong></span> <span class='ocrx_word' id='word_1_289' title='bbox 1276 3666 1549 3724; x_wconf 87' lang='lat' dir='ltr'><strong>vanitatis</strong></span> <span class='ocrx_word' id='word_1_290' title='bbox 1599 3685 1715 3724; x_wconf 63' lang='lat' dir='ltr'><strong>sua;</strong></span> <span class='ocrx_word' id='word_1_291' title='bbox 1749 3670 1897 3728; x_wconf 89' lang='lat' dir='ltr'><strong>inte-</strong></span> 
     </span>
    </p>
   </div>
   <div class='ocr_carea' id='block_1_39' title="bbox 232 3741 1895 3821">
    <p class='ocr_par' dir='ltr' id='par_1_39' title="bbox 232 3741 1895 3821">
     <span class='ocr_line' id='line_1_39' title="bbox 232 3741 1895 3821; baseline 0.007 -25"><span class='ocrx_word' id='word_1_292' title='bbox 232 3749 345 3797; x_wconf 87' lang='lat' dir='ltr'><strong>rest</strong></span> <span class='ocrx_word' id='word_1_293' title='bbox 372 3741 725 3814; x_wconf 91' lang='lat' dir='ltr'><strong>plurimum,</strong></span> <span class='ocrx_word' id='word_1_294' title='bbox 759 3752 955 3800; x_wconf 87' lang='lat' dir='ltr'><strong>utrum</strong></span> <span class='ocrx_word' id='word_1_295' title='bbox 1006 3744 1258 3813; x_wconf 83' lang='lat' dir='ltr'><strong>resistat,</strong></span> <span class='ocrx_word' id='word_1_296' title='bbox 1304 3764 1377 3803; x_wconf 91' lang='lat' dir='ltr'><strong>an</strong></span> <span class='ocrx_word' id='word_1_297' title='bbox 1409 3748 1768 3821; x_wconf 89' lang='lat' dir='ltr'><strong>obtemperet</strong></span> <span class='ocrx_word' id='word_1_298' title='bbox 1796 3768 1895 3807; x_wconf 85' lang='lat' dir='ltr'><strong>ve-</strong></span> 
     </span>
    </p>
   </div>
   <div class='ocr_carea' id='block_1_40' title="bbox 232 3822 1891 3902">
    <p class='ocr_par' dir='ltr' id='par_1_40' title="bbox 232 3822 1891 3902">
     <span class='ocr_line' id='line_1_40' title="bbox 232 3822 1891 3902; baseline 0.008 -28"><span class='ocrx_word' id='word_1_299' title='bbox 232 3822 420 3891; x_wconf 89' lang='lat' dir='ltr'><strong>ritati,</strong></span> <span class='ocrx_word' id='word_1_300' title='bbox 456 3828 513 3879; x_wconf 91' lang='lat' dir='ltr'><strong>et</strong></span> <span class='ocrx_word' id='word_1_301' title='bbox 553 3832 743 3881; x_wconf 89' lang='lat' dir='ltr'><strong>utrum</strong></span> <span class='ocrx_word' id='word_1_302' title='bbox 795 3825 867 3881; x_wconf 90' lang='lat' dir='ltr'><strong>sit</strong></span> <span class='ocrx_word' id='word_1_303' title='bbox 898 3842 1099 3898; x_wconf 87' lang='lat' dir='ltr'><strong>expers</strong></span> <span class='ocrx_word' id='word_1_304' title='bbox 1131 3843 1278 3884; x_wconf 74' lang='lat' dir='ltr'><strong>verae</strong></span> <span class='ocrx_word' id='word_1_305' title='bbox 1324 3827 1578 3900; x_wconf 87' lang='lat' dir='ltr'><strong>pietatis,</strong></span> <span class='ocrx_word' id='word_1_306' title='bbox 1613 3848 1683 3886; x_wconf 89' lang='lat' dir='ltr'><strong>an</strong></span> <span class='ocrx_word' id='word_1_307' title='bbox 1715 3832 1891 3902; x_wconf 88' lang='lat' dir='ltr'><strong>parti-</strong></span> 
     </span>
    </p>
   </div>
   <div class='ocr_carea' id='block_1_41' title="bbox 231 3907 1889 3983">
    <p class='ocr_par' dir='ltr' id='par_1_41' title="bbox 231 3907 1889 3983">
     <span class='ocr_line' id='line_1_41' title="bbox 231 3907 1889 3983; baseline 0.007 -25"><span class='ocrx_word' id='word_1_308' title='bbox 231 3919 408 3976; x_wconf 89' lang='lat' dir='ltr'><strong>ceps:</strong></span> <span class='ocrx_word' id='word_1_309' title='bbox 447 3922 560 3961; x_wconf 88' lang='lat' dir='ltr'><strong>non</strong></span> <span class='ocrx_word' id='word_1_310' title='bbox 587 3911 822 3979; x_wconf 88' lang='lat' dir='ltr'><strong>propter</strong></span> <span class='ocrx_word' id='word_1_311' title='bbox 853 3907 976 3963; x_wconf 85' lang='lat' dir='ltr'><strong>vitae</strong></span> <span class='ocrx_word' id='word_1_312' title='bbox 1003 3908 1174 3979; x_wconf 85' lang='lat' dir='ltr'><strong>hujus</strong></span> <span class='ocrx_word' id='word_1_313' title='bbox 1207 3909 1295 3965; x_wconf 87' lang='lat' dir='ltr'><strong>vel</strong></span> <span class='ocrx_word' id='word_1_314' title='bbox 1330 3911 1477 3966; x_wconf 91' lang='lat' dir='ltr'><strong>bona</strong></span> <span class='ocrx_word' id='word_1_315' title='bbox 1517 3912 1889 3983; x_wconf 87' lang='lat' dir='ltr'><strong>acquirenda,</strong></span> 
     </span>
    </p>
   </div>
   <div class='ocr_carea' id='block_1_42' title="bbox 228 3984 1892 4065">
    <p class='ocr_par' dir='ltr' id='par_1_42' title="bbox 228 3984 1892 4065">
     <span class='ocr_line' id='line_1_42' title="bbox 228 3984 1892 4065; baseline 0.006 -27"><span class='ocrx_word' id='word_1_316' title='bbox 228 3984 315 4038; x_wconf 86' lang='lat' dir='ltr'><strong>vel</strong></span> <span class='ocrx_word' id='word_1_317' title='bbox 350 3984 514 4041; x_wconf 88' lang='lat' dir='ltr'><strong>mala</strong></span> <span class='ocrx_word' id='word_1_318' title='bbox 543 3987 782 4043; x_wconf 86' lang='lat' dir='ltr'><strong>vitanda</strong></span> <span class='ocrx_word' id='word_1_319' title='bbox 802 3989 1170 4044; x_wconf 89' lang='lat' dir='ltr'><strong>vanescendo</strong></span> <span class='ocrx_word' id='word_1_320' title='bbox 1203 3991 1596 4058; x_wconf 84' lang='lat' dir='ltr'><strong>transeuntia;</strong></span> <span class='ocrx_word' id='word_1_321' title='bbox 1630 3994 1730 4048; x_wconf 90' lang='lat' dir='ltr'><strong>sed</strong></span> <span class='ocrx_word' id='word_1_322' title='bbox 1766 4011 1892 4065; x_wconf 87' lang='lat' dir='ltr'><strong>pro-</strong></span> 
     </span>
    </p>
   </div>
   <div class='ocr_carea' id='block_1_43' title="bbox 230 4065 1890 4140">
    <p class='ocr_par' dir='ltr' id='par_1_43' title="bbox 230 4065 1890 4140">
     <span class='ocr_line' id='line_1_43' title="bbox 230 4065 1890 4140; baseline 0.007 -23"><span class='ocrx_word' id='word_1_323' title='bbox 230 4072 353 4133; x_wconf 86' lang='lat' dir='ltr'><strong>pter</strong></span> <span class='ocrx_word' id='word_1_324' title='bbox 384 4065 650 4122; x_wconf 86' lang='lat' dir='ltr'><strong>futurum</strong></span> <span class='ocrx_word' id='word_1_325' title='bbox 679 4068 991 4138; x_wconf 87' lang='lat' dir='ltr'><strong>judicium,</strong></span> <span class='ocrx_word' id='word_1_326' title='bbox 1025 4085 1125 4139; x_wconf 89' lang='lat' dir='ltr'><strong>per</strong></span> <span class='ocrx_word' id='word_1_327' title='bbox 1154 4070 1306 4140; x_wconf 89' lang='lat' dir='ltr'><strong>quod</strong></span> <span class='ocrx_word' id='word_1_328' title='bbox 1331 4075 1498 4126; x_wconf 89' lang='lat' dir='ltr'><strong>erunt</strong></span> <span class='ocrx_word' id='word_1_329' title='bbox 1525 4077 1582 4126; x_wconf 88' lang='lat' dir='ltr'><strong>et</strong></span> <span class='ocrx_word' id='word_1_330' title='bbox 1604 4072 1772 4128; x_wconf 84' lang='lat' dir='ltr'><strong>bonis</strong></span> <span class='ocrx_word' id='word_1_331' title='bbox 1796 4074 1890 4129; x_wconf 86' lang='lat' dir='ltr'><strong>ho-</strong></span> 
     </span>
    </p>
   </div>
   <div class='ocr_carea' id='block_1_44' title="bbox 229 4147 1887 4225">
    <p class='ocr_par' dir='ltr' id='par_1_44' title="bbox 229 4147 1887 4225">
     <span class='ocr_line' id='line_1_44' title="bbox 229 4147 1887 4225; baseline 0.006 -25"><span class='ocrx_word' id='word_1_332' title='bbox 229 4162 322 4212; x_wconf 90' lang='lat' dir='ltr'><strong>na,</strong></span> <span class='ocrx_word' id='word_1_333' title='bbox 356 4151 419 4203; x_wconf 89' lang='lat' dir='ltr'><strong>et</strong></span> <span class='ocrx_word' id='word_1_334' title='bbox 454 4147 618 4204; x_wconf 85' lang='lat' dir='ltr'><strong>malis</strong></span> <span class='ocrx_word' id='word_1_335' title='bbox 651 4148 825 4216; x_wconf 86' lang='lat' dir='ltr'><strong>mala,</strong></span> <span class='ocrx_word' id='word_1_336' title='bbox 858 4150 985 4206; x_wconf 91' lang='lat' dir='ltr'><strong>sine</strong></span> <span class='ocrx_word' id='word_1_337' title='bbox 1010 4150 1125 4206; x_wconf 84' lang='lat' dir='ltr'><strong>line</strong></span> <span class='ocrx_word' id='word_1_338' title='bbox 1156 4167 1454 4208; x_wconf 89' lang='lat' dir='ltr'><strong>mansura.</strong></span> <span class='ocrx_word' id='word_1_339' title='bbox 1488 4151 1748 4225; x_wconf 90' lang='lat' dir='ltr'><strong>Denique</strong></span> <span class='ocrx_word' id='word_1_340' title='bbox 1780 4155 1887 4210; x_wconf 88' lang='lat' dir='ltr'><strong>iste</strong></span> 
     </span>
    </p>
   </div>
   <div class='ocr_carea' id='block_1_45' title="bbox 228 4228 1885 4304">
    <p class='ocr_par' dir='ltr' id='par_1_45' title="bbox 228 4228 1885 4304">
     <span class='ocr_line' id='line_1_45' title="bbox 228 4228 1885 4304; baseline 0.005 -23"><span class='ocrx_word' id='word_1_341' title='bbox 228 4228 471 4298; x_wconf 86' lang='lat' dir='ltr'><strong>sapiens</strong></span> <span class='ocrx_word' id='word_1_342' title='bbox 530 4228 687 4285; x_wconf 87' lang='lat' dir='ltr'><strong>hunc</strong></span> <span class='ocrx_word' id='word_1_343' title='bbox 746 4229 963 4285; x_wconf 90' lang='lat' dir='ltr'><strong>librum</strong></span> <span class='ocrx_word' id='word_1_344' title='bbox 1023 4229 1106 4285; x_wconf 87' lang='lat' dir='ltr'><strong>sic</strong></span> <span class='ocrx_word' id='word_1_345' title='bbox 1162 4230 1469 4298; x_wconf 85' lang='lat' dir='ltr'><strong>conclusit,</strong></span> <span class='ocrx_word' id='word_1_346' title='bbox 1528 4237 1593 4288; x_wconf 88' lang='lat' dir='ltr'><strong>ut</strong></span> <span class='ocrx_word' id='word_1_347' title='bbox 1650 4233 1885 4304; x_wconf 84' lang='lat' dir='ltr'><strong>diceret,</strong></span> 
     </span>
    </p>
   </div>
   <div class='ocr_carea' id='block_1_46' title="bbox 224 4306 1888 4385">
    <p class='ocr_par' dir='ltr' id='par_1_46' title="bbox 224 4306 1888 4385">
     <span class='ocr_line' id='line_1_46' title="bbox 224 4306 1888 4385; baseline 0.006 -24"><span class='ocrx_word' id='word_1_348' title='bbox 224 4306 396 4363; x_wconf 91' lang='lat' dir='ltr'><strong>Deum</strong></span> <span class='ocrx_word' id='word_1_349' title='bbox 448 4311 602 4376; x_wconf 80' lang='lat' dir='ltr'><strong>time,</strong></span> <span class='ocrx_word' id='word_1_350' title='bbox 659 4314 711 4365; x_wconf 91' lang='lat' dir='ltr'><strong>et</strong></span> <span class='ocrx_word' id='word_1_351' title='bbox 747 4309 1013 4366; x_wconf 78' lang='lat' dir='ltr'><strong>mandata</strong></span> <span class='ocrx_word' id='word_1_352' title='bbox 1056 4312 1176 4381; x_wconf 86' lang='lat' dir='ltr'><strong>ejus</strong></span> <span class='ocrx_word' id='word_1_353' title='bbox 1243 4312 1458 4369; x_wconf 87' lang='lat' dir='ltr'><strong>custodi</strong></span> <span class='ocrx_word' id='word_1_354' title='bbox 1501 4331 1525 4378; x_wconf 86' lang='lat'><strong><em>;</em></strong></span> <span class='ocrx_word' id='word_1_355' title='bbox 1590 4313 1723 4385; x_wconf 88' lang='lat' dir='ltr'><strong>quia</strong></span> <span class='ocrx_word' id='word_1_356' title='bbox 1786 4315 1888 4371; x_wconf 84' lang='lat' dir='ltr'><strong>hoc</strong></span> 
     </span>
    </p>
   </div>
   <div class='ocr_carea' id='block_1_47' title="bbox 224 4390 1886 4464">
    <p class='ocr_par' dir='ltr' id='par_1_47' title="bbox 224 4390 1886 4464">
     <span class='ocr_line' id='line_1_47' title="bbox 224 4390 1886 4464; baseline 0.006 -22"><span class='ocrx_word' id='word_1_357' title='bbox 224 4397 301 4444; x_wconf 88' lang='lat' dir='ltr'><strong>est</strong></span> <span class='ocrx_word' id='word_1_358' title='bbox 328 4391 515 4445; x_wconf 85' lang='lat' dir='ltr'><strong>omnis</strong></span> <span class='ocrx_word' id='word_1_359' title='bbox 547 4390 745 4446; x_wconf 84' lang='lat' dir='ltr'><strong>homo:</strong></span> <span class='ocrx_word' id='word_1_360' title='bbox 794 4393 927 4462; x_wconf 82' lang='lat' dir='ltr'><strong>quia</strong></span> <span class='ocrx_word' id='word_1_361' title='bbox 972 4407 1131 4447; x_wconf 91' lang='lat' dir='ltr'><strong>omne</strong></span> <span class='ocrx_word' id='word_1_362' title='bbox 1173 4393 1273 4447; x_wconf 85' lang='lat' dir='ltr'><strong>hoc</strong></span> <span class='ocrx_word' id='word_1_363' title='bbox 1319 4410 1455 4464; x_wconf 80' lang='lat' dir='ltr'><strong>opus</strong></span> <span class='ocrx_word' id='word_1_364' title='bbox 1492 4396 1630 4449; x_wconf 84' lang='lat' dir='ltr'><strong>Deus</strong></span> <span class='ocrx_word' id='word_1_365' title='bbox 1658 4395 1886 4452; x_wconf 77' lang='lat' dir='ltr'><strong>adducet</strong></span> 
     </span>
    </p>
   </div>
   <div class='ocr_carea' id='block_1_48' title="bbox 224 4470 1882 4542">
    <p class='ocr_par' dir='ltr' id='par_1_48' title="bbox 224 4470 1882 4542">
     <span class='ocr_line' id='line_1_48' title="bbox 224 4470 1882 4542; baseline 0.006 -19"><span class='ocrx_word' id='word_1_366' title='bbox 224 4470 281 4523; x_wconf 88' lang='lat' dir='ltr'><strong>in</strong></span> <span class='ocrx_word' id='word_1_367' title='bbox 307 4470 585 4541; x_wconf 72' lang='lat' dir='ltr'><strong>iudicium</strong></span> <span class='ocrx_word' id='word_1_368' title='bbox 620 4472 681 4525; x_wconf 88' lang='lat' dir='ltr'><strong>in</strong></span> <span class='ocrx_word' id='word_1_369' title='bbox 710 4474 863 4527; x_wconf 89' lang='lat' dir='ltr'><strong>omni</strong></span> <span class='ocrx_word' id='word_1_370' title='bbox 903 4471 1171 4542; x_wconf 83' lang='lat' dir='ltr'><strong>despecto,</strong></span> <span class='ocrx_word' id='word_1_371' title='bbox 1212 4475 1324 4529; x_wconf 84' lang='lat' dir='ltr'><strong>sive</strong></span> <span class='ocrx_word' id='word_1_372' title='bbox 1355 4474 1570 4541; x_wconf 84' lang='lat' dir='ltr'><strong>bonum,</strong></span> <span class='ocrx_word' id='word_1_373' title='bbox 1612 4478 1728 4532; x_wconf 83' lang='lat' dir='ltr'><strong>sive</strong></span> <span class='ocrx_word' id='word_1_374' title='bbox 1756 4494 1882 4533; x_wconf 88' lang='lat' dir='ltr'><strong>ma-</strong></span> 
     </span>
    </p>
   </div>
   <div class='ocr_carea' id='block_1_49' title="bbox 223 4551 1880 4625">
    <p class='ocr_par' dir='ltr' id='par_1_49' title="bbox 223 4551 1880 4625">
     <span class='ocr_line' id='line_1_49' title="bbox 223 4551 1880 4625; baseline 0.005 -20"><span class='ocrx_word' id='word_1_375' title='bbox 223 4551 336 4607; x_wconf 85' lang='lat' dir='ltr'><strong>lum</strong></span> <span class='ocrx_word' id='word_1_376' title='bbox 405 4552 505 4623; x_wconf 84' lang='lat' dir='ltr'><strong>(Id.</strong></span> <span class='ocrx_word' id='word_1_377' title='bbox 539 4570 639 4618; x_wconf 86' lang='lat' dir='ltr'><strong>xu,</strong></span> <span class='ocrx_word' id='word_1_378' title='bbox 691 4554 776 4619; x_wconf 86' lang='grc'><strong>13,</strong></span> <span class='ocrx_word' id='word_1_379' title='bbox 835 4554 942 4624; x_wconf 80' lang='grc'>14).</span> <span class='ocrx_word' id='word_1_380' title='bbox 988 4554 1133 4618; x_wconf 89' lang='lat' dir='ltr'><strong>Quid</strong></span> <span class='ocrx_word' id='word_1_381' title='bbox 1168 4555 1419 4621; x_wconf 88' lang='lat' dir='ltr'><strong>brevius,</strong></span> <span class='ocrx_word' id='word_1_382' title='bbox 1467 4558 1683 4625; x_wconf 86' lang='lat' dir='ltr'><strong>verius,</strong></span> <span class='ocrx_word' id='word_1_383' title='bbox 1716 4558 1880 4614; x_wconf 83' lang='lat' dir='ltr'><strong>salu-</strong></span> 
     </span>
    </p>
   </div>
   <div class='ocr_carea' id='block_1_50' title="bbox 220 4632 1880 4705">
    <p class='ocr_par' dir='ltr' id='par_1_50' title="bbox 220 4632 1880 4705">
     <span class='ocr_line' id='line_1_50' title="bbox 220 4632 1880 4705; baseline 0.006 -20"><span class='ocrx_word' id='word_1_384' title='bbox 220 4632 382 4688; x_wconf 85' lang='lat' dir='ltr'><strong>brius</strong></span> <span class='ocrx_word' id='word_1_385' title='bbox 416 4632 532 4687; x_wconf 90' lang='lat' dir='ltr'><strong>dici</strong></span> <span class='ocrx_word' id='word_1_386' title='bbox 564 4632 794 4704; x_wconf 81' lang='lat' dir='ltr'><strong>potuit?</strong></span> <span class='ocrx_word' id='word_1_387' title='bbox 839 4635 1027 4701; x_wconf 86' lang='lat' dir='ltr'><strong>Deum,</strong></span> <span class='ocrx_word' id='word_1_388' title='bbox 1077 4632 1288 4705; x_wconf 88' lang='lat' dir='ltr'><strong>inquit,</strong></span> <span class='ocrx_word' id='word_1_389' title='bbox 1337 4637 1488 4703; x_wconf 89' lang='lat' dir='ltr'><strong>time,</strong></span> <span class='ocrx_word' id='word_1_390' title='bbox 1533 4640 1582 4691; x_wconf 86' lang='lat' dir='ltr'><strong>et</strong></span> <span class='ocrx_word' id='word_1_391' title='bbox 1618 4638 1880 4695; x_wconf 84' lang='lat' dir='ltr'><strong>mandata</strong></span> 
     </span>
    </p>
   </div>
   <div class='ocr_carea' id='block_1_51' title="bbox 220 4712 1879 4789">
    <p class='ocr_par' dir='ltr' id='par_1_51' title="bbox 220 4712 1879 4789">
     <span class='ocr_line' id='line_1_51' title="bbox 220 4712 1879 4789; baseline 0.004 -23"><span class='ocrx_word' id='word_1_392' title='bbox 220 4714 336 4785; x_wconf 87' lang='lat' dir='ltr'><strong>ejus</strong></span> <span class='ocrx_word' id='word_1_393' title='bbox 367 4712 625 4777; x_wconf 84' lang='lat' dir='ltr'><strong>custodi;</strong></span> <span class='ocrx_word' id='word_1_394' title='bbox 654 4713 786 4785; x_wconf 85' lang='lat' dir='ltr'><strong>quia</strong></span> <span class='ocrx_word' id='word_1_395' title='bbox 823 4715 920 4769; x_wconf 83' lang='lat' dir='ltr'><strong>hoc</strong></span> <span class='ocrx_word' id='word_1_396' title='bbox 947 4718 1027 4770; x_wconf 88' lang='lat' dir='ltr'><strong>est</strong></span> <span class='ocrx_word' id='word_1_397' title='bbox 1076 4717 1253 4770; x_wconf 86' lang='lat' dir='ltr'><strong>omnis</strong></span> <span class='ocrx_word' id='word_1_398' title='bbox 1295 4715 1474 4771; x_wconf 80' lang='lat' dir='ltr'><strong>homo.</strong></span> <span class='ocrx_word' id='word_1_399' title='bbox 1516 4715 1879 4789; x_wconf 88' lang='lat' dir='ltr'><strong>Quicumque</strong></span> 
     </span>
    </p>
   </div>
   <div class='ocr_carea' id='block_1_52' title="bbox 221 4794 1872 4865">
    <p class='ocr_par' dir='ltr' id='par_1_52' title="bbox 221 4794 1872 4865">
     <span class='ocr_line' id='line_1_52' title="bbox 221 4794 1872 4865; baseline 0.005 -19"><span class='ocrx_word' id='word_1_400' title='bbox 221 4794 377 4849; x_wconf 89' lang='lat' dir='ltr'><strong>enim</strong></span> <span class='ocrx_word' id='word_1_401' title='bbox 404 4802 513 4862; x_wconf 84' lang='lat' dir='ltr'><strong>est,</strong></span> <span class='ocrx_word' id='word_1_402' title='bbox 543 4794 650 4849; x_wconf 91' lang='lat' dir='ltr'><strong>hoc</strong></span> <span class='ocrx_word' id='word_1_403' title='bbox 680 4804 786 4861; x_wconf 85' lang='lat' dir='ltr'><strong>est,</strong></span> <span class='ocrx_word' id='word_1_404' title='bbox 812 4798 1011 4850; x_wconf 88' lang='lat' dir='ltr'><strong>custos</strong></span> <span class='ocrx_word' id='word_1_405' title='bbox 1062 4795 1259 4865; x_wconf 89' lang='lat' dir='ltr'><strong>utique</strong></span> <span class='ocrx_word' id='word_1_406' title='bbox 1291 4795 1700 4852; x_wconf 87' lang='lat' dir='ltr'><strong>mandatorum</strong></span> <span class='ocrx_word' id='word_1_407' title='bbox 1734 4800 1872 4855; x_wconf 89' lang='lat' dir='ltr'><strong>Dei:</strong></span> 
     </span>
    </p>
   </div>
   <div class='ocr_carea' id='block_1_53' title="bbox 223 4873 1873 4944">
    <p class='ocr_par' dir='ltr' id='par_1_53' title="bbox 223 4873 1873 4944">
     <span class='ocr_line' id='line_1_53' title="bbox 223 4873 1873 4944; baseline 0.004 -17"><span class='ocrx_word' id='word_1_408' title='bbox 223 4874 505 4944; x_wconf 87' lang='lat' dir='ltr'><strong>quoniam</strong></span> <span class='ocrx_word' id='word_1_409' title='bbox 537 4876 631 4944; x_wconf 89' lang='lat' dir='ltr'><strong>qui</strong></span> <span class='ocrx_word' id='word_1_410' title='bbox 675 4875 786 4929; x_wconf 88' lang='lat' dir='ltr'><strong>hoc</strong></span> <span class='ocrx_word' id='word_1_411' title='bbox 826 4891 939 4929; x_wconf 91' lang='lat' dir='ltr'><strong>non</strong></span> <span class='ocrx_word' id='word_1_412' title='bbox 990 4879 1096 4943; x_wconf 88' lang='lat' dir='ltr'><strong>est,</strong></span> <span class='ocrx_word' id='word_1_413' title='bbox 1129 4873 1272 4929; x_wconf 82' lang='lat' dir='ltr'><strong>nihil</strong></span> <span class='ocrx_word' id='word_1_414' title='bbox 1306 4882 1411 4930; x_wconf 87' lang='lat' dir='ltr'><strong>est.</strong></span> <span class='ocrx_word' id='word_1_415' title='bbox 1462 4875 1585 4932; x_wconf 88' lang='lat' dir='ltr'><strong>Non</strong></span> <span class='ocrx_word' id='word_1_416' title='bbox 1617 4877 1770 4933; x_wconf 89' lang='lat' dir='ltr'><strong>enim</strong></span> <span class='ocrx_word' id='word_1_417' title='bbox 1803 4881 1873 4934; x_wconf 89' lang='lat' dir='ltr'><strong>ad</strong></span> 
     </span>
    </p>
   </div>
   <div class='ocr_carea' id='block_1_54' title="bbox 220 4954 1877 5024">
    <p class='ocr_par' dir='ltr' id='par_1_54' title="bbox 220 4954 1877 5024">
     <span class='ocr_line' id='line_1_54' title="bbox 220 4954 1877 5024; baseline 0.005 -17"><span class='ocrx_word' id='word_1_418' title='bbox 220 4954 490 5010; x_wconf 83' lang='lat' dir='ltr'><strong>veritatis</strong></span> <span class='ocrx_word' id='word_1_419' title='bbox 522 4955 833 5024; x_wconf 86' lang='lat' dir='ltr'><strong>imaginem</strong></span> <span class='ocrx_word' id='word_1_420' title='bbox 859 4955 1227 5022; x_wconf 80' lang='lat' dir='ltr'><strong>reformatur,</strong></span> <span class='ocrx_word' id='word_1_421' title='bbox 1273 4971 1584 5013; x_wconf 85' lang='lat' dir='ltr'><strong>remanens</strong></span> <span class='ocrx_word' id='word_1_422' title='bbox 1612 4957 1669 5012; x_wconf 91' lang='lat' dir='ltr'><strong>in</strong></span> <span class='ocrx_word' id='word_1_423' title='bbox 1703 4957 1877 5015; x_wconf 89' lang='lat' dir='ltr'><strong>simi-</strong></span> 
     </span>
    </p>
   </div>
   <div class='ocr_carea' id='block_1_55' title="bbox 217 5031 1870 5112">
    <p class='ocr_par' dir='ltr' id='par_1_55' title="bbox 217 5031 1870 5112">
     <span class='ocr_line' id='line_1_55' title="bbox 217 5031 1870 5112; baseline 0.005 -25"><span class='ocrx_word' id='word_1_424' title='bbox 217 5031 473 5090; x_wconf 89' lang='lat' dir='ltr'><strong>litudine</strong></span> <span class='ocrx_word' id='word_1_425' title='bbox 536 5035 824 5091; x_wconf 86' lang='lat' dir='ltr'><strong>vanitatis.</strong></span> <span class='ocrx_word' id='word_1_426' title='bbox 877 5036 1018 5103; x_wconf 84' lang='lat' dir='ltr'><strong>Quia</strong></span> <span class='ocrx_word' id='word_1_427' title='bbox 1082 5051 1239 5091; x_wconf 86' lang='lat' dir='ltr'><strong>omne</strong></span> <span class='ocrx_word' id='word_1_428' title='bbox 1300 5036 1398 5092; x_wconf 85' lang='lat' dir='ltr'><strong>hoc</strong></span> <span class='ocrx_word' id='word_1_429' title='bbox 1456 5052 1608 5107; x_wconf 85' lang='lat' dir='ltr'><strong>opus,</strong></span> <span class='ocrx_word' id='word_1_430' title='bbox 1655 5038 1712 5094; x_wconf 88' lang='lat' dir='ltr'><strong>id</strong></span> <span class='ocrx_word' id='word_1_431' title='bbox 1765 5045 1870 5112; x_wconf 87' lang='lat' dir='ltr'><strong>est,</strong></span> 
     </span>
    </p>
   </div>
   <div class='ocr_carea' id='block_1_56' title="bbox 219 5115 1873 5188">
    <p class='ocr_par' dir='ltr' id='par_1_56' title="bbox 219 5115 1873 5188">
     <span class='ocr_line' id='line_1_56' title="bbox 219 5115 1873 5188; baseline 0.004 -18"><span class='ocrx_word' id='word_1_432' title='bbox 219 5116 373 5184; x_wconf 92' lang='lat' dir='ltr'><strong>quod</strong></span> <span class='ocrx_word' id='word_1_433' title='bbox 409 5116 482 5169; x_wconf 90' lang='lat' dir='ltr'><strong>ab</strong></span> <span class='ocrx_word' id='word_1_434' title='bbox 516 5115 750 5171; x_wconf 89' lang='lat' dir='ltr'><strong>homine</strong></span> <span class='ocrx_word' id='word_1_435' title='bbox 800 5116 863 5170; x_wconf 82' lang='lat' dir='ltr'><strong>ﬁt</strong></span> <span class='ocrx_word' id='word_1_436' title='bbox 911 5117 970 5171; x_wconf 91' lang='lat' dir='ltr'><strong>in</strong></span> <span class='ocrx_word' id='word_1_437' title='bbox 1015 5115 1124 5171; x_wconf 91' lang='lat' dir='ltr'><strong>hac</strong></span> <span class='ocrx_word' id='word_1_438' title='bbox 1167 5116 1302 5185; x_wconf 85' lang='lat' dir='ltr'><strong>vita,</strong></span> <span class='ocrx_word' id='word_1_439' title='bbox 1350 5118 1468 5173; x_wconf 87' lang='lat' dir='ltr'><strong>sive</strong></span> <span class='ocrx_word' id='word_1_440' title='bbox 1513 5116 1732 5188; x_wconf 86' lang='lat' dir='ltr'><strong>bonum,</strong></span> <span class='ocrx_word' id='word_1_441' title='bbox 1758 5121 1873 5177; x_wconf 87' lang='lat' dir='ltr'><strong>sive</strong></span> 
     </span>
    </p>
   </div>
   <div class='ocr_carea' id='block_1_57' title="bbox 219 5196 1870 5272">
    <p class='ocr_par' dir='ltr' id='par_1_57' title="bbox 219 5196 1870 5272">
     <span class='ocr_line' id='line_1_57' title="bbox 219 5196 1870 5272; baseline 0.005 -23"><span class='ocrx_word' id='word_1_442' title='bbox 219 5197 454 5263; x_wconf 88' lang='lat' dir='ltr'><strong>malum,</strong></span> <span class='ocrx_word' id='word_1_443' title='bbox 488 5197 625 5253; x_wconf 89' lang='lat' dir='ltr'><strong>Deus</strong></span> <span class='ocrx_word' id='word_1_444' title='bbox 671 5196 896 5252; x_wconf 82' lang='lat' dir='ltr'><strong>adducet</strong></span> <span class='ocrx_word' id='word_1_445' title='bbox 924 5199 983 5251; x_wconf 88' lang='lat' dir='ltr'><strong>in</strong></span> <span class='ocrx_word' id='word_1_446' title='bbox 1005 5196 1304 5268; x_wconf 85' lang='lat' dir='ltr'><strong>judicium,</strong></span> <span class='ocrx_word' id='word_1_447' title='bbox 1337 5199 1398 5253; x_wconf 85' lang='lat' dir='ltr'><strong>in</strong></span> <span class='ocrx_word' id='word_1_448' title='bbox 1427 5199 1579 5253; x_wconf 88' lang='lat' dir='ltr'><strong>omni</strong></span> <span class='ocrx_word' id='word_1_449' title='bbox 1606 5199 1870 5272; x_wconf 87' lang='lat' dir='ltr'><strong>despecto,</strong></span> 
     </span>
    </p>
   </div>
   <div class='ocr_carea' id='block_1_58' title="bbox 216 5276 1871 5351">
    <p class='ocr_par' dir='ltr' id='par_1_58' title="bbox 216 5276 1871 5351">
     <span class='ocr_line' id='line_1_58' title="bbox 216 5276 1871 5351; baseline 0.004 -20"><span class='ocrx_word' id='word_1_450' title='bbox 216 5276 273 5332; x_wconf 92' lang='lat' dir='ltr'><strong>id</strong></span> <span class='ocrx_word' id='word_1_451' title='bbox 306 5282 420 5343; x_wconf 89' lang='lat' dir='ltr'><strong>est,</strong></span> <span class='ocrx_word' id='word_1_452' title='bbox 455 5278 514 5333; x_wconf 92' lang='lat' dir='ltr'><strong>in</strong></span> <span class='ocrx_word' id='word_1_453' title='bbox 546 5278 705 5333; x_wconf 91' lang='lat' dir='ltr'><strong>omni</strong></span> <span class='ocrx_word' id='word_1_454' title='bbox 736 5279 911 5333; x_wconf 89' lang='lat' dir='ltr'><strong>etiam</strong></span> <span class='ocrx_word' id='word_1_455' title='bbox 962 5279 1060 5350; x_wconf 90' lang='lat' dir='ltr'><strong>qui</strong></span> <span class='ocrx_word' id='word_1_456' title='bbox 1101 5279 1556 5351; x_wconf 87' lang='lat' dir='ltr'><strong>contemptibilis</strong></span> <span class='ocrx_word' id='word_1_457' title='bbox 1590 5282 1680 5336; x_wconf 88' lang='lat' dir='ltr'><strong>hic</strong></span> <span class='ocrx_word' id='word_1_458' title='bbox 1709 5282 1871 5338; x_wconf 90' lang='lat' dir='ltr'><strong>vide-</strong></span> 
     </span>
    </p>
   </div>
   <div class='ocr_carea' id='block_1_59' title="bbox 213 5357 1868 5434">
    <p class='ocr_par' dir='ltr' id='par_1_59' title="bbox 213 5357 1868 5434">
     <span class='ocr_line' id='line_1_59' title="bbox 213 5357 1868 5434; baseline 0.004 -22"><span class='ocrx_word' id='word_1_459' title='bbox 213 5360 331 5425; x_wconf 89' lang='lat' dir='ltr'><strong>tur,</strong></span> <span class='ocrx_word' id='word_1_460' title='bbox 359 5363 417 5414; x_wconf 88' lang='lat' dir='ltr'><strong>et</strong></span> <span class='ocrx_word' id='word_1_461' title='bbox 446 5358 573 5414; x_wconf 86' lang='lat' dir='ltr'><strong>ideo</strong></span> <span class='ocrx_word' id='word_1_462' title='bbox 606 5375 710 5414; x_wconf 90' lang='lat' dir='ltr'><strong>nec</strong></span> <span class='ocrx_word' id='word_1_463' title='bbox 759 5357 1013 5415; x_wconf 88' lang='lat' dir='ltr'><strong>videtur:</strong></span> <span class='ocrx_word' id='word_1_464' title='bbox 1048 5360 1328 5430; x_wconf 88' lang='lat' dir='ltr'><strong>quoniam</strong></span> <span class='ocrx_word' id='word_1_465' title='bbox 1376 5367 1529 5416; x_wconf 88' lang='lat' dir='ltr'><strong>Deus</strong></span> <span class='ocrx_word' id='word_1_466' title='bbox 1584 5366 1641 5418; x_wconf 87' lang='lat' dir='ltr'><strong>et</strong></span> <span class='ocrx_word' id='word_1_467' title='bbox 1672 5362 1868 5434; x_wconf 89' lang='lat' dir='ltr'><strong>ipsum</strong></span> 
     </span>
    </p>
   </div>
   <div class='ocr_carea' id='block_1_60' title="bbox 282 5581 1866 5637">
    <p class='ocr_par' dir='ltr' id='par_1_60' title="bbox 282 5581 1866 5637">
     <span class='ocr_line' id='line_1_60' title="bbox 282 5581 1866 5637; baseline 0.005 -9"><span class='ocrx_word' id='word_1_468' title='bbox 282 5584 299 5619; x_wconf 78' lang='grc'><strong>1</strong></span> <span class='ocrx_word' id='word_1_469' title='bbox 331 5581 475 5630; x_wconf 87' lang='lat' dir='ltr'><strong>Editi</strong></span> <span class='ocrx_word' id='word_1_470' title='bbox 503 5582 589 5633; x_wconf 88' lang='lat' dir='ltr'><strong>hic</strong></span> <span class='ocrx_word' id='word_1_471' title='bbox 620 5584 673 5633; x_wconf 88' lang='lat' dir='ltr'><strong>et</strong></span> <span class='ocrx_word' id='word_1_472' title='bbox 701 5584 882 5634; x_wconf 87' lang='lat' dir='ltr'><strong>statim</strong></span> <span class='ocrx_word' id='word_1_473' title='bbox 909 5597 1048 5634; x_wconf 86' lang='lat' dir='ltr'><strong>vers.</strong></span> <span class='ocrx_word' id='word_1_474' title='bbox 1100 5585 1213 5635; x_wconf 90' lang='lat' dir='ltr'><strong>eod.</strong></span> <span class='ocrx_word' id='word_1_475' title='bbox 1267 5581 1600 5634; x_wconf 82' lang='lat' dir='ltr'><strong>vanitatum.</strong></span> <span class='ocrx_word' id='word_1_476' title='bbox 1649 5585 1717 5634; x_wconf 82' lang='lat' dir='ltr'><strong>At;</strong></span> <span class='ocrx_word' id='word_1_477' title='bbox 1742 5586 1866 5637; x_wconf 86' lang='lat' dir='ltr'><strong>Mss.</strong></span> 
     </span>
    </p>
   </div>
   <div class='ocr_carea' id='block_1_61' title="bbox 213 5645 1867 5710">
    <p class='ocr_par' dir='ltr' id='par_1_61' title="bbox 213 5645 1867 5710">
     <span class='ocr_line' id='line_1_61' title="bbox 213 5645 1867 5710; baseline 0.005 -18"><span class='ocrx_word' id='word_1_478' title='bbox 213 5647 778 5710; x_wconf 59' lang='lat' dir='ltr'><strong>constgnterhabent,</strong></span> <span class='ocrx_word' id='word_1_479' title='bbox 810 5646 1212 5696; x_wconf 81' lang='lat' dir='ltr'><strong>vanitantium.</strong></span> <span class='ocrx_word' id='word_1_480' title='bbox 1257 5645 1405 5695; x_wconf 80' lang='lat' dir='ltr'><strong>Cont.</strong></span> <span class='ocrx_word' id='word_1_481' title='bbox 1435 5646 1527 5695; x_wconf 88' lang='lat' dir='ltr'><strong>lib.</strong></span> <span class='ocrx_word' id='word_1_482' title='bbox 1562 5647 1583 5695; x_wconf 91' lang='grc'>1</span> <span class='ocrx_word' id='word_1_483' title='bbox 1616 5646 1867 5710; x_wconf 83' lang='lat' dir='ltr'><strong>Retract.,</strong></span> 
     </span>
    </p>
   </div>
   <div class='ocr_carea' id='block_1_62' title="bbox 214 5705 578 5769">
    <p class='ocr_par' dir='ltr' id='par_1_62' title="bbox 214 5705 578 5769">
     <span class='ocr_line' id='line_1_62' title="bbox 214 5705 578 5769; baseline 0.008 -13"><span class='ocrx_word' id='word_1_484' title='bbox 214 5719 328 5769; x_wconf 86' lang='lat' dir='ltr'><strong>cap.</strong></span> <span class='ocrx_word' id='word_1_485' title='bbox 360 5705 412 5763; x_wconf 88' lang='lat'><strong>7,</strong></span> <span class='ocrx_word' id='word_1_486' title='bbox 442 5721 494 5755; x_wconf 91' lang='lat' dir='ltr'><strong>n.</strong></span> <span class='ocrx_word' id='word_1_487' title='bbox 529 5708 578 5759; x_wconf 89' lang='lat'><strong>3.</strong></span> 
     </span>
    </p>
   </div>
   <div class='ocr_carea' id='block_1_63' title="bbox 1664 342 2389 415">
    <p class='ocr_par' dir='ltr' id='par_1_63' title="bbox 1664 342 2389 415">
     <span class='ocr_line' id='line_1_63' title="bbox 1664 342 2389 415; baseline 0.014 -12"><span class='ocrx_word' id='word_1_488' title='bbox 1664 342 1892 406; x_wconf 81' lang='lat' dir='ltr'><strong>LIBER</strong></span> <span class='ocrx_word' id='word_1_489' title='bbox 1935 345 2389 415; x_wconf 81' lang='lat' dir='ltr'><strong>VIGESIMUS.</strong></span> 
     </span>
    </p>
   </div>
   <div class='ocr_carea' id='block_1_64' title="bbox 309 471 1963 543">
    <p class='ocr_par' dir='ltr' id='par_1_64' title="bbox 309 471 1963 543">
     <span class='ocr_line' id='line_1_64' title="bbox 309 471 1963 543; baseline 0.004 -17"><span class='ocrx_word' id='word_1_490' title='bbox 309 487 376 526; x_wconf 89' lang='lat' dir='ltr'><strong>ac</strong></span> <span class='ocrx_word' id='word_1_491' title='bbox 433 486 579 542; x_wconf 90' lang='lat' dir='ltr'><strong>pene</strong></span> <span class='ocrx_word' id='word_1_492' title='bbox 626 471 825 528; x_wconf 87' lang='lat' dir='ltr'><strong>omnia</strong></span> <span class='ocrx_word' id='word_1_493' title='bbox 867 472 1029 542; x_wconf 87' lang='lat' dir='ltr'><strong>justa</strong></span> <span class='ocrx_word' id='word_1_494' title='bbox 1072 472 1288 543; x_wconf 88' lang='lat' dir='ltr'><strong>iudicia</strong></span> <span class='ocrx_word' id='word_1_495' title='bbox 1318 472 1416 530; x_wconf 89' lang='lat' dir='ltr'><strong>Dei</strong></span> <span class='ocrx_word' id='word_1_496' title='bbox 1467 491 1679 532; x_wconf 89' lang='lat' dir='ltr'><strong>sensus</strong></span> <span class='ocrx_word' id='word_1_497' title='bbox 1719 484 1963 534; x_wconf 87' lang='lat' dir='ltr'><strong>mentes-</strong></span> 
     </span>
    </p>
   </div>
   <div class='ocr_carea' id='block_1_65' title="bbox 305 553 1959 630">
    <p class='ocr_par' dir='ltr' id='par_1_65' title="bbox 305 553 1959 630">
     <span class='ocr_line' id='line_1_65' title="bbox 305 553 1959 630; baseline 0.005 -23"><span class='ocrx_word' id='word_1_498' title='bbox 305 568 420 623; x_wconf 92' lang='lat' dir='ltr'><strong>que</strong></span> <span class='ocrx_word' id='word_1_499' title='bbox 459 553 793 609; x_wconf 89' lang='lat' dir='ltr'><strong>mortalium</strong></span> <span class='ocrx_word' id='word_1_500' title='bbox 826 553 1081 622; x_wconf 87' lang='lat' dir='ltr'><strong>lateant;</strong></span> <span class='ocrx_word' id='word_1_501' title='bbox 1115 571 1244 610; x_wconf 88' lang='lat' dir='ltr'><strong>cum</strong></span> <span class='ocrx_word' id='word_1_502' title='bbox 1277 559 1471 611; x_wconf 89' lang='lat' dir='ltr'><strong>tamen</strong></span> <span class='ocrx_word' id='word_1_503' title='bbox 1503 557 1564 612; x_wconf 91' lang='lat' dir='ltr'><strong>in</strong></span> <span class='ocrx_word' id='word_1_504' title='bbox 1601 558 1709 613; x_wconf 87' lang='lat' dir='ltr'><strong>hac</strong></span> <span class='ocrx_word' id='word_1_505' title='bbox 1740 575 1801 614; x_wconf 90' lang='lat' dir='ltr'><strong>re</strong></span> <span class='ocrx_word' id='word_1_506' title='bbox 1829 563 1959 630; x_wconf 81' lang='lat' dir='ltr'><strong>pio-</strong></span> 
     </span>
    </p>
   </div>
   <div class='ocr_carea' id='block_1_66' title="bbox 3594 378 3713 442">
    <p class='ocr_par' dir='ltr' id='par_1_66' title="bbox 3594 378 3713 442">
     <span class='ocr_line' id='line_1_66' title="bbox 3594 378 3713 442; baseline 0.025 -3"><span class='ocrx_word' id='word_1_507' title='bbox 3594 378 3713 442; x_wconf 79' lang='lat'><strong>662</strong></span> 
     </span>
    </p>
   </div>
   <div class='ocr_carea' id='block_1_67' title="bbox 2072 483 3716 621">
    <p class='ocr_par' dir='ltr' id='par_1_67' title="bbox 2072 483 3716 621">
     <span class='ocr_line' id='line_1_67' title="bbox 2072 483 3716 621; baseline 0.018 -84"><span class='ocrx_word' id='word_1_508' title='bbox 2072 483 2247 621; x_wconf 60' lang='lat' dir='ltr'><strong>vitdet,</strong></span> <span class='ocrx_word' id='word_1_509' title='bbox 2279 502 2385 544; x_wconf 87' lang='lat' dir='ltr'><strong>nec</strong></span> <span class='ocrx_word' id='word_1_510' title='bbox 2429 504 2559 548; x_wconf 88' lang='lat' dir='ltr'><strong>eum</strong></span> <span class='ocrx_word' id='word_1_511' title='bbox 2604 493 2869 568; x_wconf 83' lang='lat' dir='ltr'><strong>despicit,</strong></span> <span class='ocrx_word' id='word_1_512' title='bbox 2919 515 3019 557; x_wconf 90' lang='lat' dir='ltr'><strong>nec</strong></span> <span class='ocrx_word' id='word_1_513' title='bbox 3064 518 3197 560; x_wconf 89' lang='lat' dir='ltr'><strong>cum</strong></span> <span class='ocrx_word' id='word_1_514' title='bbox 3238 506 3469 577; x_wconf 86' lang='lat' dir='ltr'><strong>judicat</strong></span> <span class='ocrx_word' id='word_1_515' title='bbox 3512 522 3716 584; x_wconf 84' lang='lat' dir='ltr'><strong>praete.</strong></span> 
     </span>
     <span class='ocr_line' id='line_1_68' title="bbox 2072 581 2161 621; baseline 0.022 -2"><span class='ocrx_word' id='word_1_516' title='bbox 2072 581 2108 620; x_wconf 64' lang='grc' dir='ltr'><strong>τι</strong></span> <span class='ocrx_word' id='word_1_517' title='bbox 2145 604 2161 621; x_wconf 92' lang='grc'><strong>.</strong></span> 
     </span>
    </p>
   </div>
   <div class='ocr_carea' id='block_1_68' title="bbox 2065 580 2161 622">
    <p class='ocr_par' dir='ltr' id='par_1_68' title="bbox 2065 580 2161 622">
     <span class='ocr_line' id='line_1_69' title="bbox 2065 580 2161 622; baseline 0.021 -2"><span class='ocrx_word' id='word_1_518' title='bbox 2065 580 2161 622; x_wconf 77' lang='grc' dir='ltr'><strong>ῙῚῑο</strong></span> 
     </span>
    </p>
   </div>
   <div class='ocr_carea' id='block_1_69' title="bbox 2060 712 3712 802">
    <p class='ocr_par' dir='ltr' id='par_1_69' title="bbox 2060 712 3712 802">
     <span class='ocr_line' id='line_1_70' title="bbox 2060 712 3712 802; baseline 0.016 -36"><span class='ocrx_word' id='word_1_519' title='bbox 2060 712 2291 802; x_wconf 56' lang='grc' dir='ltr'><strong>ΕΑξξῌΤ</strong></span> <span class='ocrx_word' id='word_1_520' title='bbox 2459 745 2520 802; x_wconf 49' lang='lat'><strong>:—</strong></span> <span class='ocrx_word' id='word_1_521' title='bbox 2551 717 2804 802; x_wconf 25' lang='lat' dir='ltr'><strong>Quod‘ad</strong></span> <span class='ocrx_word' id='word_1_522' title='bbox 2832 720 3205 781; x_wconf 85' lang='lat' dir='ltr'><strong>disserendum</strong></span> <span class='ocrx_word' id='word_1_523' title='bbox 3237 727 3302 784; x_wconf 88' lang='lat' dir='ltr'><strong>de</strong></span> <span class='ocrx_word' id='word_1_524' title='bbox 3330 732 3609 790; x_wconf 83' lang='lat' dir='ltr'><strong>novissimo</strong></span> <span class='ocrx_word' id='word_1_525' title='bbox 3632 737 3712 802; x_wconf 83' lang='lat' dir='ltr'><strong>iu-</strong></span> 
     </span>
    </p>
   </div>
   <div class='ocr_carea' id='block_1_70' title="bbox 2130 792 3708 877">
    <p class='ocr_par' dir='ltr' id='par_1_70' title="bbox 2130 792 3708 877">
     <span class='ocr_line' id='line_1_71' title="bbox 2130 792 3708 877; baseline 0.015 -29"><span class='ocrx_word' id='word_1_526' title='bbox 2130 792 2271 850; x_wconf 84' lang='lat' dir='ltr'><strong>dicio</strong></span> <span class='ocrx_word' id='word_1_527' title='bbox 2302 797 2420 865; x_wconf 84' lang='lat' dir='ltr'><strong>Dei,</strong></span> <span class='ocrx_word' id='word_1_528' title='bbox 2451 797 2588 853; x_wconf 86' lang='lat' dir='ltr'><strong>Novi</strong></span> <span class='ocrx_word' id='word_1_529' title='bbox 2623 798 2874 869; x_wconf 74' lang='lat' dir='ltr'><strong>primum</strong></span> <span class='ocrx_word' id='word_1_530' title='bbox 2908 804 3256 877; x_wconf 83' lang='lat' dir='ltr'><strong>Testamenli,</strong></span> <span class='ocrx_word' id='word_1_531' title='bbox 3293 826 3356 866; x_wconf 87' lang='lat' dir='ltr'><strong>ac</strong></span> <span class='ocrx_word' id='word_1_532' title='bbox 3383 812 3583 869; x_wconf 86' lang='lat' dir='ltr'><strong>deinde</strong></span> <span class='ocrx_word' id='word_1_533' title='bbox 3615 792 3708 872; x_wconf 46' lang='lat' dir='ltr'><strong>lie-</strong></span> 
     </span>
    </p>
   </div>
   <div class='ocr_carea' id='block_1_71' title="bbox 2128 878 3062 952">
    <p class='ocr_par' dir='ltr' id='par_1_71' title="bbox 2128 878 3062 952">
     <span class='ocr_line' id='line_1_72' title="bbox 2128 878 3062 952; baseline 0.014 -23"><span class='ocrx_word' id='word_1_534' title='bbox 2128 878 2263 931; x_wconf 82' lang='lat' dir='ltr'><strong>teris</strong></span> <span class='ocrx_word' id='word_1_535' title='bbox 2291 878 2612 935; x_wconf 85' lang='lat' dir='ltr'><strong>testimonia</strong></span> <span class='ocrx_word' id='word_1_536' title='bbox 2631 882 2949 952; x_wconf 83' lang='lat' dir='ltr'><strong>prolaturus</strong></span> <span class='ocrx_word' id='word_1_537' title='bbox 2968 888 3062 943; x_wconf 89' lang='lat' dir='ltr'><strong>sit.</strong></span> 
     </span>
    </p>
   </div>
   <div class='ocr_carea' id='block_1_72' title="bbox 2127 982 3713 1062">
    <p class='ocr_par' dir='ltr' id='par_1_72' title="bbox 2127 982 3713 1062">
     <span class='ocr_line' id='line_1_73' title="bbox 2127 982 3713 1062; baseline 0.016 -26"><span class='ocrx_word' id='word_1_538' title='bbox 2127 982 2318 1051; x_wconf 86' lang='lat' dir='ltr'><strong>Hujus</strong></span> <span class='ocrx_word' id='word_1_539' title='bbox 2365 982 2561 1055; x_wconf 88' lang='lat' dir='ltr'><strong>itaque</strong></span> <span class='ocrx_word' id='word_1_540' title='bbox 2616 986 2809 1044; x_wconf 92' lang='lat' dir='ltr'><strong>ultimi</strong></span> <span class='ocrx_word' id='word_1_541' title='bbox 2861 991 3071 1061; x_wconf 81' lang='lat' dir='ltr'><strong>judicii</strong></span> <span class='ocrx_word' id='word_1_542' title='bbox 3124 995 3225 1053; x_wconf 94' lang='lat' dir='ltr'><strong>Dei</strong></span> <span class='ocrx_word' id='word_1_543' title='bbox 3271 1000 3613 1060; x_wconf 88' lang='lat' dir='ltr'><strong>testimonia</strong></span> <span class='ocrx_word' id='word_1_544' title='bbox 3643 1008 3713 1062; x_wconf 90' lang='lat' dir='ltr'><strong>de</strong></span> 
     </span>
    </p>
   </div>
   <div class='ocr_carea' id='block_1_73' title="bbox 2052 1060 3710 1153">
    <p class='ocr_par' dir='ltr' id='par_1_73' title="bbox 2052 1060 3710 1153">
     <span class='ocr_line' id='line_1_74' title="bbox 2052 1060 3710 1153; baseline 0.015 -38"><span class='ocrx_word' id='word_1_545' title='bbox 2052 1060 2367 1153; x_wconf 86' lang='lat' dir='ltr'><strong>Seripturis</strong></span> <span class='ocrx_word' id='word_1_546' title='bbox 2414 1066 2654 1153; x_wconf 61' lang='lat' dir='ltr'><strong>sanctis</strong></span> <span class='ocrx_word' id='word_1_547' title='bbox 2686 1084 2811 1153; x_wconf 61' lang='lat' dir='ltr'><strong>quae</strong></span> <span class='ocrx_word' id='word_1_548' title='bbox 2861 1060 3075 1142; x_wconf 79' lang='lat' dir='ltr'><strong>ponere</strong></span> <span class='ocrx_word' id='word_1_549' title='bbox 3122 1077 3376 1146; x_wconf 87' lang='lat' dir='ltr'><strong>institui,</strong></span> <span class='ocrx_word' id='word_1_550' title='bbox 3406 1083 3568 1153; x_wconf 89' lang='lat' dir='ltr'><strong>prius</strong></span> <span class='ocrx_word' id='word_1_551' title='bbox 3601 1060 3710 1141; x_wconf 43' lang='lat' dir='ltr'><strong>eli;</strong></span> 
     </span>
    </p>
   </div>
   <div class='ocr_carea' id='block_1_74' title="bbox 2052 1143 3710 1233">
    <p class='ocr_par' dir='ltr' id='par_1_74' title="bbox 2052 1143 3710 1233">
     <span class='ocr_line' id='line_1_75' title="bbox 2052 1143 3710 1233; baseline 0.016 -37"><span class='ocrx_word' id='word_1_552' title='bbox 2052 1143 2242 1233; x_wconf 47' lang='lat' dir='ltr'><strong>&#39;geuda</strong></span> <span class='ocrx_word' id='word_1_553' title='bbox 2294 1149 2434 1233; x_wconf 75' lang='lat' dir='ltr'><strong>sunt</strong></span> <span class='ocrx_word' id='word_1_554' title='bbox 2479 1148 2573 1233; x_wconf 28' lang='lat' dir='ltr'><strong>de‘</strong></span> <span class='ocrx_word' id='word_1_555' title='bbox 2596 1148 2760 1233; x_wconf 84' lang='lat' dir='ltr'><strong>libris</strong></span> <span class='ocrx_word' id='word_1_556' title='bbox 2787 1151 3163 1212; x_wconf 85' lang='lat' dir='ltr'><strong>Instrumenti</strong></span> <span class='ocrx_word' id='word_1_557' title='bbox 3218 1143 3375 1228; x_wconf 78' lang='lat' dir='ltr'><strong>Novi,</strong></span> <span class='ocrx_word' id='word_1_558' title='bbox 3406 1143 3607 1233; x_wconf 76' lang='lat' dir='ltr'><strong>postea</strong></span> <span class='ocrx_word' id='word_1_559' title='bbox 3638 1168 3710 1223; x_wconf 89' lang='lat' dir='ltr'><strong>de</strong></span> 
     </span>
    </p>
   </div>
   <div class='ocr_carea' id='block_1_75' title="bbox 2049 1221 3702 1315">
    <p class='ocr_par' dir='ltr' id='par_1_75' title="bbox 2049 1221 3702 1315">
     <span class='ocr_line' id='line_1_76' title="bbox 2049 1221 3702 1315; baseline 0.016 -40"><span class='ocrx_word' id='word_1_560' title='bbox 2049 1221 2296 1279; x_wconf 86' lang='lat' dir='ltr'><strong>Veteris.</strong></span> <span class='ocrx_word' id='word_1_561' title='bbox 2330 1225 2606 1292; x_wconf 72' lang='lat' dir='ltr'><strong>Quamvis</strong></span> <span class='ocrx_word' id='word_1_562' title='bbox 2635 1230 2792 1287; x_wconf 88' lang='lat' dir='ltr'><strong>enim</strong></span> <span class='ocrx_word' id='word_1_563' title='bbox 2823 1238 3014 1291; x_wconf 87' lang='lat' dir='ltr'><strong>vetera</strong></span> <span class='ocrx_word' id='word_1_564' title='bbox 3048 1239 3238 1308; x_wconf 84' lang='lat' dir='ltr'><strong>priora</strong></span> <span class='ocrx_word' id='word_1_565' title='bbox 3270 1221 3391 1297; x_wconf 81' lang='lat' dir='ltr'><strong>sint</strong></span> <span class='ocrx_word' id='word_1_566' title='bbox 3413 1221 3702 1315; x_wconf 65' lang='lat' dir='ltr'><strong>tempore,</strong></span> 
     </span>
    </p>
   </div>
   <div class='ocr_carea' id='block_1_76' title="bbox 2050 1309 3702 1396">
    <p class='ocr_par' dir='ltr' id='par_1_76' title="bbox 2050 1309 3702 1396">
     <span class='ocr_line' id='line_1_77' title="bbox 2050 1309 3702 1396; baseline 0.015 -38"><span class='ocrx_word' id='word_1_567' title='bbox 2050 1318 2197 1396; x_wconf 64' lang='lat' dir='ltr'><strong>nova</strong></span> <span class='ocrx_word' id='word_1_568' title='bbox 2224 1309 2421 1396; x_wconf 87' lang='lat' dir='ltr'><strong>tamen</strong></span> <span class='ocrx_word' id='word_1_569' title='bbox 2454 1313 2858 1396; x_wconf 87' lang='lat' dir='ltr'><strong>anteponenda</strong></span> <span class='ocrx_word' id='word_1_570' title='bbox 2889 1321 3029 1372; x_wconf 88' lang='lat' dir='ltr'><strong>sunt</strong></span> <span class='ocrx_word' id='word_1_571' title='bbox 3077 1319 3396 1391; x_wconf 87' lang='lat' dir='ltr'><strong>dignitate;</strong></span> <span class='ocrx_word' id='word_1_572' title='bbox 3430 1309 3702 1396; x_wconf 79' lang='lat' dir='ltr'><strong>quoniam</strong></span> 
     </span>
    </p>
   </div>
   <div class='ocr_carea' id='block_1_77' title="bbox 2046 1383 3704 1478">
    <p class='ocr_par' dir='ltr' id='par_1_77' title="bbox 2046 1383 3704 1478">
     <span class='ocr_line' id='line_1_78' title="bbox 2046 1383 3704 1478; baseline 0.014 -39"><span class='ocrx_word' id='word_1_573' title='bbox 2046 1383 2149 1440; x_wconf 90' lang='lat' dir='ltr'><strong>illa</strong></span> <span class='ocrx_word' id='word_1_574' title='bbox 2195 1392 2392 1443; x_wconf 88' lang='lat' dir='ltr'><strong>vetera</strong></span> <span class='ocrx_word' id='word_1_575' title='bbox 2440 1393 2729 1478; x_wconf 77' lang='lat' dir='ltr'><strong>praeconia</strong></span> <span class='ocrx_word' id='word_1_576' title='bbox 2772 1401 2914 1451; x_wconf 89' lang='lat' dir='ltr'><strong>sunt</strong></span> <span class='ocrx_word' id='word_1_577' title='bbox 2974 1383 3272 1456; x_wconf 59' lang='lat' dir='ltr'><strong>novorhm.</strong></span> <span class='ocrx_word' id='word_1_578' title='bbox 3322 1383 3475 1460; x_wconf 69' lang='lat' dir='ltr'><strong>Nova</strong></span> <span class='ocrx_word' id='word_1_579' title='bbox 3525 1407 3704 1478; x_wconf 83' lang='lat' dir='ltr'><strong>igitur</strong></span> 
     </span>
    </p>
   </div>
   <div class='ocr_carea' id='block_1_78' title="bbox 2046 1468 3699 1551">
    <p class='ocr_par' dir='ltr' id='par_1_78' title="bbox 2046 1468 3699 1551">
     <span class='ocr_line' id='line_1_79' title="bbox 2046 1468 3699 1551; baseline 0.015 -33"><span class='ocrx_word' id='word_1_580' title='bbox 2046 1471 2335 1534; x_wconf 88' lang='lat' dir='ltr'><strong>ponentur</strong></span> <span class='ocrx_word' id='word_1_581' title='bbox 2376 1468 2557 1539; x_wconf 91' lang='lat' dir='ltr'><strong>prius,</strong></span> <span class='ocrx_word' id='word_1_582' title='bbox 2607 1488 2726 1543; x_wconf 77' lang='lat' dir='ltr'><strong>quze</strong></span> <span class='ocrx_word' id='word_1_583' title='bbox 2759 1479 2825 1529; x_wconf 89' lang='lat' dir='ltr'><strong>ut</strong></span> <span class='ocrx_word' id='word_1_584' title='bbox 2872 1476 3100 1534; x_wconf 82' lang='lat' dir='ltr'><strong>ﬁrmius</strong></span> <span class='ocrx_word' id='word_1_585' title='bbox 3151 1484 3480 1551; x_wconf 88' lang='lat' dir='ltr'><strong>probemus,</strong></span> <span class='ocrx_word' id='word_1_586' title='bbox 3532 1468 3699 1542; x_wconf 79' lang='lat' dir='ltr'><strong>assu-</strong></span> 
     </span>
    </p>
   </div>
   <div class='ocr_carea' id='block_1_79' title="bbox 2045 1552 3700 1623">
    <p class='ocr_par' dir='ltr' id='par_1_79' title="bbox 2045 1552 3700 1623">
     <span class='ocr_line' id='line_1_80' title="bbox 2045 1552 3700 1623; baseline 0.015 -25"><span class='ocrx_word' id='word_1_587' title='bbox 2045 1552 2280 1601; x_wconf 90' lang='lat' dir='ltr'><strong>mentur</strong></span> <span class='ocrx_word' id='word_1_588' title='bbox 2326 1554 2385 1603; x_wconf 89' lang='lat' dir='ltr'><strong>et</strong></span> <span class='ocrx_word' id='word_1_589' title='bbox 2429 1555 2640 1607; x_wconf 87' lang='lat' dir='ltr'><strong>vetera.</strong></span> <span class='ocrx_word' id='word_1_590' title='bbox 2695 1553 2759 1609; x_wconf 91' lang='lat' dir='ltr'>In</span> <span class='ocrx_word' id='word_1_591' title='bbox 2808 1559 3103 1614; x_wconf 88' lang='lat' dir='ltr'><strong>veteribus</strong></span> <span class='ocrx_word' id='word_1_592' title='bbox 3147 1561 3435 1618; x_wconf 85' lang='lat' dir='ltr'><strong>habentur</strong></span> <span class='ocrx_word' id='word_1_593' title='bbox 3493 1566 3603 1621; x_wconf 86' lang='lat' dir='ltr'><strong>Lex</strong></span> <span class='ocrx_word' id='word_1_594' title='bbox 3644 1573 3700 1623; x_wconf 87' lang='lat' dir='ltr'><strong>et</strong></span> 
     </span>
    </p>
   </div>
   <div class='ocr_carea' id='block_1_80' title="bbox 2042 1624 3697 1711">
    <p class='ocr_par' dir='ltr' id='par_1_80' title="bbox 2042 1624 3697 1711">
     <span class='ocr_line' id='line_1_81' title="bbox 2042 1624 3697 1711; baseline 0.014 -32"><span class='ocrx_word' id='word_1_595' title='bbox 2042 1624 2346 1711; x_wconf 70' lang='lat' dir='ltr'><strong>Prophetze</strong></span> <span class='ocrx_word' id='word_1_596' title='bbox 2366 1628 2407 1698; x_wconf 79' lang='grc' dir='ltr'><strong>ί,</strong></span> <span class='ocrx_word' id='word_1_597' title='bbox 2439 1631 2498 1686; x_wconf 91' lang='lat' dir='ltr'><strong>in</strong></span> <span class='ocrx_word' id='word_1_598' title='bbox 2533 1633 2695 1688; x_wconf 87' lang='lat' dir='ltr'><strong>novis</strong></span> <span class='ocrx_word' id='word_1_599' title='bbox 2726 1636 3102 1707; x_wconf 87' lang='lat' dir='ltr'><strong>Evangelium</strong></span> <span class='ocrx_word' id='word_1_600' title='bbox 3130 1645 3187 1696; x_wconf 89' lang='lat' dir='ltr'><strong>et</strong></span> <span class='ocrx_word' id='word_1_601' title='bbox 3217 1645 3547 1711; x_wconf 72' lang='lat' dir='ltr'><strong>apostolicae</strong></span> <span class='ocrx_word' id='word_1_602' title='bbox 3576 1647 3697 1702; x_wconf 88' lang='lat' dir='ltr'><strong>Lit-</strong></span> 
     </span>
    </p>
   </div>
   <div class='ocr_carea' id='block_1_81' title="bbox 2039 1708 3690 1797">
    <p class='ocr_par' dir='ltr' id='par_1_81' title="bbox 2039 1708 3690 1797">
     <span class='ocr_line' id='line_1_82' title="bbox 2039 1708 3690 1797; baseline 0.014 -38"><span class='ocrx_word' id='word_1_603' title='bbox 2039 1710 2195 1795; x_wconf 78' lang='lat' dir='ltr'><strong>terae.</strong></span> <span class='ocrx_word' id='word_1_604' title='bbox 2228 1708 2546 1797; x_wconf 65' lang='lat' dir='ltr'><strong>Ait_au_tem</strong></span> <span class='ocrx_word' id='word_1_605' title='bbox 2597 1714 2939 1785; x_wconf 86' lang='lat' dir='ltr'><strong>Apostolus,</strong></span> <span class='ocrx_word' id='word_1_606' title='bbox 2984 1722 3090 1773; x_wconf 86' lang='lat' dir='ltr'><strong>Per</strong></span> <span class='ocrx_word' id='word_1_607' title='bbox 3121 1708 3296 1789; x_wconf 83' lang='lat' dir='ltr'><strong>legem</strong></span> <span class='ocrx_word' id='word_1_608' title='bbox 3325 1728 3471 1779; x_wconf 84' lang='lat' dir='ltr'><strong>enim</strong></span> <span class='ocrx_word' id='word_1_609' title='bbox 3499 1727 3690 1797; x_wconf 84' lang='lat' dir='ltr'><strong>cogni-</strong></span> 
     </span>
    </p>
   </div>
   <div class='ocr_carea' id='block_1_82' title="bbox 2038 1785 3692 1872">
    <p class='ocr_par' dir='ltr' id='par_1_82' title="bbox 2038 1785 3692 1872">
     <span class='ocr_line' id='line_1_83' title="bbox 2038 1785 3692 1872; baseline 0.013 -32"><span class='ocrx_word' id='word_1_610' title='bbox 2038 1785 2115 1872; x_wconf 73' lang='lat' dir='ltr'><strong>tio</strong></span> <span class='ocrx_word' id='word_1_611' title='bbox 2132 1792 2364 1872; x_wconf 84' lang='lat' dir='ltr'><strong>peccati.</strong></span> <span class='ocrx_word' id='word_1_612' title='bbox 2406 1792 2563 1848; x_wconf 82' lang='lat' dir='ltr'><strong>Nunc</strong></span> <span class='ocrx_word' id='word_1_613' title='bbox 2592 1804 2774 1850; x_wconf 88' lang='lat' dir='ltr'><strong>autem</strong></span> <span class='ocrx_word' id='word_1_614' title='bbox 2818 1798 2939 1853; x_wconf 84' lang='lat' dir='ltr'><strong>sine</strong></span> <span class='ocrx_word' id='word_1_615' title='bbox 2969 1799 3084 1868; x_wconf 86' lang='lat' dir='ltr'><strong>lege</strong></span> <span class='ocrx_word' id='word_1_616' title='bbox 3120 1785 3343 1872; x_wconf 72' lang='lat' dir='ltr'><strong>justilia</strong></span> <span class='ocrx_word' id='word_1_617' title='bbox 3374 1804 3477 1860; x_wconf 88' lang='lat' dir='ltr'><strong>Dei</strong></span> <span class='ocrx_word' id='word_1_618' title='bbox 3504 1785 3692 1863; x_wconf 65' lang='lat' dir='ltr'><strong>mimi-</strong></span> 
     </span>
    </p>
   </div>
   <div class='ocr_carea' id='block_1_83' title="bbox 2032 1865 3687 1959">
    <p class='ocr_par' dir='ltr' id='par_1_83' title="bbox 2032 1865 3687 1959">
     <span class='ocr_line' id='line_1_84' title="bbox 2032 1865 3687 1959; baseline 0.014 -39"><span class='ocrx_word' id='word_1_619' title='bbox 2032 1865 2239 1959; x_wconf 77' lang='lat' dir='ltr'><strong>festato</strong></span> <span class='ocrx_word' id='word_1_620' title='bbox 2267 1874 2813 1959; x_wconf 28' lang='lat' dir='ltr'><strong>estatestiﬂcataAper</strong></span> <span class='ocrx_word' id='word_1_621' title='bbox 2841 1865 3036 1948; x_wconf 76' lang='lat' dir='ltr'><strong>Legem</strong></span> <span class='ocrx_word' id='word_1_622' title='bbox 3061 1865 3137 1935; x_wconf 34' lang='lat' dir='ltr'><strong>etv</strong></span> <span class='ocrx_word' id='word_1_623' title='bbox 3159 1884 3464 1954; x_wconf 83' lang='lat' dir='ltr'><strong>Prophetas</strong></span> <span class='ocrx_word' id='word_1_624' title='bbox 3482 1904 3505 1941; x_wconf 74' lang='grc' dir='ltr'><strong>,ο</strong></span> <span class='ocrx_word' id='word_1_625' title='bbox 3524 1888 3687 1959; x_wconf 83' lang='lat' dir='ltr'><strong>justi-</strong></span> 
     </span>
    </p>
   </div>
   <div class='ocr_carea' id='block_1_84' title="bbox 2035 1945 3693 2038">
    <p class='ocr_par' dir='ltr' id='par_1_84' title="bbox 2035 1945 3693 2038">
     <span class='ocr_line' id='line_1_85' title="bbox 2035 1945 3693 2038; baseline 0.014 -38"><span class='ocrx_word' id='word_1_626' title='bbox 2035 1945 2116 2001; x_wconf 86' lang='lat' dir='ltr'><strong>tia</strong></span> <span class='ocrx_word' id='word_1_627' title='bbox 2144 1956 2321 2038; x_wconf 67' lang='lat' dir='ltr'><strong>autem</strong></span> <span class='ocrx_word' id='word_1_628' title='bbox 2368 1952 2484 2019; x_wconf 87' lang='lat' dir='ltr'><strong>Dei,</strong></span> <span class='ocrx_word' id='word_1_629' title='bbox 2533 1969 2632 2023; x_wconf 86' lang='lat' dir='ltr'><strong>per</strong></span> <span class='ocrx_word' id='word_1_630' title='bbox 2673 1955 2833 2023; x_wconf 80' lang='lat' dir='ltr'><strong>ﬁdem</strong></span> <span class='ocrx_word' id='word_1_631' title='bbox 2879 1945 3012 2012; x_wconf 76' lang='lat' dir='ltr'><strong>Jesu</strong></span> <span class='ocrx_word' id='word_1_632' title='bbox 3058 1945 3349 2017; x_wconf 41' lang='lat' dir='ltr'><strong>Christi-in</strong></span> <span class='ocrx_word' id='word_1_633' title='bbox 3380 1945 3561 2021; x_wconf 67' lang='lat' dir='ltr'><strong>omnes</strong></span> <span class='ocrx_word' id='word_1_634' title='bbox 3590 1970 3693 2038; x_wconf 85' lang='lat' dir='ltr'><strong>qui</strong></span> 
     </span>
    </p>
   </div>
   <div class='ocr_carea' id='block_1_85' title="bbox 2031 2027 3682 2111">
    <p class='ocr_par' dir='ltr' id='par_1_85' title="bbox 2031 2027 3682 2111">
     <span class='ocr_line' id='line_1_86' title="bbox 2031 2027 3682 2111; baseline 0.015 -31"><span class='ocrx_word' id='word_1_635' title='bbox 2031 2027 2293 2083; x_wconf 66' lang='lat' dir='ltr'><strong>credunt2</strong></span> <span class='ocrx_word' id='word_1_636' title='bbox 2342 2031 2516 2103; x_wconf 82' lang='lat' dir='ltr'><strong>(Rom.</strong></span> <span class='ocrx_word' id='word_1_637' title='bbox 2549 2051 2636 2101; x_wconf 83' lang='grc' dir='ltr'>ιιι,</span> <span class='ocrx_word' id='word_1_638' title='bbox 2666 2038 2867 2105; x_wconf 79' lang='lat'><strong>20-22).</strong></span> <span class='ocrx_word' id='word_1_639' title='bbox 2914 2038 3042 2096; x_wconf 73' lang='lat' dir='ltr'><strong>Haec</strong></span> <span class='ocrx_word' id='word_1_640' title='bbox 3066 2042 3298 2111; x_wconf 87' lang='lat' dir='ltr'><strong>justitia</strong></span> <span class='ocrx_word' id='word_1_641' title='bbox 3339 2047 3435 2100; x_wconf 91' lang='lat' dir='ltr'><strong>Dei</strong></span> <span class='ocrx_word' id='word_1_642' title='bbox 3477 2048 3550 2103; x_wconf 91' lang='lat' dir='ltr'><strong>ad</strong></span> <span class='ocrx_word' id='word_1_643' title='bbox 3582 2027 3682 2104; x_wconf 78' lang='lat' dir='ltr'><strong>no-</strong></span> 
     </span>
    </p>
   </div>
   <div class='ocr_carea' id='block_1_86' title="bbox 2030 2111 3688 2186">
    <p class='ocr_par' dir='ltr' id='par_1_86' title="bbox 2030 2111 3688 2186">
     <span class='ocr_line' id='line_1_87' title="bbox 2030 2111 3688 2186; baseline 0.013 -25"><span class='ocrx_word' id='word_1_644' title='bbox 2030 2122 2163 2162; x_wconf 88' lang='lat' dir='ltr'><strong>vum</strong></span> <span class='ocrx_word' id='word_1_645' title='bbox 2194 2111 2446 2179; x_wconf 90' lang='lat' dir='ltr'><strong>pertinet</strong></span> <span class='ocrx_word' id='word_1_646' title='bbox 2487 2114 2945 2186; x_wconf 88' lang='lat' dir='ltr'><strong>Testamentum,</strong></span> <span class='ocrx_word' id='word_1_647' title='bbox 2978 2124 3035 2174; x_wconf 89' lang='lat' dir='ltr'><strong>et</strong></span> <span class='ocrx_word' id='word_1_648' title='bbox 3082 2122 3480 2180; x_wconf 84' lang='lat' dir='ltr'><strong>testimonium</strong></span> <span class='ocrx_word' id='word_1_649' title='bbox 3514 2127 3688 2183; x_wconf 78' lang='lat' dir='ltr'><strong>habet</strong></span> 
     </span>
    </p>
   </div>
   <div class='ocr_carea' id='block_1_87' title="bbox 2029 2190 3679 2275">
    <p class='ocr_par' dir='ltr' id='par_1_87' title="bbox 2029 2190 3679 2275">
     <span class='ocr_line' id='line_1_88' title="bbox 2029 2190 3679 2275; baseline 0.013 -34"><span class='ocrx_word' id='word_1_650' title='bbox 2029 2190 2401 2275; x_wconf 6' lang='lat' dir='ltr'><strong>qveteribusq</strong></span> <span class='ocrx_word' id='word_1_651' title='bbox 2443 2193 2656 2261; x_wconf 90' lang='lat' dir='ltr'><strong>Libris,</strong></span> <span class='ocrx_word' id='word_1_652' title='bbox 2705 2196 2814 2251; x_wconf 91' lang='lat' dir='ltr'><strong>hoc</strong></span> <span class='ocrx_word' id='word_1_653' title='bbox 2846 2205 2952 2268; x_wconf 86' lang='lat' dir='ltr'><strong>est,</strong></span> <span class='ocrx_word' id='word_1_654' title='bbox 3001 2215 3031 2254; x_wconf 88' lang='lat' dir='ltr'><strong>a</strong></span> <span class='ocrx_word' id='word_1_655' title='bbox 3083 2201 3225 2271; x_wconf 84' lang='lat' dir='ltr'><strong>Lege</strong></span> <span class='ocrx_word' id='word_1_656' title='bbox 3256 2208 3311 2257; x_wconf 91' lang='lat' dir='ltr'><strong>et</strong></span> <span class='ocrx_word' id='word_1_657' title='bbox 3353 2204 3679 2275; x_wconf 90' lang='lat' dir='ltr'><strong>Pr0phetis.</strong></span> 
     </span>
    </p>
   </div>
   <div class='ocr_carea' id='block_1_88' title="bbox 2027 2267 3684 2351">
    <p class='ocr_par' dir='ltr' id='par_1_88' title="bbox 2027 2267 3684 2351">
     <span class='ocr_line' id='line_1_89' title="bbox 2027 2267 3684 2351; baseline 0.014 -30"><span class='ocrx_word' id='word_1_658' title='bbox 2027 2267 2193 2351; x_wconf 64' lang='lat' dir='ltr'><strong>l’rius</strong></span> <span class='ocrx_word' id='word_1_659' title='bbox 2222 2285 2358 2343; x_wconf 87' lang='lat' dir='ltr'><strong>ergo</strong></span> <span class='ocrx_word' id='word_1_660' title='bbox 2390 2273 2517 2343; x_wconf 88' lang='lat' dir='ltr'><strong>ipsa</strong></span> <span class='ocrx_word' id='word_1_661' title='bbox 2541 2291 2717 2331; x_wconf 86' lang='lat' dir='ltr'><strong>causa</strong></span> <span class='ocrx_word' id='word_1_662' title='bbox 2747 2267 3014 2348; x_wconf 88' lang='lat' dir='ltr'><strong>ponenda</strong></span> <span class='ocrx_word' id='word_1_663' title='bbox 3055 2267 3253 2346; x_wconf 45' lang='lat' dir='ltr'><strong>est,&#39;et</strong></span> <span class='ocrx_word' id='word_1_664' title='bbox 3285 2267 3483 2351; x_wconf 68' lang='lat' dir='ltr'><strong>postea</strong></span> <span class='ocrx_word' id='word_1_665' title='bbox 3510 2292 3684 2344; x_wconf 85' lang='lat' dir='ltr'><strong>testes</strong></span> 
     </span>
    </p>
   </div>
   <div class='ocr_carea' id='block_1_89' title="bbox 2028 2347 3681 2429">
    <p class='ocr_par' dir='ltr' id='par_1_89' title="bbox 2028 2347 3681 2429">
     <span class='ocr_line' id='line_1_90' title="bbox 2028 2347 3681 2429; baseline 0.012 -26"><span class='ocrx_word' id='word_1_666' title='bbox 2028 2347 2459 2410; x_wconf 89' lang='lat' dir='ltr'><strong>introducendi.</strong></span> <span class='ocrx_word' id='word_1_667' title='bbox 2510 2358 2682 2411; x_wconf 84' lang='lat' dir='ltr'><strong>Hunc</strong></span> <span class='ocrx_word' id='word_1_668' title='bbox 2728 2361 2787 2413; x_wconf 89' lang='lat' dir='ltr'><strong>et</strong></span> <span class='ocrx_word' id='word_1_669' title='bbox 2836 2359 2960 2429; x_wconf 85' lang='lat' dir='ltr'><strong>ipse</strong></span> <span class='ocrx_word' id='word_1_670' title='bbox 3006 2361 3182 2417; x_wconf 88' lang='lat' dir='ltr'><strong>Jesus</strong></span> <span class='ocrx_word' id='word_1_671' title='bbox 3225 2347 3491 2422; x_wconf 85' lang='lat' dir='ltr'><strong>Christus</strong></span> <span class='ocrx_word' id='word_1_672' title='bbox 3523 2370 3681 2423; x_wconf 80' lang='lat' dir='ltr'><strong>ordi-</strong></span> 
     </span>
    </p>
   </div>
   <div class='ocr_carea' id='block_1_90' title="bbox 2025 2436 3675 2520">
    <p class='ocr_par' dir='ltr' id='par_1_90' title="bbox 2025 2436 3675 2520">
     <span class='ocr_line' id='line_1_91' title="bbox 2025 2436 3675 2520; baseline 0.013 -36"><span class='ocrx_word' id='word_1_673' title='bbox 2025 2443 2155 2520; x_wconf 65' lang='lat' dir='ltr'><strong>ueni</strong></span> <span class='ocrx_word' id='word_1_674' title='bbox 2186 2436 2535 2491; x_wconf 87' lang='lat' dir='ltr'><strong>servandum</strong></span> <span class='ocrx_word' id='word_1_675' title='bbox 2568 2452 2695 2493; x_wconf 89' lang='lat' dir='ltr'><strong>esse</strong></span> <span class='ocrx_word' id='word_1_676' title='bbox 2743 2440 3171 2510; x_wconf 86' lang='lat' dir='ltr'><strong>demonstrans,</strong></span> <span class='ocrx_word' id='word_1_677' title='bbox 3212 2444 3428 2512; x_wconf 85' lang='lat' dir='ltr'><strong>Scriba,</strong></span> <span class='ocrx_word' id='word_1_678' title='bbox 3464 2447 3675 2520; x_wconf 84' lang='lat' dir='ltr'><strong>inquit,</strong></span> 
     </span>
    </p>
   </div>
   <div class='ocr_carea' id='block_1_91' title="bbox 2022 2512 3672 2599">
    <p class='ocr_par' dir='ltr' id='par_1_91' title="bbox 2022 2512 3672 2599">
     <span class='ocr_line' id='line_1_92' title="bbox 2022 2512 3672 2599; baseline 0.012 -34"><span class='ocrx_word' id='word_1_679' title='bbox 2022 2512 2269 2569; x_wconf 78' lang='lat' dir='ltr'><strong>eruditus</strong></span> <span class='ocrx_word' id='word_1_680' title='bbox 2298 2516 2360 2571; x_wconf 88' lang='lat' dir='ltr'><strong>in</strong></span> <span class='ocrx_word' id='word_1_681' title='bbox 2390 2533 2557 2586; x_wconf 85' lang='lat' dir='ltr'><strong>regno</strong></span> <span class='ocrx_word' id='word_1_682' title='bbox 2606 2518 2723 2589; x_wconf 86' lang='lat' dir='ltr'><strong>Dei,</strong></span> <span class='ocrx_word' id='word_1_683' title='bbox 2756 2522 2955 2576; x_wconf 84' lang='lat' dir='ltr'><strong>similis</strong></span> <span class='ocrx_word' id='word_1_684' title='bbox 2984 2528 3062 2578; x_wconf 87' lang='lat' dir='ltr'><strong>est</strong></span> <span class='ocrx_word' id='word_1_685' title='bbox 3100 2525 3219 2581; x_wconf 88' lang='lat' dir='ltr'><strong>viro</strong></span> <span class='ocrx_word' id='word_1_686' title='bbox 3248 2512 3672 2599; x_wconf 70' lang='lat' dir='ltr'><strong>patrifamilias,</strong></span> 
     </span>
    </p>
   </div>
   <div class='ocr_carea' id='block_1_92' title="bbox 2018 2597 3667 2679">
    <p class='ocr_par' dir='ltr' id='par_1_92' title="bbox 2018 2597 3667 2679">
     <span class='ocr_line' id='line_1_93' title="bbox 2018 2597 3667 2679; baseline 0.01 -31"><span class='ocrx_word' id='word_1_687' title='bbox 2018 2597 2329 2679; x_wconf 80' lang='lat' dir='ltr'><strong>proferenti</strong></span> <span class='ocrx_word' id='word_1_688' title='bbox 2369 2598 2441 2654; x_wconf 85' lang='lat' dir='ltr'><strong>de</strong></span> <span class='ocrx_word' id='word_1_689' title='bbox 2497 2600 2751 2657; x_wconf 86' lang='lat' dir='ltr'><strong>thesauro</strong></span> <span class='ocrx_word' id='word_1_690' title='bbox 2811 2616 2912 2657; x_wconf 87' lang='lat' dir='ltr'><strong>suo</strong></span> <span class='ocrx_word' id='word_1_691' title='bbox 2949 2619 3091 2659; x_wconf 84' lang='lat' dir='ltr'><strong>nova</strong></span> <span class='ocrx_word' id='word_1_692' title='bbox 3129 2614 3180 2660; x_wconf 89' lang='lat' dir='ltr'><strong>et</strong></span> <span class='ocrx_word' id='word_1_693' title='bbox 3227 2597 3408 2664; x_wconf 78' lang='lat' dir='ltr'><strong>vetere</strong></span> <span class='ocrx_word' id='word_1_694' title='bbox 3443 2597 3667 2679; x_wconf 75' lang='lat' dir='ltr'><strong>(Matth.</strong></span> 
     </span>
    </p>
   </div>
   <div class='ocr_carea' id='block_1_93' title="bbox 2017 2677 3674 2765">
    <p class='ocr_par' dir='ltr' id='par_1_93' title="bbox 2017 2677 3674 2765">
     <span class='ocr_line' id='line_1_94' title="bbox 2017 2677 3674 2765; baseline 0.012 -36"><span class='ocrx_word' id='word_1_695' title='bbox 2017 2691 2143 2765; x_wconf 53' lang='lat' dir='ltr'><strong>nni,</strong></span> <span class='ocrx_word' id='word_1_696' title='bbox 2186 2677 2298 2750; x_wconf 80' lang='grc'><strong>52).</strong></span> <span class='ocrx_word' id='word_1_697' title='bbox 2350 2683 2474 2765; x_wconf 57' lang='lat' dir='ltr'><strong>lion</strong></span> <span class='ocrx_word' id='word_1_698' title='bbox 2513 2681 2676 2765; x_wconf 81' lang='lat' dir='ltr'><strong>dixit,</strong></span> <span class='ocrx_word' id='word_1_699' title='bbox 2729 2681 2939 2739; x_wconf 84' lang='lat' dir='ltr'><strong>Vetera</strong></span> <span class='ocrx_word' id='word_1_700' title='bbox 2986 2692 3038 2741; x_wconf 90' lang='lat' dir='ltr'><strong>et</strong></span> <span class='ocrx_word' id='word_1_701' title='bbox 3080 2677 3674 2765; x_wconf 80' lang='lat' dir='ltr'><strong>novazquodutique</strong></span> 
     </span>
    </p>
   </div>
   <div class='ocr_carea' id='block_1_94' title="bbox 2019 2758 3671 2829">
    <p class='ocr_par' dir='ltr' id='par_1_94' title="bbox 2019 2758 3671 2829">
     <span class='ocr_line' id='line_1_95' title="bbox 2019 2758 3671 2829; baseline 0.01 -17"><span class='ocrx_word' id='word_1_702' title='bbox 2019 2758 2278 2829; x_wconf 85' lang='lat' dir='ltr'><strong>dixisset,</strong></span> <span class='ocrx_word' id='word_1_703' title='bbox 2311 2758 2424 2816; x_wconf 90' lang='lat' dir='ltr'><strong>nisi</strong></span> <span class='ocrx_word' id='word_1_704' title='bbox 2456 2761 2760 2820; x_wconf 88' lang='lat' dir='ltr'><strong>maluisset</strong></span> <span class='ocrx_word' id='word_1_705' title='bbox 2781 2764 3124 2823; x_wconf 90' lang='lat' dir='ltr'><strong>meritorum</strong></span> <span class='ocrx_word' id='word_1_706' title='bbox 3148 2767 3410 2826; x_wconf 89' lang='lat' dir='ltr'><strong>ordinem</strong></span> <span class='ocrx_word' id='word_1_707' title='bbox 3443 2758 3671 2828; x_wconf 74' lang='lat' dir='ltr'><strong>servare</strong></span> 
     </span>
    </p>
   </div>
   <div class='ocr_carea' id='block_1_95' title="bbox 2018 2843 2574 2911">
    <p class='ocr_par' dir='ltr' id='par_1_95' title="bbox 2018 2843 2574 2911">
     <span class='ocr_line' id='line_1_96' title="bbox 2018 2843 2574 2911; baseline 0.013 -20"><span class='ocrx_word' id='word_1_708' title='bbox 2018 2852 2193 2909; x_wconf 88' lang='lat' dir='ltr'><strong>quam</strong></span> <span class='ocrx_word' id='word_1_709' title='bbox 2223 2843 2574 2911; x_wconf 86' lang='lat' dir='ltr'><strong>temporum.</strong></span> 
     </span>
    </p>
   </div>
   <div class='ocr_carea' id='block_1_96' title="bbox 2012 2978 3672 3047">
    <p class='ocr_par' dir='ltr' id='par_1_96' title="bbox 2012 2978 3672 3047">
     <span class='ocr_line' id='line_1_97' title="bbox 2012 2978 3672 3047; baseline 0.007 -14"><span class='ocrx_word' id='word_1_710' title='bbox 2012 2978 2244 3034; x_wconf 88' lang='lat' dir='ltr'><strong>CAPUT</strong></span> <span class='ocrx_word' id='word_1_711' title='bbox 2287 2980 2351 3032; x_wconf 90' lang='lat' dir='ltr'><strong>V.</strong></span> <span class='ocrx_word' id='word_1_712' title='bbox 2401 3008 2471 3020; x_wconf 91' lang='lat'>—</span> <span class='ocrx_word' id='word_1_713' title='bbox 2521 2979 2726 3047; x_wconf 86' lang='lat' dir='ltr'><strong>Quibus</strong></span> <span class='ocrx_word' id='word_1_714' title='bbox 2770 2983 3060 3040; x_wconf 85' lang='lat' dir='ltr'><strong>sententiis</strong></span> <span class='ocrx_word' id='word_1_715' title='bbox 3105 2985 3327 3041; x_wconf 88' lang='lat' dir='ltr'><strong>Domini</strong></span> <span class='ocrx_word' id='word_1_716' title='bbox 3365 2986 3672 3045; x_wconf 80' lang='lat' dir='ltr'><strong>Saluatoris</strong></span> 
     </span>
    </p>
   </div>
   <div class='ocr_carea' id='block_1_97' title="bbox 2081 3060 3669 3136">
    <p class='ocr_par' dir='ltr' id='par_1_97' title="bbox 2081 3060 3669 3136">
     <span class='ocr_line' id='line_1_98' title="bbox 2081 3060 3669 3136; baseline 0.007 -20"><span class='ocrx_word' id='word_1_717' title='bbox 2081 3060 2335 3116; x_wconf 80' lang='lat' dir='ltr'><strong>divinum</strong></span> <span class='ocrx_word' id='word_1_718' title='bbox 2355 3060 2644 3129; x_wconf 82' lang='lat' dir='ltr'><strong>judicium</strong></span> <span class='ocrx_word' id='word_1_719' title='bbox 2673 3061 2931 3135; x_wconf 84' lang='lat' dir='ltr'><strong>futurum</strong></span> <span class='ocrx_word' id='word_1_720' title='bbox 2972 3067 3032 3120; x_wconf 83' lang='lat' dir='ltr'><strong>in</strong></span> <span class='ocrx_word' id='word_1_721' title='bbox 3060 3066 3171 3136; x_wconf 78' lang='lat' dir='ltr'><strong>ﬁne</strong></span> <span class='ocrx_word' id='word_1_722' title='bbox 3198 3068 3395 3125; x_wconf 73' lang='lat' dir='ltr'><strong>szeculi</strong></span> <span class='ocrx_word' id='word_1_723' title='bbox 3423 3069 3669 3127; x_wconf 80' lang='lat' dir='ltr'><strong>declare-</strong></span> 
     </span>
    </p>
   </div>
   <div class='ocr_carea' id='block_1_98' title="bbox 2083 3147 2196 3196">
    <p class='ocr_par' dir='ltr' id='par_1_98' title="bbox 2083 3147 2196 3196">
     <span class='ocr_line' id='line_1_99' title="bbox 2083 3147 2196 3196; baseline -0.009 0"><span class='ocrx_word' id='word_1_724' title='bbox 2083 3147 2196 3196; x_wconf 85' lang='lat' dir='ltr'><strong>tur.</strong></span> 
     </span>
    </p>
   </div>
   <div class='ocr_carea' id='block_1_99' title="bbox 2080 3248 3664 3330">
    <p class='ocr_par' dir='ltr' id='par_1_99' title="bbox 2080 3248 3664 3330">
     <span class='ocr_line' id='line_1_100' title="bbox 2080 3248 3664 3330; baseline 0.008 -26"><span class='ocrx_word' id='word_1_725' title='bbox 2080 3248 2133 3305; x_wconf 80' lang='grc'><strong>1.</strong></span> <span class='ocrx_word' id='word_1_726' title='bbox 2165 3250 2314 3330; x_wconf 86' lang='lat' dir='ltr'><strong>Ergo</strong></span> <span class='ocrx_word' id='word_1_727' title='bbox 2358 3250 2480 3320; x_wconf 89' lang='lat' dir='ltr'><strong>ipse</strong></span> <span class='ocrx_word' id='word_1_728' title='bbox 2528 3250 2790 3308; x_wconf 88' lang='lat' dir='ltr'><strong>Salvator</strong></span> <span class='ocrx_word' id='word_1_729' title='bbox 2836 3268 2967 3310; x_wconf 91' lang='lat' dir='ltr'><strong>cum</strong></span> <span class='ocrx_word' id='word_1_730' title='bbox 3012 3256 3347 3330; x_wconf 86' lang='lat' dir='ltr'><strong>objurgaret</strong></span> <span class='ocrx_word' id='word_1_731' title='bbox 3374 3260 3664 3328; x_wconf 88' lang='lat' dir='ltr'><strong>civitates,</strong></span> 
     </span>
    </p>
   </div>
   <div class='ocr_carea' id='block_1_100' title="bbox 2009 3328 3661 3411">
    <p class='ocr_par' dir='ltr' id='par_1_100' title="bbox 2009 3328 3661 3411">
     <span class='ocr_line' id='line_1_101' title="bbox 2009 3328 3661 3411; baseline 0.01 -28"><span class='ocrx_word' id='word_1_732' title='bbox 2009 3328 2070 3383; x_wconf 92' lang='lat' dir='ltr'><strong>in</strong></span> <span class='ocrx_word' id='word_1_733' title='bbox 2102 3329 2316 3400; x_wconf 88' lang='lat' dir='ltr'><strong>quibus</strong></span> <span class='ocrx_word' id='word_1_734' title='bbox 2352 3331 2591 3411; x_wconf 86' lang='lat' dir='ltr'><strong>virtutes</strong></span> <span class='ocrx_word' id='word_1_735' title='bbox 2624 3349 2869 3404; x_wconf 82' lang='lat' dir='ltr'><strong>magnas</strong></span> <span class='ocrx_word' id='word_1_736' title='bbox 2911 3336 3146 3405; x_wconf 87' lang='lat' dir='ltr'><strong>fecerat,</strong></span> <span class='ocrx_word' id='word_1_737' title='bbox 3181 3328 3369 3411; x_wconf 79' lang='lat' dir='ltr'><strong>neque</strong></span> <span class='ocrx_word' id='word_1_738' title='bbox 3400 3343 3661 3399; x_wconf 83' lang='lat' dir='ltr'><strong>credide—</strong></span> 
     </span>
    </p>
   </div>
   <div class='ocr_carea' id='block_1_101' title="bbox 2007 3410 3659 3488">
    <p class='ocr_par' dir='ltr' id='par_1_101' title="bbox 2007 3410 3659 3488">
     <span class='ocr_line' id='line_1_102' title="bbox 2007 3410 3659 3488; baseline 0.009 -26"><span class='ocrx_word' id='word_1_739' title='bbox 2007 3412 2155 3475; x_wconf 86' lang='lat' dir='ltr'><strong>rant,</strong></span> <span class='ocrx_word' id='word_1_740' title='bbox 2196 3417 2248 3463; x_wconf 89' lang='lat' dir='ltr'><strong>et</strong></span> <span class='ocrx_word' id='word_1_741' title='bbox 2279 3410 2363 3465; x_wconf 89' lang='lat' dir='ltr'><strong>eis</strong></span> <span class='ocrx_word' id='word_1_742' title='bbox 2416 3410 2770 3480; x_wconf 79' lang='lat' dir='ltr'><strong>alienigenas</strong></span> <span class='ocrx_word' id='word_1_743' title='bbox 2816 3419 3214 3486; x_wconf 88' lang='lat' dir='ltr'><strong>anteponeret,</strong></span> <span class='ocrx_word' id='word_1_744' title='bbox 3254 3410 3659 3488; x_wconf 77' lang='lat' dir='ltr'><strong>Verumtamen,</strong></span> 
     </span>
    </p>
   </div>
   <div class='ocr_carea' id='block_1_102' title="bbox 2005 3487 3659 3560">
    <p class='ocr_par' dir='ltr' id='par_1_102' title="bbox 2005 3487 3659 3560">
     <span class='ocr_line' id='line_1_103' title="bbox 2005 3487 3659 3560; baseline 0.007 -17"><span class='ocrx_word' id='word_1_745' title='bbox 2005 3487 2219 3559; x_wconf 87' lang='lat' dir='ltr'><strong>inquit,</strong></span> <span class='ocrx_word' id='word_1_746' title='bbox 2252 3488 2371 3543; x_wconf 90' lang='lat' dir='ltr'><strong>dico</strong></span> <span class='ocrx_word' id='word_1_747' title='bbox 2401 3490 2571 3556; x_wconf 88' lang='lat' dir='ltr'><strong>vobis,</strong></span> <span class='ocrx_word' id='word_1_748' title='bbox 2624 3492 2759 3560; x_wconf 87' lang='lat' dir='ltr'><strong>Tyro</strong></span> <span class='ocrx_word' id='word_1_749' title='bbox 2807 3501 2857 3546; x_wconf 89' lang='lat' dir='ltr'><strong>et</strong></span> <span class='ocrx_word' id='word_1_750' title='bbox 2903 3492 3101 3548; x_wconf 87' lang='lat' dir='ltr'><strong>Sidoni</strong></span> <span class='ocrx_word' id='word_1_751' title='bbox 3140 3497 3425 3552; x_wconf 88' lang='lat' dir='ltr'><strong>remissius</strong></span> <span class='ocrx_word' id='word_1_752' title='bbox 3464 3500 3569 3554; x_wconf 84' lang='lat' dir='ltr'><strong>erit</strong></span> <span class='ocrx_word' id='word_1_753' title='bbox 3601 3487 3659 3556; x_wconf 83' lang='lat' dir='ltr'><strong>in</strong></span> 
     </span>
    </p>
   </div>
   <div class='ocr_carea' id='block_1_103' title="bbox 2004 3565 3650 3644">
    <p class='ocr_par' dir='ltr' id='par_1_103' title="bbox 2004 3565 3650 3644">
     <span class='ocr_line' id='line_1_104' title="bbox 2004 3565 3650 3644; baseline 0.006 -22"><span class='ocrx_word' id='word_1_754' title='bbox 2004 3568 2096 3622; x_wconf 85' lang='lat' dir='ltr'><strong>die</strong></span> <span class='ocrx_word' id='word_1_755' title='bbox 2112 3565 2318 3638; x_wconf 85' lang='lat' dir='ltr'><strong>judicii</strong></span> <span class='ocrx_word' id='word_1_756' title='bbox 2346 3583 2504 3638; x_wconf 83' lang='lat' dir='ltr'><strong>quam</strong></span> <span class='ocrx_word' id='word_1_757' title='bbox 2538 3568 2708 3622; x_wconf 87' lang='lat' dir='ltr'><strong>vobis.</strong></span> <span class='ocrx_word' id='word_1_758' title='bbox 2744 3569 2811 3623; x_wconf 89' lang='lat' dir='ltr'><strong>Et</strong></span> <span class='ocrx_word' id='word_1_759' title='bbox 2844 3570 3013 3640; x_wconf 86' lang='lat' dir='ltr'><strong>paulo</strong></span> <span class='ocrx_word' id='word_1_760' title='bbox 3046 3577 3175 3642; x_wconf 89' lang='lat' dir='ltr'><strong>post</strong></span> <span class='ocrx_word' id='word_1_761' title='bbox 3222 3574 3383 3630; x_wconf 87' lang='lat' dir='ltr'><strong>alteri</strong></span> <span class='ocrx_word' id='word_1_762' title='bbox 3417 3576 3650 3644; x_wconf 83' lang='lat' dir='ltr'><strong>civitati,</strong></span> 
     </span>
    </p>
   </div>
   <div class='ocr_carea' id='block_1_104' title="bbox 2002 3645 3655 3720">
    <p class='ocr_par' dir='ltr' id='par_1_104' title="bbox 2002 3645 3655 3720">
     <span class='ocr_line' id='line_1_105' title="bbox 2002 3645 3655 3720; baseline 0.005 -18"><span class='ocrx_word' id='word_1_763' title='bbox 2002 3648 2190 3715; x_wconf 82' lang='lat' dir='ltr'><strong>Amen,</strong></span> <span class='ocrx_word' id='word_1_764' title='bbox 2222 3645 2432 3717; x_wconf 89' lang='lat' dir='ltr'><strong>inquit,</strong></span> <span class='ocrx_word' id='word_1_765' title='bbox 2472 3646 2589 3702; x_wconf 86' lang='lat' dir='ltr'><strong>dico</strong></span> <span class='ocrx_word' id='word_1_766' title='bbox 2620 3647 2790 3716; x_wconf 85' lang='lat' dir='ltr'><strong>vobis,</strong></span> <span class='ocrx_word' id='word_1_767' title='bbox 2818 3650 2952 3720; x_wconf 86' lang='lat' dir='ltr'><strong>quia</strong></span> <span class='ocrx_word' id='word_1_768' title='bbox 2983 3654 3144 3706; x_wconf 68' lang='lat' dir='ltr'><strong>terrm</strong></span> <span class='ocrx_word' id='word_1_769' title='bbox 3174 3653 3535 3710; x_wconf 85' lang='lat' dir='ltr'><strong>Sodomorum</strong></span> <span class='ocrx_word' id='word_1_770' title='bbox 3566 3673 3655 3711; x_wconf 85' lang='lat' dir='ltr'><strong>re-</strong></span> 
     </span>
    </p>
   </div>
   <div class='ocr_carea' id='block_1_105' title="bbox 2001 3727 3653 3811">
    <p class='ocr_par' dir='ltr' id='par_1_105' title="bbox 2001 3727 3653 3811">
     <span class='ocr_line' id='line_1_106' title="bbox 2001 3727 3653 3811; baseline 0.005 -30"><span class='ocrx_word' id='word_1_771' title='bbox 2001 3728 2230 3811; x_wconf 73' lang='lat' dir='ltr'><strong>missius</strong></span> <span class='ocrx_word' id='word_1_772' title='bbox 2272 3729 2378 3811; x_wconf 75' lang='lat' dir='ltr'><strong>erit</strong></span> <span class='ocrx_word' id='word_1_773' title='bbox 2402 3728 2484 3811; x_wconf 60' lang='lat' dir='ltr'><strong>in</strong></span> <span class='ocrx_word' id='word_1_774' title='bbox 2528 3727 2626 3811; x_wconf 14' lang='lat' dir='ltr'><strong>die,</strong></span> <span class='ocrx_word' id='word_1_775' title='bbox 2650 3728 2855 3799; x_wconf 87' lang='lat' dir='ltr'><strong>judicii</strong></span> <span class='ocrx_word' id='word_1_776' title='bbox 2881 3747 3043 3800; x_wconf 86' lang='lat' dir='ltr'><strong>quam</strong></span> <span class='ocrx_word' id='word_1_777' title='bbox 3087 3732 3188 3787; x_wconf 83' lang='lat' dir='ltr'><strong>tibi</strong></span> <span class='ocrx_word' id='word_1_778' title='bbox 3215 3731 3421 3805; x_wconf 80' lang='lat' dir='ltr'><strong>(Matth.</strong></span> <span class='ocrx_word' id='word_1_779' title='bbox 3454 3752 3532 3803; x_wconf 64' lang='grc' dir='ltr'><strong>ιι,</strong></span> <span class='ocrx_word' id='word_1_780' title='bbox 3560 3737 3653 3811; x_wconf 81' lang='lat'><strong>22,</strong></span> 
     </span>
    </p>
   </div>
   <div class='ocr_carea' id='block_1_106' title="bbox 1998 3807 3652 3882">
    <p class='ocr_par' dir='ltr' id='par_1_106' title="bbox 1998 3807 3652 3882">
     <span class='ocr_line' id='line_1_107' title="bbox 1998 3807 3652 3882; baseline 0.006 -19"><span class='ocrx_word' id='word_1_781' title='bbox 1998 3809 2107 3880; x_wconf 80' lang='grc'><strong>24).</strong></span> <span class='ocrx_word' id='word_1_782' title='bbox 2143 3807 2247 3863; x_wconf 87' lang='lat' dir='ltr'><strong>Hic</strong></span> <span class='ocrx_word' id='word_1_783' title='bbox 2295 3807 2729 3865; x_wconf 76' lang='lat' dir='ltr'><strong>evidentissima</strong></span> <span class='ocrx_word' id='word_1_784' title='bbox 2778 3812 3052 3880; x_wconf 77' lang='lat' dir='ltr'><strong>przedicat</strong></span> <span class='ocrx_word' id='word_1_785' title='bbox 3090 3814 3240 3869; x_wconf 91' lang='lat' dir='ltr'><strong>diem</strong></span> <span class='ocrx_word' id='word_1_786' title='bbox 3285 3814 3490 3882; x_wconf 78' lang='lat' dir='ltr'><strong>judicii</strong></span> <span class='ocrx_word' id='word_1_787' title='bbox 3524 3807 3652 3873; x_wconf 83' lang='lat' dir='ltr'><strong>esse</strong></span> 
     </span>
    </p>
   </div>
   <div class='ocr_carea' id='block_1_107' title="bbox 2000 3887 3650 3965">
    <p class='ocr_par' dir='ltr' id='par_1_107' title="bbox 2000 3887 3650 3965">
     <span class='ocr_line' id='line_1_108' title="bbox 2000 3887 3650 3965; baseline 0.005 -22"><span class='ocrx_word' id='word_1_788' title='bbox 2000 3893 2332 3943; x_wconf 88' lang='lat' dir='ltr'><strong>venturum.</strong></span> <span class='ocrx_word' id='word_1_789' title='bbox 2364 3888 2433 3943; x_wconf 91' lang='lat' dir='ltr'><strong>Et</strong></span> <span class='ocrx_word' id='word_1_790' title='bbox 2457 3887 2571 3944; x_wconf 93' lang='lat' dir='ltr'><strong>alio</strong></span> <span class='ocrx_word' id='word_1_791' title='bbox 2610 3889 2755 3957; x_wconf 90' lang='lat' dir='ltr'><strong>loco,</strong></span> <span class='ocrx_word' id='word_1_792' title='bbox 2793 3889 2905 3945; x_wconf 85' lang='lat' dir='ltr'><strong>Viri</strong></span> <span class='ocrx_word' id='word_1_793' title='bbox 2946 3893 3226 3964; x_wconf 60' lang='lat' dir='ltr'><strong>Ninivitav,</strong></span> <span class='ocrx_word' id='word_1_794' title='bbox 3279 3895 3490 3965; x_wconf 88' lang='lat' dir='ltr'><strong>inquit,</strong></span> <span class='ocrx_word' id='word_1_795' title='bbox 3524 3915 3650 3951; x_wconf 51' lang='lat' dir='ltr'><strong>seru</strong></span> 
     </span>
    </p>
   </div>
   <div class='ocr_carea' id='block_1_108' title="bbox 1996 3967 3654 4042">
    <p class='ocr_par' dir='ltr' id='par_1_108' title="bbox 1996 3967 3654 4042">
     <span class='ocr_line' id='line_1_109' title="bbox 1996 3967 3654 4042; baseline 0.007 -19"><span class='ocrx_word' id='word_1_796' title='bbox 1996 3973 2122 4040; x_wconf 87' lang='lat' dir='ltr'><strong>gent</strong></span> <span class='ocrx_word' id='word_1_797' title='bbox 2153 3969 2207 4022; x_wconf 87' lang='lat' dir='ltr'><strong>in</strong></span> <span class='ocrx_word' id='word_1_798' title='bbox 2222 3967 2438 4039; x_wconf 84' lang='lat' dir='ltr'><strong>judicio</strong></span> <span class='ocrx_word' id='word_1_799' title='bbox 2486 3985 2608 4023; x_wconf 89' lang='lat' dir='ltr'><strong>cum</strong></span> <span class='ocrx_word' id='word_1_800' title='bbox 2656 3972 3010 4037; x_wconf 78' lang='lat' dir='ltr'><strong>generatione</strong></span> <span class='ocrx_word' id='word_1_801' title='bbox 3056 3972 3185 4042; x_wconf 80' lang='lat' dir='ltr'><strong>ista,</strong></span> <span class='ocrx_word' id='word_1_802' title='bbox 3222 3977 3273 4028; x_wconf 87' lang='lat' dir='ltr'><strong>et</strong></span> <span class='ocrx_word' id='word_1_803' title='bbox 3321 3977 3654 4034; x_wconf 84' lang='lat' dir='ltr'><strong>condemna-</strong></span> 
     </span>
    </p>
   </div>
   <div class='ocr_carea' id='block_1_109' title="bbox 1998 4048 3653 4127">
    <p class='ocr_par' dir='ltr' id='par_1_109' title="bbox 1998 4048 3653 4127">
     <span class='ocr_line' id='line_1_110' title="bbox 1998 4048 3653 4127; baseline 0.007 -24"><span class='ocrx_word' id='word_1_804' title='bbox 1998 4049 2131 4104; x_wconf 83' lang='lat' dir='ltr'><strong>bunt</strong></span> <span class='ocrx_word' id='word_1_805' title='bbox 2162 4065 2280 4104; x_wconf 84' lang='lat' dir='ltr'><strong>eam</strong></span> <span class='ocrx_word' id='word_1_806' title='bbox 2298 4070 2317 4117; x_wconf 85' lang='lat'><strong>,-</strong></span> <span class='ocrx_word' id='word_1_807' title='bbox 2349 4048 2480 4120; x_wconf 83' lang='lat' dir='ltr'><strong>quia</strong></span> <span class='ocrx_word' id='word_1_808' title='bbox 2507 4050 2884 4121; x_wconf 84' lang='lat' dir='ltr'><strong>pamitentiam</strong></span> <span class='ocrx_word' id='word_1_809' title='bbox 2914 4059 3137 4121; x_wconf 86' lang='lat' dir='ltr'><strong>egerunt</strong></span> <span class='ocrx_word' id='word_1_810' title='bbox 3167 4057 3224 4109; x_wconf 88' lang='lat' dir='ltr'><strong>in</strong></span> <span class='ocrx_word' id='word_1_811' title='bbox 3254 4058 3653 4127; x_wconf 70' lang='lat' dir='ltr'><strong>praedicatione</strong></span> 
     </span>
    </p>
   </div>
   <div class='ocr_carea' id='block_1_110' title="bbox 1992 4130 3654 4206">
    <p class='ocr_par' dir='ltr' id='par_1_110' title="bbox 1992 4130 3654 4206">
     <span class='ocr_line' id='line_1_111' title="bbox 1992 4130 3654 4206; baseline 0.005 -21"><span class='ocrx_word' id='word_1_812' title='bbox 1992 4130 2170 4195; x_wconf 65' lang='lat' dir='ltr'><strong>Iona},</strong></span> <span class='ocrx_word' id='word_1_813' title='bbox 2197 4133 2248 4184; x_wconf 88' lang='lat' dir='ltr'><strong>et</strong></span> <span class='ocrx_word' id='word_1_814' title='bbox 2266 4145 2384 4185; x_wconf 86' lang='lat' dir='ltr'><strong>ecce</strong></span> <span class='ocrx_word' id='word_1_815' title='bbox 2412 4131 2533 4199; x_wconf 78' lang='lat' dir='ltr'><strong>plus</strong></span> <span class='ocrx_word' id='word_1_816' title='bbox 2564 4146 2729 4203; x_wconf 84' lang='lat' dir='ltr'><strong>quam</strong></span> <span class='ocrx_word' id='word_1_817' title='bbox 2773 4133 2910 4188; x_wconf 83' lang='lat' dir='ltr'><strong>Jona</strong></span> <span class='ocrx_word' id='word_1_818' title='bbox 2939 4133 3044 4189; x_wconf 89' lang='lat' dir='ltr'><strong>hic.</strong></span> <span class='ocrx_word' id='word_1_819' title='bbox 3090 4135 3297 4206; x_wconf 83' lang='lat' dir='ltr'><strong>Regina</strong></span> <span class='ocrx_word' id='word_1_820' title='bbox 3318 4137 3502 4192; x_wconf 82' lang='lat' dir='ltr'><strong>Austri</strong></span> <span class='ocrx_word' id='word_1_821' title='bbox 3524 4156 3654 4193; x_wconf 86' lang='lat' dir='ltr'><strong>sur-</strong></span> 
     </span>
    </p>
   </div>
   <div class='ocr_carea' id='block_1_111' title="bbox 1992 4210 3649 4283">
    <p class='ocr_par' dir='ltr' id='par_1_111' title="bbox 1992 4210 3649 4283">
     <span class='ocr_line' id='line_1_112' title="bbox 1992 4210 3649 4283; baseline 0.006 -18"><span class='ocrx_word' id='word_1_822' title='bbox 1992 4215 2079 4279; x_wconf 88' lang='lat' dir='ltr'><strong>get</strong></span> <span class='ocrx_word' id='word_1_823' title='bbox 2128 4213 2184 4266; x_wconf 88' lang='lat' dir='ltr'><strong>in</strong></span> <span class='ocrx_word' id='word_1_824' title='bbox 2218 4210 2431 4283; x_wconf 83' lang='lat' dir='ltr'><strong>judicio</strong></span> <span class='ocrx_word' id='word_1_825' title='bbox 2495 4227 2622 4266; x_wconf 91' lang='lat' dir='ltr'><strong>cum</strong></span> <span class='ocrx_word' id='word_1_826' title='bbox 2671 4215 3027 4282; x_wconf 84' lang='lat' dir='ltr'><strong>generatione</strong></span> <span class='ocrx_word' id='word_1_827' title='bbox 3067 4214 3196 4281; x_wconf 85' lang='lat' dir='ltr'><strong>ista,</strong></span> <span class='ocrx_word' id='word_1_828' title='bbox 3228 4220 3278 4270; x_wconf 87' lang='lat' dir='ltr'><strong>et</strong></span> <span class='ocrx_word' id='word_1_829' title='bbox 3316 4218 3649 4275; x_wconf 86' lang='lat' dir='ltr'><strong>condemna-</strong></span> 
     </span>
    </p>
   </div>
   <div class='ocr_carea' id='block_1_112' title="bbox 1994 4291 3656 4377">
    <p class='ocr_par' dir='ltr' id='par_1_112' title="bbox 1994 4291 3656 4377">
     <span class='ocr_line' id='line_1_113' title="bbox 1994 4291 3656 4377; baseline 0.006 -30"><span class='ocrx_word' id='word_1_830' title='bbox 1994 4291 2071 4347; x_wconf 91' lang='lat' dir='ltr'><strong>bit</strong></span> <span class='ocrx_word' id='word_1_831' title='bbox 2096 4309 2254 4355; x_wconf 85' lang='lat' dir='ltr'><strong>eam;</strong></span> <span class='ocrx_word' id='word_1_832' title='bbox 2285 4294 2415 4363; x_wconf 87' lang='lat' dir='ltr'><strong>quia</strong></span> <span class='ocrx_word' id='word_1_833' title='bbox 2445 4294 2593 4348; x_wconf 84' lang='lat' dir='ltr'><strong>venit</strong></span> <span class='ocrx_word' id='word_1_834' title='bbox 2612 4310 2645 4349; x_wconf 88' lang='lat' dir='ltr'><strong>a</strong></span> <span class='ocrx_word' id='word_1_835' title='bbox 2675 4294 2876 4363; x_wconf 86' lang='lat' dir='ltr'><strong>ﬁnibus</strong></span> <span class='ocrx_word' id='word_1_836' title='bbox 2906 4303 3072 4353; x_wconf 64' lang='lat' dir='ltr'><strong>terra?</strong></span> <span class='ocrx_word' id='word_1_837' title='bbox 3101 4297 3298 4354; x_wconf 87' lang='lat' dir='ltr'><strong>audire</strong></span> <span class='ocrx_word' id='word_1_838' title='bbox 3315 4303 3656 4377; x_wconf 10' lang='lat' dir='ltr'><strong>sapientiam,</strong></span> 
     </span>
    </p>
   </div>
   <div class='ocr_carea' id='block_1_113' title="bbox 1991 4372 3642 4453">
    <p class='ocr_par' dir='ltr' id='par_1_113' title="bbox 1991 4372 3642 4453">
     <span class='ocr_line' id='line_1_114' title="bbox 1991 4372 3642 4453; baseline 0.007 -25"><span class='ocrx_word' id='word_1_839' title='bbox 1991 4372 2317 4440; x_wconf 84' lang='lat' dir='ltr'><strong>Salomonis,</strong></span> <span class='ocrx_word' id='word_1_840' title='bbox 2354 4380 2405 4428; x_wconf 91' lang='lat' dir='ltr'><strong>et</strong></span> <span class='ocrx_word' id='word_1_841' title='bbox 2456 4388 2579 4429; x_wconf 85' lang='lat' dir='ltr'><strong>ecce</strong></span> <span class='ocrx_word' id='word_1_842' title='bbox 2629 4374 2756 4445; x_wconf 81' lang='lat' dir='ltr'><strong>plus</strong></span> <span class='ocrx_word' id='word_1_843' title='bbox 2802 4392 2965 4446; x_wconf 89' lang='lat' dir='ltr'><strong>quam</strong></span> <span class='ocrx_word' id='word_1_844' title='bbox 3006 4376 3260 4435; x_wconf 85' lang='lat' dir='ltr'><strong>Salomon</strong></span> <span class='ocrx_word' id='word_1_845' title='bbox 3292 4379 3381 4435; x_wconf 83' lang='lat' dir='ltr'><strong>hic</strong></span> <span class='ocrx_word' id='word_1_846' title='bbox 3409 4381 3509 4452; x_wconf 87' lang='lat' dir='ltr'><strong>(Id.</strong></span> <span class='ocrx_word' id='word_1_847' title='bbox 3542 4401 3642 4453; x_wconf 83' lang='lat' dir='ltr'><strong>xu,</strong></span> 
     </span>
    </p>
   </div>
   <div class='ocr_carea' id='block_1_114' title="bbox 1991 4452 3641 4529">
    <p class='ocr_par' dir='ltr' id='par_1_114' title="bbox 1991 4452 3641 4529">
     <span class='ocr_line' id='line_1_115' title="bbox 1991 4452 3641 4529; baseline 0.008 -24"><span class='ocrx_word' id='word_1_848' title='bbox 1991 4452 2082 4522; x_wconf 79' lang='grc'><strong>41,</strong></span> <span class='ocrx_word' id='word_1_849' title='bbox 2114 4453 2222 4523; x_wconf 81' lang='grc'><strong>42).</strong></span> <span class='ocrx_word' id='word_1_850' title='bbox 2258 4453 2412 4509; x_wconf 89' lang='lat' dir='ltr'><strong>Duas</strong></span> <span class='ocrx_word' id='word_1_851' title='bbox 2463 4453 2571 4509; x_wconf 91' lang='lat' dir='ltr'><strong>hoc</strong></span> <span class='ocrx_word' id='word_1_852' title='bbox 2600 4452 2722 4509; x_wconf 92' lang='lat' dir='ltr'><strong>loco</strong></span> <span class='ocrx_word' id='word_1_853' title='bbox 2773 4471 2863 4510; x_wconf 90' lang='lat' dir='ltr'><strong>res</strong></span> <span class='ocrx_word' id='word_1_854' title='bbox 2910 4456 3211 4529; x_wconf 87' lang='lat' dir='ltr'><strong>discimus,</strong></span> <span class='ocrx_word' id='word_1_855' title='bbox 3245 4464 3300 4514; x_wconf 89' lang='lat' dir='ltr'><strong>et</strong></span> <span class='ocrx_word' id='word_1_856' title='bbox 3331 4452 3641 4519; x_wconf 88' lang='lat' dir='ltr'><strong>venturum</strong></span> 
     </span>
    </p>
   </div>
   <div class='ocr_carea' id='block_1_115' title="bbox 1989 4533 3644 4602">
    <p class='ocr_par' dir='ltr' id='par_1_115' title="bbox 1989 4533 3644 4602">
     <span class='ocr_line' id='line_1_116' title="bbox 1989 4533 3644 4602; baseline 0.007 -14"><span class='ocrx_word' id='word_1_857' title='bbox 1989 4548 2117 4588; x_wconf 89' lang='lat' dir='ltr'><strong>esse</strong></span> <span class='ocrx_word' id='word_1_858' title='bbox 2163 4533 2476 4602; x_wconf 88' lang='lat' dir='ltr'><strong>judicium,</strong></span> <span class='ocrx_word' id='word_1_859' title='bbox 2525 4537 2583 4589; x_wconf 90' lang='lat' dir='ltr'><strong>et</strong></span> <span class='ocrx_word' id='word_1_860' title='bbox 2629 4551 2757 4590; x_wconf 89' lang='lat' dir='ltr'><strong>cum</strong></span> <span class='ocrx_word' id='word_1_861' title='bbox 2809 4541 3176 4593; x_wconf 89' lang='lat' dir='ltr'><strong>mortuorum</strong></span> <span class='ocrx_word' id='word_1_862' title='bbox 3224 4544 3644 4599; x_wconf 88' lang='lat' dir='ltr'><strong>resurrectione</strong></span> 
     </span>
    </p>
   </div>
   <div class='ocr_carea' id='block_1_116' title="bbox 1987 4614 3642 4693">
    <p class='ocr_par' dir='ltr' id='par_1_116' title="bbox 1987 4614 3642 4693">
     <span class='ocr_line' id='line_1_117' title="bbox 1987 4614 3642 4693; baseline 0.008 -27"><span class='ocrx_word' id='word_1_863' title='bbox 1987 4619 2318 4670; x_wconf 89' lang='lat' dir='ltr'><strong>venturum.</strong></span> <span class='ocrx_word' id='word_1_864' title='bbox 2353 4616 2430 4670; x_wconf 93' lang='lat' dir='ltr'><strong>De</strong></span> <span class='ocrx_word' id='word_1_865' title='bbox 2461 4614 2734 4671; x_wconf 85' lang='lat' dir='ltr'><strong>Ninivitis</strong></span> <span class='ocrx_word' id='word_1_866' title='bbox 2761 4616 2915 4672; x_wconf 90' lang='lat' dir='ltr'><strong>enim</strong></span> <span class='ocrx_word' id='word_1_867' title='bbox 2948 4626 3000 4673; x_wconf 88' lang='lat' dir='ltr'><strong>et</strong></span> <span class='ocrx_word' id='word_1_868' title='bbox 3024 4620 3224 4690; x_wconf 84' lang='lat' dir='ltr'><strong>regina</strong></span> <span class='ocrx_word' id='word_1_869' title='bbox 3248 4622 3441 4677; x_wconf 84' lang='lat' dir='ltr'><strong>Austri</strong></span> <span class='ocrx_word' id='word_1_870' title='bbox 3465 4641 3642 4693; x_wconf 88' lang='lat' dir='ltr'><strong>quan-</strong></span> 
     </span>
    </p>
   </div>
   <div class='ocr_carea' id='block_1_117' title="bbox 1987 4695 3637 4772">
    <p class='ocr_par' dir='ltr' id='par_1_117' title="bbox 1987 4695 3637 4772">
     <span class='ocr_line' id='line_1_118' title="bbox 1987 4695 3637 4772; baseline 0.004 -21"><span class='ocrx_word' id='word_1_871' title='bbox 1987 4696 2059 4751; x_wconf 91' lang='lat' dir='ltr'><strong>do</strong></span> <span class='ocrx_word' id='word_1_872' title='bbox 2088 4696 2203 4752; x_wconf 87' lang='lat' dir='ltr'><strong>ista</strong></span> <span class='ocrx_word' id='word_1_873' title='bbox 2232 4695 2482 4761; x_wconf 87' lang='lat' dir='ltr'><strong>dicebat,</strong></span> <span class='ocrx_word' id='word_1_874' title='bbox 2517 4696 2587 4752; x_wconf 90' lang='lat' dir='ltr'><strong>de</strong></span> <span class='ocrx_word' id='word_1_875' title='bbox 2621 4698 2864 4753; x_wconf 89' lang='lat' dir='ltr'><strong>mortuis</strong></span> <span class='ocrx_word' id='word_1_876' title='bbox 2896 4698 3022 4754; x_wconf 89' lang='lat' dir='ltr'><strong>sine</strong></span> <span class='ocrx_word' id='word_1_877' title='bbox 3061 4700 3235 4755; x_wconf 85' lang='lat' dir='ltr'><strong>dubio</strong></span> <span class='ocrx_word' id='word_1_878' title='bbox 3268 4702 3637 4772; x_wconf 88' lang='lat' dir='ltr'><strong>loquebatur,</strong></span> 
     </span>
    </p>
   </div>
   <div class='ocr_carea' id='block_1_118' title="bbox 1984 4777 3639 4851">
    <p class='ocr_par' dir='ltr' id='par_1_118' title="bbox 1984 4777 3639 4851">
     <span class='ocr_line' id='line_1_119' title="bbox 1984 4777 3639 4851; baseline 0.002 -20"><span class='ocrx_word' id='word_1_879' title='bbox 1984 4793 2128 4846; x_wconf 87' lang='lat' dir='ltr'><strong>quos</strong></span> <span class='ocrx_word' id='word_1_880' title='bbox 2163 4786 2349 4832; x_wconf 84' lang='lat' dir='ltr'><strong>tamen</strong></span> <span class='ocrx_word' id='word_1_881' title='bbox 2382 4777 2440 4832; x_wconf 90' lang='lat' dir='ltr'><strong>in</strong></span> <span class='ocrx_word' id='word_1_882' title='bbox 2473 4777 2565 4832; x_wconf 90' lang='lat' dir='ltr'><strong>die</strong></span> <span class='ocrx_word' id='word_1_883' title='bbox 2606 4778 2812 4848; x_wconf 90' lang='lat' dir='ltr'><strong>judicii</strong></span> <span class='ocrx_word' id='word_1_884' title='bbox 2860 4784 3287 4835; x_wconf 88' lang='lat' dir='ltr'><strong>resurrecturos</strong></span> <span class='ocrx_word' id='word_1_885' title='bbox 3326 4798 3453 4835; x_wconf 89' lang='lat' dir='ltr'><strong>esse</strong></span> <span class='ocrx_word' id='word_1_886' title='bbox 3486 4799 3639 4851; x_wconf 83' lang='lat' dir='ltr'><strong>prae-</strong></span> 
     </span>
    </p>
   </div>
   <div class='ocr_carea' id='block_1_119' title="bbox 1984 4857 3631 4929">
    <p class='ocr_par' dir='ltr' id='par_1_119' title="bbox 1984 4857 3631 4929">
     <span class='ocr_line' id='line_1_120' title="bbox 1984 4857 3631 4929; baseline 0.002 -18"><span class='ocrx_word' id='word_1_887' title='bbox 1984 4857 2146 4912; x_wconf 85' lang='lat' dir='ltr'><strong>dixit.</strong></span> <span class='ocrx_word' id='word_1_888' title='bbox 2195 4858 2309 4912; x_wconf 89' lang='lat' dir='ltr'><strong>Nec</strong></span> <span class='ocrx_word' id='word_1_889' title='bbox 2342 4858 2470 4912; x_wconf 90' lang='lat' dir='ltr'><strong>ideo</strong></span> <span class='ocrx_word' id='word_1_890' title='bbox 2514 4857 2672 4925; x_wconf 75' lang='lat' dir='ltr'><strong>dixit,</strong></span> <span class='ocrx_word' id='word_1_891' title='bbox 2718 4858 3178 4925; x_wconf 80' lang='lat' dir='ltr'><strong>condemnabunt,</strong></span> <span class='ocrx_word' id='word_1_892' title='bbox 3214 4860 3350 4928; x_wconf 88' lang='lat' dir='ltr'><strong>quia</strong></span> <span class='ocrx_word' id='word_1_893' title='bbox 3400 4861 3510 4929; x_wconf 89' lang='lat' dir='ltr'><strong>ipsi</strong></span> <span class='ocrx_word' id='word_1_894' title='bbox 3533 4861 3631 4929; x_wconf 80' lang='lat' dir='ltr'><strong>ju—</strong></span> 
     </span>
    </p>
   </div>
   <div class='ocr_carea' id='block_1_120' title="bbox 1981 4936 3630 5009">
    <p class='ocr_par' dir='ltr' id='par_1_120' title="bbox 1981 4936 3630 5009">
     <span class='ocr_line' id='line_1_121' title="bbox 1981 4936 3630 5009; baseline 0.003 -19"><span class='ocrx_word' id='word_1_895' title='bbox 1981 4937 2300 4992; x_wconf 89' lang='lat' dir='ltr'><strong>dicabunt:</strong></span> <span class='ocrx_word' id='word_1_896' title='bbox 2337 4939 2438 4992; x_wconf 88' lang='lat' dir='ltr'><strong>sed</strong></span> <span class='ocrx_word' id='word_1_897' title='bbox 2473 4939 2607 5006; x_wconf 91' lang='lat' dir='ltr'><strong>quia</strong></span> <span class='ocrx_word' id='word_1_898' title='bbox 2642 4953 2711 4991; x_wconf 88' lang='lat' dir='ltr'><strong>ex</strong></span> <span class='ocrx_word' id='word_1_899' title='bbox 2757 4936 3017 5008; x_wconf 88' lang='lat' dir='ltr'><strong>ipsorum</strong></span> <span class='ocrx_word' id='word_1_900' title='bbox 3068 4941 3501 5009; x_wconf 84' lang='lat' dir='ltr'><strong>comparatione</strong></span> <span class='ocrx_word' id='word_1_901' title='bbox 3533 4940 3630 4995; x_wconf 86' lang='lat' dir='ltr'><strong>isti</strong></span> 
     </span>
    </p>
   </div>
   <div class='ocr_carea' id='block_1_121' title="bbox 1983 5015 2678 5072">
    <p class='ocr_par' dir='ltr' id='par_1_121' title="bbox 1983 5015 2678 5072">
     <span class='ocr_line' id='line_1_122' title="bbox 1983 5015 2678 5072; baseline -0.006 -2"><span class='ocrx_word' id='word_1_902' title='bbox 1983 5018 2189 5072; x_wconf 91' lang='lat' dir='ltr'><strong>merito</strong></span> <span class='ocrx_word' id='word_1_903' title='bbox 2222 5015 2678 5069; x_wconf 87' lang='lat' dir='ltr'><strong>damnabuntur.</strong></span> 
     </span>
    </p>
   </div>
   <div class='ocr_carea' id='block_1_122' title="bbox 2049 5094 3628 5161">
    <p class='ocr_par' dir='ltr' id='par_1_122' title="bbox 2049 5094 3628 5161">
     <span class='ocr_line' id='line_1_123' title="bbox 2049 5094 3628 5161; baseline 0.003 -11"><span class='ocrx_word' id='word_1_904' title='bbox 2049 5097 2104 5150; x_wconf 88' lang='lat'><strong>2.</strong></span> <span class='ocrx_word' id='word_1_905' title='bbox 2139 5095 2363 5150; x_wconf 83' lang='lat' dir='ltr'><strong>Rursus</strong></span> <span class='ocrx_word' id='word_1_906' title='bbox 2397 5095 2506 5150; x_wconf 82' lang='lat' dir='ltr'><strong>alio</strong></span> <span class='ocrx_word' id='word_1_907' title='bbox 2532 5094 2679 5161; x_wconf 90' lang='lat' dir='ltr'><strong>loco,</strong></span> <span class='ocrx_word' id='word_1_908' title='bbox 2722 5113 2855 5151; x_wconf 90' lang='lat' dir='ltr'><strong>cum</strong></span> <span class='ocrx_word' id='word_1_909' title='bbox 2890 5097 2960 5152; x_wconf 91' lang='lat' dir='ltr'><strong>de</strong></span> <span class='ocrx_word' id='word_1_910' title='bbox 2999 5096 3302 5153; x_wconf 87' lang='lat' dir='ltr'><strong>hominum</strong></span> <span class='ocrx_word' id='word_1_911' title='bbox 3345 5098 3628 5155; x_wconf 86' lang='lat' dir='ltr'><strong>bonorum</strong></span> 
     </span>
    </p>
   </div>
   <div class='ocr_carea' id='block_1_123' title="bbox 1979 5177 3626 5252">
    <p class='ocr_par' dir='ltr' id='par_1_123' title="bbox 1979 5177 3626 5252">
     <span class='ocr_line' id='line_1_124' title="bbox 1979 5177 3626 5252; baseline 0.002 -21"><span class='ocrx_word' id='word_1_912' title='bbox 1979 5183 2035 5231; x_wconf 90' lang='lat' dir='ltr'><strong>et</strong></span> <span class='ocrx_word' id='word_1_913' title='bbox 2066 5177 2349 5232; x_wconf 90' lang='lat' dir='ltr'><strong>malorum</strong></span> <span class='ocrx_word' id='word_1_914' title='bbox 2385 5193 2541 5231; x_wconf 90' lang='lat' dir='ltr'><strong>nunc</strong></span> <span class='ocrx_word' id='word_1_915' title='bbox 2575 5177 2977 5247; x_wconf 77' lang='lat' dir='ltr'><strong>permixtione,</strong></span> <span class='ocrx_word' id='word_1_916' title='bbox 3013 5189 3207 5250; x_wconf 85' lang='lat' dir='ltr'><strong>postea</strong></span> <span class='ocrx_word' id='word_1_917' title='bbox 3239 5182 3626 5252; x_wconf 86' lang='lat' dir='ltr'><strong>separatione,</strong></span> 
     </span>
    </p>
   </div>
   <div class='ocr_carea' id='block_1_124' title="bbox 1979 5257 3629 5330">
    <p class='ocr_par' dir='ltr' id='par_1_124' title="bbox 1979 5257 3629 5330">
     <span class='ocr_line' id='line_1_125' title="bbox 1979 5257 3629 5330; baseline 0.002 -19"><span class='ocrx_word' id='word_1_918' title='bbox 1979 5273 2105 5328; x_wconf 68' lang='lat' dir='ltr'><strong>qua:</strong></span> <span class='ocrx_word' id='word_1_919' title='bbox 2140 5257 2337 5325; x_wconf 85' lang='lat' dir='ltr'><strong>utique</strong></span> <span class='ocrx_word' id='word_1_920' title='bbox 2367 5257 2459 5312; x_wconf 89' lang='lat' dir='ltr'><strong>die</strong></span> <span class='ocrx_word' id='word_1_921' title='bbox 2487 5257 2698 5326; x_wconf 88' lang='lat' dir='ltr'><strong>judicii</strong></span> <span class='ocrx_word' id='word_1_922' title='bbox 2726 5259 2923 5314; x_wconf 86' lang='lat' dir='ltr'><strong>futura</strong></span> <span class='ocrx_word' id='word_1_923' title='bbox 2944 5266 3049 5327; x_wconf 84' lang='lat' dir='ltr'><strong>est,</strong></span> <span class='ocrx_word' id='word_1_924' title='bbox 3086 5259 3441 5330; x_wconf 84' lang='lat' dir='ltr'><strong>loqueretur,</strong></span> <span class='ocrx_word' id='word_1_925' title='bbox 3470 5262 3629 5315; x_wconf 87' lang='lat' dir='ltr'><strong>adhi-</strong></span> 
     </span>
    </p>
   </div>
   <div class='ocr_carea' id='block_1_125' title="bbox 1977 5338 3623 5413">
    <p class='ocr_par' dir='ltr' id='par_1_125' title="bbox 1977 5338 3623 5413">
     <span class='ocr_line' id='line_1_126' title="bbox 1977 5338 3623 5413; baseline 0.002 -20"><span class='ocrx_word' id='word_1_926' title='bbox 1977 5338 2098 5393; x_wconf 85' lang='lat' dir='ltr'><strong>buit</strong></span> <span class='ocrx_word' id='word_1_927' title='bbox 2122 5338 2568 5394; x_wconf 87' lang='lat' dir='ltr'><strong>similitudinem</strong></span> <span class='ocrx_word' id='word_1_928' title='bbox 2603 5341 2674 5395; x_wconf 92' lang='lat' dir='ltr'><strong>de</strong></span> <span class='ocrx_word' id='word_1_929' title='bbox 2714 5341 2909 5396; x_wconf 86' lang='lat' dir='ltr'><strong>tritico</strong></span> <span class='ocrx_word' id='word_1_930' title='bbox 2957 5343 3236 5397; x_wconf 88' lang='lat' dir='ltr'><strong>seminato</strong></span> <span class='ocrx_word' id='word_1_931' title='bbox 3268 5346 3325 5397; x_wconf 92' lang='lat' dir='ltr'><strong>et</strong></span> <span class='ocrx_word' id='word_1_932' title='bbox 3357 5358 3623 5413; x_wconf 82' lang='lat' dir='ltr'><strong>superse-</strong></span> 
     </span>
    </p>
   </div>
   <div class='ocr_carea' id='block_1_126' title="bbox 1978 5419 3619 5496">
    <p class='ocr_par' dir='ltr' id='par_1_126' title="bbox 1978 5419 3619 5496">
     <span class='ocr_line' id='line_1_127' title="bbox 1978 5419 3619 5496; baseline 0.001 -20"><span class='ocrx_word' id='word_1_933' title='bbox 1978 5420 2215 5476; x_wconf 87' lang='lat' dir='ltr'><strong>minatis</strong></span> <span class='ocrx_word' id='word_1_934' title='bbox 2241 5419 2496 5489; x_wconf 85' lang='lat' dir='ltr'><strong>zizaniis,</strong></span> <span class='ocrx_word' id='word_1_935' title='bbox 2529 5438 2778 5496; x_wconf 90' lang='lat' dir='ltr'><strong>eamque</strong></span> <span class='ocrx_word' id='word_1_936' title='bbox 2810 5424 2930 5478; x_wconf 86' lang='lat' dir='ltr'><strong>suis</strong></span> <span class='ocrx_word' id='word_1_937' title='bbox 2961 5440 3255 5496; x_wconf 86' lang='lat' dir='ltr'><strong>exponens</strong></span> <span class='ocrx_word' id='word_1_938' title='bbox 3284 5424 3619 5495; x_wconf 76' lang='lat' dir='ltr'><strong>discipulis:</strong></span> 
     </span>
    </p>
   </div>
   <div class='ocr_carea' id='block_1_127' title="bbox 2041 5585 2939 5651">
    <p class='ocr_par' dir='ltr' id='par_1_127' title="bbox 2041 5585 2939 5651">
     <span class='ocr_line' id='line_1_128' title="bbox 2041 5585 2939 5651; baseline 0.004 -16"><span class='ocrx_word' id='word_1_939' title='bbox 2041 5589 2057 5651; x_wconf 62' lang='grc' dir='ltr'><strong>ξ</strong></span> <span class='ocrx_word' id='word_1_940' title='bbox 2085 5585 2208 5651; x_wconf 82' lang='lat' dir='ltr'><strong>‘_Sola</strong></span> <span class='ocrx_word' id='word_1_941' title='bbox 2236 5585 2402 5651; x_wconf 78' lang='lat' dir='ltr'><strong>editio</strong></span> <span class='ocrx_word' id='word_1_942' title='bbox 2427 5586 2575 5651; x_wconf 81' lang='lat' dir='ltr'><strong>Lov.,</strong></span> <span class='ocrx_word' id='word_1_943' title='bbox 2606 5589 2939 5651; x_wconf 82' lang='lat' dir='ltr'><strong>prophetiae.</strong></span> 
     </span>
    </p>
   </div>
   <div class='ocr_carea' id='block_1_128' title="bbox 2038 5648 3620 5718">
    <p class='ocr_par' dir='ltr' id='par_1_128' title="bbox 2038 5648 3620 5718">
     <span class='ocr_line' id='line_1_129' title="bbox 2038 5648 3620 5718; baseline 0.008 -23"><span class='ocrx_word' id='word_1_944' title='bbox 2038 5648 2148 5718; x_wconf 42' lang='lat' dir='ltr'>{In</span> <span class='ocrx_word' id='word_1_945' title='bbox 2177 5652 2301 5718; x_wconf 84' lang='lat' dir='ltr'><strong>ante</strong></span> <span class='ocrx_word' id='word_1_946' title='bbox 2326 5649 2498 5705; x_wconf 85' lang='lat' dir='ltr'><strong>editis,</strong></span> <span class='ocrx_word' id='word_1_947' title='bbox 2531 5648 2628 5718; x_wconf 80' lang='lat' dir='ltr'><strong>qui</strong></span> <span class='ocrx_word' id='word_1_948' title='bbox 2652 5648 2969 5718; x_wconf 10' lang='lat' dir='ltr'><strong>cr‘eduntrirt</strong></span> <span class='ocrx_word' id='word_1_949' title='bbox 2997 5668 3140 5702; x_wconf 86' lang='lat' dir='ltr'><strong>eum.</strong></span> <span class='ocrx_word' id='word_1_950' title='bbox 3170 5654 3348 5714; x_wconf 78' lang='lat' dir='ltr'><strong>Abest,</strong></span> <span class='ocrx_word' id='word_1_951' title='bbox 3380 5656 3442 5706; x_wconf 89' lang='lat' dir='ltr'><strong>in</strong></span> <span class='ocrx_word' id='word_1_952' title='bbox 3471 5673 3620 5718; x_wconf 88' lang='lat' dir='ltr'><strong>eum,</strong></span> 
     </span>
    </p>
   </div>
   <div class='ocr_carea' id='block_1_129' title="bbox 1973 5711 2992 5776">
    <p class='ocr_par' dir='ltr' id='par_1_129' title="bbox 1973 5711 2992 5776">
     <span class='ocr_line' id='line_1_130' title="bbox 1973 5711 2992 5776; baseline 0.004 -18"><span class='ocrx_word' id='word_1_953' title='bbox 1973 5722 2007 5758; x_wconf 88' lang='lat' dir='ltr'><strong>a</strong></span> <span class='ocrx_word' id='word_1_954' title='bbox 2034 5711 2176 5772; x_wconf 87' lang='lat' dir='ltr'><strong>Mss.,</strong></span> <span class='ocrx_word' id='word_1_955' title='bbox 2207 5714 2258 5761; x_wconf 89' lang='lat' dir='ltr'><strong>et</strong></span> <span class='ocrx_word' id='word_1_956' title='bbox 2286 5726 2319 5763; x_wconf 88' lang='lat' dir='ltr'><strong>a</strong></span> <span class='ocrx_word' id='word_1_957' title='bbox 2345 5711 2710 5775; x_wconf 33' lang='lat' dir='ltr'><strong>graeco’textu</strong></span> <span class='ocrx_word' id='word_1_958' title='bbox 2736 5716 2992 5776; x_wconf 80' lang='lat' dir='ltr'><strong>Apostoli.</strong></span> 
     </span>
    </p>
   </div>
  </div>
