4124 6188
339 345 457 408 663

343 482 448 549 Qui
470 477 729 540 seminat,
761 473 974 545 inquit,
1008 474 1209 529 bonum
1247 489 1453 534 semen.
1484 478 1563 530 est
1607 474 1780 529 Filius
1811 474 1998 530 homi-

341 560 466 615 nis:
495 575 627 629 ager
654 561 835 611 autem
875 561 953 611 est
986 554 1221 609 mundus
1240 557 1255 590 ¹
1276 571 1296 609 :
1339 555 1540 610 bonum
1568 570 1694 611 vero
1723 571 1906 610 semen
1938 556 1997 611 hi

344 648 476 697 sunt
517 638 623 707 ﬁlii
671 636 868 705 regni;
917 636 1137 690 zizania
1178 642 1361 690 autem
1407 634 1519 705 ﬁlii
1568 640 1695 690 sunt
1723 648 1999 705 nequam:

343 721 611 777 inimicus
639 722 820 771 autem
849 717 945 787 qui
972 715 1265 769 seminavit
1295 731 1378 782 ea,
1401 718 1477 770 est
1498 715 1750 770 diabolus
1768 734 1786 770 :
1810 716 2005 770 messis

344 804 525 856 autem
556 798 953 852 consummatio
983 795 1178 851 saeculi
1226 803 1319 862 est,
1361 810 1620 851 messores
1650 810 1775 851 vero
1805 795 2001 863 Angeli

344 889 495 935 sunt.
530 876 677 932 Sicut
696 892 825 944 ergo
854 876 1191 945 colliguntur
1228 874 1469 938 zizania,
1510 885 1559 931 et
1606 875 1736 947 igni
1780 876 2001 930 combu-

349 968 595 1024 runtur;
626 958 705 1011 sic
733 958 841 1011 erit
870 957 928 1009 in
969 954 1440 1011 consummatione
1468 957 1681 1012 swculi.
1712 956 1884 1011 .‘littet
1908 956 2000 1010 Fi—

349 1041 456 1095 lius
477 1037 723 1094 hominis
762 1036 992 1105 Angelus
1019 1052 1165 1104 suos,
1198 1043 1252 1090 et
1299 1034 1569 1103 colligent
1600 1037 1664 1090 de
1693 1051 1856 1106 regno
1886 1036 2004 1106 ejus

347 1120 534 1175 omnia
581 1116 871 1184 scandala,
919 1125 971 1171 et
1016 1130 1104 1171 eos
1151 1117 1250 1186 qui
1294 1117 1513 1185 faciunt
1541 1115 1919 1186 iniquitatem,
1951 1118 2003 1169 et

347 1200 566 1256 mittent
604 1215 694 1255 eos
727 1199 782 1252 in
814 1199 1097 1253 caminum
1118 1198 1307 1267 ignis:
1346 1198 1430 1252 ibi
1458 1200 1561 1253 erit
1590 1200 1749 1268 ﬂetus
1788 1202 1841 1253 et
1870 1198 2004 1250 stri-

350 1282 451 1337 dor
477 1280 744 1335 dentium.
775 1279 918 1333 Tunc
944 1279 1077 1346 justi
1121 1278 1414 1348 fulgebunt
1460 1280 1600 1333 sicut
1629 1279 1710 1333 sol
1742 1279 1801 1332 in
1828 1289 2005 1349 regno

353 1360 542 1417 Patris
597 1375 806 1414 eorum.
862 1358 970 1425 Qui
1024 1358 1180 1414 habet
1233 1375 1398 1414 aures
1464 1358 1749 1425 audiendi,
1813 1358 2005 1412 audiat

353 1444 560 1515 (Matth.
593 1456 719 1511 xm,
749 1440 956 1508 37-43).
983 1440 1085 1495 Hic
1132 1441 1368 1510 quidem
1405 1440 1697 1511 judicium
1730 1439 1819 1495 vel
1850 1439 2005 1494 diem

348 1523 554 1593 judicii
586 1539 699 1577 non
735 1521 1077 1591 nominavit,
1110 1521 1211 1577 sed
1244 1521 1429 1576 multo
1460 1538 1591 1577 eum
1623 1521 1836 1576 clarius
1865 1519 2006 1590 ipsis

355 1605 530 1660 rebus
586 1600 894 1673 expressit,
954 1604 1014 1656 et
1067 1599 1128 1655 in
1179 1600 1292 1657 {ine
1336 1599 1537 1657 saeculi
1582 1601 1846 1655 futurum
1878 1612 2007 1655 esse

354 1682 639 1755 praedixit.

425 1765 478 1818 3.
505 1765 649 1818 Item
681 1760 985 1833 discipulis
1015 1760 1178 1817 suis:
1231 1761 1424 1828 Amen,
1456 1760 1666 1834 inquit,
1700 1759 1817 1816 dico
1837 1758 2005 1825 vobis,

354 1842 494 1915 quod
525 1856 615 1897 vos
645 1842 740 1911 qui
785 1841 960 1895 secuti
1006 1840 1137 1895 estis
1165 1856 1274 1910 me,
1310 1844 1369 1896 in
1419 1840 1852 1911 regeneratione,
1883 1854 2008 1893 cum

354 1922 563 1979 sederit
592 1920 762 1975 Filius
792 1919 1031 1975 hominis
1061 1918 1122 1973 in
1143 1919 1267 1975 sede
1297 1919 1606 1989 maiestatis
1636 1934 1773 1989 suae,
1799 1918 2007 1974 sedebi-

360 2004 430 2058 tis
459 2006 515 2056 et
543 2016 631 2056 vos
660 2016 824 2071 super
851 1998 1001 2056 sedes
1037 1999 1339 2069 duodecim,
1369 2000 1682 2072 judicantes
1727 2000 2009 2055 duodecim

359 2084 536 2139 tribus
563 2082 733 2136 Israel
760 2079 859 2150 (Id.
892 2095 1011 2146 xxx,
1041 2080 1154 2151 28).
1207 2080 1310 2136 Hic
1354 2081 1640 2136 discimus
1704 2096 1839 2135 cum
1888 2077 2014 2134 suis

360 2160 1094 2232 discipulisjudicaturum
1142 2162 1363 2218 Iesum.
1414 2160 1577 2218 Unde
1624 2165 1681 2217 et
1723 2160 1862 2215 alibi
1909 2164 2015 2216 Ju-

362 2243 498 2300 daais
529 2240 709 2297 dixit:
769 2240 829 2296 Si
870 2256 968 2309 ego
1022 2243 1080 2296 in
1134 2242 1439 2298 Beelzebub
1497 2242 1657 2312 eiicio
1714 2240 2014 2306 damonia,

362 2324 472 2395 ﬁlii
518 2321 688 2379 vestri
733 2321 795 2377 in
841 2337 945 2393 quo
991 2324 1266 2392 ejiciunt?
1306 2322 1435 2378 Ideo
1475 2325 1582 2393 ipsi
1601 2322 1823 2393 judices
1854 2323 2018 2377 vestri

362 2409 521 2460 erunt
571 2401 673 2474 (Id.
705 2417 808 2468 xn,
850 2402 965 2473 27).
1015 2401 1130 2457 Nec
1180 2402 1458 2473 quoniam
1492 2418 1670 2473 super
1711 2401 2017 2457 duodecim

364 2486 531 2541 sedes
573 2499 839 2538 sessuros
886 2499 1015 2538 esse
1047 2483 1147 2550 ait,
1199 2483 1504 2538 duodecim
1549 2482 1706 2538 solos
1754 2481 2019 2537 homines

372 2581 504 2619 cum
554 2562 652 2619 illo
695 2562 1063 2632 judicaturos
1086 2567 1291 2633 putare
1319 2563 1615 2617 debemus.
1651 2561 2020 2617 Duodenario

368 2646 589 2715 quippe
620 2657 890 2709 numero,
940 2642 1212 2698 universa
1258 2645 1519 2713 quaedam
1570 2642 1895 2711 signiﬁcata
1932 2644 2022 2696 est

358 2722 753 2795 judicautium
786 2722 1125 2788 multitudo,
1157 2728 1393 2794 propter
1423 2722 1566 2778 duas
1599 2727 1790 2793 partes
1822 2737 2017 2776 nume-

366 2804 413 2858 ri
445 2802 780 2875 septenarii,
815 2818 931 2873 quo
961 2802 1329 2874 significatur
1358 2801 1700 2874 plerumque
1733 2801 2020 2857 universi-

361 2890 489 2940 tas:
525 2900 653 2954 quaa
684 2884 811 2937 dua:
844 2887 1057 2954 partes,
1089 2883 1146 2938 id
1178 2890 1264 2939 est
1314 2883 1428 2938 tria
1456 2891 1509 2939 et
1537 2888 1811 2954 quatuor,
1841 2882 2021 2938 altera

362 2982 463 3037 per
499 2964 743 3019 alteram
793 2962 1188 3035 multiplicatae
1238 2964 1542 3018 duodecim
1595 2963 1830 3018 faciunt.
1878 2966 2018 3017 Nam

368 3056 422 3102 et
454 3049 703 3118 quatuor
731 3049 836 3112 ter,
872 3049 929 3100 et
959 3044 1066 3099 tria
1096 3050 1307 3116 quater
1336 3044 1645 3099 duodecim
1678 3048 1850 3099 sunt:
1883 3047 1941 3100 et
1969 3043 2020 3098 si

368 3143 486 3197 qua
534 3125 650 3180 alia
699 3124 876 3190 huius
919 3124 1260 3179 duodenarii
1311 3122 1561 3192 numeri,
1609 3139 1735 3193 quae
1787 3121 1861 3177 ad
1910 3122 2019 3178 hoc

365 3208 578 3274 valeat,
611 3203 754 3259 ratio
786 3204 1073 3275 reperitur
1094 3203 1194 3274 (a).
1227 3202 1500 3273 Alioquin
1532 3202 1812 3275 quoniam
1842 3202 1902 3257 in
1936 3202 2021 3258 lo-

369 3303 503 3344 cum
534 3285 700 3342 .ludas
730 3284 1031 3340 traditoris
1061 3282 1388 3355 apostolum
1436 3282 1742 3338 Matthiam
1773 3280 2021 3354 legimus

376 3366 706 3423 ordinatum
738 3366 872 3435 (Act.
907 3381 946 3433 ι,
978 3364 1071 3431 26)
1107 3381 1121 3432 ;
1153 3363 1450 3435 apostolus
1494 3361 1723 3431 Paulus,
1757 3363 1855 3433 qui
1897 3360 2021 3432 plus

369 3447 486 3504 illis
517 3445 792 3502 omnibus
824 3444 1106 3501 laboravit
1137 3444 1179 3513 (Ι
1214 3443 1339 3501 Car.
1372 3460 1466 3513 xv,
1496 3443 1612 3515 10),
1641 3442 1740 3498 ubi
1770 3443 1840 3498 ad
1865 3443 2025 3514 judi-

371 3529 623 3583 candum
682 3526 883 3582 sedeat
937 3542 1054 3582 non
1102 3524 1380 3582 habebit:
1441 3524 1542 3597 qui
1599 3524 1856 3596 profecto
1886 3539 2021 3580 cum

373 3607 504 3663 aliis
535 3607 752 3663 sanctis
785 3607 854 3661 ad
897 3621 1204 3662 numerum
1226 3606 1493 3675 judicum
1526 3620 1588 3660 se
1621 3603 1906 3675 pertinere
1929 3606 2025 3659 de-

372 3691 687 3755 monstrat,
718 3702 853 3742 cum
887 3686 1048 3751 dicit,
1080 3685 1307 3741 Nescitis
1336 3686 1467 3758 quia
1496 3685 1717 3754 angelos
1736 3683 2024 3756 judicabi-

370 3782 490 3821 mus
532 3766 645 3834 (Id.
677 3782 755 3832 vr,
785 3765 891 3837 3)?
918 3765 999 3821 De
1022 3764 1167 3837 ipsis
1199 3780 1429 3835 quoque
1462 3764 1796 3833 judicandis
1826 3764 1886 3818 in
1915 3763 2023 3819 hoc

370 3862 617 3905 numero
662 3846 1018 3903 duodenario
1069 3846 1280 3901 similis
1328 3862 1505 3900 causa
1551 3848 1657 3900 est.
1711 3843 1836 3900 Non
1866 3844 2022 3899 enim

372 3928 512 4001 quia
542 3926 762 3984 dictum
796 3932 907 3997 est,
933 3927 1249 3998 judicantes
1295 3924 1574 3982 duodecim
1609 3925 1787 3980 tribus
1830 3924 2020 3993 Israel,

370 4010 561 4066 tribus
592 4010 744 4075 Levi,
779 4024 904 4078 qum
939 4008 1109 4064 tertia
1141 4007 1365 4063 decima
1388 4011 1494 4073 est,
1524 4006 1595 4061 ab
1643 4005 1725 4060 eis
1750 4005 2024 4076 judican-

373 4093 445 4146 da
477 4106 590 4146 non
622 4089 750 4156 erit,
777 4092 879 4144 aut
906 4087 1099 4144 solum
1149 4086 1318 4142 illum
1375 4086 1673 4159 populum,
1705 4102 1819 4140 non
1850 4084 2025 4141 etiam

374 4176 610 4228 caeteras
633 4177 833 4242 gentes
856 4169 1230 4240 judicabunt.
1264 4168 1423 4231 Quod
1468 4174 1663 4224 autem
1713 4166 1814 4233 ait,
1848 4165 1911 4221 in
1942 4181 2029 4222 re-

374 4253 741 4321 generatione,
777 4248 979 4320 procul
1022 4248 1201 4303 dubio
1240 4252 1605 4303 mortuorum
1653 4247 2029 4302 resurrectio-

374 4346 508 4385 nem
569 4329 804 4384 nomine
860 4328 1041 4382 voluit
1095 4328 1550 4397 regenerationis
1616 4327 1877 4399 intelligi.
1939 4326 2031 4381 Sic

377 4408 533 4462 enim
579 4424 709 4462 caro
760 4411 963 4460 nostra
1013 4404 1453 4476 regenerabitur
1501 4423 1603 4477 per
1649 4407 2033 4475 incorruptio-

379 4501 539 4551 nem,
571 4485 1073 4555 quemadmodum
1104 4489 1198 4539 est
1242 4484 1441 4540 anima
1472 4493 1671 4542 nostra
1700 4493 2033 4557 regenerata

380 4581 481 4639 per
514 4565 704 4620 fidem.

453 4647 505 4701 4.
538 4648 717 4701 Multa
746 4646 1047 4717 praetereo,
1081 4660 1209 4714 quas
1242 4644 1310 4698 de
1342 4644 1545 4699 ultimo
1567 4645 1793 4715 judicio
1817 4647 1897 4700 ita
1919 4648 2033 4703 dici

380 4726 673 4797 videntur,
731 4729 796 4781 ut
870 4723 1177 4797 diligenter
1249 4725 1616 4779 considerata
1674 4724 2032 4793 reperiantur

384 4808 680 4879 ambigua,
713 4803 800 4861 vel
834 4805 1019 4876 magis
1050 4805 1119 4860 ad
1152 4801 1307 4859 aliud
1356 4802 1736 4875 pertinentia;
1770 4802 1891 4859 sive
1920 4804 2031 4860 sci-

380 4888 517 4944 licet
543 4888 613 4944 ad
656 4902 787 4943 eum
825 4885 1141 4942 Salvatoris
1181 4884 1517 4952 adventum,
1563 4899 1675 4953 quo
1724 4899 1825 4955 per
1845 4888 2030 4941 totum

382 4969 493 5025 hoc
547 4973 780 5040 tempus
838 4968 896 5021 in
958 4966 1209 5023 Ecclesia
1257 4981 1366 5021 sua
1419 4964 1599 5032 venit,
1659 4965 1765 5021 hoc
1814 4970 1924 5035 est,
1972 4966 2031 5023 in

385 5047 665 5104 membris
694 5046 839 5114 suis,
891 5046 1285 5117 particulatim
1331 5050 1504 5118 atque
1552 5045 1856 5118 paulatim,
1888 5064 2032 5119 quo-

385 5130 541 5184 niam
574 5132 694 5184 tota
722 5142 930 5198 corpus
959 5132 1047 5184 est
1076 5128 1234 5197 ejus;
1267 5127 1389 5183 sive
1428 5128 1501 5183 ad
1530 5128 1818 5183 excidium
1852 5132 2029 5184 terro-

386 5226 477 5266 nas
503 5207 861 5266 Jerusalem:
896 5208 1035 5277 quia
1077 5212 1133 5263 et
1175 5208 1245 5263 de
1276 5208 1375 5263 illo
1419 5223 1549 5265 cum
1598 5207 1878 5280 loquitur,
1913 5209 2031 5280 ple-

454 5476 472 5507 ί
502 5470 657 5527 Editi,
690 5476 768 5519 est
796 5469 884 5518 hic
911 5467 1158 5517 mundus
1186 5484 1227 5533 :7
1250 5470 1302 5533 et
1330 5468 1488 5533 infra,
1513 5468 1584 5533 ihi
1629 5469 1744 5533 ﬁlii
1780 5478 1909 5520 sunt
1936 5486 2030 5519 ne-

391 5548 576 5595 quam.
608 5537 674 5581 At
702 5532 1052 5595 manuscripti
1080 5544 1189 5595 non
1216 5531 1569 5595 habentthic,
1600 5531 1771 5595 neque
1799 5535 1860 5583 hi

454 5600 530 5654 (a)
550 5595 677 5644 Vide
701 5595 885 5645 Enarr.
919 5592 1144 5644 in'Psal.
1173 5607 1313 5656 xux,
1340 5607 1393 5641 ιι.
1425 5592 1474 5642 9.

1402 343 1507 402 DE
1550 341 1918 405 CIVITATE
1963 342 2115 416 DEI,
2162 346 2228 405 S.
2276 342 2711 406 AUGUSTINI

3632 332 3750 393 664

2106 491 2356 547 rumque
2383 475 2467 531 sic
2493 475 2770 546 loquitur,
2792 477 3073 545 tanquam
3107 471 3178 527 de
3209 470 3324 525 line
3352 465 3547 523 seculi
3579 470 3761 536 atque

2106 559 2176 611 de
2204 556 2302 611 illo
2334 555 2427 609 die
2451 555 2657 626 Judicii
2709 554 3024 609 novissimo
3073 556 3131 606 et
3180 565 3392 620 magno
3440 548 3759 618 loquatur;

2107 636 2190 691 ita
2247 642 2311 691 ut
2361 635 2626 707 dignosci
2686 651 2799 689 non
2851 634 3030 704 possit
3078 632 3339 697 omnino,
3386 629 3497 683 nisi
3529 644 3594 682 ca
3626 642 3760 697 quas

2109 719 2260 788 apud
2312 720 2432 771 tres
2489 715 2900 787 evangelistas,
2953 712 3317 778 Matthaaum,
3379 708 3660 771 Marcum,
3704 710 3763 760 et

2111 798 2326 852 Lucam
2357 799 2427 852 de
2458 796 2567 850 hac
2597 812 2655 850 re
2685 794 2952 850 similiter
2989 793 3143 847 dicta
3172 795 3334 858 sunt,
3366 791 3515 843 inter
3543 803 3606 841 se
3634 801 3759 840 om-

2110 879 2207 933 nia
2244 878 2633 932 conferantur.
2677 875 2947 940 Quaedam
2989 874 3199 944 quippe
3247 870 3390 925 alter
3423 868 3763 930 obscurius,

2111 959 2257 1015 alter
2310 958 2556 1028 eXplicat
2614 955 2882 1027 planius;
2915 959 2979 1009 ut
3034 970 3102 1008 ea
3150 969 3274 1022 quas
3304 951 3373 1005 ad
3429 963 3602 1003 unam
3636 962 3765 1028 rem

2112 1026 2459 1111 pertinentia
2487 1026 2781 1104 dicuntur,
2804 1039 3080 1106 appareat
3107 1033 3259 1111 unde
3280 1031 3560 1111 dicantur.
3597 1026 3763 1092 Quod

2113 1108 2299 1175 iacere
2331 1121 2649 1188 utcumque
2680 1113 2873 1170 curavi
2903 1114 2961 1168 in
2994 1110 3248 1183 quadam
3287 1108 3550 1180 epistola,
3588 1121 3764 1188 quam

2113 1198 2382 1271 rescripsi
2415 1198 2485 1251 ad
2519 1187 2695 1251 beatas
2728 1195 3017 1251 memoriae
3047 1194 3236 1248 virum
3268 1189 3634 1271 Hesychium,
3668 1187 3771 1271 _Sa-

2114 1265 2385 1335 lonitanaa
2418 1277 2581 1333 urbis
2631 1275 2991 1346 episcopum,
3025 1276 3197 1344 cujus
3247 1270 3503 1341 epistolae
3554 1265 3767 1321 titulus

2113 1364 2221 1427 est,
2258 1360 2328 1413 de
2360 1358 2499 1413 Fine
2531 1355 2726 1411 steculi
2760 1357 2951 1426 (Epist.
2987 1354 3133 1425 199).

2187 1443 2236 1493 ti.
2267 1438 2515 1494 Proinde
2537 1437 2662 1508 jam
2696 1435 2839 1491 illud
2869 1435 2962 1490 hic
2983 1434 3196 1496 dicam,
3229 1431 3383 1503 quod
3414 1430 3472 1484 in
3507 1432 3770 1497 Evange-

2114 1519 2191 1575 lio
2221 1518 2545 1574 secundum
2582 1516 2915 1572 Matthmum
2966 1514 3038 1570 de
3076 1512 3440 1584 separatione
3481 1509 3770 1563 bonorum

2114 1605 2173 1656 et
2205 1598 2491 1655 malorum
2525 1596 2738 1668 legitur
2770 1611 2871 1667 per
2901 1594 3193 1666 judicium
3242 1590 3769 1664 praesentissimum

2115 1684 2291 1753 atque
2319 1678 2704 1734 novissimum
2753 1676 2988 1732 Christi.
3023 1675 3157 1729 Cum
3196 1676 3379 1728 autem
3410 1672 3641 1737 venerit,
3670 1670 3771 1722 in-

2117 1751 2259 1833 quit,
2292 1760 2467 1815 Filius
2498 1757 2735 1814 hominis
2763 1758 2822 1812 in
2863 1757 3143 1828 majestate
3172 1771 3303 1821 sua,
3344 1756 3392 1808 et
3445 1766 3634 1833 omnes
3662 1751 3776 1833 An-

2115 1830 2232 1911 geli
2286 1857 2410 1895 cum
2463 1854 2545 1905 eo,
2600 1842 2730 1893 tunc
2775 1836 2983 1893 sedebit
3012 1852 3175 1906 super
3228 1834 3417 1889 sedem
3466 1830 3776 1901 majcslalis

2114 1938 2249 1986 suos,
2298 1926 2350 1976 et
2393 1919 2871 1990 congregabuntur
2910 1922 3039 1973 ante
3082 1932 3210 1971 eum
3252 1929 3438 1970 omnes
3480 1914 3686 1984 gentes,
3721 1914 3775 1963 et

2114 2002 2386 2074 separabit
2413 2016 2499 2057 eos
2550 2002 2617 2055 ab
2662 2000 2917 2061 invicem,
2963 1999 3105 2052 sicut
3139 2005 3326 2067 pastor
3371 1999 3620 2074 segregat
3649 2005 3778 2074 oves

2118 2071 2186 2139 al}
2216 2082 2385 2137 haedis
2402 2084 2686 2138 :etstatuet
2713 2095 2836 2135 oves
2874 2076 3532 2150 quidemadextrissuis,
3583 2071 3774 2129 haedos

2120 2173 2304 2220 autem
2333 2179 2366 2217 a
2394 2161 2657 2217 sinistris.
2690 2162 2835 2215 Tunc
2873 2160 3012 2215 dicet
3042 2160 3157 2214 Rea:
3187 2158 3291 2225 his,
3333 2155 3431 2228 qui
3476 2172 3509 2210 a
3560 2151 3776 2209 dextris

2122 2246 2241 2316 ejus
2260 2247 2445 2309 erunt,
2484 2244 2687 2307 Venite,
2720 2242 2988 2297 benedicti
3016 2241 3204 2294 Patris
3233 2239 3368 2304 mei,
3396 2234 3661 2308 possidete
3679 2250 3780 2316 paj

2125 2314 2311 2381 ratum
2345 2324 2495 2379 vobis
2543 2339 2770 2393 regnum
2803 2338 2834 2376 a
2871 2321 3261 2377 constitutione
3304 2316 3517 2373 mundi.
3556 2314 3782 2369 Esurivi

2123 2408 2295 2469 enim,
2321 2414 2372 2460 et
2396 2403 2626 2460 dedistis
2656 2402 2800 2458 mihi
2842 2400 3215 2467 manducare;
3262 2398 3442 2461 sitivi,
3472 2406 3523 2452 et
3552 2394 3784 2450 dedistis

2123 2488 2264 2543 mihi
2297 2486 2514 2548 bibere;
2546 2485 2738 2555 hospes
2766 2500 2944 2548 eram,
2976 2486 3027 2538 et
3066 2480 3371 2549 collegistis
3417 2494 3504 2532 me
3523 2494 3544 2538 :
3576 2475 3779 2539 nudus,

2125 2577 2176 2624 et
2204 2566 2559 2638 cooperuistis
2588 2581 2707 2629 me;
2739 2565 3012 2633 inﬁrmus,
3044 2571 3094 2618 et
3120 2561 3387 2617 visitastis
3416 2573 3528 2618 me:
3559 2555 3621 2610 in
3651 2571 3785 2609 car-

2123 2663 2247 2704 cere
2274 2637 2450 2711 eram,
2481 2654 2532 2701 et
2560 2647 2783 2701 venistis
2800 2643 2870 2699 ad
2897 2644 3156 2698 me.Tunc
3185 2638 3581 2712 respondebunt
3601 2638 3654 2691 ei
3665 2637 3792 2705 jus-

2127 2729 2190 2795 ti,
2231 2727 2506 2782 dicentes:
2534 2726 2786 2792 Domine,
2832 2723 3050 2795 quando
3080 2722 3319 2777 vidimus
3350 2725 3402 2775 te
3426 2717 3785 2785 esurientem,

2123 2818 2173 2863 et
2200 2808 2454 2879 pavimus
2472 2821 2494 2867 ;
2523 2805 2826 2871 sitientem,
2859 2811 2909 2859 et
2939 2802 3184 2857 dedimus
3206 2801 3309 2857 tibi
3334 2800 3564 2870 potum?
3591 2801 3786 2867 Quan-

2123 2888 2190 2943 do
2220 2896 2401 2943 autem
2433 2895 2482 2941 te
2510 2886 2749 2941 vidimus
2777 2885 3069 2953 hospitem,
3116 2887 3167 2938 et
3212 2882 3534 2949 collegimus
3565 2887 3657 2943 te;
3685 2882 3790 2932 aut

2122 2968 2357 3035 nudum,
2387 2970 2439 3021 et
2468 2967 2847 3036 cooperuimus
2895 2962 2988 3019 te?
3033 2962 3149 3017 Aut
3185 2960 3402 3034 quando
3445 2967 3496 3013 te
3541 2957 3789 3013 vidimus

2124 3048 2437 3120 inﬁrmum,
2468 3055 2570 3101 aut
2608 3045 2667 3101 in
2695 3061 2933 3113 carcere,
2965 3047 3017 3100 et
3060 3044 3311 3099 venimus
3357 3039 3428 3095 ad
3458 3038 3548 3094 te?
3576 3040 3643 3094 Et
3675 3054 3791 3093 res-

2119 3127 2362 3200 pondens
2392 3127 2505 3181 Rea:
2533 3127 2674 3181 dicet
2701 3126 2837 3193 illis,
2872 3126 3040 3180 Amen
3060 3125 3181 3179 dico
3201 3124 3373 3191 vobis,
3404 3121 3679 3193 quamdiu
3707 3129 3793 3189 [e-

2123 3209 2274 3263 cistis
2302 3207 2405 3260 uni
2431 3206 2496 3261 de
2517 3206 2601 3260 his
2627 3207 2896 3276 fratribus
2926 3206 3063 3259 meis
3078 3201 3358 3269 minimis,
3379 3202 3530 3258 mihi
3548 3202 3789 3269 fecistis.

2128 3289 2270 3343 Tunc
2296 3286 2462 3353 dicet,
2495 3286 2706 3357 inquit,
2739 3290 2792 3340 et
2820 3287 2907 3340 his
2936 3286 3037 3356 qui
3064 3301 3098 3340 a
3146 3283 3393 3339 sinistris
3430 3284 3634 3338 erunt:
3666 3280 3792 3335 Dis-

2125 3367 2295 3423 cedite
2322 3384 2355 3421 ιι
2378 3381 2485 3435 me,
2516 3365 2818 3428 maledicti,
2852 3368 2912 3419 in
2942 3365 3129 3433 ignem
3178 3373 3467 3429 aeternum,
3500 3363 3599 3434 qui
3624 3377 3793 3431 para.

2128 3457 2214 3505 tus
2268 3452 2346 3504 est
2402 3446 2619 3503 diabolo
2666 3450 2717 3501 et
2761 3445 2989 3515 angelis
3035 3446 3174 3516 ejus.
3242 3443 3464 3501 Deinde
3509 3440 3792 3497 similiter

2127 3530 2300 3586 etiam
2345 3529 2439 3584 his
2487 3531 2815 3595 enumerat,
2863 3526 3018 3599 quod
3064 3526 3167 3581 illa
3214 3541 3327 3581 non
3362 3523 3623 3587 fecerint,
3658 3537 3791 3593 qua:

2127 3611 2362 3666 dextros
2410 3610 2617 3665 fecisse
2665 3607 3026 3664 memoravit.
3086 3607 3488 3677 Similiterque
3533 3604 3793 3659 interro.

2127 3690 2687 3761 gantibus,"quando
2720 3704 2844 3744 eum
2872 3688 3129 3744 viderint
3174 3687 3232 3743 in
3264 3686 3472 3743 horum
3505 3684 3794 3754 indigen-

2127 3774 2207 3827 tia
2254 3770 2678 3826 constitutum:
2731 3769 2886 3840 quod
2942 3766 3200 3823 minimis
3240 3766 3364 3822 suis
3413 3765 3632 3820 factum
3670 3779 3794 3817 non

2129 3856 2238 3921 est,
2273 3851 2385 3907 sibi
2418 3852 2631 3906 factum
2666 3865 2782 3904 non
2816 3847 2995 3904 fuisse
3039 3847 3385 3919 respondet;
3418 3858 3796 3900 sermonem-

2129 3950 2243 4004 que
2272 3930 2646 3996 concludens,
2673 3931 2738 3985 Et
2789 3929 2867 3997 hi,
2918 3929 3134 4000 inquit,
3167 3931 3224 3984 in
3270 3927 3602 3996 supplicium
3634 3934 3795 3978 aeter-

2128 4031 2264 4069 num
2321 4014 2503 4082 ibunt,
2523 4012 2667 4083 justi
2710 4017 2896 4065 autem
2944 4011 3007 4066 in
3057 4011 3229 4066 vitam
3271 4013 3535 4063 aeternam
3571 4005 3793 4073 (Matth.

2130 4112 2259 4163 xxv,
2291 4093 2503 4166 31-46).
2551 4092 2807 4148 Joannes
2849 4106 2985 4146 vero
3029 4088 3382 4162 evangelista
3410 4085 3793 4160 apertissime

2133 4180 2329 4230 narrat
2358 4189 2491 4229 eum
2536 4172 2595 4228 in
2642 4171 3065 4227 resurrectione
3109 4178 3473 4225 mortuorum
3524 4166 3793 4222 futurum

2136 4254 2469 4327 praedixisse
2525 4250 2831 4320 judicium.
2883 4249 3025 4305 Cum
3091 4251 3244 4305 enim
3293 4249 3557 4316 dixisset,
3610 4246 3796 4316 Neque

2133 4336 2281 4390 enim
2332 4334 2493 4386 Pater
2533 4330 2757 4398 judicat
2804 4345 3149 4401 quemquam,
3197 4329 3287 4383 sed
3306 4327 3590 4398 judicium
3626 4340 3797 4380 omne

2134 4412 2280 4467 dedit
2309 4411 2470 4477 Filio,
2511 4417 2570 4463 ul
2598 4425 2783 4465 omnes
2812 4408 3167 4478 honoriﬁcent
3196 4409 3422 4474 Filium,
3454 4405 3597 4461 sicut
3623 4405 3796 4460 hono-

2134 4493 2360 4561 riﬁcant
2388 4491 2606 4543 Patrem
2630 4507 2647 4543 :
2679 4489 2779 4560 qui
2798 4506 2907 4545 non
2951 4490 3277 4560 honoriﬁcat
3308 4490 3530 4555 Filium,
3560 4501 3668 4542 non
3694 4487 3795 4541 ho-

2134 4569 2389 4637 noriﬁcat
2421 4571 2662 4639 Patrem,
2696 4570 2791 4641 qui
2830 4572 2982 4626 misit
3010 4572 3211 4625 illum:
3242 4569 3510 4641 protinus
3540 4566 3791 4633 addidit,

2135 4652 2328 4716 Amen,
2361 4666 2521 4705 amen
2551 4652 2679 4706 dico
2709 4650 2879 4718 vobis,
2913 4649 3045 4722 quia
3091 4652 3189 4723 qui
3217 4649 3439 4706 verbum
3469 4664 3652 4704 meum
3685 4663 3795 4702 au-

2136 4730 2238 4800 dit,
2270 4736 2319 4786 et
2348 4731 2518 4786 credit
2541 4730 2595 4786 ei
2621 4732 2717 4803 qui
2745 4746 2832 4785 me
2878 4733 3051 4798 misit,
3084 4730 3243 4787 habet
3271 4729 3443 4785 vitam
3471 4736 3749 4786 mternam
3770 4745 3796 4791 ;

2134 4813 2268 4867 etin
2308 4812 2593 4883 judicium
2648 4827 2759 4865 non
2809 4813 3005 4879 veniet,
3049 4814 3147 4866 sed
3174 4809 3428 4866 lransiit‘
3459 4825 3493 4863 a
3523 4812 3698 4865 morte
3726 4809 3795 4862 in

2134 4893 2306 4950 vitam
2335 4894 2513 4961 (Joan.
2546 4909 2602 4957 v,
2652 4892 2859 4962 22-25).
2906 4891 3049 4947 Ecce
3097 4891 3192 4947 hic
3236 4891 3381 4946 dixit
3411 4889 3616 4946 ﬁdeles
3647 4906 3795 4947 suos

2135 4975 2198 5029 in
2235 4973 2525 5045 judicium
2578 4989 2690 5027 non
2739 4972 2951 5029 venire.
2999 4973 3298 5036 Quomodo
3338 4988 3476 5044 ergo
3507 4987 3611 5043 per
3633 4971 3789 5040 judi-

2137 5056 2291 5110 cium
2348 5054 2774 5124 separabuntur
2814 5070 2847 5109 ει
2891 5053 3086 5120 malis,
3117 5057 3174 5108 et
3221 5054 3293 5108 ad
3324 5054 3454 5124 ejus
3488 5054 3790 5107 dexteram

2135 5133 2395 5201 stabunt,
2431 5133 2540 5187 nisi
2575 5133 2710 5202 quia
2758 5133 2867 5188 hoc
2897 5133 3022 5189 loco
3066 5133 3357 5204 judicium
3409 5149 3510 5204 pro
3537 5133 3772 5188 damna

2136 5215 2293 5270 tione
2322 5214 2562 5286 posuit?
2592 5214 2654 5268 In
2689 5213 2799 5270 tale
2828 5214 3043 5286 quippe
3068 5214 3356 5285 judicium
3381 5230 3497 5270 non
3527 5212 3788 5280 venient,

2200 5474 2215 5506 ¹
2250 5471 2342 5520 Hic
2370 5471 2549 5533 plures
2575 5471 2719 5526 Mss.,
2749 5485 2859 5519 non
2897 5469 3187 5533 renit,rsed
3223 5471 3471 5519 transiit.
3520 5471 3591 5519 At
3635 5471 3785 5525 editi.

2135 5547 2245 5580 non
2278 5532 2473 5590 veniet,
2505 5534 2597 5580 sed
2625 5532 2876 5581 transiet.
2909 5534 2965 5580 In
3013 5532 3134 5581 aliis
3176 5535 3364 5595 postea
3384 5534 3515 5584 locis
3542 5547 3653 5583 non
3682 5534 3786 5582 sibi

2134 5598 2394 5645 constant.
2427 5596 2615 5646 Confer
2641 5596 2810 5646 Tract.
2844 5594 2906 5643 22
2933 5595 2990 5644 in
3017 5594 3294 5645 Joannem.
