4124 6188
294 347 414 410 665

295 490 396 625 ululii
427 487 674 544 audiunt
702 488 938 544 verbum
986 489 1131 558 ejus,
1163 491 1220 544 et
1258 488 1505 545 credunt
1553 487 1603 544 ei
1648 487 1741 558 qui
1783 487 1946 544 misit

295 588 309 625 ι
367 586 484 625 um.

294 586 484 626 Illum.

292 722 531 779 CAPUT
582 724 676 778 VI.
708 754 778 764 -——
812 724 946 786 Qum
982 725 1053 779 sit
1090 724 1272 858 pII'ima
1303 724 1650 791 resurrectio,
1683 735 1808 793 quae
1853 736 1937 776 se-

1013 819 1212 858 cuma.

1013 819 1116 859 cun
1124 819 1191 859 aa
1199 846 1212 859 .

366 933 415 984 i.
452 929 665 984 Deinde
716 925 1011 998 adjungit,
1060 932 1116 983 et
1165 927 1351 984 dicit:
1387 929 1574 996 Amen,
1627 943 1786 983 amen
1816 925 1939 981 dico

288 1010 439 1066 vobis
467 1011 599 1081 quia
628 1012 777 1065 venit
798 1010 957 1074 hora,
982 1013 1032 1064 et
1062 1026 1209 1065 nunc
1236 1017 1330 1079 est,
1364 1008 1583 1081 quando
1610 1009 1818 1063 mortui
1838 1024 1939 1061 au-

289 1091 444 1146 dient
468 1106 649 1145 vocem
676 1089 810 1145 Filii
836 1090 973 1150 Dei;
1002 1093 1051 1144 et
1082 1092 1175 1161 qui
1203 1089 1510 1156 audierint,
1556 1091 1753 1145 vivent.
1787 1087 1942 1142 Sicut

288 1173 438 1228 enim
458 1174 627 1226 Pater
652 1170 810 1225 habet
840 1171 1009 1225 vitam
1042 1172 1100 1225 in
1130 1171 1433 1241 semetipso,
1464 1172 1543 1225 sic
1561 1169 1711 1225 dedit
1731 1173 1779 1224 et
1802 1170 1941 1223 Filio

289 1250 490 1307 habere
520 1255 685 1306 vitam
714 1252 774 1306 in
801 1250 1085 1322 semetipso
1135 1252 1313 1322 (Joan.
1346 1268 1398 1320 ν,
1428 1250 1500 1303 25
1539 1254 1593 1305 et
1619 1250 1735 1321 26).
1782 1248 1939 1303 Non-

290 1336 429 1390 dum
469 1335 540 1389 de
578 1333 837 1390 secunda
881 1333 1321 1400 resurrectione,
1370 1332 1428 1387 id
1476 1336 1563 1387 est
1606 1343 1938 1402 corporum,

296 1414 582 1485 loquitur,
627 1430 754 1484 qua
802 1414 861 1468 in
911 1414 1025 1468 fine
1070 1415 1263 1468 futura
1311 1418 1434 1480 est;
1466 1413 1564 1467 sed
1609 1412 1681 1466 de
1730 1412 1936 1481 prima,

290 1509 416 1565 quas
466 1510 623 1548 nunc
654 1498 761 1550 est.
812 1493 973 1549 Hanc
1023 1494 1239 1564 quippe
1270 1497 1338 1547 ut
1385 1492 1792 1563 distingueret,
1836 1493 1938 1558 ait,

296 1575 451 1629 Venit
482 1575 637 1643 hora,
662 1582 713 1628 et
742 1589 890 1628 nunc
919 1581 1014 1629 est.
1064 1572 1187 1628 Non
1219 1576 1416 1629 autem
1468 1572 1577 1626 ista
1609 1587 1938 1640 corporum,

288 1655 389 1710 sed
424 1656 753 1710 animarum
788 1658 895 1709 est.
934 1654 1157 1709 Habent
1186 1653 1339 1707 enim
1372 1660 1423 1708 et
1454 1652 1661 1707 animae
1694 1657 1936 1706 mortem

289 1753 457 1792 suam
487 1739 545 1792 in
572 1737 871 1808 impietate
900 1741 1074 1806 atque
1097 1736 1385 1807 peccatis:
1414 1736 1739 1790 secundum
1764 1750 1935 1805 quam

289 1822 535 1872 mortem
570 1818 783 1872 mortui
816 1823 975 1887 sunt,
1001 1818 1070 1872 de
1101 1815 1314 1887 quibus
1345 1816 1495 1871 idem
1519 1814 1803 1871 Dominus
1834 1815 1937 1882 ait,

287 1896 422 1951 Sine
449 1906 693 1952 mortuos
722 1895 957 1967 sepelire
991 1902 1231 1953 mortuos
1259 1912 1382 1952 suos
1414 1896 1617 1963 (Matth.
1650 1911 1773 1965 νιιι,
1806 1897 1893 1967 22)
1921 1915 1935 1965 ;

290 1981 355 2032 ut
384 1977 608 2032 scilicet
638 1978 696 2032 in
726 1977 925 2032 anima
954 1977 1187 2045 mortui,
1220 1975 1280 2032 in
1312 1992 1550 2047 corpore
1572 1980 1832 2031 mortuos
1856 1992 1940 2030 se-

290 2054 557 2126 pelirent.
591 2056 828 2127 Propter
864 2057 1009 2111 istos
1039 2072 1174 2128 ergo
1207 2055 1502 2125 impietate
1532 2059 1588 2109 et
1634 2053 1940 2125 iniquitate

297 2138 355 2190 in
388 2136 586 2190 anima
618 2145 895 2201 mortuos,
935 2137 1109 2202 Venit,
1141 2136 1354 2206 inquit,
1388 2136 1549 2204 hora,
1585 2143 1636 2190 et
1669 2150 1816 2188 nunc
1843 2142 1939 2202 est,

289 2216 507 2283 quando
535 2218 741 2272 mortui
762 2218 988 2272 audient
1019 2232 1197 2271 vocem
1235 2217 1369 2271 Filii
1392 2217 1527 2276 Dei;
1557 2220 1608 2270 et
1628 2214 1725 2286 qui
1748 2214 1938 2270 audie-

288 2295 425 2362 rint,
459 2298 653 2353 vivent.
688 2295 795 2364 Qui
823 2295 1098 2351 audierint
1128 2295 1291 2362 dixit,
1326 2296 1425 2366 qui
1458 2294 1805 2361 obedierint,
1838 2295 1939 2365 qui

287 2376 662 2441 crediderint,
694 2381 749 2431 et
772 2391 955 2446 usque
987 2376 1047 2430 in
1081 2377 1255 2431 tinem
1281 2374 1789 2447 perseveraverint.
1822 2380 1940 2429 Nec

288 2456 424 2511 fecit
454 2457 547 2513 hic
591 2456 765 2511 ullam
803 2456 1185 2511 differentiam
1221 2456 1508 2510 bonorum
1546 2460 1602 2511 et
1630 2454 1936 2511 malorum.

287 2536 576 2592 Omnibus
607 2538 762 2592 enim
817 2538 1040 2593 bonum
1093 2543 1182 2592 est
1211 2537 1415 2592 audire
1443 2552 1638 2592 vocem
1684 2538 1830 2605 eius,
1884 2543 1941 2593 et

283 2617 499 2687 vivere,
532 2618 601 2673 ad
635 2620 811 2673 vitam
844 2618 1075 2687 pietatis
1106 2633 1174 2673 ex
1204 2617 1518 2687 impietatis
1549 2625 1732 2673 morte
1753 2627 1941 2674 trans-

285 2699 544 2754 eundo‘.
579 2698 654 2752 De
679 2715 794 2768 qua
834 2703 1020 2753 morte
1060 2700 1140 2753 ait
1171 2698 1469 2770 apostolus
1516 2698 1755 2765 Paulus,
1798 2701 1938 2771 Ergo

287 2794 480 2835 omnes
508 2782 717 2833 mortui
743 2787 898 2846 sunt,
929 2787 981 2834 et
1012 2795 1107 2849 pro
1146 2781 1397 2835 omnibus
1435 2783 1681 2836 mortuus
1709 2786 1786 2835 est
1806 2782 1845 2848 ²,
1880 2785 1938 2836 ut

284 2861 384 2931 qui
422 2862 635 2924 vivunt,
657 2860 779 2931 jam
818 2876 929 2915 non
957 2860 1060 2914 sibi
1100 2863 1306 2928 vivant,
1342 2862 1438 2915 sed
1475 2862 1527 2915 ei
1555 2862 1648 2931 qui
1678 2877 1776 2931 pro
1806 2863 1940 2931 ipsis

282 2946 668 3018 mortuus-est,
691 2946 743 2993 et
776 2943 1085 2995 resurrexit
1115 2940 1192 3011 (II
1226 2941 1346 2996 Cor.
1382 2956 1435 3009 v,
1472 2940 1692 3011 14,15).
1727 2940 1939 2996 Omnes

284 3020 483 3088 itaque
540 3019 759 3074 mortui
803 3023 944 3074 sunt
998 3019 1055 3073 in
1091 3019 1363 3091 peccatis,
1407 3019 1639 3075 nemine
1696 3036 1936 3091 prorsus

284 3103 549 3170 excepto,
584 3098 709 3153 sive
739 3098 1138 3171 originalibus,
1170 3099 1296 3154 sive
1327 3098 1501 3154 etiam
1524 3099 1816 3155 voluntate
1840 3099 1938 3154 ad-

285 3179 442 3243 ditis,
474 3180 560 3233 vel
592 3178 937 3250 ignorando,
974 3180 1055 3234 vel
1091 3179 1329 3234 sciendo
1361 3195 1465 3235 nec
1488 3179 1745 3235 faciendo
1781 3180 1934 3250 quod

280 3263 508 3330 justum
536 3264 663 3314 est:
695 3264 750 3313 et
774 3275 877 3329 pro
912 3258 1188 3314 omnibus
1212 3260 1460 3314 mortuis
1481 3259 1644 3314 vivus
1669 3270 1930 3315 mortuus

287 3344 375 3396 est
408 3356 578 3409 unus,
611 3341 669 3395 in
702 3345 809 3407 est,
834 3339 1060 3395 nullum
1083 3339 1306 3395 habens
1337 3341 1575 3395 omnino
1600 3344 1931 3410 peccatum:

288 3423 350 3473 ut
380 3418 480 3489 qui
531 3434 631 3489 per
688 3417 1098 3473 remissionem
1130 3422 1502 3489 peccatorum
1533 3418 1758 3485 vivunt,
1815 3419 1934 3487 jam

286 3515 400 3554 non
432 3497 543 3554 sibi
574 3499 793 3563 vivant,
830 3500 926 3554 sed
958 3498 1011 3553 ei
1042 3500 1142 3569 qui
1174 3514 1277 3569 pro
1311 3498 1585 3552 omnibus
1618 3499 1639 3532 ³
1671 3502 1936 3552 mortuus

282 3585 367 3632 est
416 3582 649 3649 propter
696 3582 932 3649 peccata
974 3583 1196 3646 nostra,
1247 3582 1305 3631 et
1357 3576 1673 3632 resurrexit
1700 3585 1937 3647 propter

272 3658 753 3728 justiticationem
817 3661 1140 3725 nostram;
1192 3661 1256 3711 ut
1316 3657 1616 3713 credentes
1678 3657 1739 3711 in
1801 3671 1933 3713 eum

283 3738 984 3810 quijustificatimpium,
1014 3754 1081 3792 ex
1107 3737 1404 3808 impietate
1431 3736 1760 3807 justiﬁcati,
1807 3744 1934 3792 tan-

280 3838 457 3892 quam
477 3837 542 3875 ex
557 3828 737 3875 morte
754 3820 1045 3887 viviticati,
1065 3820 1131 3874 ad
1152 3819 1400 3890 primam
1424 3818 1934 3885 resurrectionem,

283 3919 415 3973 qua:
447 3918 601 3956 nunc
632 3901 780 3971 est‘,
815 3901 1108 3972 pertinere
1139 3899 1458 3973 possimus.
1490 3901 1571 3954 Ad
1596 3900 1743 3955 hanc
1774 3900 1931 3954 enim

281 3984 533 4054 primam
567 3999 681 4039 non
713 3984 1025 4054 pertinent,
1061 3981 1175 4037 nisi
1198 3982 1295 4052 qui
1325 3982 1470 4038 beati
1499 3980 1748 4036 eruntin
1773 3985 1935 4037 aeter-

283 4080 424 4120 num
460 4080 474 4117 :
519 4063 592 4118 ad
631 4064 945 4118 secundam
994 4078 1146 4131 vero,
1179 4064 1249 4118 de
1298 4078 1414 4133 qua
1457 4077 1590 4117 mox
1634 4063 1933 4117 locuturus

282 4150 392 4213 est,
425 4149 481 4199 et
515 4145 716 4200 beatos
749 4144 1035 4215 pertinere
1058 4143 1304 4211 docebit,
1333 4148 1390 4198 et
1413 4144 1676 4197 miseros.
1702 4141 1819 4197 Ista
1847 4147 1935 4199 est

284 4224 720 4291 misericordiae,
753 4223 853 4278 illa
882 4222 1107 4295 iudicii.
1140 4224 1379 4293 Propter
1424 4223 1580 4292 quod
1614 4222 1672 4276 in
1705 4221 1933 4278 Psalmo

279 4306 566 4377 scriptum
586 4311 675 4360 est
697 4320 712 4361 :
740 4304 1181 4361 Misericordiam
1202 4307 1253 4359 et
1269 4304 1542 4372 iudicium
1560 4303 1787 4360 cantabo
1805 4303 1933 4370 tibi,

279 4387 511 4442 Domine
540 4386 709 4459 (Psal.
737 4386 797 4455 Ο,
832 4387 905 4456 1).

352 4471 406 4522 2.
442 4468 521 4523 De
569 4484 685 4539 quo
718 4466 941 4538 judicio
972 4470 1393 4536 consequenter
1436 4464 1723 4536 adjunxit,
1765 4469 1936 4537 atque

278 4549 365 4603 ait
391 4564 403 4601 :
442 4549 502 4601 Et
521 4551 839 4618 potestatem
868 4545 1023 4601 dedit
1052 4546 1107 4600 ei
1150 4545 1419 4612 iudicium
1461 4548 1661 4614 facere,
1693 4544 1824 4616 quia
1856 4547 1936 4600 Fi-

280 4629 393 4684 lius
423 4628 661 4683 hominis
689 4630 783 4683 est.
818 4626 923 4682 Hic
953 4626 1237 4691 ostendit,
1270 4625 1425 4696 quod
1456 4625 1515 4678 in
1549 4640 1616 4678 ea
1646 4642 1820 4680 carne
1850 4644 1937 4681 vc-

279 4709 818 4778 nietiudicaturus,
878 4706 937 4761 in
989 4720 1101 4777 qua
1156 4709 1392 4759 venerat
1434 4704 1814 4774 judicandus.
1846 4707 1931 4761 Ad

277 4790 391 4845 hoc
423 4789 578 4844 enim
610 4790 714 4857 ait,
739 4788 1001 4859 quoniam
1035 4786 1209 4841 Filius
1232 4784 1471 4841 hominis
1499 4792 1593 4841 est.
1618 4792 1698 4839 Ac
1729 4785 1934 4841 deinde

344 4947 360 4979 1
395 4942 481 4992 Sic
506 4943 659 4992 Vind.
690 4942 806 4991 Am.
843 4944 897 4991 et
922 4942 1044 4991 Mss.
1076 4941 1143 4989 At
1170 4941 1316 4994 Lov..
1340 4946 1390 4987 et
1419 4938 1492 4987 ad
1520 4937 1693 4986 vitam
1708 4939 1933 5001 pietatis

277 5021 349 5055 ex
377 5005 682 5055 impietatis
706 5013 883 5053 morte
916 5004 1176 5053 transire.

341 5068 380 5143 2.
405 5064 562 5143 Ιξᾷίιί,
610 5077 867 5116 mortuus
924 5075 999 5114 est
1031 5081 1196 5115 unus.
1246 5064 1425 5120 Abest,
1475 5078 1646 5124 unus,
1680 5077 1713 5112 a
1749 5078 1934 5115 manu-

277 5133 751 5256 scgniii‘s'pluribus
798 5192 1174 5255 manuscriptis
1218 5203 1327 5243 non
1371 5190 1619 5249 habetur,
1661 5205 1766 5252 pro
1813 5204 1932 5239 om-

273 5256 461 5303 nibus.

339 5319 361 5353 ι
404 5320 519 5366 Am.
570 5320 623 5367 et
670 5318 777 5378 Er.,
827 5332 966 5381 quae
1012 5332 1165 5365 nunc
1200 5323 1277 5363 est
1320 5315 1932 5381 animarum.A_Caet_eri

271 5381 401 5429 libri
447 5383 630 5429 carent
671 5378 1207 5439 voca—animarum,
1257 5392 1393 5441 quae
1438 5379 1734 5441 exponendi
1767 5378 1929 5439 hujus

271 5444 375 5493 loci
440 5456 603 5493 causa
650 5444 831 5492 addita
873 5445 970 5497 est,
1029 5441 1112 5491 Sic
1165 5440 1323 5503 paulo
1368 5440 1521 5503 post.’
1551 5455 1605 5489 n.
1634 5440 1684 5499 2,
1714 5442 1928 5490 eaedem

272 5506 552 5563 editiones,
606 5508 659 5554 et
698 5506 892 5569 rVind.,
952 5521 1065 5569 qua
1129 5519 1285 5551 nunc
1330 5505 1610 5569 transitur
1664 5519 1697 5551 α
1752 5512 1927 5569 morte

272 5569 605 5616 animarum
634 5568 706 5616 ad
762 5567 974 5617 vitam‘
1004 5569 1281 5616 virtutum
1319 5579 1335 5612 .'
1363 5567 1455 5615 ubi
1510 5567 1635 5616 Lov.
1694 5568 1746 5615 et
1800 5567 1922 5615 Mss.

271 5632 475 5680 habent
530 5633 759 5689 tantum,
816 5644 929 5694 qua
989 5644 1140 5679 nunc
1198 5630 1485 5678 transitur
1540 5644 1575 5678 α
1626 5637 1803 5677 morte
1852 5630 1924 5678 ad

272 5694 469 5743 vitam.

1648 352 1878 414 LIBER
1920 352 2369 416 VIGESIMUS.

3584 360 3702 421 666

2054 489 2415 560 subjungens
2474 489 2625 546 unde
2673 492 2937 564 agimus:
2971 492 3165 559 Nolite,
3222 492 3435 564 inquit,
3493 490 3701 547 mirari

2056 569 2176 636 hoc,
2206 574 2336 641 quia
2382 573 2559 628 veniet
2589 575 2603 607 ¹
2637 574 2790 638 hora,
2837 576 2894 628 in
2925 590 3035 645 qua
3064 589 3247 629 omnes
3295 574 3391 644 qui
3415 575 3473 628 in
3502 589 3700 629 monu-

2054 654 2258 706 mentis
2286 658 2438 719 sunt,
2486 651 2716 707 audient
2762 669 2941 709 vocem
2975 654 3091 723 ejus
3115 654 3174 719 ²;
3216 662 3267 708 et
3286 652 3574 723 precedent
3604 654 3701 723 qui

2057 730 2195 785 bona
2216 733 2482 801 fecerunt,
2517 734 2574 787 in
2607 733 3057 788 resurrectionem
3079 736 3245 795 vitae;
3275 735 3371 803 qui
3395 747 3519 787 vero
3551 734 3699 787 mata

2053 817 2301 879 egerunt,
2347 812 2407 867 in
2438 815 2890 870 resurrectionem
2905 813 3120 883 judicii
3158 814 3335 884 (Joan.
3384 829 3438 879 v,
3486 814 3697 882 27-29).

2054 893 2169 948 Hoc
2191 898 2279 949 est
2299 894 2769 965 illudjudicium,
2797 897 2951 967 quod
2983 896 3155 967 paulo
3178 901 3331 964 ante,
3355 897 3497 951 sicut
3523 911 3699 957 nunc,

2053 991 2153 1044 pro
2186 976 2557 1032 damnatione
2577 983 2868 1047 posuerat,
2894 980 3113 1043 dicens,
3146 979 3251 1046 Qui
3276 978 3497 1033 verbum
3520 992 3700 1032 meum

2052 1055 2231 1119 audit,
2266 1063 2320 1111 et
2346 1058 2516 1113 credit
2546 1058 2599 1113 ei
2627 1061 2725 1130 qui
2749 1060 2897 1115 misit
2919 1075 3021 1125 me,
3047 1058 3203 1114 habet
3225 1062 3394 1113 vitam
3411 1066 3698 1124 aeternam,

2051 1141 2106 1191 et
2136 1139 2193 1191 in
2205 1138 2484 1207 judicium
2513 1155 2622 1196 non
2656 1139 2853 1207 veniet,
2883 1138 2974 1195 sed
3004 1141 3228 1195 transiit
3260 1156 3291 1194 a
3316 1147 3492 1195 morte
3519 1137 3581 1193 in
3608 1139 3701 1193 vi—

2053 1222 2169 1271 tam
2197 1218 2387 1289 (Ibid.,
2418 1220 2550 1291 24):
2583 1220 2639 1274 id
2672 1229 2778 1285 est,
2830 1221 3170 1292 pertinendo
3199 1221 3268 1275 ad
3314 1219 3562 1291 primum
3604 1235 3699 1273 re-

2053 1298 2493 1366 surrectionem,
2544 1316 2658 1371 qua
2689 1316 2844 1357 nunc
2876 1300 3159 1355 transitur
3204 1317 3239 1355 a
3287 1304 3471 1355 morte
3510 1300 3578 1354 ad
3611 1298 3699 1353 vi-

2050 1380 2195 1443 tam,
2226 1377 2285 1433 in
2314 1379 2752 1436 damnationem
2786 1396 2900 1436 non
2922 1380 3129 1447 veniet,
3154 1396 3331 1451 quam
3356 1379 3699 1449 significavit

2052 1456 2439 1527 appellatione
2468 1458 2696 1528 judicii,
2737 1460 2891 1514 sicut
2929 1460 3105 1515 etiam
3137 1460 3248 1515 hoc
3286 1459 3433 1527 loco,
3468 1459 3567 1514 ubi
3598 1459 3696 1523 ait,

2053 1536 2161 1604 Qui
2186 1552 2310 1592 vero
2340 1539 2487 1593 mala
2517 1547 2770 1611 egerunt,
2806 1542 2862 1593 in
2902 1542 3353 1594 resurrectionem
3373 1538 3607 1611 judicii,
3639 1539 3695 1593 id

2050 1623 2160 1683 est,
2188 1620 2597 1675 damnationis.
2631 1619 2917 1691 Resurgat
2946 1636 3079 1688 ergo
3112 1620 3168 1673 in
3204 1619 3412 1690 prima,
3447 1619 3548 1689 qui
3583 1634 3696 1674 non

2049 1696 2168 1753 vult
2196 1698 2256 1752 in
2295 1700 2549 1755 secunda
2579 1700 2996 1755 resurrectione
3035 1699 3321 1754 damnari.
3362 1698 3514 1753 Venit
3540 1698 3695 1752 enim

2049 1778 2204 1844 hora,
2236 1788 2287 1832 et
2315 1795 2462 1833 nunc
2480 1785 2581 1846 est,
2612 1779 2835 1848 quando
2864 1780 3071 1833 mortui
3095 1778 3324 1833 audient
3356 1793 3537 1832 vocem
3559 1775 3700 1831 Filii

2050 1858 2189 1923 Dei,-
2229 1862 2281 1912 et
2308 1862 2406 1931 qui
2443 1858 2743 1923 audierint,
2784 1860 2964 1913 vivent
2995 1858 3178 1928 (lbid.,
3222 1860 3335 1928 25),
3367 1857 3424 1912 id
3474 1860 3581 1923 est,
3638 1857 3697 1910 in

2051 1938 2487 1993 damnationem
2524 1954 2639 1993 non
2672 1939 2924 2005 venient,
2959 1955 3086 2009 quas
3127 1939 3384 1994 secunda
3417 1953 3577 1992 mors
3606 1936 3698 1990 di-

2050 2019 2241 2073 citur:
2272 2017 2333 2073 in
2365 2035 2543 2088 quam
2577 2024 2843 2087 mortem,
2877 2025 3013 2089 post
3041 2020 3382 2084 secundam,
3413 2035 3537 2088 quin
3569 2034 3694 2072 cor-

2051 2113 2255 2169 porum
2285 2098 2480 2153 futura
2506 2102 2613 2162 est,
2639 2100 3130 2164 resurrectionem,
3156 2098 3694 2168 praecipitabantur,

2051 2177 2153 2248 qui
2183 2179 2243 2233 in
2276 2178 2482 2249 prima,
2516 2193 2641 2247 qua
2698 2178 3028 2234 animarum
3058 2187 3166 2244 est,
3198 2195 3314 2233 non
3359 2181 3695 2249 resurgunt.

2056 2257 2237 2314 Veniet
2257 2258 2413 2313 enim
2447 2259 2579 2313 hora
2612 2258 2734 2329 (ubi
2770 2275 2884 2315 non
2925 2259 3028 2326 ait,
3055 2266 3109 2314 et
3136 2274 3285 2313 nunc
3320 2266 3436 2320 est;
3466 2257 3601 2327 quia
3639 2256 3698 2310 in

2050 2338 2164 2393 ﬁne
2194 2337 2387 2394 saeculi
2412 2339 2541 2405 erit,
2569 2339 2679 2394 hoc
2698 2344 2787 2394 est
2810 2339 2870 2394 in
2895 2338 3104 2394 ultimo
3129 2344 3185 2394 te
3207 2337 3701 2408 maximojudicio

2048 2419 2197 2491 Dei),
2219 2420 2442 2491 quando
2470 2434 2655 2475 omnes
2686 2421 2782 2490 qui
2812 2422 2872 2473 in
2900 2420 3268 2474 monumentis
3295 2421 3443 2486 sunt,
3476 2418 3701 2473 audient

2047 2500 2950 2571 vocemejus,etprocedent(Ibid,
2976 2500 3228 2568 28y.Non
3255 2500 3398 2557 dixit
3416 2500 3701 2572 quemad-

2050 2582 2222 2636 modu
2234 2597 2289 2635 m
2303 2582 2361 2636 in
2378 2581 2461 2651 pri
2473 2580 3401 2651 ma,etquiaudierint,vivent.Non
3415 2580 3570 2634 enim
3583 2596 3704 2635 om-

2049 2678 2152 2717 nes
2164 2661 2448 2727 vivent,ea
2463 2662 2830 2726 scilicetvita,
2846 2678 2972 2732 quas
2987 2663 3263 2732 quoniam
3280 2663 3444 2716 beata
3457 2665 3561 2727 est,
3578 2660 3701 2714 sola

2047 2741 2164 2797 vita
2192 2740 2442 2797 dicenda
2460 2746 2568 2797 est.
2606 2741 2748 2797 Nam
2774 2741 2973 2811 utique
2997 2757 3113 2797 non
3135 2742 3260 2797 sine
3282 2740 3698 2812 qualicumque

2045 2822 2166 2876 vita
2196 2825 2435 2891 possent
2475 2821 2699 2884 audire,
2733 2826 2789 2876 et
2817 2821 2891 2876 de
2933 2822 3330 2876 monumentis
3362 2823 3699 2888 resurgente

2047 2918 2219 2957 carne
2245 2900 2575 2971 procedere.
2609 2903 2795 2964 Quare
2824 2906 3019 2956 autem
3046 2918 3159 2956 non
3181 2916 3382 2956 omnes
3406 2900 3614 2965 vivent,
3639 2898 3697 2952 in

2046 2995 2113 3035 eo
2144 2980 2298 3051 quod
2340 2979 2621 3051 sequitur,
2652 2982 2855 3035 docet:
2888 2979 2996 3044 Qui
3021 2980 3181 3047 bona,
3205 2979 3411 3048 inquit,
3431 2982 3698 3047 fecerunt,

2046 3053 2106 3113 in
2136 3062 2593 3115 resurrectionem
2622 3060 2773 3127 vitae,
2803 3060 2859 3116 bi
2892 3065 3033 3116 sunt
3063 3061 3157 3130 qui
3189 3059 3416 3115 vivent:
3449 3058 3545 3130 qui
3578 3072 3700 3113 vero

2045 3140 2191 3194 mala
2222 3145 2474 3209 egerunt,
2506 3140 2566 3195 in
2599 3143 3058 3196 resurrectionem
3068 3141 3299 3210 judicii,
3332 3138 3391 3193 hi
3427 3144 3564 3195 sunt
3597 3140 3699 3209 qui

2045 3236 2160 3275 non
2207 3220 2436 3287 vivent;
2469 3222 2609 3291 quia
2638 3223 2892 3277 secunda
2935 3228 3118 3276 morte
3147 3221 3485 3276 morientur.
3548 3222 3700 3276 Mala

2046 3299 2261 3370 quippe
2275 3307 2538 3370 egerunt,
2554 3302 2830 3370 quoniam
2850 3300 2999 3357 male
3019 3300 3306 3357 vixerunt:
3326 3301 3477 3356 male
3500 3305 3695 3356 autem

2044 3380 2473 3450 vixerunt,quia
2489 3381 2547 3434 in
2567 3381 2897 3451 prima,quae
2912 3380 3504 3448 nuncest,animarum
3522 3396 3703 3436 resur-

2042 3460 2297 3515 rectione
2313 3476 2425 3515 non
2442 3459 2899 3524 revixerunt,aut
2912 3462 2969 3514 in
2982 3476 3049 3515 eo
3063 3461 3216 3530 quod
3233 3460 3695 3526 revixerant,non

2043 3542 2102 3597 in
2119 3542 2292 3596 tinem
2311 3557 2492 3611 usque
2521 3545 2879 3596 manserunt.
2911 3540 3361 3611 Sicutergoduie
3378 3546 3699 3609 suntrege-

2043 3622 2397 3689 nerationes,
2411 3623 2481 3676 de
2498 3621 2842 3693 quibusjam
2860 3637 3040 3691 supra
3054 3621 3282 3677 locutus
3296 3637 3451 3687 sum,
3474 3637 3590 3676 una
3602 3637 3694 3676 se-

2042 3702 2298 3757 cundum
2330 3702 2528 3762 ﬁdem,
2556 3717 2676 3771 quas
2715 3718 2866 3756 nunc
2903 3701 2968 3756 fit
3010 3716 3110 3772 per
3139 3701 3540 3771 Baptismum;
3583 3700 3699 3757 alia

2044 3782 2371 3837 secundum
2415 3797 2676 3848 carnem,
2718 3798 2841 3852 quae
2874 3782 2968 3836 ﬁet
3007 3781 3067 3835 in
3103 3780 3228 3851 ejus
3258 3780 3695 3852 incorruptione

2043 3865 2218 3933 atque
2246 3861 2682 3917 immortalitate
2713 3877 2817 3932 per
2858 3860 3147 3931 judicium
3196 3877 3473 3932 magnum
3522 3867 3696 3932 atque

2042 3942 2427 3997 novissimum
2463 3958 2476 3996 :
2510 3941 2589 3996 ita
2627 3945 2767 3995 sunt
2797 3950 2850 3996 et
2882 3941 3334 3996 resurrectiones
3387 3939 3533 4007 duas,
3577 3955 3693 3993 una

2044 4024 2252 4096 prima,
2287 4039 2415 4093 qua:
2445 4031 2499 4078 et
2529 4037 2685 4077 nunc
2720 4026 2827 4089 est,
2861 4026 2917 4075 et
2947 4021 3277 4076 animarum
3308 4024 3416 4084 est,
3449 4036 3575 4091 qua:
3607 4036 3696 4075 ve-

2044 4104 2170 4160 nire
2201 4120 2316 4159 non
2349 4102 2629 4173 permittit
2667 4102 2726 4157 in
2778 4106 3022 4158 mortem
3056 4102 3371 4157 secundam
3408 4125 3423 4169 ;
3455 4100 3569 4156 alia
3598 4117 3691 4156 se-

2045 4185 2255 4251 cunda,
2289 4200 2415 4255 qua;
2448 4199 2602 4238 nunc
2632 4199 2748 4238 non
2781 4188 2886 4251 est,
2919 4183 3018 4238 sed
3041 4182 3100 4236 in
3131 4180 3325 4236 smonli
3356 4182 3469 4236 fine
3501 4182 3693 4236 futura

2042 4269 2152 4334 est,
2186 4280 2291 4320 nec
2322 4264 2672 4329 animarum,
2707 4263 2806 4317 sed
2841 4278 3146 4332 corporum
3179 4266 3288 4328 est,
3318 4277 3445 4332 quae
3480 4277 3578 4332 per
3607 4260 3692 4317 ul-

2043 4344 2256 4398 timum
2298 4341 2590 4412 judicium
2638 4339 2782 4396 alios
2827 4340 3020 4396 mittet
3048 4340 3107 4395 in
3166 4340 3483 4395 secundam
3533 4354 3691 4394 mor-

2042 4426 2182 4490 tem,
2225 4421 2370 4478 alios
2418 4421 2479 4476 in
2523 4437 2651 4476 eam
2712 4419 2911 4489 vitam,
2959 4435 3087 4491 qua:
3133 4435 3246 4474 non
3309 4419 3481 4474 habet
3540 4434 3691 4475 mor-

2045 4507 2190 4560 tem.

2040 4667 2271 4725 CAPUT
2300 4665 2421 4721 VII.
2463 4696 2533 4707 --
2590 4666 2663 4720 De
2709 4664 2927 4720 duabus
2983 4665 3477 4721 resurrectionibus
3531 4673 3581 4717 et
3628 4662 3695 4716 de

2109 4748 2265 4803 mille
2294 4748 2459 4803 annis
2481 4746 2613 4818 quid
2629 4746 2690 4799 in
2712 4744 3040 4815 Apocalypsi
3060 4742 3285 4799 Joannis
3311 4744 3580 4812 scriptum
3596 4741 3690 4806 sit,

2109 4832 2159 4884 et
2188 4828 2324 4900 quid
2351 4828 2417 4884 de
2431 4830 2508 4883 eis
2526 4824 2944 4883 rationabiliter
2966 4822 3264 4877 sentiatur.

2111 4992 2162 5047 1.
2199 4991 2279 5047 De
2308 4990 2401 5045 his
2429 4989 2661 5044 duabus
2692 4983 3217 5042 resurrectionibus
3248 4982 3401 5039 idem
3440 4983 3692 5038 Joannes

2039 5070 2396 5140 evangelista
2428 5069 2483 5124 in
2511 5068 2658 5123 libro
2681 5069 2776 5137 qui
2799 5064 3010 5120 dicitur
3038 5063 3440 5136 Apocalypsis,
3473 5078 3537 5118 eo
3569 5078 3693 5118 mo-

2038 5154 2111 5208 do
2144 5151 2372 5207 locutus
2403 5154 2512 5216 est,
2547 5153 2608 5205 ut
2639 5163 2839 5204 earum
2874 5146 3064 5217 prima
3096 5163 3129 5201 a
3158 5144 3515 5219 quibusdam
3546 5159 3691 5198 nos-

2037 5234 2148 5289 tris
2181 5247 2297 5287 non
2327 5230 2635 5299 intellecta,
2659 5229 2902 5300 insuper
2930 5228 3105 5284 etiam
3137 5228 3196 5283 in
3228 5226 3515 5298 quaedam
3542 5224 3686 5279 ridi-

2036 5313 2196 5370 culae
2229 5312 2456 5368 fabulas
2487 5314 2825 5367 verteretur.
2855 5309 2949 5364 Ait
2970 5308 3187 5380 quippe
3216 5309 3274 5364 in
3298 5307 3445 5363 libro
3470 5320 3687 5362 memo-

2093 5630 2109 5663 1
2142 5624 2226 5674 Sic
2253 5625 2422 5674 nostri
2449 5624 2668 5674 codices.
2699 5623 2759 5671 In
2787 5623 2862 5681 B.,
2894 5620 3224 5685 quiarvenit.
3254 5620 3322 5669 M.

2095 5689 2116 5723 2
2146 5688 2229 5737 Sic
2258 5689 2381 5737 Mss.
2412 5688 2550 5737 Editi
2579 5700 2723 5740 vero,
2756 5684 2933 5735 vocem
2962 5684 3077 5748 ﬁlii
3105 5684 3224 5733 Dei.
