4124 6188
370 326 492 386 667

372 463 499 518 rato
525 461 782 517 Joannes
814 456 1114 529 apostolus
1140 473 1152 512 :
1184 459 1251 513 Et
1281 456 1391 512 vidi
1410 456 1668 529 angelum
1693 456 2023 513 descenden-

374 548 485 597 tem
514 541 580 597 de
608 541 756 609 caelo,
787 539 1072 594 habentem
1112 538 1322 595 clavem
1353 537 1558 609 abyssi,
1603 545 1654 594 et
1685 543 1933 593 catenam
1962 539 2022 592 in

374 638 551 677 manu
577 638 699 687 sua,
731 623 783 677 et
814 621 991 675 tenuit
1021 622 1316 675 draconem
1358 619 1522 674 illum
1552 627 1854 689 serpentem
1876 618 2022 674 anti-

372 718 565 774 quum,
595 703 693 772 qui
720 699 1141 773 cognominatus
1193 704 1273 757 est
1300 699 1559 756 diabolus
1596 709 1648 756 et
1677 706 1923 765 satanas,
1971 705 2021 754 et

370 781 623 852 alligavit
649 781 809 835 illum
830 780 987 835 mille
1006 781 1191 847 annis,
1220 788 1270 836 et
1291 779 1441 836 misit
1462 781 1624 835 illum
1653 781 1714 834 in
1733 779 2020 850 abyssum;

369 870 422 920 et
452 860 679 928 clausit,
711 868 764 917 et
779 860 1027 933 signavit
1046 877 1208 933 super
1226 877 1370 929 eum,
1394 864 1453 916 ut
1473 877 1588 916 non
1608 860 1883 917 seduceret
1894 861 2020 930 jam

369 947 569 1015 gentes,
601 941 769 999 donec
804 941 1085 1012 ﬁniantur
1128 942 1286 999 mille
1314 944 1493 998 anni:
1517 942 1781 1014 posthaec
1812 947 2021 1012 oportet

369 1040 497 1080 eum
528 1024 669 1079 solvi
699 1023 849 1081 brevi
875 1029 1131 1096 tempore.
1163 1026 1229 1080 Et
1255 1023 1371 1081 vidi
1387 1024 1555 1092 sedes,
1585 1029 1636 1079 et
1662 1022 1907 1079 sedentes
1933 1037 2022 1078 su-

344 1102 472 1177 ‘per
500 1120 613 1171 eas,
653 1114 706 1160 et
731 1104 1013 1175 judicium
1042 1105 1232 1161 datum
1260 1108 1357 1162 est.
1393 1108 1460 1160 Et
1487 1105 1694 1161 animm
1723 1105 2019 1159 occisorum

372 1193 597 1258 propter
627 1187 641 1221 ¹
677 1187 1047 1241 testimonium
1075 1187 1226 1255 Jesu,
1257 1195 1308 1242 et
1334 1188 1554 1259 propter
1574 1184 1800 1241 verbum
1833 1185 1943 1252 Dei,
1969 1185 2021 1239 et

373 1269 426 1321 si
453 1266 548 1337 qui
568 1280 677 1321 non
715 1266 1083 1323 adoraverunt
1124 1267 1368 1333 bestiam,
1415 1283 1514 1322 nec
1550 1266 1847 1337 imaginem
1876 1264 2018 1335 ejus,

375 1360 549 1417 neque
575 1356 892 1417 acceperunt
925 1347 1335 1417 inscriptionem
1359 1348 1419 1402 in
1437 1348 1617 1416 fronte
1634 1352 1733 1400 aut
1762 1348 1821 1400 in
1850 1361 2020 1399 manu

373 1443 497 1494 sua,
529 1432 580 1482 et
626 1435 993 1495 regnaverunt
1038 1445 1162 1483 cum
1205 1429 1332 1484 Iesu
1376 1428 1532 1483 mille
1579 1428 1787 1483 annis:
1815 1426 2020 1497 reliqui

374 1523 559 1563 eorum
582 1523 692 1562 non
724 1510 1005 1575 vixerunt,
1040 1509 1207 1563 donec
1233 1509 1506 1578 ﬁniantur
1535 1509 1692 1563 mille
1708 1508 1865 1561 anni.
1901 1507 2022 1562 llaec

374 1591 703 1645 resurrectio
729 1591 912 1660 prima
942 1598 1039 1645 est.
1074 1590 1273 1644 Beatus
1302 1598 1353 1645 et
1371 1595 1589 1644 sanctus
1615 1593 1714 1656 est,
1744 1589 1839 1658 qui
1857 1588 2019 1641 habet

375 1668 437 1723 in
467 1669 569 1724 hac
594 1670 782 1739 prima
815 1673 1219 1725 resurrectione
1250 1678 1484 1740 partem.
1527 1671 1589 1725 In
1621 1671 1745 1723 istis
1781 1665 2019 1722 secunda

375 1765 521 1805 mors
547 1766 656 1805 non
676 1750 837 1805 habet
872 1755 1228 1821 potestatem;
1258 1749 1353 1805 sed
1391 1756 1554 1805 erunt
1579 1748 1883 1805 sacerdotes
1921 1746 2022 1802 Dei

372 1835 424 1888 et
456 1829 677 1898 Christi,
710 1834 758 1885 et
780 1830 1085 1901 regnabant
1112 1846 1235 1885 eum
1264 1846 1325 1886 eo
1352 1830 1508 1885 mille
1525 1828 1688 1885 annis
1712 1829 1893 1900 (Apoc.
1925 1845 2018 1894 xx,

372 1913 511 1983 4-6).
543 1912 649 1977 Qui
674 1916 904 1983 propter
934 1909 1055 1965 hac
1085 1909 1264 1980 hujus
1286 1908 1418 1965 libri
1449 1910 1625 1965 verba
1655 1909 1906 1980 primam
1934 1923 2023 1965 re-

375 1992 794 2048 surrectionem
842 1992 1093 2046 futuram
1139 1991 1418 2062 suspicati
1458 1998 1593 2046 sunt
1645 1987 2019 2059 corporalem,

371 2073 525 2129 inter
554 2076 760 2127 cetera
806 2072 1059 2128 maxime
1102 2087 1344 2128 numero
1375 2088 1665 2128 annorum
1700 2068 1859 2126 mille
1892 2086 2024 2142 per-

375 2154 514 2212 moti
545 2158 702 2219 sunt,
753 2163 1031 2225 tanquam
1060 2157 1351 2225 oporteret
1392 2153 1450 2209 in
1483 2153 1705 2210 sanctis
1737 2169 1804 2209 eo
1849 2153 2021 2211 modo

372 2235 551 2292 veluti
586 2236 733 2290 tanti
769 2235 1052 2306 temporis
1083 2235 1203 2290 fieri
1237 2234 1689 2301 sabbatismum,
1722 2235 2022 2291 vacatione

372 2316 596 2373 scilicet
632 2320 836 2371 sancta
866 2319 998 2388 post
1035 2316 1262 2372 labores
1292 2333 1579 2373 annorum
1613 2332 1709 2373 ses
1751 2315 2019 2383 millium,

372 2413 441 2454 ex
479 2412 592 2468 quo
623 2400 852 2453 creatus
897 2404 985 2452 est
1015 2397 1211 2463 homo,
1260 2405 1314 2452 et
1363 2398 1557 2468 magni
1588 2396 1749 2454 illius
1800 2396 2020 2467 peccati

372 2478 578 2533 merito
609 2476 665 2531 in
699 2478 878 2547 hujus
926 2476 1302 2534 mortalitatis
1337 2492 1628 2533 mrumnas
1657 2477 1727 2533 de
1768 2476 2018 2548 paradisi

369 2556 637 2614 felicitate
667 2557 948 2613 dimissus
995 2561 1104 2624 est,
1136 2561 1201 2612 ut
1249 2557 1528 2629 quoniam
1575 2558 1854 2627 scriptum
1912 2566 2018 2620 est,

379 2639 525 2695 Unus
555 2638 667 2695 dies
694 2637 845 2709 apud
886 2639 1177 2695 Dominum
1206 2640 1344 2694 sicut
1372 2638 1528 2694 mitte
1573 2638 1732 2709 anni,
1782 2642 1833 2693 et
1868 2638 2022 2694 mille

375 2722 512 2775 anni
538 2719 681 2775 sicut
728 2719 846 2776 dies
879 2735 1025 2775 unus
1053 2720 1128 2789 (ll
1173 2721 1329 2776 Petr.
1363 2736 1449 2785 ιιι,
1479 2719 1555 2791 8),
1589 2733 1692 2774 sex
1738 2734 2020 2775 annorum

374 2799 636 2856 millibus
666 2804 945 2871 tanquam
979 2817 1079 2855 sex
1102 2800 1307 2855 diebus
1332 2798 1607 2870 impletis,
1626 2805 1907 2871 sequatur
1935 2815 2024 2854 ve-

373 2881 460 2937 lut
513 2881 736 2937 sabbati
770 2881 1057 2951 septimus
1089 2881 1146 2933 in
1188 2880 1358 2933 annis
1391 2878 1553 2934 mille
1587 2880 1918 2953 postremis,
1949 2879 2019 2934 ad

373 2961 481 3017 hoc
511 2961 732 3018 scilicet
779 2959 1085 3014 sabbatum
1135 2957 1547 3015 celebrandum
1582 2960 2022 3032 resurgentibus

373 3042 612 3098 sanctis.
644 3043 777 3102 Quae
809 3040 1003 3109 opinio
1052 3046 1203 3094 esset
1242 3043 1554 3111 utcumque
1599 3040 1940 3107 tolerabilis,
1973 3039 2020 3094 si

378 3120 587 3192 aliqua;
617 3119 835 3175 delicias
867 3119 1200 3191 spirituales
1228 3120 1289 3175 in
1319 3120 1419 3177 illo
1467 3122 1708 3177 sabbato
1737 3122 2019 3176 adfuturee

376 3201 592 3255 sanctis
625 3215 727 3271 per
771 3199 1004 3255 Domini
1050 3201 1415 3271 prtesentiam
1458 3202 1841 3256 crederentur.
1875 3201 2016 3256 Nam

373 3280 550 3338 etiam
598 3296 706 3337 nos
755 3282 863 3339 hoc
894 3283 1112 3354 opinati
1143 3283 1362 3339 fuimus
1409 3283 1723 3355 aliquando
1770 3284 1872 3354 (a).
1904 3283 2017 3339 Sed

367 3378 502 3420 cum
532 3378 630 3419 eos
662 3363 763 3436 qui
793 3367 933 3419 tunc
963 3366 1405 3433 resurrexerint,
1437 3366 1634 3420 dicant
1662 3363 2019 3421 immodera-

369 3444 613 3500 tissimis
643 3444 978 3501 carnalibus
1003 3446 1195 3517 epulis
1223 3451 1553 3514 vacaturos,
1586 3444 1647 3500 in
1680 3446 1893 3516 quibus
1925 3444 2018 3500 ci-

365 3525 476 3581 bus
506 3525 583 3582 sit
613 3529 811 3582 tantus
840 3542 907 3581 ac
937 3530 1132 3598 potus,
1166 3531 1230 3582 ut
1260 3543 1375 3583 non
1408 3524 1600 3581 solum
1637 3525 1855 3582 nullam
1892 3542 2014 3582 mo-

368 3607 616 3662 destiam
650 3611 905 3677 teneant,
946 3608 1049 3663 sed
1083 3608 1320 3664 modum
1354 3622 1586 3678 quoque
1615 3605 1804 3677 ipsius
1835 3606 2019 3661 incre-

370 3685 633 3741 dulitatis
674 3688 989 3742 excedant:
1023 3686 1183 3743 nullo
1216 3687 1387 3742 modo
1420 3686 1529 3742 ista
1560 3694 1806 3757 pessunt
1837 3687 1949 3741 nisi
1984 3702 2017 3740 a

368 3765 697 3821 carnalibus
752 3767 931 3823 credi.
981 3768 1050 3823 Hi
1100 3772 1296 3823 autem
1343 3768 1445 3838 qui
1488 3764 1819 3836 spirituales
1855 3773 2013 3834 sunt,

365 3847 507 3904 istos
536 3847 651 3905 ista
679 3853 979 3906 credentes
1015 3846 1312 3912 Χιλιαστάς
1358 3850 1655 3921 appellant
1698 3864 1882 3920 graeco
1913 3866 2015 3907 vo-

366 3928 612 3998 cabulo;
665 3946 833 4002 quos,
881 3932 1123 3987 verbum
1155 3946 1186 3985 e
1225 3930 1401 3986 verbo
1445 3929 1856 4001 exprimentes,
1907 3946 2013 3986 nos

363 4026 678 4082 possumus
706 4010 1006 4067 Milliarios
1037 4026 1395 4082 nuncupare.
1428 4011 1536 4067 Eos
1558 4018 1747 4066 autem
1771 4009 2010 4083 longum

362 4093 449 4145 est
479 4090 738 4147 refellere
769 4092 839 4146 ad
865 4090 1133 4161 singula;
1160 4092 1259 4147 sed
1284 4091 1496 4162 potius,
1520 4091 2011 4161 quemadmodum

363 4171 663 4244 Scriptura
696 4171 815 4228 haec
849 4171 1184 4244 accipienda
1214 4173 1307 4241 sit,
1333 4173 1460 4244 jam
1494 4172 1776 4228 debemus
1806 4176 2011 4227 osten-

367 4252 522 4307 dere.

432 4333 488 4385 2.
520 4332 613 4387 Ait
649 4332 774 4402 ipse
803 4333 1085 4388 Dominus
1115 4334 1284 4389 Jesus
1315 4332 1607 4401 Christus,
1651 4333 1814 4387 Nemo
1840 4340 2012 4404 potest

365 4410 597 4466 introire
635 4413 694 4465 in
742 4411 958 4467 domum
1001 4413 1181 4482 fortis,
1212 4417 1265 4472 et
1309 4430 1437 4469 vasa
1465 4414 1582 4485 ejus
1629 4412 1865 4484 eripere,
1899 4413 2013 4468 nisi

360 4490 520 4560 prius
569 4489 897 4559 alligaverit
944 4494 1148 4562 fortem
1178 4495 1368 4563 (Marc.
1420 4510 1505 4555 ιιι,
1537 4494 1627 4564 27)
1665 4510 1677 4548 :
1712 4492 2006 4548 diabolum

362 4568 564 4623 volens
595 4567 841 4642 intelligi
883 4571 1108 4639 fortem,
1139 4574 1277 4645 quia
1307 4575 1432 4644 ipse
1462 4588 1649 4643 genus
1680 4572 2007 4626 humanum

360 4650 550 4723 potuit
580 4655 778 4708 tenere
801 4653 1085 4724 captivum
1114 4671 1128 4721 ;
1163 4670 1295 4709 vasa
1323 4668 1454 4707 vero
1485 4653 1634 4720 ejus,
1667 4666 1791 4721 quae
1818 4652 2007 4705 fuerat

363 4737 686 4805 erepturus,
721 4733 916 4790 ﬁdeles
947 4751 1084 4791 suos
1119 4735 1365 4798 futuros,
1389 4746 1533 4802 quos
1556 4730 1651 4785 ille
1673 4731 1733 4785 in
1764 4732 2008 4786 diversis

365 4816 618 4886 peccatis
647 4823 819 4887 atque
844 4815 1241 4887 impietatibus
1275 4812 1629 4883 possidebat.
1658 4811 1731 4867 Ut
1758 4828 1894 4884 ergo
1925 4812 2007 4867 al-

360 4894 643 4967 ligaretur
672 4895 766 4951 hic
812 4896 998 4965 fortis,
1050 4899 1352 4967 propterea
1382 4893 1524 4950 vidit
1553 4893 1661 4949 iste
1708 4891 2012 4965 apostolus

423 5169 440 5202 ί
476 5168 635 5229 Editi,
667 5168 859 5217 datum
908 5175 987 5216 est
1021 5167 1160 5226 illis,
1215 5177 1263 5218 et
1293 5169 1516 5218 animas
1546 5166 1854 5215 occisorum
1880 5181 2012 5229 pro-

361 5239 498 5295 pter.
560 5232 645 5282 Sic
691 5232 848 5294 plane
889 5230 1117 5295 Vulgata
1170 5233 1224 5279 et
1277 5245 1463 5295 graeca
1517 5230 1670 5295 lectio
1725 5231 2011 5295 Apoe.__xx.

364 5292 612 5344 Attamen
666 5292 1018 5356 manuscripti
1092 5306 1306 5356 omnes,
1344 5294 1431 5342 hic
1507 5292 1778 5353 omittunt,
1845 5292 2012 5352 illis;

361 5357 688 5429 habentque,
701 5419 712 5429 Ι
755 5358 826 5404 Et
892 5354 1116 5404 animae
1159 5354 1546 5429 loccisorumf
1632 5359 1792 5429 atque
1876 5356 2015 5405 hanc

364 5418 535 5527 igpsam
578 5418 877 5469 lectionem
947 5419 1179 5481 exponet
1244 5419 1425 5479 postea
1494 5418 1838 5478 Augustinus,
1897 5432 2012 5482 cap.

402 5516 502 5602 ’(α)
533 5542 701 5591 Sicuti
730 5544 910 5593 videre
940 5546 1021 5595 est
1064 5542 1122 5592 in
1156 5556 1310 5593 serm.
1357 5540 1468 5604 259,
1517 5542 1610 5603 qui
1651 5544 1785 5593 alias
1814 5556 1880 5593 ex
1909 5543 2014 5592 Sir-

366 5604 669 5652 mondianis
699 5605 774 5653 19.

1430 323 1529 381 DE
1572 322 1935 385 CIVITATE
1976 321 2127 395 DEI,
2174 322 2241 383 S.
2286 321 2715 384 AUGUSTINI

3659 318 3792 379 668

2132 456 2191 511 in
2222 458 2563 533 Apocalypsi
2589 459 2848 528 angelum
2875 457 3279 514 descendentem
3307 457 3372 513 de
3388 459 3540 525 calo,
3574 458 3791 514 haben-

2133 548 2240 594 tem
2264 540 2471 594 clavem
2495 539 2697 610 abyssi,
2720 543 2775 593 et
2795 546 3043 594 catenam
3067 541 3125 594 in
3147 554 3314 593 manu
3335 554 3457 594 sua.
3482 542 3552 594 Et
3581 539 3793 609 tenuit,

2132 619 2344 691 inquit,
2376 620 2665 676 draconem
2702 619 2865 675 illum
2893 628 3192 691 serpentem
3224 620 3534 689 antiquum,
3566 622 3667 691 qui
3693 636 3800 674 co-

2131 702 2495 768 gnominatus
2533 709 2611 757 est
2638 700 2887 755 diabolus
2918 708 2967 755 et
2997 707 3245 769 satanas,
3299 704 3351 755 et
3382 701 3637 771 alligavit
3661 717 3797 755 eum

2130 781 2284 835 mille
2327 786 2514 848 annis,
2547 780 2657 836 hoc
2687 786 2790 848 est,
2837 782 2965 851 ejus
3015 784 3355 852 potestatem
3389 781 3460 835 ab
3493 782 3578 837 eis
3609 783 3796 837 sedu-

2132 861 2332 916 cendis
2362 878 2427 916 ac
2454 861 2842 932 possidendis,
2875 860 2976 934 qui
3008 862 3240 916 fuerant
3269 860 3580 930 liberandi,
3623 862 3795 918 cohi-

2133 941 2259 997 buit
2286 945 2459 1014 atque
2488 941 2754 998 frenavit.
2788 942 2944 998 Mille
2974 947 3163 997 autem
3199 942 3337 997 anni
3383 942 3613 998 duobus
3655 959 3797 998 mo-

2131 1022 2224 1078 dis
2257 1027 2520 1093 possunt,
2550 1028 2834 1095 quantum
2869 1022 3011 1077 mihi
3057 1022 3332 1092 occurrit,
3365 1021 3655 1095 intelligi:
3689 1027 3798 1079 aut

2132 1103 2272 1173 quia
2304 1104 2358 1159 id
2394 1103 2619 1161 ultimis
2651 1104 2822 1160 annis
2871 1102 3027 1159 mille
3058 1103 3172 1158 ista
3206 1120 3297 1159 res
3330 1105 3538 1174 agitur,
3571 1105 3632 1159 id
3671 1109 3795 1174 est,

2134 1186 2295 1238 sexto
2324 1199 2611 1240 annorum
2645 1182 2918 1240 milliario
2949 1187 3227 1254 tanquam
3272 1187 3432 1239 sexto
3464 1184 3577 1252 die,
3610 1184 3795 1254 cujus

2136 1280 2293 1318 nunc
2334 1264 2518 1336 spatia
2550 1265 2866 1336 posteriora
2894 1262 3243 1333 volvuntur;
3278 1268 3546 1320 secuturo
3577 1265 3798 1320 deinde

2133 1344 2392 1411 sabbato,
2426 1347 2580 1418 quod
2616 1363 2728 1402 non
2759 1347 2938 1401 habet
2966 1362 3289 1416 vesperam,
3323 1347 3525 1417 requie
3564 1345 3795 1401 scilicet

2131 1430 2490 1495 sanctorum,
2524 1443 2647 1498 quae
2681 1443 2798 1483 non
2830 1427 3004 1482 habet
3036 1428 3209 1481 tinem
3244 1443 3256 1480 :
3286 1434 3347 1481 ut
3369 1426 3542 1496 hujus
3575 1425 3792 1481 millia—

2131 1507 2201 1562 rii
2236 1511 2517 1580 tanquam
2549 1507 2663 1564 diei
2695 1507 3069 1563 novissimam
3104 1512 3349 1579 partem,
3372 1524 3494 1578 qua:
3522 1523 3792 1564 remane-

2133 1588 2231 1642 bat
2256 1592 2272 1624 ί
2308 1605 2494 1661 usque
2524 1591 2591 1646 ad
2642 1589 2957 1645 terminum
2989 1588 3212 1658 saeculi,
3248 1588 3408 1645 mille
3453 1605 3641 1644 annos
3685 1605 3794 1660 ap-

2131 1666 2433 1738 pellaverit
2465 1686 2479 1739 ;
2513 1685 2580 1725 eo
2617 1668 2892 1741 loquendi
2926 1669 3120 1737 modo,
3155 1685 3266 1739 quo
3318 1686 3456 1741 pars
3489 1668 3793 1740 signiﬁca-

2130 1753 2227 1803 tur
2257 1767 2289 1804 a
2319 1753 2477 1806 toto:
2509 1754 2610 1806 aut
2640 1755 2793 1806 certe
2826 1749 2985 1805 mille
3027 1766 3212 1805 annos
3247 1765 3349 1820 pro
3390 1749 3558 1805 annis
3593 1748 3795 1805 omni-

2130 1830 2239 1885 bus
2271 1829 2451 1901 hujus
2482 1830 2680 1887 saaculi
2714 1831 2944 1903 posuit;
2983 1835 3047 1887 ut
3077 1831 3326 1904 perfecto
3358 1846 3598 1886 numero
3625 1834 3798 1886 nota-

2129 1914 2290 1966 retur
2319 1911 2446 1982 ipsa
2485 1913 2757 1985 temporis
2797 1912 3122 1985 plenitudo.
3172 1911 3527 1968 Millenarius
3566 1911 3794 1983 quippe

2131 2007 2414 2047 numerus
2436 1991 2658 2047 denarii
2674 1990 2902 2047 numeri
2922 1992 3273 2063 quadratum
3299 1991 3551 2047 solidum
3570 1991 3795 2047 reddit.

2131 2070 2338 2128 Decem
2369 2072 2582 2146 quippe
2603 2071 2795 2128 decies
2818 2072 3008 2138 ducta,
3036 2072 3185 2128 fiunt
3207 2076 3441 2128 centum
3466 2090 3482 2141 ;
3506 2088 3631 2143 quae
3656 2071 3788 2141 jam

2131 2154 2318 2226 figura
2346 2156 2647 2226 quadrata,
2682 2154 2783 2210 sed
2817 2155 2990 2224 plana
3011 2163 3096 2210 est
3128 2153 3172 2210 ³.
3198 2153 3271 2210 Ut
3292 2160 3486 2210 autem
3511 2155 3567 2210 in
3589 2153 3791 2210 altitu-

2131 2235 2328 2291 dinem
2361 2238 2583 2307 surgat,
2615 2238 2671 2291 et
2709 2234 2895 2291 solida
2925 2235 3045 2302 fiat,
3079 2250 3283 2292 rursus
3321 2239 3553 2291 centum
3587 2234 3792 2289 decies

2132 2315 2615 2386 multiplicantur,
2649 2319 2705 2370 et
2735 2313 2893 2370 mille
2923 2319 3081 2370 sunt.
3116 2313 3291 2370 Porro
3322 2313 3626 2371 siccatum
3654 2313 3794 2384 ipsa

2134 2412 2237 2468 pro
2289 2395 2669 2452 universitate
2699 2394 3012 2467 aliquando
3045 2400 3361 2465 ponuntur,
3416 2396 3591 2467 quale
3636 2393 3782 2449 illud

2131 2483 2239 2550 est,
2290 2479 2444 2549 quod
2499 2476 2778 2533 Dominus
2807 2475 3006 2533 omnia
3036 2493 3145 2533 sua
3190 2476 3509 2534 dimittenti
3558 2484 3617 2531 et
3645 2492 3785 2532 eum

2131 2558 2394 2632 sequenti
2445 2558 2733 2630 promisit,
2794 2558 3012 2624 dicens,
3045 2557 3285 2629 Accipiet
3323 2559 3383 2612 in
3428 2556 3526 2614 hoc
3581 2557 3793 2613 saeculo

2128 2640 2446 2711 centuplum
2476 2638 2687 2706 (Matth.
2736 2655 2851 2708 XIX,
2882 2639 2990 2705 29;
3024 2643 3196 2695 Marc.
3228 2655 3285 2708 x,
3317 2638 3407 2711 30)
3442 2655 3456 2694 :
3491 2638 3651 2709 quod
3696 2654 3795 2693 ex-

2133 2736 2354 2793 ponens
2402 2717 2833 2791 quodammodo
2882 2720 3215 2789 Apostolus,
3256 2718 3360 2785 ait,
3421 2717 3596 2786 Quasi
3639 2717 3791 2772 nihil

2131 2800 2410 2869 habentes,
2441 2803 2491 2855 et
2520 2801 2705 2855 omnia
2733 2798 3068 2870 possidentes
3097 2800 3170 2866 (ll
3206 2799 3325 2855 Cor.
3364 2815 3443 2867 v1,
3481 2798 3608 2868 10);
3647 2797 3790 2869 quia

2130 2887 2189 2937 et
2218 2886 2351 2938 ante
2376 2884 2450 2953 (a)
2477 2882 2600 2951 jam
2633 2881 2853 2936 dictum
2904 2884 3049 2944 erat,
3082 2879 3282 2935 Fidelis
3341 2880 3579 2935 hominis
3636 2884 3790 2934 totus

2131 2963 2365 3018 mundus
2408 2961 2745 3018 divitiarum
2785 2965 2913 3018 est:
2961 2966 3180 3032 quanto
3212 2961 3401 3033 magis
3460 2960 3621 3016 mille
3675 2977 3784 3032 pro

2130 3044 2505 3101 universitate
2530 3049 2849 3114 ponuntur,
2873 3042 2969 3099 ubi
2994 3048 3079 3099 est
3108 3043 3372 3099 soliditas
3393 3041 3584 3115 ipsius
3607 3042 3788 3097 dena-

2129 3126 2224 3181 ria
2256 3125 2625 3197 quadratum
2646 3123 2674 3178 ?
2697 3122 2859 3180 Unde
2881 3139 2985 3180 nec
3008 3123 3147 3179 illud
3179 3123 3388 3179 melius
3408 3122 3786 3195 intelligitur,

2128 3205 2282 3276 quod
2331 3204 2391 3260 in
2421 3203 2650 3258 Psalmo
2698 3202 2916 3274 legitur
2946 3218 2960 3261 :
2994 3203 3194 3259 Memor
3236 3203 3350 3272 fuit
3397 3203 3460 3258 in
3511 3201 3785 3259 saeculum

2127 3288 2440 3343 testamenti
2466 3286 2576 3353 sui,
2609 3284 2762 3342 verbi
2788 3284 2931 3355 quod
2958 3283 3241 3340 mandavit
3268 3285 3329 3339 in
3360 3284 3516 3341 mille
3537 3299 3785 3357 genera-

2127 3369 2303 3424 tiones
2333 3366 2502 3437 (Psal.
2535 3382 2648 3433 CIV,
2679 3365 2758 3437 8),
2799 3366 2854 3420 id
2890 3368 2996 3432 est,
3028 3365 3089 3420 in
3120 3380 3343 3421 omnes.

2194 3448 2251 3505 3.
2285 3449 2348 3505 Et
2376 3448 2526 3503 misit
2556 3447 2739 3512 illum,
2771 3445 2983 3518 inquit,
3015 3447 3077 3501 in
3105 3446 3362 3518 abyssum
3385 3461 3404 3500 :
3436 3443 3639 3515 utique
3659 3444 3781 3499 diuo

2125 3530 2325 3587 bolum
2354 3530 2509 3586 misit
2529 3529 2588 3585 in
2610 3530 2904 3601 abyssum.
2935 3530 3056 3595 Quo
3075 3529 3306 3585 nomine
3328 3527 3661 3598 significata
3684 3536 3779 3585 est

2125 3611 2441 3668 multitudo
2465 3608 2911 3666 innumerabilis
2935 3608 3271 3680 impiorum,
3296 3624 3546 3678 quorum
3568 3609 3630 3663 in
3655 3626 3779 3666 ma-

2123 3691 2393 3763 lignitate
2424 3691 2705 3746 adversus
2738 3688 3054 3745 Ecclesium
3084 3689 3183 3745 Dei
3215 3689 3461 3745 multum
3492 3690 3792 3760 profunda

2123 3777 2263 3830 sunt
2294 3773 2504 3829 corda:
2539 3788 2652 3827 non
2686 3770 2824 3842 quia
2853 3770 2933 3825 ibi
2986 3769 3256 3827 diabolus
3286 3775 3420 3826 ante
3462 3786 3581 3825 non
3614 3776 3785 3840 erat;

2123 3854 2221 3909 sed
2248 3852 2377 3909 ideo
2409 3851 2626 3907 dicitur
2658 3851 2799 3908 illuc
2844 3850 3076 3917 missus,
3111 3851 3249 3922 quia
3294 3850 3568 3907 exclusus
3591 3867 3628 3906 a
3656 3867 3783 3907 cre-

2121 3934 2390 3989 dentibus
2423 3933 2552 4003 plus
2574 3929 2976 4001 empitimpios
3002 3931 3319 4002 possidere.
3359 3930 3494 3986 Plus
3518 3946 3783 4002 namque

2123 4014 2458 4085 possidetur
2487 4030 2519 4068 a
2548 4011 2795 4078 diabolo,
2817 4010 2915 4082 qui
2947 4028 3063 4067 non
3094 4011 3286 4068 solum
3319 4011 3606 4067 alienatus
3636 4018 3780 4069 esta

2120 4098 2461 4163 Deo,verum
2478 4093 2649 4149 etiam
2667 4092 2849 4164 gratis
2862 4092 3314 4148 oditservientes
3328 4092 3777 4160 Deo.Etclausit,

2118 4175 2327 4246 inquit,
2357 4181 2406 4230 et
2436 4171 2685 4241 signavit
2712 4186 2880 4242 super
2918 4186 3063 4237 eum,
3116 4175 3173 4226 ut
3205 4172 3326 4243 jam
3354 4187 3463 4226 non
3492 4170 3779 4228 seduceret

2116 4261 2317 4328 gentes,
2348 4255 2518 4310 donec
2544 4252 2818 4323 ﬁniantur
2846 4249 3003 4307 mille
3029 4251 3185 4309 anni.
3222 4251 3612 4320 Clausitsuper
3626 4268 3778 4317 eum,

2118 4338 2338 4392 dictum
2372 4339 2479 4403 est,
2505 4333 2798 4388 interdixit
2826 4334 2876 4388 ei
2906 4349 2977 4388 ne
3017 4333 3201 4404 possit
3232 4333 3407 4399 exire,
3441 4331 3500 4387 id
3530 4338 3639 4399 est,
3673 4349 3777 4389 ve-

2119 4420 2288 4474 titum
2317 4415 2666 4485 transgredi.
2699 4415 2950 4487 Signavit
2979 4417 3198 4483 autem,
3230 4414 3382 4483 quod
3411 4412 3656 4480 addidit,
3688 4415 3776 4469 si-

2120 4499 2427 4571 gnificasse
2459 4495 2602 4552 mihi
2628 4496 2876 4564 videtur,
2909 4495 3049 4567 quia
3074 4494 3365 4551 occultum
3408 4509 3538 4550 esse
3567 4494 3775 4561 voluit,

2120 4579 2221 4651 qui
2253 4577 2575 4649 pertineant
2603 4577 2673 4632 ad
2708 4581 2930 4648 partem
2962 4574 3201 4641 diaboli,
3232 4580 3289 4630 et
3319 4574 3417 4646 qui
3452 4591 3565 4630 non
3599 4575 3782 4645 perti-

2119 4667 2310 4716 neant.
2354 4661 2468 4714 Hoc
2514 4657 2730 4731 quippe
2770 4656 2831 4712 in
2881 4654 3094 4712 saeculo
3142 4656 3253 4712 isto
3299 4671 3543 4727 prorsus
3593 4653 3777 4713 latet:

2185 4919 2201 4954 1
2236 4916 2317 4965 Ita
2342 4915 2463 4965 Mss.
2495 4914 2563 4963 At
2591 4914 2737 4975 editi,
2767 4912 3093 4962 remanebit.

2142 4978 2203 5054 "2
2227 4979 2383 5052 _Lov.,
2415 4993 2526 5026 non
2553 4979 2751 5041 ﬁgura
2784 4977 3082 5041 quadrata.
3111 4975 3293 5035 Abest,
3326 4989 3457 5033 non,
3488 4987 3520 5025 a
3548 4975 3779 5026 caeteris

2117 5042 2287 5090 libris.

2182 5108 2255 5161 (a)
2284 5104 2361 5151 Ibi

2118 5167 2335 5219 indicat.
2385 5164 2544 5215 sicuti
2590 5167 2767 5216 visum
2796 5167 2877 5215 est
2907 5164 3127 5217 nemini.
3177 5165 3269 5227 sed
3320 5164 3596 5227 superiora
3642 5166 3779 5214 tem-

2118 5242 2262 5292 pora.
2322 5230 2379 5276 Id
2433 5230 2576 5278 enim
2622 5229 2763 5292 quod
2804 5229 3043 5285 affertur,
3090 5226 3299 5275 Fidelis
3341 5226 3585 5275 hominis
3625 5234 3778 5275 totus

2118 5291 2365 5338 mundus
2399 5292 2734 5338 divitiarum
2780 5298 2876 5338 est.
2921 5292 3123 5338 dictum
3170 5290 3273 5338 fuit
3322 5303 3356 5338 a
3402 5289 3685 5337 Salomone
3715 5289 3775 5337 in

2117 5293 2365 5340 mundus
2399 5293 2734 5340 divitiarum
2780 5298 2876 5346 est,
2921 5293 3123 5339 dictum
3170 5293 3273 5338 fuit
3322 5303 3356 5338 a
3402 5293 3685 5337 Salomone
3715 5293 3775 5337 in

2116 5354 2432 5411 Proverbiis,
2490 5355 2668 5416 ibique
2723 5367 2835 5415 cap.
2910 5353 2985 5411 17,
3037 5354 3159 5416 post
3212 5365 3429 5401 versum
3482 5352 3528 5416 βξ
3576 5352 3780 5413 legitur

2118 5431 2151 5467 a
2188 5419 2262 5466 ud
2317 5414 2681 5480 Septuaginta,
2738 5414 2847 5464 nun
2918 5429 2951 5464 a
2989 5414 3062 5465 ud
3117 5414 3419 5477 Vulgatam.
3477 5414 3688 5463 Citatur
3739 5427 3778 5462 a

2120 5433 2385 5525 Clemente
2461 5480 2845 5525 Alexandrino.
2914 5430 3007 5525 ΠΕ.
3086 5477 3119 5525 2
3192 5477 3528 5525 Stromatum.
3596 5479 3651 5525 et
3704 5477 3775 5524 ab

2120 5477 2402 5529 Clemente'
2461 5480 2845 5537 Alexandrino,
2914 5477 3007 5527 lib.
3086 5477 3119 5525 2
3192 5477 3528 5529 Stromatum.
3596 5479 3651 5525 et
3704 5477 3775 5524 ab

2119 5543 2270 5653 alligas
2293 5542 2580 5600 veteribus,
2638 5541 2869 5591 laudatis
2924 5543 3052 5591 tom.
3091 5539 3138 5597 2,
3203 5542 3270 5590 ad
3318 5540 3610 5603 Epistulam
3660 5537 3773 5595 i53,

2119 5618 2173 5653 ιι.
2273 5641 2285 5654 .

2406 5103 2686 5179 particula.
2734 5111 2879 5179 ante,
2929 5116 3044 5176 non.
3088 5102 3361 5179 superiora
3407 5101 3573 5176 verba
3620 5101 3779 5179 lfauli
