4110 6196
251 327 368 388 669

250 461 391 533 quia
419 464 477 518 et
506 458 604 531 qui
635 459 860 516 videtur
880 464 1049 524 stare,
1084 459 1280 513 utrum
1305 454 1384 510 sit
1405 468 1682 521 casurus;
1715 457 1772 510 et
1798 454 1902 526 qui

248 542 480 597 videtur
501 541 718 611 jacere,
745 547 937 594 utrum
961 538 1038 593 sit
1060 540 1456 602 surrecturus,
1479 534 1765 590 incertum
1789 538 1901 590 est.

248 624 334 678 Ab
365 622 452 678 eis
480 627 670 676 autem
703 618 971 690 gentibus
1009 615 1354 673 seducendis
1393 614 1576 684 hujus
1609 613 1903 669 interdicti

248 702 481 758 vinculo
513 705 570 756 et
598 700 850 756 claustro
881 697 1148 755 diabolus
1180 696 1526 768 prohibetur
1554 700 1730 767 atque
1752 694 1906 752 cohi-

248 785 435 850 betur,
467 797 612 853 quas
636 780 994 852 pertinentes
1027 779 1097 834 ad
1129 776 1425 834 Christum
1456 775 1764 832 seducebat
1795 792 1902 830 an-

248 873 358 928 tea,
390 864 478 920 vel
511 863 762 919 tenebat.
798 864 910 916 llas
960 859 1118 916 enim
1150 859 1305 916 Deus
1336 857 1510 929 elegit
1535 861 1669 912 ante
1701 856 1903 913 mundi

247 942 724 1001 constitutionem
781 957 984 996 eruere
1042 940 1113 995 de
1181 943 1464 1011 potestate
1531 938 1902 994 tenebrarum

245 1027 464 1097 (Ep/tes.
497 1042 538 1092 ι,
571 1025 649 1090 4),
681 1027 737 1078 et
768 1023 1080 1080 transferre
1105 1020 1165 1076 in
1202 1034 1446 1091 regnum
1487 1018 1617 1075 Filii
1649 1018 1903 1074 charita-

245 1107 319 1162 tis
353 1123 476 1162 suae
500 1109 516 1142 ι
566 1105 788 1177 (Coloss.
824 1121 862 1171 ι,
896 1103 1008 1173 13),
1041 1101 1192 1157 sicut
1247 1099 1561 1173 Apostolus
1601 1099 1699 1156 ait.
1758 1103 1904 1156 Nam

249 1189 532 1243 seducere
564 1186 728 1240 illum
761 1188 964 1255 gentes
994 1181 1167 1237 etiam
1198 1197 1374 1249 nunc,
1408 1184 1465 1236 et
1487 1196 1689 1236 secum
1721 1180 1908 1236 trahe-

245 1267 394 1323 rein
427 1271 700 1322 aeternam
753 1279 1005 1335 pmnam,
1052 1265 1151 1318 sed
1185 1278 1300 1318 non
1356 1261 1798 1330 praedestinatas
1845 1260 1904 1316 in

244 1354 524 1404 aeternam
566 1345 766 1411 vitam,
817 1343 952 1415 quis
983 1342 1170 1398 fidelis
1202 1342 1430 1415 ignorat
1447 1343 1476 1395 ‘t
1510 1341 1625 1396 Nec
1658 1345 1903 1406 moveat,

244 1429 407 1501 quod
451 1443 602 1498 saepe
633 1425 907 1480 diabolus
950 1423 1176 1479 seducit
1228 1422 1402 1478 etiam
1453 1421 1607 1486 illos,
1640 1421 1740 1492 qui
1780 1422 1905 1488 jam

244 1508 573 1582 regenerati
605 1505 666 1560 in
698 1504 950 1572 Christo,
987 1503 1106 1558 vias
1137 1502 1547 1572 ingrediuntur
1577 1501 1696 1556 Dei.
1746 1501 1906 1582 Novit

243 1579 405 1644 enim
439 1589 699 1643 Dominus
735 1587 836 1658 qui
864 1591 993 1640 sunt
1021 1584 1139 1651 eius
1171 1583 1242 1653 (ΙΙ
1274 1583 1405 1638 Tim.
1439 1599 1502 1650 ιι,
1538 1582 1662 1652 19)ε
1714 1597 1783 1636 ex
1815 1579 1908 1636 his

242 1670 301 1724 in
337 1677 606 1724 aeternam
640 1666 1077 1722 damnationem
1102 1663 1390 1719 neminem
1415 1661 1512 1716 ille
1543 1662 1788 1718 seducit.
1811 1661 1907 1718 Sic

241 1749 403 1804 enim
441 1747 601 1803 novit
631 1763 731 1801 eos
764 1743 1065 1814 Dominus,
1099 1750 1160 1799 ut
1190 1748 1364 1810 Deus,
1390 1757 1562 1813 quem
1586 1739 1732 1796 nihil
1764 1739 1907 1795 latet

237 1831 420 1887 etiam
477 1830 804 1884 futurorum
832 1846 847 1894 ;
880 1841 996 1881 non
1039 1828 1103 1879 ut
1129 1823 1326 1887 homo,
1370 1824 1469 1893 qui
1503 1821 1798 1878 hominem
1833 1822 1904 1876 ad

241 1926 504 1981 prmsens
527 1909 680 1964 videt
708 1907 781 1978 (si
817 1910 1008 1962 tamen
1032 1905 1210 1971 videt,
1235 1904 1403 1974 cujus
1423 1919 1524 1960 cor
1555 1918 1669 1958 non
1701 1899 1904 1970 videt),

237 1990 435 2062 qualis
465 1996 658 2045 autem
692 1991 893 2058 postea
915 1986 990 2042 sit
1010 1987 1256 2052 futurus,
1283 1999 1388 2040 nec
1416 1999 1477 2039 se
1499 1984 1697 2054 ipsum
1724 1981 1904 2062 videt.

233 2060 325 2127 Ad
363 2071 466 2127 hoc
496 2086 632 2141 ergo
680 2069 895 2140 ligatus
940 2073 1025 2122 est
1077 2063 1364 2132 diabolus,
1408 2067 1465 2118 et
1521 2062 1788 2117 inclusus
1845 2060 1906 2114 in

238 2153 485 2224 abysso,
517 2151 725 2219 utjam
761 2165 874 2203 non
899 2147 1140 2202 seducet
1170 2151 1392 2214 gentes,
1429 2159 1497 2224 ex
1527 2142 1742 2212 quibus
1774 2156 1910 2195 con-

235 2237 368 2288 stat
388 2231 670 2296 Ecclesia,
686 2244 828 2299 quas
849 2230 1018 2282 antea
1039 2225 1311 2280 seductas
1325 2223 1580 2289 tenebat,
1597 2225 1908 2290 antequam

234 2321 408 2372 esset
438 2314 713 2370 Ecclesia.
747 2313 862 2368 Nec
906 2312 1058 2368 enim
1092 2308 1308 2364 dictum
1344 2311 1451 2374 est,
1494 2310 1558 2362 ut
1588 2322 1701 2361 non
1733 2305 1908 2360 sedu-

230 2402 407 2452 ceret
437 2393 689 2465 aliquem
726 2413 740 2463 ;
786 2393 912 2460 sed,
965 2394 1024 2445 ut
1051 2405 1162 2446 non
1192 2389 1492 2454 seduceret,
1525 2387 1739 2457 inquit,
1795 2385 1910 2465 iam

226 2485 433 2547 gentes
460 2493 482 2538 ;
507 2464 568 2530 in
601 2474 818 2546 quibus
847 2471 1161 2528 Ecclesium
1195 2467 1396 2540 procul
1429 2467 1606 2524 dubio
1628 2464 1912 2547 voluitin-

228 2545 470 2628 telligi:
501 2545 669 2611 donec
697 2555 990 2624 ﬁniantur,
1033 2549 1248 2621 inquit,
1295 2548 1455 2628 mille
1498 2545 1659 2609 anni,
1693 2545 1748 2600 id
1800 2549 1908 2628 est,

227 2640 349 2692 aut
374 2623 532 2707 quod
563 2623 818 2691 remanet
850 2633 920 2688 de
951 2634 1112 2687 sexto
1141 2629 1254 2694 die,
1279 2627 1378 2699 qui
1405 2629 1634 2707 constat
1655 2641 1723 2680 ex
1754 2623 1911 2682 mille

233 2705 428 2772 annis
454 2733 467 2784 ;
501 2719 602 2771 aut
631 2729 834 2770 omnes
863 2712 1023 2779 anni,
1056 2709 1270 2783 quibus
1298 2709 1572 2779 deinceps
1595 2705 1703 2762 hoc
1725 2720 1908 2762 secu-

219 2800 373 2856 lum
404 2798 799 2871 peragendum
827 2799 936 2852 est.

309 2880 375 2933 4.
405 2865 524 2935 Nec
547 2865 638 2933 sic
664 2873 1066 2946 accipiendum
1098 2875 1185 2927 est
1214 2869 1367 2941 quod
1387 2868 1488 2934 ait,
1520 2869 1579 2922 ut
1609 2882 1717 2922 non
1739 2865 1902 2946 seduf

222 2963 394 3017 ceret
414 2959 537 3029 jam
564 2965 771 3027 gentes,
794 2945 968 3010 donec
1008 2951 1283 3023 ﬁniantur
1327 2947 1483 3004 mille
1523 2949 1661 3002 anni
1680 2963 1702 3009 ;
1734 2945 1904 3029 quasi

221 3026 446 3114 postea
475 3026 817 3093 seducturus
839 3035 914 3089 sit
937 3049 1031 3088 eas
1053 3032 1329 3114 duntaxat
1351 3031 1574 3114 gentes,
1599 3043 1666 3114 es
1687 3026 1902 3114 quibus

220 3105 659 3194 predestinata
691 3118 918 3172 constat
945 3111 1222 3179 Ecclesia,
1248 3127 1284 3194 a_
1312 3107 1528 3194 quibus
1543 3105 1903 3194 seducendis

218 3185 338 3259 illo
377 3205 469 3256 est
498 3196 732 3254 vinculo
765 3195 1133 3264 elaustroque
1163 3189 1516 3262 prohibitus.
1541 3187 1652 3244 Sed
1676 3191 1778 3244 aut
1809 3185 1908 3242 illa

220 3280 544 3337 locutione
575 3277 793 3332 dictum
824 3281 930 3340 est,
964 3289 1092 3344 quae
1141 3271 1201 3327 in
1251 3267 1565 3340 Scripturis
1599 3265 1908 3337 aliquoties

217 3361 564 3427 invenitur,
599 3357 792 3428 qualis
823 3359 911 3411 est
940 3355 998 3407 in
1031 3351 1281 3416 Psalmo,
1313 3349 1401 3404 Sic
1431 3345 1582 3402 oeuli
1629 3345 1812 3400 nostri
1841 3345 1912 3399 ad

215 3425 557 3498 Dominum
592 3425 761 3494 Deum
801 3441 1079 3499 nostrum,
1129 3432 1304 3487 donec
1360 3431 1690 3484 misereatur
1735 3425 1912 3480 nostri

212 3524 416 3595 (Psnt.
457 3537 632 3586 cxxu,
663 3520 756 3588 2);
792 3531 980 3587 neque
1011 3513 1168 3595 enim
1200 3527 1349 3595 cum
1387 3509 1666 3595 misertus
1711 3506 1904 3595 fuerit,

211 3587 352 3661 non
398 3609 579 3658 erunt
608 3599 762 3656 oculi
794 3610 1095 3654 servorum
1123 3594 1252 3662 ejus
1285 3592 1351 3645 ad
1385 3589 1697 3645 Dominum
1727 3587 1911 3642 Deum

209 3702 413 3743 suum
441 3701 456 3740 :
496 3686 597 3739 aut
627 3685 779 3737 certe
810 3679 923 3734 iste
945 3681 1034 3733 est
1055 3674 1194 3730 ordo
1214 3673 1548 3738 verborum,
1581 3669 1654 3723 Et
1683 3667 1910 3733 eiausit,

207 3773 268 3826 et
303 3766 582 3840 signavit
624 3777 789 3832 super
836 3774 982 3840 eum,
1013 3755 1182 3812 donec
1228 3749 1692 3840 ﬁniuntur-mille
1731 3748 1911 3810 anni;

215 3831 402 3919 quod
439 3859 576 3898 vero
607 3831 986 3919 interposuit,
1017 3838 1079 3919 ut
1114 3848 1225 3888 non
1243 3831 1676 3919 seduceretjam
1703 3833 1909 3919 gentes,

216 3905 310 3984 ita
348 3942 423 3981 se
454 3923 652 3987 habet,
691 3905 876 3975 ut-ab
936 3915 1115 3985 hujus
1159 3911 1381 3968 ordinis
1428 3907 1786 3966 connexione
1835 3905 1913 3961 sit

216 4009 530 4071 liberum,
572 4006 629 4058 et
672 4014 904 4057 seorsus
951 3993 1420 4063 intelligendum,
1474 3987 1634 4045 velut
1680 3987 1729 4071 si
1781 3989 1914 4071 post

219 4068 588 4152 adderetur,
637 4087 703 4137 ut
749 4080 834 4136 sic
904 4094 967 4134 se
1010 4075 1250 4132 haberet
1295 4076 1417 4128 tota
1470 4068 1779 4152 sententia,

217 4170 479 4233 clausit,
512 4169 561 4219 et
575 4145 829 4234 signavit
857 4173 1020 4230 super
1066 4171 1210 4221 eum,
1243 4153 1416 4208 donec
1455 4149 1732 4234 ﬁniantur
1758 4145 1914 4234 mille

219 4252 412 4318 anni,
466 4229 530 4301 ut
584 4229 692 4300 non
747 4241 1027 4298 seduceret
1074 4237 1471 4318 jamﬁgentes;
1509 4231 1564 4287 id
1615 4233 1722 4318 est,
1769 4229 1900 4284 ideo

216 4314 488 4395 clausit,
541 4328 724 4383 donec
775 4324 1058 4380 ﬁniantur
1106 4317 1264 4375 mille
1312 4316 1467 4383 anni,
1511 4317 1573 4370 ut
1613 4314 1738 4384 jam
1791 4327 1906 4367 non

213 4414 564 4470 seduceret
593 4415 818 4481 gentes.

291 4571 563 4634 CAPUT
588 4570 737 4626 VIII.
763 4597 831 4609 —-
858 4568 933 4623 De
964 4564 1287 4633 alligatione
1309 4566 1363 4615 et
1383 4558 1654 4614 solutione
1681 4554 1913 4611 diaboli.

295 4716 359 4770 1.
406 4717 545 4768 Post
575 4715 710 4774 hac,
743 4703 955 4776 inquit,
987 4703 1219 4771 oportet,
1255 4713 1377 4753 eum
1419 4695 1559 4776 solvi
1599 4694 1748 4776 brevi
1776 4702 1913 4776 tein-

206 4811 371 4869 pore
409 4793 600 4862 (Apoc.
623 4771 719 4857 xx,
753 4771 843 4857 3):
868 4771 1068 4841 Sihoc
1110 4784 1200 4836 est
1248 4776 1481 4869 diabolo
1529 4773 1695 4869 ligari
1741 4781 1793 4828 et
1833 4771 1919 4828 in-

209 4856 434 4942 cludi,
475 4856 794 4929 Ecclesiam
838 4883 953 4924 non
1004 4879 1176 4934 posse
1242 4861 1558 4942 seducere;
1609 4856 1732 4911 haec
1780 4869 1918 4942 ergo

209 4933 348 5018 erit
389 4933 621 5012 solutio
651 4952 804 5021 ejus,
837 4955 900 5002 ut
935 4933 1169 5018 possit?
1191 4940 1396 4996 Absit:
1427 4951 1734 5021 nunquam
1765 4933 1920 5021 enim

208 5013 476 5096 abillo
507 5013 1123 5089 Ecclesiarseducetur
1174 5018 1586 5092 prwdestinata
1633 5020 1692 5072 et
1740 5013 1920 5070 electa

207 5125 374 5179 ante
435 5113 647 5172 mundi
695 5107 1196 5171 constitutionem,
1241 5103 1311 5158 de
1366 5117 1486 5171 qua
1533 5096 1757 5179 dictum
1811 5098 1916 5164 est,

469 5194 730 5250 Dominus
779 5192 876 5261 qui
921 5193 1052 5245 sunt
1103 5185 1221 5256 ejus
1260 5181 1337 5250 (II
1391 5183 1531 5236 Tim.
1582 5193 1644 5246 ιι,
1673 5175 1790 5261 _19)
1815 5191 1838 5261 :_
1862 5180 1921 5232 et

200 5255 458 5340 tamen
491 5273 586 5331 hic
619 5255 972 5328 erit’etiam
1004 5266 1104 5323 illo
1128 5255 1415 5336 tempore,
1449 5276 1564 5332 quo
1609 5255 1918 5312 solvendus

274 5531 293 5564 1
341 5525 445 5573 Ita
480 5519 657 5581 plures
679 5514 872 5578 probae
901 5513 1058 5560 notae
1088 5506 1452 5570 manuscripti.
1483 5505 1549 5552 At
1579 5503 1724 5558 editi,
1753 5499 1919 5549 clari-

195 5597 610 5700 ταὲιῗέἇὲῗεὲι
645 5650 828 5689 tamen
876 5637 964 5687 hic
1009 5635 1127 5700 erit
1167 5632 1436 5700 Εθθζθδίαθ
1483 5629 1620 5686 vox'
1651 5626 1916 5690 Ecczuia'

192 5722 317 5769 hoc
354 5713 506 5761 loco
521 5697 638 5754 non
668 5706 750 5752 est
782 5703 839 5749 in
865 5697 1257 5758 manuscriptis.

1589 319 1828 380 LIBER
1869 317 2321 382 VIGESIMUS.

3539 328 3657 393 6'10

2012 457 2103 510 est
2133 451 2422 523 diabolus,
2454 453 2607 509 sicut
2635 470 2702 510 ex
2731 470 2845 526 quo
2895 458 2986 511 est
3014 457 3306 530 instituta,
3339 461 3430 517 hic
3464 463 3572 517 fuit
3601 468 3659 521 et

2009 534 2116 590 erit
2146 534 2304 589 omni
2336 538 2618 604 tempore,
2652 536 2708 591 in
2759 536 2884 591 suis
2934 537 3137 610 utique
3185 543 3286 612 qui
3335 545 3663 601 succedunt

2013 615 2308 671 nascendo
2339 614 2747 673 morientibus.
2779 621 2924 672 Nam
2959 619 3129 690 paulo
3152 625 3285 691 post
3312 622 3469 691 dicit,
3505 626 3657 694 quod

2012 695 2242 750 solutus
2275 695 2545 751 diabolus
2574 698 2844 752 seductas
2886 707 3086 769 gentes
3125 705 3245 756 toto
3296 701 3433 757 orbe
3483 707 3664 760 terra-

2012 791 2142 831 rum
2192 775 2444 831 attrahet
2490 775 2551 832 in
2602 776 2822 833 bellum
2887 779 3162 836 adversus
3209 798 3360 847 eam,
3408 799 3660 855 quorum
3725 821 3728 830 -

2011 855 2266 912 hostium
2297 872 2579 913 numerus
2609 858 2717 913 erit
2749 863 2808 913 ut
2855 875 3031 915 arena
3061 862 3257 917 maris.
3291 864 3355 918 Et
3399 866 3662 921 ascende-

2011 945 2162 1003 runt,
2185 937 2394 1009 inquit,
2425 955 2588 1008 super
2632 942 2795 994 terrae
2837 939 3213 1010 latitudinem,
3255 948 3306 999 et
3361 948 3662 1001 cinxerunt

2011 1022 2193 1074 castra
2222 1027 2552 1086 sanctorum,
2587 1024 2637 1075 et
2670 1021 2932 1076 dilectam
2967 1023 3285 1080 civitatem:
3308 1034 3358 1082 et
3391 1027 3664 1084 descendit

2010 1102 2155 1182 ignis
2183 1099 2248 1182 de
2273 1100 2406 1156 creto
2436 1118 2468 1156 a
2499 1103 2627 1170 Deo,
2660 1107 2712 1158 et
2741 1105 2969 1160 comedit
3014 1121 3102 1162 eos
3123 1124 3144 1164 :
3173 1113 3223 1163 et
3269 1109 3518 1165 diabolus
3565 1112 3666 1182 qui

2010 1180 2297 1237 seducebat
2325 1197 2431 1250 eos,
2455 1185 2657 1238 missus
2705 1188 2784 1239 est
2832 1187 2892 1240 in
2941 1193 3199 1258 stagnum
3249 1188 3397 1260 ignis
3447 1197 3497 1246 et
3546 1180 3663 1248 sut-

2011 1261 2229 1333 phuris,
2264 1263 2358 1317 ubi
2379 1266 2432 1318 et
2463 1263 2634 1318 bestia
2684 1269 2735 1319 et.
2785 1265 3246 1340 pseudOpropheta
3269 1271 3286 1303 ί
3314 1287 3336 1333 ,⁸
3364 1276 3416 1327 et
3449 1275 3666 1328 crucia-

2015 1345 2217 1426 buntur
2247 1344 2336 1398 die
2366 1361 2429 1399 ac
2457 1352 2614 1402 nocte
2660 1348 2720 1402 in
2753 1349 2953 1404 saecula
2996 1353 3325 1408 saeculorum
3354 1355 3539 1426 (Apoc.
3571 1373 3666 1424 xx,

2013 1424 2196 1508 8-10).
2231 1426 2484 1508 Sed_hoc
2512 1428 2639 1497 jam
2675 1429 2746 1483 ad
2785 1429 3077 1498 judicium
3130 1424 3504 1491 novissimum
3543 1455 3668 1508 per-

2014 1505 2180 1571 tinet,
2215 1506 2376 1588 quodr
2403 1523 2558 1588 nunc
2608 1512 2908 1578 propterea
2952 1505 3670 1588 commemorandum'pu-

2013 1589 2146 1654 tavi,
2181 1602 2251 1640 ne
2282 1587 2414 1656 quis
2447 1586 2740 1642 existimet
2770 1603 2836 1643 eo
2866 1589 2992 1659 ipso
3025 1608 3198 1664 parvo
3243 1602 3522 1666 tempore,
3557 1586 3668 1666 quo

2012 1665 2265 1721 solvetur
2291 1666 2580 1736 diabolus,
2615 1669 2672 1722 in
2709 1669 2816 1724 hac
2863 1673 3016 1726 terra
3061 1672 3372 1729 Ecclesiam
3427 1692 3542 1730 non
3576 1665 3666 1731 fu-

2011 1751 2228 1809 turam,
2259 1747 2360 1802 illo
2394 1746 2486 1804 hic
2518 1764 2642 1804 eam
2676 1749 2762 1805 vel
2797 1766 2909 1806 non
2945 1751 3292 1818 inveniente,
3331 1772 3463 1811 cum
3501 1757 3671 1814 fuerit

2012 1828 2263 1898 solutus,
2296 1831 2382 1884 vel
2415 1828 2773 1897 absumente,
2807 1847 2938 1886 cum
2974 1833 3144 1889 fuerit
3176 1835 3364 1891 modis
3394 1837 3668 1893 onmibus

2014 1909 2548 1990 persecutus._Non
2618 1911 2818 1982 itaque
2868 1929 2968 1984 per
3017 1917 3207 1970 totum
3257 1916 3364 1971 hoc
3415 1924 3670 1990 tempus,

2014 1987 2171 2059 quod
2203 1989 2351 2042 liber
2381 1988 2490 2044 iste
2521 1991 2949 2061 complectitur,
2984 2009 3016 2046 a
3060 1993 3251 2063 primo
3301 1987 3672 2053 scilicet‘ad-L

2011 2077 2184 2124 ventu
2218 2067 2430 2122 Christi
2461 2085 2649 2139 usque
2689 2070 2748 2124 in
2782 2071 2983 2127 saaculi
3039 2073 3238 2143 finem,
3271 2091 3385 2144 quo
3435 2077 3545 2131 erit
3589 2094 3675 2134 se-

2014 2149 2244 2204 cundus
2289 2148 2414 2213 eius
2464 2150 2767 2218 adventus,
2821 2151 2900 2206 ita
2952 2152 3214 2208 diabolus
3259 2155 3551 2226 alligatur,
3608 2161 3672 2212 ut

2014 2229 2142 2299 ejus
2173 2229 2293 2283 haec
2336 2227 2464 2300 ipsa
2515 2229 2592 2283 sit
2639 2229 2920 2302 alligatio,
2972 2248 3072 2303 per
3120 2233 3228 2289 hoc
3276 2234 3671 2304 intervallum,

2013 2310 2163 2380 quod
2201 2309 2359 2364 mille
2409 2325 2696 2365 annorum
2751 2328 2993 2368 numero
3039 2312 3314 2384 appellat,
3358 2332 3470 2370 non
3507 2316 3674 2371 sedu-

2015 2405 2144 2445 cere
2175 2388 2492 2445 Ecclesiam
2522 2414 2536 2458 ;
2569 2392 3040 2462 quandoquidem
3083 2392 3244 2449 illam
3287 2411 3391 2450 nec
3439 2394 3670 2452 solutus

2016 2471 2216 2541 utique
2244 2471 2595 2527 seducturus
2648 2477 2754 2527 est.
2789 2471 2930 2528 Nam
2984 2473 3240 2544 profecto
3273 2475 3319 2530 si
3362 2474 3410 2531 ei
3443 2474 3672 2547 alligari

2015 2555 2124 2621 est,
2155 2566 2269 2605 non
2323 2565 2492 2622 posse
2537 2552 2835 2621 seducere,
2885 2552 3004 2609 sive
3047 2571 3162 2610 non
3214 2555 3466 2625 permitti
3497 2557 3671 2628 ;quid

2015 2633 2124 2688 erit
2171 2632 2342 2698 solvi,
2388 2633 2503 2689 nisi
2564 2649 2733 2703 posse
2802 2635 3101 2702 seducere,
3178 2637 3301 2691 sive
3372 2637 3676 2708 permitti?

2016 2712 2175 2778 Quod
2212 2712 2365 2768 absit
2416 2717 2479 2768 ut
2528 2713 2666 2770 fiat:
2700 2716 2797 2769 sed
2831 2713 3084 2786 alligatio
3133 2713 3370 2782 diaboli,
3421 2720 3510 2772 est
3557 2734 3672 2773 non

2018 2793 2274 2862 permitti
2307 2809 2570 2849 exercere
2597 2794 2620 2828 ⁸
2651 2797 2830 2849 totam
2855 2794 3258 2860 tentationem,
3282 2812 3456 2867 quam
3483 2800 3672 2867 potest

2015 2873 2101 2928 vel
2134 2873 2185 2926 vi
2219 2872 2305 2928 vel
2339 2873 2470 2928 dolo
2503 2873 2573 2929 ad
2615 2874 2980 2930 seducendos
3030 2874 3314 2944 homines,
3346 2875 3407 2929 in
3441 2880 3662 2947 partem

2016 2969 2184 3009 suam
2219 2954 2481 3024 cogendo
2525 2952 2826 3024 violenter,
2879 2954 3347 3011 iraudulenterve
3392 2955 3664 3012 fallendo.

2015 3035 2178 3100 Quod
2214 3033 2262 3088 si
2313 3033 2746 3104 permitteretur
2800 3034 2860 3089 in
2914 3038 3032 3089 tam
3086 3033 3256 3109 longo
3305 3040 3566 3108 tempore
3614 3041 3672 3093 et

2016 3117 2170 3167 tanta
2203 3110 2544 3168 infirmitate
2575 3113 2918 3183 multorum,
2953 3113 3230 3184 plurimos
3272 3114 3436 3178 tales,
3470 3115 3670 3185 quales

2015 3193 2166 3247 Deus
2217 3190 2273 3246 id
2318 3191 2536 3263 perpeti
2588 3209 2702 3248 non
2754 3194 2899 3261 vult,
2931 3197 2989 3248 et
3035 3193 3236 3248 ﬁdeles
3288 3193 3580 3264 dejiceret,
3615 3199 3671 3250 et

2014 3288 2087 3327 ne
2117 3272 2420 3328 crederent
2451 3272 2798 3342 impediret:
2834 3275 2985 3344 quod
3021 3289 3092 3328 ne
3125 3273 3358 3342 faceret,
3393 3274 3668 3346 alligatus

2014 3355 2124 3408 est.

2083 3431 2136 3486 2.
2169 3434 2329 3484 Tunc
2356 3433 2552 3485 autem
2585 3428 2861 3497 solvetur,
2887 3431 3119 3502 quando
3151 3435 3207 3487 et
3239 3431 3405 3486 breve
3435 3436 3665 3503 tempus

2014 3511 2140 3567 erit.
2172 3514 2318 3566 Nam
2349 3510 2536 3565 tribus
2565 3509 2732 3564 annis
2762 3515 2818 3564 et
2846 3525 2943 3564 sex
2963 3511 3264 3565 mensibus
3282 3511 3497 3581 legitur
3526 3511 3665 3568 totis

2015 3591 2137 3646 suis
2185 3605 2547 3662 suorumque
2603 3589 2825 3645 viribus
2887 3589 3197 3645 saeviturus
3237 3590 3353 3661 (a):
3410 3596 3464 3647 et
3517 3590 3664 3646 tales

2015 3675 2206 3738 erunt,
2242 3686 2375 3726 cum
2407 3669 2624 3741 quibus
2667 3670 2717 3725 ei
2770 3667 3228 3742 belligerandum
3280 3675 3388 3738 est,
3417 3679 3480 3725 ut
3513 3671 3663 3727 vinci

2015 3754 2176 3806 tanto
2207 3751 2334 3820 ejus
2368 3750 2590 3821 impetu
2616 3748 2966 3821 insidiisque
2989 3766 3102 3804 non
3123 3749 3368 3821 possint.
3387 3751 3445 3805 Si
3466 3756 3664 3806 autem

2015 3847 2317 3902 nunquam
2351 3829 2694 3897 solveretur,
2716 3830 2908 3884 minus
2935 3834 3239 3901 appareret
3254 3830 3381 3900 ejus
3415 3830 3666 3902 maligna

2015 3914 2290 3984 potentia,
2318 3911 2514 3966 minus
2540 3916 2757 3967 sancta
2791 3909 3039 3966 civitatis
3070 3909 3415 3966 ﬁdelissima
3447 3910 3665 3981 patien-

2015 3995 2091 4049 tia
2113 3993 2453 4066 probaretur
2482 4009 2496 4061 ;
2533 3993 2726 4047 minus
2748 3991 2997 4063 denique
3021 3991 3467 4062 perspiceretur,
3491 4007 3664 4062 quam

2016 4091 2224 4145 magno
2255 4073 2382 4143 ejus
2415 4071 2565 4128 malo
2614 4077 2733 4128 tam
2784 4071 2930 4128 bene
2981 4072 3150 4126 fuerit
3201 4088 3344 4127 usus
3392 4072 3665 4143 Omnipo-

2015 4155 2223 4212 tens”:
2257 4153 2357 4226 qui
2389 4169 2524 4209 eum
2576 4169 2681 4210 nec
2714 4152 2952 4209 omnino
3003 4153 3245 4208 abstulit
3274 4170 3307 4207 a
3345 4153 3666 4208 tentatione

2017 4241 2374 4303 sanctorum,
2410 4235 2678 4305 quamvis
2705 4236 2777 4290 ab
2806 4249 3009 4289 eorum
3044 4233 3420 4288 interioribus
3465 4233 3665 4288 homi-

2014 4317 2190 4372 nibus
2222 4317 2263 4383 ‘,
2299 4315 2396 4370 ubi
2428 4315 2487 4370 in
2537 4314 2720 4369 Deum
2772 4312 3052 4380 creditur,
3086 4313 3240 4368 foras
3290 4311 3564 4381 missum,
3605 4315 3670 4367 ut

2015 4398 2338 4454 forinsecus
2369 4397 2492 4467 ejus
2519 4394 2955 4466 oppugnatione
2995 4395 3376 4464 proﬁcerent;
3407 4398 3464 4448 et
3494 4394 3551 4447 in
3585 4393 3669 4448 eis

2014 4479 2114 4550 qui
2157 4485 2294 4533 sunt
2341 4493 2408 4532 ex
2456 4479 2619 4545 parte
2673 4473 2880 4546 ipsius,
2931 4473 3208 4546 alligavit,
3265 4490 3334 4528 ne
3383 4479 3665 4545 quantam

2015 4563 2211 4632 posset
2239 4557 2592 4614 etl‘undendo
2624 4559 2679 4611 et
2708 4556 3032 4612 exercendo
3066 4553 3370 4621 malitiam,
3403 4553 3671 4610 innume-

2013 4640 2229 4698 rabiles
2275 4639 2538 4696 infirmos
2574 4655 2642 4694 ex
2693 4638 2905 4710 quibus
2939 4636 3252 4691 Ecclesiam
3286 4633 3666 4704 multiplicari

2019 4727 2078 4778 et
2123 4721 2353 4794 impleri
2409 4719 2730 4794 Oportebat,
2765 4718 2910 4774 alios
2966 4717 3311 4778 credituros,
3363 4713 3508 4766 alios
3553 4712 3665 4781 iam

2085 4989 2101 5022 ¹
2131 4985 2286 5041 Editi,
2331 4992 2380 5031 et
2423 4977 2937 5046 pseudoprophetae.
2987 4973 3328 5034 Castigantur
3373 4983 3440 5019 ex
3480 4981 3666 5018 manu-

2022 5050 2248 5110 scriptis.

2086 5113 2106 5145 2
2129 5106 2376 5170 Ῥὶθῐτὶριιθ
2402 5106 2545 5170 Mss..
2579 5116 2814 5170 exerere.

2087 5176 2109 5208 3
2157 5161 2308 5229 Editi,
2357 5168 2699 5229 omnipotens
2749 5167 2910 5216 Deus.
2959 5163 3136 5216 Abest,
3187 5161 3348 5219 Deus,
3406 5172 3439 5207 α
3485 5171 3668 5207 manu-

2023 5237 2248 5287 scriptis.

2086 5252 2300 5352 “iis,
2351 5291 2713 5342 interioribus
2760 5285 3278 5352 οιιηηίιηιεηνρινῑιιξςΔ
3313 5284 3453 5352 editi
3479 5283 3572 5331 alii
3615 5285 3670 5352 _c_t

2021 5347 2387 5420 manuscripti,
2414 5353 2782 5420 interioribus
2830 5350 3167 5420 hgmipibus.
3200 5347 3401 5420 Alludlt
3429 5347 3673 5420 Augusti-

2022 5409 2214 5474 nusiad
2243 5409 2387 5471 ill-nd.
2409 5419 2590 5481 Ephes.
2623 5433 2693 5472 ιιι,
2722 5415 2798 5476 16,
2831 5415 2908 5475 17,
2954 5415 3020 5461 Ut
3066 5414 3151 5481 det
3182 5411 3327 5481 vobis
3363 5409 3672 5481 secundum

2022 5472 2249 5536 diuitias
2278 5472 2493 5545 gloride
2520 5495 2672 5545 suae_,
2697 5472 2904 5545 virtute
2918 5475 3257 5545 οοζγςοὶζονανί
3272 5472 3672 5545 ρῳχξρίνίιωη

2023 5534 2234 5611 eiusrin
2278 5534 2606 5611 interiorem
2641 5542 2937 5611 hominem,
2971 5538 3257 5589 Christum
3273 5534 3287 5535 θ
3301 5534 3548 5583 habitare
3567 5549 3673 5595 per

2020 5607 2184 5677 fidem
2201 5611 2277 5677 kin
2299 5608 2556 5677 cordibus
2586 5607 2801 5677 vestris:

2087 5659 2158 5737 (αι)
2191 5674 2337 5722 Cont.
2368 5670 2590 5720 Joannis
2618 5665 3014 5730 Apocalypsim,
3046 5677 3161 5724 cap.
3197 5676 3270 5723 x1,
3301 5659 3418 5730 $32.
