4110 6196
383 325 496 385 6⁸71

385 462 708 521 credentes.
746 477 778 513 a
809 457 921 512 ﬁde
951 456 1180 528 pietatis
1224 457 1330 513 hos
1371 458 1710 526 deterreret,
1744 459 1849 516 hos
1876 461 2035 516 t‘ran-

387 548 586 612 geret;
620 545 676 594 et
705 538 883 594 solvel
911 541 924 572 ²
959 537 1015 590 in
1049 537 1184 603 fine,
1221 543 1285 592 ut
1315 554 1491 608 quam
1532 541 1737 594 fortem
1773 542 2034 596 adversa-

386 623 537 676 rium
591 619 690 674 Dei
739 617 941 672 civitas
988 619 1367 687 superaverit,
1398 635 1530 672 cum
1582 619 1802 690 ingenti
1853 620 2038 692 gloria

385 703 476 756 sui
504 698 905 768 redemptoris,
940 697 1248 767 adjutoris,
1291 699 1639 769 liberatoris,
1673 701 1936 771 aspiciat.
1973 703 2035 757 ln

392 797 592 836 eorum
628 796 786 844 sane,
821 780 919 850 qui
953 785 1090 833 tunc
1115 780 1290 834 futuri
1318 785 1477 844 sunt,
1503 790 1838 836 sanctorum
1865 787 2038 852 atque

383 861 641 916 fidelium
678 859 1107 930 comparatione
1130 861 1270 931 quid
1296 864 1547 916 sumus?
1567 863 2034 933 quandoquidem

382 944 450 997 ad
485 941 616 996 illos
657 941 988 1010 probandos
1022 945 1218 994 tantus
1271 940 1522 995 solvetur
1571 942 1869 1010 inimicus,
1902 959 2033 997 cum

385 1036 500 1090 quo
534 1036 639 1074 nos
670 1019 850 1090 ligato
883 1019 1057 1073 tantis
1101 1019 1374 1090 periculis
1419 1019 1788 1074 dimicamus.
1820 1020 2038 1082 Quam-

382 1102 468 1156 vis
518 1106 574 1155 et
621 1100 729 1155 hoc
792 1100 1073 1171 temporis
1128 1099 1431 1154 intervallo
1482 1101 1764 1170 quosdam
1826 1101 2039 1156 milites

383 1180 602 1236 Christi
637 1185 754 1235 tam
788 1181 1107 1252 prudentes
1139 1184 1194 1234 ct
1225 1182 1398 1236 fortes
1448 1181 1628 1236 fuisse
1678 1184 1854 1250 atque
1884 1197 2035 1248 esse,

385 1279 503 1318 non
537 1265 777 1317 dubium
804 1267 907 1328 est,
943 1268 1004 1318 ut
1035 1265 1208 1318 etiam
1235 1264 1279 1316 si
1305 1269 1441 1316 tunc
1464 1263 1522 1316 in
1555 1262 1663 1316 ista
1689 1261 2038 1317 mortalitate

382 1344 661 1409 viverent,
697 1345 929 1415 quando
955 1343 1051 1398 ille
1083 1342 1357 1409 solvetur,
1389 1357 1591 1396 omnes
1636 1342 1877 1397 insidias
1909 1344 2038 1412 ejus

384 1429 554 1494 atque
580 1423 832 1492 impetus
865 1427 921 1478 et
952 1427 1219 1478 caverent
1249 1422 1703 1493 sapientissime,
1735 1427 1792 1476 et
1821 1421 2038 1492 patien-

383 1504 607 1558 tissime
640 1505 1014 1559 sustinerent.

458 1585 509 1638 3.
547 1589 674 1639 Haec
719 1591 910 1640 autem
961 1584 1221 1654 alligatio
1274 1583 1489 1639 diaboli
1523 1600 1638 1639 non
1668 1583 1853 1639 solum
1893 1583 2039 1638 facta

387 1672 490 1730 est,
520 1681 586 1718 ex
617 1681 726 1734 quo
759 1666 928 1734 cmpit
979 1665 1226 1720 Ecclesia
1280 1674 1478 1735 praeter
1518 1665 1779 1720 Judwam
1825 1669 2038 1719 terram

386 1745 445 1800 in
483 1744 751 1800 nationes
784 1745 926 1800 alias
957 1745 1218 1816 aliasque
1240 1745 1502 1812 dilatari;
1532 1746 1632 1800 sed
1674 1747 1847 1800 etiam
1883 1761 2038 1800 nunc

386 1826 472 1892 fit,
507 1832 563 1880 et
593 1826 692 1880 {iet
723 1843 906 1896 usque
937 1828 1007 1880 ad
1043 1827 1354 1882 terminum
1387 1825 1602 1894 sazculi,
1637 1843 1751 1896 quo
1797 1825 2036 1882 solven-

387 1909 498 1962 dus
529 1912 633 1961 est.
668 1907 809 1970 Quia
839 1916 892 1961 et
946 1924 1102 1962 nunc
1142 1907 1409 1962 homines
1460 1909 1530 1961 ab
1577 1907 1938 1971 infidelitate,
1980 1909 2037 1962 iu

387 2005 502 2058 qua
547 1987 670 2057 ipse
710 2004 808 2041 eos
871 1988 1224 2056 possidebat,
1269 1993 1685 2043 convertuntur
1733 1991 1799 2042 ad
1846 1989 2038 2060 ﬁdem,

385 2074 444 2122 et
477 2083 664 2137 usque
695 2068 753 2122 in
789 2067 952 2122 illum
988 2068 1162 2123 finem
1195 2069 1322 2123 sine
1366 2068 1540 2124 dubio
1589 2073 2039 2124 convertentur:

385 2151 442 2202 et
493 2147 690 2218 utique
740 2148 1103 2219 unicuique2
1152 2149 1255 2204 iste
1307 2149 1471 2203 fortis
1540 2160 1672 2204 tunc
1740 2149 2038 2219 alligatur,

385 2228 618 2296 quando
652 2227 724 2282 ab
757 2227 856 2282 illo
884 2233 1162 2299 tanquam
1184 2245 1280 2284 vas
1311 2231 1438 2299 ejus
1471 2229 1751 2300 eripitur:
1786 2235 1842 2284 et.
1867 2230 2038 2301 abys-

385 2325 490 2363 sus
521 2308 619 2362 ubi
677 2309 937 2364 inclusus
987 2315 1096 2376 est,
1133 2326 1244 2364 non
1294 2311 1352 2363 in
1403 2311 1486 2364 eis
1534 2317 1883 2381 consumpta
1930 2315 2038 2375 est,

386 2389 620 2458 quando
652 2395 791 2444 sunt
823 2390 1060 2456 mortui,
1095 2389 1192 2459 qui
1227 2396 1362 2444 tunc
1414 2395 1578 2445 erant
1626 2390 1864 2460 quando
1915 2406 2040 2446 esse

386 2470 557 2541 coepit
586 2469 884 2537 inclusus;
918 2472 1015 2524 sed
1051 2475 1460 2526 successerunt
1489 2471 1573 2525 eis
1596 2470 1694 2524 alii
1729 2472 2038 2540 nascendo,

385 2560 552 2618 atque
585 2553 932 2615 succedunt,
968 2551 1149 2606 donec
1183 2550 1421 2605 ﬁniatur
1451 2549 1560 2606 hoc
1591 2551 1895 2616 saeculum,
1937 2550 2038 2621 qui

385 2632 616 2685 oderint
646 2629 1030 2696 Christianos,
1076 2631 1133 2685 in
1184 2647 1434 2702 quorum
1483 2632 1762 2702 quotidie,
1794 2631 1946 2686 velut
1979 2631 2037 2684 in

386 2712 618 2782 abysso,
675 2712 840 2767 caecis
891 2718 946 2767 et
993 2711 1296 2781 profundis
1343 2713 1619 2767 cordibus
1675 2712 2037 2768 includatur.

387 2791 588 2845 Utrum
623 2798 816 2847 autem
871 2793 1037 2848 etiam
1086 2792 1205 2846 illis
1254 2792 1480 2847 ultimis
1529 2793 1719 2847 tribus
1771 2794 1941 2848 annis
1983 2798 2040 2848 et

389 2869 690 2924 mensibus
723 2887 841 2936 sex,
877 2872 1104 2942 quando
1159 2872 1387 2926 solutus
1426 2871 1562 2927 totis
1605 2872 1822 2926 viribus
1871 2873 2039 2926 saevi-

386 2947 556 3003 turos
587 2954 690 3008 est.
719 2949 932 3021 aliquis
963 2953 1020 3008 in
1053 2971 1169 3024 qua
1200 2970 1313 3008 non
1347 2955 1552 3019 fuerat,
1580 2953 1658 3008 sit
1688 2969 2036 3009 accessurus

387 3029 458 3082 ad
508 3030 700 3096 fidem,
751 3033 1010 3086 nonnula
1070 3034 1311 3103 quaestio
1369 3039 1477 3088 est.
1525 3033 1825 3096 Quomodo
1876 3034 2031 3089 enim

310 3139 317 3145 -
386 3108 561 3164 stabit
593 3111 744 3178 quod
774 3111 988 3166 dictum
1022 3113 1287 3180 est,Q.u.is
1309 3114 1495 3168 intrat
1520 3116 1577 3167 in
1605 3113 1825 3168 domum
1854 3114 2033 3184 fortis,

386 3196 446 3243 ut
496 3205 621 3244 vasa
658 3192 776 3261 ejus
816 3193 1042 3260 eripiat,
1087 3195 1198 3247 nisi
1239 3194 1398 3263 prius
1454 3195 1779 3266 alligaverit
1836 3198 2036 3262 fortem

384 3268 600 3338 (Matth.
632 3287 729 3336 xu,
761 3271 896 3341 29)?
918 3273 964 3326 si
986 3273 1157 3327 etiam
1201 3271 1390 3328 soluto
1418 3273 1750 3342 eripiuntur
1771 3273 1798 3326 ?
1827 3277 1908 3330 Ac
1939 3291 2037 3346 per

387 3348 495 3405 hoc
528 3351 597 3403 ad
630 3349 738 3404 hoc
778 3368 976 3421 cogere
1024 3352 1250 3406 videtur
1295 3352 1403 3407 ista
1453 3353 1761 3421 sententia,
1814 3363 1874 3408 ut
1918 3368 2036 3408 crev

387 3431 597 3486 damus
628 3431 746 3496 illo,
775 3431 904 3486 licet
935 3433 1162 3501 exiguo,
1196 3438 1454 3504 tempore
1505 3433 1798 3489 neminem
1841 3450 2036 3490 acces-

386 3528 587 3566 surum
620 3528 744 3567 esse
767 3513 978 3584 populo
1005 3514 1345 3581 christiano,
1378 3515 1478 3569 sed
1509 3530 1642 3568 cum
1663 3514 1748 3568 eis
1781 3517 1882 3586 qui
1908 3516 2033 3585 jam

386 3592 703 3647 Christiani
739 3594 949 3664 reperti
997 3594 1236 3659 fuerint,
1269 3595 1564 3649 diabolum
1600 3605 2030 3664 pugnaturum:

386 3688 452 3727 ex
484 3673 695 3742 quibus
725 3674 949 3728 etiarnsi
974 3674 1155 3745 aliqui
1191 3675 1322 3729 victi
1375 3675 1556 3729 secuti
1610 3691 1743 3729 eum
1797 3676 2030 3742 fuerint,

387 3770 500 3807 non
533 3769 630 3808 eos
663 3755 731 3807 ad
767 3754 1241 3825 praedestinatum
1293 3755 1549 3810 ﬁliorum
1592 3756 1691 3811 Dei
1724 3773 2032 3812 numerum

388 3831 692 3903 pertinere.
726 3834 922 3906 Neque
953 3836 1111 3891 enim
1145 3836 1365 3890 frustra
1398 3836 1550 3890 idem
1584 3839 1838 3892 Joannes
1869 3853 2035 3908 apos-

386 3913 562 3980 tolus,
595 3914 691 3985 qui
725 3924 777 3968 et
808 3915 960 3970 hanc
985 3915 1386 3986 Apocalypsim
1413 3916 1667 3988 scripsit,
1701 3917 1759 3971 in
1791 3917 2036 3988 epistola

387 4011 492 4050 sua
524 3996 594 4050 de
624 3995 980 4065 quibusdam
1013 3996 1172 4063 dicit,
1195 4000 1287 4050 Ex
1309 3997 1466 4052 nobis
1495 3999 1769 4063 exierunt,
1798 3997 1890 4052 sed
1927 4013 2032 4052 non

383 4081 541 4131 erant
571 4092 639 4130 ea:
669 4075 822 4131 nobis
842 4093 860 4130 :
889 4093 1013 4131 nam
1041 4079 1089 4132 si
1127 4078 1372 4148 fuissent
1404 4093 1474 4133 ex
1502 4078 1677 4145 nobis,
1698 4080 2035 4134 mansissent

386 4160 576 4227 utique
632 4157 908 4212 nobiscum
943 4157 986 4228 (Ι
1019 4162 1180 4214 Joan.
1215 4175 1278 4224 ιι,
1314 4158 1422 4225 19).
1453 4161 1560 4214 Sed
1613 4160 1750 4229 quid
1803 4160 1936 4213 fiet8
1965 4161 2035 4214 de

384 4234 974 4306 parvulis?Nimium
1026 4239 1238 4307 quippe
1287 4237 1628 4293 incredibile
1675 4241 1783 4304 est,
1843 4237 2034 4292 nullos

377 4317 504 4385 jam
534 4324 696 4368 natos
729 4324 781 4369 et
807 4317 1062 4370 nondum
1091 4317 1406 4387 baptizatos
1434 4317 1819 4389 praeoccupari
1845 4317 2036 4372 Chris-

385 4395 682 4446 tiauorum
719 4393 868 4447 ﬁlios
899 4394 998 4448 illo
1030 4400 1292 4466 tempore
1319 4398 1597 4462 infantes,
1630 4396 1822 4452 nullos
1856 4398 2032 4452 etiam

384 4472 528 4542 ipsis
563 4473 724 4527 nasci
778 4475 892 4542 jam
943 4474 1188 4543 diebus;
1224 4483 1324 4532 aut
1373 4479 1420 4533 si
1472 4484 1662 4547 erunt,
1697 4495 1808 4534 non
1861 4496 1958 4535 eos
2003 4499 2035 4535 a

385 4552 728 4623 parentibus
761 4553 881 4607 suis
913 4555 982 4608 ad
1017 4553 1309 4612 lavacrum
1362 4559 1816 4629 regenerationis
1866 4560 2033 4614 modo

381 4649 752 4705 quocumque
785 4635 1046 4705 perduci.
1076 4637 1236 4701 Quod
1267 4638 1316 4693 si
1349 4639 1468 4704 fiet,
1495 4656 1609 4708 quo
1643 4645 1810 4709 pacto
1843 4639 2032 4694 soluto

373 4717 497 4788 jam
530 4714 756 4771 diabolo
792 4732 933 4771 vasa
965 4717 1075 4772 ista
1106 4718 1450 4790 eripieutur,
1485 4720 1539 4772 in
1577 4721 1744 4787 cujus
1795 4719 2032 4773 domum

382 4813 552 4853 nemo
586 4795 785 4863 intrat,
830 4804 890 4852 ut
939 4815 1075 4854 vasa
1114 4799 1240 4869 ejus
1285 4797 1512 4868 eripiat,
1547 4798 1658 4852 nisi
1711 4798 1870 4866 prius
1906 4797 2033 4852 alli-

383 4879 599 4947 gaverit
628 4893 760 4933 eum
786 4879 812 4932 ?
844 4877 968 4932 Imo
1001 4894 1131 4933 vero
1177 4879 1234 4932 id
1285 4877 1480 4950 potius
1528 4881 1617 4933 est
1651 4878 2031 4947 credendum,

383 4975 489 5013 nec
523 4959 617 5029 qui
646 4962 853 5014 cadant
886 4960 955 5014 de
977 4958 1256 5026 Ecclesia,
1289 4975 1393 5014 nec
1419 4959 1515 5030 qui
1542 4960 1820 5014 accedant
1848 4959 2034 5015 Eccle-

381 5039 480 5094 siae
511 5040 610 5094 illo
643 5047 898 5111 tempore
931 5040 1268 5095 defuturos:
1303 5042 1399 5095 sed
1429 5039 1678 5111 profecto
1711 5049 1823 5095 tam
1858 5040 2033 5096 fortes

444 5364 459 5396 ¹
494 5363 648 5412 Vind.
697 5364 750 5411 et
779 5364 893 5411 Am.
927 5370 974 5408 et
1023 5360 1348 5412 solveretur.
1390 5361 1471 5410 Er.
1501 5361 1551 5410 et
1589 5363 1736 5418 Lov.,
1776 5370 1825 5410 et
1853 5361 2030 5408 solve-

379 5433 491 5531 tilclr.
525 5425 761 5536 Att-Mss,
805 5435 853 5473 et
893 5423 1099 5472 solvet:
1147 5423 1346 5472 scilicet
1398 5425 1739 5486 Omnipotens
1771 5426 1864 5487 qui
1909 5439 2030 5473 eum

379 5500 408 5532 η
453 5501 596 5536 Iaavr
627 5525 638 5536 .

377 5500 467 5532 [Ill]
581 5505 596 5534 ι
627 5525 638 5536 .

417 5500 752 5613 ⁸ἳῆἱξιγθῖἰὶιίες,
804 5549 1111 5610 unicuique
1149 5547 1418 5613 ﬁdelium.
1456 5549 1637 5612 Abest,
1682 5550 1956 5612 ﬁdelium,
1997 5564 2030 5598 a

378 5609 638 5674 plerisque
667 5609 1059 5674 manuscriptis.

447 5672 466 5703 ³
497 5673 637 5732 Mss,
671 5678 754 5734 ﬁt.

1438 323 1540 382 DE
1586 323 1948 384 CIVITATE
1989 325 2146 399 DEI,
2198 327 2261 388 S.
2307 330 2732 394 AUGUSTINI

3681 333 3799 394 6⁸12

2152 469 2322 520 erunt
2351 471 2407 522 et
2438 476 2702 536 parentes
2735 486 2838 540 pro
2869 471 3231 542 baptizandis
3280 470 3533 543 parvulis
3573 469 3719 537 suis,
3758 482 3817 530 el

2155 544 2208 598 lii
2241 547 2337 615 qui
2369 550 2509 603 tunc
2541 550 2816 620 primitus
2853 551 3126 607 credituri
3170 557 3330 616 sunt,
3366 555 3432 606 ut
3482 551 3653 606 illum
3689 550 3815 605 for-

2151 629 2268 680 tem
2301 628 2534 684 vincant
2564 631 2736 685 etiam
2784 648 2896 686 non
2946 633 3211 701 ligatum,
3255 633 3310 686 id
3364 636 3472 698 est,
3506 632 3814 695 omnibus,

2153 707 2426 776 qualibus
2451 715 2620 764 antea
2651 727 2977 782 nunquam,
3011 713 3098 767 vel
3129 713 3351 767 artibus
3404 712 3810 776 insidiantem,

2153 788 2236 843 vel
2273 795 2574 860 urgentem
2629 792 2865 859 viribus,
2897 798 2954 847 et
3002 793 3311 865 vigilanter
3359 792 3712 863 intelligant,
3755 798 3818 848 et

2154 867 2470 925 toleranter
2499 871 2726 939 ferant;
2760 888 2825 926 ac
2856 873 2940 928 sic
2989 873 3070 927 illi
3115 873 3294 928 etiam
3330 889 3444 929 non
3477 873 3654 944 ligato
3684 873 3812 928 eri-

2154 950 2410 1018 piantur.
2444 951 2557 1006 Nec
2591 953 2716 1009 ideo
2751 954 2898 1008 falsa
2930 953 3040 1008 erit
3077 954 3408 1024 evangelica
3439 952 3536 1008 illa
3566 958 3800 1008 senten-

2152 1031 2255 1097 tia,
2284 1031 2414 1098 Quis
2445 1033 2618 1087 intrat
2649 1032 2708 1086 in
2728 1032 2951 1087 domum
2976 1035 3154 1102 fortis,
3186 1043 3247 1088 ut
3276 1049 3413 1088 vasa
3433 1033 3551 1104 ejus
3582 1036 3815 1103 eripiat,

2150 1111 2269 1166 nisi
2295 1114 2452 1182 prius
2481 1110 2805 1181 alligaverit
2835 1116 3032 1183 fortem
3057 1119 3082 1167 .9
3111 1115 3445 1169 Secundum
3479 1114 3634 1168 enim
3669 1130 3818 1168 sen-

2153 1191 2341 1246 tentia:
2393 1194 2520 1261 ejus
2571 1196 2898 1261 veritatem,
2953 1195 3092 1249 ordo
3138 1195 3248 1250 iste
3298 1200 3556 1250 servatus
3604 1198 3714 1260 est,
3749 1199 3817 1248 ut

2154 1273 2316 1343 prius
2346 1272 2688 1344 alligaretur
2719 1275 2904 1344 fortis,
2927 1274 3258 1346 ereptisque
3280 1275 3433 1330 vasis
3457 1275 3607 1345 ejus,
3637 1273 3815 1344 longe

2153 1351 2385 1424 lateque
2415 1353 2473 1408 in
2508 1355 2784 1410 omnibus
2815 1355 3087 1426 gentibus
3132 1373 3200 1410 ex
3253 1356 3438 1410 firmis
3469 1361 3524 1409 et
3557 1355 3814 1409 infirmis

2153 1432 2234 1487 ita
2265 1433 2757 1505 mulliplicaretur
2807 1435 3082 1502 Ecclesia,
3117 1441 3182 1490 ut
3231 1452 3296 1491 ex
3339 1438 3468 1507 ipsa
3498 1451 3691 1490 rerum
3723 1435 3814 1490 di-

2150 1512 2370 1568 vinitus
2420 1516 2829 1586 praedictarum
2879 1521 2937 1572 et
2977 1516 3346 1586 impleturum
3396 1515 3814 1570 robustissima

2153 1593 2286 1656 ﬁde.
2320 1593 2493 1650 etiam
2529 1596 2718 1650 soluto
2764 1612 2903 1651 vasa
2951 1597 3133 1666 possit
3182 1597 3424 1652 auferre.
3457 1599 3615 1650 Sicut
3647 1596 3806 1650 enim

2153 1673 2453 1729 fatendum
2505 1681 2614 1741 est,
2649 1677 2965 1732 multorum
3017 1677 3382 1749 refrigescere
3435 1677 3811 1742 cbaritatem,

2153 1771 2284 1809 cum
2321 1756 2579 1810 abundat
2635 1756 2914 1828 iniquitas
2948 1758 3152 1828 (Matth.
3188 1775 3332 1823 xxxv,
3367 1758 3476 1828 12),
3520 1763 3577 1813 et
3617 1757 3812 1812 inusi-

2152 1835 2290 1889 tatis
2341 1835 2731 1906 maximisque
2795 1837 3296 1906 persecutionibus
3341 1845 3510 1908 atque
3559 1836 3812 1891 fallaciis

2153 1914 2371 1968 diaboli
2419 1916 2543 1985 jam
2595 1916 2787 1983 soluti,
2829 1933 2926 1972 eos
2975 1919 3070 1986 qui
3121 1919 3179 1972 in
3233 1917 3376 1972 libro
3429 1917 3553 1970 vitae
3605 1916 3814 1986 scripti

2155 2011 2270 2049 non
2301 2000 2460 2062 sunt,
2512 1995 2728 2051 multos
2780 2012 2905 2052 esse
2935 1998 3256 2067 facessuros:
3295 1999 3376 2052 ita
3422 1996 3808 2067 cogitandum

2154 2083 2264 2145 est,
2299 2093 2412 2132 non
2447 2079 2638 2134 solum
2671 2096 2816 2149 quos
2849 2081 3030 2134 bonos
3073 2080 3269 2135 fideles
3292 2079 3433 2134 illud
3459 2085 3692 2150 tempus
3719 2079 3813 2133 in—

2154 2158 2361 2223 veniet,
2396 2159 2493 2212 sed
2531 2158 2844 2213 nonnullos
2875 2159 3048 2215 etiam
3083 2159 3181 2229 qui
3225 2159 3362 2213 foris
3388 2159 3579 2213 adhuc
3609 2164 3809 2226 erunt,

2151 2237 2461 2306 adjuvante
2492 2236 2590 2293 Dei
2621 2240 2802 2309 gratia
2834 2254 2933 2309 per
2977 2238 3500 2294 considerationem
3538 2237 3809 2306 Scriptu-

2155 2334 2374 2383 rarum,
2409 2320 2466 2372 in
2501 2319 2716 2388 quibus
2749 2323 2803 2374 et
2831 2318 2945 2374 alia
2978 2325 3034 2374 et
3065 2319 3196 2374 finis
3218 2319 3341 2390 ipse
3374 2318 3810 2390 praenuntiatus

2152 2407 2257 2463 est,
2291 2415 2458 2469 quem
2489 2400 2823 2470 venirejam
2855 2401 3135 2467 sentiunt,
3161 2401 3230 2455 ad
3257 2399 3613 2455 credendum
3648 2401 3803 2469 quod

2157 2496 2268 2534 non
2302 2480 2631 2550 credebant,
2668 2482 2892 2536 futuros
2941 2497 3068 2536 esse
3113 2481 3418 2549 ﬁrmiores,
3452 2485 3508 2535 et
3555 2482 3625 2534 ad
3666 2480 3803 2533 vin-

2153 2559 2403 2614 cendum
2457 2560 2630 2615 etiam
2685 2577 2801 2616 non
2857 2561 3099 2632 ligatum
3159 2560 3459 2616 diabolum
3507 2560 3802 2616 fortiores.

2152 2641 2312 2704 Quod
2347 2641 2394 2695 si
2429 2641 2505 2696 ita
2535 2641 2644 2696 erit
2684 2647 2988 2713 propterea
3020 2642 3382 2712 praecessisse
3438 2641 3684 2696 dicenda
3714 2646 3807 2696 est

2151 2722 2278 2792 ejus
2309 2721 2588 2792 alligatio,
2619 2730 2675 2776 ut
2705 2731 2762 2777 et
2801 2722 2963 2794 ligati
3013 2727 3071 2777 et
3114 2721 3290 2778 soluti
3333 2720 3673 2793 exspoliatio
3705 2736 3804 2776 se-

2150 2807 2462 2871 queretur:
2495 2802 2770 2872 quoniam
2805 2803 2875 2857 de
2906 2802 3014 2857 hac
3046 2819 3105 2857 re
3135 2803 3352 2858 dictum
3404 2808 3510 2868 est,
3541 2804 3681 2871 Quis
3708 2800 3801 2856 in-

2147 2882 2314 2935 trabit
2345 2884 2404 2936 in
2433 2882 2652 2936 domum
2681 2884 2863 2950 fortis,
2886 2886 2945 2936 ut
2976 2898 3101 2937 vasa
3123 2884 3240 2954 ejus
3267 2881 3608 2952 eripiat,nisi
3631 2884 3804 2952 prius

2147 2961 2466 3030 alligaverit
2496 2964 2689 3028 fortem
2706 2966 2732 3016 .9

2145 3123 2373 3178 CAPUT
2431 3123 2528 3179 lX.
2561 3155 2630 3164 —
2679 3123 2829 3192 Quod
2885 3127 2958 3179 sit
3014 3139 3246 3193 regnum
3301 3131 3614 3179 sanctorum
3671 3138 3801 3177 cum

2219 3212 2435 3267 Christo
2463 3229 2560 3284 per
2606 3215 2762 3268 mille
2809 3230 3002 3281 annos,
3032 3219 3087 3270 et
3128 3214 3188 3270 in
3235 3229 3340 3286 quo
3379 3215 3732 3270 discernatur
3758 3231 3801 3269 α

2217 3310 2384 3366 regno
2413 3304 2635 3350 aeterno.

2218 3434 2266 3486 1.
2306 3434 2525 3488 Interea
2556 3436 2694 3487 dum
2723 3433 2882 3489 mille
2912 3434 3083 3489 annis
3112 3433 3325 3505 ligatus
3373 3440 3461 3490 est
3503 3432 3794 3499 diabolus,

2145 3513 2328 3568 sancti
2363 3515 2379 3548 ι
2436 3519 2682 3584 regnant
2736 3530 2870 3569 cum
2935 3514 3160 3570 Christo
3208 3515 3380 3570 etiam
3432 3515 3575 3586 ipsis
3635 3514 3797 3569 mille

2144 3596 2314 3649 annis
2351 3595 2571 3649 eisdem
2605 3595 2730 3649 sine
2759 3595 2958 3663 dubio,
2992 3600 3048 3651 et
3097 3596 3300 3650 eodem
3351 3596 3525 3650 modo
3570 3594 3795 3650 intelli-

2143 3675 2368 3743 gendis,
2404 3674 2456 3728 id
2490 3683 2592 3740 est,
2627 3677 2738 3730 isto
2775 3675 2896 3744 jam
2949 3680 3208 3747 tempore
3265 3677 3475 3747 prioris
3523 3676 3654 3745 ejus
3689 3675 3792 3730 ad-

2143 3759 2372 3810 ventus.
2406 3759 2651 3824 Excepto
2703 3756 2917 3827 quippe
2968 3755 3067 3810 illo
3117 3772 3311 3827 regno,
3345 3757 3415 3811 de
3441 3773 3552 3825 quo
3585 3756 3641 3809 in
3676 3757 3795 3811 fine

2143 3834 2407 3890 dicturus
2429 3841 2538 3903 est,
2581 3836 2779 3902 Venite,
2816 3836 3086 3892 benedicti
3134 3839 3322 3891 Patris
3371 3836 3500 3902 mei,
3530 3836 3810 3907 possidete

2141 3919 2396 3985 paratum
2444 3915 2593 3970 vobis
2653 3930 2888 3983 regnum
2935 3916 3149 3986 (Matth.
3201 3933 3332 3983 xxv,
3373 3917 3482 3986 34),
3529 3915 3640 3970 nisi
3687 3915 3807 3972 alio

2143 3995 2342 4066 aliquo
2373 3997 2568 4065 modo,
2602 3995 2769 4065 longe
2814 3997 3051 4067 quidem
3097 3997 3327 4068 impari,
3352 3999 3474 4067 jam
3519 4014 3672 4052 nunc
3706 4013 3805 4052 re-

2142 4079 2390 4145 gnarent
2417 4092 2547 4130 cum
2581 4073 2683 4129 illo
2716 4079 2904 4131 sancti
2949 4077 3097 4146 ejus,
3137 4078 3351 4148 quibus
3402 4077 3500 4145 ait,
3533 4078 3664 4132 Ecce
3705 4092 3807 4145 ego

2142 4154 2416 4210 vobiscum
2447 4173 2569 4210 sum
2601 4172 2774 4229 usque
2820 4159 2880 4211 in
2919 4160 3440 4214 consummationem
3471 4158 3665 4214 seculi
3694 4157 3803 4227 (td.

2142 4253 2336 4304 xxvur,
2384 4238 2515 4308 20);
2552 4238 2805 4307 profecto
2866 4255 2981 4294 non
3054 4239 3231 4295 etiam
3301 4255 3455 4294 nunc
3513 4239 3809 4294 diceretur

2139 4317 2403 4371 Ecclesia
2461 4333 2702 4388 regnum
2751 4319 2902 4389 ejus,
2953 4335 3268 4390 regnumve
3319 4319 3620 4374 caelorum.
3657 4322 3806 4376 Nam

2141 4397 2341 4466 utique
2399 4397 2510 4452 isto
2545 4407 2802 4470 tempore
2850 4399 2907 4453 in
2943 4416 3117 4471 regno
3167 4400 3267 4454 Dei
3313 4401 3580 4456 eruditur
3611 4401 3812 4455 scriba

2143 4475 2258 4543 ille,
2305 4477 2405 4547 qui
2455 4478 2672 4546 profert
2719 4479 2789 4533 de
2838 4479 3107 4534 thesauro
3159 4495 3262 4535 suo
3312 4497 3456 4536 nova
3505 4486 3560 4534 et
3610 4484 3811 4535 vetera

2138 4556 2358 4624 (Matth.
2391 4573 2514 4621 xm,
2547 4558 2661 4627 52),
2693 4560 2762 4614 de
2793 4576 2907 4630 quo
2939 4576 3119 4630 supra
3162 4560 3340 4615 locuti
3373 4575 3597 4615 sumus.
3633 4564 3702 4614 Et
3731 4561 3812 4615 de

2142 4635 2394 4692 Ecclesia
2424 4637 2721 4692 collecturi
2754 4645 2890 4694 sunt
2918 4641 3141 4696 zizania
3191 4657 3476 4696 messores
3528 4640 3637 4707 illi,
3671 4657 3811 4711 qum

2141 4717 2408 4788 permisit
2437 4734 2566 4772 cum
2593 4719 2786 4774 tritico
2817 4719 2990 4775 simul
3025 4735 3280 4776 crescere
3317 4737 3502 4792 usque
3534 4723 3604 4774 ad
3645 4737 3808 4776 mes-

2139 4814 2304 4852 sem:
2340 4798 2496 4868 quod
2554 4813 2846 4868 exponens
2895 4799 2994 4864 ait,
3055 4800 3235 4855 Messis
3284 4809 3361 4856 est
3403 4801 3533 4870 ﬁnis
3572 4801 3808 4869 szeculi;

2139 4893 2401 4934 messores
2433 4887 2618 4934 autem
2659 4879 2865 4950 Angeli
2911 4883 3056 4933 sunt.
3105 4879 3257 4935 Sicut
3296 4895 3422 4949 ergo
3462 4880 3810 4951 colliguntur

2138 4959 2354 5013 zizania
2388 4979 2407 5025 ,-
2439 4968 2488 5013 et
2522 4958 2641 5028 igni
2669 4959 3070 5014 comburuntur
3091 4977 3110 5020 ;
3145 4962 3222 5015 sic
3263 4963 3376 5015 erit
3424 4963 3482 5014 in
3533 4977 3807 5015 consum-

2136 5039 2380 5094 matione
2410 5040 2604 5095 saeculi
2625 5054 2645 5093 .°
2675 5042 2856 5094 mittet
2886 5039 3064 5094 Filius
3109 5041 3348 5095 hominis
3389 5041 3623 5110 Angelos
3651 5057 3802 5110 suos,

2135 5127 2188 5174 et
2217 5120 2473 5190 colligent
2504 5119 2570 5174 de
2601 5135 2766 5188 regno
2796 5119 2911 5189 eius
2957 5122 3144 5176 omnia
3187 5121 3453 5176 scandala
3481 5121 3670 5192 (tbid.,
3700 5121 3804 5174 39-

2135 5201 2246 5271 41).
2283 5201 2576 5271 Numquid
2611 5202 2680 5254 de
2713 5217 2890 5272 regno
2937 5201 3061 5270 illo,
3098 5201 3195 5256 ubi
3250 5201 3413 5256 nulla
3454 5206 3597 5256 sunt
3627 5217 3805 5256 scan-

2136 5281 2270 5337 dala
2293 5282 2320 5336 ‘?
2351 5283 2428 5336 De
2457 5283 2570 5338 isto
2601 5297 2735 5353 ergo
2771 5297 2945 5352 regno
2976 5284 3125 5351 ejus,
3163 5282 3316 5351 quod
3347 5287 3436 5337 est
3470 5283 3564 5337 hic
3598 5281 3795 5336 Eccle-

2137 5365 2245 5432 sia,
2275 5363 2639 5433 colligentur.
2688 5362 2826 5416 Item
2878 5364 3040 5429 dicit,
3091 5363 3196 5430 Qui
3242 5364 3472 5417 solverit
3523 5379 3699 5417 unum
3728 5361 3799 5416 de

2135 5445 2414 5498 mandatis
2444 5445 2568 5498 istis
2600 5445 2870 5512 minimis,
2901 5448 2952 5500 et
2998 5445 3240 5499 docuerit
3268 5443 3347 5498 sic
3378 5442 3650 5508 homines,
3683 5445 3793 5496 mi-

2197 5676 2215 5714 1
2248 5674 2402 5738 Editi,
2434 5675 2616 5724 sancti
2644 5675 2762 5728 Dei.
2795 5679 2860 5726 At
2885 5677 3234 5739 manuscripti
3262 5675 3534 5736 omitlunt,
3567 5676 3683 5725 Dei.
