4124 6188
310 327 428 387 673

311 463 498 516 nimus
517 462 798 517 vocabitur
827 463 887 517 in
909 478 1073 531 regno
1093 463 1352 518 calorum
1375 479 1394 518 :
1417 463 1514 535 qui
1537 469 1722 520 autem
1751 467 1961 534 fecerit,

307 549 359 596 et
380 543 460 595 sic
487 541 757 606 docuerit,
789 559 1025 611 magnus
1057 543 1339 598 vocabitur
1374 545 1429 598 in
1481 560 1652 615 regno
1700 547 1964 600 castorum

312 622 526 693 (Matth.
561 639 615 690 v,
656 622 755 692 19).
787 622 1110 694 Utrumque
1158 624 1301 680 dicit
1353 625 1409 679 in
1455 641 1630 696 regno
1661 627 1964 694 cmlorum,

313 709 368 756 et
401 703 501 774 qui
537 719 650 759 non
684 704 814 758 facit
870 705 1144 759 mandata
1175 721 1299 775 quae
1331 706 1518 773 docet,
1555 707 1662 762 hoc
1693 712 1778 762 est
1808 708 1964 762 enim

313 783 560 847 solvere,
594 799 709 838 non
742 799 990 851 servare,
1018 800 1130 838 non
1159 785 1382 853 facere;
1417 790 1474 840 et
1495 785 1658 842 illum
1682 788 1780 858 qui
1810 787 1964 842 facit.

312 867 370 917 et
400 862 485 916 sic
515 863 717 917 docet:
752 864 849 918 sed
887 863 1063 918 istum
1097 864 1428 932 minimum,
1463 865 1628 921 illum
1663 883 1968 939 magnum,

314 944 385 998 Et
409 945 688 998 continuo
720 947 954 998 secutus
987 944 1278 1015 adjungit,
1313 947 1437 1002 Dico
1467 949 1616 1002 enim
1640 949 1802 1015 vobis,
1837 949 1971 1019 quia

312 1021 432 1076 nisi
460 1022 828 1077 abundaverit
861 1024 1083 1093 justitia
1135 1033 1311 1079 vestra
1358 1042 1523 1096 super
1570 1027 1890 1082 Scribarum
1920 1037 1970 1082 et

317 1103 747 1169 Phariszorum,
806 1103 863 1157 id
909 1107 1022 1170 est,
1056 1119 1232 1175 snper
1274 1105 1567 1174 justitiam
1623 1123 1821 1162 eorum
1868 1108 1968 1178 qui

315 1182 546 1238 solvunt
578 1184 733 1254 quod
785 1183 1057 1239 docenti.
1093 1185 1166 1240 De
1213 1186 1433 1242 Scribis
1481 1187 1634 1242 enim
1675 1193 1732 1242 et
1761 1188 1969 1243 Phari-

314 1262 450 1319 saeis
476 1263 615 1318 dicit
646 1261 760 1318 alio
793 1262 936 1328 loco,
967 1264 1235 1332 Quoniam
1265 1265 1480 1334 dicunt,
1538 1274 1589 1322 et
1618 1285 1724 1322 non
1755 1270 1972 1337 faciunt

317 1343 522 1413 (Matth.
551 1359 712 1410 XXIII,
747 1344 822 1409 3).
861 1344 986 1399 Nisi
1035 1360 1172 1415 ergo
1223 1361 1399 1418 super
1445 1363 1543 1402 eos
1592 1347 1974 1403 abundaverit

310 1423 546 1495 justitia
578 1428 790 1492 vestra,
823 1423 878 1477 id
913 1429 1022 1490 est,
1057 1434 1115 1480 ut
1146 1442 1246 1482 vos
1278 1442 1390 1482 non
1434 1427 1693 1496 solvatis,
1735 1428 1836 1484 sed
1887 1429 1970 1483 fa-

317 1504 483 1559 ciatis
531 1503 723 1575 potius
768 1504 922 1574 quod
972 1505 1208 1573 docetis,
1241 1523 1350 1562 non
1401 1507 1707 1575 intrabitis,
1757 1508 1970 1580 inquit,

315 1587 373 1640 in
403 1601 633 1655 regnum
663 1584 919 1640 castorum
952 1585 1053 1656 (Id.
1086 1603 1139 1656 ν,
1170 1587 1285 1658 20).
1316 1588 1440 1644 Alio
1474 1591 1644 1645 modo
1675 1589 1857 1661 igitur
1887 1590 1970 1644 in-

316 1665 701 1735 telligendum
734 1668 825 1720 est
858 1681 1101 1736 regnum
1136 1668 1435 1738 cmlorum,
1471 1669 1570 1724 ubi
1602 1670 1775 1726 ambo
1807 1674 1968 1738 sunt,

317 1754 370 1802 et
401 1745 499 1801 ille
529 1746 746 1801 scilicet
772 1745 871 1817 qui
895 1746 1062 1802 solvit
1086 1749 1239 1818 quod
1267 1749 1451 1814 docet,
1483 1758 1536 1804 et
1562 1749 1657 1805 ille
1680 1751 1778 1820 qui
1803 1751 1970 1819 facit;

318 1827 426 1882 sed
458 1825 556 1882 ille
587 1826 896 1893 minimus,
929 1827 1038 1882 iste
1069 1845 1318 1899 magnus
1339 1830 1401 1884 ’z
1435 1829 1548 1886 alio
1579 1829 1752 1886 modo
1782 1839 1968 1886 autem

319 1924 558 1978 regnum
594 1907 872 1963 ccelorum
905 1908 1137 1977 dicitur,
1172 1925 1287 1981 quo
1323 1926 1436 1965 non
1489 1911 1664 1966 intrat
1714 1911 1826 1967 nisi
1875 1911 1973 1966 ille

321 1989 420 2059 qui
475 1987 630 2042 facit.
681 1989 758 2042 Ac
812 2003 914 2057 per
962 1987 1069 2045 hoc
1121 1991 1220 2045 ubi
1271 1995 1584 2062 utrumque
1634 2007 1815 2059 genus
1864 2000 1970 2058 est,

320 2066 581 2122 Ecclesia
613 2071 699 2122 est
727 2065 920 2136 qualis
942 2084 1096 2124 nunc
1118 2074 1207 2124 est
1231 2084 1244 2122 :
1272 2069 1369 2124 ubi
1393 2075 1588 2125 autem
1615 2071 1756 2126 illud
1783 2072 1972 2126 solum

323 2147 452 2216 erit,
483 2145 738 2202 Ecclesia
778 2151 868 2201 est
915 2147 1099 2217 qualis
1150 2152 1290 2203 tunc
1329 2151 1460 2214 erit,
1503 2151 1736 2220 quando
1786 2149 1974 2205 malus

319 2225 376 2280 in
409 2243 472 2282 ea
505 2243 619 2281 non
665 2226 798 2282 erit.
831 2226 974 2296 Ergo
1009 2226 1257 2284 Ecclesia
1307 2233 1364 2283 et
1413 2245 1570 2283 nunc
1618 2234 1701 2284 est
1733 2245 1972 2298 regnum

317 2305 558 2372 Christi,
593 2321 955 2377 regnumque
986 2305 1289 2362 caelorum.
1325 2308 1592 2378 Regnent
1614 2309 1811 2379 itaque
1840 2326 1972 2364 cum

317 2386 417 2443 illo
449 2388 624 2442 etiam
667 2403 822 2442 nunc
867 2388 1054 2442 sancti
1101 2388 1249 2457 ejus,
1285 2387 1455 2442 aliter
1496 2389 1756 2459 quidem,
1799 2406 1972 2460 quam

319 2473 462 2524 tunc
487 2468 852 2538 regnabant:
889 2483 991 2521 nec
1023 2472 1220 2523 tamen
1249 2484 1382 2523 cum
1424 2467 1523 2523 illo
1557 2475 1802 2540 regnant
1830 2470 1976 2525 ziza-

322 2549 438 2616 nia,
494 2549 762 2618 quamvis
817 2547 878 2602 in
944 2547 1202 2603 Ecclesia
1251 2565 1382 2604 cum
1451 2548 1640 2603 tritico
1691 2556 1971 2606 crescant.

324 2627 592 2698 Regnent
622 2627 777 2681 enim
816 2643 949 2682 cum
982 2626 1078 2682 illo
1111 2627 1212 2699 qui
1246 2628 1465 2684 faciunt
1485 2629 1641 2699 quod
1666 2631 1976 2700 Apostolus

322 2707 423 2774 ait,
457 2709 519 2762 Si
547 2707 934 2763 resurrexistis
962 2723 1088 2762 cum
1130 2708 1372 2776 Christo,
1416 2725 1540 2780 σωκ
1583 2726 1800 2764 sursum
1848 2713 1978 2765 sunt

320 2789 522 2856 sapite,
555 2787 649 2842 ubi
674 2789 921 2844 Christus
951 2794 1030 2843 est
1061 2791 1120 2842 in
1167 2789 1395 2846 dextera
1447 2791 1542 2846 Dei
1593 2794 1785 2847 sedens
1806 2809 1826 2847 :
1857 2809 1977 2864 qum

323 2883 538 2921 sursum
567 2871 814 2940 quaerite,
864 2885 973 2923 non
1023 2886 1142 2940 qua
1180 2887 1348 2940 super
1396 2880 1606 2926 terram
1634 2873 1854 2942 (Cotoss.
1890 2889 1976 2941 ιιι,

323 2947 349 3001 1
383 2950 432 3001 ει
463 2949 533 3016 2).
574 2948 648 3000 De
687 2947 957 3019 qualibus
1005 2949 1142 3004 item
1194 2950 1358 3018 dicit,
1390 2953 1545 3020 quod
1601 2967 1802 3007 eorum
1841 2968 1981 3008 con-

323 3028 568 3082 versatio
617 3026 694 3082 sit
738 3029 800 3084 in
859 3028 1016 3083 ccelis
1062 3030 1329 3100 (Philipp.
1381 3047 1463 3097 ιιι,
1514 3031 1628 3102 20).
1677 3035 1977 3087 Postremo

327 3111 566 3178 regnant
597 3123 728 3162 cum
760 3107 880 3174 illo,
914 3109 1010 3179 qui
1043 3125 1108 3165 eo
1141 3111 1309 3166 modo
1362 3116 1496 3166 sunt
1525 3111 1582 3165 in
1617 3127 1794 3183 regno
1825 3114 1978 3183 ejus,

325 3193 386 3242 ut
416 3187 532 3242 sint
566 3186 740 3242 etiam
788 3187 900 3258 ipsi
947 3205 1189 3260 regnum
1239 3191 1390 3259 ejus.
1422 3193 1723 3254 Quomodo
1779 3197 1976 3248 autem

327 3270 465 3323 sunt
496 3282 740 3337 regnum
775 3267 1006 3334 Christi,
1039 3269 1162 3338 qui,
1197 3277 1260 3324 ut
1289 3269 1404 3324 alia
1435 3275 1679 3339 taceam,
1713 3272 1979 3342 quamvis

324 3347 402 3402 ibi
435 3348 552 3402 sint
578 3347 758 3402 donec
790 3347 1141 3416 colligantur
1183 3349 1242 3404 in
1294 3349 1407 3406 ﬁne
1439 3351 1636 3406 saeculi
1685 3353 1756 3407 de
1799 3369 1978 3424 regno

327 3429 452 3499 ejus
486 3427 681 3483 omnia
711 3428 1002 3496 scandala,
1036 3435 1231 3485 tamen
1266 3429 1382 3485 illic
1409 3447 1514 3486 sua
1544 3437 1830 3502 quarunt,
1862 3449 1980 3488 non

328 3525 454 3580 quae
484 3510 615 3563 Jesu
649 3509 864 3564 Christi
897 3511 1002 3580 (1d.
1038 3527 1098 3575 ιι,
1129 3510 1271 3580 21)?
1603 3577 1606 3580 ἢ

397 3591 448 3644 2.
487 3588 565 3644 De
592 3590 698 3644 hoc
731 3604 866 3661 ergo
899 3606 1074 3662 regno
1109 3591 1348 3662 militiae,
1379 3591 1436 3646 in
1471 3609 1586 3663 quo
1626 3592 1818 3649 adhuc
1850 3609 1982 3648 cum

327 3668 494 3724 hoste
536 3669 891 3740 conﬂigitur,
937 3675 993 3725 et
1042 3670 1354 3742 aliquando
1406 3677 1762 3744 repugnatur
1805 3689 1979 3744 repu-

328 3748 643 3820 gnantibus
673 3750 890 3816 vitiis3,
927 3750 1240 3822 aliquando
1265 3753 1610 3808 cedentibus
1642 3753 1982 3825 imperatur,

329 3830 516 3886 donec
556 3829 824 3886 veniatur
884 3832 954 3886 ad
1007 3831 1154 3887 illud
1225 3835 1664 3904 pacatissimam
1713 3850 1982 3905 regnum,

329 3911 428 3966 ubi
462 3910 586 3966 sine
617 3911 785 3967 hoste
825 3913 1185 3983 regnabitur,
1219 3918 1276 3968 et
1319 3915 1390 3969 de
1437 3913 1545 3970 hac
1577 3915 1766 3986 prima
1797 3931 1982 3971 resur-

330 3992 585 4047 rectione
616 4008 745 4062 quae
777 4009 931 4046 nunc
963 3998 1070 4052 est,
1106 3994 1254 4048 liber
1283 3993 1391 4050 iste
1422 3994 1506 4048 sic
1531 3994 1809 4064 loquitur.
1841 3996 1984 4050 Cum

330 4072 487 4126 enim
536 4072 798 4141 dixisset,
861 4071 1087 4142 alligari
1135 4073 1430 4129 diabolum
1479 4074 1638 4130 mille
1689 4076 1884 4140 annis,
1934 4082 1988 4130 et

329 4157 532 4222 postea
579 4152 716 4207 solvi
768 4153 924 4207 brevi
985 4157 1244 4224 tempore
1294 4170 1308 4220 ;
1376 4170 1504 4208 mox
1553 4155 1987 4226 recapitulando

330 4233 470 4303 quid
502 4234 558 4288 in
593 4233 719 4288 istis
751 4233 906 4288 mille
938 4234 1108 4289 annis
1140 4239 1274 4303 agat
1298 4235 1554 4290 Ecclesia
1581 4237 1665 4291 vel
1697 4241 1903 4308 agatur
1929 4238 1988 4292 in

331 4329 418 4381 ea,
458 4316 520 4367 Et
552 4313 683 4381 vidi,
718 4313 928 4383 inquit,
961 4313 1112 4369 sedes
1143 4324 1194 4370 et
1224 4314 1464 4370 sedentes
1485 4332 1649 4387 super
1676 4332 1786 4386 eas,
1821 4326 1871 4372 et
1892 4318 1991 4387 ju-

331 4393 539 4448 dicium
569 4393 762 4448 datum
792 4402 889 4450 est.
924 4394 1048 4450 Non
1076 4395 1186 4449 hoc
1217 4397 1544 4466 putandum
1565 4402 1652 4451 est
1685 4399 1755 4452 de
1789 4397 1991 4454 ultimo

324 4474 550 4544 judicio
583 4475 729 4529 dici:
765 4474 862 4530 sed
897 4476 1063 4529 sedes
1095 4476 1552 4545 praepositorum,
1587 4483 1644 4531 et
1689 4477 1796 4548 ipsi
1847 4495 1991 4549 pra:-

335 4553 508 4624 positi
532 4553 890 4624 intelligendi
922 4559 1078 4624 sunt,
1107 4572 1205 4624 per
1236 4572 1381 4625 quos
1414 4555 1669 4612 Ecclesia
1703 4574 1856 4612 nunc
1885 4575 1990 4629 gu-

333 4633 631 4688 bernatur.
667 4633 964 4689 Judicium
1017 4638 1210 4690 autem
1261 4635 1460 4690 datum
1512 4637 1742 4692 nullum
1788 4639 1994 4694 melius

335 4713 736 4784 accipiendum
790 4714 1040 4781 videtur,
1091 4731 1267 4786 quam
1317 4715 1372 4769 id
1424 4717 1576 4786 quod
1622 4717 1843 4771 dictum
1885 4723 1995 4787 est,

337 4795 469 4862 Quae
501 4795 812 4862 tigaveritis
840 4793 901 4849 in
934 4802 1105 4863 terra,
1155 4795 1332 4863 ligata
1385 4805 1548 4851 erunt
1577 4805 1627 4851 et
1658 4798 1717 4850 in
1746 4797 1876 4853 cielo
1895 4815 1916 4859 ,·
1946 4805 1996 4853 et

337 4891 458 4946 qua:
485 4876 758 4932 sotveritis
792 4875 852 4929 in
871 4883 1039 4942 terra,
1074 4875 1253 4931 soluta
1273 4878 1502 4931 eruntet
1533 4876 1590 4931 in
1612 4877 1740 4933 coelo
1772 4877 1996 4949 (Matth.

337 4972 498 5022 xvui,
532 4957 642 5024 18).
678 4955 842 5012 Unde
870 4955 1204 5027 Apostolus,
1239 4956 1390 5024 Quid
1419 4958 1568 5013 enim
1609 4959 1751 5014 mihi
1779 4969 1876 5026 est,
1911 4959 1998 5014 in-

1658 332 1893 393 LlBER
1935 333 2378 397 VlGESlMUS.

3612 342 3730 400 674

2081 466 2301 521 verbum
2331 468 2464 522 Dei:
2498 467 2848 523 subauditur
2879 470 3032 539 quod
3085 474 3283 541 postea
3314 471 3578 526 dicturus
3612 476 3724 539 est,

2082 555 2444 617 regnaverunt
2473 565 2595 603 cum
2625 551 2750 604 .Icsu
2780 550 2937 606 mitte
2966 554 3129 604 annis
3167 552 3346 620 (Apoc.
3380 570 3472 619 xx,
3502 553 3577 623 4),
3609 552 3729 607 ani-

2084 645 2188 682 mae
2240 630 2461 684 scilicet
2520 636 2839 702 martyrum
2908 633 3156 686 nondum
3206 633 3316 686 sibi
3386 634 3728 702 corporibus

2082 710 2204 763 suis
2235 710 2496 764 redditis.
2539 711 2737 781 Neque
2787 712 2940 766 enim
2977 713 3200 782 piorum
3234 713 3434 767 anima:
3471 718 3729 767 mortuo-

2083 805 2211 843 rum
2245 799 2591 861 separantur
2639 792 2710 846 ab
2753 792 3028 859 Ecclesia,
3079 809 3205 863 quas
3239 810 3394 847 nunc
3439 793 3612 848 etiam
3646 799 3734 848 est

2086 884 2328 940 regnum
2379 869 2615 926 Christi.
2667 873 2934 942 Alioquin
2969 890 3070 927 nec
3103 872 3174 927 ad
3224 873 3402 928 altare
3434 873 3533 927 Dei
3567 873 3733 927 ﬁeret

2083 965 2281 1006 eorum
2319 953 2596 1007 memoria
2627 953 2682 1007 in
2709 955 3233 1010 communicatione
3267 956 3522 1026 corporis
3543 955 3734 1011 Chris-

2083 1032 2165 1098 ti;
2201 1049 2302 1086 nec
2335 1034 2553 1104 aliquid
2589 1035 2891 1106 prodesset
2921 1037 2990 1090 ad
3025 1036 3150 1105 ejus
3183 1036 3241 1090 in
3285 1037 3549 1106 periculis
3583 1037 3733 1106 Bap-

2082 1111 2321 1167 tismum
2371 1130 2622 1182 currere,
2678 1131 2748 1170 ne
2799 1115 2925 1170 sine
2957 1113 3056 1170 illo
3108 1115 3344 1170 ﬁniatur
3395 1115 3513 1170 haec
3576 1115 3729 1182 vita;

2084 1207 2189 1246 nec
2219 1194 2289 1247 ad
2319 1195 2871 1262 reconciliationem,
2902 1196 2950 1251 si
2993 1196 3136 1251 forte
3184 1213 3285 1267 per
3334 1196 3730 1265 paenitentiam

2085 1273 2368 1328 malamve
2400 1275 2818 1330 conscientiam
2852 1276 3096 1346 quisque
3130 1278 3200 1331 ab
3249 1277 3452 1331 eodem
3496 1290 3734 1347 corpore

2085 1361 2385 1423 separatus
2415 1359 2522 1411 est.
2566 1357 2680 1410 Cur
2723 1357 2878 1412 enim
2929 1357 3076 1412 ﬁunt
3105 1357 3237 1426 ista,
3284 1357 3396 1412 nisi
3429 1357 3564 1427 quia
3595 1357 3736 1410 ﬁde-

2083 1431 2188 1500 les,
2219 1435 2392 1489 etiam
2427 1434 2706 1504 defuncti,
2753 1436 3016 1490 membra
3065 1437 3191 1506 ejus
3247 1435 3430 1492 sunt?
3461 1435 3734 1498 Quamvis

2084 1527 2220 1582 ergo
2251 1529 2383 1568 cum
2417 1515 2537 1569 suis
2565 1516 2906 1584 corporibus
2938 1517 3223 1581 nondum,
3252 1517 3375 1586 jam
3412 1523 3603 1569 tamen
3637 1531 3735 1569 eo—

2084 1607 2212 1647 rum
2245 1593 2451 1647 animaz
2488 1598 2732 1662 regnant
2763 1611 2895 1649 cum
2949 1595 3067 1660 illo,
3110 1596 3248 1650 dum
3282 1595 3377 1649 isti
3413 1594 3564 1649 mille
3595 1593 3733 1648 anni

2085 1672 2421 1727 decurrunt.
2458 1674 2618 1728 Unde
2650 1673 2706 1728 in
2734 1673 2840 1728 hoc
2864 1675 3064 1729 eodem
3085 1675 3232 1728 libro
3257 1680 3313 1729 et
3336 1674 3472 1729 alibi
3498 1672 3729 1743 legitur:

2088 1753 2247 1807 Beati
2294 1755 2514 1816 mortui,
2559 1755 2654 1823 qui
2698 1755 2754 1807 in
2789 1756 3016 1808 Domino
3059 1756 3395 1819 moriuntur,
3439 1752 3638 1807 amodo
3681 1757 3734 1807 et

2083 1823 2194 1891 iam
2245 1832 2376 1887 dicit
2424 1833 2679 1905 Spiritus,
2716 1840 2776 1888 ut
2823 1835 3167 1905 requiescant
3205 1852 3235 1888 a
3278 1834 3556 1888 laboribus
3583 1835 3735 1899 suis;

2083 1929 2213 1966 nam
2260 1928 2424 1983 Opera
2479 1929 2665 1968 eorum
2712 1921 3023 1982 sequuntur
3045 1914 3165 1968 illos
3194 1913 3294 1982 (Id.
3327 1929 3440 1975 xxv,
3475 1913 3581 1981 13).
3629 1913 3735 1967 Re-

2083 1997 2224 2062 gnat
2255 1993 2448 2062 itaque
2479 2009 2610 2047 cum
2646 1994 2874 2047 Christo
2905 2009 3058 2048 nunc
3105 1994 3358 2064 primum
3393 1993 3646 2048 Ecclesia
3679 1994 3736 2047 in

2083 2071 2227 2126 vivis
2259 2077 2314 2126 et
2346 2073 2609 2126 mortuis.
2664 2073 2943 2126 Praeterea
2992 2072 3171 2136 enim,
3203 2073 3356 2126 sicut
3385 2073 3523 2125 dicit
3554 2075 3738 2142 Apos-

2086 2151 2259 2218 tolus,
2292 2160 2542 2207 mortuus
2571 2160 2648 2208 est
2681 2153 2946 2218 Christus,
2979 2161 3037 2206 ut
3069 2161 3120 2208 et
3145 2157 3386 2208 vivorum
3416 2159 3467 2207 et
3501 2160 3738 2207 mortuo-

2083 2249 2210 2287 rum
2239 2231 2552 2288 dominetur
2580 2234 2756 2304 (Itom.
2791 2249 2902 2300 xxv,
2933 2234 3008 2303 9).
3043 2233 3151 2287 Sed
3186 2233 3310 2286 ideo
3330 2234 3736 2286 tantummodo

2086 2315 2410 2382 martyrum
2443 2312 2669 2365 animas
2702 2309 3198 2375 commemoravit,
3235 2310 3369 2380 quia
3401 2309 3506 2380 ipsi
3539 2309 3738 2380 praeei-

2086 2407 2198 2461 pue
2228 2395 2477 2462 regnant
2512 2391 2746 2455 mortui,
2782 2389 2883 2462 qui
2911 2406 3093 2461 usque
3125 2391 3196 2444 ad
3241 2394 3486 2443 mortem
3521 2405 3622 2459 pro
3654 2404 3743 2444 ve-

2085 2469 2255 2524 ritate
2285 2473 2670 2525 eertaverunt.
2705 2470 2810 2524 Sed
2845 2487 2876 2522 a
2907 2475 3067 2540 parte
3100 2474 3286 2525 totum
3322 2467 3398 2539 (α)
3427 2468 3596 2523 etiam
3630 2484 3735 2522 caa-

2089 2559 2240 2604 teros
2299 2556 2562 2605 mortuos
2611 2549 3000 2621 intelligimus
3044 2550 3396 2620 pertinentes
3437 2551 3504 2604 ad
3550 2547 3738 2604 Eccle-

2087 2631 2253 2697 siam,
2285 2631 2437 2701 quod
2469 2635 2556 2686 est
2588 2645 2835 2702 regnum
2868 2629 3108 2686 Christi.

2158 2711 2211 2765 3.
2247 2711 2408 2775 Quod
2440 2728 2571 2767 vero
2603 2711 2893 2784 sequitur,
2934 2711 3000 2764 Et
3023 2709 3072 2765 si
3098 2712 3195 2782 qui
3222 2726 3330 2766 non
3360 2709 3739 2766 adoraverunt

2090 2792 2342 2859 bestiam,
2373 2808 2471 2847 nec
2503 2794 2799 2860 imaginem
2829 2793 2964 2863 ejus,
2998 2807 3094 2846 nec
3136 2798 3458 2864 acceperunt
3500 2793 3739 2861 inscrip-

2089 2874 2294 2927 tionem
2324 2874 2383 2925 in
2419 2875 2619 2942 fronte,
2653 2879 2750 2927 aut
2800 2875 2859 2926 in
2905 2889 3073 2926 manu
3112 2889 3210 2926 sua
3230 2889 3249 2926 :
3280 2871 3454 2926 simul
3485 2873 3555 2925 de
3593 2870 3740 2924 vivis

2090 2969 2154 3006 ac
2188 2952 2432 3007 mortuis
2482 2953 2763 3007 debemus
2809 2952 3090 3023 accipere.
3127 2952 3261 3015 Quae
3311 2951 3385 3006 sit
3432 2967 3598 3022 porro
3627 2950 3743 3005 ista

2090 3032 2292 3100 bestia,
2343 3034 2608 3103 quamvis
2659 3033 2734 3088 sit
2786 3031 3118 3104 diligentius
3168 3031 3580 3101 inquirendum
3625 3046 3739 3085 non

2087 3117 2286 3168 tamen
2345 3114 2616 3169 abhorret
2646 3131 2678 3169 a
2711 3115 2818 3168 ﬁde
2851 3118 3026 3179 recta,
3061 3116 3125 3167 ut
3157 3113 3282 3182 ipsa
3331 3112 3509 3184 impia
3537 3112 3740 3168 civitas

2087 3193 2466 3262 intelligatur,
2496 3199 2553 3248 et
2583 3194 2837 3266 p0pulus
2871 3193 3191 3248 inﬁdelium
3215 3194 3536 3248 contrarius
3563 3209 3740 3264 popu-

2088 3272 2142 3330 lo
2175 3273 2328 3328 ﬁdeli
2360 3277 2416 3328 et
2445 3274 2661 3329 civitati
2711 3273 2832 3330 Dei.
2887 3274 3076 3342 Imago
3109 3289 3242 3328 vero
3273 3274 3400 3343 ejus
3440 3272 3738 3326 simulatio

2087 3354 2210 3421 ejus
2260 3353 2404 3408 mihi
2451 3354 2698 3420 videtur,
2748 3354 2807 3408 in
2839 3354 2920 3409 eis
2961 3353 3223 3408 videlicet
3254 3352 3605 3420 hominibus,
3639 3352 3738 3422 qui

2089 3433 2244 3487 velut
2296 3433 2468 3487 ﬁdem
2521 3434 2885 3504 proﬁtentur,
2936 3437 2992 3486 et
3017 3431 3329 3486 inﬁdeliter
3360 3432 3572 3486 vivunt.
3606 3432 3739 3486 Fin-

2091 3517 2237 3583 gunt
2277 3511 2431 3565 enim
2484 3528 2544 3566 se
2593 3528 2721 3566 esse
2770 3511 2926 3580 quod
2971 3527 3083 3565 non
3135 3516 3294 3576 sunt,
3348 3515 3739 3579 vocanturque

2092 3609 2207 3646 non
2241 3591 2426 3647 veraci
2459 3591 2669 3661 efﬁgie,
2704 3593 2802 3647 sed
2858 3591 3049 3646 fallaci
3105 3590 3359 3659 imagine
3405 3591 3734 3645 Christiani.

2091 3675 2173 3727 Ad
2205 3674 2469 3728 eamdem
2503 3689 2756 3744 namque
2793 3671 3034 3728 bestiam
3071 3675 3355 3740 pertinent
3402 3687 3519 3727 non
3549 3671 3738 3726 solum

2093 3758 2286 3825 aperte
2318 3753 2568 3808 inimici'
2608 3752 2860 3808 nominis
2899 3751 3108 3808 Christi
3141 3756 3197 3807 et
3228 3754 3354 3820 ejus
3385 3751 3737 3824 gloriosissi-

2094 3851 2200 3889 ma:
2233 3833 2504 3902 civitatis,
2537 3833 2639 3889 sed
2670 3834 2839 3890 etiam
2869 3833 3112 3898 zizania,
3145 3850 3276 3904 quae
3311 3834 3380 3888 de
3411 3849 3586 3904 regno
3618 3834 3747 3903 ejus

2094 3915 2243 3986 quod
2297 3918 2385 3969 est
2430 3913 2705 3982 Ecclesia,
2759 3915 2816 3968 in
2870 3914 2985 3968 ﬁne
3014 3912 3206 3968 saeculi
3240 3913 3566 3984 colligenda
3587 3918 3744 3967 sunt.

2093 3997 2161 4050 Et
2193 3994 2291 4065 qui
2323 3999 2462 4049 sunt
2491 3994 2590 4065 qui
2623 4011 2736 4050 non
2760 3995 3002 4049 adorant
3033 3993 3274 4049 bestiam
3298 4010 3400 4048 nec
3431 3992 3748 4063 imaginem

2093 4076 2244 4144 ejus,
2279 4075 2392 4129 nisi
2421 4077 2520 4145 qui
2569 4075 2784 4130 faciunt
2829 4073 2983 4143 quod
3031 4073 3110 4127 ait
3156 4073 3489 4142 Apostolus,
3523 4073 3596 4127 Ne
3623 4073 3750 4126 sitis

2085 4157 2290 4227 jugum
2319 4155 2577 4210 ducentes
2607 4171 2732 4209 cum
2756 4154 3066 4223 inﬁdelibus
3098 4153 3168 4222 (ΙΙ
3204 4153 3324 4208 Cor.
3357 4170 3434 4219 νι,
3470 4153 3595 4223 14)?
3623 4152 3750 4206 Non

2098 4238 2343 4292 adorant
2373 4236 2554 4298 enim,
2605 4236 2661 4290 id
2693 4241 2802 4301 est;
2853 4252 2966 4290 non
2995 4235 3391 4298 consentiunt,
3420 4251 3533 4289 non
3568 4233 3752 4302 subji-

2097 4319 2367 4372 ciuntur:
2430 4333 2615 4386 neque
2674 4316 2968 4386 accipiunt
3026 4315 3487 4386 inscriptionem,
3553 4319 3755 4370 notam

2098 4397 2322 4450 scilicet
2353 4395 2641 4463 criminis,
2674 4394 2732 4449 in
2767 4395 2970 4463 fronte,
3008 4398 3238 4464 propter
3289 4394 3751 4465 professionem;

2097 4475 2153 4530 in
2191 4492 2391 4541 manu,
2425 4482 2655 4545 prOpter
2686 4473 3103 4544 operationem.
3135 4474 3219 4528 Ab
3253 4472 3347 4527 his
3381 4473 3555 4545 igitur
3587 4472 3754 4528 malis

2101 4556 2295 4623 alieni,
2348 4557 2464 4612 sive
2513 4557 2704 4611 adhuc
2757 4555 2815 4610 in
2858 4556 2971 4610 ista
3002 4555 3230 4610 mortali
3273 4571 3444 4610 carne
3477 4557 3752 4624 viventes,

2099 4639 2222 4693 sive
2253 4636 2530 4703 defuncti,
2564 4641 2804 4705 regnant
2827 4653 2959 4691 cum
2992 4635 3222 4690 Christo
3250 4637 3374 4704 jam
3408 4651 3583 4699 nunc,
3619 4651 3757 4705 quo-

2101 4721 2233 4774 dam
2283 4719 2454 4774 modo
2501 4717 2638 4772 huic
2690 4716 2940 4788 tempori
2984 4731 3262 4785 congruo,
3298 4731 3399 4784 per
3429 4720 3612 4770 totum
3646 4713 3756 4768 hoc

2098 4799 2494 4865 intervallum,
2519 4797 2670 4868 quod
2706 4811 2946 4851 numero
2981 4793 3140 4849 mille
3181 4793 3543 4864 signiﬁcatur
3573 4809 3756 4847 anno-

2102 4895 2255 4934 rum.

2172 4960 2222 5015 4.
2262 4959 2473 5028 Reliqui
2491 4972 2703 5022 eorum,
2740 4955 2950 5024 inquit,
2974 4970 3083 5009 non
3114 4956 3400 5008 vixerunt.
3435 4951 3583 5007 Hora
3612 4952 3760 5008 enim

340 5037 492 5108 quit,
525 5037 590 5092 de
612 5037 699 5091 his
727 5039 825 5108 qui
851 5039 988 5106 foris
1011 5037 1419 5108 suntjudicare
1439 5042 1463 5089 .9
1491 5055 1672 5094 nonne
1701 5040 1767 5095 de
1794 5041 1879 5094 his
1904 5039 2002 5112 qui
2103 5055 2258 5094 nunc
2288 5044 2396 5104 est,
2431 5051 2565 5090 cum
2600 5036 2807 5090 mortui
2839 5033 3117 5088 audient2
3152 5048 3348 5090 vocem
3372 5031 3497 5086 Filii
3531 5031 3629 5086 Dei
3655 5051 3668 5100 ;
3702 5037 3761 5086 et

339 5118 494 5173 intus
523 5127 652 5174 sunt
685 5135 773 5174 vos
794 5118 1059 5189 judicatis
1083 5119 1127 5189 (l
1163 5118 1282 5174 Cor.
1318 5135 1372 5188 ν,
1409 5120 1540 5192 t2)?
1572 5121 1633 5176 Et
1663 5124 1888 5189 animm,
1916 5123 2001 5176 in-

341 5199 491 5268 quit,
536 5201 839 5255 occisorum
871 5206 1095 5270 prapter
1127 5203 1501 5256 testimonium
1529 5202 1674 5270 Iesu,
1698 5208 1749 5258 et
1777 5213 2002 5275 propter

414 5431 430 5464 ί
479 5431 671 5479 Omnes
717 5431 860 5485 Mss,
905 5429 962 5480 id
1007 5439 1080 5479 est
1110 5447 1277 5494 super
1321 5446 1406 5479 eos
1454 5432 1552 5495 qui
1596 5433 1823 5484 solvunt
1863 5436 2007 5498 quod

352 5493 559 5541 docent.

420 5555 440 5587 2
474 5556 620 5614 Mss,
659 5555 755 5603 ille
784 5571 1047 5617 magnus.

422 5619 444 5650 ³
472 5619 656 5682 Plures
697 5619 1077 5682 manuscripti,
1107 5619 1496 5682 pugnantibus
1546 5621 1723 5682 vitiis.
1764 5623 1842 5674 Ex
1889 5639 2008 5676 m0x

353 5680 514 5730 iidem
543 5681 740 5744 aliique
768 5694 968 5740 omnes,
998 5681 1302 5744 aliquando
1332 5682 1670 5738 cadentibus.

2174 5366 2188 5400 1
2219 5363 2373 5416 Editi,
2406 5377 2517 5408 non
2547 5361 2729 5408 solum
2762 5359 2938 5408 averti
2977 5357 3218 5409 inimici.
3249 5359 3463 5408 Codices
3478 5357 3623 5411 Mss.
3654 5371 3762 5406 non

2111 5428 2292 5475 solum
2323 5433 2508 5484 aperte
2553 5423 2795 5471 inimici.

2176 5489 2197 5522 ‘3
2227 5488 2378 5536 Vind.
2409 5489 2524 5536 Am.
2557 5489 2608 5534 et
2637 5487 2780 5543 Mss,
2812 5485 3078 5534 audiunt.

2172 5553 2249 5610 (α)
2305 5550 2363 5597 Id
2417 5552 2514 5603 est.
2574 5549 2663 5598 sed
2717 5549 2890 5610 figura
2952 5561 3059 5610 qua
3115 5561 3149 5596 a
3203 5549 3353 5610 parte
3405 5548 3578 5596 totum
3634 5545 3766 5596 acci-

2117 5614 2280 5677 pitur.
