4110 6196
408 285 524 344 675

409 415 512 486 qui
545 412 855 479 audierint,
906 408 1137 463 vivent:
1193 405 1399 476 reliqui
1433 421 1573 486 vero
1607 422 1807 461 eorum
1841 423 1954 462 non
1985 406 2067 461 vi-

407 485 543 550 vent
573 494 750 565 (Joan.
785 506 841 555 v,
869 489 982 559 25).
1015 487 1177 549 Quod
1211 502 1340 541 vero
1372 485 1652 550 subdidit,
1677 486 1840 541 donec
1869 487 2071 556 ﬁnian-

412 581 504 629 tur
536 572 694 628 mille
721 569 899 630 anni;
931 565 1376 636 intelligendum
1409 569 1513 632 est,
1551 567 1702 637 quod
1730 583 1794 622 eo
1813 571 2070 637 tempore

411 671 526 710 non
559 653 844 717 vixerunt,
887 664 1000 720 quo
1030 645 1220 703 vivere
1271 645 1617 714 debuerunt,
1652 648 1721 701 ad
1754 646 1929 701 vitam
1965 647 2071 701 sei-

408 733 544 788 licet
575 732 643 786 de
676 734 860 785 morte
893 728 1268 784 transeundo.
1312 727 1381 781 Et
1421 727 1548 783 ideo
1581 743 1713 781 cum
1749 727 1872 782 dies
1902 743 2071 782 vene-

409 816 506 882 rit,
540 829 653 886 quo
687 813 784 866 Fiat
815 815 870 866 et
901 826 1208 882 corporum
1243 809 1617 875 resurrectio,
1644 826 1754 864 non
1789 809 1859 864 ad
1892 809 2068 864 vitam

412 895 482 950 de
540 892 940 948 monumentis
997 891 1325 960 procedant,
1386 891 1488 945 sed
1542 891 1612 944 ad
1638 889 2066 960 judicium;ad

414 975 851 1032 damnationem
903 972 1144 1041 scilicet,
1178 989 1300 1043 quas
1350 971 1611 1028 secunda
1641 988 1798 1026 mors
1831 969 2063 1027 dicitur.

411 1061 606 1114 Donec
652 1057 807 1113 enim
857 1055 1137 1110 finiantur
1184 1053 1346 1109 mille
1375 1054 1534 1122 anni,
1569 1053 1928 1124 quicumque
1952 1068 2065 1106 non

414 1138 635 1206 vixerit,
664 1138 720 1192 id
754 1140 861 1206 est,
906 1136 1018 1190 isto
1050 1139 1173 1190 toto
1206 1138 1462 1205 tempore
1496 1149 1610 1204 quo
1660 1134 1851 1204 agitur
1881 1131 2068 1204 prima

413 1217 787 1286 resurrectio,
820 1232 934 1271 non
967 1213 1216 1269 audierit
1238 1229 1435 1269 vocem
1487 1212 1615 1268 Filii
1651 1212 1766 1282 Dei,
1802 1220 1854 1268 et
1886 1213 1955 1267 ad
1989 1211 2072 1266 vi-

413 1306 531 1355 tam
576 1300 646 1353 de
679 1300 862 1352 morte
911 1293 1242 1362 transierit;
1295 1294 1548 1365 profecto
1579 1291 1641 1348 in
1690 1292 1948 1347 secunda
1979 1307 2066 1347 re-

412 1379 797 1442 surrectione,
831 1393 956 1448 quae
989 1374 1181 1430 carnis
1211 1379 1319 1438 est,
1369 1372 1426 1427 in
1459 1377 1706 1428 mortem
1750 1373 2064 1427 secundam

418 1477 548 1516 cum
581 1459 707 1530 ipsa
738 1473 910 1513 carne
939 1454 1235 1510 transibit.
1283 1453 1558 1523 Sequitur
1607 1453 1786 1520 enim,
1818 1457 1874 1509 et
1904 1451 2063 1520 dicit,

414 1542 542 1597 Haec
571 1541 896 1595 resurrectio
918 1538 1103 1608 prima
1134 1541 1234 1589 est.
1269 1537 1470 1589 Beatus
1508 1540 1565 1589 et
1593 1541 1812 1588 sanctus
1843 1535 1937 1605 qui
1967 1533 2066 1588 ha-

420 1622 502 1677 bet
535 1622 590 1674 in
624 1619 724 1674 hac
751 1622 926 1690 prima
949 1617 1347 1672 resurrectione
1372 1624 1587 1686 partem
1608 1615 1788 1685 (Apoc.
1823 1632 1916 1679 xx,
1948 1615 2063 1684 56),

414 1701 472 1756 id
504 1705 612 1768 est,
647 1698 932 1770 particeps
964 1698 1091 1766 ejus
1122 1700 1225 1750 est.
1262 1697 1391 1766 Ipse
1421 1699 1508 1750 est
1550 1699 1742 1749 autem
1773 1694 2064 1766 particeps

412 1782 560 1852 ejus,
595 1779 695 1850 qui
725 1795 840 1834 non
872 1774 1064 1832 solum
1098 1792 1130 1830 a
1160 1781 1368 1840 morte,
1421 1791 1551 1846 quas
1577 1775 1636 1829 in
1671 1774 1917 1844 peccatis
1949 1779 2062 1844 est,

410 1860 720 1928 reviviscit,
757 1874 951 1914 verum
987 1857 1154 1912 etiam
1188 1857 1244 1911 in
1268 1872 1332 1910 eo
1363 1856 1516 1927 quod
1541 1855 2065 1928 revixerit,perma-

411 1942 588 1998 nebit.
621 1942 686 1995 1n
737 1941 876 2006 istis,
925 1938 1139 2009 inquit,
1171 1938 1407 1993 secunda
1456 1953 1601 1993 mors
1630 1953 1739 1992 non
1768 1937 1931 1993 habet
1962 1954 2061 2006 po-

412 2027 686 2077 testatem.
735 2021 911 2073 Habet
956 2033 1092 2089 ergo
1142 2018 1198 2071 in
1252 2017 1516 2088 reliquis,
1549 2019 1618 2072 de
1651 2017 1862 2089 quibus
1893 2034 2063 2090 supe-

411 2102 534 2157 rius
565 2100 666 2167 ait,
686 2099 903 2170 Reliqui
931 2114 1121 2153 eorum
1149 2113 1258 2153 non
1289 2099 1567 2161 vixerunt,
1593 2099 1762 2154 donec
1793 2097 2066 2167 ﬁniantur

412 2181 568 2235 mille
597 2181 772 2234 anni:
803 2177 1083 2250 quoniam
1125 2177 1235 2232 isto
1266 2182 1385 2233 toto
1429 2178 1709 2248 temporis
1738 2177 2066 2235 intervallo-

414 2261 566 2333 quod
621 2259 779 2314 mille
840 2275 1026 2315 annos
1083 2263 1270 2327 vocat,
1321 2263 1865 2330 quantumcumque
1911 2260 1969 2315 in
1997 2277 2062 2315 eo

413 2340 664 2413 quisque
692 2355 893 2395 eorum
928 2337 1068 2394 vixit
1098 2339 1157 2394 in
1185 2355 1442 2410 corpore,
1474 2355 1588 2395 non
1623 2340 1824 2394 revixit
1853 2357 1887 2395 a
1916 2356 2066 2396 mor-

413 2427 492 2491 te,
526 2422 581 2475 in
615 2437 731 2493 qua
760 2437 894 2476 eum
928 2420 1165 2476 tenebat
1195 2419 1482 2492 impietas,
1516 2425 1580 2476 ut
1609 2422 1693 2476 sic
1727 2421 2064 2478 reviviscen-

411 2503 483 2558 do
518 2501 718 2572 primae
751 2499 1192 2556 resurrectionis
1234 2501 1525 2573 particeps
1574 2502 1754 2570 fieret,
1797 2507 1972 2574 atque
2000 2502 2059 2559 iu

411 2597 478 2638 eo
505 2586 847 2654 potestatem
882 2581 1140 2638 secunda
1171 2597 1324 2637 more
1355 2598 1471 2637 non
1504 2581 1762 2640 haberet.

408 2745 640 2804 CAPUT
667 2743 733 2801 X.
765 2777 834 2786 -ο
866 2744 1005 2814 Quid
1033 2743 1465 2818 respondendum
1493 2747 1565 2801 sit
1593 2747 1691 2812 eis,
1733 2744 1830 2818 qui
1853 2751 2060 2818 putant

478 2827 936 2883 resurrectionem
967 2827 1043 2884 ad
1061 2829 1182 2884 sola
1211 2843 1465 2900 corpora,
1497 2843 1606 2884 non
1635 2829 1802 2884 etiam
1829 2827 1902 2884 ad
1937 2829 2061 2884 ani-

475 2923 593 2963 mas
625 2909 923 2978 pertinere.

476 3041 627 3096 Sunt
659 3039 758 3113 qui
793 3045 998 3110 putant
1047 3039 1532 3096 resurrectionem
1582 3039 1696 3096 dici
1738 3057 1853 3096 non
1895 3057 2060 3111 posse

408 3121 522 3177 nisi
547 3136 852 3194 corporum
882 3138 895 3178 :
929 3123 1176 3193 ideoque
1206 3121 1375 3175 istam
1419 3137 1647 3194 quoque
1695 3122 1753 3176 in
1804 3123 2061 3194 corpori-

411 3203 521 3258 bus
570 3205 815 3273 primam
872 3203 1132 3258 futuram
1192 3217 1318 3256 esse
1367 3201 1748 3258 contendunt.
1805 3205 2058 3268 Quorum

408 3283 564 3339 enim
596 3287 704 3350 est,
742 3283 1038 3355 inquiunt,
1071 3283 1292 3350 cadere,
1343 3298 1546 3338 eorum
1590 3286 1675 3338 est
1715 3299 2055 3355 resurgere:

408 3364 628 3419 cadunt
657 3369 850 3419 autem
883 3380 1124 3436 corpora
1151 3363 1490 3419 moriendo:
1534 3380 1666 3419 nam
1699 3372 1752 3420 et
1784 3381 1818 3419 a
1847 3367 2058 3421 caden-

407 3444 479 3500 do
511 3445 792 3501 cadavera
822 3451 1237 3517 nuncupantur
1259 3445 1355 3516 (a).
1389 3443 1512 3500 Non
1536 3460 1672 3517 ergo
1705 3446 2059 3513 animarum,

404 3524 703 3597 Inquiunt,
760 3525 1101 3580 resurrectio
1155 3527 1343 3596 potest
1401 3540 1545 3590 esse,
1593 3525 1692 3580 sed
1727 3541 2054 3596 corporum.

405 3604 515 3660 Sed
550 3605 689 3677 quid
723 3610 925 3660 contra
954 3605 1298 3676 Apostolum
1332 3603 1557 3672 dicunt,
1587 3605 1685 3676 qui
1719 3621 1842 3660 eam
1880 3622 2061 3660 resur-

404 3688 720 3743 rectionem
759 3686 1064 3759 appellat?
1112 3685 1254 3742 Nam
1321 3687 1647 3741 secundum
1701 3686 2054 3754 interiorem,

404 3784 518 3822 non
551 3769 867 3823 secundum
901 3767 1242 3824 exteriorem
1283 3765 1579 3820 hominem
1633 3765 1834 3838 utique
1865 3784 2056 3823 resur-

403 3852 690 3916 rexerant,
725 3848 939 3918 quibus
970 3847 1069 3915 ait,
1105 3847 1164 3901 Si
1208 3845 1600 3901 resurrexistis
1645 3862 1768 3902 cum
1817 3847 2052 3916 Christo,

402 3939 528 3994 qua?
555 3941 774 3981 sursum
804 3932 933 3980 sunt
978 3929 1152 3996 sapite
1191 3924 1416 3996 (Coloss.
1453 3940 1536 3992 III,
1586 3924 1661 3996 1).
1712 3927 1894 3990 Quem
1922 3942 2055 3981 sen-

402 4020 531 4060 sum
578 4006 764 4062 verbis
809 4005 938 4060 aliis
988 4004 1125 4059 alibi
1175 4004 1385 4075 posuit,
1431 4004 1651 4070 dicens,
1688 4006 1754 4062 Ut
1785 4006 2050 4076 quemad-

399 4089 623 4142 modum
670 4086 914 4141 Christus
962 4103 1001 4142 a
1047 4088 1281 4142 mortuis
1328 4088 1634 4140 resurrexit
1680 4101 1778 4156 per
1819 4086 2057 4156 gloriam

399 4168 605 4233 Patris,
636 4169 716 4222 sic
746 4174 797 4223 et
829 4183 924 4223 nos
955 4166 1016 4221 in
1045 4169 1288 4222 novitate
1331 4169 1465 4223 vitm
1497 4167 1843 4222 ambulemus
1872 4169 2050 4237 (Rom.

399 4264 473 4314 vr,
508 4249 578 4318 4).
609 4248 754 4302 Hinc
785 4253 873 4303 est
903 4253 958 4303 et
989 4247 1150 4313 illud,
1173 4248 1368 4315 Surge,
1402 4249 1497 4318 qui
1524 4249 1748 4310 dormis,
1784 4250 1831 4302 et
1866 4263 2057 4302 exsur-

398 4345 520 4400 gea
551 4332 803 4393 mortuis,
852 4335 903 4383 et
950 4328 1291 4382 illuminabit
1331 4333 1382 4382 te
1434 4329 1691 4384 Christus
1739 4329 1949 4401 (Ephes.
2003 4347 2052 4395 ν,

399 4405 514 4477 14).
547 4407 710 4471 Quod
743 4411 935 4462 autem
970 4408 1196 4476 dicunt,
1233 4423 1346 4462 non
1380 4425 1551 4479 posse
1591 4425 1912 4479 resurgere,
1946 4409 2055 4464 nisi

397 4485 495 4555 qui
527 4485 778 4553 cadunt;
815 4491 871 4540 et
899 4485 1028 4541 ideo
1063 4491 1270 4558 putant
1302 4490 1786 4545 resurrectionem
1827 4490 1898 4545 ad
1933 4506 2059 4546 cor-

398 4581 556 4637 pora,
591 4581 705 4620 non
729 4565 796 4620 ad
831 4566 1057 4622 animas
1083 4567 1390 4638 pertinere,
1423 4569 1563 4640 quia
1613 4586 1920 4640 corporum
1967 4575 2058 4624 est

401 4647 637 4702 cadere:
672 4662 777 4702 cur
805 4663 920 4702 non
956 4647 1226 4716 audiunt,
1257 4653 1379 4706 Non
1430 4651 1705 4704 recedatis
1736 4649 1810 4704 ab
1841 4650 1958 4718 illo,
1989 4665 2057 4705 ne

397 4729 614 4786 cadatis
643 4729 830 4798 (Eccli.
864 4745 927 4798 ιι,
956 4730 1053 4797 7);
1103 4734 1180 4796 et,
1211 4731 1320 4785 Suo
1368 4729 1586 4785 domino
1627 4735 1741 4784 stat
1768 4735 1866 4783 aut
1909 4729 2057 4784 cadit

400 4811 577 4882 (Rom.
609 4827 722 4880 xxv,
753 4811 806 4882 4)
832 4827 846 4878 ;
883 4813 957 4879 et,
992 4811 1098 4880 Qui
1133 4818 1297 4883 putat
1324 4825 1382 4866 se
1432 4815 1599 4878 stare,
1629 4809 1837 4865 videat‘
1869 4826 1940 4865 ne
1969 4828 2057 4866 ca-

397 4890 490 4946 dat
521 4893 566 4964 (l
602 4891 724 4949 Cor.
756 4909 813 4958 x,
849 4893 936 4962 12)
960 4891 986 4945 ?
1015 4892 1158 4946 Puto
1207 4891 1364 4948 enim
1399 4890 1551 4962 quod
1599 4889 1656 4944 in
1690 4890 1904 4958 anima,
1940 4907 2054 4946 non

395 4971 456 5026 in
490 4988 728 5044 corpore
759 4989 931 5028 casus
963 4973 1068 5029 iste
1100 4974 1391 5030 cavendus
1412 4975 1520 5030 est.
1555 4971 1613 5028 Si
1645 4971 1820 5044 igitur
1850 4973 2054 5028 caden-

395 5053 549 5109 tium
582 5062 666 5109 est
696 5054 1066 5121 resurrectio,
1100 5055 1313 5109 cadunt
1334 5058 1527 5110 autem
1559 5058 1614 5110 et
1645 5053 1892 5122 animae;
1928 5071 2058 5124 pro-

395 5135 544 5190 fecto
575 5139 631 5189 et
678 5135 907 5190 animas
949 5151 1249 5205 resurgere
1296 5135 1700 5190 conﬁtendum
1733 5141 1842 5190 est.
1891 5136 2050 5199 Quod

398 5221 590 5271 autem
623 5232 755 5270 cum
791 5215 1053 5278 dixisset,
1084 5217 1146 5270 In
1178 5214 1300 5270 istis
1317 5216 1556 5271 secunda
1578 5232 1722 5272 mors
1752 5231 1859 5272 non
1890 5215 2054 5270 habet

395 5299 756 5366 potestatem;
785 5296 852 5350 ad
855 5295 1053 5366 junxit
1083 5301 1254 5365 atque
1287 5295 1387 5362 ait,
1423 5296 1528 5350 Sed
1555 5304 1718 5352 erunt
1748 5295 2053 5352 sacerdotes

400 5377 494 5434 Dei
522 5383 574 5432 et
608 5377 825 5443 Christi,
855 5381 911 5431 et
940 5375 1253 5446 regnabant
1282 5391 1405 5430 cum
1430 5393 1491 5432 eo
1520 5378 1676 5432 mille
1705 5379 1904 5433 annis:
1938 5393 2053 5433 non

465 5575 484 5610 1
520 5574 665 5630 Mss,
700 5573 809 5626 Qui
829 5579 996 5634 putat
1025 5586 1080 5621 se
1107 5579 1272 5631 stare,
1306 5580 1492 5623 caveat
1522 5589 1588 5623 ne
1621 5574 1797 5625 cadat.

465 5635 534 5698 (α)
575 5636 690 5686 Vid.
721 5649 877 5688 serm.
907 5635 1020 5699 241,
1049 5649 1106 5688 ιι.
1134 5634 1184 5686 2.

1483 275 1581 335 DE
1626 275 1991 336 CIVITATE
2035 276 2185 349 DEI,
2234 277 2299 335 S.
2346 274 2766 338 AUGUSTINI

3707 280 3835 338 6'76

2177 407 2376 479 utique
2407 408 2477 462 de
2510 406 2652 463 solis
2681 405 2967 477 episcOpis
2997 410 3054 462 ct
3083 407 3438 478 presbyteris
3468 407 3696 464 dictum
3717 414 3828 479 est,

2177 489 2275 562 qui
2309 489 2536 560 proprie
2567 489 2693 558 jam
2725 493 3006 544 vocantur
3050 489 3108 544 in
3151 489 3402 544 Ecclesia
3450 491 3829 547 sacerdotes:

2177 570 2276 624 sed
2310 571 2461 625 sicut
2491 585 2690 625 omnes
2732 568 3091 624 Christianos
3131 570 3383 624 dicimus
3415 580 3649 642 propter
3681 588 3838 643 mys-

2175 651 2354 706 ticum
2407 649 2689 718 chrisma,
2737 651 2820 705 sic
2883 666 3088 706 omnes
3148 651 3502 720 sacerdotes,
3553 652 3836 722 quoniam

2176 731 2440 787 membra
2471 735 2610 786 sunt
2642 731 2813 785 unius
2843 731 3183 787 sacerdotis.
3237 731 3319 786 De
3361 733 3576 802 quibus
3610 739 3841 804 aposto—

2173 811 2267 868 lus
2299 816 2526 874 Petrus,
2556 810 2734 881 Plebs,
2765 810 2978 882 inquit,
3001 817 3222 880 sancta,
3255 812 3441 881 regale
3459 814 3840 868 sacerdotium

2174 893 2219 960 (Ι
2247 893 2394 946 Petr.
2427 908 2491 958 ιι,
2521 891 2593 961 9).
2625 895 2798 959 Sane,
2831 892 2968 947 licet
3013 891 3267 946 breviter
3314 897 3484 962 atque
3525 901 3832 949 transeun-

2172 977 2278 1039 ter,
2317 971 2636 1027 insinuavit
2665 971 2849 1026 Deum
2881 987 3009 1027 esse
3056 971 3351 1027 Christum
3394 972 3494 1043 (a),
3557 974 3835 1042 dicendo,

2174 1052 2484 1109 Sacerdotes
2531 1054 2626 1107 Dei
2667 1058 2719 1109 et
2767 1051 2995 1121 Christi,
3045 1051 3155 1108 hoc
3198 1057 3305 1121 est,
3337 1054 3525 1108 Patris
3571 1060 3628 1110 et
3661 1054 3832 1122 Filii;

2173 1132 2437 1204 quamvis
2470 1137 2701 1204 propter
2731 1132 2979 1188 formam
3003 1131 3172 1200 servi,
3203 1134 3356 1188 sicut
3386 1133 3546 1190 illius
3569 1132 3836 1189 hominis

2173 1213 2254 1269 ita
2283 1213 2452 1269 etiam
2485 1215 2752 1269 sacerdos
2783 1212 3046 1268 Christus
3068 1213 3305 1270 ell'ectus
3336 1213 3411 1268 sit
3439 1213 3498 1268 in
3525 1221 3832 1283 aeternum,

2173 1295 2495 1350 secundum
2544 1292 2806 1349 ordinem
2858 1293 3282 1350 Melchisedech
3342 1295 3514 1365 (Psal.
3587 1311 3699 1363 cxx,
3753 1295 3832 1369 4).

2172 1374 2251 1431 De
2282 1391 2398 1446 qua
2429 1390 2487 1431 re
2518 1374 2574 1430 in
2605 1374 2710 1430 hoc
2741 1390 2914 1444 opere
2945 1390 3061 1430 non
3093 1374 3271 1430 semel
3305 1374 3580 1430 diximus.

2171 1517 2404 1573 CAPUT
2433 1517 2523 1573 ΧῙ.
2556 1549 2623 1558 -
2658 1522 2734 1573 De
2764 1515 2872 1590 Gog
2908 1523 2958 1572 et
2990 1517 3197 1590 Magog,
3244 1535 3373 1590 quos
3404 1519 3473 1574 ad
3499 1535 3831 1592 persequen-

2241 1598 2367 1653 dam
2397 1599 2693 1654 Ecclesiam
2725 1599 2837 1664 Dei,
2868 1599 3078 1654 solutus
3103 1615 3270 1671 prape
3298 1601 3464 1671 ﬁnem
3489 1601 3685 1658 saeculi
3711 1602 3830 1658 dia-

2245 1681 2396 1736 bolus
2424 1680 2704 1736 incitabit.

2245 1808 2309 1862 Et
2340 1823 2464 1862 cum
2493 1805 2644 1871 ﬁniti
2688 1807 2923 1876 fuerint,
2959 1806 3170 1878 inquit,
3224 1807 3378 1864 mille
3406 1809 3564 1875 anni,
3595 1809 3836 1866 solvetur

2169 1896 2397 1945 satanas
2427 1889 2498 1942 de
2528 1888 2776 1943 custodia
2823 1904 2945 1955 sua,
2987 1893 3036 1943 et
3067 1888 3244 1943 exibit
3281 1889 3354 1944 ad
3381 1889 3718 1945 seducendas
3741 1909 3834 1946 na-

2173 1973 2370 2039 tiones,
2415 1984 2542 2039 quee
2587 1975 2718 2023 sunt
2762 1967 2819 2023 in
2871 1974 3106 2040 quatuor
3145 1971 3369 2038 angulis
3409 1976 3586 2040 terrae,
3643 1972 3750 2041 Coa
3779 1981 3832 2028 et

2170 2051 2372 2122 Magog,
2405 2057 2458 2105 et
2491 2051 2672 2105 trahet
2701 2065 2788 2106 eos
2819 2051 2879 2104 in
2921 2049 3148 2119 bellum,
3183 2067 3413 2123 quorum
3459 2067 3723 2109 numerus
3750 2063 3833 2109 est

2169 2135 2233 2186 ut
2260 2147 2427 2187 arena
2459 2133 2650 2187 maris.
2681 2131 2766 2184 Ad
2801 2130 2911 2186 hoc
2941 2145 3076 2202 ergo
3100 2136 3240 2187 tunc
3261 2132 3520 2198 seducet,
3547 2135 3685 2188 utin
3721 2135 3826 2190 hoc

2169 2209 2388 2267 bellum
2421 2210 2636 2267 trahat.
2689 2210 2831 2266 Nam
2881 2214 2938 2266 et
2987 2219 3155 2267 antea
3200 2212 3388 2267 modis
3418 2212 3632 2283 quibus
3670 2219 3827 2284 pote-

2170 2298 2279 2360 rat,
2315 2308 2418 2363 per
2447 2290 2604 2346 mala
2626 2290 2809 2346 multa
2838 2295 2896 2346 et
2924 2291 3082 2346 varia
3123 2293 3454 2347 seducebat.
3503 2291 3696 2348 Exibit
3721 2310 3822 2349 au-

2170 2379 2288 2430 tem
2319 2374 2536 2428 dictum
2569 2375 2677 2438 est,
2709 2371 2770 2425 in
2802 2377 3061 2442 apertam
3088 2371 3549 2444 persecutionem
3584 2375 3654 2428 de
3683 2373 3822 2429 late-

2169 2454 2292 2510 bris
2324 2457 2588 2524 erumpet
2637 2451 2924 2508 odiorum.
2974 2451 3105 2508 Ha-c
3152 2453 3306 2507 enim
3359 2453 3468 2508 erit
3499 2454 3820 2510 novissima

2171 2533 2514 2606 persecutio,
2585 2533 2901 2587 novissimo
2962 2533 3304 2588 imminente
3343 2533 3593 2602 judicio,
3644 2551 3817 2606 quam

2169 2619 2373 2670 sancta
2419 2612 2675 2669 Ecclesia
2717 2617 2835 2669 toto
2885 2617 3167 2668 terrarum
3212 2613 3352 2669 orbe
3382 2616 3658 2685 patietur,
3691 2614 3817 2670 uni-

2167 2710 2333 2752 versa
2373 2694 2592 2751 scilicet
2615 2694 2819 2750 civitas
2849 2694 3064 2749 Christi
3094 2693 3165 2750 ab
3193 2695 3465 2751 universa
3493 2695 3710 2752 diaboli
3744 2697 3813 2751 ci-

2167 2775 2362 2845 vitate,
2413 2779 2886 2846 quantacumque
2933 2775 3040 2829 erit
3088 2779 3334 2845 utraque
3373 2790 3546 2846 super
3575 2783 3811 2832 terram.

2166 2859 2376 2912 Gentes
2433 2855 2650 2927 quippe
2697 2855 2835 2924 istae,
2887 2869 3032 2925 quas
3079 2855 3330 2926 appellat
3349 2854 3468 2927 Gog
3496 2859 3549 2911 et
3583 2858 3815 2927 Magog,

2169 2953 2282 2993 non
2336 2936 2420 2991 sic
2463 2941 2601 2991 sunt
2647 2935 3014 3007 accipiendae,
3050 2940 3330 3008 tanquam
3381 2935 3488 2991 sint
3532 2936 3716 3007 aliqui
3750 2938 3812 2992 in

2167 3019 2362 3091 aliqua
2392 3021 2552 3088 parte
2583 3021 2867 3073 terrarum
2899 3016 3127 3072 barbari
3162 3016 3482 3086 constituti,
3515 3017 3633 3072 sive
3663 3033 3815 3088 quos

2167 3100 2403 3171 quidam
2455 3097 2826 3168 suspicantur
2877 3097 3049 3152 Getas
3079 3103 3137 3153 et
3166 3103 3541 3169 Massagetas,
3576 3104 3816 3170 propter

2165 3179 2384 3235 litteras
2416 3179 2623 3233 horum
2661 3178 2966 3233 nominum
2999 3177 3238 3248 primas,
3271 3179 3390 3234 sive
3420 3177 3648 3248 aliquos
3671 3177 3814 3234 alios

2165 3261 2536 3332 alienigenas,
2589 3261 2646 3314 et
2703 3276 2736 3314 a
2781 3262 3045 3315 Romano
3092 3260 3227 3328 jure
3292 3258 3614 3328 sejunctas.
3671 3260 3813 3315 Toto

2168 3355 2418 3412 namque
2463 3339 2601 3395 orbe
2636 3346 2924 3394 terrarum
2976 3338 3282 3410 significati
3332 3343 3473 3394 sunt
3517 3338 3614 3394 isti
3665 3355 3811 3404 esse,

2164 3438 2297 3478 cum
2332 3420 2552 3476 dictum
2585 3423 2692 3488 est,
2743 3420 2996 3475 Nationes
3045 3433 3168 3489 quae
3195 3426 3325 3474 sunt
3357 3421 3415 3474 in
3449 3425 3685 3491 quatuor
3711 3435 3811 3472 an-

2161 3501 2308 3572 gulis
2357 3511 2558 3558 terrw:
2607 3516 2817 3570 easque
2865 3499 3115 3568 subjecit
3163 3515 3288 3555 esse
3331 3503 3443 3570 Gog
3501 3506 3553 3555 et
3599 3499 3810 3568 llIagog.

2165 3584 2420 3648 Quorum
2454 3579 2988 3652 interpretationem
3022 3579 3328 3634 nominum
3369 3595 3493 3635 esse
3525 3578 3813 3649 comperi—

2166 3679 2300 3718 mus
2331 3662 2452 3732 Gog
2483 3666 2717 3726 tectam,
2751 3659 2956 3731 Magog
2977 3659 3045 3714 de
3070 3663 3218 3714 tecto
3240 3659 3316 3731 (b)
3345 3675 3358 3714 :
3390 3667 3671 3730 tanquam
3721 3659 3817 3714 do~

2167 3757 2318 3808 mus,
2351 3746 2410 3796 et
2437 3741 2564 3812 ipse
2593 3741 2691 3810 qui
2742 3739 3001 3811 procedit
3037 3740 3108 3794 de
3155 3738 3348 3796 domo.
3400 3740 3610 3794 Gentes
3646 3739 3817 3810 igitur

2166 3827 2322 3881 sunt.
2357 3823 2414 3876 in
2440 3821 2652 3891 quibus
2682 3819 2980 3875 diabolum
3023 3819 3180 3875 velut
3209 3820 3266 3875 in
3299 3820 3508 3891 abysso
3540 3821 3813 3892 superius

2164 3902 2637 3975 intelligebamus
2670 3901 2962 3958 inclusum
2990 3919 3004 3970 ;
3037 3909 3089 3956 et
3121 3901 3242 3974 ipse
3271 3901 3342 3956 de
3380 3901 3498 3956 illis
3527 3901 3812 3971 quodam-

2226 4069 2306 4131 (α)
2332 4067 2600 4116 Christum
2637 4064 2822 4131 itaque
2867 4064 3184 4131 Deumuesse
3218 4061 3609 4131 profitebantur
3633 4065 3814 4131 aperte

2161 4126 2444 4194 martyres.
2477 4129 2689 4194 quando
2714 4126 2837 4194 diis
2887 4126 3185 4194 sacrificare
3229 4127 3384 4194 iussi,
3423 4127 3817 4194 mqundebaut

2163 4210 2219 4246 se
2251 4188 2346 4244 uni
2377 4188 2562 4242 Deo—et
2607 4191 2813 4240 Christo
2859 4190 3173 4239 sacrificare.
3227 4188 3312 4237 Sic
3356 4189 3513 4237 beata
3553 4188 3814 4250 Crispina,

2161 4272 2298 4320 quae
2343 4269 2500 4318 passa
2552 4253 2996 4320 estuDiocle‘tiano
3049 4252 3340 4320 secundum
3385 4254 3448 4320 et_
3493 4252 3814 4320 Maximiano

2162 4314 2398 4380 Augusto
2446 4317 2770 4373 consulibus,
2809 4315 2893 4363 die
2945 4328 3205 4380 nonarum
3254 4314 3628 4380 decembrium.
3674 4314 3813 4380 apud

2163 4376 2422 4432 coloniam
2453 4379 2843 4436 Thebestinam,
2887 4379 2984 4426 sub
3030 4377 3260 4425 Anulino
3289 4376 3620 4438 proconsule.
3659 4376 3817 4424 sicuti

2161 4446 2338 4495 ierunt
2382 4442 2644 4504 passionis
2689 4441 2835 4490 illius
2881 4442 3014 4504 Acta
3058 4440 3114 4488 in
3153 4440 3401 4488 Veterum
3430 4440 3816 4504 (Analectorum

2163 4511 2306 4557 tomo
2337 4502 2490 4553 tertio
2519 4505 2742 4564 vulgata
2773 4517 2785 4551 :
2822 4521 2847 4547 «
2880 4503 3164 4564 Nunquam
3194 4515 3306 4562 ego,
3356 4520 3399 4564 »ί
3426 4502 3622 4563 inquit,
3675 4520 3702 4544 ι
3733 4514 3816 4549 sa-

2166 4587 2187 4616 ε
2225 4568 2478 4624 critieavi,
2510 4581 2607 4615 nec
2626 4563 2875 4614 sacrifico
2903 4566 3008 4613 nisi
3020 4563 3132 4614 iuni
3173 4565 3275 4612 Deo
3305 4565 3357 4611 et
3384 4563 3606 4612 Domino
3636 4567 3818 4612 nostro

2163 4649 2189 4678 ‹‹
2220 4633 2344 4680 Jesu
2372 4630 2581 4678 Christo
2610 4629 2738 4675 Filio
2767 4628 2898 4689 ejus,
2933 4627 3027 4688 qui
3055 4629 3214 4675 natus
3241 4628 3322 4675 est
3356 4629 3410 4674 et
3455 4640 3664 4688 passus.
3698 4642 3720 4671 υ
3754 4626 3814 4673 Et

2161 4693 2505 4744 Mammarius
2533 4693 2758 4754 martyr.
2793 4703 2950 4754 quem
2981 4691 3079 4738 sub
3113 4690 3294 4754 eodem
3337 4690 3567 4754 Anuliuo
3597 4702 3825 4754 procono

2162 4759 2277 4808 sule
2305 4757 2362 4805 in
2391 4756 2606 4806 civitate
2635 4752 2861 4814 Vagensi
2907 4765 3120 4814 passum
3168 4753 3460 4814 imperante
3485 4752 3812 4800 Maximiano

2163 4823 2215 4870 et
2260 4819 2499 4868 Gallieno
2543 4817 2808 4865 testantur
2852 4813 2982 4865 Acta
3027 4815 3084 4864 in
3138 4813 3387 4862 Veterum
3432 4815 3811 4864 Analectorum

2163 4885 2304 4932 tome
2331 4884 2522 4944 quarto
2550 4879 2820 4944 publicata
2846 4890 2859 4925 :
2883 4896 2926 4944 Δσε
2958 4877 3251 4944 Nunquam
3299 4876 3539 4944 sacrifico
3595 4878 3816 4944 daemo-

2161 4965 2188 4989 α
2224 4939 2466 5000 ηἰὶε,ἐθᾱ
2494 4939 2590 4991 uni
2619 4942 2741 4994 Deo.
2775 4941 2944 5002 siste.
2985 4942 3157 5002 Atque
3185 4939 3461 5000 aliquanto
3494 4941 3629 5002 post,
3667 4956 3688 4984 ε
3721 4941 3815 4988 Do-

2161 5027 2188 5054 «
2220 5008 2384 5061 mino,
2417 5025 2438 5054 ι
2471 5006 2566 5063 ait,
2597 5023 2621 5048 «ι
2659 5005 2781 5052 Jesu
2803 5001 3010 5053 Christo
3027 5001 3406 5056 sacrificamus.
3437 5003 3534 5063 qui
3567 5003 3694 5052 fecit
3721 5015 3817 5051 cm-

2165 5087 2186 5117 ‹
2219 5070 2331 5118 lum
2360 5073 2411 5118 et
2441 5072 2654 5123 terram,
2685 5079 2832 5117 mare
2858 5067 2913 5115 et
2939 5067 3120 5116 omnia
3146 5078 3285 5127 quae
3311 5065 3366 5112 in
3388 5065 3464 5113 eis
3495 5067 3625 5113 sunt
3654 5079 3667 5113 :
3693 5065 3814 5113 huic

2161 5152 2188 5177 ι
2223 5133 2326 5180 Deo
2356 5133 2617 5180 credimus
2647 5131 2700 5178 et
2729 5129 3006 5178 servimus.
3046 5147 3071 5172 ai
3120 5127 3264 5175 Hanc
3292 5127 3355 5175 de
3394 5127 3601 5176 Christo
3654 5128 3812 5176 fidem

2160 5191 3088 5276 culmi“?-EPEE“§-}“_.§E?“?!25
3125 5190 3809 5276 ῖὲίθτῗὲἓηδςένδὶφθξηέδδῑ

2161 5259 2302 5319 gani,
2334 5251 2398 5306 ut
2423 5251 2603 5304 videre
2633 5256 2711 5303 est
2758 5268 2934 5327 supra.
2984 5254 3076 5302 lib.
3129 5253 3203 5308 18,
3263 5265 3375 5312 cap.
3430 5251 3509 5305 53.
3560 5255 3614 5301 et
3661 5251 3805 5324 libzl

2159 5323 2223 5369 de
2287 5321 2553 5369 Cnnsensu
2598 5317 3076 5377 Evangehstarum,
3148 5329 3240 5362 nn.
3315 5313 3391 5367 11.
3463 5314 3539 5361 12.
3599 5315 3810 5376 (Ῑγιπιειο

2159 5397 2260 5432 nus
2317 5385 2476 5432 etiam
2536 5381 2692 5442 (quod
2749 5379 2836 5428 hic
2901 5393 3008 5428 non
3082 5377 3527 5442 praetereundum
3564 5377 3807 5442 isilentio)

2159 5460 2181 5493 α
2214 5446 2409 5494 Christi
2439 5447 2490 5492 et
2520 5440 2610 5492 Dei
2638 5442 2875 5504 pontifex
2907 5460 2932 5484 »
2963 5440 3260 5502 appellatur
3284 5453 3315 5487 a
3343 5440 3530 5488 Pontio
3560 5441 3617 5488 in
3647 5440 3810 5501 ipsius

2159 5509 2288 5556 vita.

2225 5572 2297 5632 (ὁ)
2322 5569 2468 5620 Hanc
2486 5567 2977 5630 interpretationem
2997 5564 3254 5631 comperit
3271 5566 3413 5630 apud
3427 5565 3808 5630 Hieronymum

2159 5632 2218 5683 1n
2246 5633 2526 5683 Ezechielis
2552 5645 2666 5700 cup.
2696 5643 2918 5684 xxxvxu.
