  <div class='ocr_page' id='page_1' title='image "/cluster/home/n/w/nwhite01/storage/ocr_20150623/41/hvd.32044096580634/344.png"; bbox 0 0 4110 6196; ppageno 0'>
   <div class='ocr_carea' id='block_1_1' title="bbox 280 293 401 350">
    <p class='ocr_par' dir='ltr' id='par_1_1' title="bbox 280 293 401 350">
     <span class='ocr_line' id='line_1_1' title="bbox 280 293 401 350; baseline -0.008 0"><span class='ocrx_word' id='word_1_1' title='bbox 280 293 401 350; x_wconf 80' lang='grc' dir='ltr'>6Ἶ7</span> 
     </span>
    </p>
   </div>
   <div class='ocr_carea' id='block_1_2' title="bbox 277 418 1927 495">
    <p class='ocr_par' dir='ltr' id='par_1_2' title="bbox 277 418 1927 495">
     <span class='ocr_line' id='line_1_2' title="bbox 277 418 1927 495; baseline -0.005 -12"><span class='ocrx_word' id='word_1_2' title='bbox 277 429 450 483; x_wconf 90' lang='lat' dir='ltr'>modo</span> <span class='ocrx_word' id='word_1_3' title='bbox 481 441 609 482; x_wconf 87' lang='lat' dir='ltr'>sese</span> <span class='ocrx_word' id='word_1_4' title='bbox 636 425 879 482; x_wconf 74' lang='lat' dir='ltr'>efferens</span> <span class='ocrx_word' id='word_1_5' title='bbox 907 427 962 478; x_wconf 88' lang='lat' dir='ltr'>et</span> <span class='ocrx_word' id='word_1_6' title='bbox 1014 421 1369 495; x_wconf 82' lang='lat' dir='ltr'>procedens:</span> <span class='ocrx_word' id='word_1_7' title='bbox 1407 424 1470 476; x_wconf 91' lang='lat' dir='ltr'>ut</span> <span class='ocrx_word' id='word_1_8' title='bbox 1518 418 1628 474; x_wconf 63' lang='lat' dir='ltr'>illis</span> <span class='ocrx_word' id='word_1_9' title='bbox 1659 418 1772 475; x_wconf 88' lang='lat' dir='ltr'>sint</span> <span class='ocrx_word' id='word_1_10' title='bbox 1809 423 1927 475; x_wconf 88' lang='lat' dir='ltr'>tec-</span> 
     </span>
    </p>
   </div>
   <div class='ocr_carea' id='block_1_3' title="bbox 277 499 1926 579">
    <p class='ocr_par' dir='ltr' id='par_1_3' title="bbox 277 499 1926 579">
     <span class='ocr_line' id='line_1_3' title="bbox 277 499 1926 579; baseline -0.006 -17"><span class='ocrx_word' id='word_1_11' title='bbox 277 513 426 576; x_wconf 88' lang='lat' dir='ltr'>tum,</span> <span class='ocrx_word' id='word_1_12' title='bbox 458 507 583 579; x_wconf 87' lang='lat' dir='ltr'>ipse</span> <span class='ocrx_word' id='word_1_13' title='bbox 614 507 682 561; x_wconf 90' lang='lat' dir='ltr'>de</span> <span class='ocrx_word' id='word_1_14' title='bbox 715 508 883 560; x_wconf 89' lang='lat' dir='ltr'>tecto.</span> <span class='ocrx_word' id='word_1_15' title='bbox 914 504 968 558; x_wconf 89' lang='lat' dir='ltr'>Si</span> <span class='ocrx_word' id='word_1_16' title='bbox 1017 507 1210 557; x_wconf 86' lang='lat' dir='ltr'>autem</span> <span class='ocrx_word' id='word_1_17' title='bbox 1244 505 1566 571; x_wconf 86' lang='lat' dir='ltr'>utrumque</span> <span class='ocrx_word' id='word_1_18' title='bbox 1606 499 1926 555; x_wconf 82' lang='lat' dir='ltr'>referamus</span> 
     </span>
    </p>
   </div>
   <div class='ocr_carea' id='block_1_4' title="bbox 273 580 1924 658">
    <p class='ocr_par' dir='ltr' id='par_1_4' title="bbox 273 580 1924 658">
     <span class='ocr_line' id='line_1_4' title="bbox 273 580 1924 658; baseline -0.004 -16"><span class='ocrx_word' id='word_1_19' title='bbox 273 589 344 642; x_wconf 89' lang='lat' dir='ltr'>ad</span> <span class='ocrx_word' id='word_1_20' title='bbox 378 593 600 658; x_wconf 83' lang='lat' dir='ltr'>gentes,</span> <span class='ocrx_word' id='word_1_21' title='bbox 633 603 749 642; x_wconf 90' lang='lat' dir='ltr'>non</span> <span class='ocrx_word' id='word_1_22' title='bbox 795 601 976 641; x_wconf 90' lang='lat' dir='ltr'>unum</span> <span class='ocrx_word' id='word_1_23' title='bbox 1022 583 1232 638; x_wconf 88' lang='lat' dir='ltr'>horum</span> <span class='ocrx_word' id='word_1_24' title='bbox 1282 582 1356 638; x_wconf 87' lang='lat' dir='ltr'>ad</span> <span class='ocrx_word' id='word_1_25' title='bbox 1388 582 1542 646; x_wconf 87' lang='lat' dir='ltr'>illas,</span> <span class='ocrx_word' id='word_1_26' title='bbox 1575 580 1821 636; x_wconf 88' lang='lat' dir='ltr'>alterum</span> <span class='ocrx_word' id='word_1_27' title='bbox 1854 580 1924 635; x_wconf 87' lang='lat' dir='ltr'>ad</span> 
     </span>
    </p>
   </div>
   <div class='ocr_carea' id='block_1_5' title="bbox 272 662 1926 736">
    <p class='ocr_par' dir='ltr' id='par_1_5' title="bbox 272 662 1926 736">
     <span class='ocr_line' id='line_1_5' title="bbox 272 662 1926 736; baseline -0.004 -14"><span class='ocrx_word' id='word_1_28' title='bbox 272 668 609 733; x_wconf 86' lang='lat' dir='ltr'>diabolum;</span> <span class='ocrx_word' id='word_1_29' title='bbox 645 673 702 722; x_wconf 91' lang='lat' dir='ltr'>et</span> <span class='ocrx_word' id='word_1_30' title='bbox 747 671 964 722; x_wconf 83' lang='lat' dir='ltr'>tectum</span> <span class='ocrx_word' id='word_1_31' title='bbox 995 664 1136 736; x_wconf 72' lang='lat' dir='ltr'>ipsze</span> <span class='ocrx_word' id='word_1_32' title='bbox 1185 667 1343 729; x_wconf 87' lang='lat' dir='ltr'>sunt,</span> <span class='ocrx_word' id='word_1_33' title='bbox 1393 662 1527 732; x_wconf 84' lang='lat' dir='ltr'>quia</span> <span class='ocrx_word' id='word_1_34' title='bbox 1567 663 1624 716; x_wconf 90' lang='lat' dir='ltr'>in</span> <span class='ocrx_word' id='word_1_35' title='bbox 1655 663 1736 717; x_wconf 90' lang='lat' dir='ltr'>eis</span> <span class='ocrx_word' id='word_1_36' title='bbox 1769 678 1926 716; x_wconf 91' lang='lat' dir='ltr'>nunc</span> 
     </span>
    </p>
   </div>
   <div class='ocr_carea' id='block_1_6' title="bbox 273 741 1927 818">
    <p class='ocr_par' dir='ltr' id='par_1_6' title="bbox 273 741 1927 818">
     <span class='ocr_line' id='line_1_6' title="bbox 273 741 1927 818; baseline -0.005 -15"><span class='ocrx_word' id='word_1_37' title='bbox 273 747 593 803; x_wconf 80' lang='lat' dir='ltr'>includitur</span> <span class='ocrx_word' id='word_1_38' title='bbox 631 751 686 802; x_wconf 91' lang='lat' dir='ltr'>et</span> <span class='ocrx_word' id='word_1_39' title='bbox 730 746 1162 818; x_wconf 80' lang='lat' dir='ltr'>quodammodo</span> <span class='ocrx_word' id='word_1_40' title='bbox 1214 744 1430 814; x_wconf 76' lang='lat' dir='ltr'>tegitur</span> <span class='ocrx_word' id='word_1_41' title='bbox 1468 742 1742 797; x_wconf 88' lang='lat' dir='ltr'>inimicus</span> <span class='ocrx_word' id='word_1_42' title='bbox 1773 741 1927 796; x_wconf 86' lang='lat' dir='ltr'>anti-</span> 
     </span>
    </p>
   </div>
   <div class='ocr_carea' id='block_1_7' title="bbox 273 824 1924 899">
    <p class='ocr_par' dir='ltr' id='par_1_7' title="bbox 273 824 1924 899">
     <span class='ocr_line' id='line_1_7' title="bbox 273 824 1924 899; baseline -0.002 -18"><span class='ocrx_word' id='word_1_43' title='bbox 273 843 458 899; x_wconf 87' lang='lat' dir='ltr'>quus;</span> <span class='ocrx_word' id='word_1_44' title='bbox 492 832 547 882; x_wconf 94' lang='lat' dir='ltr'>et</span> <span class='ocrx_word' id='word_1_45' title='bbox 587 828 658 882; x_wconf 90' lang='lat' dir='ltr'>de</span> <span class='ocrx_word' id='word_1_46' title='bbox 705 831 855 881; x_wconf 89' lang='lat' dir='ltr'>tecto</span> <span class='ocrx_word' id='word_1_47' title='bbox 895 826 1032 896; x_wconf 81' lang='lat' dir='ltr'>ipsae</span> <span class='ocrx_word' id='word_1_48' title='bbox 1076 830 1268 891; x_wconf 86' lang='lat' dir='ltr'>erunt,</span> <span class='ocrx_word' id='word_1_49' title='bbox 1303 824 1534 895; x_wconf 82' lang='lat' dir='ltr'>quando</span> <span class='ocrx_word' id='word_1_50' title='bbox 1567 824 1622 877; x_wconf 90' lang='lat' dir='ltr'>in</span> <span class='ocrx_word' id='word_1_51' title='bbox 1659 827 1924 895; x_wconf 89' lang='lat' dir='ltr'>apertum</span> 
     </span>
    </p>
   </div>
   <div class='ocr_carea' id='block_1_8' title="bbox 273 903 1926 978">
    <p class='ocr_par' dir='ltr' id='par_1_8' title="bbox 273 903 1926 978">
     <span class='ocr_line' id='line_1_8' title="bbox 273 903 1926 978; baseline -0.005 -13"><span class='ocrx_word' id='word_1_52' title='bbox 273 909 476 965; x_wconf 89' lang='lat' dir='ltr'>odium</span> <span class='ocrx_word' id='word_1_53' title='bbox 511 910 581 964; x_wconf 89' lang='lat' dir='ltr'>de</span> <span class='ocrx_word' id='word_1_54' title='bbox 609 916 804 977; x_wconf 88' lang='lat' dir='ltr'>operto</span> <span class='ocrx_word' id='word_1_55' title='bbox 849 914 1136 978; x_wconf 68' lang='lat' dir='ltr'>erupturas</span> <span class='ocrx_word' id='word_1_56' title='bbox 1168 910 1324 961; x_wconf 89' lang='lat' dir='ltr'>sunt.</span> <span class='ocrx_word' id='word_1_57' title='bbox 1368 905 1531 972; x_wconf 87' lang='lat' dir='ltr'>Quod</span> <span class='ocrx_word' id='word_1_58' title='bbox 1562 920 1694 959; x_wconf 90' lang='lat' dir='ltr'>vero</span> <span class='ocrx_word' id='word_1_59' title='bbox 1726 903 1827 968; x_wconf 85' lang='lat' dir='ltr'>ait,</span> <span class='ocrx_word' id='word_1_60' title='bbox 1861 907 1926 957; x_wconf 82' lang='lat' dir='ltr'>Et</span> 
     </span>
    </p>
   </div>
   <div class='ocr_carea' id='block_1_9' title="bbox 270 983 1929 1058">
    <p class='ocr_par' dir='ltr' id='par_1_9' title="bbox 270 983 1929 1058">
     <span class='ocr_line' id='line_1_9' title="bbox 270 983 1929 1058; baseline -0.005 -14"><span class='ocrx_word' id='word_1_61' title='bbox 270 990 634 1044; x_wconf 79' lang='lat' dir='ltr'>ascenderunt</span> <span class='ocrx_word' id='word_1_62' title='bbox 662 1004 830 1058; x_wconf 85' lang='lat' dir='ltr'>super</span> <span class='ocrx_word' id='word_1_63' title='bbox 881 994 1048 1044; x_wconf 62' lang='lat' dir='ltr'>terrm</span> <span class='ocrx_word' id='word_1_64' title='bbox 1099 985 1475 1053; x_wconf 83' lang='lat' dir='ltr'>latitudinem,</span> <span class='ocrx_word' id='word_1_65' title='bbox 1525 1000 1584 1040; x_wconf 94' lang='lat' dir='ltr'>eo</span> <span class='ocrx_word' id='word_1_66' title='bbox 1632 983 1929 1038; x_wconf 75' lang='lat' dir='ltr'>cinxerunt</span> 
     </span>
    </p>
   </div>
   <div class='ocr_carea' id='block_1_10' title="bbox 270 1063 1925 1136">
    <p class='ocr_par' dir='ltr' id='par_1_10' title="bbox 270 1063 1925 1136">
     <span class='ocr_line' id='line_1_10' title="bbox 270 1063 1925 1136; baseline -0.007 -11"><span class='ocrx_word' id='word_1_67' title='bbox 270 1077 462 1125; x_wconf 85' lang='lat' dir='ltr'>castra</span> <span class='ocrx_word' id='word_1_68' title='bbox 489 1075 802 1124; x_wconf 82' lang='lat' dir='ltr'>sanctorum</span> <span class='ocrx_word' id='word_1_69' title='bbox 820 1075 872 1123; x_wconf 88' lang='lat' dir='ltr'>et</span> <span class='ocrx_word' id='word_1_70' title='bbox 902 1068 1157 1123; x_wconf 77' lang='lat' dir='ltr'>dilectam</span> <span class='ocrx_word' id='word_1_71' title='bbox 1198 1065 1481 1121; x_wconf 80' lang='lat' dir='ltr'>civitatem</span> <span class='ocrx_word' id='word_1_72' title='bbox 1522 1065 1702 1136; x_wconf 83' lang='lat' dir='ltr'>(Apoc.</span> <span class='ocrx_word' id='word_1_73' title='bbox 1744 1079 1840 1130; x_wconf 86' lang='lat' dir='ltr'>xx,</span> <span class='ocrx_word' id='word_1_74' title='bbox 1870 1063 1925 1131; x_wconf 84' lang='grc'>7,</span> 
     </span>
    </p>
   </div>
   <div class='ocr_carea' id='block_1_11' title="bbox 270 1144 1930 1220">
    <p class='ocr_par' dir='ltr' id='par_1_11' title="bbox 270 1144 1930 1220">
     <span class='ocr_line' id='line_1_11' title="bbox 270 1144 1930 1220; baseline -0.005 -14"><span class='ocrx_word' id='word_1_75' title='bbox 270 1150 369 1220; x_wconf 82' lang='grc'>8);</span> <span class='ocrx_word' id='word_1_76' title='bbox 403 1166 515 1207; x_wconf 89' lang='lat' dir='ltr'>non</span> <span class='ocrx_word' id='word_1_77' title='bbox 549 1150 749 1220; x_wconf 89' lang='lat' dir='ltr'>utique</span> <span class='ocrx_word' id='word_1_78' title='bbox 780 1149 852 1204; x_wconf 90' lang='lat' dir='ltr'>ad</span> <span class='ocrx_word' id='word_1_79' title='bbox 886 1164 1062 1204; x_wconf 90' lang='lat' dir='ltr'>unum</span> <span class='ocrx_word' id='word_1_80' title='bbox 1104 1148 1298 1206; x_wconf 90' lang='lat' dir='ltr'>locum</span> <span class='ocrx_word' id='word_1_81' title='bbox 1329 1146 1579 1214; x_wconf 83' lang='lat' dir='ltr'>venisse,</span> <span class='ocrx_word' id='word_1_82' title='bbox 1608 1144 1696 1200; x_wconf 88' lang='lat' dir='ltr'>vel</span> <span class='ocrx_word' id='word_1_83' title='bbox 1727 1147 1930 1199; x_wconf 88' lang='lat' dir='ltr'>ventu-</span> 
     </span>
    </p>
   </div>
   <div class='ocr_carea' id='block_1_12' title="bbox 267 1226 1928 1302">
    <p class='ocr_par' dir='ltr' id='par_1_12' title="bbox 267 1226 1928 1302">
     <span class='ocr_line' id='line_1_12' title="bbox 267 1226 1928 1302; baseline -0.004 -16"><span class='ocrx_word' id='word_1_84' title='bbox 267 1233 318 1286; x_wconf 87' lang='lat' dir='ltr'>ri</span> <span class='ocrx_word' id='word_1_85' title='bbox 351 1247 481 1288; x_wconf 90' lang='lat' dir='ltr'>esse</span> <span class='ocrx_word' id='word_1_86' title='bbox 511 1230 827 1302; x_wconf 83' lang='lat' dir='ltr'>signiﬁcati</span> <span class='ocrx_word' id='word_1_87' title='bbox 861 1234 1023 1296; x_wconf 88' lang='lat' dir='ltr'>sunt,</span> <span class='ocrx_word' id='word_1_88' title='bbox 1047 1229 1212 1300; x_wconf 81' lang='lat' dir='ltr'>quasi</span> <span class='ocrx_word' id='word_1_89' title='bbox 1245 1227 1437 1300; x_wconf 88' lang='lat' dir='ltr'>aliquo</span> <span class='ocrx_word' id='word_1_90' title='bbox 1470 1243 1585 1284; x_wconf 90' lang='lat' dir='ltr'>uno</span> <span class='ocrx_word' id='word_1_91' title='bbox 1619 1227 1741 1282; x_wconf 93' lang='lat' dir='ltr'>loco</span> <span class='ocrx_word' id='word_1_92' title='bbox 1774 1226 1928 1280; x_wconf 83' lang='lat' dir='ltr'>futu-</span> 
     </span>
    </p>
   </div>
   <div class='ocr_carea' id='block_1_13' title="bbox 266 1307 1924 1374">
    <p class='ocr_par' dir='ltr' id='par_1_13' title="bbox 266 1307 1924 1374">
     <span class='ocr_line' id='line_1_13' title="bbox 266 1307 1924 1374; baseline -0.003 -9"><span class='ocrx_word' id='word_1_93' title='bbox 266 1328 336 1366; x_wconf 86' lang='lat' dir='ltr'>ra</span> <span class='ocrx_word' id='word_1_94' title='bbox 379 1311 500 1366; x_wconf 89' lang='lat' dir='ltr'>sint</span> <span class='ocrx_word' id='word_1_95' title='bbox 543 1316 728 1366; x_wconf 85' lang='lat' dir='ltr'>castra</span> <span class='ocrx_word' id='word_1_96' title='bbox 775 1314 1114 1366; x_wconf 83' lang='lat' dir='ltr'>sanctorum</span> <span class='ocrx_word' id='word_1_97' title='bbox 1160 1314 1219 1365; x_wconf 87' lang='lat' dir='ltr'>et</span> <span class='ocrx_word' id='word_1_98' title='bbox 1265 1308 1473 1365; x_wconf 85' lang='lat' dir='ltr'>dilecta</span> <span class='ocrx_word' id='word_1_99' title='bbox 1512 1307 1754 1374; x_wconf 80' lang='lat' dir='ltr'>civitas;</span> <span class='ocrx_word' id='word_1_100' title='bbox 1789 1322 1924 1361; x_wconf 89' lang='lat' dir='ltr'>cum</span> 
     </span>
    </p>
   </div>
   <div class='ocr_carea' id='block_1_14' title="bbox 266 1388 1924 1447">
    <p class='ocr_par' dir='ltr' id='par_1_14' title="bbox 266 1388 1924 1447">
     <span class='ocr_line' id='line_1_14' title="bbox 266 1388 1924 1447; baseline -0.004 -1"><span class='ocrx_word' id='word_1_101' title='bbox 266 1391 392 1447; x_wconf 58' lang='lat' dir='ltr'>haec</span> <span class='ocrx_word' id='word_1_102' title='bbox 425 1408 536 1446; x_wconf 92' lang='lat' dir='ltr'>non</span> <span class='ocrx_word' id='word_1_103' title='bbox 571 1390 647 1446; x_wconf 86' lang='lat' dir='ltr'>sit</span> <span class='ocrx_word' id='word_1_104' title='bbox 677 1390 789 1446; x_wconf 85' lang='lat' dir='ltr'>nisi</span> <span class='ocrx_word' id='word_1_105' title='bbox 824 1389 1039 1445; x_wconf 82' lang='lat' dir='ltr'>Christi</span> <span class='ocrx_word' id='word_1_106' title='bbox 1082 1388 1337 1444; x_wconf 88' lang='lat' dir='ltr'>Ecclesia</span> <span class='ocrx_word' id='word_1_107' title='bbox 1369 1392 1485 1444; x_wconf 89' lang='lat' dir='ltr'>toto</span> <span class='ocrx_word' id='word_1_108' title='bbox 1516 1392 1804 1444; x_wconf 87' lang='lat' dir='ltr'>terrarum</span> <span class='ocrx_word' id='word_1_109' title='bbox 1837 1402 1924 1440; x_wconf 87' lang='lat' dir='ltr'>or-</span> 
     </span>
    </p>
   </div>
   <div class='ocr_carea' id='block_1_15' title="bbox 267 1469 1920 1542">
    <p class='ocr_par' dir='ltr' id='par_1_15' title="bbox 267 1469 1920 1542">
     <span class='ocr_line' id='line_1_15' title="bbox 267 1469 1920 1542; baseline -0.004 -16"><span class='ocrx_word' id='word_1_110' title='bbox 267 1471 338 1528; x_wconf 96' lang='lat' dir='ltr'>be</span> <span class='ocrx_word' id='word_1_111' title='bbox 369 1472 619 1527; x_wconf 75' lang='lat' dir='ltr'>dili‘usa:</span> <span class='ocrx_word' id='word_1_112' title='bbox 655 1488 720 1526; x_wconf 85' lang='lat' dir='ltr'>ac</span> <span class='ocrx_word' id='word_1_113' title='bbox 751 1487 850 1542; x_wconf 87' lang='lat' dir='ltr'>per</span> <span class='ocrx_word' id='word_1_114' title='bbox 897 1471 1004 1525; x_wconf 88' lang='lat' dir='ltr'>hoc</span> <span class='ocrx_word' id='word_1_115' title='bbox 1056 1471 1408 1540; x_wconf 87' lang='lat' dir='ltr'>ubicumque</span> <span class='ocrx_word' id='word_1_116' title='bbox 1459 1475 1596 1524; x_wconf 90' lang='lat' dir='ltr'>tunc</span> <span class='ocrx_word' id='word_1_117' title='bbox 1626 1469 1756 1535; x_wconf 90' lang='lat' dir='ltr'>erit,</span> <span class='ocrx_word' id='word_1_118' title='bbox 1794 1484 1920 1538; x_wconf 71' lang='lat' dir='ltr'>quae</span> 
     </span>
    </p>
   </div>
   <div class='ocr_carea' id='block_1_16' title="bbox 264 1550 1924 1623">
    <p class='ocr_par' dir='ltr' id='par_1_16' title="bbox 264 1550 1924 1623">
     <span class='ocr_line' id='line_1_16' title="bbox 264 1550 1924 1623; baseline -0.003 -15"><span class='ocrx_word' id='word_1_119' title='bbox 264 1553 326 1608; x_wconf 90' lang='lat' dir='ltr'>in</span> <span class='ocrx_word' id='word_1_120' title='bbox 378 1552 653 1609; x_wconf 88' lang='lat' dir='ltr'>omnibus</span> <span class='ocrx_word' id='word_1_121' title='bbox 694 1553 969 1623; x_wconf 83' lang='lat' dir='ltr'>gentibus</span> <span class='ocrx_word' id='word_1_122' title='bbox 1008 1552 1135 1617; x_wconf 89' lang='lat' dir='ltr'>erit,</span> <span class='ocrx_word' id='word_1_123' title='bbox 1185 1552 1340 1623; x_wconf 91' lang='lat' dir='ltr'>quod</span> <span class='ocrx_word' id='word_1_124' title='bbox 1389 1550 1783 1622; x_wconf 82' lang='lat' dir='ltr'>signiﬁcatum</span> <span class='ocrx_word' id='word_1_125' title='bbox 1833 1551 1924 1604; x_wconf 91' lang='lat' dir='ltr'>est</span> 
     </span>
    </p>
   </div>
   <div class='ocr_carea' id='block_1_17' title="bbox 266 1632 1925 1700">
    <p class='ocr_par' dir='ltr' id='par_1_17' title="bbox 266 1632 1925 1700">
     <span class='ocr_line' id='line_1_17' title="bbox 266 1632 1925 1700; baseline -0.004 -10"><span class='ocrx_word' id='word_1_126' title='bbox 266 1634 496 1690; x_wconf 86' lang='lat' dir='ltr'>nomine</span> <span class='ocrx_word' id='word_1_127' title='bbox 547 1633 874 1688; x_wconf 84' lang='lat' dir='ltr'>latitudinis</span> <span class='ocrx_word' id='word_1_128' title='bbox 911 1638 1096 1700; x_wconf 85' lang='lat' dir='ltr'>terrae,</span> <span class='ocrx_word' id='word_1_129' title='bbox 1149 1632 1225 1688; x_wconf 90' lang='lat' dir='ltr'>ibi</span> <span class='ocrx_word' id='word_1_130' title='bbox 1275 1636 1445 1687; x_wconf 90' lang='lat' dir='ltr'>erunt</span> <span class='ocrx_word' id='word_1_131' title='bbox 1483 1637 1672 1686; x_wconf 88' lang='lat' dir='ltr'>castra</span> <span class='ocrx_word' id='word_1_132' title='bbox 1701 1632 1925 1685; x_wconf 88' lang='lat' dir='ltr'>sancto-</span> 
     </span>
    </p>
   </div>
   <div class='ocr_carea' id='block_1_18' title="bbox 263 1708 1921 1782">
    <p class='ocr_par' dir='ltr' id='par_1_18' title="bbox 263 1708 1921 1782">
     <span class='ocr_line' id='line_1_18' title="bbox 263 1708 1921 1782; baseline -0.005 -12"><span class='ocrx_word' id='word_1_133' title='bbox 263 1729 420 1774; x_wconf 91' lang='lat' dir='ltr'>rum,</span> <span class='ocrx_word' id='word_1_134' title='bbox 455 1713 534 1768; x_wconf 91' lang='lat' dir='ltr'>ibi</span> <span class='ocrx_word' id='word_1_135' title='bbox 565 1713 673 1769; x_wconf 90' lang='lat' dir='ltr'>erit</span> <span class='ocrx_word' id='word_1_136' title='bbox 702 1713 910 1770; x_wconf 83' lang='lat' dir='ltr'>dilecta</span> <span class='ocrx_word' id='word_1_137' title='bbox 933 1713 1048 1769; x_wconf 90' lang='lat' dir='ltr'>Deo</span> <span class='ocrx_word' id='word_1_138' title='bbox 1079 1712 1280 1768; x_wconf 88' lang='lat' dir='ltr'>civitas</span> <span class='ocrx_word' id='word_1_139' title='bbox 1313 1713 1474 1782; x_wconf 87' lang='lat' dir='ltr'>ejus;</span> <span class='ocrx_word' id='word_1_140' title='bbox 1505 1711 1586 1766; x_wconf 90' lang='lat' dir='ltr'>ibi</span> <span class='ocrx_word' id='word_1_141' title='bbox 1626 1711 1697 1765; x_wconf 90' lang='lat' dir='ltr'>ab</span> <span class='ocrx_word' id='word_1_142' title='bbox 1730 1708 1921 1764; x_wconf 91' lang='lat' dir='ltr'>omni-</span> 
     </span>
    </p>
   </div>
   <div class='ocr_carea' id='block_1_19' title="bbox 265 1789 1919 1864">
    <p class='ocr_par' dir='ltr' id='par_1_19' title="bbox 265 1789 1919 1864">
     <span class='ocr_line' id='line_1_19' title="bbox 265 1789 1919 1864; baseline -0.004 -14"><span class='ocrx_word' id='word_1_143' title='bbox 265 1795 380 1850; x_wconf 90' lang='lat' dir='ltr'>bus</span> <span class='ocrx_word' id='word_1_144' title='bbox 405 1794 660 1850; x_wconf 90' lang='lat' dir='ltr'>inimicis</span> <span class='ocrx_word' id='word_1_145' title='bbox 691 1793 836 1861; x_wconf 88' lang='lat' dir='ltr'>suis,</span> <span class='ocrx_word' id='word_1_146' title='bbox 870 1794 1007 1864; x_wconf 84' lang='lat' dir='ltr'>quia</span> <span class='ocrx_word' id='word_1_147' title='bbox 1035 1797 1090 1847; x_wconf 94' lang='lat' dir='ltr'>et</span> <span class='ocrx_word' id='word_1_148' title='bbox 1112 1793 1222 1863; x_wconf 87' lang='lat' dir='ltr'>ipsi</span> <span class='ocrx_word' id='word_1_149' title='bbox 1254 1792 1312 1846; x_wconf 90' lang='lat' dir='ltr'>in</span> <span class='ocrx_word' id='word_1_150' title='bbox 1345 1792 1616 1847; x_wconf 87' lang='lat' dir='ltr'>omnibus</span> <span class='ocrx_word' id='word_1_151' title='bbox 1646 1789 1919 1862; x_wconf 84' lang='lat' dir='ltr'>gentibus</span> 
     </span>
    </p>
   </div>
   <div class='ocr_carea' id='block_1_20' title="bbox 263 1873 1920 1946">
    <p class='ocr_par' dir='ltr' id='par_1_20' title="bbox 263 1873 1920 1946">
     <span class='ocr_line' id='line_1_20' title="bbox 263 1873 1920 1946; baseline -0.003 -15"><span class='ocrx_word' id='word_1_152' title='bbox 263 1892 394 1931; x_wconf 89' lang='lat' dir='ltr'>cum</span> <span class='ocrx_word' id='word_1_153' title='bbox 455 1876 554 1931; x_wconf 90' lang='lat' dir='ltr'>illa</span> <span class='ocrx_word' id='word_1_154' title='bbox 601 1880 790 1945; x_wconf 88' lang='lat' dir='ltr'>erunt,</span> <span class='ocrx_word' id='word_1_155' title='bbox 851 1875 1272 1946; x_wconf 86' lang='lat' dir='ltr'>persecutionis</span> <span class='ocrx_word' id='word_1_156' title='bbox 1338 1874 1498 1930; x_wconf 90' lang='lat' dir='ltr'>illius</span> <span class='ocrx_word' id='word_1_157' title='bbox 1556 1873 1920 1928; x_wconf 83' lang='lat' dir='ltr'>immanitate</span> 
     </span>
    </p>
   </div>
   <div class='ocr_carea' id='block_1_21' title="bbox 259 1953 1916 2028">
    <p class='ocr_par' dir='ltr' id='par_1_21' title="bbox 259 1953 1916 2028">
     <span class='ocr_line' id='line_1_21' title="bbox 259 1953 1916 2028; baseline -0.004 -16"><span class='ocrx_word' id='word_1_158' title='bbox 259 1956 556 2028; x_wconf 86' lang='lat' dir='ltr'>cingetur,</span> <span class='ocrx_word' id='word_1_159' title='bbox 590 1956 697 2013; x_wconf 90' lang='lat' dir='ltr'>hoc</span> <span class='ocrx_word' id='word_1_160' title='bbox 735 1960 844 2023; x_wconf 87' lang='lat' dir='ltr'>est,</span> <span class='ocrx_word' id='word_1_161' title='bbox 896 1954 957 2011; x_wconf 91' lang='lat' dir='ltr'>in</span> <span class='ocrx_word' id='word_1_162' title='bbox 1001 1957 1304 2027; x_wconf 86' lang='lat' dir='ltr'>angustias</span> <span class='ocrx_word' id='word_1_163' title='bbox 1353 1953 1748 2011; x_wconf 83' lang='lat' dir='ltr'>tribulationis</span> <span class='ocrx_word' id='word_1_164' title='bbox 1799 1967 1916 2006; x_wconf 89' lang='lat' dir='ltr'>arc-</span> 
     </span>
    </p>
   </div>
   <div class='ocr_carea' id='block_1_22' title="bbox 258 2032 1917 2108">
    <p class='ocr_par' dir='ltr' id='par_1_22' title="bbox 258 2032 1917 2108">
     <span class='ocr_line' id='line_1_22' title="bbox 258 2032 1917 2108; baseline -0.001 -18"><span class='ocrx_word' id='word_1_165' title='bbox 258 2037 504 2099; x_wconf 88' lang='lat' dir='ltr'>tabitur,</span> <span class='ocrx_word' id='word_1_166' title='bbox 566 2037 881 2108; x_wconf 87' lang='lat' dir='ltr'>urgebitur,</span> <span class='ocrx_word' id='word_1_167' title='bbox 943 2036 1318 2092; x_wconf 90' lang='lat' dir='ltr'>concludetur</span> <span class='ocrx_word' id='word_1_168' title='bbox 1369 2053 1384 2103; x_wconf 93' lang='lat'>;</span> <span class='ocrx_word' id='word_1_169' title='bbox 1445 2051 1548 2090; x_wconf 90' lang='lat' dir='ltr'>nec</span> <span class='ocrx_word' id='word_1_170' title='bbox 1611 2032 1917 2088; x_wconf 67' lang='lat' dir='ltr'>militiam‘</span> 
     </span>
    </p>
   </div>
   <div class='ocr_carea' id='block_1_23' title="bbox 259 2117 1921 2190">
    <p class='ocr_par' dir='ltr' id='par_1_23' title="bbox 259 2117 1921 2190">
     <span class='ocr_line' id='line_1_23' title="bbox 259 2117 1921 2190; baseline -0.003 -16"><span class='ocrx_word' id='word_1_171' title='bbox 259 2136 431 2176; x_wconf 88' lang='lat' dir='ltr'>suam</span> <span class='ocrx_word' id='word_1_172' title='bbox 465 2122 704 2186; x_wconf 86' lang='lat' dir='ltr'>deseret,</span> <span class='ocrx_word' id='word_1_173' title='bbox 749 2135 871 2190; x_wconf 66' lang='lat' dir='ltr'>quas</span> <span class='ocrx_word' id='word_1_174' title='bbox 920 2117 1202 2177; x_wconf 86' lang='lat' dir='ltr'>vocabulo</span> <span class='ocrx_word' id='word_1_175' title='bbox 1256 2125 1343 2173; x_wconf 84' lang='lat' dir='ltr'>est</span> <span class='ocrx_word' id='word_1_176' title='bbox 1373 2117 1663 2188; x_wconf 87' lang='lat' dir='ltr'>appellata</span> <span class='ocrx_word' id='word_1_177' title='bbox 1694 2119 1921 2170; x_wconf 86' lang='lat' dir='ltr'>castro-</span> 
     </span>
    </p>
   </div>
   <div class='ocr_carea' id='block_1_24' title="bbox 257 2216 420 2256">
    <p class='ocr_par' dir='ltr' id='par_1_24' title="bbox 257 2216 420 2256">
     <span class='ocr_line' id='line_1_24' title="bbox 257 2216 420 2256; baseline 0.006 -2"><span class='ocrx_word' id='word_1_178' title='bbox 257 2216 420 2256; x_wconf 88' lang='lat' dir='ltr'>rum.</span> 
     </span>
    </p>
   </div>
   <div class='ocr_carea' id='block_1_25' title="bbox 256 2349 1921 2421">
    <p class='ocr_par' dir='ltr' id='par_1_25' title="bbox 256 2349 1921 2421">
     <span class='ocr_line' id='line_1_25' title="bbox 256 2349 1921 2421; baseline -0.002 -15"><span class='ocrx_word' id='word_1_179' title='bbox 256 2350 493 2407; x_wconf 82' lang='lat' dir='ltr'>CAPUT</span> <span class='ocrx_word' id='word_1_180' title='bbox 523 2352 639 2407; x_wconf 85' lang='lat' dir='ltr'><strong>XII.</strong></span> <span class='ocrx_word' id='word_1_181' title='bbox 669 2383 740 2392; x_wconf 88' lang='lat'>—-</span> <span class='ocrx_word' id='word_1_182' title='bbox 767 2351 848 2406; x_wconf 83' lang='lat' dir='ltr'>An</span> <span class='ocrx_word' id='word_1_183' title='bbox 878 2351 956 2406; x_wconf 85' lang='lat' dir='ltr'>ad</span> <span class='ocrx_word' id='word_1_184' title='bbox 986 2350 1245 2406; x_wconf 83' lang='lat' dir='ltr'>ultimum</span> <span class='ocrx_word' id='word_1_185' title='bbox 1296 2349 1631 2421; x_wconf 74' lang='lat' dir='ltr'>supplicium</span> <span class='ocrx_word' id='word_1_186' title='bbox 1650 2350 1921 2420; x_wconf 77' lang='lat' dir='ltr'>pertineat</span> 
     </span>
    </p>
   </div>
   <div class='ocr_carea' id='block_1_26' title="bbox 336 2429 1920 2505">
    <p class='ocr_par' dir='ltr' id='par_1_26' title="bbox 336 2429 1920 2505">
     <span class='ocr_line' id='line_1_26' title="bbox 336 2429 1920 2505; baseline -0.002 -19"><span class='ocrx_word' id='word_1_187' title='bbox 336 2433 662 2501; x_wconf 86' lang='lat' dir='ltr'>impiorum,</span> <span class='ocrx_word' id='word_1_188' title='bbox 682 2433 827 2505; x_wconf 81' lang='lat' dir='ltr'>quod</span> <span class='ocrx_word' id='word_1_189' title='bbox 855 2431 1190 2488; x_wconf 71' lang='lat' dir='ltr'>descendisse</span> <span class='ocrx_word' id='word_1_190' title='bbox 1207 2432 1354 2500; x_wconf 89' lang='lat' dir='ltr'>ignis</span> <span class='ocrx_word' id='word_1_191' title='bbox 1376 2431 1440 2486; x_wconf 88' lang='lat' dir='ltr'>de</span> <span class='ocrx_word' id='word_1_192' title='bbox 1460 2431 1610 2499; x_wconf 67' lang='lat' dir='ltr'>creto,</span> <span class='ocrx_word' id='word_1_193' title='bbox 1635 2441 1687 2486; x_wconf 81' lang='lat' dir='ltr'>et</span> <span class='ocrx_word' id='word_1_194' title='bbox 1705 2429 1920 2486; x_wconf 85' lang='lat' dir='ltr'>eosdem</span> 
     </span>
    </p>
   </div>
   <div class='ocr_carea' id='block_1_27' title="bbox 335 2513 1019 2569">
    <p class='ocr_par' dir='ltr' id='par_1_27' title="bbox 335 2513 1019 2569">
     <span class='ocr_line' id='line_1_27' title="bbox 335 2513 1019 2569; baseline 0 -3"><span class='ocrx_word' id='word_1_195' title='bbox 335 2513 628 2569; x_wconf 72' lang='lat' dir='ltr'>comedisse</span> <span class='ocrx_word' id='word_1_196' title='bbox 658 2518 1019 2569; x_wconf 79' lang='lat' dir='ltr'>memoratur.</span> 
     </span>
    </p>
   </div>
   <div class='ocr_carea' id='block_1_28' title="bbox 335 2592 1920 2665">
    <p class='ocr_par' dir='ltr' id='par_1_28' title="bbox 335 2592 1920 2665">
     <span class='ocr_line' id='line_1_28' title="bbox 335 2592 1920 2665; baseline 0.001 -18"><span class='ocrx_word' id='word_1_197' title='bbox 335 2592 498 2655; x_wconf 88' lang='lat' dir='ltr'>Quod</span> <span class='ocrx_word' id='word_1_198' title='bbox 527 2609 659 2649; x_wconf 92' lang='lat' dir='ltr'>vero</span> <span class='ocrx_word' id='word_1_199' title='bbox 709 2593 808 2658; x_wconf 91' lang='lat' dir='ltr'>ait,</span> <span class='ocrx_word' id='word_1_200' title='bbox 862 2595 924 2648; x_wconf 86' lang='lat' dir='ltr'>Et</span> <span class='ocrx_word' id='word_1_201' title='bbox 970 2592 1245 2649; x_wconf 82' lang='lat' dir='ltr'>descendit</span> <span class='ocrx_word' id='word_1_202' title='bbox 1284 2594 1434 2663; x_wconf 82' lang='lat' dir='ltr'>ignis</span> <span class='ocrx_word' id='word_1_203' title='bbox 1475 2593 1550 2665; x_wconf 91' lang='lat' dir='ltr'>(a)</span> <span class='ocrx_word' id='word_1_204' title='bbox 1582 2592 1647 2648; x_wconf 87' lang='lat' dir='ltr'>de</span> <span class='ocrx_word' id='word_1_205' title='bbox 1693 2593 1849 2647; x_wconf 66' lang='lat' dir='ltr'>oratos</span> <span class='ocrx_word' id='word_1_206' title='bbox 1868 2599 1920 2648; x_wconf 84' lang='lat' dir='ltr'>et</span> 
     </span>
    </p>
   </div>
   <div class='ocr_carea' id='block_1_29' title="bbox 251 2673 1917 2744">
    <p class='ocr_par' dir='ltr' id='par_1_29' title="bbox 251 2673 1917 2744">
     <span class='ocr_line' id='line_1_29' title="bbox 251 2673 1917 2744; baseline -0.001 -16"><span class='ocrx_word' id='word_1_207' title='bbox 251 2673 493 2728; x_wconf 81' lang='lat' dir='ltr'>comedit</span> <span class='ocrx_word' id='word_1_208' title='bbox 521 2690 605 2729; x_wconf 82' lang='lat' dir='ltr'>eos</span> <span class='ocrx_word' id='word_1_209' title='bbox 626 2673 807 2744; x_wconf 85' lang='lat' dir='ltr'>(Apoc.</span> <span class='ocrx_word' id='word_1_210' title='bbox 844 2690 934 2740; x_wconf 85' lang='lat' dir='ltr'>xx,</span> <span class='ocrx_word' id='word_1_211' title='bbox 966 2674 1024 2744; x_wconf 88' lang='lat'>9)</span> <span class='ocrx_word' id='word_1_212' title='bbox 1052 2690 1066 2728; x_wconf 89' lang='lat'><strong>:</strong></span> <span class='ocrx_word' id='word_1_213' title='bbox 1094 2690 1207 2729; x_wconf 92' lang='lat' dir='ltr'>non</span> <span class='ocrx_word' id='word_1_214' title='bbox 1229 2680 1557 2731; x_wconf 87' lang='lat' dir='ltr'>extremum</span> <span class='ocrx_word' id='word_1_215' title='bbox 1592 2673 1917 2744; x_wconf 85' lang='lat' dir='ltr'>putandum</span> 
     </span>
    </p>
   </div>
   <div class='ocr_carea' id='block_1_30' title="bbox 252 2753 1918 2824">
    <p class='ocr_par' dir='ltr' id='par_1_30' title="bbox 252 2753 1918 2824">
     <span class='ocr_line' id='line_1_30' title="bbox 252 2753 1918 2824; baseline 0 -17"><span class='ocrx_word' id='word_1_216' title='bbox 252 2758 354 2807; x_wconf 87' lang='lat' dir='ltr'>cst</span> <span class='ocrx_word' id='word_1_217' title='bbox 382 2753 440 2806; x_wconf 90' lang='lat' dir='ltr'>id</span> <span class='ocrx_word' id='word_1_218' title='bbox 473 2768 599 2808; x_wconf 90' lang='lat' dir='ltr'>esse</span> <span class='ocrx_word' id='word_1_219' title='bbox 631 2753 1004 2823; x_wconf 88' lang='lat' dir='ltr'>supplicium,</span> <span class='ocrx_word' id='word_1_220' title='bbox 1035 2753 1190 2824; x_wconf 90' lang='lat' dir='ltr'>quod</span> <span class='ocrx_word' id='word_1_221' title='bbox 1221 2755 1351 2822; x_wconf 92' lang='lat' dir='ltr'>erit,</span> <span class='ocrx_word' id='word_1_222' title='bbox 1384 2770 1515 2809; x_wconf 90' lang='lat' dir='ltr'>cum</span> <span class='ocrx_word' id='word_1_223' title='bbox 1550 2755 1794 2820; x_wconf 85' lang='lat' dir='ltr'>dicetur,</span> <span class='ocrx_word' id='word_1_224' title='bbox 1832 2754 1918 2807; x_wconf 89' lang='lat' dir='ltr'>Di-</span> 
     </span>
    </p>
   </div>
   <div class='ocr_carea' id='block_1_31' title="bbox 247 2834 1914 2906">
    <p class='ocr_par' dir='ltr' id='par_1_31' title="bbox 247 2834 1914 2906">
     <span class='ocr_line' id='line_1_31' title="bbox 247 2834 1914 2906; baseline -0.001 -16"><span class='ocrx_word' id='word_1_225' title='bbox 247 2834 460 2890; x_wconf 82' lang='lat' dir='ltr'>scedite</span> <span class='ocrx_word' id='word_1_226' title='bbox 488 2851 521 2889; x_wconf 91' lang='lat' dir='ltr'>a</span> <span class='ocrx_word' id='word_1_227' title='bbox 568 2850 672 2898; x_wconf 90' lang='lat' dir='ltr'>me,</span> <span class='ocrx_word' id='word_1_228' title='bbox 713 2835 1019 2903; x_wconf 84' lang='lat' dir='ltr'>maledicti,</span> <span class='ocrx_word' id='word_1_229' title='bbox 1069 2838 1126 2889; x_wconf 85' lang='lat' dir='ltr'>in</span> <span class='ocrx_word' id='word_1_230' title='bbox 1175 2837 1358 2905; x_wconf 80' lang='lat' dir='ltr'>ignem</span> <span class='ocrx_word' id='word_1_231' title='bbox 1395 2843 1663 2891; x_wconf 74' lang='lat' dir='ltr'>azternum</span> <span class='ocrx_word' id='word_1_232' title='bbox 1706 2834 1914 2906; x_wconf 82' lang='lat' dir='ltr'>(Matth.</span> 
     </span>
    </p>
   </div>
   <div class='ocr_carea' id='block_1_32' title="bbox 247 2915 1914 2987">
    <p class='ocr_par' dir='ltr' id='par_1_32' title="bbox 247 2915 1914 2987">
     <span class='ocr_line' id='line_1_32' title="bbox 247 2915 1914 2987; baseline 0.001 -17"><span class='ocrx_word' id='word_1_233' title='bbox 247 2931 389 2980; x_wconf 82' lang='lat' dir='ltr'>xxv,</span> <span class='ocrx_word' id='word_1_234' title='bbox 425 2915 531 2983; x_wconf 79' lang='grc'>41).</span> <span class='ocrx_word' id='word_1_235' title='bbox 565 2915 728 2970; x_wconf 89' lang='lat' dir='ltr'>Tunc</span> <span class='ocrx_word' id='word_1_236' title='bbox 761 2915 973 2986; x_wconf 84' lang='lat' dir='ltr'>quippe</span> <span class='ocrx_word' id='word_1_237' title='bbox 1003 2917 1061 2970; x_wconf 89' lang='lat' dir='ltr'>in</span> <span class='ocrx_word' id='word_1_238' title='bbox 1095 2916 1289 2987; x_wconf 90' lang='lat' dir='ltr'>ignem</span> <span class='ocrx_word' id='word_1_239' title='bbox 1315 2915 1774 2987; x_wconf 87' lang='lat' dir='ltr'>mittenturipsi,</span> <span class='ocrx_word' id='word_1_240' title='bbox 1801 2933 1914 2971; x_wconf 89' lang='lat' dir='ltr'>non</span> 
     </span>
    </p>
   </div>
   <div class='ocr_carea' id='block_1_33' title="bbox 245 2993 1915 3066">
    <p class='ocr_par' dir='ltr' id='par_1_33' title="bbox 245 2993 1915 3066">
     <span class='ocr_line' id='line_1_33' title="bbox 245 2993 1915 3066; baseline -0.001 -15"><span class='ocrx_word' id='word_1_241' title='bbox 245 2995 414 3066; x_wconf 88' lang='lat' dir='ltr'>ignis</span> <span class='ocrx_word' id='word_1_242' title='bbox 447 2996 517 3049; x_wconf 91' lang='lat' dir='ltr'>de</span> <span class='ocrx_word' id='word_1_243' title='bbox 548 2993 692 3049; x_wconf 85' lang='lat' dir='ltr'>coelo</span> <span class='ocrx_word' id='word_1_244' title='bbox 741 2995 935 3050; x_wconf 90' lang='lat' dir='ltr'>veniet</span> <span class='ocrx_word' id='word_1_245' title='bbox 976 3011 1152 3066; x_wconf 89' lang='lat' dir='ltr'>super</span> <span class='ocrx_word' id='word_1_246' title='bbox 1197 2997 1378 3065; x_wconf 89' lang='lat' dir='ltr'>ipsos.</span> <span class='ocrx_word' id='word_1_247' title='bbox 1408 2997 1514 3050; x_wconf 85' lang='lat' dir='ltr'>Hie</span> <span class='ocrx_word' id='word_1_248' title='bbox 1547 3000 1738 3051; x_wconf 88' lang='lat' dir='ltr'>autem</span> <span class='ocrx_word' id='word_1_249' title='bbox 1770 2997 1915 3050; x_wconf 87' lang='lat' dir='ltr'>bene</span> 
     </span>
    </p>
   </div>
   <div class='ocr_carea' id='block_1_34' title="bbox 247 3075 1914 3148">
    <p class='ocr_par' dir='ltr' id='par_1_34' title="bbox 247 3075 1914 3148">
     <span class='ocr_line' id='line_1_34' title="bbox 247 3075 1914 3148; baseline -0.002 -16"><span class='ocrx_word' id='word_1_250' title='bbox 247 3075 609 3145; x_wconf 84' lang='lat' dir='ltr'>intelligitur</span> <span class='ocrx_word' id='word_1_251' title='bbox 637 3078 779 3145; x_wconf 83' lang='lat' dir='ltr'>ignis</span> <span class='ocrx_word' id='word_1_252' title='bbox 814 3075 877 3133; x_wconf 89' lang='lat' dir='ltr'>de</span> <span class='ocrx_word' id='word_1_253' title='bbox 906 3077 1056 3142; x_wconf 68' lang='lat' dir='ltr'>certo,</span> <span class='ocrx_word' id='word_1_254' title='bbox 1090 3078 1158 3132; x_wconf 89' lang='lat' dir='ltr'>de</span> <span class='ocrx_word' id='word_1_255' title='bbox 1189 3076 1316 3148; x_wconf 89' lang='lat' dir='ltr'>ipsa</span> <span class='ocrx_word' id='word_1_256' title='bbox 1366 3077 1641 3132; x_wconf 83' lang='lat' dir='ltr'>ﬁrmitate</span> <span class='ocrx_word' id='word_1_257' title='bbox 1681 3081 1914 3131; x_wconf 85' lang='lat' dir='ltr'>sancto-</span> 
     </span>
    </p>
   </div>
   <div class='ocr_carea' id='block_1_35' title="bbox 249 3157 1910 3225">
    <p class='ocr_par' dir='ltr' id='par_1_35' title="bbox 249 3157 1910 3225">
     <span class='ocr_line' id='line_1_35' title="bbox 249 3157 1910 3225; baseline 0.001 -16"><span class='ocrx_word' id='word_1_258' title='bbox 249 3170 413 3222; x_wconf 87' lang='lat' dir='ltr'>rum,</span> <span class='ocrx_word' id='word_1_259' title='bbox 446 3172 564 3225; x_wconf 88' lang='lat' dir='ltr'>qua</span> <span class='ocrx_word' id='word_1_260' title='bbox 595 3171 711 3210; x_wconf 90' lang='lat' dir='ltr'>non</span> <span class='ocrx_word' id='word_1_261' title='bbox 761 3157 977 3211; x_wconf 89' lang='lat' dir='ltr'>cessuri</span> <span class='ocrx_word' id='word_1_262' title='bbox 1005 3161 1144 3212; x_wconf 86' lang='lat' dir='ltr'>sunt</span> <span class='ocrx_word' id='word_1_263' title='bbox 1194 3157 1586 3224; x_wconf 81' lang='lat' dir='ltr'>saevientibus,</span> <span class='ocrx_word' id='word_1_264' title='bbox 1620 3160 1686 3212; x_wconf 88' lang='lat' dir='ltr'>ut</span> <span class='ocrx_word' id='word_1_265' title='bbox 1713 3173 1910 3212; x_wconf 89' lang='lat' dir='ltr'>eorum</span> 
     </span>
    </p>
   </div>
   <div class='ocr_carea' id='block_1_36' title="bbox 246 3233 1912 3306">
    <p class='ocr_par' dir='ltr' id='par_1_36' title="bbox 246 3233 1912 3306">
     <span class='ocr_line' id='line_1_36' title="bbox 246 3233 1912 3306; baseline 0.002 -17"><span class='ocrx_word' id='word_1_266' title='bbox 246 3233 479 3290; x_wconf 81' lang='lat' dir='ltr'>faciant</span> <span class='ocrx_word' id='word_1_267' title='bbox 512 3235 886 3291; x_wconf 82' lang='lat' dir='ltr'>voluntatem.</span> <span class='ocrx_word' id='word_1_268' title='bbox 910 3236 1369 3292; x_wconf 83' lang='lat' dir='ltr'>Firmamentum</span> <span class='ocrx_word' id='word_1_269' title='bbox 1394 3242 1480 3294; x_wconf 91' lang='lat' dir='ltr'>est</span> <span class='ocrx_word' id='word_1_270' title='bbox 1501 3240 1656 3293; x_wconf 91' lang='lat' dir='ltr'>enim</span> <span class='ocrx_word' id='word_1_271' title='bbox 1681 3237 1912 3306; x_wconf 79' lang='lat' dir='ltr'>ccelum,</span> 
     </span>
    </p>
   </div>
   <div class='ocr_carea' id='block_1_37' title="bbox 249 3315 1911 3386">
    <p class='ocr_par' dir='ltr' id='par_1_37' title="bbox 249 3315 1911 3386">
     <span class='ocr_line' id='line_1_37' title="bbox 249 3315 1911 3386; baseline 0.001 -14"><span class='ocrx_word' id='word_1_272' title='bbox 249 3317 436 3386; x_wconf 87' lang='lat' dir='ltr'>cujus</span> <span class='ocrx_word' id='word_1_273' title='bbox 465 3316 738 3372; x_wconf 83' lang='lat' dir='ltr'>firmitate</span> <span class='ocrx_word' id='word_1_274' title='bbox 758 3315 842 3370; x_wconf 89' lang='lat' dir='ltr'>illi</span> <span class='ocrx_word' id='word_1_275' title='bbox 864 3317 1285 3373; x_wconf 89' lang='lat' dir='ltr'>cruciabuntur</span> <span class='ocrx_word' id='word_1_276' title='bbox 1305 3317 1719 3374; x_wconf 85' lang='lat' dir='ltr'>ardentissimo</span> <span class='ocrx_word' id='word_1_277' title='bbox 1749 3318 1870 3373; x_wconf 89' lang='lat' dir='ltr'>zelo</span> <span class='ocrx_word' id='word_1_278' title='bbox 1898 3333 1911 3383; x_wconf 91' lang='lat'>;</span> 
     </span>
    </p>
   </div>
   <div class='ocr_carea' id='block_1_38' title="bbox 251 3397 1912 3468">
    <p class='ocr_par' dir='ltr' id='par_1_38' title="bbox 251 3397 1912 3468">
     <span class='ocr_line' id='line_1_38' title="bbox 251 3397 1912 3468; baseline -0.001 -17"><span class='ocrx_word' id='word_1_279' title='bbox 251 3397 543 3467; x_wconf 90' lang='lat' dir='ltr'>quoniam</span> <span class='ocrx_word' id='word_1_280' title='bbox 579 3412 692 3451; x_wconf 90' lang='lat' dir='ltr'>non</span> <span class='ocrx_word' id='word_1_281' title='bbox 750 3400 1018 3467; x_wconf 87' lang='lat' dir='ltr'>poterunt</span> <span class='ocrx_word' id='word_1_282' title='bbox 1069 3397 1354 3452; x_wconf 84' lang='lat' dir='ltr'>attrahere</span> <span class='ocrx_word' id='word_1_283' title='bbox 1413 3399 1474 3452; x_wconf 90' lang='lat' dir='ltr'>in</span> <span class='ocrx_word' id='word_1_284' title='bbox 1525 3403 1718 3468; x_wconf 89' lang='lat' dir='ltr'>partes</span> <span class='ocrx_word' id='word_1_285' title='bbox 1750 3397 1912 3451; x_wconf 88' lang='lat' dir='ltr'>Anti-</span> 
     </span>
    </p>
   </div>
   <div class='ocr_carea' id='block_1_39' title="bbox 253 3476 1914 3549">
    <p class='ocr_par' dir='ltr' id='par_1_39' title="bbox 253 3476 1914 3549">
     <span class='ocr_line' id='line_1_39' title="bbox 253 3476 1914 3549; baseline 0 -17"><span class='ocrx_word' id='word_1_286' title='bbox 253 3476 464 3532; x_wconf 90' lang='lat' dir='ltr'>christi</span> <span class='ocrx_word' id='word_1_287' title='bbox 499 3481 733 3532; x_wconf 86' lang='lat' dir='ltr'>sanctos</span> <span class='ocrx_word' id='word_1_288' title='bbox 763 3476 999 3532; x_wconf 78' lang='lat' dir='ltr'>Christi.</span> <span class='ocrx_word' id='word_1_289' title='bbox 1036 3477 1100 3530; x_wconf 90' lang='lat' dir='ltr'>Et</span> <span class='ocrx_word' id='word_1_290' title='bbox 1129 3477 1253 3547; x_wconf 92' lang='lat' dir='ltr'>ipse</span> <span class='ocrx_word' id='word_1_291' title='bbox 1277 3478 1387 3532; x_wconf 86' lang='lat' dir='ltr'>erit</span> <span class='ocrx_word' id='word_1_292' title='bbox 1410 3477 1564 3549; x_wconf 87' lang='lat' dir='ltr'>ignis</span> <span class='ocrx_word' id='word_1_293' title='bbox 1594 3477 1691 3548; x_wconf 90' lang='lat' dir='ltr'>qui</span> <span class='ocrx_word' id='word_1_294' title='bbox 1726 3491 1914 3532; x_wconf 89' lang='lat' dir='ltr'>come-</span> 
     </span>
    </p>
   </div>
   <div class='ocr_carea' id='block_1_40' title="bbox 254 3557 1918 3628">
    <p class='ocr_par' dir='ltr' id='par_1_40' title="bbox 254 3557 1918 3628">
     <span class='ocr_line' id='line_1_40' title="bbox 254 3557 1918 3628; baseline -0.001 -16"><span class='ocrx_word' id='word_1_295' title='bbox 254 3558 356 3612; x_wconf 87' lang='lat' dir='ltr'>det</span> <span class='ocrx_word' id='word_1_296' title='bbox 389 3574 512 3622; x_wconf 91' lang='lat' dir='ltr'>eos,</span> <span class='ocrx_word' id='word_1_297' title='bbox 545 3563 602 3613; x_wconf 90' lang='lat' dir='ltr'>et</span> <span class='ocrx_word' id='word_1_298' title='bbox 635 3558 741 3612; x_wconf 88' lang='lat' dir='ltr'>hoc</span> <span class='ocrx_word' id='word_1_299' title='bbox 770 3575 806 3611; x_wconf 91' lang='lat' dir='ltr'>a</span> <span class='ocrx_word' id='word_1_300' title='bbox 837 3558 976 3612; x_wconf 87' lang='lat' dir='ltr'>Deo:</span> <span class='ocrx_word' id='word_1_301' title='bbox 1008 3557 1143 3628; x_wconf 88' lang='lat' dir='ltr'>quia</span> <span class='ocrx_word' id='word_1_302' title='bbox 1190 3558 1290 3612; x_wconf 91' lang='lat' dir='ltr'>Dei</span> <span class='ocrx_word' id='word_1_303' title='bbox 1340 3574 1582 3613; x_wconf 90' lang='lat' dir='ltr'>munere</span> <span class='ocrx_word' id='word_1_304' title='bbox 1614 3560 1918 3628; x_wconf 86' lang='lat' dir='ltr'>insupera-</span> 
     </span>
    </p>
   </div>
   <div class='ocr_carea' id='block_1_41' title="bbox 258 3637 1919 3701">
    <p class='ocr_par' dir='ltr' id='par_1_41' title="bbox 258 3637 1919 3701">
     <span class='ocr_line' id='line_1_41' title="bbox 258 3637 1919 3701; baseline -0.001 -10"><span class='ocrx_word' id='word_1_305' title='bbox 258 3637 416 3692; x_wconf 87' lang='lat' dir='ltr'>biles</span> <span class='ocrx_word' id='word_1_306' title='bbox 453 3637 596 3692; x_wconf 83' lang='lat' dir='ltr'>ﬁunt</span> <span class='ocrx_word' id='word_1_307' title='bbox 627 3637 834 3701; x_wconf 84' lang='lat' dir='ltr'>sancti,</span> <span class='ocrx_word' id='word_1_308' title='bbox 869 3638 1021 3692; x_wconf 87' lang='lat' dir='ltr'>unde</span> <span class='ocrx_word' id='word_1_309' title='bbox 1053 3637 1724 3694; x_wconf 86' lang='lat' dir='ltr'>excrucianturinimici.</span> <span class='ocrx_word' id='word_1_310' title='bbox 1756 3638 1919 3692; x_wconf 88' lang='lat' dir='ltr'>Sicut</span> 
     </span>
    </p>
   </div>
   <div class='ocr_carea' id='block_1_42' title="bbox 254 3717 1919 3787">
    <p class='ocr_par' dir='ltr' id='par_1_42' title="bbox 254 3717 1919 3787">
     <span class='ocr_line' id='line_1_42' title="bbox 254 3717 1919 3787; baseline 0.001 -15"><span class='ocrx_word' id='word_1_311' title='bbox 254 3718 421 3772; x_wconf 88' lang='lat' dir='ltr'>enim</span> <span class='ocrx_word' id='word_1_312' title='bbox 457 3717 514 3771; x_wconf 88' lang='lat' dir='ltr'>in</span> <span class='ocrx_word' id='word_1_313' title='bbox 548 3717 695 3773; x_wconf 92' lang='lat' dir='ltr'>bono</span> <span class='ocrx_word' id='word_1_314' title='bbox 729 3718 981 3787; x_wconf 88' lang='lat' dir='ltr'>positum</span> <span class='ocrx_word' id='word_1_315' title='bbox 1015 3724 1124 3784; x_wconf 89' lang='lat' dir='ltr'>est,</span> <span class='ocrx_word' id='word_1_316' title='bbox 1154 3718 1314 3772; x_wconf 79' lang='lat' dir='ltr'>Zelus</span> <span class='ocrx_word' id='word_1_317' title='bbox 1343 3717 1529 3773; x_wconf 86' lang='lat' dir='ltr'>domus</span> <span class='ocrx_word' id='word_1_318' title='bbox 1554 3724 1669 3776; x_wconf 65' lang='lat' dir='ltr'>tuae</span> <span class='ocrx_word' id='word_1_319' title='bbox 1687 3717 1919 3774; x_wconf 83' lang='lat' dir='ltr'>comedit</span> 
     </span>
    </p>
   </div>
   <div class='ocr_carea' id='block_1_43' title="bbox 249 3798 1918 3870">
    <p class='ocr_par' dir='ltr' id='par_1_43' title="bbox 249 3798 1918 3870">
     <span class='ocr_line' id='line_1_43' title="bbox 249 3798 1918 3870; baseline -0.001 -16"><span class='ocrx_word' id='word_1_320' title='bbox 249 3814 340 3854; x_wconf 89' lang='lat' dir='ltr'>me</span> <span class='ocrx_word' id='word_1_321' title='bbox 375 3798 552 3866; x_wconf 85' lang='lat' dir='ltr'>(Psat.</span> <span class='ocrx_word' id='word_1_322' title='bbox 590 3814 783 3867; x_wconf 80' lang='lat' dir='ltr'>vam,</span> <span class='ocrx_word' id='word_1_323' title='bbox 810 3799 898 3866; x_wconf 83' lang='grc'>10)</span> <span class='ocrx_word' id='word_1_324' title='bbox 924 3815 938 3865; x_wconf 90' lang='grc'><strong>;</strong></span> <span class='ocrx_word' id='word_1_325' title='bbox 972 3798 1051 3853; x_wconf 89' lang='lat' dir='ltr'>ita</span> <span class='ocrx_word' id='word_1_326' title='bbox 1069 3815 1099 3852; x_wconf 91' lang='lat' dir='ltr'>e</span> <span class='ocrx_word' id='word_1_327' title='bbox 1121 3800 1434 3868; x_wconf 87' lang='lat' dir='ltr'>contrario,</span> <span class='ocrx_word' id='word_1_328' title='bbox 1458 3800 1614 3854; x_wconf 84' lang='lat' dir='ltr'>Zelus</span> <span class='ocrx_word' id='word_1_329' title='bbox 1636 3798 1918 3870; x_wconf 82' lang='lat' dir='ltr'>occupavit</span> 
     </span>
    </p>
   </div>
   <div class='ocr_carea' id='block_1_44' title="bbox 244 3878 1918 3951">
    <p class='ocr_par' dir='ltr' id='par_1_44' title="bbox 244 3878 1918 3951">
     <span class='ocr_line' id='line_1_44' title="bbox 244 3878 1918 3951; baseline 0.001 -17"><span class='ocrx_word' id='word_1_330' title='bbox 244 3880 476 3948; x_wconf 77' lang='lat' dir='ltr'>plebem</span> <span class='ocrx_word' id='word_1_331' title='bbox 511 3878 868 3948; x_wconf 80' lang='lat' dir='ltr'>ineruditum,</span> <span class='ocrx_word' id='word_1_332' title='bbox 903 3887 953 3935; x_wconf 90' lang='lat' dir='ltr'>et</span> <span class='ocrx_word' id='word_1_333' title='bbox 981 3895 1127 3934; x_wconf 86' lang='lat' dir='ltr'>nunc</span> <span class='ocrx_word' id='word_1_334' title='bbox 1156 3880 1307 3951; x_wconf 84' lang='lat' dir='ltr'>ignis</span> <span class='ocrx_word' id='word_1_335' title='bbox 1337 3883 1641 3936; x_wconf 83' lang='lat' dir='ltr'>contrarios</span> <span class='ocrx_word' id='word_1_336' title='bbox 1681 3880 1918 3936; x_wconf 84' lang='lat' dir='ltr'>comedet</span> 
     </span>
    </p>
   </div>
   <div class='ocr_carea' id='block_1_45' title="bbox 247 3961 1916 4032">
    <p class='ocr_par' dir='ltr' id='par_1_45' title="bbox 247 3961 1916 4032">
     <span class='ocr_line' id='line_1_45' title="bbox 247 3961 1916 4032; baseline 0.002 -18"><span class='ocrx_word' id='word_1_337' title='bbox 247 3961 409 4030; x_wconf 87' lang='lat' dir='ltr'>(Isai.</span> <span class='ocrx_word' id='word_1_338' title='bbox 446 3977 598 4025; x_wconf 79' lang='lat' dir='ltr'>xxvr,</span> <span class='ocrx_word' id='word_1_339' title='bbox 636 3961 720 4030; x_wconf 85' lang='grc'>11,</span> <span class='ocrx_word' id='word_1_340' title='bbox 751 3977 854 4015; x_wconf 90' lang='lat' dir='ltr'>sec.</span> <span class='ocrx_word' id='word_1_341' title='bbox 883 3961 1070 4030; x_wconf 80' lang='lat' dir='ltr'>LXX).</span> <span class='ocrx_word' id='word_1_342' title='bbox 1123 3963 1189 4014; x_wconf 84' lang='lat' dir='ltr'>Et</span> <span class='ocrx_word' id='word_1_343' title='bbox 1238 3977 1386 4016; x_wconf 80' lang='lat' dir='ltr'>nunc</span> <span class='ocrx_word' id='word_1_344' title='bbox 1417 3963 1637 4032; x_wconf 89' lang='lat' dir='ltr'>utique,</span> <span class='ocrx_word' id='word_1_345' title='bbox 1681 3966 1916 4032; x_wconf 89' lang='lat' dir='ltr'>excepto</span> 
     </span>
    </p>
   </div>
   <div class='ocr_carea' id='block_1_46' title="bbox 255 4040 1916 4113">
    <p class='ocr_par' dir='ltr' id='par_1_46' title="bbox 255 4040 1916 4113">
     <span class='ocr_line' id='line_1_46' title="bbox 255 4040 1916 4113; baseline 0.001 -17"><span class='ocrx_word' id='word_1_346' title='bbox 255 4040 492 4097; x_wconf 84' lang='lat' dir='ltr'>scilicet</span> <span class='ocrx_word' id='word_1_347' title='bbox 523 4041 712 4096; x_wconf 88' lang='lat' dir='ltr'>ultimi</span> <span class='ocrx_word' id='word_1_348' title='bbox 747 4041 904 4095; x_wconf 88' lang='lat' dir='ltr'>illius</span> <span class='ocrx_word' id='word_1_349' title='bbox 947 4041 1078 4111; x_wconf 88' lang='lat' dir='ltr'>igne</span> <span class='ocrx_word' id='word_1_350' title='bbox 1121 4041 1353 4111; x_wconf 89' lang='lat' dir='ltr'>judicii.</span> <span class='ocrx_word' id='word_1_351' title='bbox 1385 4043 1499 4096; x_wconf 88' lang='lat' dir='ltr'>Aut</span> <span class='ocrx_word' id='word_1_352' title='bbox 1532 4042 1580 4096; x_wconf 91' lang='lat' dir='ltr'>si</span> <span class='ocrx_word' id='word_1_353' title='bbox 1631 4059 1754 4097; x_wconf 89' lang='lat' dir='ltr'>eam</span> <span class='ocrx_word' id='word_1_354' title='bbox 1793 4043 1916 4113; x_wconf 84' lang='lat' dir='ltr'>pla-</span> 
     </span>
    </p>
   </div>
   <div class='ocr_carea' id='block_1_47' title="bbox 252 4121 1915 4193">
    <p class='ocr_par' dir='ltr' id='par_1_47' title="bbox 252 4121 1915 4193">
     <span class='ocr_line' id='line_1_47' title="bbox 252 4121 1915 4193; baseline 0.001 -17"><span class='ocrx_word' id='word_1_355' title='bbox 252 4136 420 4193; x_wconf 88' lang='lat' dir='ltr'>gam,</span> <span class='ocrx_word' id='word_1_356' title='bbox 457 4138 584 4192; x_wconf 68' lang='lat' dir='ltr'>quae</span> <span class='ocrx_word' id='word_1_357' title='bbox 617 4121 981 4192; x_wconf 88' lang='lat' dir='ltr'>percutiendi</span> <span class='ocrx_word' id='word_1_358' title='bbox 1015 4125 1154 4176; x_wconf 88' lang='lat' dir='ltr'>sunt</span> <span class='ocrx_word' id='word_1_359' title='bbox 1199 4121 1461 4177; x_wconf 66' lang='lat' dir='ltr'>Ecclesia</span> <span class='ocrx_word' id='word_1_360' title='bbox 1495 4126 1915 4193; x_wconf 86' lang='lat' dir='ltr'>persecutores,</span> 
     </span>
    </p>
   </div>
   <div class='ocr_carea' id='block_1_48' title="bbox 250 4202 1919 4273">
    <p class='ocr_par' dir='ltr' id='par_1_48' title="bbox 250 4202 1919 4273">
     <span class='ocr_line' id='line_1_48' title="bbox 250 4202 1919 4273; baseline 0.001 -17"><span class='ocrx_word' id='word_1_361' title='bbox 250 4202 678 4271; x_wconf 86' lang='lat' dir='ltr'>venientejam</span> <span class='ocrx_word' id='word_1_362' title='bbox 711 4202 960 4270; x_wconf 88' lang='lat' dir='ltr'>Christo,</span> <span class='ocrx_word' id='word_1_363' title='bbox 994 4218 1139 4272; x_wconf 90' lang='lat' dir='ltr'>quos</span> <span class='ocrx_word' id='word_1_364' title='bbox 1168 4203 1420 4258; x_wconf 80' lang='lat' dir='ltr'>viventes</span> <span class='ocrx_word' id='word_1_365' title='bbox 1463 4205 1716 4259; x_wconf 90' lang='lat' dir='ltr'>inveniet</span> <span class='ocrx_word' id='word_1_366' title='bbox 1744 4220 1919 4273; x_wconf 83' lang='lat' dir='ltr'>super</span> 
     </span>
    </p>
   </div>
   <div class='ocr_carea' id='block_1_49' title="bbox 249 4284 1915 4354">
    <p class='ocr_par' dir='ltr' id='par_1_49' title="bbox 249 4284 1915 4354">
     <span class='ocr_line' id='line_1_49' title="bbox 249 4284 1915 4354; baseline 0.001 -16"><span class='ocrx_word' id='word_1_367' title='bbox 249 4287 505 4351; x_wconf 89' lang='lat' dir='ltr'>terram,</span> <span class='ocrx_word' id='word_1_368' title='bbox 555 4284 788 4354; x_wconf 85' lang='lat' dir='ltr'>quando</span> <span class='ocrx_word' id='word_1_369' title='bbox 851 4284 1161 4339; x_wconf 85' lang='lat' dir='ltr'>interﬁciet</span> <span class='ocrx_word' id='word_1_370' title='bbox 1225 4285 1646 4340; x_wconf 83' lang='lat' dir='ltr'>Antichristum</span> <span class='ocrx_word' id='word_1_371' title='bbox 1705 4284 1915 4354; x_wconf 86' lang='lat' dir='ltr'>spiritu</span> 
     </span>
    </p>
   </div>
   <div class='ocr_carea' id='block_1_50' title="bbox 250 4364 1914 4437">
    <p class='ocr_par' dir='ltr' id='par_1_50' title="bbox 250 4364 1914 4437">
     <span class='ocr_line' id='line_1_50' title="bbox 250 4364 1914 4437; baseline 0.001 -17"><span class='ocrx_word' id='word_1_372' title='bbox 250 4365 374 4420; x_wconf 85' lang='lat' dir='ltr'>oris</span> <span class='ocrx_word' id='word_1_373' title='bbox 409 4365 502 4419; x_wconf 87' lang='lat' dir='ltr'>sui</span> <span class='ocrx_word' id='word_1_374' title='bbox 535 4364 608 4435; x_wconf 93' lang='lat' dir='ltr'>(Il</span> <span class='ocrx_word' id='word_1_375' title='bbox 640 4365 820 4419; x_wconf 79' lang='lat' dir='ltr'>Thess.</span> <span class='ocrx_word' id='word_1_376' title='bbox 852 4381 914 4431; x_wconf 85' lang='lat' dir='ltr'>It,</span> <span class='ocrx_word' id='word_1_377' title='bbox 947 4365 1025 4435; x_wconf 89' lang='lat'>8),</span> <span class='ocrx_word' id='word_1_378' title='bbox 1082 4364 1274 4434; x_wconf 90' lang='lat' dir='ltr'>ignem</span> <span class='ocrx_word' id='word_1_379' title='bbox 1327 4365 1637 4437; x_wconf 82' lang='lat' dir='ltr'>appellavit</span> <span class='ocrx_word' id='word_1_380' title='bbox 1684 4367 1914 4421; x_wconf 90' lang='lat' dir='ltr'>descen-</span> 
     </span>
    </p>
   </div>
   <div class='ocr_carea' id='block_1_51' title="bbox 247 4445 1918 4517">
    <p class='ocr_par' dir='ltr' id='par_1_51' title="bbox 247 4445 1918 4517">
     <span class='ocr_line' id='line_1_51' title="bbox 247 4445 1918 4517; baseline 0.002 -17"><span class='ocrx_word' id='word_1_381' title='bbox 247 4446 495 4500; x_wconf 89' lang='lat' dir='ltr'>dentem</span> <span class='ocrx_word' id='word_1_382' title='bbox 529 4445 599 4500; x_wconf 90' lang='lat' dir='ltr'>de</span> <span class='ocrx_word' id='word_1_383' title='bbox 629 4445 790 4506; x_wconf 78' lang='lat' dir='ltr'>cmlo.</span> <span class='ocrx_word' id='word_1_384' title='bbox 845 4461 1058 4516; x_wconf 89' lang='lat' dir='ltr'>eosque</span> <span class='ocrx_word' id='word_1_385' title='bbox 1107 4447 1528 4514; x_wconf 88' lang='lat' dir='ltr'>comedentem,</span> <span class='ocrx_word' id='word_1_386' title='bbox 1572 4463 1760 4517; x_wconf 88' lang='lat' dir='ltr'>neque</span> <span class='ocrx_word' id='word_1_387' title='bbox 1809 4448 1918 4503; x_wconf 88' lang='lat' dir='ltr'>hoc</span> 
     </span>
    </p>
   </div>
   <div class='ocr_carea' id='block_1_52' title="bbox 253 4524 1914 4598">
    <p class='ocr_par' dir='ltr' id='par_1_52' title="bbox 253 4524 1914 4598">
     <span class='ocr_line' id='line_1_52' title="bbox 253 4524 1914 4598; baseline 0.001 -18"><span class='ocrx_word' id='word_1_388' title='bbox 253 4524 539 4580; x_wconf 87' lang='lat' dir='ltr'>ultimum</span> <span class='ocrx_word' id='word_1_389' title='bbox 574 4525 931 4596; x_wconf 85' lang='lat' dir='ltr'>supplicium</span> <span class='ocrx_word' id='word_1_390' title='bbox 965 4524 1071 4579; x_wconf 90' lang='lat' dir='ltr'>erit</span> <span class='ocrx_word' id='word_1_391' title='bbox 1097 4525 1432 4595; x_wconf 90' lang='lat' dir='ltr'>impiorum,</span> <span class='ocrx_word' id='word_1_392' title='bbox 1458 4528 1557 4581; x_wconf 91' lang='lat' dir='ltr'>sed</span> <span class='ocrx_word' id='word_1_393' title='bbox 1586 4527 1729 4581; x_wconf 88' lang='lat' dir='ltr'>illud</span> <span class='ocrx_word' id='word_1_394' title='bbox 1762 4528 1914 4598; x_wconf 91' lang='lat' dir='ltr'>quod</span> 
     </span>
    </p>
   </div>
   <div class='ocr_carea' id='block_1_53' title="bbox 251 4605 1666 4677">
    <p class='ocr_par' dir='ltr' id='par_1_53' title="bbox 251 4605 1666 4677">
     <span class='ocr_line' id='line_1_53' title="bbox 251 4605 1666 4677; baseline 0.001 -17"><span class='ocrx_word' id='word_1_395' title='bbox 251 4607 412 4662; x_wconf 86' lang='lat' dir='ltr'>facta</span> <span class='ocrx_word' id='word_1_396' title='bbox 445 4621 752 4677; x_wconf 88' lang='lat' dir='ltr'>corporum</span> <span class='ocrx_word' id='word_1_397' title='bbox 787 4605 1209 4662; x_wconf 87' lang='lat' dir='ltr'>resurrectione</span> <span class='ocrx_word' id='word_1_398' title='bbox 1251 4607 1478 4676; x_wconf 87' lang='lat' dir='ltr'>passuri</span> <span class='ocrx_word' id='word_1_399' title='bbox 1509 4611 1666 4662; x_wconf 89' lang='lat' dir='ltr'>sunt.</span> 
     </span>
    </p>
   </div>
   <div class='ocr_carea' id='block_1_54' title="bbox 246 4764 1920 4836">
    <p class='ocr_par' dir='ltr' id='par_1_54' title="bbox 246 4764 1920 4836">
     <span class='ocr_line' id='line_1_54' title="bbox 246 4764 1920 4836; baseline -0.002 -12"><span class='ocrx_word' id='word_1_400' title='bbox 246 4766 496 4824; x_wconf 84' lang='lat' dir='ltr'>CAPUT</span> <span class='ocrx_word' id='word_1_401' title='bbox 525 4765 672 4822; x_wconf 85' lang='lat' dir='ltr'><strong>XIII.</strong></span> <span class='ocrx_word' id='word_1_402' title='bbox 705 4797 768 4806; x_wconf 92' lang='lat'><strong><em>—</em></strong></span> <span class='ocrx_word' id='word_1_403' title='bbox 804 4768 883 4821; x_wconf 85' lang='lat' dir='ltr'>An</span> <span class='ocrx_word' id='word_1_404' title='bbox 912 4773 1124 4836; x_wconf 85' lang='lat' dir='ltr'>tempus</span> <span class='ocrx_word' id='word_1_405' title='bbox 1162 4766 1558 4836; x_wconf 78' lang='lat' dir='ltr'>persecutionis</span> <span class='ocrx_word' id='word_1_406' title='bbox 1590 4764 1920 4821; x_wconf 82' lang='lat' dir='ltr'>Antichristi</span> 
     </span>
    </p>
   </div>
   <div class='ocr_carea' id='block_1_55' title="bbox 573 4845 1613 4902">
    <p class='ocr_par' dir='ltr' id='par_1_55' title="bbox 573 4845 1613 4902">
     <span class='ocr_line' id='line_1_55' title="bbox 573 4845 1613 4902; baseline -0.001 -1"><span class='ocrx_word' id='word_1_407' title='bbox 573 4846 729 4902; x_wconf 79' lang='lat' dir='ltr'>mitte</span> <span class='ocrx_word' id='word_1_408' title='bbox 757 4849 924 4902; x_wconf 87' lang='lat' dir='ltr'>annis</span> <span class='ocrx_word' id='word_1_409' title='bbox 958 4845 1444 4902; x_wconf 87' lang='lat' dir='ltr'>annumerandum</span> <span class='ocrx_word' id='word_1_410' title='bbox 1471 4847 1548 4901; x_wconf 82' lang='lat' dir='ltr'>sit</span> <span class='ocrx_word' id='word_1_411' title='bbox 1572 4845 1613 4900; x_wconf 70' lang='grc'>2.</span> 
     </span>
    </p>
   </div>
   <div class='ocr_carea' id='block_1_56' title="bbox 335 4983 1920 5056">
    <p class='ocr_par' dir='ltr' id='par_1_56' title="bbox 335 4983 1920 5056">
     <span class='ocr_line' id='line_1_56' title="bbox 335 4983 1920 5056; baseline 0 -15"><span class='ocrx_word' id='word_1_412' title='bbox 335 4987 473 5041; x_wconf 69' lang='lat' dir='ltr'>Haec</span> <span class='ocrx_word' id='word_1_413' title='bbox 506 4985 827 5051; x_wconf 84' lang='lat' dir='ltr'>persecutio</span> <span class='ocrx_word' id='word_1_414' title='bbox 858 4983 1194 5051; x_wconf 85' lang='lat' dir='ltr'>novissima,</span> <span class='ocrx_word' id='word_1_415' title='bbox 1215 5001 1342 5056; x_wconf 64' lang='lat' dir='ltr'>quae</span> <span class='ocrx_word' id='word_1_416' title='bbox 1373 4984 1566 5040; x_wconf 82' lang='lat' dir='ltr'>futura</span> <span class='ocrx_word' id='word_1_417' title='bbox 1596 4986 1684 5039; x_wconf 87' lang='lat' dir='ltr'>est</span> <span class='ocrx_word' id='word_1_418' title='bbox 1710 4983 1780 5040; x_wconf 87' lang='lat' dir='ltr'>ab</span> <span class='ocrx_word' id='word_1_419' title='bbox 1810 4986 1920 5041; x_wconf 87' lang='lat' dir='ltr'>An-</span> 
     </span>
    </p>
   </div>
   <div class='ocr_carea' id='block_1_57' title="bbox 317 5185 1897 5243">
    <p class='ocr_par' dir='ltr' id='par_1_57' title="bbox 317 5185 1897 5243">
     <span class='ocr_line' id='line_1_57' title="bbox 317 5185 1897 5243; baseline 0.004 -11"><span class='ocrx_word' id='word_1_420' title='bbox 317 5187 336 5220; x_wconf 77' lang='grc'><strong>1</strong></span> <span class='ocrx_word' id='word_1_421' title='bbox 371 5185 546 5233; x_wconf 84' lang='lat' dir='ltr'>Editio</span> <span class='ocrx_word' id='word_1_422' title='bbox 577 5185 722 5243; x_wconf 84' lang='lat' dir='ltr'>Lov.,</span> <span class='ocrx_word' id='word_1_423' title='bbox 756 5186 1053 5234; x_wconf 78' lang='lat' dir='ltr'>malitiam.</span> <span class='ocrx_word' id='word_1_424' title='bbox 1090 5186 1412 5236; x_wconf 88' lang='lat' dir='ltr'>Emendatur</span> <span class='ocrx_word' id='word_1_425' title='bbox 1439 5200 1505 5236; x_wconf 80' lang='lat' dir='ltr'>ex</span> <span class='ocrx_word' id='word_1_426' title='bbox 1534 5187 1689 5236; x_wconf 87' lang='lat' dir='ltr'>editis</span> <span class='ocrx_word' id='word_1_427' title='bbox 1719 5187 1837 5236; x_wconf 82' lang='lat' dir='ltr'>aliis</span> <span class='ocrx_word' id='word_1_428' title='bbox 1870 5202 1897 5238; x_wconf 90' lang='lat' dir='ltr'>e</span> 
     </span>
    </p>
   </div>
   <div class='ocr_carea' id='block_1_58' title="bbox 252 5248 1882 5309">
    <p class='ocr_par' dir='ltr' id='par_1_58' title="bbox 252 5248 1882 5309">
     <span class='ocr_line' id='line_1_58' title="bbox 252 5248 1882 5309; baseline 0.002 -14"><span class='ocrx_word' id='word_1_429' title='bbox 252 5248 661 5309; x_wconf 83' lang='lat' dir='ltr'>manuscriptis.</span> <span class='ocrx_word' id='word_1_430' title='bbox 1878 5280 1882 5284; x_wconf 95' lang='lat'><strong><em>-</em></strong></span> 
     </span>
    </p>
   </div>
   <div class='ocr_carea' id='block_1_59' title="bbox 320 5310 1922 5374">
    <p class='ocr_par' dir='ltr' id='par_1_59' title="bbox 320 5310 1922 5374">
     <span class='ocr_line' id='line_1_59' title="bbox 320 5310 1922 5374; baseline 0.001 -16"><span class='ocrx_word' id='word_1_431' title='bbox 320 5310 455 5374; x_wconf 68' lang='lat' dir='ltr'>2Ita</span> <span class='ocrx_word' id='word_1_432' title='bbox 482 5311 603 5374; x_wconf 51' lang='lat' dir='ltr'>Mss,</span> <span class='ocrx_word' id='word_1_433' title='bbox 658 5312 725 5358; x_wconf 85' lang='lat' dir='ltr'>At</span> <span class='ocrx_word' id='word_1_434' title='bbox 771 5312 918 5367; x_wconf 84' lang='lat' dir='ltr'>editi,</span> <span class='ocrx_word' id='word_1_435' title='bbox 959 5313 1048 5360; x_wconf 82' lang='lat' dir='ltr'>An</span> <span class='ocrx_word' id='word_1_436' title='bbox 1097 5323 1226 5361; x_wconf 85' lang='lat' dir='ltr'>ante</span> <span class='ocrx_word' id='word_1_437' title='bbox 1257 5316 1471 5374; x_wconf 79' lang='lat' dir='ltr'>tempus</span> <span class='ocrx_word' id='word_1_438' title='bbox 1525 5313 1922 5373; x_wconf 78' lang='lat' dir='ltr'>persecutionis</span> 
     </span>
    </p>
   </div>
   <div class='ocr_carea' id='block_1_60' title="bbox 249 5372 1575 5424">
    <p class='ocr_par' dir='ltr' id='par_1_60' title="bbox 249 5372 1575 5424">
     <span class='ocr_line' id='line_1_60' title="bbox 249 5372 1575 5424; baseline 0.004 -5"><span class='ocrx_word' id='word_1_439' title='bbox 249 5372 605 5420; x_wconf 77' lang='lat' dir='ltr'>Antichristi</span> <span class='ocrx_word' id='word_1_440' title='bbox 634 5373 793 5420; x_wconf 83' lang='lat' dir='ltr'>mille</span> <span class='ocrx_word' id='word_1_441' title='bbox 820 5375 962 5422; x_wconf 78' lang='lat' dir='ltr'>anni</span> <span class='ocrx_word' id='word_1_442' title='bbox 992 5372 1410 5424; x_wconf 68' lang='lat' dir='ltr'>annmnerandi</span> <span class='ocrx_word' id='word_1_443' title='bbox 1444 5372 1575 5424; x_wconf 71' lang='lat' dir='ltr'>sint.</span> 
     </span>
    </p>
   </div>
   <div class='ocr_carea' id='block_1_61' title="bbox 318 5435 1922 5502">
    <p class='ocr_par' dir='ltr' id='par_1_61' title="bbox 318 5435 1922 5502">
     <span class='ocr_line' id='line_1_61' title="bbox 318 5435 1922 5502; baseline 0.004 -21"><span class='ocrx_word' id='word_1_444' title='bbox 318 5436 398 5497; x_wconf 81' lang='grc' dir='ltr'>(α)</span> <span class='ocrx_word' id='word_1_445' title='bbox 442 5435 839 5502; x_wconf 45' lang='grc' dir='ltr'>ΔΙιὶίδβπξιὶειεωιι</span> <span class='ocrx_word' id='word_1_446' title='bbox 885 5440 982 5492; x_wconf 82' lang='lat' dir='ltr'>est,</span> <span class='ocrx_word' id='word_1_447' title='bbox 1031 5439 1202 5502; x_wconf 70' lang='grc' dir='ltr'>αἱ)εο</span> <span class='ocrx_word' id='word_1_448' title='bbox 1235 5453 1249 5499; x_wconf 88' lang='lat'>;</span> <span class='ocrx_word' id='word_1_449' title='bbox 1287 5441 1429 5502; x_wconf 87' lang='lat' dir='ltr'>quod</span> <span class='ocrx_word' id='word_1_450' title='bbox 1475 5443 1652 5489; x_wconf 87' lang='lat' dir='ltr'>tamen</span> <span class='ocrx_word' id='word_1_451' title='bbox 1703 5451 1764 5487; x_wconf 86' lang='lat' dir='ltr'>eo</span> <span class='ocrx_word' id='word_1_452' title='bbox 1809 5439 1922 5488; x_wconf 90' lang='lat' dir='ltr'>loco</span> 
     </span>
    </p>
   </div>
   <div class='ocr_carea' id='block_1_62' title="bbox 250 5497 1923 5612">
    <p class='ocr_par' dir='ltr' id='par_1_62' title="bbox 250 5497 1923 5612">
     <span class='ocr_line' id='line_1_62' title="bbox 250 5497 1923 5612; baseline 0.004 -67"><span class='ocrx_word' id='word_1_453' title='bbox 250 5497 611 5612; x_wconf 49' lang='lat' dir='ltr'>{Alﬁocalypsis</span> <span class='ocrx_word' id='word_1_454' title='bbox 640 5500 848 5560; x_wconf 80' lang='lat' dir='ltr'>legebat</span> <span class='ocrx_word' id='word_1_455' title='bbox 869 5497 1375 5575; x_wconf 32' lang='lat' dir='ltr'>Augustinusz&#39;nam</span> <span class='ocrx_word' id='word_1_456' title='bbox 1404 5503 1458 5551; x_wconf 91' lang='lat' dir='ltr'>id</span> <span class='ocrx_word' id='word_1_457' title='bbox 1488 5517 1630 5562; x_wconf 83' lang='lat' dir='ltr'>mox,</span> <span class='ocrx_word' id='word_1_458' title='bbox 1660 5503 1923 5565; x_wconf 88' lang='lat' dir='ltr'>quomodo</span> 
     </span>
     <span class='ocr_line' id='line_1_63' title="bbox 250 5561 1196 5612; baseline 0.003 -2"><span class='ocrx_word' id='word_1_459' title='bbox 250 5575 272 5610; x_wconf 80' lang='grc' dir='ltr'><strong>ι</strong></span> <span class='ocrx_word' id='word_1_460' title='bbox 339 5573 372 5612; x_wconf 86' lang='lat' dir='ltr'>c</span> <span class='ocrx_word' id='word_1_461' title='bbox 401 5561 810 5612; x_wconf 64' lang='lat' dir='ltr'>intelligendum</span> <span class='ocrx_word' id='word_1_462' title='bbox 839 5565 923 5612; x_wconf 89' lang='lat' dir='ltr'>s1t.</span> <span class='ocrx_word' id='word_1_463' title='bbox 960 5566 1196 5612; x_wconf 79' lang='lat' dir='ltr'>exnomt.</span> 
     </span>
    </p>
   </div>
   <div class='ocr_carea' id='block_1_63' title="bbox 248 5561 1196 5626">
    <p class='ocr_par' dir='ltr' id='par_1_63' title="bbox 248 5561 1196 5626">
     <span class='ocr_line' id='line_1_64' title="bbox 248 5561 1196 5626; baseline 0.005 -16"><span class='ocrx_word' id='word_1_464' title='bbox 248 5561 372 5612; x_wconf 78' lang='lat' dir='ltr'>illic</span> <span class='ocrx_word' id='word_1_465' title='bbox 401 5561 810 5622; x_wconf 78' lang='lat' dir='ltr'>intelligendum</span> <span class='ocrx_word' id='word_1_466' title='bbox 839 5563 923 5618; x_wconf 88' lang='lat' dir='ltr'>sit,</span> <span class='ocrx_word' id='word_1_467' title='bbox 960 5565 1196 5626; x_wconf 79' lang='lat' dir='ltr'>exponit.</span> 
     </span>
    </p>
   </div>
   <div class='ocr_carea' id='block_1_64' title="bbox 1644 285 2364 348">
    <p class='ocr_par' dir='ltr' id='par_1_64' title="bbox 1644 285 2364 348">
     <span class='ocr_line' id='line_1_65' title="bbox 1644 285 2364 348; baseline -0.001 -2"><span class='ocrx_word' id='word_1_468' title='bbox 1644 287 1878 346; x_wconf 77' lang='lat' dir='ltr'><strong>LIBER</strong></span> <span class='ocrx_word' id='word_1_469' title='bbox 1923 285 2364 348; x_wconf 82' lang='lat' dir='ltr'>VIGESIMUS.</span> 
     </span>
    </p>
   </div>
   <div class='ocr_carea' id='block_1_65' title="bbox 3565 301 3685 370">
    <p class='ocr_par' dir='ltr' id='par_1_65' title="bbox 3565 301 3685 370">
     <span class='ocr_line' id='line_1_66' title="bbox 3565 301 3685 370; baseline -0.017 -11"><span class='ocrx_word' id='word_1_470' title='bbox 3565 301 3685 370; x_wconf 81' lang='lat'>678</span> 
     </span>
    </p>
   </div>
   <div class='ocr_carea' id='block_1_66' title="bbox 2040 419 3683 494">
    <p class='ocr_par' dir='ltr' id='par_1_66' title="bbox 2040 419 3683 494">
     <span class='ocr_line' id='line_1_67' title="bbox 2040 419 3683 494; baseline 0.011 -22"><span class='ocrx_word' id='word_1_471' title='bbox 2040 419 2304 475; x_wconf 89' lang='lat' dir='ltr'>tichristo</span> <span class='ocrx_word' id='word_1_472' title='bbox 2334 419 2505 490; x_wconf 83' lang='lat' dir='ltr'>(sicut</span> <span class='ocrx_word' id='word_1_473' title='bbox 2526 419 2652 489; x_wconf 87' lang='lat' dir='ltr'>jam</span> <span class='ocrx_word' id='word_1_474' title='bbox 2706 420 2981 490; x_wconf 83' lang='lat' dir='ltr'>diximus,</span> <span class='ocrx_word' id='word_1_475' title='bbox 3032 425 3171 494; x_wconf 84' lang='lat' dir='ltr'>quia</span> <span class='ocrx_word' id='word_1_476' title='bbox 3200 429 3258 482; x_wconf 90' lang='lat' dir='ltr'>et</span> <span class='ocrx_word' id='word_1_477' title='bbox 3286 427 3345 484; x_wconf 91' lang='lat' dir='ltr'>in</span> <span class='ocrx_word' id='word_1_478' title='bbox 3398 428 3506 486; x_wconf 89' lang='lat' dir='ltr'>hoc</span> <span class='ocrx_word' id='word_1_479' title='bbox 3537 432 3683 490; x_wconf 88' lang='lat' dir='ltr'>libro</span> 
     </span>
    </p>
   </div>
   <div class='ocr_carea' id='block_1_67' title="bbox 2040 501 3684 585">
    <p class='ocr_par' dir='ltr' id='par_1_67' title="bbox 2040 501 3684 585">
     <span class='ocr_line' id='line_1_68' title="bbox 2040 501 3684 585; baseline 0.01 -31"><span class='ocrx_word' id='word_1_480' title='bbox 2040 501 2308 585; x_wconf 76' lang='lat' dir='ltr'>superius</span> <span class='ocrx_word' id='word_1_481' title='bbox 2339 502 2520 585; x_wconf 83' lang='lat' dir='ltr'>[Apoc.</span> <span class='ocrx_word' id='word_1_482' title='bbox 2554 519 2609 568; x_wconf 72' lang='grc' dir='ltr'>Χ,</span> <span class='ocrx_word' id='word_1_483' title='bbox 2632 503 2805 585; x_wconf 67' lang='lat' dir='ltr'>etin],</span> <span class='ocrx_word' id='word_1_484' title='bbox 2830 507 2886 558; x_wconf 88' lang='lat' dir='ltr'>et</span> <span class='ocrx_word' id='word_1_485' title='bbox 2916 504 3069 574; x_wconf 83' lang='lat' dir='ltr'>apud</span> <span class='ocrx_word' id='word_1_486' title='bbox 3105 508 3397 566; x_wconf 83' lang='lat' dir='ltr'>Danielem</span> <span class='ocrx_word' id='word_1_487' title='bbox 3442 515 3684 585; x_wconf 87' lang='lat' dir='ltr'>prophe-</span> 
     </span>
    </p>
   </div>
   <div class='ocr_carea' id='block_1_68' title="bbox 2040 580 3685 653">
    <p class='ocr_par' dir='ltr' id='par_1_68' title="bbox 2040 580 3685 653">
     <span class='ocr_line' id='line_1_69' title="bbox 2040 580 3685 653; baseline 0.011 -20"><span class='ocrx_word' id='word_1_488' title='bbox 2040 583 2160 634; x_wconf 85' lang='lat' dir='ltr'>tam</span> <span class='ocrx_word' id='word_1_489' title='bbox 2195 580 2354 651; x_wconf 86' lang='lat' dir='ltr'>[Dan.</span> <span class='ocrx_word' id='word_1_490' title='bbox 2405 581 2506 651; x_wconf 71' lang='lat' dir='ltr'>xu]</span> <span class='ocrx_word' id='word_1_491' title='bbox 2553 582 2805 652; x_wconf 88' lang='lat' dir='ltr'>positum</span> <span class='ocrx_word' id='word_1_492' title='bbox 2852 586 2980 653; x_wconf 86' lang='lat' dir='ltr'>est),</span> <span class='ocrx_word' id='word_1_493' title='bbox 3032 586 3217 642; x_wconf 88' lang='lat' dir='ltr'>tribus</span> <span class='ocrx_word' id='word_1_494' title='bbox 3265 580 3458 647; x_wconf 66' lang='lat' dir='ltr'>annis</span> <span class='ocrx_word' id='word_1_495' title='bbox 3485 580 3564 648; x_wconf 60' lang='grc' dir='ltr'>εί</span> <span class='ocrx_word' id='word_1_496' title='bbox 3585 612 3685 651; x_wconf 87' lang='lat' dir='ltr'>sex</span> 
     </span>
    </p>
   </div>
   <div class='ocr_carea' id='block_1_69' title="bbox 2041 661 3683 742">
    <p class='ocr_par' dir='ltr' id='par_1_69' title="bbox 2041 661 3683 742">
     <span class='ocr_line' id='line_1_70' title="bbox 2041 661 3683 742; baseline 0.01 -27"><span class='ocrx_word' id='word_1_497' title='bbox 2041 662 2343 716; x_wconf 86' lang='lat' dir='ltr'>mensibus</span> <span class='ocrx_word' id='word_1_498' title='bbox 2390 661 2518 742; x_wconf 90' lang='lat' dir='ltr'>erit.</span> <span class='ocrx_word' id='word_1_499' title='bbox 2558 663 2721 729; x_wconf 84' lang='lat' dir='ltr'>Quod</span> <span class='ocrx_word' id='word_1_500' title='bbox 2770 672 3013 735; x_wconf 89' lang='lat' dir='ltr'>tempus,</span> <span class='ocrx_word' id='word_1_501' title='bbox 3073 670 3336 736; x_wconf 86' lang='lat' dir='ltr'>quamvis</span> <span class='ocrx_word' id='word_1_502' title='bbox 3386 674 3683 742; x_wconf 81' lang='lat' dir='ltr'>exiguum,</span> 
     </span>
    </p>
   </div>
   <div class='ocr_carea' id='block_1_70' title="bbox 2039 741 3684 816">
    <p class='ocr_par' dir='ltr' id='par_1_70' title="bbox 2039 741 3684 816">
     <span class='ocr_line' id='line_1_71' title="bbox 2039 741 3684 816; baseline 0.01 -21"><span class='ocrx_word' id='word_1_503' title='bbox 2039 749 2233 796; x_wconf 89' lang='lat' dir='ltr'>utrum</span> <span class='ocrx_word' id='word_1_504' title='bbox 2264 743 2330 796; x_wconf 82' lang='lat' dir='ltr'>ad</span> <span class='ocrx_word' id='word_1_505' title='bbox 2365 741 2524 797; x_wconf 88' lang='lat' dir='ltr'>mille</span> <span class='ocrx_word' id='word_1_506' title='bbox 2545 759 2727 798; x_wconf 90' lang='lat' dir='ltr'>annos</span> <span class='ocrx_word' id='word_1_507' title='bbox 2751 746 3054 814; x_wconf 87' lang='lat' dir='ltr'>pertineat,</span> <span class='ocrx_word' id='word_1_508' title='bbox 3079 748 3289 816; x_wconf 86' lang='lat' dir='ltr'>quibus</span> <span class='ocrx_word' id='word_1_509' title='bbox 3311 756 3368 806; x_wconf 90' lang='lat' dir='ltr'>et</span> <span class='ocrx_word' id='word_1_510' title='bbox 3389 741 3684 812; x_wconf 87' lang='lat' dir='ltr'>diabolum</span> 
     </span>
    </p>
   </div>
   <div class='ocr_carea' id='block_1_71' title="bbox 2037 820 3683 903">
    <p class='ocr_par' dir='ltr' id='par_1_71' title="bbox 2037 820 3683 903">
     <span class='ocr_line' id='line_1_72' title="bbox 2037 820 3683 903; baseline 0.012 -30"><span class='ocrx_word' id='word_1_511' title='bbox 2037 820 2288 903; x_wconf 76' lang='lat' dir='ltr'>ligatum</span> <span class='ocrx_word' id='word_1_512' title='bbox 2322 823 2480 892; x_wconf 87' lang='lat' dir='ltr'>dicit,</span> <span class='ocrx_word' id='word_1_513' title='bbox 2514 827 2572 879; x_wconf 90' lang='lat' dir='ltr'>et</span> <span class='ocrx_word' id='word_1_514' title='bbox 2599 830 2833 880; x_wconf 88' lang='lat' dir='ltr'>sanctos</span> <span class='ocrx_word' id='word_1_515' title='bbox 2867 842 3105 896; x_wconf 86' lang='lat' dir='ltr'>regnare</span> <span class='ocrx_word' id='word_1_516' title='bbox 3136 845 3269 884; x_wconf 87' lang='lat' dir='ltr'>cum</span> <span class='ocrx_word' id='word_1_517' title='bbox 3301 832 3567 903; x_wconf 88' lang='lat' dir='ltr'>Christo;</span> <span class='ocrx_word' id='word_1_518' title='bbox 3613 853 3683 892; x_wconf 89' lang='lat' dir='ltr'>an</span> 
     </span>
    </p>
   </div>
   <div class='ocr_carea' id='block_1_72' title="bbox 2040 900 3682 986">
    <p class='ocr_par' dir='ltr' id='par_1_72' title="bbox 2040 900 3682 986">
     <span class='ocr_line' id='line_1_73' title="bbox 2040 900 3682 986; baseline 0.01 -31"><span class='ocrx_word' id='word_1_519' title='bbox 2040 900 2258 986; x_wconf 86' lang='lat' dir='ltr'>eisdem</span> <span class='ocrx_word' id='word_1_520' title='bbox 2283 903 2459 986; x_wconf 4' lang='lat' dir='ltr'>(annis</span> <span class='ocrx_word' id='word_1_521' title='bbox 2489 903 2598 959; x_wconf 91' lang='lat' dir='ltr'>hoc</span> <span class='ocrx_word' id='word_1_522' title='bbox 2643 921 2882 986; x_wconf 84' lang='lat' dir='ltr'>parvum</span> <span class='ocrx_word' id='word_1_523' title='bbox 2930 909 3185 978; x_wconf 88' lang='lat' dir='ltr'>spatium</span> <span class='ocrx_word' id='word_1_524' title='bbox 3233 900 3682 986; x_wconf 79' lang='lat' dir='ltr'>superaddatur,</span> 
     </span>
    </p>
   </div>
   <div class='ocr_carea' id='block_1_73' title="bbox 2039 984 3679 1058">
    <p class='ocr_par' dir='ltr' id='par_1_73' title="bbox 2039 984 3679 1058">
     <span class='ocr_line' id='line_1_74' title="bbox 2039 984 3679 1058; baseline 0.01 -23"><span class='ocrx_word' id='word_1_525' title='bbox 2039 984 2214 1051; x_wconf 86' lang='lat' dir='ltr'>atque</span> <span class='ocrx_word' id='word_1_526' title='bbox 2246 984 2322 1038; x_wconf 90' lang='lat' dir='ltr'>sit</span> <span class='ocrx_word' id='word_1_527' title='bbox 2351 989 2528 1052; x_wconf 89' lang='lat' dir='ltr'>extra,</span> <span class='ocrx_word' id='word_1_528' title='bbox 2564 984 2764 1041; x_wconf 87' lang='lat' dir='ltr'>merito</span> <span class='ocrx_word' id='word_1_529' title='bbox 2803 988 3139 1058; x_wconf 79' lang='lat' dir='ltr'>ambigitur.</span> <span class='ocrx_word' id='word_1_530' title='bbox 3175 991 3321 1056; x_wconf 89' lang='lat' dir='ltr'>Quia</span> <span class='ocrx_word' id='word_1_531' title='bbox 3365 993 3412 1048; x_wconf 86' lang='lat' dir='ltr'>si</span> <span class='ocrx_word' id='word_1_532' title='bbox 3464 984 3679 1052; x_wconf 55' lang='lat' dir='ltr'>dixerié</span> 
     </span>
    </p>
   </div>
   <div class='ocr_carea' id='block_1_74' title="bbox 2043 1064 3680 1141">
    <p class='ocr_par' dir='ltr' id='par_1_74' title="bbox 2043 1064 3680 1141">
     <span class='ocr_line' id='line_1_75' title="bbox 2043 1064 3680 1141; baseline 0.01 -25"><span class='ocrx_word' id='word_1_533' title='bbox 2043 1077 2174 1118; x_wconf 91' lang='lat' dir='ltr'>mus</span> <span class='ocrx_word' id='word_1_534' title='bbox 2206 1064 2276 1118; x_wconf 87' lang='lat' dir='ltr'>ad</span> <span class='ocrx_word' id='word_1_535' title='bbox 2307 1066 2544 1120; x_wconf 84' lang='lat' dir='ltr'>eosdem</span> <span class='ocrx_word' id='word_1_536' title='bbox 2592 1082 2778 1122; x_wconf 81' lang='lat' dir='ltr'>annos</span> <span class='ocrx_word' id='word_1_537' title='bbox 2826 1067 2936 1124; x_wconf 89' lang='lat' dir='ltr'>hoc</span> <span class='ocrx_word' id='word_1_538' title='bbox 2994 1070 3301 1141; x_wconf 86' lang='lat' dir='ltr'>pertinere,</span> <span class='ocrx_word' id='word_1_539' title='bbox 3355 1090 3472 1132; x_wconf 91' lang='lat' dir='ltr'>non</span> <span class='ocrx_word' id='word_1_540' title='bbox 3522 1081 3680 1133; x_wconf 88' lang='lat' dir='ltr'>tanto</span> 
     </span>
    </p>
   </div>
   <div class='ocr_carea' id='block_1_75' title="bbox 2039 1145 3686 1224">
    <p class='ocr_par' dir='ltr' id='par_1_75' title="bbox 2039 1145 3686 1224">
     <span class='ocr_line' id='line_1_76' title="bbox 2039 1145 3686 1224; baseline 0.009 -24"><span class='ocrx_word' id='word_1_541' title='bbox 2039 1151 2319 1216; x_wconf 90' lang='lat' dir='ltr'>tempore,</span> <span class='ocrx_word' id='word_1_542' title='bbox 2352 1148 2452 1202; x_wconf 89' lang='lat' dir='ltr'>sed</span> <span class='ocrx_word' id='word_1_543' title='bbox 2487 1145 2792 1218; x_wconf 78' lang='lat' dir='ltr'>prolixiora</span> <span class='ocrx_word' id='word_1_544' title='bbox 2819 1163 2952 1204; x_wconf 88' lang='lat' dir='ltr'>eum</span> <span class='ocrx_word' id='word_1_545' title='bbox 2987 1150 3207 1206; x_wconf 90' lang='lat' dir='ltr'>Christo</span> <span class='ocrx_word' id='word_1_546' title='bbox 3246 1169 3490 1224; x_wconf 82' lang='lat' dir='ltr'>regnum</span> <span class='ocrx_word' id='word_1_547' title='bbox 3521 1174 3686 1214; x_wconf 82' lang='lat' dir='ltr'>sanc-</span> 
     </span>
    </p>
   </div>
   <div class='ocr_carea' id='block_1_76' title="bbox 2040 1227 3682 1308">
    <p class='ocr_par' dir='ltr' id='par_1_76' title="bbox 2040 1227 3682 1308">
     <span class='ocr_line' id='line_1_77' title="bbox 2040 1227 3682 1308; baseline 0.009 -28"><span class='ocrx_word' id='word_1_548' title='bbox 2040 1229 2231 1308; x_wconf 84' lang='lat' dir='ltr'>torum</span> <span class='ocrx_word' id='word_1_549' title='bbox 2264 1227 2585 1308; x_wconf 88' lang='lat' dir='ltr'>reperietur</span> <span class='ocrx_word' id='word_1_550' title='bbox 2614 1229 2864 1297; x_wconf 84' lang='lat' dir='ltr'>extendi,</span> <span class='ocrx_word' id='word_1_551' title='bbox 2899 1247 3076 1301; x_wconf 87' lang='lat' dir='ltr'>quam</span> <span class='ocrx_word' id='word_1_552' title='bbox 3118 1232 3382 1290; x_wconf 72' lang='lat' dir='ltr'>diabolus</span> <span class='ocrx_word' id='word_1_553' title='bbox 3430 1237 3682 1308; x_wconf 87' lang='lat' dir='ltr'>alligari.</span> 
     </span>
    </p>
   </div>
   <div class='ocr_carea' id='block_1_77' title="bbox 2037 1307 3686 1390">
    <p class='ocr_par' dir='ltr' id='par_1_77' title="bbox 2037 1307 3686 1390">
     <span class='ocr_line' id='line_1_78' title="bbox 2037 1307 3686 1390; baseline 0.008 -29"><span class='ocrx_word' id='word_1_554' title='bbox 2037 1307 2300 1390; x_wconf 80' lang='lat' dir='ltr'>Profecto</span> <span class='ocrx_word' id='word_1_555' title='bbox 2329 1307 2486 1362; x_wconf 90' lang='lat' dir='ltr'>enim</span> <span class='ocrx_word' id='word_1_556' title='bbox 2520 1309 2711 1364; x_wconf 87' lang='lat' dir='ltr'>sancti</span> <span class='ocrx_word' id='word_1_557' title='bbox 2742 1325 2874 1364; x_wconf 90' lang='lat' dir='ltr'>cum</span> <span class='ocrx_word' id='word_1_558' title='bbox 2909 1327 3015 1366; x_wconf 90' lang='lat' dir='ltr'>suo</span> <span class='ocrx_word' id='word_1_559' title='bbox 3049 1311 3201 1383; x_wconf 80' lang='lat' dir='ltr'>Rege</span> <span class='ocrx_word' id='word_1_560' title='bbox 3230 1315 3406 1372; x_wconf 88' lang='lat' dir='ltr'>etiam</span> <span class='ocrx_word' id='word_1_561' title='bbox 3455 1317 3512 1372; x_wconf 91' lang='lat' dir='ltr'>in</span> <span class='ocrx_word' id='word_1_562' title='bbox 3546 1307 3686 1390; x_wconf 82' lang='lat' dir='ltr'>ipsa</span> 
     </span>
    </p>
   </div>
   <div class='ocr_carea' id='block_1_78' title="bbox 2038 1388 3686 1459">
    <p class='ocr_par' dir='ltr' id='par_1_78' title="bbox 2038 1388 3686 1459">
     <span class='ocr_line' id='line_1_79' title="bbox 2038 1388 3686 1459; baseline 0.008 -17"><span class='ocrx_word' id='word_1_563' title='bbox 2038 1388 2325 1459; x_wconf 70' lang='lat' dir='ltr'>praecipue</span> <span class='ocrx_word' id='word_1_564' title='bbox 2375 1391 2775 1458; x_wconf 88' lang='lat' dir='ltr'>persecutione</span> <span class='ocrx_word' id='word_1_565' title='bbox 2824 1394 3145 1459; x_wconf 75' lang='lat' dir='ltr'>regnabant</span> <span class='ocrx_word' id='word_1_566' title='bbox 3176 1395 3330 1451; x_wconf 81' lang='lat' dir='ltr'>male.</span> <span class='ocrx_word' id='word_1_567' title='bbox 3368 1402 3529 1454; x_wconf 85' lang='lat' dir='ltr'>tanta</span> <span class='ocrx_word' id='word_1_568' title='bbox 3556 1388 3686 1456; x_wconf 77' lang='lat' dir='ltr'>vin-</span> 
     </span>
    </p>
   </div>
   <div class='ocr_carea' id='block_1_79' title="bbox 2037 1471 3686 1549">
    <p class='ocr_par' dir='ltr' id='par_1_79' title="bbox 2037 1471 3686 1549">
     <span class='ocr_line' id='line_1_80' title="bbox 2037 1471 3686 1549; baseline 0.007 -24"><span class='ocrx_word' id='word_1_569' title='bbox 2037 1473 2254 1536; x_wconf 87' lang='lat' dir='ltr'>centes,</span> <span class='ocrx_word' id='word_1_570' title='bbox 2287 1471 2656 1540; x_wconf 86' lang='lat' dir='ltr'>quandojam</span> <span class='ocrx_word' id='word_1_571' title='bbox 2689 1471 2958 1528; x_wconf 80' lang='lat' dir='ltr'>diabolus</span> <span class='ocrx_word' id='word_1_572' title='bbox 2990 1490 3103 1528; x_wconf 91' lang='lat' dir='ltr'>non</span> <span class='ocrx_word' id='word_1_573' title='bbox 3137 1475 3244 1529; x_wconf 87' lang='lat' dir='ltr'>erit</span> <span class='ocrx_word' id='word_1_574' title='bbox 3291 1477 3588 1549; x_wconf 86' lang='lat' dir='ltr'>alligatus,</span> <span class='ocrx_word' id='word_1_575' title='bbox 3623 1485 3686 1536; x_wconf 90' lang='lat' dir='ltr'>ut</span> 
     </span>
    </p>
   </div>
   <div class='ocr_carea' id='block_1_80' title="bbox 2034 1549 3682 1630">
    <p class='ocr_par' dir='ltr' id='par_1_80' title="bbox 2034 1549 3682 1630">
     <span class='ocr_line' id='line_1_81' title="bbox 2034 1549 3682 1630; baseline 0.007 -26"><span class='ocrx_word' id='word_1_576' title='bbox 2034 1565 2131 1630; x_wconf 85' lang='lat' dir='ltr'>eos</span> <span class='ocrx_word' id='word_1_577' title='bbox 2162 1549 2433 1620; x_wconf 85' lang='lat' dir='ltr'>persequi</span> <span class='ocrx_word' id='word_1_578' title='bbox 2452 1551 2727 1605; x_wconf 88' lang='lat' dir='ltr'>omnibus</span> <span class='ocrx_word' id='word_1_579' title='bbox 2758 1552 2976 1606; x_wconf 88' lang='lat' dir='ltr'>viribus</span> <span class='ocrx_word' id='word_1_580' title='bbox 2999 1555 3203 1623; x_wconf 86' lang='lat' dir='ltr'>possit.</span> <span class='ocrx_word' id='word_1_581' title='bbox 3230 1555 3528 1618; x_wconf 89' lang='lat' dir='ltr'>Quomodo</span> <span class='ocrx_word' id='word_1_582' title='bbox 3550 1576 3682 1630; x_wconf 87' lang='lat' dir='ltr'>ergo</span> 
     </span>
    </p>
   </div>
   <div class='ocr_carea' id='block_1_81' title="bbox 2033 1629 3684 1708">
    <p class='ocr_par' dir='ltr' id='par_1_81' title="bbox 2033 1629 3684 1708">
     <span class='ocr_line' id='line_1_82' title="bbox 2033 1629 3684 1708; baseline 0.007 -25"><span class='ocrx_word' id='word_1_583' title='bbox 2033 1629 2146 1684; x_wconf 87' lang='lat' dir='ltr'>ista</span> <span class='ocrx_word' id='word_1_584' title='bbox 2177 1631 2475 1700; x_wconf 86' lang='lat' dir='ltr'>Scriptura</span> <span class='ocrx_word' id='word_1_585' title='bbox 2503 1631 2720 1686; x_wconf 90' lang='lat' dir='ltr'>eisdem</span> <span class='ocrx_word' id='word_1_586' title='bbox 2757 1631 2915 1686; x_wconf 89' lang='lat' dir='ltr'>mille</span> <span class='ocrx_word' id='word_1_587' title='bbox 2945 1633 3117 1688; x_wconf 89' lang='lat' dir='ltr'>annis</span> <span class='ocrx_word' id='word_1_588' title='bbox 3149 1639 3463 1708; x_wconf 87' lang='lat' dir='ltr'>utrumque</span> <span class='ocrx_word' id='word_1_589' title='bbox 3493 1629 3684 1695; x_wconf 89' lang='lat' dir='ltr'>deter-</span> 
     </span>
    </p>
   </div>
   <div class='ocr_carea' id='block_1_82' title="bbox 2035 1709 3684 1791">
    <p class='ocr_par' dir='ltr' id='par_1_82' title="bbox 2035 1709 3684 1791">
     <span class='ocr_line' id='line_1_83' title="bbox 2035 1709 3684 1791; baseline 0.008 -29"><span class='ocrx_word' id='word_1_590' title='bbox 2035 1709 2237 1776; x_wconf 86' lang='lat' dir='ltr'>minat,</span> <span class='ocrx_word' id='word_1_591' title='bbox 2297 1709 2509 1764; x_wconf 87' lang='lat' dir='ltr'>diaboli</span> <span class='ocrx_word' id='word_1_592' title='bbox 2567 1710 2789 1765; x_wconf 88' lang='lat' dir='ltr'>scilicet</span> <span class='ocrx_word' id='word_1_593' title='bbox 2849 1711 3262 1782; x_wconf 87' lang='lat' dir='ltr'>alligationem,</span> <span class='ocrx_word' id='word_1_594' title='bbox 3323 1733 3684 1791; x_wconf 82' lang='lat' dir='ltr'>regnumque</span> 
     </span>
    </p>
   </div>
   <div class='ocr_carea' id='block_1_83' title="bbox 2033 1791 3681 1856">
    <p class='ocr_par' dir='ltr' id='par_1_83' title="bbox 2033 1791 3681 1856">
     <span class='ocr_line' id='line_1_84' title="bbox 2033 1791 3681 1856; baseline 0.008 -13"><span class='ocrx_word' id='word_1_595' title='bbox 2033 1793 2367 1844; x_wconf 87' lang='lat' dir='ltr'>sanctorum</span> <span class='ocrx_word' id='word_1_596' title='bbox 2395 1807 2409 1856; x_wconf 90' lang='lat'>;</span> <span class='ocrx_word' id='word_1_597' title='bbox 2446 1805 2576 1844; x_wconf 90' lang='lat' dir='ltr'>cum</span> <span class='ocrx_word' id='word_1_598' title='bbox 2623 1791 2803 1846; x_wconf 86' lang='lat' dir='ltr'>trium</span> <span class='ocrx_word' id='word_1_599' title='bbox 2853 1807 3140 1847; x_wconf 89' lang='lat' dir='ltr'>annorum</span> <span class='ocrx_word' id='word_1_600' title='bbox 3173 1798 3230 1849; x_wconf 89' lang='lat' dir='ltr'>et</span> <span class='ocrx_word' id='word_1_601' title='bbox 3260 1812 3360 1851; x_wconf 85' lang='lat' dir='ltr'>sex</span> <span class='ocrx_word' id='word_1_602' title='bbox 3391 1800 3681 1856; x_wconf 88' lang='lat' dir='ltr'>mensium</span> 
     </span>
    </p>
   </div>
   <div class='ocr_carea' id='block_1_84' title="bbox 2032 1867 3683 1947">
    <p class='ocr_par' dir='ltr' id='par_1_84' title="bbox 2032 1867 3683 1947">
     <span class='ocr_line' id='line_1_85' title="bbox 2032 1867 3683 1947; baseline 0.007 -24"><span class='ocrx_word' id='word_1_603' title='bbox 2032 1867 2334 1926; x_wconf 86' lang='lat' dir='ltr'>intervallo</span> <span class='ocrx_word' id='word_1_604' title='bbox 2365 1871 2524 1941; x_wconf 89' lang='lat' dir='ltr'>prius</span> <span class='ocrx_word' id='word_1_605' title='bbox 2555 1870 2782 1926; x_wconf 86' lang='lat' dir='ltr'>desinat</span> <span class='ocrx_word' id='word_1_606' title='bbox 2811 1871 3074 1943; x_wconf 87' lang='lat' dir='ltr'>alligatio</span> <span class='ocrx_word' id='word_1_607' title='bbox 3109 1873 3346 1944; x_wconf 85' lang='lat' dir='ltr'>diaboli,</span> <span class='ocrx_word' id='word_1_608' title='bbox 3378 1893 3556 1947; x_wconf 88' lang='lat' dir='ltr'>quam</span> <span class='ocrx_word' id='word_1_609' title='bbox 3588 1895 3683 1935; x_wconf 92' lang='lat' dir='ltr'>re-</span> 
     </span>
    </p>
   </div>
   <div class='ocr_carea' id='block_1_85' title="bbox 2032 1951 3684 2020">
    <p class='ocr_par' dir='ltr' id='par_1_85' title="bbox 2032 1951 3684 2020">
     <span class='ocr_line' id='line_1_86' title="bbox 2032 1951 3684 2020; baseline 0.007 -15"><span class='ocrx_word' id='word_1_610' title='bbox 2032 1966 2210 2020; x_wconf 89' lang='lat' dir='ltr'>gnum</span> <span class='ocrx_word' id='word_1_611' title='bbox 2244 1956 2574 2006; x_wconf 90' lang='lat' dir='ltr'>sanetorum</span> <span class='ocrx_word' id='word_1_612' title='bbox 2608 1951 2664 2006; x_wconf 90' lang='lat' dir='ltr'>in</span> <span class='ocrx_word' id='word_1_613' title='bbox 2699 1951 2789 2008; x_wconf 89' lang='lat' dir='ltr'>his</span> <span class='ocrx_word' id='word_1_614' title='bbox 2819 1952 2980 2008; x_wconf 88' lang='lat' dir='ltr'>mille</span> <span class='ocrx_word' id='word_1_615' title='bbox 3019 1955 3191 2010; x_wconf 86' lang='lat' dir='ltr'>annis</span> <span class='ocrx_word' id='word_1_616' title='bbox 3236 1973 3369 2012; x_wconf 90' lang='lat' dir='ltr'>eum</span> <span class='ocrx_word' id='word_1_617' title='bbox 3410 1959 3684 2017; x_wconf 86' lang='lat' dir='ltr'>Christo?</span> 
     </span>
    </p>
   </div>
   <div class='ocr_carea' id='block_1_86' title="bbox 2035 2031 3681 2110">
    <p class='ocr_par' dir='ltr' id='par_1_86' title="bbox 2035 2031 3681 2110">
     <span class='ocr_line' id='line_1_87' title="bbox 2035 2031 3681 2110; baseline 0.009 -27"><span class='ocrx_word' id='word_1_618' title='bbox 2035 2031 2089 2110; x_wconf 89' lang='lat' dir='ltr'>Si</span> <span class='ocrx_word' id='word_1_619' title='bbox 2139 2035 2333 2085; x_wconf 85' lang='lat' dir='ltr'>autem</span> <span class='ocrx_word' id='word_1_620' title='bbox 2380 2031 2700 2087; x_wconf 85' lang='lat' dir='ltr'>dixerimus</span> <span class='ocrx_word' id='word_1_621' title='bbox 2747 2048 2988 2101; x_wconf 90' lang='lat' dir='ltr'>parvum</span> <span class='ocrx_word' id='word_1_622' title='bbox 3036 2038 3456 2102; x_wconf 88' lang='lat' dir='ltr'>persecutionis</span> <span class='ocrx_word' id='word_1_623' title='bbox 3506 2041 3681 2110; x_wconf 87' lang='lat' dir='ltr'>hujus</span> 
     </span>
    </p>
   </div>
   <div class='ocr_carea' id='block_1_87' title="bbox 2035 2109 3680 2189">
    <p class='ocr_par' dir='ltr' id='par_1_87' title="bbox 2035 2109 3680 2189">
     <span class='ocr_line' id='line_1_88' title="bbox 2035 2109 3680 2189; baseline 0.007 -25"><span class='ocrx_word' id='word_1_624' title='bbox 2035 2109 2141 2164; x_wconf 91' lang='lat' dir='ltr'>hoc</span> <span class='ocrx_word' id='word_1_625' title='bbox 2171 2111 2424 2180; x_wconf 88' lang='lat' dir='ltr'>spatium</span> <span class='ocrx_word' id='word_1_626' title='bbox 2459 2127 2572 2165; x_wconf 91' lang='lat' dir='ltr'>non</span> <span class='ocrx_word' id='word_1_627' title='bbox 2605 2114 3064 2182; x_wconf 89' lang='lat' dir='ltr'>computandum</span> <span class='ocrx_word' id='word_1_628' title='bbox 3090 2115 3148 2170; x_wconf 88' lang='lat' dir='ltr'>in</span> <span class='ocrx_word' id='word_1_629' title='bbox 3174 2116 3332 2172; x_wconf 87' lang='lat' dir='ltr'>mille</span> <span class='ocrx_word' id='word_1_630' title='bbox 3356 2119 3546 2189; x_wconf 89' lang='lat' dir='ltr'>annis,</span> <span class='ocrx_word' id='word_1_631' title='bbox 3579 2109 3680 2176; x_wconf 69' lang='lat' dir='ltr'>Sed</span> 
     </span>
    </p>
   </div>
   <div class='ocr_carea' id='block_1_88' title="bbox 2031 2189 3683 2270">
    <p class='ocr_par' dir='ltr' id='par_1_88' title="bbox 2031 2189 3683 2270">
     <span class='ocr_line' id='line_1_89' title="bbox 2031 2189 3683 2270; baseline 0.007 -26"><span class='ocrx_word' id='word_1_632' title='bbox 2031 2190 2114 2270; x_wconf 90' lang='lat' dir='ltr'>eis</span> <span class='ocrx_word' id='word_1_633' title='bbox 2145 2189 2403 2270; x_wconf 89' lang='lat' dir='ltr'>impletis</span> <span class='ocrx_word' id='word_1_634' title='bbox 2435 2192 2628 2261; x_wconf 89' lang='lat' dir='ltr'>potius</span> <span class='ocrx_word' id='word_1_635' title='bbox 2658 2191 3086 2263; x_wconf 86' lang='lat' dir='ltr'>adjiciendum;</span> <span class='ocrx_word' id='word_1_636' title='bbox 3122 2200 3184 2249; x_wconf 91' lang='lat' dir='ltr'>ut</span> <span class='ocrx_word' id='word_1_637' title='bbox 3214 2197 3447 2267; x_wconf 89' lang='lat' dir='ltr'>proprie</span> <span class='ocrx_word' id='word_1_638' title='bbox 3495 2201 3683 2270; x_wconf 86' lang='lat' dir='ltr'>possit</span> 
     </span>
    </p>
   </div>
   <div class='ocr_carea' id='block_1_89' title="bbox 2031 2269 3684 2341">
    <p class='ocr_par' dir='ltr' id='par_1_89' title="bbox 2031 2269 3684 2341">
     <span class='ocr_line' id='line_1_90' title="bbox 2031 2269 3684 2341; baseline 0.007 -17"><span class='ocrx_word' id='word_1_639' title='bbox 2031 2269 2303 2339; x_wconf 89' lang='lat' dir='ltr'>intelligi,</span> <span class='ocrx_word' id='word_1_640' title='bbox 2363 2271 2516 2341; x_wconf 89' lang='lat' dir='ltr'>quod</span> <span class='ocrx_word' id='word_1_641' title='bbox 2575 2287 2707 2327; x_wconf 89' lang='lat' dir='ltr'>cum</span> <span class='ocrx_word' id='word_1_642' title='bbox 2767 2271 3030 2338; x_wconf 83' lang='lat' dir='ltr'>dixisset,</span> <span class='ocrx_word' id='word_1_643' title='bbox 3105 2277 3423 2334; x_wconf 81' lang='lat' dir='ltr'>Sacerdotes</span> <span class='ocrx_word' id='word_1_644' title='bbox 3479 2280 3576 2335; x_wconf 88' lang='lat' dir='ltr'>Dei</span> <span class='ocrx_word' id='word_1_645' title='bbox 3631 2291 3684 2336; x_wconf 87' lang='lat' dir='ltr'>et</span> 
     </span>
    </p>
   </div>
   <div class='ocr_carea' id='block_1_90' title="bbox 2031 2350 3682 2427">
    <p class='ocr_par' dir='ltr' id='par_1_90' title="bbox 2031 2350 3682 2427">
     <span class='ocr_line' id='line_1_91' title="bbox 2031 2350 3682 2427; baseline 0.007 -23"><span class='ocrx_word' id='word_1_646' title='bbox 2031 2350 2240 2405; x_wconf 85' lang='lat' dir='ltr'>Christi</span> <span class='ocrx_word' id='word_1_647' title='bbox 2267 2351 2572 2419; x_wconf 78' lang='lat' dir='ltr'>regnabant</span> <span class='ocrx_word' id='word_1_648' title='bbox 2598 2367 2723 2406; x_wconf 89' lang='lat' dir='ltr'>cum</span> <span class='ocrx_word' id='word_1_649' title='bbox 2739 2367 2800 2408; x_wconf 88' lang='lat' dir='ltr'>eo</span> <span class='ocrx_word' id='word_1_650' title='bbox 2829 2353 2982 2408; x_wconf 79' lang='lat' dir='ltr'>mille</span> <span class='ocrx_word' id='word_1_651' title='bbox 3002 2357 3186 2424; x_wconf 86' lang='lat' dir='ltr'>annis,</span> <span class='ocrx_word' id='word_1_652' title='bbox 3211 2358 3439 2427; x_wconf 87' lang='lat' dir='ltr'>adjecit,</span> <span class='ocrx_word' id='word_1_653' title='bbox 3466 2361 3529 2414; x_wconf 83' lang='lat' dir='ltr'>Et</span> <span class='ocrx_word' id='word_1_654' title='bbox 3557 2376 3682 2416; x_wconf 84' lang='lat' dir='ltr'>cum</span> 
     </span>
    </p>
   </div>
   <div class='ocr_carea' id='block_1_91' title="bbox 2029 2431 3681 2502">
    <p class='ocr_par' dir='ltr' id='par_1_91' title="bbox 2029 2431 3681 2502">
     <span class='ocr_line' id='line_1_92' title="bbox 2029 2431 3681 2502; baseline 0.008 -19"><span class='ocrx_word' id='word_1_655' title='bbox 2029 2431 2175 2501; x_wconf 81' lang='lat' dir='ltr'>ﬁniti</span> <span class='ocrx_word' id='word_1_656' title='bbox 2201 2431 2410 2499; x_wconf 83' lang='lat' dir='ltr'>fuerint</span> <span class='ocrx_word' id='word_1_657' title='bbox 2440 2432 2591 2486; x_wconf 82' lang='lat' dir='ltr'>mitte</span> <span class='ocrx_word' id='word_1_658' title='bbox 2619 2433 2776 2502; x_wconf 86' lang='lat' dir='ltr'>anni,</span> <span class='ocrx_word' id='word_1_659' title='bbox 2810 2433 3052 2490; x_wconf 85' lang='lat' dir='ltr'>solvetur</span> <span class='ocrx_word' id='word_1_660' title='bbox 3079 2443 3305 2492; x_wconf 83' lang='lat' dir='ltr'>satanas</span> <span class='ocrx_word' id='word_1_661' title='bbox 3333 2438 3399 2494; x_wconf 86' lang='lat' dir='ltr'>de</span> <span class='ocrx_word' id='word_1_662' title='bbox 3437 2441 3681 2496; x_wconf 86' lang='lat' dir='ltr'>custodia</span> 
     </span>
    </p>
   </div>
   <div class='ocr_carea' id='block_1_92' title="bbox 2029 2511 3679 2585">
    <p class='ocr_par' dir='ltr' id='par_1_92' title="bbox 2029 2511 3679 2585">
     <span class='ocr_line' id='line_1_93' title="bbox 2029 2511 3679 2585; baseline 0.007 -20"><span class='ocrx_word' id='word_1_663' title='bbox 2029 2527 2176 2574; x_wconf 86' lang='lat' dir='ltr'>sua;</span> <span class='ocrx_word' id='word_1_664' title='bbox 2206 2511 2316 2566; x_wconf 89' lang='lat' dir='ltr'>isto</span> <span class='ocrx_word' id='word_1_665' title='bbox 2345 2514 2502 2566; x_wconf 88' lang='lat' dir='ltr'>enim</span> <span class='ocrx_word' id='word_1_666' title='bbox 2535 2515 2703 2568; x_wconf 91' lang='lat' dir='ltr'>modo</span> <span class='ocrx_word' id='word_1_667' title='bbox 2734 2517 2791 2567; x_wconf 90' lang='lat' dir='ltr'>et</span> <span class='ocrx_word' id='word_1_668' title='bbox 2821 2530 3064 2585; x_wconf 85' lang='lat' dir='ltr'>regnum</span> <span class='ocrx_word' id='word_1_669' title='bbox 3098 2523 3432 2574; x_wconf 81' lang='lat' dir='ltr'>sanctorum</span> <span class='ocrx_word' id='word_1_670' title='bbox 3467 2527 3523 2576; x_wconf 92' lang='lat' dir='ltr'>et</span> <span class='ocrx_word' id='word_1_671' title='bbox 3553 2523 3679 2576; x_wconf 88' lang='lat' dir='ltr'>vin-</span> 
     </span>
    </p>
   </div>
   <div class='ocr_carea' id='block_1_93' title="bbox 2030 2588 3680 2668">
    <p class='ocr_par' dir='ltr' id='par_1_93' title="bbox 2030 2588 3680 2668">
     <span class='ocr_line' id='line_1_94' title="bbox 2030 2588 3680 2668; baseline 0.007 -24"><span class='ocrx_word' id='word_1_672' title='bbox 2030 2589 2229 2644; x_wconf 90' lang='lat' dir='ltr'>culum</span> <span class='ocrx_word' id='word_1_673' title='bbox 2262 2588 2478 2644; x_wconf 88' lang='lat' dir='ltr'>diaboli</span> <span class='ocrx_word' id='word_1_674' title='bbox 2519 2590 2695 2646; x_wconf 87' lang='lat' dir='ltr'>simul</span> <span class='ocrx_word' id='word_1_675' title='bbox 2745 2599 3045 2658; x_wconf 81' lang='lat' dir='ltr'>cessatura</span> <span class='ocrx_word' id='word_1_676' title='bbox 3093 2611 3221 2652; x_wconf 88' lang='lat' dir='ltr'>esse</span> <span class='ocrx_word' id='word_1_677' title='bbox 3269 2597 3581 2668; x_wconf 75' lang='lat' dir='ltr'>significat,</span> <span class='ocrx_word' id='word_1_678' title='bbox 3616 2607 3680 2656; x_wconf 90' lang='lat' dir='ltr'>ut</span> 
     </span>
    </p>
   </div>
   <div class='ocr_carea' id='block_1_94' title="bbox 2030 2669 3680 2746">
    <p class='ocr_par' dir='ltr' id='par_1_94' title="bbox 2030 2669 3680 2746">
     <span class='ocr_line' id='line_1_95' title="bbox 2030 2669 3680 2746; baseline 0.009 -23"><span class='ocrx_word' id='word_1_679' title='bbox 2030 2669 2240 2726; x_wconf 90' lang='lat' dir='ltr'>deinde</span> <span class='ocrx_word' id='word_1_680' title='bbox 2272 2672 2695 2740; x_wconf 88' lang='lat' dir='ltr'>persecutionis</span> <span class='ocrx_word' id='word_1_681' title='bbox 2725 2671 2887 2729; x_wconf 90' lang='lat' dir='ltr'>illius</span> <span class='ocrx_word' id='word_1_682' title='bbox 2936 2679 3165 2746; x_wconf 86' lang='lat' dir='ltr'>tempus</span> <span class='ocrx_word' id='word_1_683' title='bbox 3197 2693 3301 2732; x_wconf 89' lang='lat' dir='ltr'>nec</span> <span class='ocrx_word' id='word_1_684' title='bbox 3343 2680 3414 2735; x_wconf 87' lang='lat' dir='ltr'>ad</span> <span class='ocrx_word' id='word_1_685' title='bbox 3446 2685 3680 2737; x_wconf 83' lang='lat' dir='ltr'>sancto-</span> 
     </span>
    </p>
   </div>
   <div class='ocr_carea' id='block_1_95' title="bbox 2029 2753 3678 2832">
    <p class='ocr_par' dir='ltr' id='par_1_95' title="bbox 2029 2753 3678 2832">
     <span class='ocr_line' id='line_1_96' title="bbox 2029 2753 3678 2832; baseline 0.008 -28"><span class='ocrx_word' id='word_1_686' title='bbox 2029 2765 2157 2806; x_wconf 89' lang='lat' dir='ltr'>rum</span> <span class='ocrx_word' id='word_1_687' title='bbox 2191 2767 2460 2832; x_wconf 87' lang='lat' dir='ltr'>regnum,</span> <span class='ocrx_word' id='word_1_688' title='bbox 2494 2767 2600 2808; x_wconf 87' lang='lat' dir='ltr'>nec</span> <span class='ocrx_word' id='word_1_689' title='bbox 2647 2753 2718 2807; x_wconf 91' lang='lat' dir='ltr'>ad</span> <span class='ocrx_word' id='word_1_690' title='bbox 2767 2756 3094 2811; x_wconf 87' lang='lat' dir='ltr'>custodiam</span> <span class='ocrx_word' id='word_1_691' title='bbox 3145 2767 3382 2826; x_wconf 66' lang='lat' dir='ltr'>satanas,</span> <span class='ocrx_word' id='word_1_692' title='bbox 3429 2778 3678 2832; x_wconf 89' lang='lat' dir='ltr'>quorum</span> 
     </span>
    </p>
   </div>
   <div class='ocr_carea' id='block_1_96' title="bbox 2029 2831 3679 2914">
    <p class='ocr_par' dir='ltr' id='par_1_96' title="bbox 2029 2831 3679 2914">
     <span class='ocr_line' id='line_1_97' title="bbox 2029 2831 3679 2914; baseline 0.008 -30"><span class='ocrx_word' id='word_1_693' title='bbox 2029 2835 2343 2914; x_wconf 76' lang='lat' dir='ltr'>utrumque</span> <span class='ocrx_word' id='word_1_694' title='bbox 2372 2831 2430 2886; x_wconf 91' lang='lat' dir='ltr'>in</span> <span class='ocrx_word' id='word_1_695' title='bbox 2464 2832 2624 2888; x_wconf 88' lang='lat' dir='ltr'>mille</span> <span class='ocrx_word' id='word_1_696' title='bbox 2654 2834 2828 2890; x_wconf 88' lang='lat' dir='ltr'>annis</span> <span class='ocrx_word' id='word_1_697' title='bbox 2859 2839 2968 2906; x_wconf 87' lang='lat' dir='ltr'>est,</span> <span class='ocrx_word' id='word_1_698' title='bbox 3022 2838 3328 2909; x_wconf 86' lang='lat' dir='ltr'>pertinere,</span> <span class='ocrx_word' id='word_1_699' title='bbox 3364 2831 3464 2896; x_wconf 88' lang='lat' dir='ltr'>sed</span> <span class='ocrx_word' id='word_1_700' title='bbox 3506 2858 3679 2914; x_wconf 83' lang='lat' dir='ltr'>supe-</span> 
     </span>
    </p>
   </div>
   <div class='ocr_carea' id='block_1_97' title="bbox 2026 2911 3678 2986">
    <p class='ocr_par' dir='ltr' id='par_1_97' title="bbox 2026 2911 3678 2986">
     <span class='ocr_line' id='line_1_98' title="bbox 2026 2911 3678 2986; baseline 0.008 -22"><span class='ocrx_word' id='word_1_701' title='bbox 2026 2911 2321 2966; x_wconf 77' lang='lat' dir='ltr'>redditum</span> <span class='ocrx_word' id='word_1_702' title='bbox 2363 2918 2420 2966; x_wconf 89' lang='lat' dir='ltr'>et</span> <span class='ocrx_word' id='word_1_703' title='bbox 2466 2917 2626 2968; x_wconf 83' lang='lat' dir='ltr'>extra</span> <span class='ocrx_word' id='word_1_704' title='bbox 2670 2918 3130 2986; x_wconf 89' lang='lat' dir='ltr'>computandum</span> <span class='ocrx_word' id='word_1_705' title='bbox 3182 2933 3309 2974; x_wconf 88' lang='lat' dir='ltr'>esse</span> <span class='ocrx_word' id='word_1_706' title='bbox 3367 2911 3678 2978; x_wconf 83' lang='lat' dir='ltr'>credatur:</span> 
     </span>
    </p>
   </div>
   <div class='ocr_carea' id='block_1_98' title="bbox 2026 2992 3677 3074">
    <p class='ocr_par' dir='ltr' id='par_1_98' title="bbox 2026 2992 3677 3074">
     <span class='ocr_line' id='line_1_99' title="bbox 2026 2992 3677 3074; baseline 0.01 -30"><span class='ocrx_word' id='word_1_707' title='bbox 2026 3006 2300 3062; x_wconf 89' lang='lat' dir='ltr'>cogemur</span> <span class='ocrx_word' id='word_1_708' title='bbox 2328 2992 2493 3048; x_wconf 83' lang='lat' dir='ltr'>fateri</span> <span class='ocrx_word' id='word_1_709' title='bbox 2527 3002 2758 3050; x_wconf 87' lang='lat' dir='ltr'>sanctos</span> <span class='ocrx_word' id='word_1_710' title='bbox 2790 2996 2848 3050; x_wconf 90' lang='lat' dir='ltr'>in</span> <span class='ocrx_word' id='word_1_711' title='bbox 2879 2996 2980 3052; x_wconf 85' lang='lat' dir='ltr'>illa</span> <span class='ocrx_word' id='word_1_712' title='bbox 3029 3001 3433 3068; x_wconf 87' lang='lat' dir='ltr'>persecutione</span> <span class='ocrx_word' id='word_1_713' title='bbox 3464 3019 3677 3074; x_wconf 79' lang='lat' dir='ltr'>regna-</span> 
     </span>
    </p>
   </div>
   <div class='ocr_carea' id='block_1_99' title="bbox 2024 3075 3676 3149">
    <p class='ocr_par' dir='ltr' id='par_1_99' title="bbox 2024 3075 3676 3149">
     <span class='ocr_line' id='line_1_100' title="bbox 2024 3075 3676 3149; baseline 0.01 -23"><span class='ocrx_word' id='word_1_714' title='bbox 2024 3075 2190 3126; x_wconf 87' lang='lat' dir='ltr'>turos</span> <span class='ocrx_word' id='word_1_715' title='bbox 2223 3087 2336 3126; x_wconf 91' lang='lat' dir='ltr'>non</span> <span class='ocrx_word' id='word_1_716' title='bbox 2362 3088 2490 3128; x_wconf 89' lang='lat' dir='ltr'>esse</span> <span class='ocrx_word' id='word_1_717' title='bbox 2521 3091 2654 3130; x_wconf 90' lang='lat' dir='ltr'>cum</span> <span class='ocrx_word' id='word_1_718' title='bbox 2685 3075 2933 3132; x_wconf 89' lang='lat' dir='ltr'>Christo.</span> <span class='ocrx_word' id='word_1_719' title='bbox 2967 3079 3077 3134; x_wconf 88' lang='lat' dir='ltr'>Sed</span> <span class='ocrx_word' id='word_1_720' title='bbox 3111 3081 3240 3149; x_wconf 88' lang='lat' dir='ltr'>quis</span> <span class='ocrx_word' id='word_1_721' title='bbox 3273 3083 3484 3139; x_wconf 87' lang='lat' dir='ltr'>audeat</span> <span class='ocrx_word' id='word_1_722' title='bbox 3514 3084 3676 3142; x_wconf 87' lang='lat' dir='ltr'>dice-</span> 
     </span>
    </p>
   </div>
   <div class='ocr_carea' id='block_1_100' title="bbox 2024 3154 3672 3234">
    <p class='ocr_par' dir='ltr' id='par_1_100' title="bbox 2024 3154 3672 3234">
     <span class='ocr_line' id='line_1_101' title="bbox 2024 3154 3672 3234; baseline 0.01 -29"><span class='ocrx_word' id='word_1_723' title='bbox 2024 3167 2105 3219; x_wconf 90' lang='lat' dir='ltr'>re,</span> <span class='ocrx_word' id='word_1_724' title='bbox 2156 3156 2476 3234; x_wconf 87' lang='lat' dir='ltr'>tunceum</span> <span class='ocrx_word' id='word_1_725' title='bbox 2524 3154 2622 3210; x_wconf 90' lang='lat' dir='ltr'>illo</span> <span class='ocrx_word' id='word_1_726' title='bbox 2673 3172 2787 3211; x_wconf 89' lang='lat' dir='ltr'>non</span> <span class='ocrx_word' id='word_1_727' title='bbox 2850 3163 3164 3229; x_wconf 85' lang='lat' dir='ltr'>regnatura</span> <span class='ocrx_word' id='word_1_728' title='bbox 3218 3178 3326 3217; x_wconf 85' lang='lat' dir='ltr'>sua</span> <span class='ocrx_word' id='word_1_729' title='bbox 3387 3164 3672 3234; x_wconf 88' lang='lat' dir='ltr'>membra,</span> 
     </span>
    </p>
   </div>
   <div class='ocr_carea' id='block_1_101' title="bbox 2023 3233 3674 3314">
    <p class='ocr_par' dir='ltr' id='par_1_101' title="bbox 2023 3233 3674 3314">
     <span class='ocr_line' id='line_1_102' title="bbox 2023 3233 3674 3314; baseline 0.01 -28"><span class='ocrx_word' id='word_1_730' title='bbox 2023 3233 2252 3301; x_wconf 86' lang='lat' dir='ltr'>quando</span> <span class='ocrx_word' id='word_1_731' title='bbox 2285 3233 2335 3287; x_wconf 93' lang='lat' dir='ltr'>ei</span> <span class='ocrx_word' id='word_1_732' title='bbox 2369 3235 2620 3291; x_wconf 88' lang='lat' dir='ltr'>maxime</span> <span class='ocrx_word' id='word_1_733' title='bbox 2649 3241 2824 3308; x_wconf 88' lang='lat' dir='ltr'>atque</span> <span class='ocrx_word' id='word_1_734' title='bbox 2855 3238 3173 3297; x_wconf 81' lang='lat' dir='ltr'>fortissime</span> <span class='ocrx_word' id='word_1_735' title='bbox 3204 3242 3591 3314; x_wconf 82' lang='lat' dir='ltr'>cohaerebunt,</span> <span class='ocrx_word' id='word_1_736' title='bbox 3617 3250 3674 3302; x_wconf 91' lang='lat' dir='ltr'>et</span> 
     </span>
    </p>
   </div>
   <div class='ocr_carea' id='block_1_102' title="bbox 2025 3317 3670 3392">
    <p class='ocr_par' dir='ltr' id='par_1_102' title="bbox 2025 3317 3670 3392">
     <span class='ocr_line' id='line_1_103' title="bbox 2025 3317 3670 3392; baseline 0.009 -26"><span class='ocrx_word' id='word_1_737' title='bbox 2025 3329 2139 3383; x_wconf 89' lang='lat' dir='ltr'>quo</span> <span class='ocrx_word' id='word_1_738' title='bbox 2171 3317 2433 3384; x_wconf 90' lang='lat' dir='ltr'>tempore</span> <span class='ocrx_word' id='word_1_739' title='bbox 2463 3321 2675 3386; x_wconf 89' lang='lat' dir='ltr'>quanto</span> <span class='ocrx_word' id='word_1_740' title='bbox 2699 3318 2803 3371; x_wconf 91' lang='lat' dir='ltr'>erit</span> <span class='ocrx_word' id='word_1_741' title='bbox 2827 3319 3014 3374; x_wconf 89' lang='lat' dir='ltr'>acrior</span> <span class='ocrx_word' id='word_1_742' title='bbox 3039 3321 3296 3392; x_wconf 89' lang='lat' dir='ltr'>impetus</span> <span class='ocrx_word' id='word_1_743' title='bbox 3319 3325 3474 3392; x_wconf 88' lang='lat' dir='ltr'>belli,</span> <span class='ocrx_word' id='word_1_744' title='bbox 3510 3331 3670 3382; x_wconf 86' lang='lat' dir='ltr'>tanto</span> 
     </span>
    </p>
   </div>
   <div class='ocr_carea' id='block_1_103' title="bbox 2024 3394 3674 3467">
    <p class='ocr_par' dir='ltr' id='par_1_103' title="bbox 2024 3394 3674 3467">
     <span class='ocr_line' id='line_1_104' title="bbox 2024 3394 3674 3467; baseline 0.009 -21"><span class='ocrx_word' id='word_1_745' title='bbox 2024 3395 2209 3461; x_wconf 87' lang='lat' dir='ltr'>major</span> <span class='ocrx_word' id='word_1_746' title='bbox 2240 3394 2425 3463; x_wconf 89' lang='lat' dir='ltr'>gloria</span> <span class='ocrx_word' id='word_1_747' title='bbox 2462 3413 2574 3449; x_wconf 88' lang='lat' dir='ltr'>non</span> <span class='ocrx_word' id='word_1_748' title='bbox 2624 3399 2925 3467; x_wconf 80' lang='lat' dir='ltr'>cedendi&#39;,</span> <span class='ocrx_word' id='word_1_749' title='bbox 2959 3405 3120 3456; x_wconf 87' lang='lat' dir='ltr'>tanto</span> <span class='ocrx_word' id='word_1_750' title='bbox 3169 3403 3403 3459; x_wconf 90' lang='lat' dir='ltr'>densior</span> <span class='ocrx_word' id='word_1_751' title='bbox 3460 3423 3674 3462; x_wconf 88' lang='lat' dir='ltr'>corona</span> 
     </span>
    </p>
   </div>
   <div class='ocr_carea' id='block_1_104' title="bbox 2025 3473 3677 3555">
    <p class='ocr_par' dir='ltr' id='par_1_104' title="bbox 2025 3473 3677 3555">
     <span class='ocr_line' id='line_1_105' title="bbox 2025 3473 3677 3555; baseline 0.007 -27"><span class='ocrx_word' id='word_1_752' title='bbox 2025 3473 2283 3545; x_wconf 83' lang='lat' dir='ltr'>martyrii</span> <span class='ocrx_word' id='word_1_753' title='bbox 2306 3473 2333 3526; x_wconf 63' lang='grc' dir='ltr'><em>δῖ</em></span> <span class='ocrx_word' id='word_1_754' title='bbox 2361 3475 2469 3555; x_wconf 67' lang='lat' dir='ltr'>Aut.</span> <span class='ocrx_word' id='word_1_755' title='bbox 2493 3475 2536 3528; x_wconf 85' lang='lat' dir='ltr'>si</span> <span class='ocrx_word' id='word_1_756' title='bbox 2555 3483 2795 3555; x_wconf 84' lang='lat' dir='ltr'>propter</span> <span class='ocrx_word' id='word_1_757' title='bbox 2820 3479 3247 3546; x_wconf 85' lang='lat' dir='ltr'>tribulationes,</span> <span class='ocrx_word' id='word_1_758' title='bbox 3273 3499 3419 3552; x_wconf 86' lang='lat' dir='ltr'>quas</span> <span class='ocrx_word' id='word_1_759' title='bbox 3443 3488 3677 3555; x_wconf 88' lang='lat' dir='ltr'>passuri</span> 
     </span>
    </p>
   </div>
   <div class='ocr_carea' id='block_1_105' title="bbox 2025 3553 3674 3633">
    <p class='ocr_par' dir='ltr' id='par_1_105' title="bbox 2025 3553 3674 3633">
     <span class='ocr_line' id='line_1_106' title="bbox 2025 3553 3674 3633; baseline 0.007 -26"><span class='ocrx_word' id='word_1_760' title='bbox 2025 3557 2185 3619; x_wconf 87' lang='lat' dir='ltr'>sunt,</span> <span class='ocrx_word' id='word_1_761' title='bbox 2219 3569 2330 3606; x_wconf 91' lang='lat' dir='ltr'>non</span> <span class='ocrx_word' id='word_1_762' title='bbox 2365 3553 2593 3607; x_wconf 90' lang='lat' dir='ltr'>dicendi</span> <span class='ocrx_word' id='word_1_763' title='bbox 2627 3559 2763 3609; x_wconf 90' lang='lat' dir='ltr'>sunt</span> <span class='ocrx_word' id='word_1_764' title='bbox 2787 3559 3116 3626; x_wconf 85' lang='lat' dir='ltr'>regnaturi;</span> <span class='ocrx_word' id='word_1_765' title='bbox 3151 3553 3516 3633; x_wconf 81' lang='lat' dir='ltr'>consequens</span> <span class='ocrx_word' id='word_1_766' title='bbox 3542 3566 3674 3632; x_wconf 88' lang='lat' dir='ltr'>erit,</span> 
     </span>
    </p>
   </div>
   <div class='ocr_carea' id='block_1_106' title="bbox 2028 3634 3673 3703">
    <p class='ocr_par' dir='ltr' id='par_1_106' title="bbox 2028 3634 3673 3703">
     <span class='ocr_line' id='line_1_107' title="bbox 2028 3634 3673 3703; baseline 0.007 -14"><span class='ocrx_word' id='word_1_767' title='bbox 2028 3639 2090 3689; x_wconf 89' lang='lat' dir='ltr'>ut</span> <span class='ocrx_word' id='word_1_768' title='bbox 2119 3634 2290 3688; x_wconf 89' lang='lat' dir='ltr'>etiam</span> <span class='ocrx_word' id='word_1_769' title='bbox 2319 3634 2711 3703; x_wconf 88' lang='lat' dir='ltr'>superioribus</span> <span class='ocrx_word' id='word_1_770' title='bbox 2742 3638 2947 3692; x_wconf 89' lang='lat' dir='ltr'>diebus</span> <span class='ocrx_word' id='word_1_771' title='bbox 2981 3639 3034 3692; x_wconf 91' lang='lat' dir='ltr'>in</span> <span class='ocrx_word' id='word_1_772' title='bbox 3069 3639 3288 3696; x_wconf 90' lang='lat' dir='ltr'>eisdem</span> <span class='ocrx_word' id='word_1_773' title='bbox 3315 3643 3474 3698; x_wconf 91' lang='lat' dir='ltr'>mille</span> <span class='ocrx_word' id='word_1_774' title='bbox 3502 3645 3673 3701; x_wconf 88' lang='lat' dir='ltr'>annis</span> 
     </span>
    </p>
   </div>
   <div class='ocr_carea' id='block_1_107' title="bbox 2026 3713 3674 3792">
    <p class='ocr_par' dir='ltr' id='par_1_107' title="bbox 2026 3713 3674 3792">
     <span class='ocr_line' id='line_1_108' title="bbox 2026 3713 3674 3792; baseline 0.008 -24"><span class='ocrx_word' id='word_1_775' title='bbox 2026 3717 2382 3785; x_wconf 89' lang='lat' dir='ltr'>quicumque</span> <span class='ocrx_word' id='word_1_776' title='bbox 2413 3713 2842 3772; x_wconf 82' lang='lat' dir='ltr'>tribulabantur</span> <span class='ocrx_word' id='word_1_777' title='bbox 2872 3724 3227 3789; x_wconf 87' lang='lat' dir='ltr'>sanctorum,</span> <span class='ocrx_word' id='word_1_778' title='bbox 3261 3738 3324 3778; x_wconf 92' lang='lat' dir='ltr'>eo</span> <span class='ocrx_word' id='word_1_779' title='bbox 3374 3724 3498 3792; x_wconf 90' lang='lat' dir='ltr'>ipso</span> <span class='ocrx_word' id='word_1_780' title='bbox 3530 3729 3674 3781; x_wconf 86' lang='lat' dir='ltr'>tem-</span> 
     </span>
    </p>
   </div>
   <div class='ocr_carea' id='block_1_108' title="bbox 2027 3794 3672 3875">
    <p class='ocr_par' dir='ltr' id='par_1_108' title="bbox 2027 3794 3672 3875">
     <span class='ocr_line' id='line_1_109' title="bbox 2027 3794 3672 3875; baseline 0.009 -26"><span class='ocrx_word' id='word_1_781' title='bbox 2027 3812 2165 3867; x_wconf 87' lang='lat' dir='ltr'>pore</span> <span class='ocrx_word' id='word_1_782' title='bbox 2196 3794 2592 3851; x_wconf 85' lang='lat' dir='ltr'>tribulationis</span> <span class='ocrx_word' id='word_1_783' title='bbox 2641 3813 2760 3851; x_wconf 72' lang='lat' dir='ltr'>suae</span> <span class='ocrx_word' id='word_1_784' title='bbox 2812 3814 2947 3854; x_wconf 92' lang='lat' dir='ltr'>cum</span> <span class='ocrx_word' id='word_1_785' title='bbox 2994 3799 3220 3856; x_wconf 90' lang='lat' dir='ltr'>Christo</span> <span class='ocrx_word' id='word_1_786' title='bbox 3253 3820 3366 3858; x_wconf 91' lang='lat' dir='ltr'>non</span> <span class='ocrx_word' id='word_1_787' title='bbox 3399 3821 3672 3875; x_wconf 83' lang='lat' dir='ltr'>regnasse</span> 
     </span>
    </p>
   </div>
   <div class='ocr_carea' id='block_1_109' title="bbox 2026 3877 3672 3950">
    <p class='ocr_par' dir='ltr' id='par_1_109' title="bbox 2026 3877 3672 3950">
     <span class='ocr_line' id='line_1_110' title="bbox 2026 3877 3672 3950; baseline 0.006 -20"><span class='ocrx_word' id='word_1_788' title='bbox 2026 3877 2339 3930; x_wconf 85' lang='lat' dir='ltr'>dicantur:</span> <span class='ocrx_word' id='word_1_789' title='bbox 2375 3892 2439 3930; x_wconf 90' lang='lat' dir='ltr'>ac</span> <span class='ocrx_word' id='word_1_790' title='bbox 2472 3892 2574 3947; x_wconf 90' lang='lat' dir='ltr'>per</span> <span class='ocrx_word' id='word_1_791' title='bbox 2593 3877 2700 3932; x_wconf 89' lang='lat' dir='ltr'>hoc</span> <span class='ocrx_word' id='word_1_792' title='bbox 2731 3885 2784 3932; x_wconf 89' lang='lat' dir='ltr'>et</span> <span class='ocrx_word' id='word_1_793' title='bbox 2814 3878 2918 3944; x_wconf 92' lang='lat' dir='ltr'>illi,</span> <span class='ocrx_word' id='word_1_794' title='bbox 2943 3896 3186 3950; x_wconf 89' lang='lat' dir='ltr'>quorum</span> <span class='ocrx_word' id='word_1_795' title='bbox 3211 3883 3437 3938; x_wconf 86' lang='lat' dir='ltr'>animas</span> <span class='ocrx_word' id='word_1_796' title='bbox 3466 3892 3672 3940; x_wconf 89' lang='lat' dir='ltr'>auctor</span> 
     </span>
    </p>
   </div>
   <div class='ocr_carea' id='block_1_110' title="bbox 2025 3955 3672 4036">
    <p class='ocr_par' dir='ltr' id='par_1_110' title="bbox 2025 3955 3672 4036">
     <span class='ocr_line' id='line_1_111' title="bbox 2025 3955 3672 4036; baseline 0.004 -23"><span class='ocrx_word' id='word_1_797' title='bbox 2025 3956 2156 4036; x_wconf 89' lang='lat' dir='ltr'>libri</span> <span class='ocrx_word' id='word_1_798' title='bbox 2190 3955 2364 4024; x_wconf 82' lang='lat' dir='ltr'>huius</span> <span class='ocrx_word' id='word_1_799' title='bbox 2396 3956 2610 4012; x_wconf 87' lang='lat' dir='ltr'>vidisse</span> <span class='ocrx_word' id='word_1_800' title='bbox 2633 3973 2694 4012; x_wconf 89' lang='lat' dir='ltr'>se</span> <span class='ocrx_word' id='word_1_801' title='bbox 2726 3957 2929 4014; x_wconf 88' lang='lat' dir='ltr'>scribit</span> <span class='ocrx_word' id='word_1_802' title='bbox 2958 3963 3278 4017; x_wconf 89' lang='lat' dir='ltr'>occisorum</span> <span class='ocrx_word' id='word_1_803' title='bbox 3306 3969 3540 4036; x_wconf 89' lang='lat' dir='ltr'>propter</span> <span class='ocrx_word' id='word_1_804' title='bbox 3555 3968 3672 4021; x_wconf 87' lang='lat' dir='ltr'>tes-</span> 
     </span>
    </p>
   </div>
   <div class='ocr_carea' id='block_1_111' title="bbox 2025 4035 3678 4116">
    <p class='ocr_par' dir='ltr' id='par_1_111' title="bbox 2025 4035 3678 4116">
     <span class='ocr_line' id='line_1_112' title="bbox 2025 4035 3678 4116; baseline 0.007 -26"><span class='ocrx_word' id='word_1_805' title='bbox 2025 4035 2340 4091; x_wconf 89' lang='lat' dir='ltr'>timonium</span> <span class='ocrx_word' id='word_1_806' title='bbox 2361 4037 2495 4090; x_wconf 89' lang='lat' dir='ltr'>Jesu</span> <span class='ocrx_word' id='word_1_807' title='bbox 2529 4042 2583 4091; x_wconf 89' lang='lat' dir='ltr'>et</span> <span class='ocrx_word' id='word_1_808' title='bbox 2613 4043 2848 4109; x_wconf 86' lang='lat' dir='ltr'>propter</span> <span class='ocrx_word' id='word_1_809' title='bbox 2877 4040 3111 4095; x_wconf 82' lang='lat' dir='ltr'>verbum</span> <span class='ocrx_word' id='word_1_810' title='bbox 3168 4041 3283 4112; x_wconf 89' lang='lat' dir='ltr'>Dei,</span> <span class='ocrx_word' id='word_1_811' title='bbox 3317 4035 3432 4098; x_wconf 87' lang='lat' dir='ltr'>non</span> <span class='ocrx_word' id='word_1_812' title='bbox 3462 4061 3678 4116; x_wconf 86' lang='lat' dir='ltr'>regna-</span> 
     </span>
    </p>
   </div>
   <div class='ocr_carea' id='block_1_112' title="bbox 2025 4116 3677 4195">
    <p class='ocr_par' dir='ltr' id='par_1_112' title="bbox 2025 4116 3677 4195">
     <span class='ocr_line' id='line_1_113' title="bbox 2025 4116 3677 4195; baseline 0.007 -25"><span class='ocrx_word' id='word_1_813' title='bbox 2025 4117 2167 4171; x_wconf 89' lang='lat' dir='ltr'>bant</span> <span class='ocrx_word' id='word_1_814' title='bbox 2197 4132 2326 4171; x_wconf 90' lang='lat' dir='ltr'>cum</span> <span class='ocrx_word' id='word_1_815' title='bbox 2359 4116 2584 4172; x_wconf 87' lang='lat' dir='ltr'>Christo</span> <span class='ocrx_word' id='word_1_816' title='bbox 2635 4120 2864 4188; x_wconf 87' lang='lat' dir='ltr'>quando</span> <span class='ocrx_word' id='word_1_817' title='bbox 2913 4121 3280 4191; x_wconf 85' lang='lat' dir='ltr'>patiebantur</span> <span class='ocrx_word' id='word_1_818' title='bbox 3319 4127 3677 4195; x_wconf 89' lang='lat' dir='ltr'>persecutio-</span> 
     </span>
    </p>
   </div>
   <div class='ocr_carea' id='block_1_113' title="bbox 2028 4196 3673 4275">
    <p class='ocr_par' dir='ltr' id='par_1_113' title="bbox 2028 4196 3673 4275">
     <span class='ocr_line' id='line_1_114' title="bbox 2028 4196 3673 4275; baseline 0.007 -25"><span class='ocrx_word' id='word_1_819' title='bbox 2028 4211 2192 4264; x_wconf 86' lang='lat' dir='ltr'>nem;</span> <span class='ocrx_word' id='word_1_820' title='bbox 2225 4201 2282 4251; x_wconf 92' lang='lat' dir='ltr'>et</span> <span class='ocrx_word' id='word_1_821' title='bbox 2313 4196 2423 4265; x_wconf 89' lang='lat' dir='ltr'>ipsi</span> <span class='ocrx_word' id='word_1_822' title='bbox 2457 4213 2701 4268; x_wconf 82' lang='lat' dir='ltr'>regnum</span> <span class='ocrx_word' id='word_1_823' title='bbox 2724 4198 2930 4254; x_wconf 88' lang='lat' dir='ltr'>Christi</span> <span class='ocrx_word' id='word_1_824' title='bbox 2952 4217 3065 4256; x_wconf 92' lang='lat' dir='ltr'>non</span> <span class='ocrx_word' id='word_1_825' title='bbox 3089 4212 3268 4271; x_wconf 85' lang='lat' dir='ltr'>erant,</span> <span class='ocrx_word' id='word_1_826' title='bbox 3299 4221 3448 4275; x_wconf 90' lang='lat' dir='ltr'>quos</span> <span class='ocrx_word' id='word_1_827' title='bbox 3479 4205 3673 4261; x_wconf 88' lang='lat' dir='ltr'>Chris-</span> 
     </span>
    </p>
   </div>
   <div class='ocr_carea' id='block_1_114' title="bbox 2025 4277 3670 4350">
    <p class='ocr_par' dir='ltr' id='par_1_114' title="bbox 2025 4277 3670 4350">
     <span class='ocr_line' id='line_1_115' title="bbox 2025 4277 3670 4350; baseline 0.007 -18"><span class='ocrx_word' id='word_1_828' title='bbox 2025 4285 2116 4332; x_wconf 87' lang='lat' dir='ltr'>tus</span> <span class='ocrx_word' id='word_1_829' title='bbox 2189 4277 2561 4334; x_wconf 87' lang='lat' dir='ltr'>excellentius</span> <span class='ocrx_word' id='word_1_830' title='bbox 2634 4280 2986 4350; x_wconf 89' lang='lat' dir='ltr'>possidebat.</span> <span class='ocrx_word' id='word_1_831' title='bbox 3048 4284 3554 4343; x_wconf 90' lang='lat' dir='ltr'>Absurdissimum</span> <span class='ocrx_word' id='word_1_832' title='bbox 3614 4289 3670 4343; x_wconf 92' lang='lat' dir='ltr'>id</span> 
     </span>
    </p>
   </div>
   <div class='ocr_carea' id='block_1_115' title="bbox 2025 4359 3676 4429">
    <p class='ocr_par' dir='ltr' id='par_1_115' title="bbox 2025 4359 3676 4429">
     <span class='ocr_line' id='line_1_116' title="bbox 2025 4359 3676 4429; baseline 0.008 -18"><span class='ocrx_word' id='word_1_833' title='bbox 2025 4359 2260 4429; x_wconf 89' lang='lat' dir='ltr'>quidem</span> <span class='ocrx_word' id='word_1_834' title='bbox 2306 4363 2363 4413; x_wconf 90' lang='lat' dir='ltr'>et</span> <span class='ocrx_word' id='word_1_835' title='bbox 2394 4359 2551 4413; x_wconf 88' lang='lat' dir='ltr'>omni</span> <span class='ocrx_word' id='word_1_836' title='bbox 2577 4362 2744 4416; x_wconf 89' lang='lat' dir='ltr'>modo</span> <span class='ocrx_word' id='word_1_837' title='bbox 2777 4364 3179 4420; x_wconf 87' lang='lat' dir='ltr'>aversandum.</span> <span class='ocrx_word' id='word_1_838' title='bbox 3213 4368 3318 4421; x_wconf 90' lang='lat' dir='ltr'>Sed</span> <span class='ocrx_word' id='word_1_839' title='bbox 3363 4374 3514 4423; x_wconf 89' lang='lat' dir='ltr'>certe</span> <span class='ocrx_word' id='word_1_840' title='bbox 3545 4369 3676 4424; x_wconf 87' lang='lat' dir='ltr'>ani—</span> 
     </span>
    </p>
   </div>
   <div class='ocr_carea' id='block_1_116' title="bbox 2027 4439 3676 4520">
    <p class='ocr_par' dir='ltr' id='par_1_116' title="bbox 2027 4439 3676 4520">
     <span class='ocr_line' id='line_1_117' title="bbox 2027 4439 3676 4520; baseline 0.01 -30"><span class='ocrx_word' id='word_1_841' title='bbox 2027 4455 2133 4520; x_wconf 80' lang='lat' dir='ltr'>mae</span> <span class='ocrx_word' id='word_1_842' title='bbox 2163 4439 2430 4494; x_wconf 84' lang='lat' dir='ltr'>victrices</span> <span class='ocrx_word' id='word_1_843' title='bbox 2452 4441 3010 4511; x_wconf 83' lang='lat' dir='ltr'>gloriosissimorum</span> <span class='ocrx_word' id='word_1_844' title='bbox 3036 4451 3379 4520; x_wconf 80' lang='lat' dir='ltr'>martyrum,</span> <span class='ocrx_word' id='word_1_845' title='bbox 3404 4450 3676 4506; x_wconf 90' lang='lat' dir='ltr'>omnibus</span> 
     </span>
    </p>
   </div>
   <div class='ocr_carea' id='block_1_117' title="bbox 2026 4518 3674 4602">
    <p class='ocr_par' dir='ltr' id='par_1_117' title="bbox 2026 4518 3674 4602">
     <span class='ocr_line' id='line_1_118' title="bbox 2026 4518 3674 4602; baseline 0.008 -28"><span class='ocrx_word' id='word_1_846' title='bbox 2026 4518 2329 4574; x_wconf 87' lang='lat' dir='ltr'>doloribus</span> <span class='ocrx_word' id='word_1_847' title='bbox 2360 4535 2425 4573; x_wconf 85' lang='lat' dir='ltr'>ac</span> <span class='ocrx_word' id='word_1_848' title='bbox 2457 4521 2750 4578; x_wconf 86' lang='lat' dir='ltr'>laboribus</span> <span class='ocrx_word' id='word_1_849' title='bbox 2783 4525 3074 4595; x_wconf 88' lang='lat' dir='ltr'>superatis</span> <span class='ocrx_word' id='word_1_850' title='bbox 3106 4518 3275 4596; x_wconf 78' lang='lat' dir='ltr'>atque</span> <span class='ocrx_word' id='word_1_851' title='bbox 3309 4529 3511 4598; x_wconf 76' lang='lat' dir='ltr'>finitis,</span> <span class='ocrx_word' id='word_1_852' title='bbox 3546 4549 3674 4602; x_wconf 87' lang='lat' dir='ltr'>pos-</span> 
     </span>
    </p>
   </div>
   <div class='ocr_carea' id='block_1_118' title="bbox 2026 4602 3675 4676">
    <p class='ocr_par' dir='ltr' id='par_1_118' title="bbox 2026 4602 3675 4676">
     <span class='ocr_line' id='line_1_119' title="bbox 2026 4602 3675 4676; baseline 0.007 -22"><span class='ocrx_word' id='word_1_853' title='bbox 2026 4607 2295 4670; x_wconf 85' lang='lat' dir='ltr'>teaquam</span> <span class='ocrx_word' id='word_1_854' title='bbox 2331 4602 2596 4657; x_wconf 86' lang='lat' dir='ltr'>mortalia</span> <span class='ocrx_word' id='word_1_855' title='bbox 2629 4607 2892 4661; x_wconf 88' lang='lat' dir='ltr'>membra</span> <span class='ocrx_word' id='word_1_856' title='bbox 2916 4613 3247 4676; x_wconf 82' lang='lat' dir='ltr'>posuerunt,</span> <span class='ocrx_word' id='word_1_857' title='bbox 3285 4626 3415 4664; x_wconf 89' lang='lat' dir='ltr'>cum</span> <span class='ocrx_word' id='word_1_858' title='bbox 3447 4612 3675 4666; x_wconf 86' lang='lat' dir='ltr'>Christo</span> 
     </span>
    </p>
   </div>
   <div class='ocr_carea' id='block_1_119' title="bbox 2024 4682 3678 4755">
    <p class='ocr_par' dir='ltr' id='par_1_119' title="bbox 2024 4682 3678 4755">
     <span class='ocr_line' id='line_1_120' title="bbox 2024 4682 3678 4755; baseline 0.004 -18"><span class='ocrx_word' id='word_1_859' title='bbox 2024 4682 2225 4752; x_wconf 90' lang='lat' dir='ltr'>utique</span> <span class='ocrx_word' id='word_1_860' title='bbox 2272 4688 2659 4753; x_wconf 88' lang='lat' dir='ltr'>regnaverunt</span> <span class='ocrx_word' id='word_1_861' title='bbox 2720 4690 2775 4740; x_wconf 92' lang='lat' dir='ltr'>et</span> <span class='ocrx_word' id='word_1_862' title='bbox 2833 4693 3096 4755; x_wconf 84' lang='lat' dir='ltr'>regnant,</span> <span class='ocrx_word' id='word_1_863' title='bbox 3162 4690 3342 4742; x_wconf 90' lang='lat' dir='ltr'>donec</span> <span class='ocrx_word' id='word_1_864' title='bbox 3399 4690 3678 4743; x_wconf 86' lang='lat' dir='ltr'>finiantur</span> 
     </span>
    </p>
   </div>
   <div class='ocr_carea' id='block_1_120' title="bbox 2023 4761 3672 4837">
    <p class='ocr_par' dir='ltr' id='par_1_120' title="bbox 2023 4761 3672 4837">
     <span class='ocr_line' id='line_1_121' title="bbox 2023 4761 3672 4837; baseline 0.003 -19"><span class='ocrx_word' id='word_1_865' title='bbox 2023 4761 2181 4818; x_wconf 89' lang='lat' dir='ltr'>mille</span> <span class='ocrx_word' id='word_1_866' title='bbox 2208 4765 2366 4832; x_wconf 88' lang='lat' dir='ltr'>anni,</span> <span class='ocrx_word' id='word_1_867' title='bbox 2401 4769 2462 4819; x_wconf 89' lang='lat' dir='ltr'>ut</span> <span class='ocrx_word' id='word_1_868' title='bbox 2494 4769 2690 4834; x_wconf 86' lang='lat' dir='ltr'>postea</span> <span class='ocrx_word' id='word_1_869' title='bbox 2721 4768 2964 4834; x_wconf 87' lang='lat' dir='ltr'>receptis</span> <span class='ocrx_word' id='word_1_870' title='bbox 2987 4767 3158 4821; x_wconf 87' lang='lat' dir='ltr'>etiam</span> <span class='ocrx_word' id='word_1_871' title='bbox 3183 4767 3521 4836; x_wconf 88' lang='lat' dir='ltr'>corporibus</span> <span class='ocrx_word' id='word_1_872' title='bbox 3544 4770 3672 4837; x_wconf 87' lang='lat' dir='ltr'>jam</span> 
     </span>
    </p>
   </div>
   <div class='ocr_carea' id='block_1_121' title="bbox 2023 4845 3673 4914">
    <p class='ocr_par' dir='ltr' id='par_1_121' title="bbox 2023 4845 3673 4914">
     <span class='ocr_line' id='line_1_122' title="bbox 2023 4845 3673 4914; baseline 0.004 -17"><span class='ocrx_word' id='word_1_873' title='bbox 2023 4845 2459 4900; x_wconf 83' lang='lat' dir='ltr'>immortalibus</span> <span class='ocrx_word' id='word_1_874' title='bbox 2506 4853 2760 4914; x_wconf 83' lang='lat' dir='ltr'>regnent.</span> <span class='ocrx_word' id='word_1_875' title='bbox 2813 4845 3058 4900; x_wconf 90' lang='lat' dir='ltr'>Proinde</span> <span class='ocrx_word' id='word_1_876' title='bbox 3105 4845 3292 4901; x_wconf 89' lang='lat' dir='ltr'>tribus</span> <span class='ocrx_word' id='word_1_877' title='bbox 3341 4846 3456 4902; x_wconf 90' lang='lat' dir='ltr'>illis</span> <span class='ocrx_word' id='word_1_878' title='bbox 3502 4847 3673 4903; x_wconf 88' lang='lat' dir='ltr'>annis</span> 
     </span>
    </p>
   </div>
   <div class='ocr_carea' id='block_1_122' title="bbox 2025 4923 3674 4998">
    <p class='ocr_par' dir='ltr' id='par_1_122' title="bbox 2025 4923 3674 4998">
     <span class='ocr_line' id='line_1_123' title="bbox 2025 4923 3674 4998; baseline 0.001 -18"><span class='ocrx_word' id='word_1_879' title='bbox 2025 4930 2200 4996; x_wconf 86' lang='lat' dir='ltr'>atque</span> <span class='ocrx_word' id='word_1_880' title='bbox 2231 4926 2494 4992; x_wconf 82' lang='lat' dir='ltr'>dimidio,</span> <span class='ocrx_word' id='word_1_881' title='bbox 2531 4926 2738 4978; x_wconf 83' lang='lat' dir='ltr'>animae</span> <span class='ocrx_word' id='word_1_882' title='bbox 2757 4923 3076 4979; x_wconf 89' lang='lat' dir='ltr'>occisorum</span> <span class='ocrx_word' id='word_1_883' title='bbox 3105 4942 3202 4993; x_wconf 84' lang='lat' dir='ltr'>pro</span> <span class='ocrx_word' id='word_1_884' title='bbox 3225 4927 3352 4995; x_wconf 88' lang='lat' dir='ltr'>ejus</span> <span class='ocrx_word' id='word_1_885' title='bbox 3377 4927 3674 4998; x_wconf 81' lang='lat' dir='ltr'>martyrio,</span> 
     </span>
    </p>
   </div>
   <div class='ocr_carea' id='block_1_123' title="bbox 2025 5004 3675 5080">
    <p class='ocr_par' dir='ltr' id='par_1_123' title="bbox 2025 5004 3675 5080">
     <span class='ocr_line' id='line_1_124' title="bbox 2025 5004 3675 5080; baseline 0.001 -19"><span class='ocrx_word' id='word_1_886' title='bbox 2025 5011 2082 5061; x_wconf 89' lang='lat' dir='ltr'>et</span> <span class='ocrx_word' id='word_1_887' title='bbox 2113 5023 2241 5076; x_wconf 78' lang='lat' dir='ltr'>quae</span> <span class='ocrx_word' id='word_1_888' title='bbox 2273 5013 2438 5060; x_wconf 86' lang='lat' dir='ltr'>antea</span> <span class='ocrx_word' id='word_1_889' title='bbox 2472 5005 2541 5059; x_wconf 91' lang='lat' dir='ltr'>de</span> <span class='ocrx_word' id='word_1_890' title='bbox 2571 5004 2911 5072; x_wconf 88' lang='lat' dir='ltr'>corporibus</span> <span class='ocrx_word' id='word_1_891' title='bbox 2963 5006 3244 5075; x_wconf 87' lang='lat' dir='ltr'>exierunt,</span> <span class='ocrx_word' id='word_1_892' title='bbox 3277 5010 3333 5061; x_wconf 92' lang='lat' dir='ltr'>et</span> <span class='ocrx_word' id='word_1_893' title='bbox 3373 5023 3500 5078; x_wconf 71' lang='lat' dir='ltr'>quas</span> <span class='ocrx_word' id='word_1_894' title='bbox 3550 5008 3675 5080; x_wconf 86' lang='lat' dir='ltr'>ipsa</span> 
     </span>
    </p>
   </div>
   <div class='ocr_carea' id='block_1_124' title="bbox 2026 5082 3677 5156">
    <p class='ocr_par' dir='ltr' id='par_1_124' title="bbox 2026 5082 3677 5156">
     <span class='ocr_line' id='line_1_125' title="bbox 2026 5082 3677 5156; baseline 0.001 -15"><span class='ocrx_word' id='word_1_895' title='bbox 2026 5086 2346 5142; x_wconf 89' lang='lat' dir='ltr'>novissima</span> <span class='ocrx_word' id='word_1_896' title='bbox 2392 5082 2788 5153; x_wconf 77' lang='lat' dir='ltr'>persecutione</span> <span class='ocrx_word' id='word_1_897' title='bbox 2846 5093 2980 5140; x_wconf 86' lang='lat' dir='ltr'>sunt</span> <span class='ocrx_word' id='word_1_898' title='bbox 3049 5087 3303 5154; x_wconf 69' lang='lat' dir='ltr'>exiturae,</span> <span class='ocrx_word' id='word_1_899' title='bbox 3351 5088 3677 5156; x_wconf 78' lang='lat' dir='ltr'>regnabunt</span> 
     </span>
    </p>
   </div>
   <div class='ocr_carea' id='block_1_125' title="bbox 2026 5165 3671 5233">
    <p class='ocr_par' dir='ltr' id='par_1_125' title="bbox 2026 5165 3671 5233">
     <span class='ocr_line' id='line_1_126' title="bbox 2026 5165 3671 5233; baseline 0.001 -11"><span class='ocrx_word' id='word_1_900' title='bbox 2026 5183 2159 5222; x_wconf 91' lang='lat' dir='ltr'>cum</span> <span class='ocrx_word' id='word_1_901' title='bbox 2211 5165 2330 5233; x_wconf 91' lang='lat' dir='ltr'>illo,</span> <span class='ocrx_word' id='word_1_902' title='bbox 2366 5167 2546 5220; x_wconf 91' lang='lat' dir='ltr'>donec</span> <span class='ocrx_word' id='word_1_903' title='bbox 2594 5165 2832 5219; x_wconf 86' lang='lat' dir='ltr'>ﬁniatur</span> <span class='ocrx_word' id='word_1_904' title='bbox 2879 5166 3116 5222; x_wconf 83' lang='lat' dir='ltr'>mortale</span> <span class='ocrx_word' id='word_1_905' title='bbox 3165 5166 3466 5233; x_wconf 68' lang='lat' dir='ltr'>saeculum,</span> <span class='ocrx_word' id='word_1_906' title='bbox 3500 5173 3556 5222; x_wconf 89' lang='lat' dir='ltr'>et</span> <span class='ocrx_word' id='word_1_907' title='bbox 3601 5169 3671 5223; x_wconf 82' lang='lat' dir='ltr'>ad</span> 
     </span>
    </p>
   </div>
   <div class='ocr_carea' id='block_1_126' title="bbox 2025 5246 3675 5321">
    <p class='ocr_par' dir='ltr' id='par_1_126' title="bbox 2025 5246 3675 5321">
     <span class='ocr_line' id='line_1_127' title="bbox 2025 5246 3675 5321; baseline 0 -17"><span class='ocrx_word' id='word_1_908' title='bbox 2025 5249 2170 5305; x_wconf 93' lang='lat' dir='ltr'>illud</span> <span class='ocrx_word' id='word_1_909' title='bbox 2203 5264 2468 5321; x_wconf 88' lang='lat' dir='ltr'>regnum,</span> <span class='ocrx_word' id='word_1_910' title='bbox 2505 5246 2597 5302; x_wconf 87' lang='lat' dir='ltr'>ubi</span> <span class='ocrx_word' id='word_1_911' title='bbox 2635 5263 2791 5302; x_wconf 89' lang='lat' dir='ltr'>mors</span> <span class='ocrx_word' id='word_1_912' title='bbox 2833 5265 2945 5302; x_wconf 90' lang='lat' dir='ltr'>non</span> <span class='ocrx_word' id='word_1_913' title='bbox 2996 5248 3126 5314; x_wconf 88' lang='lat' dir='ltr'>erit,</span> <span class='ocrx_word' id='word_1_914' title='bbox 3150 5253 3500 5304; x_wconf 85' lang='lat' dir='ltr'>transeatur.</span> <span class='ocrx_word' id='word_1_915' title='bbox 3526 5249 3675 5313; x_wconf 85' lang='lat' dir='ltr'>Quo-</span> 
     </span>
    </p>
   </div>
   <div class='ocr_carea' id='block_1_127' title="bbox 2030 5500 3679 5616">
    <p class='ocr_par' dir='ltr' id='par_1_127' title="bbox 2030 5500 3679 5616">
     <span class='ocr_line' id='line_1_128' title="bbox 2030 5500 3679 5616; baseline 0.008 -67"><span class='ocrx_word' id='word_1_916' title='bbox 2030 5500 2318 5616; x_wconf 49' lang='lat' dir='ltr'>dc;ti\.’ind.</span> <span class='ocrx_word' id='word_1_917' title='bbox 2367 5503 2483 5552; x_wconf 82' lang='lat' dir='ltr'>Am.</span> <span class='ocrx_word' id='word_1_918' title='bbox 2534 5504 2616 5555; x_wconf 87' lang='lat' dir='ltr'>Er.</span> <span class='ocrx_word' id='word_1_919' title='bbox 2669 5507 2721 5556; x_wconf 90' lang='lat' dir='ltr'>et</span> <span class='ocrx_word' id='word_1_920' title='bbox 2765 5508 2946 5571; x_wconf 90' lang='lat' dir='ltr'>plures</span> <span class='ocrx_word' id='word_1_921' title='bbox 3003 5509 3370 5573; x_wconf 85' lang='lat' dir='ltr'>manuscripti,</span> <span class='ocrx_word' id='word_1_922' title='bbox 3428 5524 3540 5560; x_wconf 82' lang='lat' dir='ltr'>non</span> <span class='ocrx_word' id='word_1_923' title='bbox 3600 5527 3679 5564; x_wconf 84' lang='lat' dir='ltr'>ce-</span> 
     </span>
    </p>
   </div>
  </div>
