4124 6188
440 273 560 329 679

441 402 596 457 circa
627 418 758 457 cum
810 399 1036 455 Christo
1086 400 1452 470 regnantium
1503 406 1842 456 sanctorum
1894 403 2090 472 plures

441 487 579 538 anni
610 488 796 544 erunt,
829 497 1003 551 quam
1038 481 1250 535 vinculi
1280 481 1492 536 diaboli
1526 488 1581 536 et
1603 483 1883 536 custodias
1913 500 1926 539 :
1952 484 2087 554 quia

442 565 525 617 illi
559 579 687 618 cum
723 579 828 616 suo
859 577 992 631 rege
1025 562 1118 616 Dei
1158 562 1320 628 Filio,
1347 563 1466 631 jam
1502 563 1728 617 diabolo
1761 581 1874 618 non
1910 564 2084 631 ligato

439 645 610 697 etiam
642 660 742 712 per
772 648 887 697 tres
916 642 1046 696 illos
1076 659 1259 697 annos
1283 659 1346 697 ac
1379 643 1709 708 semissem,
1738 647 2082 715 regnaliunt.

441 723 721 777 Remanet
759 723 958 793 igitur,
986 728 1050 776 ut
1079 739 1210 776 cum
1246 723 1536 790 audimus,
1580 724 1885 779 Sacerdotes
1916 725 2008 778 Dei
2037 729 2085 779 et

440 803 644 859 Christi
671 805 975 874 regnabant
1003 821 1124 858 cum
1157 805 1253 859 illo
1283 805 1436 858 mille
1467 807 1654 870 annis,
1696 810 1746 860 et
1781 823 1904 860 cum
1938 808 2088 861 ﬁniti

437 887 644 952 fuerint
675 885 836 939 mille
864 888 1020 948 anni,
1044 885 1283 939 solvetur
1313 889 1533 940 satanas
1563 886 1628 939 de
1667 887 1910 941 custodia
1948 903 2046 941 sua
2065 905 2087 950 ;

440 969 540 1019 aut
570 980 683 1018 non
717 966 877 1036 regni
908 964 1086 1034 hujus
1118 970 1455 1020 sanctorum
1485 965 1879 1036 intelligamus
1901 984 2085 1022 annos

443 1045 601 1099 mille
633 1045 810 1112 ﬁniri,
835 1046 933 1100 sed
970 1044 1181 1100 vinculi
1232 1045 1442 1100 diaboli
1477 1053 1649 1116 atque
1679 1048 1990 1113 custodiae;
2028 1052 2087 1101 ut

438 1143 622 1182 annos
675 1126 857 1191 mille,
899 1127 956 1180 id
1007 1131 1115 1193 est,
1169 1143 1351 1182 annos
1394 1143 1596 1182 omnes
1641 1145 1799 1194 suos,
1847 1145 2086 1199 quasque

442 1225 579 1279 pars
611 1208 821 1263 habeat
850 1207 1095 1260 diversis
1143 1223 1208 1260 ac
1251 1207 1499 1278 propriis
1546 1207 1972 1278 prolixitatibus
2025 1209 2087 1261 ii-

439 1288 706 1355 niendos,
737 1286 1016 1356 ampliore
1049 1291 1383 1342 sanctorum
1435 1303 1630 1358 regno,
1676 1289 1937 1344 breviore
1968 1288 2086 1342 dia-

434 1367 553 1423 boli
587 1368 856 1423 vinculo:
889 1372 990 1422 aut
1037 1371 1208 1432 certe,
1241 1367 1512 1437 quoniam
1567 1370 1745 1423 trium
1795 1385 2082 1424 annorum

435 1453 494 1503 et
524 1465 624 1504 sex
657 1449 946 1503 mensium
979 1447 1391 1502 brevissimum
1425 1448 1676 1517 spatium
1711 1458 1817 1515 est,
1851 1465 2084 1521 compu-

437 1530 544 1584 tari
595 1528 854 1584 noluisse
903 1529 1192 1594 credatur,
1239 1529 1358 1583 sive
1413 1531 1567 1599 quod
1620 1530 1816 1584 minus
1865 1535 2082 1585 satanas

437 1609 762 1676 vinculum,
795 1609 913 1664 sive
943 1610 1097 1680 quod
1131 1609 1382 1679 amplius
1426 1608 1652 1663 videtur
1700 1626 1943 1681 regnum
1980 1610 2080 1665 ha-

436 1691 572 1745 bere
602 1695 978 1745 sanctorum:
1021 1689 1168 1744 sicut
1211 1691 1282 1744 de
1327 1690 1772 1761 quadringentis
1817 1689 1988 1744 annis
2020 1690 2078 1743 in

438 1777 600 1825 sexto
626 1769 850 1824 decimo
876 1769 1047 1838 hujus
1077 1769 1267 1837 operis
1296 1769 1591 1824 volumine
1632 1770 1912 1840 disputavi
1937 1771 2080 1840 (cap.

436 1850 560 1920 24);
593 1849 865 1920 quoniam
900 1850 1033 1920 plus
1063 1847 1281 1919 aliquid
1317 1849 1545 1914 erant‘,
1578 1853 1634 1904 et
1684 1857 1874 1904 tamen
1929 1867 2083 1920 qua-

433 1931 726 2001 dringenti
761 1937 897 1984 sunt
916 1931 1235 2000 nuncupati
1264 1946 1277 1984 :
1305 1938 1357 1984 et
1379 1930 1515 1984 talia
1534 1946 1686 2001 saepe
1713 1931 2082 2001 reperiuntur

431 2011 491 2065 in
521 2010 753 2065 Litteris
783 2011 989 2079 sacris,
1024 2010 1071 2065 si
1104 2009 1235 2080 quis
1267 2010 1545 2065 advertat.

431 2168 664 2224 CAPUT
698 2167 843 2222 XIV.
875 2197 941 2208 —
976 2171 1054 2222 De
1083 2167 1436 2222 damnatione
1465 2167 1676 2223 diaboli
1702 2183 1827 2223 cum
1863 2170 1998 2231 suis,
2031 2175 2080 2224 et

499 2265 598 2320 per
619 2248 1129 2319 recapilutationem
1160 2247 1226 2302 de
1256 2252 1652 2303 resurrectione
1680 2264 1940 2318 corporea
1965 2265 2080 2305 om-

502 2333 658 2385 nium
684 2339 1044 2396 mortuorum,
1077 2333 1127 2384 et
1157 2327 1221 2384 de
1240 2328 1454 2399 judicio
1505 2327 1714 2385 ultimae
1750 2330 2079 2387 retributio-

502 2428 611 2467 ηιδ.

501 2549 638 2604 Post
669 2549 820 2603 hanc
852 2551 1046 2603 autem
1079 2549 1695 2604 commemorationem
1747 2547 2080 2605 novissima;

430 2629 878 2701 persecutionis,
931 2627 1178 2684 breviter
1225 2629 1628 2700 complectitur
1671 2634 1881 2697 totum,
1929 2631 2078 2700 quod

431 2709 638 2765 ultimo
661 2710 786 2779 jam
813 2709 1037 2780 judicio
1071 2707 1363 2775 diabolus,
1397 2714 1454 2764 et
1500 2727 1630 2764 cum
1683 2725 1786 2765 suo
1819 2711 2080 2782 principe

430 2790 631 2844 civitas
664 2791 903 2844 inimica
934 2806 1180 2860 passura
1209 2795 1316 2844 est.
1342 2789 1492 2844 Dicit
1522 2790 1676 2844 enim
1709 2806 1722 2845 :
1755 2792 1816 2844 Et
1837 2792 2082 2846 diabolus

431 2862 528 2945 q—ui
556 2870 840 2925 seducebat
857 2885 965 2938 eos,
995 2873 1191 2923 missus
1225 2881 1307 2924 est
1347 2872 1402 2922 in
1432 2879 1686 2939 stagnum
1717 2873 1854 2940 ignis
1884 2874 1932 2924 et
1969 2871 2082 2925 sut-

429 2951 624 3022 phuris
645 2966 748 3021 quo
780 2950 944 3005 bestia
975 2956 1024 3004 et
1045 2950 1544 3020 pseudoprophetis;
1572 2955 1622 3004 et
1651 2951 2041 3004 cruciabuntur
2061 2952 2080 2986 ²

427 3031 516 3086 die
545 3047 607 3084 ac
636 3033 786 3086 nocte
814 3033 871 3084 in
901 3032 1100 3085 saecula
1132 3031 1461 3086 saeculorum
1493 3032 1674 3100 (Apoc.
1705 3047 1798 3097 xx,
1831 3031 1865 3082 9
1891 3037 1942 3084 et
1968 3033 2079 3102 10).

428 3111 682 3166 Bestiam
736 3112 881 3167 bene
933 3110 1177 3181 intelligi
1236 3111 1421 3179 ipsam
1471 3110 1714 3180 impiam
1765 3111 2080 3178 civitatem,

430 3208 610 3261 supra
649 3191 774 3258 jam
827 3190 1108 3246 diximus.
1157 3189 1381 3244 Pseudo
1442 3205 1574 3244 vero
1625 3189 1907 3259 propheta
1954 3192 2080 3260 ejus

431 3275 532 3325 aut
563 3271 960 3325 Antichristus
989 3275 1100 3334 est,
1134 3270 1449 3340 autimago
1478 3269 1594 3336 illa,
1631 3271 1688 3323 id
1724 3276 1815 3325 est
1848 3270 2084 3341 ﬁgmen-

432 3355 582 3416 tum,
617 3351 687 3404 de
716 3367 831 3420 quo
860 3349 942 3404 ibi
974 3349 1151 3406 locuti
1184 3365 1414 3404 sumus.
1443 3351 1574 3405 Post
1607 3349 1724 3404 haec
1757 3350 1950 3422 ipsum
1986 3368 2083 3407 no-

425 3430 732 3485 vissimum
756 3430 1070 3501 judicium,
1107 3429 1263 3500 quod
1286 3430 1392 3484 erit
1421 3429 1479 3484 in
1509 3431 1768 3486 secunda
1801 3447 2084 3486 resurrec-

428 3514 586 3568 tione
619 3522 997 3580 mortuorum,
1021 3529 1148 3582 quae
1171 3527 1478 3582 corporum
1502 3516 1610 3578 est,
1644 3512 2082 3581 recapitulando

431 3608 695 3657 narrans,
746 3591 1038 3661 quomodo
1092 3591 1265 3644 fuerit
1311 3591 1422 3645 sibi
1470 3589 1807 3657 revelatum,
1838 3592 1901 3644 Et
1952 3591 2079 3657 vidi,

429 3671 636 3740 inquit,
669 3672 929 3726 thronum
958 3687 1218 3740 magnum
1249 3674 1298 3724 et
1327 3669 1644 3735 candidum,
1695 3677 1745 3723 et
1787 3670 2080 3736 sedentem,

429 3766 590 3820 super
631 3769 776 3815 eum,
825 3752 980 3818 cuius
1017 3767 1050 3804 a
1096 3753 1239 3819 facie
1278 3751 1418 3819 fugit
1483 3750 1680 3804 cretum
1710 3757 1761 3802 et
1811 3754 1979 3817 terra,
2032 3757 2083 3805 et

432 3833 580 3888 locus
609 3847 799 3887 eorum
829 3831 1085 3886 inventus
1108 3845 1216 3884 non
1242 3833 1323 3883 est
1345 3828 1525 3899 (Ibid.,
1554 3829 1660 3900 11).
1681 3827 1805 3884 Non
1827 3829 1925 3898 ait,
1953 3829 2080 3885 Vidi

427 3911 708 3968 thronum
745 3926 1022 3981 magnum
1055 3915 1111 3966 et
1139 3909 1452 3964 candidum
1484 3915 1540 3964 et
1572 3909 1866 3964 sedentem
1909 3926 2084 3979 super

431 4011 588 4061 eum,
622 4000 678 4050 et
707 3994 776 4048 ab
809 3995 934 4062 ejus
968 3991 1112 4046 facie
1165 3990 1311 4062 fugit
1362 3991 1570 4046 cretum
1615 3996 1672 4046 et
1721 3995 1912 4058 terra;
1946 4008 2084 4061 quo-

433 4075 588 4129 niam
623 4092 736 4130 non
772 4079 910 4129 tunc
961 4075 1174 4128 factum
1208 4081 1313 4139 est,
1348 4073 1406 4128 id
1445 4079 1554 4142 est,
1588 4079 1887 4144 antequam
1933 4077 2086 4126 esset

433 4156 503 4210 de
530 4156 672 4209 vivis
702 4160 758 4208 et
789 4154 1033 4209 mortuis
1057 4153 1427 4222 judicatum:
1463 4155 1561 4208 sed
1597 4169 1731 4207 eum
1775 4168 1837 4206 se
1868 4151 2084 4206 vidisse

432 4235 575 4288 dixit
607 4235 662 4287 in
701 4234 908 4289 throno
933 4236 1304 4300 sedentem,a
1336 4234 1503 4301 cujus
1528 4232 1670 4287 facie
1705 4231 1851 4299 fugit
1873 4231 2079 4286 ccelum

435 4317 492 4365 et
523 4319 714 4374 terra;
750 4313 848 4364 sed
879 4317 1097 4380 postea.
1134 4311 1368 4363 Peracto
1419 4310 1634 4380 quippe
1678 4310 1899 4378 judicio
1946 4316 2081 4367 tunc

435 4406 559 4444 esse
591 4392 818 4443 desinet
847 4389 954 4443 hoc
986 4388 1198 4443 coelum
1231 4394 1288 4440 et
1322 4388 1437 4442 hazc
1467 4396 1637 4456 terra,
1671 4392 1901 4459 quando
1935 4393 2081 4447 inci-

437 4469 554 4539 piet
580 4484 709 4522 esse
741 4466 944 4522 coelum
997 4483 1212 4522 novum
1264 4473 1319 4522 et
1369 4474 1517 4524 terra
1567 4486 1730 4524 nova.
1768 4469 2082 4528 Mulatione

435 4562 690 4618 namque
723 4562 936 4614 rerum,
966 4564 1080 4602 non
1113 4547 1269 4601 omni
1321 4550 1492 4604 modo
1541 4551 1776 4606 interitu
1810 4553 2082 4608 transibit

436 4629 528 4685 hic
561 4629 837 4684 mundus.
872 4627 1034 4684 Unde
1084 4633 1140 4683 et
1181 4629 1489 4700 Apostolus
1521 4633 1620 4699 ait,
1653 4633 1907 4688 Praeterit
1936 4637 2084 4688 enim

430 4710 610 4780 ﬁgura
648 4707 812 4778 hujus
843 4708 1055 4774 mundi,
1090 4709 1206 4764 voto
1237 4725 1325 4764 vos
1363 4713 1476 4766 sine
1504 4712 1868 4768 sollicitudine
1895 4729 2007 4768 esse
2035 4713 2081 4783 (Ι

436 4788 559 4844 Cor.
593 4805 696 4854 vn,
725 4787 788 4842 31
823 4794 876 4842 et
909 4789 1019 4858 32).
1062 4787 1272 4859 Figura
1309 4806 1440 4861 ergo
1492 4792 1766 4861 przeterit,
1819 4809 1929 4846 non
1981 4810 2080 4847 na-

433 4873 584 4924 tura.
616 4872 762 4922 Cum
794 4884 928 4939 ergo
960 4884 1020 4923 se
1049 4867 1306 4924 Joannes
1354 4871 1568 4926 vidisse
1601 4871 1845 4927 dixisset
1875 4873 2082 4926 seden-

431 4951 547 5003 tem
571 4965 748 5020 super
777 4951 1076 5018 thronum,
1108 4968 1135 5003 a
1177 4951 1346 5019 cujus
1375 4951 1537 5018 facie,
1574 4953 1724 5022 quod
1769 4957 1968 5022 postea
1999 4954 2082 5007 fu-

434 5035 631 5087 turum
682 5036 790 5099 est,
825 5032 970 5102 fugit
1014 5031 1210 5088 cmlum
1258 5038 1313 5086 et
1361 5042 1546 5090 terra:
1580 5035 1642 5088 Et
1687 5035 1817 5101 vidi,
1867 5035 2079 5106 inquit,

502 5312 515 5343 ί
557 5309 614 5354 In
644 5307 960 5367 quibusdam
993 5307 1132 5363 Mss,
1163 5307 1294 5365 plus
1323 5305 1506 5368 aliqui
1535 5315 1714 5354 erant.

497 5370 517 5402 ‘3
554 5370 1013 5431 Sicrmanuscripti
1036 5370 1190 5428 juxta
1210 5382 1472 5428 graecum.
1505 5369 1642 5418 Editi
1670 5384 1814 5427 vero,
1847 5378 1895 5416 et
1919 5385 2082 5431 pseu-

433 5430 790 5492 doprophctac
819 5431 1310 5495 excruciabuntur.
1355 5432 1514 5480 Porro
1543 5433 1822 5494 particula,
1857 5430 1938 5486 et,
1971 5447 2085 5495 pro-

433 5495 575 5558 xime
631 5496 1042 5558 anteiver’bum,
1091 5493 1515 5546 crueiabuntur.
1544 5493 1709 5544 ideest.
1762 5493 1990 5558 quidem
2026 5497 2082 5544 in

433 5555 705 5630 im'pressLis
728 5557 986 5630 editionis
1002 5557 1274 5630 \(ulgatae.
1294 5559 1383 5630 sed
1414 5558 1469 5605 in
1490 5559 1724 5619 antiquis
1754 5555 1932 5608 tamen
1961 5559 2081 5607 Cor-

436 5615 744 5664 beiensibus
771 5618 954 5668 Bibliis
972 5615 1154 5669 latinis
1181 5620 1458 5682 reperitur.

1509 268 1613 327 DE
1657 269 2028 330 CIVITATE
2074 272 2228 345 DEI,
2275 272 2338 333 S.
2383 272 2810 335 AUGUSTINI

3732 272 3861 330 680

2197 412 2439 460 mortuos
2485 421 2717 478 magnos
2747 413 2802 460 et
2831 403 3100 474 pusillos;
3130 409 3182 458 et
3211 405 3392 472 aperti
3439 407 3569 457 sunt
3599 402 3772 467 libri;
3805 409 3862 456 et

2199 490 2349 542 alius
2373 489 2513 542 liber
2534 498 2749 555 (uxorius
2779 495 2877 548 est,
2903 487 2997 557 qui
3026 487 3105 538 est
3124 483 3256 539 vita’
3276 485 3708 552 uniuscujusque
3733 485 3808 550 (τι)
3837 499 3858 544 ;

2197 579 2249 624 et
2279 569 2510 638 iudicati
2556 577 2684 621 sunt
2729 569 2933 620 mortui
2964 581 3032 619 ex
3063 564 3197 635 ipsis
3234 564 3528 633 scripturis
3577 564 3858 618 librorum

2196 650 2490 706 secundum
2518 650 2664 718 facta
2693 664 2791 702 sua
2825 649 3005 716 (Apoc.
3038 662 3131 710 xx,
3164 646 3272 713 12).
3309 645 3508 698 Libros
3552 645 3696 698 dixit
3727 659 3858 698 esse

2197 737 2448 801 apertos,
2499 734 2556 784 et
2604 728 2856 782 librum:
2911 727 3006 780 sed
3071 726 3280 780 librum
3339 724 3670 793 cujusmodi
3732 740 3853 778 non

2197 813 2409 875 tacuit;
2442 811 2657 881 quiest,
2690 807 2895 877 inquit,
2927 805 3054 861 vitae
3103 805 3547 875 uniuscujusque.
3586 805 3734 875 Ergo
3763 804 3852 857 illi

2196 891 2348 954 libri.
2401 906 2548 960 quos
2617 887 2805 960 priore
2853 887 2977 940 loco
3028 886 3243 956 posuit,
3292 885 3659 955 intelligendi
3711 889 3856 938 sunt

2197 970 2381 1027 sancti
2414 974 2470 1024 et
2499 974 2720 1022 veteres
2751 972 2807 1020 et
2855 967 3006 1032 novi,
3057 971 3121 1018 ut
3168 964 3226 1017 in
3277 963 3393 1018 illis
3447 964 3856 1019 ostenderetur

2197 1066 2323 1122 quae
2383 1050 2534 1103 Deus
2593 1045 2717 1100 ﬁeri
2784 1061 2888 1100 sua
2919 1044 3191 1098 mandata
3239 1043 3576 1113 jussisset:
3633 1043 3690 1096 in
3751 1041 3854 1096 illo

2197 1135 2390 1186 autem
2440 1128 2536 1200 qui
2590 1135 2676 1183 est
2723 1127 2850 1180 vitaz
2907 1125 3396 1194 uniuscujusque,
3444 1123 3585 1194 quid
3637 1123 3853 1177 horum

2195 1213 2442 1284 quisque
2464 1226 2580 1265 non
2605 1205 2980 1273 fecisset,sive
3001 1205 3249 1260 fecisset.
3266 1203 3533 1269 Quiliber
3545 1203 3592 1258 si
3608 1203 3860 1258 carnali-

2192 1299 2280 1350 ter
2310 1293 2610 1364 cogitetur,
2644 1290 2774 1362 quis
2790 1289 2918 1358 ejus
2952 1286 3433 1358 magnitudinem,
3468 1292 3568 1340 aut
3591 1287 3854 1357 longitu-

2192 1375 2405 1440 dinem,
2438 1373 2626 1427 valeat
2655 1367 2986 1424 aestimare?
3014 1375 3116 1422 aut
3162 1371 3380 1438 quanto
3421 1371 3684 1437 tempore
3728 1366 3853 1436 legi

2194 1451 2585 1525 poteritliber,
2619 1451 2676 1505 in
2709 1465 2824 1520 quo
2847 1448 3065 1516 scriptae
3090 1455 3220 1502 sunt
3247 1446 3530 1500 universae
3553 1447 3679 1500 vitae
3711 1447 3844 1500 uni-

2189 1549 2488 1590 versorum
2509 1534 2538 1585 ?
2567 1539 2652 1586 An
2688 1535 2885 1585 tantus
2915 1527 3264 1598 Angelorum
3297 1543 3580 1582 numerus
3639 1529 3855 1593 aderit,

2194 1624 2442 1687 quantus
2477 1613 2780 1668 hominum
2815 1610 2945 1675 erit,
2977 1614 3033 1663 et
3062 1608 3238 1662 vitam
3285 1624 3454 1663 suam
3496 1608 3747 1678 quisque
3774 1608 3852 1662 ab

2192 1696 2410 1768 Angelo
2437 1695 2545 1750 sibi
2579 1693 2836 1748 adhibito
2868 1690 3065 1745 audiet
3085 1690 3310 1745 recitari
3334 1690 3362 1744 Ἰ
3392 1691 3515 1745 Non
3535 1707 3668 1761 ergo
3693 1706 3853 1744 unus

2193 1778 2341 1832 liber
2369 1777 2478 1832 erit
2507 1773 2793 1838 omnium,
2827 1771 2926 1827 sed
2961 1771 3172 1840 singuli
3222 1769 3606 1841 singulorum.
3652 1771 3853 1840 Scrip-

2191 1862 2316 1913 tura
2371 1873 2502 1911 vero
2559 1854 2674 1909 ista
2733 1869 2916 1906 unum
2979 1851 3175 1906 volens
3235 1850 3506 1921 intelligi,
3554 1851 3617 1905 Et
3673 1851 3852 1918 alius,

2193 1938 2397 2008 inquit,
2431 1938 2568 1992 liber
2596 1938 2817 2005 apertus
2852 1940 2950 1987 est.
2985 1932 3254 1997 Quendam
3302 1932 3485 2002 igitur
3523 1931 3610 1985 vis
3640 1937 3729 1986 est
3761 1932 3855 1985 in-

2191 2019 2504 2090 telligenda
2535 2015 2751 2081 divina,
2785 2030 2898 2083 qua
2931 2013 3027 2068 fiet
3059 2018 3122 2068 ut
3151 2013 3363 2084 cuique
3405 2029 3576 2082 opera
3602 2031 3724 2082 sua,
3757 2014 3854 2069 vel

2190 2101 2342 2156 bona
2368 2098 2452 2154 vel
2489 2098 2664 2166 mala,
2715 2102 2926 2150 cuncta
2971 2094 3029 2148 in
3087 2094 3432 2149 memoriam
3485 2099 3850 2160 revocentur,

2191 2186 2248 2237 et
2297 2179 2510 2235 mentis
2553 2175 2767 2232 intuitu
2804 2175 2952 2229 mira
3001 2173 3293 2230 celeritate
3359 2180 3676 2229 cernantur
3717 2191 3730 2240 ;
3780 2180 3852 2230 ut

2192 2264 2443 2325 accuset,
2476 2256 2566 2311 vel
2611 2259 2847 2311 excuset
2894 2253 3134 2308 scientia
3181 2254 3634 2319 conscientiam;
3669 2260 3852 2325 atque

2192 2342 2270 2396 ita
2299 2338 2474 2395 simul
2508 2345 2560 2392 et
2589 2351 2793 2392 omnes
2837 2341 2891 2389 et
2940 2331 3157 2404 singuli
3201 2334 3556 2402 judicentur.
3590 2334 3725 2397 Quae
3761 2333 3853 2388 ni-

2193 2423 2407 2478 mirum
2424 2420 2512 2474 vis
2542 2417 2757 2478 divina,
2782 2414 2914 2469 libri
2940 2430 3151 2469 nomen
3175 2414 3418 2485 accepit.
3445 2415 3506 2468 In
3540 2430 3608 2468 ea
3629 2415 3850 2484 quippe

2192 2500 2626 2576 quodammodo
2659 2497 2892 2568 legitur,
2943 2494 3221 2576 quidquid
3272 2510 3338 2549 ea
3388 2494 3850 2576 facientarecof

2192 2573 2393 2639 litur'.
2428 2580 2500 2636 Ut
2531 2584 2728 2634 autem
2779 2575 3069 2639 ostendat,
3124 2573 3225 2645 qui
3282 2575 3495 2629 mortui
3539 2573 3847 2644 judicandi

2191 2665 2326 2728 sint,
2365 2659 2564 2733 pusilli
2594 2662 2648 2714 et
2680 2655 2903 2727 magni,
2926 2655 3364 2725 recapitulando
3387 2655 3530 2710 dicit
3560 2660 3847 2725 tanquam

2190 2747 2259 2800 ad
2294 2743 2352 2798 id
2385 2742 2632 2803 rediens,
2665 2737 2820 2808 quod
2872 2735 3242 2804 praeterierat,
3296 2734 3557 2804 potiusve
3599 2735 3844 2789 distule-

2192 2830 2318 2882 rat:
2353 2825 2417 2878 Et
2445 2819 2696 2878 exhibuit
2743 2832 2896 2872 mare
2939 2825 3178 2871 mortuos
3219 2814 3318 2886 qui
3365 2818 3425 2870 in
3472 2831 3531 2870 eo
3578 2822 3763 2878 erant,
3795 2819 3851 2868 et

2191 2923 2334 2962 mors
2366 2910 2417 2960 et
2450 2902 2703 2970 infernus
2733 2896 3091 2952 reddiderunt
3123 2905 3362 2951 mortuos
3390 2913 3522 2966 quos
3556 2899 3610 2950 in
3644 2911 3702 2950 se
3731 2897 3852 2950 ha-

2193 2986 2386 3042 bebant
2417 2982 2601 3054 (lbid.,
2639 2980 2748 3049 l3).
2783 2977 2898 3031 Hoc
2941 2976 3138 3047 procul
3189 2976 3368 3030 dubio
3417 2976 3575 3046 prius
3626 2976 3848 3030 factum

2191 3070 2300 3133 est,
2333 3079 2506 3135 quam
2555 3063 2754 3116 essent
2803 3057 3015 3113 mortui
3063 3057 3344 3126 judicati:
3377 3060 3432 3111 et
3465 3065 3654 3111 tamen
3701 3056 3849 3111 illud

2193 3147 2354 3218 prius
2384 3145 2601 3198 dictum
2637 3147 2744 3195 est.
2779 3139 2894 3194 Hoc
2945 3142 3034 3193 est
3081 3154 3216 3208 ergo
3247 3138 3400 3207 quod
3446 3138 3582 3202 dixi,
3619 3138 3850 3207 recapi-

2195 3227 2435 3283 tulando
2467 3240 2598 3278 cum
2627 3221 2701 3276 ad
2730 3221 2788 3274 id
2815 3219 3053 3275 rediisse
3077 3220 3227 3288 quod
3250 3218 3662 3273 intermiserat.
3682 3218 3852 3273 Nunc

2192 3313 2386 3364 autem
2417 3305 2677 3361 ordinem
2729 3301 2942 3368 tenuit,
2979 3306 3155 3370 atque
3205 3307 3264 3354 ut
3303 3298 3692 3370 explicaretur
3721 3299 3853 3370 ipse

2193 3390 2356 3455 ordo,
2391 3384 2756 3442 commodius
2787 3382 2963 3436 etiam
2998 3379 3353 3450 dejudicatis
3386 3379 3654 3445 mortuis,
3688 3381 3849 3450 quod

2187 3471 2313 3540 jam
2347 3469 2591 3532 dixerat,
2625 3481 2728 3520 suo
2760 3463 3029 3534 repetivit
3059 3461 3205 3516 loco.
3231 3460 3374 3515 Cum
3399 3461 3554 3515 enim
3579 3459 3851 3528 dixisset,

2194 3554 2262 3604 Et
2290 3548 2544 3604 exhibuit
2574 3560 2728 3599 mare
2759 3550 2998 3598 mortuos
3027 3543 3124 3612 qui
3153 3543 3212 3595 in
3242 3557 3304 3595 eo
3334 3545 3513 3605 erant,
3543 3549 3597 3595 et
3627 3557 3774 3595 mors
3803 3546 3854 3594 et

2195 3631 2447 3696 infernus
2498 3625 2849 3681 reddiderunt
2879 3627 3120 3677 mortuos
3165 3637 3294 3693 quos
3334 3621 3395 3674 in
3439 3637 3493 3675 se
3539 3621 3816 3674 habebant
3834 3638 3854 3679 ,ο

2196 3731 2330 3770 mox
2361 3709 2586 3766 addidit
2617 3709 2767 3780 quod
2805 3705 2974 3774 paulo
3007 3708 3139 3759 ante
3173 3708 3463 3774 posuerat,
3506 3703 3569 3756 Et
3602 3702 3858 3772 judicati

2193 3803 2320 3849 sunt
2349 3791 2559 3861 singuli
2585 3787 2880 3844 secundum
2907 3787 3056 3853 facta
3077 3801 3198 3839 sua.
3239 3787 3356 3838 Hoc
3386 3788 3472 3837 est
3501 3784 3660 3836 enim
3694 3783 3852 3852 quod

2195 3890 2372 3944 supra
2401 3872 2659 3936 dixerat,
2709 3869 2770 3922 Et
2818 3865 3058 3935 iudicati
3121 3872 3249 3918 sunt
3304 3863 3513 3918 mortui
3549 3862 3852 3917 secundum

2193 3956 2348 4026 facta
2376 3969 2499 4007 sua.

2192 4113 2423 4172 CAPUT
2454 4111 2572 4166 XV.
2605 4141 2674 4149 —
2705 4109 2809 4176 Qui
2853 4107 2966 4161 sint
3014 4104 3237 4170 mortui,
3262 4104 3404 4172 'quos
3451 4102 3522 4156 ad
3561 4101 3854 4172 judicium

2262 4191 2517 4250 exhibuit
2546 4205 2719 4258 mare,
2753 4188 2833 4243 vel
2861 4202 2990 4258 quos
3011 4188 3235 4255 morsfet
3267 4182 3438 4253 inferi
3469 4181 3852 4237 reddiderunt.

2263 4326 2372 4382 Sed
2408 4324 2504 4395 qui
2539 4326 2678 4377 sunt
2709 4321 2946 4384 mortui,
2980 4334 3125 4390 quos
3147 4316 3408 4373 exhibuit
3441 4332 3622 4383 mare,
3646 4314 3748 4385 qui
3793 4314 3854 4370 in

2192 4423 2258 4464 eo
2305 4405 2513 4461 erant?
2563 4403 2762 4474 Neque
2813 4401 2970 4456 enim
3023 4400 3120 4470 qui
3167 4400 3225 4453 in
3295 4398 3444 4452 mari
3494 4397 3854 4463 moriuntur,

2193 4504 2309 4544 non
2340 4490 2481 4540 sunt
2509 4485 2565 4538 in
2603 4484 2854 4551 inferno,
2887 4488 2985 4536 aut
3035 4496 3279 4549 corpora
3309 4494 3512 4534 eorum
3545 4481 3861 4531 servantur

2191 4568 2251 4622 in
2285 4565 2468 4633 mari;
2503 4568 2625 4633 aut,
2672 4563 2823 4634 quod
2875 4566 2964 4616 est
3012 4559 3351 4623 absurdius,
3396 4573 3557 4611 mare
3597 4555 3859 4610 habebat

2193 4649 2372 4703 bonos
2404 4650 2685 4710 mortuos,
2720 4647 2777 4698 et
2805 4643 3069 4697 infernus
3103 4640 3307 4695 malos.
3342 4638 3480 4704 Quis
3525 4637 3636 4692 hoc
3687 4641 3860 4706 puta-

2192 4729 2381 4785 verit?
2410 4727 2517 4782 Sed
2553 4727 2806 4798 profecto
2848 4723 3256 4778 convenienter
3296 4720 3533 4791 quidam
3583 4717 3696 4774 hoc
3729 4719 3857 4775 loco

2195 4826 2353 4865 mare
2404 4825 2508 4880 pro
2579 4809 2687 4862 isto
2739 4804 2952 4862 saeculo
3024 4804 3280 4873 positum
3357 4799 3677 4870 accipiunt.
3711 4803 3856 4854 Cum

2193 4906 2329 4962 ergo
2361 4893 2416 4945 et
2449 4905 2595 4960 quos
2629 4888 2719 4941 hic
2752 4883 3009 4940 inveniet
3038 4884 3305 4939 Christus
3337 4882 3394 4936 in
3415 4896 3658 4951 corpore
3689 4895 3860 4962 cons-

2191 4960 2418 5036 titutos,
2455 4967 2630 5023 simul
2663 4966 3014 5037 significaret
3048 4981 3183 5018 cum
3216 4962 3288 5017 iis
3318 4962 3414 5032 qui
3465 4960 3855 5016 resurrecturi

2192 5049 2728 5120 suntjudicandos,
2769 5047 2940 5102 etiam
2992 5048 3150 5116 ipsos
3199 5048 3460 5098 mortuos
3513 5040 3854 5111 appellavit,

2193 5136 2249 5186 et
2274 5132 2458 5186 bonos
2491 5130 2703 5200 quibus
2755 5127 2988 5195 dicitur,
3021 5124 3217 5182 Mortui
3245 5125 3394 5179 enim
3438 5123 3585 5185 estis,
3637 5125 3690 5174 et
3742 5123 3856 5174 vita

2192 5221 2369 5266 vestra
2403 5210 2715 5266 abscondita
2745 5213 2822 5264 est
2852 5226 2975 5264 cum
3009 5207 3221 5261 Christo
3263 5205 3321 5258 in
3365 5205 3469 5258 Deo
3499 5201 3734 5270 (Coloss.
3773 5217 3859 5266 ui,

2191 5293 2286 5363 3);
2320 5298 2375 5346 et
2407 5291 2593 5347 malos
2616 5292 2684 5345 de
2715 5289 2929 5360 quibus
2949 5289 3181 5354 dicitur,
3208 5285 3334 5340 Sine
3355 5292 3596 5338 mortuos
3616 5282 3857 5350 sepelire

2260 5436 2275 5468 ί
2334 5433 2412 5482 Ita
2459 5433 2580 5480 Mss.
2643 5433 2709 5480 At
2764 5432 2909 5492 editi,
2967 5428 3246 5494 quidquid
3288 5444 3322 5476 α.
3366 5426 3606 5488 faciente
3656 5424 3859 5471 recoli-

2199 5505 2344 5617 misi)
2377 5558 2538 5606 Abest
2565 5571 2689 5618 vox,
2721 5555 3194 5618 uniuscuiusque,
3229 5552 3501 5613 aVulgata
3522 5551 3576 5599 et
3604 5561 3638 5597 a
3667 5563 3861 5610 graeco

2193 5623 2340 5670 textu
2371 5621 2782 5684 Apocalypseos.
