4124 6188
360 304 475 366 681

356 443 599 497 mortuos
625 458 750 499 suos
772 443 991 515 (Matth.
1023 464 1146 518 vui,
1175 449 1289 522 22).
1322 451 1573 510 Possunt
1603 458 1818 514 mortui
1848 461 2015 518 etiam

357 525 599 611 propter
647 523 922 611 hcc_dici,
962 529 1116 599 quod
1166 531 1429 589 mortalia
1475 547 1686 606 gerunt
1731 555 2006 611 corpora:

357 605 513 662 unde
549 609 870 680 Apostolus,
904 613 1107 684 Corpus
1137 615 1378 686 quidem,
1404 605 1610 690 inquit,
1630 605 1906 680 mortuum
1936 629 2012 682 est

350 698 580 778 propter
621 701 959 760 peceatum;
993 695 1229 765 spiritus
1271 704 1453 754 autem
1500 702 1615 758 vita
1655 709 1736 758 est
1785 714 2013 778 propter

345 771 637 840 justitiam
669 774 839 838 (Rom.
874 791 998 844 vm,
1034 777 1160 849 lO):
1197 784 1502 850 utrumque
1551 783 1608 837 in
1658 771 1899 842 homine
1925 793 2005 844 vi-

354 856 543 919 vente,
575 857 746 921 atque
773 855 830 910 in
864 854 970 912 hoc
989 873 1228 930 corpore
1253 864 1569 919 constituto
1590 881 1718 922 esse
1739 868 2010 925 demons-

351 930 537 995 trans,
574 939 630 988 et
655 949 870 1005 corpus
901 945 1218 1006 mortuum,
1251 947 1309 998 et
1349 944 1622 1014 spiritum
1663 949 1860 1003 vitam.
1894 949 2010 1006 Nec

349 1013 736 1100 tamen-dixit
766 1031 980 1100 corpus
1011 1022 1274 1087 mortale,
1302 1013 1401 1078 sed
1438 1033 1734 1083 mortuum
1764 1045 1776 1083 :
1810 1046 2010 1100 quam-

346 1092 438 1180 vis
471 1093 670 1180 eadem
710 1097 880 1180 paulo
900 1104 1044 1180 post
1073 1099 1249 1156 etiam
1284 1103 1555 1160 mortalia
1575 1092 2004 1180 Corpora'Ubid.

352 1173 438 1243 11)
468 1173 668 1262 ,‘sicut
718 1176 990 1262 usitatius
1035 1186 1345 1252 vocantur,
1395 1173 2004 1262 appelleI.—Hos‘ergo

348 1258 618 1310 mortuos
659 1255 928 1313 exhibuit
977 1275 1157 1329 mare,
1193 1263 1294 1334 qui
1341 1263 1400 1319 in
1440 1255 1506 1321 eo
1555 1277 1741 1336 erant,
1786 1270 1842 1324 id
1891 1255 2000 1338 est,

347 1333 614 1390 exhibuit
672 1335 942 1394 homines
1009 1339 1120 1396 hoc
1185 1344 1488 1411 saeculum,
1535 1333 1884 1422 quicumque
1941 1333 2001 1406 in

346 1429 412 1470 eo
433 1420 620 1480 erant,
652 1415 792 1486 quia
823 1420 1080 1475 nondum
1114 1423 1398 1480 obierant.
1441 1427 1503 1481 Et
1540 1415 1683 1483 mors
1727 1415 1810 1484 ει-
1832 1432 2004 1500 infer-

345 1510 472 1560 nus,
510 1495 718 1576 inquit,
737 1497 1094 1556 reddiderunt
1125 1513 1380 1572 mortuos,
1408 1522 1535 1576 quos
1558 1510 1613 1562 in
1637 1525 1691 1564 se
1711 1495 1998 1566 habebant.

345 1574 504 1629 Mare
533 1575 816 1643 exhibuit,
851 1581 990 1646 quia
1027 1581 1179 1637 sicut
1212 1574 1430 1641 inventi
1463 1597 1618 1655 sunt,
1652 1590 2000 1647 adfuerunt:

346 1671 504 1710 mors
529 1672 662 1710 vero
690 1659 1034 1715 etinfernus
1071 1664 1473 1734 reddiderunt,
1521 1671 1798 1738 quoniam
1848 1673 2000 1742 vitaz,

345 1732 415 1789 de
448 1751 568 1805 qua
589 1736 711 1804 jam
763 1737 1039 1808 exierant,
1091 1732 1465 1801 revocarunt.
1495 1732 1609 1803 Nec
1653 1750 1866 1806 frustra
1897 1732 2003 1807 for1

342 1816 500 1870 tasse
536 1831 648 1870 non
682 1817 828 1872 satis
862 1818 969 1874 fuit
1001 1827 1064 1876 ut
1095 1824 1315 1880 diceret
1363 1843 1532 1895 mors,
1563 1835 1666 1885 aut
1713 1832 2002 1900 infernus;

344 1900 447 1982 sed
494 1903 804 1967 utrumque
847 1900 1064 1957 dictum
1134 1909 1258 1960 est:
1313 1923 1491 1974 mors,
1544 1916 1774 1982 propter
1799 1913 1999 1980 bonos,

347 1977 457 2061 qui
502 1981 910 2061 tantummodo
953 1988 1200 2041 mortem
1247 1991 1468 2060 perpeti
1521 1977 1854 2061 potuerunt,
1887 1977 2002 2050 non

345 2061 401 2113 et
444 2057 781 2129 infernum;
816 2062 1077 2120 infernus
1124 2057 1320 2122 autem
1353 2057 1603 2142 propter
1653 2057 1857 2141 malos,
1901 2074 2000 2144 qui

346 2137 519 2194 etiam
554 2157 759 2210 pinnas
789 2144 942 2212 apud
994 2144 1208 2202 inferos
1251 2137 1533 2218 pendunt.
1586 2151 1641 2206 Si
1681 2137 1854 2207 enim.
1885 2137 1999 2208 non

348 2219 599 2276 absurde
631 2222 788 2305 credi
819 2224 1065 2305 videtur,
1100 2228 1366 2296 antiquos
1409 2229 1580 2285 etiam
1615 2242 1866 2303 sanctos,
1899 2234 2000 2305 qui

349 2301 578 2356 venturi
612 2301 839 2384 Christi
901 2309 1214 2362 tenuerunt
1253 2309 1448 2376 tidem,
1496 2311 1640 2368 locis
1683 2301 1932 2384 quidem.
1966 2333 2001 2370 a

349 2381 659 2438 tormentis
691 2382 1004 2454 impiorum
1030 2388 1464 2450 remotissimis.
1487 2393 1585 2446 sed
1611 2381 1761 2464 apud
1785 2395 2000 2450 inferos

347 2460 551 2531 fuisse,
587 2463 771 2518 donec
802 2480 898 2519 eos
931 2466 1065 2520 inde
1096 2471 1335 2539 sanguis
1358 2471 1568 2528 Christi
1599 2460 1752 2528 et'sd
1786 2490 1854 2530 ea
1877 2477 2001 2532 loca

344 2541 668 2597 descensus
699 2555 944 2612 erueret,
990 2547 1243 2616 profecto
1294 2551 1566 2622 deinceps
1616 2555 1749 2609 boni
1802 2555 1999 2612 lideles

343 2621 526 2701 eil'uso
573 2621 672 2676 illo
717 2623 901 2692 pretio
943 2625 1070 2693 jam
1133 2629 1442 2700 redempti,
1496 2649 1733 2701 prorsus
1782 2636 1998 2691 inferos

345 2697 640 2767 nesciunt,
689 2701 872 2757 donec
919 2704 1090 2758 etiam
1136 2697 1378 2776 receptis
1443 2697 1802 2781 corporibus,
1849 2715 2000 2769 bona

347 2779 633 2862 recipiant
662 2797 786 2852 qum
829 2789 1146 2840 merentur.
1201 2786 1342 2842 Cum
1393 2779 1588 2846 autem
1641 2793 1904 2862 dixisset,
1937 2797 2000 2850 Et

330 2859 582 2940 judicati
619 2871 747 2916 sunt
803 2864 1011 2934 singuli
1046 2867 1347 2923 secundum
1385 2873 1535 2940 facta
1579 2889 1712 2940 sua;
1756 2859 2000 2930 breviter

340 2939 612 3010 subjecit,
645 2945 1136 3012 quemadmodum
1168 2939 1391 3004 fuerint
1430 2939 1717 3020 judicati:
1760 2956 1822 3009 Et
1853 2971 1997 3019 mor;

339 3026 390 3074 et
417 3020 690 3088 infernus,
723 3021 934 3094 inquit,
966 3026 1128 3081 missi
1155 3035 1282 3083 sunt
1307 3031 1365 3083 in
1385 3038 1646 3102 stagnum
1678 3033 1823 3102 ignis
1844 3053 1863 3090 :
1896 3037 1995 3091 his

343 3099 682 3156 nominibus
713 3100 1056 3172 signiﬁcans
1110 3105 1432 3177 diabolum,
1466 3099 1744 3182 quoniam
1789 3117 1995 3171 mortis

341 3182 429 3234 est
459 3188 660 3236 auctor
689 3185 748 3237 et
778 3181 1142 3241 infernarum
1176 3181 1502 3259 pcenarum,
1538 3193 1994 3267 universumque

340 3259 516 3316 simul
564 3262 895 3320 diemonum
945 3267 1306 3324 societatem.
1342 3270 1457 3326 Hoc
1499 3277 1589 3327 est
1635 3274 1788 3330 enim
1838 3259 1991 3346 quod

338 3356 514 3423 supra
561 3343 889 3400 evidentius
941 3350 1399 3419 praeoccupando
1458 3353 1585 3421 jam
1643 3343 1886 3423 dixerat,
1943 3362 1996 3413 et

337 3421 586 3479 diabolus
625 3426 726 3496 qui
772 3425 1059 3482 seducebat
1105 3444 1212 3495 eos,
1255 3433 1455 3486 missus
1503 3438 1583 3488 est
1635 3435 1694 3488 in
1742 3421 1996 3507 stagnum

334 3505 478 3574 ignis
505 3505 886 3587 etsulphuris.
935 3510 1098 3574 Quod
1145 3510 1221 3564 ibi
1259 3527 1391 3567 vero
1444 3514 1756 3571 obscurius
1789 3505 1996 3587 adjun-

329 3589 512 3665 xerat,
546 3586 768 3652 dicens,
793 3588 943 3656 Quod
969 3593 1019 3644 et
1051 3589 1247 3656 bestia,
1271 3596 1321 3647 et
1355 3594 1832 3665 pseudopropheta
1851 3615 1873 3660 ;
1901 3600 1994 3654 hic

331 3664 608 3735 apertius,
632 3667 696 3721 Et
724 3669 950 3738 quinon
980 3675 1128 3737 sunt,
1147 3664 1590 3742 inquit,inventi
1605 3679 1660 3730 in
1687 3675 1835 3732 libro
1863 3682 1994 3736 vita

333 3745 549 3826 scripti,
569 3745 727 3801 missi
762 3757 888 3804 sunt
918 3750 978 3803 in
1012 3754 1273 3819 stagnum
1302 3755 1858 3826 ignis(Apoc.xx,14,
1880 3761 1987 3824 15).

332 3824 457 3880 Non
482 3825 664 3882 Deum
684 3826 829 3882 liber
858 3828 966 3884 iste
993 3839 1436 3901 commemorat,
1461 3824 1536 3890 ne
1571 3836 1861 3894 oblivione
1893 3839 1994 3894 fal-

334 3905 529 3992 latur:
563 3907 662 3962 sed
684 3908 1254 3992 praedestinationem
1276 3914 1571 3985 significat
1608 3934 1829 3980 eorum.
1864 3920 1994 3992 qui—

337 3985 444 4042 bus
464 3991 681 4042 aeterna
698 3987 930 4044 dabitur
953 3989 1086 4044 vita.
1107 3995 1306 4062 Neque
1326 3995 1481 4048 enim
1499 3997 1675 4052 nescit
1699 4014 1798 4054 eos
1819 3985 1992 4068 Deus,

339 4069 400 4121 et
425 4065 486 4120 in
517 4065 808 4152 hoclibro
840 4069 1001 4152 legit,
1035 4079 1094 4126 ut
1116 4071 1305 4152 sciat:
1347 4075 1445 4129 sed
1487 4077 1678 4146 potius
1709 4077 1838 4148 ipsa
1865 4065 1994 4152 ejus

339 4147 706 4218 prmscientia
739 4148 809 4204 de
837 4148 979 4216 illis,
1013 4167 1141 4222 quae
1181 4151 1302 4208 falli
1333 4171 1445 4209 non
1481 4160 1692 4226 potest,
1732 4147 1994 4218 liber'esl

337 4226 490 4293 vitae,
518 4226 580 4284 in
608 4243 724 4300 quo
753 4233 892 4286 sunt
921 4230 1140 4301 scripti,
1166 4233 1224 4288 id
1249 4237 1360 4302 est,
1392 4240 1527 4293 ante
1560 4241 1918 4312 praecogniti.

337 4406 577 4465 CAPUT
607 4407 745 4464 XVI.
770 4436 838 4450 --
863 4407 938 4464 De
964 4409 1103 4464 caelo
1140 4424 1295 4482 novo,
1328 4418 1381 4468 et
1410 4419 1557 4470 terra
1584 4430 1746 4472 nova.

413 4573 606 4631 Finito
626 4577 821 4632 autem
847 4574 1096 4646 judicio,
1142 4593 1258 4648 quo
1290 4578 1705 4650 praenuntiavit
1728 4581 1996 4650 judican-

337 4651 444 4708 dos
487 4651 697 4720 malos,
751 4658 936 4710 restat
983 4659 1049 4711 ut
1087 4657 1262 4712 etiam
1309 4659 1379 4712 de
1411 4657 1582 4714 bonis
1629 4659 1802 4715 dicat.
1861 4662 1993 4718 Jam

337 4730 496 4786 enim
538 4731 844 4800 explicavit
867 4735 1017 4805 quod
1043 4735 1335 4791 brevitera
1357 4737 1602 4794 Domino
1632 4738 1854 4795 dictum
1887 4747 1989 4806 est,

339 4812 510 4868 Ibunt
539 4813 634 4868 isti
661 4815 722 4869 in
768 4815 1105 4885 supplicium
1133 4822 1442 4880 eternum;
1481 4819 1764 4889 sequitur,
1797 4827 1857 4875 ut
1887 4837 1992 4876 ex-

341 4891 514 4964 plicet
543 4894 697 4964 quod
749 4895 923 4950 etiam
968 4896 1046 4950 ibi
1096 4898 1480 4963 connectitur,
1524 4899 1667 4955 Iusti
1692 4909 1874 4957 autem
1931 4903 1992 4957 in

338 4975 511 5054 uitam
538 4983 811 5031 zternam
833 4976 1044 5045 (Matth.
1076 4994 1208 5046 xxv,
1250 4980 1362 5049 46).
1392 4981 1454 5036 Et
1484 4979 1621 5046 vidi,
1655 4981 1866 5054 inquit,
1896 4999 1994 5039 cte-

337 5053 458 5109 lum
485 5070 709 5120 novum,
739 5064 792 5112 et
813 5065 1020 5113 terram
1049 5074 1267 5114 novam.
1301 5063 1442 5115 Nam
1463 5064 1702 5132 primum
1717 5053 1915 5120 caelum
1938 5067 1993 5123 et

339 5141 492 5190 terra
518 5137 702 5206 prima
727 5139 744 5173 ι
779 5147 1126 5206 recesserunt,
1156 5149 1208 5196 et
1234 5155 1389 5197 mare
1407 5141 1530 5212 jam
1560 5157 1672 5199 non
1698 5148 1777 5200 est
1805 5145 1988 5217 (Apoc.

335 5230 454 5282 xxi,
486 5215 564 5287 1).
608 5217 725 5272 Isto
771 5217 870 5274 fiet
917 5219 1139 5287 ordine,
1189 5221 1342 5291 quod
1391 5222 1661 5294 superius
1701 5215 1989 5296 prteoccu-

341 5296 534 5367 pando
555 5296 682 5368 jam
717 5297 886 5368 dixit,
932 5299 1147 5357 vidisse
1177 5317 1238 5356 se
1269 5317 1448 5374 super
1475 5303 1752 5361 thronum
1782 5307 1992 5363 seden-

405 5581 422 5617 1
450 5579 511 5629 In
540 5581 790 5632 omnibus
817 5583 938 5634 Mss.
969 5585 1130 5644 deest,
1155 5585 1367 5650 prima.

672 5785 939 5846 PATROL.
987 5786 1146 5848 XLI.

1712 324 1943 386 LIBER
1990 327 2437 394 VIGESIMUS.

3650 356 3766 418 682

2127 466 2258 548 tem,
2285 484 2321 524 a
2366 469 2534 548 cujus
2572 470 2717 530 facie
2748 473 2893 548 fugit
2941 478 3149 538 cmlum
3184 486 3240 539 et
3271 487 3441 542 terra.
3481 487 3769 547 Judicatis

2125 546 2336 634 quippe
2368 547 2482 617 his,
2515 551 2610 634 qui
2653 546 2856 628 scripti
2897 575 3010 614 non
3061 568 3201 618 sunt
3234 563 3289 619 in
3322 564 3468 623 libro
3500 546 3650 634 vita,
3710 546 3768 628 et

2123 627 2180 717 in
2213 632 2492 684 aeternum
2523 630 2719 717 ignem
2753 627 2948 694 missis
2977 640 3100 710 (qui
3134 642 3287 711 ignis
3328 627 3679 717 cujusmodi,
3711 655 3770 706 et

2123 706 2327 793 in‘qua
2360 711 2562 793 mundi
2595 713 2680 768 vel
2705 733 2898 773 rerum
2925 706 3083 788 parte
3105 706 3328 779 futurus
3351 706 3444 793 sit,
3472 706 3767 786 hominem

2121 787 2268 842 scire
2293 791 2543 848 arbitror
2575 795 2892 865 nemiuem,
2927 787 3043 854 nisi
3075 802 3218 859 forte
3265 807 3358 860 cui
3387 787 3631 874 spiritus
3686 811 3766 866 di-

2122 868 2290 924 vinus
2321 874 2614 956 ostendit),
2670 881 2807 932 tunc
2838 880 3020 952 figura
3049 885 3224 956 hujus
3274 868 3479 945 mundi
3514 896 3768 952 munda-

2120 965 2322 1034 norum
2352 952 2572 1023 ignium
2614 959 3068 1032 conﬂagratione
3100 952 3431 1034 praeteribit,
3466 975 3617 1030 sicut
3663 977 3769 1031 tac-

2120 1033 2243 1112 tum
2277 1036 2364 1087 est
2416 1037 2837 1095 mundanarum
2871 1033 3154 1112 aquarum
3196 1046 3580 1108 inundatione
3613 1055 3769 1110 dilu-

2117 1110 2296 1199 vium.
2336 1115 2439 1171 illa
2468 1115 2682 1190 itaque,
2720 1129 2778 1176 ut
2809 1110 2948 1191 dixi,
2981 1127 3435 1199 conﬂagratione
3469 1135 3769 1194 mundana

2116 1189 2529 1285 elementorum
2564 1189 3022 1285 corruptibilium
3056 1189 3381 1279 qualitates,
3406 1229 3533 1283 quas
3560 1189 3763 1285 carpo:

2116 1269 2276 1359 ribus
2309 1269 3030 1359 nostriscorruptibilibus
3062 1269 3476 1359 congruebant,
3504 1269 3765 1351 ardetido

2114 1349 2346 1445 penitus
2378 1353 2738 1445 interibunt;
2772 1367 2943 1432 atque
2974 1365 3101 1434 ipsa
3131 1349 3589 1429 substantia'eas
3621 1349 3767 1445 qua;

2111 1429 2297 1513 litates
2329 1433 2584 1500 habebit,
2619 1457 2745 1508 qua:
2777 1429 3118 1513 corpori-bus
3140 1451 3571 1508 immortalibus
3595 1429 3766 1509 niira-

2111 1508 2216 1591 bili
2248 1515 2568 1572 mutatione
2615 1508 3001 1578 conveniant:
3048 1532 3111 1581 ut
3156 1529 3378 1586 scilicet
3417 1534 3670 1588 mundus
3703 1535 3763 1591 in

2113 1590 2320 1646 melius
2352 1593 2682 1659 innovatus,
2728 1607 2858 1669 apte
2903 1609 3372 1663 accommodetur
3421 1610 3763 1668 hominibus

2109 1670 2283 1726 etiam
2314 1689 2487 1730 carne
2535 1678 2591 1731 in
2644 1681 2852 1736 melius
2885 1683 3195 1741 innovatis.
3232 1691 3390 1754 Quod
3437 1696 3628 1746 autem
3663 1695 3761 1759 ait,

2109 1754 2362 1810 Etmare
2383 1757 2500 1826 jam
2547 1775 2654 1815 non
2693 1768 2775 1816 est
2800 1780 2820 1816 :
2869 1769 3060 1822 utrum
3109 1769 3358 1824 maxime
3414 1771 3512 1826 illo
3563 1777 3762 1829 ardore

2109 1833 2378 1903 siccetur,
2410 1856 2480 1892 an
2514 1844 2572 1893 et
2626 1841 2812 1921 ipsum
2853 1851 3113 1902 vertatur
3145 1849 3202 1904 in
3255 1850 3489 1921 melius,
3526 1869 3641 1908 non
3676 1855 3759 1909 la-

2109 1914 2218 1968 cile
2241 1916 2506 1973 dixerim.
2531 1920 2748 1976 Caelum
2775 1925 2984 1996 quippe
3005 1944 3211 1983 novum
3235 1938 3287 1984 et
3315 1914 3528 1986 terram
3554 1950 3760 1990 novam

2111 1994 2364 2050 futuram
2398 1996 2685 2069 legimus:
2721 2002 2790 2056 de
2832 1994 2976 2058 mari
3007 2012 3200 2062 autem
3233 2026 3380 2063 novo
3415 2011 3632 2081 aliquid
3668 2030 3760 2068 me

2109 2077 2340 2144 uspiam
2376 2079 2602 2149 legisse,
2637 2098 2752 2136 non
2776 2084 3000 2151 recolo;
3027 2086 3138 2140 nisi
3170 2090 3321 2157 quod
3348 2090 3402 2143 in
3438 2077 3544 2146 hoc
3565 2095 3762 2148 eodem

2108 2153 2256 2209 libro
2290 2159 2597 2230 reperitur,
2631 2168 2904 2232 tanquam
2940 2181 3091 2222 mare
3112 2153 3344 2222 vitreum
3375 2171 3553 2224 simile
3595 2187 3755 2239 crys-

2107 2235 2242 2296 tallo
2275 2239 2452 2306 (Apoc.
2484 2255 2561 2306 iv,
2591 2242 2626 2293 6
2657 2262 2670 2310 ;
2703 2259 2797 2312 xv,
2824 2243 2899 2314 2).
2933 2245 3040 2300 Sed
3071 2250 3210 2302 tunc
3245 2265 3359 2302 non
3391 2249 3462 2302 do
3493 2249 3605 2305 isto
3641 2235 3755 2305 line

2109 2319 2307 2372 saeculi
2357 2319 2748 2390 loquebatur:
2802 2341 2907 2378 nec
2965 2328 3193 2395 proprie
3256 2327 3472 2383 dixisse
3533 2331 3758 2385 videtur

2110 2412 2288 2464 mare,
2321 2401 2418 2455 sed
2453 2405 2720 2472 tanquam
2769 2421 2937 2460 mare.
2983 2406 3257 2470 Quamvis
3287 2415 3343 2461 et
3394 2425 3567 2474 nunc,
3604 2411 3756 2464 sicut

2109 2483 2261 2532 amat
2296 2483 2632 2552 prephetica
2664 2485 2870 2539 locutio
2931 2487 3179 2554 propriis
3230 2488 3419 2543 verbis
3471 2492 3754 2546 translata

2110 2560 2368 2626 miscere,
2405 2579 2471 2616 ac
2501 2563 2585 2619 sic
2635 2566 3066 2635 quodammodo
3105 2568 3292 2624 velare
3323 2570 3474 2640 quod
3516 2570 3750 2638 dicitur,

2110 2641 2297 2710 potuit
2326 2643 2396 2697 de
2427 2643 2524 2699 illo
2557 2646 2703 2700 mari
2735 2646 2946 2713 dicere,
2981 2649 3040 2702 Et
3071 2665 3222 2704 mare
3238 2649 3359 2718 jam
3387 2666 3498 2704 non
3528 2657 3648 2711 est;
3680 2653 3751 2706 de

2107 2737 2223 2791 quo
2263 2739 2441 2792 supra
2471 2725 2713 2790 dixerat,
2747 2727 2808 2781 Et
2837 2727 3087 2782 exhibuit
3111 2745 3263 2787 mare
3291 2737 3550 2798 mortuos,
3576 2732 3673 2800 qui
3693 2733 3754 2785 in

2106 2816 2168 2856 eo
2197 2813 2377 2859 erant.
2408 2804 2537 2859 Jam
2570 2807 2727 2860 enim
2767 2814 2902 2861 tunc
2927 2825 3039 2862 non
3071 2809 3182 2864 erit
3205 2809 3310 2864 hoc
3331 2809 3607 2865 saeculum
3639 2811 3754 2866 vita

2108 2883 2436 2938 mortalium
2464 2885 2860 2942 turbulentum
2885 2893 2940 2944 et
2958 2887 3370 2960 procellosum,
3394 2889 3544 2961 quod
3573 2889 3753 2946 maris

2107 2962 2343 3018 nomine
2361 2964 2648 3036 ﬁguravit.

2102 3129 2320 3186 CAPUT
2352 3132 2524 3188 XVII.
2560 3166 2626 3176 ——
2658 3136 2734 3192 De
2779 3137 3031 3287 Eccjiesize
3068 3139 3472 3254 qloriﬁcatione
3503 3143 3620 3197 sine
3646 3141 3756 3212 ﬁne

2741 3221 2860 3287 post
2922 3234 3045 3274 nem
3099 3261 3112 3274 .

2741 3221 2860 3288 post
2879 3221 3045 3287 ﬁnem
3073 3221 3112 3274 ί.

2174 3347 2235 3399 Et
2263 3347 2556 3414 civitatem,
2611 3349 2827 3420 inquit,
2873 3369 3130 3420 magnam
3189 3353 3496 3410 Jerusalem
3553 3371 3751 3412 novam

2104 3424 2210 3480 vidi
2237 3425 2646 3482 descendentem
2672 3429 2738 3483 de
2766 3430 2896 3486 ctelo
2925 3448 2958 3484 a
3001 3434 3126 3497 Dco,
3158 3438 3426 3502 aptatam,
3459 3438 3622 3504 quasi
3651 3451 3719 3490 no
3739 3466 3756 3478 ο

2103 3520 2226 3559 vam
2258 3508 2483 3572 nuptam
2529 3513 2785 3563 ornatam
2815 3509 3012 3564 marito
3052 3528 3170 3565 suo.
3225 3513 3290 3566 Et
3343 3514 3541 3566 audivi
3571 3530 3754 3568 vocem

2101 3601 2361 3655 magnam
2391 3585 2453 3640 de
2482 3587 2674 3642 throno
2712 3588 3000 3656 dicentem,
3037 3591 3164 3644 Ecce
3193 3592 3617 3648 tabernaculum
3655 3595 3754 3648 Dei

2101 3682 2227 3721 eum
2257 3666 2584 3731 hominibus,
2607 3673 2656 3722 et
2685 3669 2952 3725 habitabit
2980 3687 3104 3726 cum
3136 3674 3233 3740 eis,
3257 3680 3307 3728 et
3329 3675 3432 3742 ipsi
3461 3681 3625 3728 erunt
3655 3690 3750 3742 po-

2102 3747 2266 3818 pulus
2295 3748 2434 3819 ejus,
2466 3753 2515 3804 et
2537 3752 2647 3818 ipse
2670 3755 2812 3805 Deus
2833 3754 2937 3807 erit
2957 3768 3081 3806 cum
3105 3752 3204 3808 eis.
3233 3755 3298 3808 Et
3319 3755 3592 3823 absterget
3616 3756 3755 3811 Deus

2103 3846 2326 3884 omnem
2355 3829 2661 3900 lacrymam
2693 3832 2763 3888 ab
2791 3835 2963 3888 oculis
2991 3850 3177 3890 eorum
3197 3852 3217 3896 ;
3248 3843 3298 3891 et
3329 3852 3475 3891 mors
3494 3837 3621 3905 jam
3651 3854 3760 3893 non

2101 3913 2228 3974 erit,
2259 3926 2433 3981 neque
2461 3913 2661 3980 luctus,
2688 3929 2862 3985 neque
2887 3916 3115 3986 clamor,
3145 3917 3237 3971 sed
3267 3933 3366 3972 nec
3403 3917 3563 3973 dolor
3592 3919 3760 3986 ullus,

2101 3994 2230 4064 quia
2259 3993 2448 4060 priora
2476 3992 2754 4048 abierunt.
2789 3996 2853 4049 Et
2891 3995 3036 4051 dixit
3063 3999 3253 4052 sedens
3285 3999 3345 4052 in
3379 3998 3594 4067 throno,
3628 4001 3765 4055 Ecce

2101 4089 2241 4129 nova
2271 4075 2416 4141 facio
2443 4077 2626 4128 omnia
2658 4073 2756 4144 (lit.
2783 4092 2900 4138 xxi,
2931 4077 3082 4146 2.5).
3117 4077 3198 4132 De
3231 4077 3374 4133 cmlo
3409 4079 3764 4135 descendere

2101 4153 2215 4210 ista
2255 4154 2459 4210 civitas
2507 4155 2741 4224 dicitur,
2785 4157 3062 4228 quoniam
3113 4158 3369 4215 cmlestis
3418 4163 3506 4214 est
3554 4159 3759 4231 gratia,

2103 4250 2221 4305 qua
2267 4234 2421 4291 Deus
2459 4251 2584 4290 eam
2621 4237 2772 4292 fecit.
2809 4241 3044 4308 Propter
3091 4237 3247 4309 quod
3278 4238 3331 4293 ei
3383 4239 3527 4294 dicit
3581 4239 3758 4294 etiam

2102 4330 2206 4386 per
2249 4315 2484 4383 Isaiam,
2528 4319 2644 4389 Ego
2682 4333 2805 4374 sum
2835 4319 3098 4375 Dominus
3138 4321 3347 4390 faciens
3383 4323 3435 4375 te
3481 4320 3562 4390 (a)
3594 4318 3756 4390 (Isai.

2100 4411 2224 4460 ην,
2257 4395 2331 4467 8).
2366 4400 2432 4452 Et
2461 4397 2530 4453 de
2561 4395 2703 4452 caelo
2735 4397 2970 4468 quidem
3001 4399 3071 4454 ab
3113 4398 3280 4454 initio
3312 4399 3400 4455 sui
3432 4399 3756 4466 descendit,

2101 4490 2170 4530 ex
2200 4493 2315 4546 quo
2346 4493 2447 4547 per
2474 4476 2651 4546 hujus
2670 4477 2868 4533 saeculi
2892 4482 3148 4550 tempus,
3170 4479 3360 4547 gratia
3379 4477 3482 4534 Dei
3509 4479 3761 4548 desuper

2100 4556 2366 4612 veniente
2397 4572 2500 4629 per
2546 4557 2845 4615 lavacrum
2897 4558 3355 4631 regenerationis
3387 4559 3486 4614 in'
3536 4559 3757 4631 Spiritu

2102 4643 2305 4695 sancto
2337 4637 2519 4694 misso
2550 4637 2621 4695 de
2659 4636 2803 4695 coelo
2853 4639 3101 4695 subinde
3154 4639 3312 4694 cives
3361 4639 3489 4709 ejus
3531 4654 3761 4693 accres-

2103 4723 2260 4775 cunt.
2294 4719 2407 4776 Sed
2438 4737 2536 4790 per
2561 4719 2850 4790 judicium
2878 4719 3003 4785 Dei,
3044 4720 3198 4790 quod
3239 4719 3348 4773 erit
3369 4717 3756 4773 novissimum

2102 4816 2204 4871 per
2233 4799 2362 4871 ejus
2396 4799 2607 4855 Filium
2634 4799 2834 4854 Jesum
2867 4797 3184 4864 Christum,
3207 4801 3370 4852 tanta
3402 4797 3527 4866 ejus
3555 4800 3613 4851 et
3641 4803 3758 4850 tam

2102 4895 2247 4934 nova
2277 4879 2347 4936 de
2377 4878 2478 4934 Dei
2540 4894 2780 4934 munere
2823 4876 3062 4931 claritas
3094 4876 3417 4948 apparebit,
3478 4882 3540 4930 ut
3597 4873 3760 4930 nulla

2101 4963 2446 5015 remaneant
2490 4957 2800 5013 vetustatis
2843 4956 3124 5027 vestigia:
3180 4955 3658 5026 quandoquidem
3701 4959 3758 5011 et

2102 5054 2346 5110 corpora
2375 5037 2449 5093 ad
2497 5037 2993 5108 incorruptionem
3043 5042 3217 5107 atque
3257 5034 3757 5092 immortalitatem

2101 5134 2308 5177 novam
2327 5134 2395 5176 ex
2416 5121 2601 5176 vetere
2622 5116 2994 5191 corruptione
3017 5119 3193 5189 atque
3219 5114 3574 5174 mortalitate
3596 5119 3755 5170 tran-

2163 5397 2182 5466 ξ
2212 5395 2296 5466 ita
2320 5393 2444 5444 Mss.
2475 5392 2615 5442 Editi
2645 5406 2792 5466 vero,
2815 5393 3223 5466 partemartem.

2160 5456 2182 5489 ⁸
2217 5457 2400 5505 Plures
2429 5456 2777 5516 manuscripti
2806 5456 3080 5508 omittunt.
3115 5456 3196 5502 in.

2159 5521 2237 5578 ta)
2295 5518 2546 5590 Sequitur
2603 5519 2894 5590 editionem
2968 5516 3338 5590 septuaginta,
3378 5516 3751 5590 interpretum,

2097 5593 2234 5644 quae
2271 5577 2472 5654 graece
2531 5581 2708 5641 habet,
2749 5597 2780 5630 ο
2810 5581 2982 5630 litis-as
3026 5577 3129 5640 'se;
3160 5579 3254 5628 ubi
3295 5577 3542 5642 Vulgata
3567 5579 3752 5648 latine,

2098 5658 2282 5695 aream
2311 5659 2458 5694 cum.

2972 5789 2996 5868 (
3017 5787 3429 5871 Vingt-dcux.)
