4124 6188
397 380 516 442 683

399 515 612 571 sibunt.
679 512 821 568 Nam
880 509 989 564 hoc
1020 509 1090 566 de
1147 509 1254 564 isto
1294 510 1554 578 tempore
1607 507 1888 576 accipere,
1921 521 2035 576 quo

399 599 601 666 regnat
634 596 651 630 ί
704 607 835 649 cum
883 590 1038 661 Rege
1103 605 1206 645 suo
1264 587 1425 643 mille
1481 587 1672 653 annis,
1732 587 2037 658 impuden-

398 678 490 730 tia:
521 673 714 729 nimias
777 671 919 726 mihi
967 671 1235 725 videtur:
1270 685 1402 724 cum
1451 666 1824 737 apertissime
1872 666 2046 727 dicat,

397 755 676 824 Absterget
709 754 844 808 Deus
874 767 1090 807 omnem
1121 751 1433 821 lacrymam
1455 749 1521 802 ab
1551 748 1721 802 oculis
1751 762 1938 801 eorum
1957 764 1978 808 ;
1998 755 2048 801 et

395 851 540 891 mors
568 837 808 899 iamnon
839 835 964 896 erit,
1012 846 1184 901 neque
1220 831 1416 897 luctus,
1455 843 1629 898 neque
1674 827 1899 893 clamor,
1957 825 2049 881 sed

394 932 496 972 nec
523 915 680 971 dolor
699 916 866 968 ullus.
895 913 1035 978 Quis
1067 927 1194 967 vero
1225 916 1345 966 tam
1379 911 1453 964 sit
1483 910 1797 975 absurdus,
1828 912 1885 962 et
1914 906 2048 962 obs-

397 997 749 1054 tinatissima
790 994 1159 1050 contentione
1183 1008 1452 1059 vesanus,
1486 991 1586 1062 qui
1635 991 1846 1044 audeat
1885 989 2050 1044 affir-

396 1091 556 1132 mare
585 1075 646 1130 in
679 1074 854 1144 hujus
895 1071 1266 1128 mortalitatis
1309 1070 1607 1135 aerumnis,
1642 1085 1757 1124 non
1789 1069 1914 1124 dico
1947 1084 2045 1138 po-

395 1157 601 1228 pulum
653 1163 938 1216 sanctum,
1002 1154 1102 1208 sed
1155 1166 1635 1222 unumquemque
1684 1157 2044 1228 sanctorum,

393 1227 493 1306 qui
540 1235 691 1290 hanc
719 1233 806 1288 vel
860 1233 1054 1297 ducat,
1088 1231 1172 1286 vel
1215 1232 1498 1285 ducturus
1547 1230 1644 1297 sit,
1694 1227 1779 1283 vel
1821 1228 2048 1282 duxerit

391 1318 593 1382 vitam,
630 1314 823 1370 nullas
855 1313 1167 1368 habentem
1198 1311 1483 1383 lacrymas
1513 1315 1569 1365 et
1613 1309 1878 1374 dolores;
1913 1323 2043 1363 cum

394 1396 588 1468 potius
637 1402 852 1466 quanto
910 1392 1158 1464 quisque
1214 1395 1301 1446 est
1357 1392 1612 1446 sanctior
1668 1394 1726 1443 et
1776 1387 2046 1444 desiderii

393 1477 581 1532 sancti
617 1475 859 1547 plenior,
892 1478 1052 1528 tanto
1084 1471 1161 1527 sit
1191 1473 1318 1540 ejus
1362 1472 1419 1526 in
1451 1470 1669 1526 orando
1702 1469 1871 1524 ﬂetus
1903 1468 2043 1522 ube-

393 1556 555 1612 rior?
603 1559 804 1610 Annon
853 1559 940 1608 est
970 1569 1081 1606 vox
1135 1551 1316 1606 civis2
1373 1566 1640 1622 supernae
1696 1548 2044 1607 Jerusalem,

395 1638 574 1692 Factz
612 1640 737 1691 sunt
776 1633 919 1689 mihi
959 1635 1216 1704 lacrymae
1247 1648 1380 1686 mea
1409 1633 1571 1701 panis
1627 1630 1715 1684 die
1769 1646 1834 1683 ac
1891 1635 2049 1683 nocte

394 1717 570 1788 (Psal.
607 1733 718 1783 xu,
751 1717 808 1784 4)
829 1715 856 1769 ‘I
886 1723 960 1781 et,
995 1713 1212 1768 Lavabo
1239 1729 1340 1783 per
1364 1712 1612 1782 singulas
1643 1721 1820 1765 noctes
1844 1710 2045 1763 lectum

393 1813 598 1861 meum,
628 1797 688 1851 in
719 1795 982 1866 lacrymis
1011 1796 1150 1849 meis
1180 1797 1412 1848 stratum
1442 1807 1624 1846 meum
1655 1790 1849 1859 rigubo
1873 1788 2042 1860 (Psal.

390 1892 470 1944 γι,
499 1877 558 1946 7)
595 1876 622 1932 ?
667 1881 744 1943 et,
795 1873 1030 1929 Gemitus
1075 1889 1224 1927 meus
1253 1889 1360 1928 non
1407 1881 1485 1926 est
1529 1870 1878 1925 absconditus
1905 1885 1938 1922 a
1994 1872 2046 1922 te

395 1957 564 2027 (Psal.
596 1972 806 2020 xxxvu,
844 1956 926 2024 10)
963 1953 990 2008 ?
1010 1959 1087 2022 et,
1114 1955 1272 2010 Dolor
1294 1969 1441 2008 meus
1463 1957 1749 2007 renovatus
1768 1960 1839 2005 est
1860 1947 2039 2020 (Psal.

392 2054 624 2106 xxxvm,
656 2037 759 2108 3)?
786 2038 898 2090 Aut
929 2051 1062 2091 vero
1095 2051 1206 2090 non
1240 2035 1366 2104 ejus
1398 2033 1500 2087 filii
1532 2038 1693 2098 sunt,
1747 2031 1844 2102 qui
1879 2031 2042 2099 inge-

393 2119 644 2173 miscunt
675 2117 917 2188 gravati,
950 2115 1007 2168 in
1051 2132 1165 2185 quo
1209 2114 1412 2168 nolunt
1439 2111 1771 2182 exspoliari,
1805 2111 1904 2165 sed
1947 2126 2042 2163 su-

392 2199 716 2268 pervestiri,
751 2203 815 2251 ut
845 2195 1228 2251 absorbeatur
1270 2193 1509 2250 mortale
1530 2194 1551 2227 ³
1582 2209 1614 2248 a
1645 2194 1760 2246 vita
1791 2193 1862 2259 (Il
1910 2194 2037 2246 Cor.

389 2295 443 2346 ν,
477 2279 574 2347 4)?
605 2277 938 2346 Nonneipsi
972 2280 1124 2343 sunt,
1160 2275 1259 2345 qui
1296 2274 1580 2346 primitias
1606 2273 1881 2328 habentes
1913 2273 2041 2342 Spi-

389 2360 554 2426 ritus,
589 2359 645 2412 in
681 2357 1008 2426 semetipsis
1053 2355 1462 2426 ingemiscant,
1504 2354 1868 2424 adOptionem
1911 2369 2038 2407 exs-

389 2449 704 2510 pectantes,
751 2437 1206 2506 redemptionem
1255 2437 1513 2506 corporis
1563 2436 1652 2489 sui
1686 2437 1862 2505 (Rom.
1911 2450 2036 2499 vui,

386 2518 528 2588 23)?
558 2522 646 2572 An
679 2518 803 2587 ipse
852 2517 1150 2587 apostolus
1184 2517 1399 2570 Paulus
1437 2531 1550 2570 non
1584 2521 1706 2569 erat
1747 2531 2036 2585 supernus

387 2597 931 2669 Jerosolymitanus,
987 2596 1072 2650 vel
1124 2613 1237 2650 non
1302 2594 1486 2649 multo
1521 2596 1705 2664 magis
1736 2594 1843 2649 hoc
1891 2600 2033 2656 erat,

388 2679 618 2748 quando
649 2694 750 2748 pro
794 2675 1070 2731 lsraelitis
1105 2676 1380 2731 fratribus
1403 2675 1732 2729 carnalibus
1756 2675 1880 2728 suis
1904 2673 2034 2728 tris-

385 2761 505 2816 titia
541 2760 624 2816 illi
666 2764 789 2815 erat
824 2774 1054 2829 magna,
1089 2762 1144 2812 et
1183 2758 1493 2811 continuus
1525 2757 1688 2810 dolor
1717 2757 1875 2810 cordi
1907 2757 2035 2825 ejus

385 2843 558 2912 (Rom.
593 2857 668 2904 ix,
699 2839 798 2908 2)?
828 2839 1070 2904 Quando
1107 2845 1302 2892 autem
1338 2853 1494 2891 mors
1527 2852 1640 2891 non
1676 2836 1785 2890 erit
1817 2836 1872 2888 in
1923 2834 2035 2888 ista

385 2924 633 2986 civitate,
669 2919 776 2974 nisi
809 2919 1042 2988 quando
1075 2919 1318 2984 dicetur,
1355 2918 1452 2974 Ubi
1478 2921 1573 2979 est,
1606 2932 1778 2980 mors,
1807 2925 2034 2970 conten-

383 3005 459 3058 tio
487 3008 583 3057 tua
613 3001 691 3072 (a)
713 3002 740 3054 ?
770 3001 866 3054 ubi
895 3004 988 3064 est,
1031 3013 1197 3063 mors,
1234 2999 1460 3052 aculeus
1491 3000 1654 3050 tuus?
1687 2997 1918 3050 Acuteus
1939 3012 2034 3048 au-

382 3088 490 3138 tem
513 3084 707 3137 mortis
743 3087 820 3134 est
847 3087 1127 3149 peccatum
1160 3078 1204 3147 (I
1248 3078 1367 3133 Cor.
1400 3094 1489 3145 xv,
1521 3078 1592 3130 55
1619 3085 1670 3130 et
1698 3075 1790 3145 56)
1817 3075 1842 3128 ‘l
1871 3074 2028 3136 Quod

375 3167 518 3219 tunc
551 3166 754 3232 utique
779 3175 890 3214 non
913 3158 1042 3219 erit,
1067 3159 1302 3228 quando
1325 3157 1567 3225 dicetur,
1600 3158 1696 3214 Ubi
1717 3159 1839 3212 est?
1869 3156 2032 3211 Nunc

375 3260 511 3298 vero
544 3259 653 3297 non
685 3240 928 3310 quilibet
961 3239 1195 3291 intimus
1218 3237 1237 3270 δ
1267 3237 1409 3292 civis
1433 3237 1591 3290 illius
1619 3237 1893 3302 civitatis,
1929 3238 2026 3291 sed

377 3325 529 3378 idem
555 3324 678 3394 ipse
707 3321 964 3374 Joannes
997 3319 1056 3372 in
1093 3317 1346 3388 Epistula
1377 3335 1484 3372 sua
1514 3317 1748 3384 clamat,
1783 3318 1842 3371 Si
1872 3319 2032 3370 dixe-

377 3408 550 3458 rimus
570 3404 698 3474 quia
719 3405 990 3472 peccatum
1006 3415 1114 3454 non
1131 3399 1410 3464 habemus,
1434 3415 1526 3453 nos
1542 3401 1679 3467 ipsos
1692 3415 1748 3452 se
1771 3401 2030 3460 lucimus,

376 3493 428 3539 et
451 3484 655 3538 veritas
687 3482 748 3535 in
785 3482 942 3534 nobis
973 3497 1080 3533 non
1109 3486 1188 3533 est
1235 3481 1275 3548 (Ι
1305 3480 1461 3534 Joan.
1498 3495 1536 3543 1,
1583 3479 1658 3548 8).
1713 3478 1780 3532 Et
1810 3477 1868 3531 in
1926 3479 2030 3531 hoc

381 3563 617 3630 quidem
644 3561 809 3626 libro,
834 3560 1004 3630 cujus
1025 3576 1236 3614 nomen
1258 3566 1347 3613 est
1369 3558 1762 3629 Apocalypsis,
1786 3561 2029 3611 obscure

381 3635 564 3689 multa
599 3633 894 3695 dicuntur,
929 3638 991 3686 ut
1043 3640 1296 3684 mentem
1332 3630 1574 3700 legentis
1605 3640 1926 3695 exerceant,
1978 3638 2030 3682 et

383 3731 568 3785 pauca
599 3715 654 3768 in
689 3728 754 3766 eo
787 3718 942 3777 sunt,
976 3728 1044 3764 ex
1073 3727 1321 3781 quorum
1359 3711 1823 3764 manifestatione
1869 3709 2032 3762 indu-

380 3801 588 3864 gentur
626 3803 830 3848 caetera
861 3808 991 3846 cum
1027 3793 1219 3845 labore
1246 3807 1258 3843 :
1288 3790 1538 3844 maxime
1566 3792 1703 3860 quia
1725 3790 1810 3844 sic
1831 3790 2024 3844 eadem

380 3873 584 3930 multis
619 3874 804 3930 modis
835 3873 1064 3942 repetit,
1102 3877 1162 3924 ut
1192 3871 1304 3924 alia
1356 3880 1528 3941 atque
1559 3871 1672 3924 alia
1711 3870 1900 3924 dicere
1939 3870 2026 3922 vi-

378 3957 582 4010 deatur
615 3972 629 4023 ;
664 3969 798 4010 cum
842 3952 1010 4006 aliter
1057 3955 1232 4021 atque
1289 3949 1458 4004 aliter
1487 3950 1606 4004 base
1659 3951 1783 4019 ipsa
1837 3949 2028 4004 dicere

376 4036 709 4106 vestigetur.
743 4031 956 4086 Verum
989 4031 1047 4085 in
1098 4030 1189 4084 bis
1219 4030 1430 4098 verbis,
1473 4031 1566 4083 ubi
1622 4030 1720 4095 ait,
1755 4029 2027 4096 Absterget

374 4117 513 4171 Deus
544 4130 756 4169 omnem
788 4115 1090 4184 lacrymam
1119 4110 1188 4164 ab
1207 4111 1382 4166 oculis
1412 4126 1601 4164 eorum
1619 4125 1640 4170 ,'
1673 4113 1718 4164 et
1747 4125 1890 4162 mors
1916 4109 2027 4174 iam

373 4211 482 4251 non
509 4197 633 4260 erit,
667 4209 837 4264 neque
872 4193 1072 4253 luctus,
1122 4205 1296 4258 neque
1324 4191 1557 4255 clamor,
1587 4190 1684 4243 sed
1733 4203 1831 4242 nec
1875 4188 2028 4244 dolor

375 4276 523 4330 ullus
558 4293 579 4328 :
622 4280 783 4328 tanta
842 4272 967 4326 luce
997 4271 1154 4324 dicta
1185 4274 1323 4323 sunt
1380 4269 1450 4323 de
1481 4267 1691 4323 saeculo
1724 4268 1920 4322 futuro
1969 4273 2027 4323 et

374 4353 751 4408 immortalite
780 4356 952 4419 atque
982 4349 1293 4402 aeternitate
1321 4355 1658 4403 sanctorum
1683 4349 1848 4417 (tunc
1869 4351 2022 4405 enim

375 4431 586 4493 solum,
620 4438 794 4499 atque
825 4429 906 4481 ibi
951 4426 1142 4480 solum
1179 4426 1290 4480 ista
1323 4444 1434 4482 non
1485 4429 1705 4497 erunt),
1753 4433 1813 4481 ut
1863 4430 2024 4486 nulla

373 4510 691 4564 debeamus
722 4507 779 4561 in
814 4508 1042 4562 Litteris
1073 4505 1256 4562 sacris
1287 4523 1542 4578 quaerere
1565 4507 1650 4563 vel
1682 4508 1871 4580 legere
1894 4526 2022 4565 ma-

373 4588 606 4658 nifesta,
637 4586 687 4644 si
719 4587 840 4643 haec
869 4586 1259 4660 putaverimus
1299 4588 1567 4644 obscura.

369 4757 600 4819 CAPUT
629 4759 824 4816 XVIII.
861 4789 927 4800 —-
960 4758 1099 4828 Quizt
1129 4758 1400 4828 apostolus
1432 4759 1622 4813 Petrus
1645 4755 1710 4812 de
1730 4759 2020 4813 novissimo

835 4837 932 4894 Dei
943 4839 1164 4909 judicio
1202 4837 1551 4908 pra’dicarit.

441 4976 603 5033 Nunc
626 4975 752 5047 jam
775 4975 1098 5042 videamus,
1130 4973 1269 5044 quid
1297 4973 1468 5030 etiam
1491 4973 1790 5044 apostolus
1811 4975 2016 5032 Petrus

434 5178 450 5212 ί
484 5173 639 5232 Editi,
671 5180 929 5233 regnant.
978 5171 1046 5219 At
1079 5171 1223 5225 Mss,
1267 5179 1508 5232 regnat;
1541 5169 1767 5220 refertur
1792 5171 1858 5220 ad
1892 5171 2019 5222 civi-

369 5239 533 5288 tatem
561 5236 847 5286 caelestem.

432 5301 454 5334 ²
481 5299 566 5348 Sic
594 5297 956 5359 manuscripti.
988 5297 1056 5344 At
1099 5295 1246 5357 editi,
1273 5294 1408 5354 loco,
1453 5295 1609 5343 civis.
1640 5295 1856 5355 habent,
1887 5296 2018 5346 civi-

369 5362 498 5412 tatis
528 5375 541 5411 :
572 5361 753 5410 minus
780 5360 929 5408 bene.

431 5426 454 5486 ξ
483 5424 636 5476 Editi.
669 5421 902 5486 mortale
931 5419 1044 5486 hoc.
1077 5420 1255 5478 Abest,
1287 5420 1399 5480 hoc,
1429 5434 1462 5468 a
1493 5422 1885 5486 manuscriptis.

427 5485 452 5520 ⁴
484 5485 727 5546 Plerique
754 5484 858 5532 Mss
887 5522 898 5538 .
932 5483 1216 5546 inﬁrmus.

432 5549 507 5608 (a)
559 5544 778 5608 Videtur
822 5544 1002 5606 igitur
1039 5559 1190 5608 non,_
1225 5544 1403 5608 nik‘os,
1448 5544 1636 5604 legisse
1682 5547 1821 5608 apud
1881 5548 2012 5596 Pau-

361 5605 497 5670 lum,
554 5610 617 5655 ut
661 5605 910 5670 ~Vulgata.
955 5621 1091 5670 quae
1137 5605 1367 5654 victoria
1399 5608 1615 5670 Avertit;
1664 5605 1773 5661 sed,
1806 5609 2012 5660 neikos.

368 5669 533 5778 1‘5};ch
561 5668 868 5718 Ambrosius
896 5672 948 5719 et.
971 5668 1349 5733 ‘Hieronymus
1394 5668 1610 5718 interim
1655 5671 1855 5732 legunt.
1894 5672 2011 5722 Lua.

414 5745 427 5778 ι
519 5765 530 5778 ι

396 5731 530 5778 Vivus.

1452 375 1556 434 DE
1597 372 1965 436 CIVITATE
2011 372 2159 447 DEI,
2206 374 2272 435 S.
2318 372 2739 435 AUGUSTINI

3695 369 3816 430 684

2148 507 2219 560 de
2242 505 2346 562 hoc
2371 506 2593 575 judicio
2625 507 2964 578 scripserit:
3002 507 3250 576 Veniant,
3284 504 3495 577 inquit,
3529 505 3587 558 in
3616 505 3812 560 novis-

2154 588 2290 640 simo
2320 587 2541 640 dierum
2581 587 2837 643 itlasione
2877 587 3194 652 illudentes,
3237 584 3532 641 secundum
3563 587 3818 654 praprias

2154 669 2623 734 concupiscentiis
2655 684 2782 722 suas
2812 675 3024 732 euntes,
3057 675 3110 722 et
3147 667 3405 735 dicentes,
3439 665 3537 722 Ubi
3578 671 3658 720 est
3687 681 3818 734 pro-

2156 747 2381 800 missum
2403 751 2719 816 praesentiae
2745 751 2916 819 ipsius
2937 751 2962 800 .9
2983 749 3063 801 Ea:
3083 763 3187 818 quo
3206 748 3354 802 enim
3376 752 3561 817 patres
3581 745 3823 800 dormie-

2155 832 2310 890 runt,
2340 829 2418 880 sic
2446 830 2630 882 omnia
2659 834 3015 898 perseverant
3045 829 3111 882 ab
3143 829 3300 881 initio
3333 832 3622 881 creatura.
3656 824 3818 880 Latet

2153 908 2299 960 enim
2355 907 2486 962 illos
2541 908 2640 963 hoc
2701 909 2960 978 volentes,
3013 910 3143 979 quia
3180 908 3300 962 coeti
3355 912 3524 962 erant
3573 906 3704 962 olim
3759 912 3817 961 et

2157 993 2306 1042 terra
2335 988 2400 1044 de
2429 1007 2592 1060 aqua,
2639 997 2691 1046 ct
2721 1006 2819 1061 per
2864 1007 3069 1062 aquam
3114 992 3421 1046 constituta
3470 988 3564 1043 Dei
3610 989 3815 1050 verba:

2151 1084 2250 1139 per
2277 1084 2420 1140 quae,
2482 1073 2576 1141 qui
2633 1078 2764 1126 tunc
2813 1079 2934 1126 erat
2981 1069 3236 1139 mundus,
3294 1085 3440 1140 aqua
3479 1067 3811 1143 inundates,

2154 1146 2407 1218 deperiit.
2459 1151 2563 1218 Qui
2603 1158 2794 1206 autem
2843 1167 2992 1206 nunc
3031 1157 3161 1206 sunt
3205 1150 3326 1205 ειειὶ
3380 1155 3436 1203 et
3483 1154 3658 1216 terra,
3715 1164 3815 1204 ea-

2153 1227 2274 1282 dem
2323 1231 2486 1285 verbo
2534 1231 2764 1301 repositi
2822 1239 2974 1299 sunt,
3035 1233 3152 1300 igni
3195 1231 3510 1286 reservandi
3563 1231 3621 1282 in
3665 1229 3815 1283 diem

2154 1307 2348 1375 iudicii
2375 1315 2425 1364 et
2453 1313 2776 1380 perditionis
2807 1312 3085 1367 hominum
3115 1310 3436 1382 impiorum.
3485 1310 3591 1364 Hoc
3635 1325 3815 1364 unum

2152 1403 2280 1444 vero
2311 1405 2420 1446 non
2461 1391 2630 1446 lateat
2661 1408 2771 1459 vos,
2801 1393 3133 1461 charissimi,
3163 1393 3296 1461 quia
3337 1406 3484 1444 unus
3513 1391 3635 1446 dies
3663 1389 3815 1460 apud

2154 1470 2470 1537 Dominum,
2498 1475 2640 1527 sicut
2672 1474 2821 1529 mille
2850 1476 3025 1534 anni;
3045 1479 3099 1529 et
3133 1472 3289 1528 mille
3315 1473 3472 1538 anni,
3503 1474 3651 1526 sicut
3694 1469 3813 1526 dies

2152 1565 2315 1605 unus.
2350 1553 2466 1607 Non
2502 1555 2687 1608 tardat
2720 1557 2985 1608 Dominus
3022 1555 3372 1624 promissum,
3412 1553 3556 1607 sicut
3583 1552 3814 1621 quidam

2151 1631 2476 1686 tarditatem
2507 1635 2830 1688 existimant
2853 1653 2869 1687 :
2892 1633 2982 1690 sed
3002 1636 3276 1704 patienter
3301 1635 3415 1702 [ert
3444 1638 3668 1702 propter
3694 1647 3810 1697 vos,

2149 1713 2338 1766 nolens
2394 1714 2635 1784 aliquem
2677 1717 2889 1783 perire,
2952 1713 3044 1769 sed
3072 1729 3260 1768 omnes
3307 1715 3367 1767 in
3423 1713 3812 1782 paenitentiam

2150 1792 2417 1847 converti.
2451 1795 2629 1849 Veniet
2658 1802 2841 1850 autem
2865 1797 2980 1851 dies
3009 1797 3226 1850 Domini
3247 1800 3309 1848 ut
3326 1797 3440 1864 /ur,
3464 1796 3519 1847 in
3550 1808 3654 1865 quo
3683 1792 3813 1846 creti

2149 1888 2345 1943 magno
2370 1877 2579 1944 impetu
2603 1883 2990 1931 transcurrent
3011 1894 3029 1930 :
3052 1876 3323 1931 elementa
3342 1881 3527 1930 autem
3548 1873 3808 1928 ardentia

2150 1954 2489 2008 resolventur
2511 1971 2532 2016 ;
2552 1962 2604 2010 et
2637 1963 2806 2023 terra,
2839 1965 2890 2012 et
2922 1972 3040 2028 quae
3060 1958 3123 2010 in
3146 1958 3266 2026 ipsa
3303 1961 3434 2010 sunt
3464 1968 3633 2022 Opera
3663 1969 3808 2008 exu-

2149 2039 2363 2088 rentur.
2398 2035 2488 2087 His
2518 2051 2645 2106 ergo
2673 2038 2929 2090 omnibus
2958 2034 3340 2106 pereuntibus,
3372 2034 3560 2104 quales
3588 2037 3810 2103 oportet

2149 2127 2262 2168 esse
2289 2129 2378 2167 vos
2419 2117 2477 2168 in
2530 2120 2734 2171 sanctis
2779 2117 3281 2172 conversationibus
3313 2121 3709 2185 exspectantes,
3751 2121 3807 2170 et

2145 2202 2506 2264 properantes
2547 2195 2617 2249 ad
2665 2201 3015 2266 praesentiam
3045 2197 3152 2253 diei
3205 2198 3444 2261 Domini,
3494 2210 3590 2265 per
3636 2211 3801 2266 quam

2146 2275 2268 2328 cali
2298 2276 2555 2330 ardentes
2584 2278 2885 2346 solventur,
2924 2284 2977 2333 et
3005 2279 3280 2332 elementa
3310 2278 3454 2344 ignis
3475 2275 3671 2330 ardore
3700 2274 3804 2330 de-

2145 2359 2491 2424 coquentur?
2531 2357 2700 2412 Novas
2733 2373 2856 2412 vero
2902 2359 3081 2426 ca'los,
3132 2365 3184 2412 et
3231 2365 3438 2412 terram
3463 2371 3682 2422 novam,
3714 2370 3802 2410 se-

2144 2436 2386 2490 cundum
2414 2441 2681 2506 promissa
2710 2440 2898 2506 ipsius,
2932 2448 3331 2508 exspectamus,
3367 2440 3423 2491 in
3453 2437 3650 2508 quibus
3669 2437 3802 2506 jus-

2147 2517 2275 2569 titiu
2305 2516 2584 2571 inhabitat
2617 2517 2683 2585 (ll
2714 2520 2862 2574 Petr.
2914 2536 2994 2587 ιιι,
3025 2519 3204 2588 3-13).
3239 2517 3390 2572 Nihil
3421 2518 3513 2572 hic
3553 2517 3697 2572 dixit
3728 2518 3801 2572 de

2147 2599 2562 2652 resurrectione
2608 2609 2969 2654 mortuorum
3009 2617 3021 2652 :
3056 2599 3154 2654 sed
3185 2613 3324 2654 sane
3365 2598 3434 2652 de
3472 2598 3800 2668 perditione

2147 2679 2350 2732 mundi
2383 2679 2556 2747 hujus
2577 2679 2739 2736 satis.
2762 2679 2868 2735 Ubi
2891 2681 3064 2735 etiam
3089 2695 3554 2735 commemorans
3578 2680 3798 2733 factum

2145 2762 2276 2811 ante
2308 2757 2616 2827 diluvium,
2666 2761 2895 2814 videtur
2922 2759 3295 2816 admonuisse
3335 2759 3798 2831 quodammodo,

2144 2843 2429 2906 quatenus
2464 2839 2518 2892 in
2553 2840 2667 2893 fine
2702 2841 2870 2909 hujus
2900 2840 3094 2895 saeculi
3128 2841 3414 2894 mundum
3440 2840 3617 2894 istum
3653 2839 3801 2910 peri-

2143 2922 2335 2972 turum
2364 2935 2488 2974 esse
2534 2921 2855 2977 credamus.
2885 2921 3029 2976 Nam
3070 2927 3128 2976 et
3158 2920 3256 2976 illo
3289 2927 3546 2991 tempore
3578 2920 3798 2990 perisse

2143 2999 2307 3061 dixit,
2335 2999 2432 3067 qui
2496 3004 2636 3054 tunc
2686 3006 2828 3070 erat,
2863 3001 3188 3056 mundum:
3224 3017 3328 3057 nec
3361 2999 3550 3054 solum
3593 3001 3799 3054 orbem

2143 3083 2320 3144 terrai,
2351 3095 2552 3134 verum
2585 3081 2758 3136 etiam
2791 3081 2988 3148 cmlos,
3025 3098 3172 3153 quos
3203 3083 3403 3152 utique
3434 3081 3578 3136 istos
3610 3079 3800 3136 aerios

2143 3158 2547 3229 intelligimus,
2582 3178 2826 3232 quorum
2861 3164 3050 3218 locum
3085 3180 3150 3217 ac
3182 3164 3430 3232 spatium
3463 3167 3604 3217 tunc
3642 3179 3801 3232 aqua

2143 3243 2450 3296 crescendo
2474 3248 2870 3312 superaverat.
2892 3243 3034 3313 Ergo
3057 3248 3345 3311 totus,aut
3363 3258 3500 3308 pene
3526 3248 3682 3296 totus
3700 3259 3802 3297 aer

2143 3321 2250 3375 iste
2281 3328 2559 3377 ventosus
2604 3322 2782 3394 (quod
2827 3324 3035 3379 cretum
3070 3323 3154 3378 vel
3188 3325 3377 3395 potius
3408 3323 3580 3377 caelos
3611 3333 3796 3389 vocat,

2143 3402 2241 3454 sed
2279 3402 2421 3455 istos
2457 3403 2653 3472 utique
2687 3405 2856 3467 imos,
2891 3421 3005 3458 non
3038 3405 3168 3459 illos
3199 3419 3529 3476 supremos,
3553 3404 3651 3458 ubi
3682 3405 3793 3472 sol,

2143 3490 2199 3536 et
2227 3485 2386 3545 luna,
2419 3487 2476 3535 et
2508 3483 2696 3538 sidera
2729 3486 3038 3539 constituta
3062 3485 3244 3555 sunt),
3270 3501 3573 3540 conversus
3607 3487 3799 3542 fuerat

2141 3562 2199 3616 iu
2235 3562 2536 3616 humidam
2575 3564 2914 3635 qualitatem
2958 3567 3074 3634 (a);
3117 3570 3292 3636 atque
3323 3565 3431 3620 hoc
3455 3567 3626 3619 modo
3657 3582 3794 3620 cum

2141 3647 2292 3696 terra
2325 3643 2590 3712 perierat,
2623 3646 2790 3712 cujus
2815 3650 2977 3699 terrae
3001 3645 3203 3715 utique
3228 3646 3382 3716 prior
3404 3646 3578 3700 facies
3603 3648 3796 3701 fuerat

2142 3723 2326 3780 deleta
2357 3723 2593 3780 diluvio.
2629 3726 2733 3792 Qui
2760 3729 2942 3779 autem
2971 3741 3120 3780 nunc
3147 3732 3298 3788 sunt,
3332 3726 3543 3796 inquit,
3574 3727 3698 3781 τίειὶ
3743 3734 3796 3782 et

2143 3810 2310 3871 terra,
2361 3807 2549 3861 eodem
2592 3807 2748 3860 verbo
2781 3807 3008 3870 repositi
3034 3813 3187 3873 sunt,
3243 3808 3361 3874 igni
3388 3807 3706 3862 reservandi
3735 3811 3792 3862 in

2138 3883 2280 3938 diem
2285 3888 2482 3957 judicii
2497 3893 2549 3940 et
2570 3887 2887 3956 perditionis
2905 3884 3189 3940 hominum
3204 3889 3523 3956 impiorum.
3544 3889 3794 3942 Proinde

2139 3965 2238 4035 qui
2270 3967 2418 4035 cmli,
2451 3973 2507 4022 et
2539 3983 2662 4038 quae
2696 3973 2870 4032 terra,
2901 3966 2956 4019 id
2991 3972 3100 4032 est,
3137 3966 3238 4037 qui
3272 3967 3552 4033 mundus,
3589 3983 3692 4038 pro
3723 3983 3793 4022 eo

2141 4048 2356 4101 mundo
2386 4047 2487 4117 qui
2512 4047 2730 4100 diluvio
2765 4047 2950 4114 periit,
2983 4061 3051 4100 ex
3079 4048 3281 4101 eadem
3309 4063 3464 4118 aqua
3499 4050 3795 4118 repositus

2139 4132 2248 4194 est,
2280 4127 2403 4196 ipse
2439 4128 2555 4198 igni
2593 4126 2909 4181 novissimo
2942 4131 3265 4182 reservatur
3291 4126 3347 4180 in
3387 4127 3540 4182 diem
3576 4127 3792 4196 judicii

2137 4213 2194 4260 et
2225 4209 2566 4278 perditionis
2617 4207 2914 4262 hominum
2950 4207 3283 4277 impiorum.
3316 4207 3460 4262 Nam
3494 4213 3552 4263 et
3602 4208 3792 4262 homi-

2138 4304 2300 4357 num,
2335 4295 2571 4359 propter
2595 4304 2862 4356 magnam
2896 4288 3211 4359 quamdam
3244 4289 3790 4356 commutationem,

2137 4383 2253 4422 non
2285 4368 2507 4422 dubitat
2545 4367 2734 4421 dicere
2779 4367 3163 4438 perditionem
3197 4367 3494 4434 futuram;
3527 4384 3660 4423 cum
3694 4373 3787 4422 ta-

2138 4464 2270 4501 men
2302 4463 2522 4515 eorum,
2557 4448 2817 4517 quamvis
2848 4449 2907 4502 in
2938 4448 3170 4502 aeternis
3201 4449 3413 4519 pcenis,
3445 4450 3516 4504 sit
3549 4464 3794 4504 mansu-

2137 4544 2200 4581 ra
2230 4532 2455 4582 natura.
2490 4527 2716 4590 Quaerat
2749 4528 2984 4582 forsitan
3026 4527 3264 4598 aliquis,
3294 4527 3343 4583 si
3388 4533 3519 4598 post
3562 4528 3789 4584 factum

2129 4607 2413 4676 judicium
2453 4609 2704 4664 mundus
2747 4608 2857 4662 iste
2904 4607 3148 4672 ardebit,
3197 4615 3508 4679 antequam
3539 4624 3643 4678 pro
3687 4605 3791 4665 illo

2135 4687 2345 4743 cmlum
2381 4705 2616 4755 novum,
2659 4693 2716 4743 et
2763 4696 2915 4742 terra
2962 4703 3111 4742 nova
3141 4694 3470 4758 reponatur,
3528 4703 3597 4744 eo
3655 4687 3790 4759 ipso

2135 4772 2395 4837 tempore
2413 4767 2886 4840 conﬂagrationis
2902 4767 3028 4838 ejus
3055 4768 3154 4822 ubi
3173 4773 3345 4823 erunt
3364 4766 3569 4834 sancti,
3600 4783 3789 4840 quum

2133 4865 2231 4904 eos
2272 4848 2550 4904 habentes
2581 4865 2826 4920 corpora
2866 4847 2928 4903 in
2961 4847 3157 4920 aliquo
3187 4847 3467 4919 corporali
3501 4849 3628 4904 loco
3658 4864 3789 4905 esse

2133 4942 2370 4984 necesse
2402 4929 2495 4984 sit.
2526 4931 2848 4984 Possumus
2875 4928 3246 4998 respondere,
3280 4929 3507 4985 futuros
3536 4944 3634 4984 eos
3654 4945 3789 4986 esse

2133 5008 2192 5062 in
2215 5009 2618 5080 superioribus
2643 5009 2922 5080 partibus,
2947 5025 3057 5080 quo
3082 5009 3164 5065 ita
3185 5025 3298 5065 non
3326 5010 3603 5066 ascendet
3623 5015 3789 5068 ﬂam-

2133 5087 2405 5145 maillius
2427 5089 2704 5156 incendii,
2727 5089 3221 5160 quemadmodum
3245 5105 3349 5146 nec
3372 5089 3532 5145 unda
3550 5089 3788 5147 diluvii.

2130 5167 2288 5224 Talia
2327 5169 2544 5241 quippe
2574 5168 2690 5224 illis
2721 5169 2959 5225 inerunt
2979 5185 3243 5240 corpora,
3269 5172 3334 5224 ut
3354 5168 3476 5225 illic
3503 5169 3647 5234 sint,
3679 5170 3783 5226 ubi

2132 5265 2260 5305 esse
2291 5250 2600 5305 voluerint.
2629 5250 2735 5304 Sed
2771 5265 2874 5306 nec
2897 5249 3089 5320 ignem
3117 5249 3588 5320 conﬂagrationis
3621 5248 3782 5306 illius

2133 5329 2904 5400 pertimescentimmortales
2917 5335 3088 5401 atque
3109 5329 3586 5400 incorruptibiles
3608 5329 3778 5386 facti:

2193 5672 2268 5733 (a)
2297 5670 2443 5719 Cont.
2475 5671 2567 5719 lib.
2599 5669 2713 5734 3-de
2743 5670 2867 5719 Gen.
2901 5669 2968 5720 ad
2997 5670 3142 5734 Litt.,
3173 5683 3265 5720 nn.
3296 5668 3344 5726 2,
3373 5667 3420 5718 3.
