4110 6196
343 353 462 415 685

342 487 536 544 sicut‘
575 490 828 548 virorum
869 491 1041 548 trium
1084 492 1486 566 corruptibilis
1533 509 1772 566 corpora
1816 499 1990 566 atque

340 569 629 718 (agonalis,
662 571 719 626 in
736 572 970 723 )camino
1000 572 1225 629 ardenti
1249 574 1434 630 vivere
1456 573 1640 629 illesa
1673 580 1988 646 potuerunt

411 665 506 706 an.
542 666 624 707 ιιι.
665 652 734 705 24
766 691 779 706 .

411 665 506 706 an.
542 666 624 707 ιιι.
665 652 779 707 24).

337 822 566 880 CAPUT
596 824 745 880 XIX.
795 856 863 867 —-
913 827 1054 896 Quid
1084 831 1358 900 apostolus
1407 830 1612 885 Paulus
1663 831 1991 886 Thessaloni-

407 905 656 961 censibus
685 908 970 977 scripserit
1015 911 1086 965 de
1133 913 1589 979 manifestatinne
1635 910 1986 979 Antichristi,

410 985 566 1058 cujus
595 995 804 1060 tempus
832 989 947 1046 dies
979 991 1197 1046 Domini
1226 993 1598 1064 subsequatur.

412 1121 461 1176 1.
495 1120 702 1177 Mullas
747 1125 1111 1195 evangelicae
1157 1126 1624 1198 apostolicasque
1669 1127 1990 1182 sententias

336 1199 408 1253 de
437 1200 632 1256 divino
681 1201 794 1257 isto
835 1204 1058 1272 judicio
1103 1206 1420 1261 novissimo
1467 1207 1629 1262 video
1684 1208 1824 1260 mihi
1867 1223 1991 1261 esse

335 1282 790 1350 praetereundus,
826 1299 895 1337 ne
927 1285 1035 1339 hoc
1061 1286 1331 1340 volumen
1365 1287 1423 1341 in
1459 1287 1698 1341 nimiam
1734 1287 1988 1356 longilu-

333 1359 533 1414 dinem
586 1363 1015 1429 provolvalur’:
1063 1367 1158 1420 sed
1206 1366 1366 1420 nullo
1421 1367 1593 1421 modo
1651 1372 1740 1420 est
1786 1373 1990 1433 [δι-θειο-

333 1439 592 1495 reundus
622 1443 923 1512 apostolus
957 1444 1184 1506 Paulus.
1219 1446 1316 1516 qui
1352 1447 1614 1500 scribens
1643 1447 1710 1500 ad
1745 1447 1990 1500 Thessa-

332 1519 681 1588 lonicenses,
720 1523 1002 1593 Rogamus,
1036 1526 1245 1596 inquit,
1270 1543 1378 1592 vos,
1401 1530 1633 1594 fratres,
1663 1542 1763 1597 per
1789 1527 1992 1580 adven-

332 1610 447 1656 tum
481 1603 698 1658 Domini
736 1608 907 1660 nostri
947 1609 1072 1663 Jesu
1105 1609 1329 1673 Christi,
1362 1619 1412 1664 et
1456 1614 1654 1664 nostrae
1703 1625 1992 1676 congrega-

332 1681 504 1737 tionis
536 1685 592 1736 in
625 1688 826 1754 ipsum,
861 1696 921 1741 ut
955 1704 1060 1743 non
1091 1692 1198 1744 cito
1228 1689 1565 1744 moveamini
1594 1695 1793 1752 mente,
1816 1703 1991 1758 neque

332 1763 680 1830 terreamini,
715 1782 890 1836 neque
929 1784 1024 1832 per
1071 1771 1354 1840 spiritum,
1387 1784 1566 1839 neque
1611 1784 1706 1838 per
1745 1767 1988 1831 verbum,

332 1857 508 1912 neque
535 1859 635 1911 per
663 1847 946 1913 epistolam
970 1855 1235 1919 tanquam
1285 1865 1381 1919 per
1429 1865 1522 1903 nos
1554 1850 1800 1914 missam,
1834 1847 1991 1918 quasi

332 1923 500 1976 instet
527 1923 645 1978 dies
675 1926 937 1981 Domini:
969 1944 1038 1983 ne
1083 1928 1207 1999 quis
1257 1943 1347 1983 vos
1383 1927 1606 1982 seducat
1657 1928 1770 1981 ullo
1811 1927 1988 1989 modo,

331 2001 610 2070 Quoniam
637 2006 751 2059 nisi
779 2009 984 2061 uenerit
1015 2011 1207 2077 refuga
1230 2009 1316 2078 (α)
1347 2009 1614 2077 primum,
1637 2014 1693 2060 ut
1722 2007 1992 2059 revelatus

332 2083 504 2150 fuerit
533 2083 694 2137 homo
744 2088 974 2153 peccati,
1016 2089 1163 2154 ﬁlius
1207 2087 1491 2148 interitus,
1525 2087 1623 2155 qui
1671 2085 1995 2138 adversatur

334 2164 387 2214 et
418 2163 869 2230 superextollitur
895 2180 1063 2233 supra
1095 2180 1253 2220 omne
1281 2164 1422 2234 quod
1467 2163 1672 2217 dicitur
1705 2164 1862 2226 Deus,
1897 2167 1993 2215 aut

337 2240 482 2308 quod
511 2241 709 2295 colitur
733 2257 753 2302 ,ο
781 2245 861 2296 ita
890 2249 950 2297 ut
980 2244 1040 2297 in
1072 2244 1271 2312 templo
1319 2243 1418 2298 Dei
1448 2242 1647 2307 sedeat,
1680 2242 1993 2297 ostentans3

337 2333 401 2373 se
429 2322 696 2388 tanquam
725 2323 797 2374 sit
829 2323 982 2376 Deus.
1017 2325 1130 2377 Non
1156 2322 1409 2378 retinetis
1441 2325 1496 2376 in
1527 2321 1817 2386 memoria,
1851 2322 1997 2391 quod

334 2397 521 2453 adhuc
549 2415 673 2454 cum
701 2415 871 2456 essem
907 2403 1054 2473 apud
1099 2419 1215 2468 vos,
1263 2404 1384 2460 haec
1412 2402 1657 2457 dicebam
1707 2401 1894 2456 vobis?
1935 2403 1997 2455 Et

333 2493 488 2533 nunc
518 2482 647 2549 quid
675 2479 911 2536 detineat
939 2483 1110 2550 scitis,
1134 2493 1192 2537 ut
1208 2482 1484 2538 reveletur
1512 2481 1574 2536 in
1603 2497 1700 2537 suo
1737 2489 1994 2551 tempore.

329 2557 465 2613 lam
494 2560 643 2613 enim
689 2563 1030 2630 mysterium
1077 2565 1393 2634 iniquitatis
1440 2572 1717 2632 aperatur.
1770 2562 1998 2616 Tantum

331 2643 434 2711 qui
463 2640 621 2695 modo
654 2645 797 2697 tenet
839 2648 1039 2711 teneat,
1089 2644 1257 2698 donec
1303 2646 1375 2697 de
1406 2644 1582 2698 medio
1619 2645 1754 2713 ﬁat:
1783 2649 1838 2697 et
1867 2646 1999 2696 tunc

333 2721 677 2776 revelabitur
705 2725 927 2794 iniquus
948 2723 992 2790 ⁴,
1024 2739 1179 2795 quem
1232 2725 1493 2780 Dominus
1524 2726 1676 2780 Jesus
1707 2725 1997 2793 inter/fciet

330 2805 544 2870 spiritu
575 2805 686 2857 oris
713 2806 822 2873 sui,
855 2809 905 2859 et
931 2806 1216 2859 evacuabit
1249 2805 1659 2859 illuminatinne
1686 2808 1996 2875 praesentia?

327 2897 460 2938 sua?
489 2897 636 2945 eum,
668 2885 826 2953 cujus
854 2893 935 2940 est
967 2885 1266 2954 praesentia
1294 2886 1594 2938 secundum
1625 2887 1995 2952 operationem

323 2967 565 3026 satanas,
597 2965 655 3016 in
685 2965 839 3019 omni
870 2965 1092 3029 virtute,
1123 2973 1174 3020 et
1212 2964 1410 3034 signis,
1443 2977 1492 3018 et.
1535 2963 1805 3032 prodigiis
1837 2980 1989 3018 men-

323 3042 501 3109 dacii,
535 3054 586 3097 et
615 3046 673 3096 in
703 3044 855 3099 omni
899 3045 1214 3100 seductione
1258 3047 1586 3115 iniquitatis,
1637 3044 1721 3098 his
1769 3047 1866 3113 qui
1900 3059 1993 3113 pe-

322 3127 539 3189 reunt,-
568 3141 666 3193 pro
715 3141 782 3178 eo
811 3125 952 3194 quod
979 3125 1321 3180 dilectionem
1350 3127 1597 3178 veritatis
1626 3141 1735 3179 non
1782 3141 1997 3194 recepe-

320 3211 490 3266 runt.
525 3208 583 3258 ut
615 3205 758 3259 salvi
806 3205 1015 3273 ﬁerent.
1059 3207 1124 3260 Et
1172 3207 1298 3260 ideo
1341 3208 1515 3258 mittet
1547 3204 1664 3258 illis
1700 3205 1834 3258 Deus
1867 3219 1996 3272 ope-

318 3286 602 3339 rationem
629 3288 850 3352 erroris,
884 3295 943 3340 ut
989 3288 1214 3340 credant
1259 3285 1566 3352 mendacio,
1598 3294 1651 3339 et
1675 3285 1998 3354 judicentur

317 3379 522 3418 omnes
548 3367 642 3434 qui
668 3380 776 3418 non
816 3364 1167 3420 crediderunt
1209 3366 1444 3430 veritati,
1466 3365 1555 3418 sed
1604 3376 1994 3425 consenserunt

316 3443 625 3515 iniquitati
655 3444 726 3514 (ll
759 3445 936 3500 Thess.
971 3461 1031 3512 ll,
1065 3444 1245 3514 1-11).

400 3525 462 3578 2.
496 3525 650 3580 Nulli
682 3525 926 3580 dubium
959 3531 1064 3588 est,
1096 3541 1230 3579 eum
1276 3524 1346 3578 de
1376 3523 1731 3578 Antichrile
1765 3523 1874 3576 ista
1905 3523 1996 3576 di-

316 3605 532 3671 xisse;
565 3605 842 3676 diemque
868 3604 1074 3675 judicii
1107 3605 1288 3672 (hunc
1317 3604 1509 3658 enim“
1554 3602 1808 3672 appellat
1841 3603 1990 3656 diem

318 3685 597 3755 Domini)
629 3702 743 3740 non
768 3702 898 3740 esse
927 3689 1259 3749 venturum,
1294 3685 1405 3738 nisi
1440 3683 1536 3737 ille
1567 3686 1726 3754 prior
1755 3683 1992 3747 venerit,

319 3783 514 3839 quem
558 3767 820 3836 refugam
854 3772 1038 3832 vocat,
1087 3767 1285 3834 utique
1315 3781 1347 3818 a
1379 3764 1625 3819 Domino
1665 3764 1797 3818 Deo.
1833 3763 1996 3825 Quod

317 3848 492 3904 side
539 3848 809 3902 omnibus
851 3847 1045 3915 impiis
1094 3846 1296 3900 merito
1344 3846 1453 3900 dici
1507 3851 1720 3915 potest,
1769 3850 1992 3916 quanto

316 3927 530 3996 magis
562 3927 632 3980 de
662 3925 773 3981 isto
794 3925 822 3980 ‘t
851 3926 958 3981 Sed
982 3926 1040 3979 in
1074 3941 1186 3996 quo
1206 3926 1426 3995 templo
1459 3924 1557 3979 Dei
1581 3925 1656 3979 sit
1675 3923 1995 3990 sessurus‘,

317 4008 629 4062 incertum
663 4013 785 4060 est:
818 4010 1014 4059 utrum
1064 4004 1123 4058 in
1177 4005 1274 4058 illa
1309 4005 1477 4058 ruina
1525 4005 1746 4073 templi,
1777 4004 1931 4074 quod
1964 4027 1998 4063 τι

313 4085 648 4141 Salomone
679 4099 808 4154 rege
838 4089 1234 4139 constructum
1285 4088 1395 4147 est,
1428 4099 1500 4136 an
1550 4098 1684 4137 vero
1715 4083 1771 4135 in
1803 4081 1997 4136 Eccle-

314 4168 443 4225 sia.
478 4165 605 4222 Non
637 4165 794 4221 enim
825 4165 1107 4235 templum
1130 4164 1376 4232 alicujus
1407 4164 1544 4219 idoli
1568 4172 1663 4217 aut
1694 4164 1997 4229 daemonis,

315 4245 620 4318 templum
685 4245 779 4301 Dei
833 4245 1144 4316 Apostolus
1203 4245 1440 4298 diceret.
1501 4243 1663 4299 Unde
1706 4241 1996 4308 nonnulli,

313 4344 457 4387 non
488 4327 687 4399 ipsum
723 4326 1066 4399 principem,
1100 4325 1200 4381 sed
1234 4325 1570 4381 universum
1618 4325 2001 4396 quadammo-

313 4411 410 4466 do
446 4423 662 4478 corpus
693 4408 843 4478 ejus,
872 4407 930 4462 id
963 4411 1071 4474 est,
1100 4408 1166 4461 ad
1207 4421 1342 4461 eum
1378 4407 1761 4475 pertinentem
1806 4404 2000 4460 homi-

316 4507 488 4548 num
522 4487 979 4555 multitudinem,
1029 4485 1206 4542 simul
1255 4501 1390 4541 cum
1442 4485 1569 4555 ipso
1599 4500 1705 4540 suo
1741 4485 1998 4555 principe

320 4573 452 4628 hoc
480 4570 604 4626 loco
635 4569 879 4640 intelligi
928 4566 1351 4622 Antichristum
1383 4565 1622 4640 volunt:
1667 4566 1999 4635 rectiusque

312 4656 554 4724 putant
582 4650 758 4706 etiam
812 4639 992 4704 latine
1022 4648 1158 4715 dici,
1204 4649 1359 4703 sicut
1387 4639 1466 4699 'in
1498 4661 1684 4717 graeco
1714 4651 1823 4713 est,
1858 4661 1994 4712 non,

313 4736 393 4789 in.
429 4731 636 4802 templo
659 4731 758 4786 Dei
779 4748 802 4795 ;
848 4729 970 4790 sed.
1005 4731 1060 4782 in
1095 4727 1358 4798 templum
1390 4726 1494 4782 Dei
1523 4725 1706 4780 sedeat
1743 4725 1840 4794 (b),
1872 4729 2002 4780 tan-

402 4997 425 5030 ι
463 4991 635 5042 Nostri
663 4991 885 5047 codices,
915 4993 983 5037 si.
1015 4989 1084 5038 Μ.

401 5056 430 5090 ²
463 5054 681 5116 Aliquot
708 5053 856 5109 Mss..
879 5051 1272 5116 protendatur.

401 5119 430 5153 ³
463 5113 650 5166 Plures
677 5116 1008 5166 e'veteribus
1037 5115 1204 5168 libris.
1237 5113 1540 5162 ostendens.

400 5181 536 5254 ﬁlii
594 5179 823 5254 esensis,
884 5179 1140 5254 iniquus.
1187 5175 1536 5254 illenAbest,
1578 5171 1696 5230 ille,
1757 5185 2005 5222 amanu-

317 5241 642 5353 scxs-igti‘guet
661 5253 695 5314 β
714 5254 914 5315 graece
931 5239 1098 5313 teitu.
1114 5239 1392 5313 Λροειριί..
1435 5300 1469 5312 η
1787 5298 1798 5309 ⁸

317 5371 366 5375 _
532 5367 547 5375 _
610 5313 764 5375 ._tsta
791 5304 1015 5361 dixisse,
1041 5303 1235 5375 dieque
1262 5302 1487 5360 sudum.
1509 5301 1677 5350 Hunc
1704 5310 1876 5354 enim.
1904 5300 2004 5348 etc.

317 5367 716 5420 Emendantur
743 5381 808 5416 ex
838 5366 1231 5427 manuscriptis.

406 5431 436 5464 ⁸
470 5431 626 5484 Editi.
658 5437 722 5478 ut
748 5431 894 5479 Deus
922 5429 995 5477 sit
1025 5425 1298 5477 sessurus.
1334 5426 1512 5485 Abest,
1546 5433 1608 5474 ut
1636 5425 1802 5483 Deus,
1839 5438 1870 5474 a
1900 5436 2007 5473 ma-

315 5494 665 5545 nuscriotis.

402 5558 496 5617 (α)
525 5553 586 5605 [ιι
615 5555 878 5617 νιιΙεειιθη
891 5553 1163 5617 discessio.

317 5610 432 5692 (bi
451 5610 610 5672 Ὥστε
639 5610 802 5672 αὐξὸν
838 5615 914 5676 εἰς
942 5617 1037 5670 τὸν
1062 5613 1187 5668 ναὸν
1217 5615 1314 5668 τοῦ
1345 5616 1479 5669 Θεοῦ
1511 5612 1585 5677 ὡς
1607 5613 1736 5670 Θεὸν
1767 5610 2007 5673 καθίσαι.

1700 361 1932 422 LIBER
1975 363 2413 429 VIGESIMUS.

3626 377 3744 439 686

2098 513 2269 569 quam
2301 498 2425 570 ipse
2455 497 2534 556 sit
2563 499 2846 572 templum
2879 501 3000 573 Dei,
3036 503 3183 576 quod
3216 508 3304 561 est
3342 505 3635 565 Ecclesia:
3668 510 3748 566 si-

2095 585 2193 634 cut
2239 579 2510 646 dicimus,
2562 583 2733 638 Sedet
2780 585 2836 640 in
2871 585 3140 654 amicum,
3183 586 3238 640 id
3273 593 3378 656 est,
3412 589 3570 644 velut
3599 592 3747 647 ami-

2097 675 2239 725 cus;
2272 659 2356 712 vel
2392 661 2436 715 si
2492 662 2631 732 quid
2667 661 2823 718 aliud
2877 664 2986 719 isto
3039 666 3351 721 locutionis
3395 683 3604 736 genere
3635 668 3748 725 dici

2097 737 2258 794 solet.
2293 739 2447 802 Quod
2483 751 2674 797 autem
2707 742 2806 812 ait,
2839 746 2904 800 Et
2936 762 3082 800 nunc
3128 745 3262 817 quid
3307 746 3548 802 detineat
3575 750 3746 814 scitis,

2095 818 2153 873 id
2205 825 2311 886 est,
2365 821 2501 890 quid
2553 822 2626 876 sit
2659 825 2712 877 in
2745 841 2922 892 mora,
2965 842 3090 898 quae
3135 843 3308 882 causa
3346 828 3419 881 sit
3452 828 3748 884 dilationis

2097 900 2244 970 ejus,
2274 905 2331 955 ut
2362 902 2631 958 reveletur
2677 907 2732 958 in
2777 922 2877 960 suo
2911 916 3166 977 tempore,
3199 907 3360 964 scitis
3401 923 3415 964 :
3467 909 3742 980 quoniam

2098 981 2248 1035 scire
2291 981 2419 1036 illos
2463 983 2624 1053 dixit,
2651 990 2848 1055 aperte
2898 987 3002 1041 hoc
3057 988 3244 1044 dicere
3288 988 3493 1043 noluit.
3524 989 3593 1042 Et
3619 989 3747 1045 ideo

2099 1075 2204 1113 nos
2237 1060 2336 1130 qui
2363 1063 2658 1119 nescimus
2690 1066 2844 1136 quod
2879 1066 2960 1120 illi
2991 1066 3267 1133 sciebam,
3302 1069 3601 1138 pervenire
3622 1083 3749 1124 cum

2101 1138 2294 1193 labore
2327 1141 2397 1194 ad
2430 1142 2484 1195 id
2517 1143 2670 1212 quod
2717 1146 2902 1200 sensit
2950 1146 3280 1213 Apostolus,
3321 1148 3610 1216 cupimus.
3644 1163 3751 1204 nec

2099 1219 2396 1275 valemus:
2433 1224 2751 1292 prmsertim
2787 1227 2926 1294 quia
2956 1231 3012 1280 et
3041 1225 3140 1280 illa
3167 1243 3297 1297 qua:
3318 1227 3563 1294 addidit,
3597 1229 3752 1282 hunc

2099 1315 2329 1354 sensum
2381 1302 2595 1356 faciunt
2639 1304 3054 1360 obscuriorem.
3098 1305 3237 1360 Nam
3288 1307 3423 1375 quid
3475 1312 3586 1373 est,
3625 1308 3748 1362 Jam

2097 1383 2242 1434 enim
2275 1386 2590 1452 mysterium
2622 1387 2931 1454 iniquitatis
2959 1395 3238 1455 operatur.
3261 1389 3486 1442 Tantum
3519 1390 3616 1459 qui
3640 1403 3753 1442 mo-

2099 1460 2164 1515 do
2199 1470 2334 1515 tenet
2359 1465 2558 1529 teneat,
2591 1464 2756 1519 donec
2785 1466 2848 1520 de
2878 1467 3051 1522 medio
3084 1468 3222 1536 ﬁat;
3251 1474 3297 1521 et
3329 1474 3458 1522 tunc
3488 1469 3754 1523 revelabi-

2100 1550 2189 1596 tur
2235 1543 2494 1613 iniquus?
2546 1544 2658 1614 Ego
2712 1563 2952 1615 prorsus
3001 1549 3138 1617 quid
3192 1548 3416 1614 dixerit,
3455 1564 3544 1602 me
3577 1550 3756 1603 fateor

2099 1621 2384 1692 ignorare,
2442 1625 2808 1692 Suspiciones
2868 1632 3056 1680 tamen
3114 1627 3445 1696 hominum,
3490 1643 3634 1698 quas
3662 1628 3753 1683 vel

2101 1703 2325 1768 audire,
2359 1703 2440 1757 vel
2475 1703 2662 1775 legere
2692 1706 2872 1776 potui,
2907 1724 3018 1761 non
3052 1709 3277 1762 tacebo.

2171 1783 2222 1837 3.
2257 1783 2496 1847 Quidam
2532 1790 2741 1855 putant
2795 1787 2898 1840 hoc
2947 1789 3017 1841 de
3048 1788 3289 1860 imperio
3331 1791 3548 1844 dictum
3575 1789 3757 1846 fuisse

2101 1861 2402 1930 Romano;
2435 1869 2490 1918 et
2522 1871 2825 1937 propterea
2872 1868 3115 1922 Paulum
3167 1869 3494 1938 apostolum
3545 1868 3749 1925 nonid

2101 1951 2296 2015 aperte
2329 1949 2580 2002 scribere
2637 1949 2912 2016 voluisse,
2949 1967 3018 2004 ne
3076 1951 3428 2006 calumniam
3492 1951 3756 2006 videlicet

2100 2025 2446 2085 incurreret.
2479 2029 2632 2096 quod
2686 2028 2942 2083 Romano
2975 2029 3217 2096 imperio
3262 2032 3411 2085 male
3451 2032 3748 2099 optaverit,

2103 2121 2235 2158 cum
2270 2113 2601 2172 speraretur
2647 2112 2965 2162 internum:
3004 2113 3066 2162 ut
3097 2109 3205 2163 hoc
3250 2111 3401 2179 quod
3436 2110 3596 2176 dixit,
3630 2111 3755 2165 lam

2103 2183 2252 2238 enim
2282 2189 2605 2254 mysterium
2655 2187 2975 2256 iniquitatis
3025 2195 3306 2258 operatur,
3339 2188 3624 2243 Neronem
3658 2203 3761 2243 vo-

2100 2264 2271 2319 luerit
2311 2265 2575 2338 intelligi,
2635 2269 2804 2338 cujus
2845 2269 2971 2339 jam
3025 2270 3175 2324 facta
3224 2268 3378 2323 velut
3415 2268 3760 2324 Antichristi

2103 2344 2465 2400 videbantur.
2502 2346 2662 2402 Unde
2704 2349 2972 2403 nonnulli
3023 2349 3213 2419 ipsum
3275 2357 3758 2416 resurrecturum,

2105 2431 2163 2479 et
2196 2425 2454 2480 futurum
2491 2429 2914 2483 Antichristum
2948 2429 3327 2498 suspicantur
3359 2431 3459 2502 (α).
3493 2429 3603 2483 Alii
3631 2445 3760 2484 vero

2107 2520 2210 2558 nec
2241 2505 2495 2560 occisum
2528 2512 2754 2576 putant,
2788 2508 2885 2562 sed
2919 2508 3287 2564 subtractum
3325 2513 3534 2578 potius,
3565 2513 3629 2563 ut
3661 2524 3766 2578 pu-

2105 2588 2325 2638 taretur
2361 2586 2623 2652 occisus;
2659 2592 2714 2640 et
2760 2589 2951 2642 vivum
3007 2587 3288 2643 occultari
3338 2589 3397 2644 in
3450 2589 3644 2660 vigore
3674 2587 3764 2657 ip-

2105 2664 2230 2719 sius
2252 2666 2458 2731 astatis,
2492 2666 2548 2720 in
2582 2683 2695 2736 qua
2727 2667 2855 2733 fuit,
2889 2684 3021 2722 cum
3057 2669 3387 2724 crederetur
3416 2669 3761 2734 exstinctus,

2107 2746 2289 2799 donec
2322 2761 2427 2799 suo
2474 2751 2732 2817 tempore
2783 2746 3088 2814 reveletur,
3122 2754 3178 2803 et
3211 2750 3554 2803 restituatur
3585 2749 3643 2802 in
3676 2761 3764 2801 re-

2103 2827 2396 2895 gnum(b).
2439 2829 2546 2881 Sed
2599 2828 2847 2882 multum
2880 2828 3023 2882 mihi
3058 2829 3203 2882 mira
3235 2834 3323 2883 est
3354 2828 3474 2883 haec
3505 2829 3754 2898 opinan-

2103 2905 2249 2958 tium
2326 2913 2481 2959 tanta
2540 2907 2932 2978 prrssumptio.
2995 2907 3142 2962 Illud
3213 2913 3407 2962 tamen
3466 2907 3621 2978 quod
3684 2907 3768 2959 ait

2107 2983 2439 3054 Apostolus,
2478 2987 2705 3039 Tantum
2738 2989 2832 3058 qui
2855 2986 3010 3040 modo
3042 2995 3185 3041 tenet
3235 2991 3444 3053 teneat,
3494 2985 3666 3040 donec
3693 2983 3758 3040 de

2106 3063 2281 3118 medio
2311 3065 2447 3134 ﬁat:
2482 3083 2593 3120 non
2646 3067 2895 3121 absurde
2935 3067 3006 3120 de
3057 3067 3180 3135 ipso
3228 3066 3485 3121 Romano
3517 3066 3762 3137 imperio

2105 3143 2360 3198 creditur
2389 3145 2638 3213 dictum,
2671 3151 2944 3214 tanquam
2979 3147 3201 3200 dictum
3247 3148 3338 3212 sit,
3373 3147 3627 3200 Tantum
3663 3152 3764 3215 qui

2106 3223 2277 3277 modo
2326 3224 2566 3293 imperat
2623 3225 2891 3295 imperet,
2944 3225 3128 3279 donec
3167 3225 3237 3278 de
3289 3225 3478 3279 medio
3534 3225 3656 3290 ﬂat,
3705 3225 3760 3278 id

2106 3307 2213 3366 est,
2246 3302 2314 3355 de
2348 3303 2535 3356 medio
2567 3303 2824 3357 tollatur.
2861 3306 2920 3356 Et
2959 3313 3090 3357 tunc
3119 3303 3466 3357 revelabitur
3495 3305 3760 3374 iniquus:

2107 3396 2276 3449 qnem
2311 3381 2626 3450 significari
2659 3381 3100 3447 Antichristum,
3136 3381 3333 3435 nullus
3358 3382 3616 3452 atnbigit.
3648 3381 3762 3435 Alii

2106 3475 2236 3514 vero
2269 3464 2323 3511 et
2353 3461 2504 3528 quod
2530 3460 2630 3522 ait,
2669 3460 2818 3527 Quid
2847 3460 3087 3514 detineat
3111 3463 3289 3519 scitis;
3321 3465 3398 3527 et,
3432 3459 3760 3530 mysterium

2107 3538 2327 3611 operari
2359 3539 2688 3609 iniquitatis,
2723 3556 2836 3593 non
2889 3545 3090 3606 putant
3119 3540 3357 3604 dictum,
3393 3540 3503 3594 nisi
3536 3540 3607 3594 de
3641 3556 3758 3595 ma-

2107 3622 2176 3675 lis
2219 3627 2267 3672 et
2298 3618 2466 3684 lictis,
2504 3621 2600 3690 qui
2635 3623 2774 3673 sunt
2803 3619 2857 3672 in
2893 3619 3184 3687 Eeclesia.,
3209 3619 3393 3674 donec
3425 3620 3764 3691 perveniant

2109 3701 2178 3755 ad
2225 3704 2446 3753 tantum
2485 3715 2814 3768 numerum,
2851 3700 2945 3769 qui
2980 3699 3329 3753 Antichrile
3367 3715 3641 3767 magnum
3669 3716 3764 3769 po-

2111 3779 2312 3849 pulum
2365 3779 2572 3833 faciat'.
2603 3787 2653 3833 el
2700 3778 2802 3832 hoc
2851 3795 2975 3834 esse
3023 3778 3358 3849 mysterium
3414 3780 3760 3850 iniquitatis,

2110 3862 2247 3930 quia
2297 3859 2526 3913 videtur
2567 3859 2879 3914 occultum.
2937 3858 3162 3914 Hortari
3195 3865 3380 3913 autem
3417 3860 3762 3930 Apostolum

2110 3940 2330 4003 fideles,
2359 3945 2420 3993 ut
2450 3943 2505 3994 in
2555 3940 2668 3995 ﬁde
2701 3956 2877 4009 quam
2925 3945 3123 3994 tenent
3175 3938 3448 3995 tenaciter
3499 3955 3762 4007 perseve-

2113 4029 2258 4084 rent,
2289 4021 2552 4090 dicendo,
2591 4022 2817 4076 Tantum
2859 4023 2956 4091 qui
2987 4021 3146 4074 modo
3177 4023 3318 4074 tenet
3367 4025 3568 4088 teneat,
3599 4020 3767 4074 donec

2109 4102 2174 4156 de
2202 4102 2386 4155 medio
2416 4102 2547 4171 ﬁat:
2583 4101 2690 4156 hoc
2716 4109 2823 4166 est,
2858 4105 3038 4155 donec
3070 4106 3230 4154 exeat
3260 4102 3330 4156 de
3361 4101 3550 4156 medio
3579 4099 3770 4156 Eccle.

2111 4183 2210 4237 sim
2260 4183 2604 4249 mysterium
2648 4179 3000 4251 iniquitatis,
3050 4181 3204 4250 quod
3272 4197 3428 4236 nunc
3477 4179 3765 4235 occultum

2111 4270 2216 4318 est.
2251 4262 2334 4317 Ad
2369 4261 2560 4332 ipsum
2596 4261 2750 4316 enim
2787 4261 3129 4333 mysterium
3167 4262 3451 4331 pertinere
3483 4261 3769 4316 arbitran-

2111 4347 2227 4404 tur,
2261 4342 2417 4413 quod
2450 4344 2527 4397 ait
2577 4341 2632 4397 in
2684 4340 2936 4413 Epistola
2961 4358 3068 4396 sua
3089 4344 3348 4397 Joannes
3389 4341 3766 4414 evangelista,

2113 4425 2296 4487 Pueri,
2329 4426 2617 4478 novissima
2650 4424 2787 4476 hora
2815 4431 2936 4478 est:
2963 4427 3016 4477 et
3042 4425 3183 4477 sicut
3213 4421 3462 4483 audistis.
3495 4421 3634 4494 quod
3656 4423 3768 4478 An-

2112 4504 2392 4558 tichristus
2419 4506 2492 4557 sit
2524 4513 2816 4563 venturus;
2846 4518 2994 4556 nunc
3043 4510 3228 4557 autem
3259 4502 3570 4558 antichristi
3599 4503 3770 4557 multi

2111 4587 2246 4655 facti
2275 4587 2400 4638 suut
2422 4601 2440 4637 :
2472 4585 2618 4639 unde
2637 4586 3009 4654 cognoscimus
3031 4583 3174 4653 quod
3199 4583 3497 4637 novissima
3517 4583 3586 4637 sit
3602 4587 3762 4637 hora.

2115 4667 2197 4721 Ex
2226 4664 2379 4720 nobis
2400 4667 2698 4735 exierunt:
2728 4663 2820 4720 sed
2867 4679 2976 4718 non
3026 4671 3184 4717 erant
3228 4678 3300 4718 ex
3342 4663 3503 4716 nobis
3550 4661 3690 4732 quod
3717 4664 3768 4715 si

2111 4747 2372 4817 fuissent,
2419 4760 2488 4800 ex
2532 4744 2706 4812 nobis,
2767 4742 3189 4814 permansissent
3251 4744 3435 4812 utique
3482 4743 3766 4795 nobiscum

2114 4825 2162 4895 (Ι
2191 4827 2348 4882 Joan.
2396 4841 2457 4889 ιι,
2497 4825 2561 4878 18
2593 4831 2645 4878 et
2682 4822 2787 4892 19).
2839 4821 3004 4875 Sicut
3035 4835 3170 4890 ergo
3203 4825 3334 4874 ante
3364 4819 3530 4872 linem
3561 4819 3618 4873 in
3656 4817 3767 4874 hac

2115 4905 2276 4972 hora,
2327 4905 2620 4973 inquiunt,
2659 4916 2832 4974 quam
2876 4899 3128 4954 Joannes
3178 4898 3552 4954 novissimam
3603 4899 3765 4958 dicit.

2117 4986 2382 5040 exierunt
2427 4982 2594 5037 multi
2642 4979 2900 5036 hteretici
2949 4980 3018 5034 de
3071 4977 3262 5034 medio
3302 4976 3591 5044 Ecclesiae,
3625 4995 3769 5050 quos

2118 5063 2332 5121 multos
2399 5062 2539 5118 dicit
2590 5059 3007 5118 antichristos:
3059 5058 3142 5114 ita
3189 5072 3394 5114 omnes
3447 5061 3586 5116 tunc
3637 5058 3770 5115 inde

2145 5369 2274 5446 "(al
2305 5366 2457 5446 gent.
2493 5365 2717 5446 literan
2766 5364 2826 5414 in
2875 5364 3005 5414 Dan.
3042 5365 3119 5425 xi,
3153 5365 3208 5414 et
3253 5361 3544 5426 Sulpitlum
3591 5360 3770 5413 Sever.

2121 5429 2215 5480 lib'.
2244 5430 2274 5478 2
2303 5431 2456 5485 Hist,
2487 5442 2603 5490 cap.
2641 5429 2718 5476 29.

2123 5493 2399 5606 2.(30\lig:
2433 5492 2576 5541 Suet.
2609 5492 2664 5540 in
2711 5490 2928 5544 Nerone.
2970 5503 3084 5552 cap.
3114 5489 3193 5546 57.
3223 5490 3276 5539 et
3305 5488 3468 5538 Taclt.
3497 5487 3630 5538 Hist.
3675 5488 3770 5538 lib.

2159 5593 2172 5612 ,
2203 5569 2316 5618 cap.
2348 5569 2393 5606 δ.
