4124 6188
399 353 515 418 687

397 491 660 560 exibunt,
700 485 800 560 qui
832 502 945 541 non
981 483 1052 540 ad
1084 482 1401 550 Christum,
1434 480 1534 536 sed
1569 480 1636 536 ad
1661 479 1826 535 illum
1857 479 2047 560 novis-

394 571 613 626 simum
647 559 1071 625 Antichristum
1095 561 1488 635 pertinebunt,
1512 565 1568 616 et
1597 564 1738 616 tunc
1768 559 2050 616 revelabi-

393 664 510 715 tur.

462 732 516 787 4.
549 730 711 786 Alius
737 744 872 800 ergo
906 727 1011 794 sic,
1043 725 1196 782 alius
1228 729 1422 780 autem
1455 723 1536 779 sic
1566 722 1821 795 Apostoli
1845 723 2047 778 obscu-

391 829 456 868 ra
485 811 656 866 verba
687 809 1051 878 coniectant:
1087 810 1239 879 quod
1271 811 1464 859 tamen
1513 819 1646 858 eum
1679 802 1896 858 dixisse
1929 819 2042 857 non

393 893 637 948 dubium
666 893 772 956 est,
803 889 930 944 Non
961 887 1152 942 veniet
1202 885 1276 940 ad
1314 885 1470 940 vivos
1515 890 1572 939 et
1603 888 1860 938 mortuos
1889 884 2046 951 judi-

388 972 612 1028 candos
643 971 932 1035 Christus,
981 969 1090 1024 nisi
1126 968 1288 1038 prius
1327 967 1543 1021 venerit
1571 966 1638 1020 ad
1681 965 2042 1020 seducendos

385 1054 441 1108 in
476 1051 670 1108 anima
713 1056 973 1105 mortuos
1023 1047 1394 1104 adversarius
1432 1047 1558 1116 ejus
1607 1045 2040 1118 Antichristus;

387 1133 660 1204 quamvis
693 1132 764 1188 ad
795 1129 1086 1187 occultum
1128 1131 1248 1198 jam
1276 1128 1567 1196 judicium
1601 1127 1699 1182 Dei
1735 1126 2039 1197 pertineat,

381 1214 538 1284 quod
571 1213 643 1267 ab
675 1209 775 1266 illo
807 1211 1180 1265 seducentur.
1211 1209 1513 1264 Praesentia
1534 1208 1746 1278 quippe
1768 1207 1883 1271 eius
1910 1205 2036 1272 erit,

381 1292 538 1348 sicut
560 1291 782 1347 dictum
817 1293 926 1356 est,
957 1287 1260 1345 secundum
1310 1285 1684 1358 Operationem
1711 1294 1945 1350 satanaz,
1979 1287 2036 1340 in

381 1373 534 1427 omni
563 1372 786 1435 virtute,
829 1373 880 1423 et
908 1369 1102 1438 signis,
1145 1371 1195 1422 et
1237 1366 1506 1437 prodigiis
1557 1363 1851 1431 mendacii,
1882 1368 1934 1418 et
1975 1364 2039 1419 in

381 1451 534 1507 omni
577 1448 890 1504 seductione
931 1447 1269 1519 iniquitatis,
1321 1448 1407 1501 his
1455 1449 1547 1516 qui
1586 1450 1840 1516 pereunt.
1873 1444 2037 1500 Tune

379 1530 537 1586 enim
569 1529 825 1585 solvetur
874 1537 1131 1592 satanas,
1164 1530 1220 1581 et
1263 1543 1363 1597 per
1391 1525 1560 1580 illum
1609 1524 2033 1580 Antichristum

381 1613 443 1666 in
475 1610 632 1666 omni
661 1626 767 1664 sua
798 1609 1010 1663 virtute
1055 1606 1403 1661 mirabiliter
1449 1606 1709 1676 quidem,
1743 1605 1837 1659 sed
1871 1619 2035 1658 men-

381 1690 601 1745 daciter
630 1690 984 1760 operabitur.
1019 1687 1180 1750 Quts‘
1216 1685 1357 1741 solet
1391 1685 1604 1756 ambigi
1638 1693 1826 1738 utrum
1863 1699 2034 1755 prop-

377 1777 538 1828 terea
593 1771 749 1826 dicta
780 1771 901 1825 sint
947 1769 1116 1839 signa
1155 1773 1212 1822 et
1245 1766 1508 1838 prodigia
1557 1764 1861 1831 mendacii,
1887 1779 2032 1834 quo-

378 1854 539 1908 niam
590 1851 866 1906 mortales
897 1865 1105 1904 sensus
1158 1864 1260 1919 per
1309 1847 1727 1918 phantasmata
1757 1847 2032 1915 deceptu-

375 1951 479 1990 rus
530 1938 652 2003 est;
704 1937 769 1987 ut
810 1931 968 2002 quod
1016 1947 1130 1985 non
1182 1929 1342 1993 facit,
1390 1929 1576 1983 facere
1619 1929 1912 1982 videatur:
1960 1943 2031 1980 an

376 2014 515 2086 quia
545 2013 648 2068 illa
677 2012 828 2083 ipsa,
857 2010 1088 2066 etiamsi
1111 2014 1281 2064 erunt
1303 2025 1434 2063 vera
1465 2006 1746 2078 prodigia,
1779 2007 1850 2060 ad
1879 2022 2034 2086 men:

374 2083 607 2149 decium
643 2094 975 2164 pertrahent
1017 2091 1344 2146 credituros
1377 2105 1493 2144 non
1537 2103 1604 2142 ea
1635 2085 1892 2158 potuisse
1924 2083 2030 2140 nisi

373 2177 655 2232 divinitus
689 2175 833 2237 ﬁeri,
865 2174 1134 2229 virtutem
1187 2170 1400 2226 diaboli
1448 2169 1807 2235 nescientes;
1845 2166 2031 2223 maxi-

374 2274 467 2313 me
497 2257 731 2328 quando
764 2261 1008 2322 tantam,
1043 2257 1320 2323 quantam
1356 2267 1657 2320 nunquam
1684 2249 1910 2317 habuit,
1943 2263 2032 2302 ac-

370 2327 584 2409 ceperit
627 2335 1031 2407 potestatem’.
1087 2333 1212 2387 Non
1262 2333 1418 2387 enim
1471 2331 1704 2401 quando
1763 2330 1833 2384 de
1887 2327 2029 2409 cmlo

369 2407 522 2488 ignis
548 2415 770 2483 cecidit,
804 2423 856 2470 et
887 2418 1113 2468 tantam
1141 2411 1418 2466 familiam
1468 2426 1600 2466 cum
1635 2409 1814 2464 tantis
1846 2407 2027 2480 gregi-

367 2499 480 2552 bus
532 2511 802 2565 pecorum
853 2493 1040 2549 sancti
1088 2493 1196 2548 Job
1248 2509 1362 2547 uno
1411 2491 1630 2562 impetu
1681 2489 2027 2564 absumpsit,

367 2584 422 2632 et
456 2577 622 2632 turbo
657 2577 889 2630 irruens
919 2579 978 2629 et
1007 2575 1244 2628 domum
1278 2572 1556 2642 dejiciens
1589 2570 1735 2626 tilias
1772 2571 1899 2641 ejus
1931 2585 2031 2624 oc-

368 2659 508 2714 cidit
537 2657 652 2729 (Job
687 2657 751 2727 1),
789 2656 1192 2726 phantasmata
1218 2654 1490 2708 fuerunt:
1522 2668 1652 2723 quae
1682 2657 1874 2705 tamen
1908 2651 2027 2704 fue-

367 2743 505 2792 runt
526 2753 699 2806 opera
721 2741 958 2800 satante,
974 2733 1066 2788 cui
1088 2735 1232 2788 Deus
1250 2733 1482 2787 dederat
1499 2731 1645 2785 hanc
1661 2733 2026 2802 potestatem.

367 2817 605 2887 Propter
636 2816 773 2887 quid
802 2816 1000 2869 horum
1031 2830 1166 2884 ergo
1198 2813 1354 2867 dicta
1401 2811 1520 2866 sint
1570 2811 1834 2881 prodigia
1863 2816 1918 2864 et
1949 2807 2016 2862 εἰσ

372 2914 488 2968 gna
518 2896 825 2962 mendacii,
861 2906 997 2949 tunc
1030 2895 1219 2966 potius
1268 2893 1593 2964 apparebit.
1644 2892 1748 2945 Sed
1795 2896 2030 2961 propter

373 2979 676 3050 quodlibet
709 2977 914 3032 horum
949 2975 1168 3030 dictum
1202 2974 1302 3041 sit,
1325 2974 1676 3029 sedueentur
1700 2971 1784 3025 eis
1807 2970 1988 3037 signis
2007 2968 2029 3002 ³

371 3065 546 3128 atque
596 3058 902 3127 prodigiis,
951 3056 1051 3125 qui
1100 3055 1301 3109 seduci
1353 3053 1763 3106 merebuntur:
1818 3065 1918 3116 pro
1967 3065 2027 3104 eo

370 3138 512 3208 quod
540 3138 892 3192 dilectionem
921 3135 1185 3200 veritatis,
1207 3133 1422 3204 inquit,
1456 3149 1563 3187 non
1596 3139 1934 3200 receperunt,
1968 3134 2028 3184 ut

368 3220 511 3274 salvi
556 3221 768 3287 fierent.
832 3215 948 3271 Nec
1010 3214 1294 3269 dubitavit
1336 3212 1648 3281 Apostolus
1693 3212 1926 3278 addere,
1972 3215 2029 3265 et

370 3302 558 3355 dicere
583 3313 595 3350 :
630 3296 751 3353 Ideo
781 3297 956 3351 mittet
987 3293 1102 3350 illis
1131 3297 1275 3349 Deus
1304 3295 1675 3364 Operationem
1705 3293 1935 3358 erroris,
1968 3296 2028 3346 ut

370 3380 594 3435 credant
624 3377 911 3433 mendacio
934 3377 1031 3447 (a).
1069 3377 1216 3430 Deus
1255 3374 1410 3428 enim
1463 3375 1671 3439 mittet,
1706 3372 1845 3444 quia
1881 3373 2028 3426 Deus

373 3459 670 3515 diabolum
706 3459 891 3514 facere
941 3458 1055 3511 ista
1087 3453 1405 3525 permittet,
1433 3455 1594 3522 justo
1626 3453 1747 3523 ipse
1782 3452 2026 3520 judicio,

372 3540 641 3611 quamvis
675 3538 849 3593 faciat
877 3537 974 3593 ille
1022 3536 1222 3606 iniquo
1266 3534 1638 3605 maligneque
1667 3532 1929 3587 consilio.
1966 3533 2027 3594 Ut

372 3622 705 3687 iudicentur,
742 3617 952 3689 inquit,
985 3633 1168 3672 omnes
1199 3618 1295 3686 qui
1324 3631 1429 3670 non
1452 3613 1802 3668 crediderunt
1831 3613 2029 3667 verita-

373 3701 432 3766 ti,
467 3697 558 3753 sed
586 3704 976 3753 consenserunt
1019 3695 1325 3766 iniquitati.
1375 3691 1621 3748 Proinde
1655 3691 1906 3759 judicati
1935 3707 2030 3745 se-

373 3779 684 3848 ducentur,
715 3782 772 3832 et
801 3775 1027 3832 seducti
1051 3775 1497 3846 judicabunturr
1530 3770 1641 3825 Sed
1663 3769 1910 3840 judicati
1944 3786 2028 3825 se-

373 3859 662 3914 ducentur
692 3859 808 3913 illis
834 3858 1076 3928 judiciis
1107 3855 1206 3910 Dei
1238 3852 1464 3910 occulte
1507 3851 1710 3923 justis,
1736 3855 1897 3920 juste
1927 3865 2023 3904 oc-

369 3941 561 4005 cultis,
595 3940 813 4011 quibus
844 3938 915 3992 ab
972 3935 1140 3991 initio
1192 3932 1411 4004 peccati
1445 3930 1748 3986 rationalis
1787 3937 2025 4011 craturte

371 4009 674 4092 nunquam
701 4019 972 4090 judicare
1003 4015 1290 4072 cessavit:
1325 4013 1544 4069 seducti
1578 4019 1769 4067 autem
1797 4009 2024 4092 judica-

369 4089 587 4156 buntur
617 4089 934 4155 novissimo
968 4094 1396 4164 manifestoque
1441 4092 1664 4161 judicio
1696 4106 1797 4160 per
1824 4089 2026 4144 Jesum

369 4181 677 4250 Christum,
703 4177 1037 4251 justissime
1062 4175 1492 4246 judicaturum.
1525 4168 1913 4242 injustissime
1935 4168 2028 4238 ju-

369 4261 651 4316 dicatum.

369 4416 594 4471 CAPUT
643 4413 774 4470 XX.
820 4441 886 4453 —
939 4411 1079 4481 Quid
1128 4408 1273 4464 idem
1321 4407 1590 4481 apostolus
1632 4409 1691 4463 in
1730 4409 1918 4478 prima
1947 4408 2025 4464 ad

441 4495 652 4551 eosdem
697 4491 945 4564 Epistola
988 4492 1054 4548 de
1103 4491 1508 4548 resurrectione
1552 4498 1889 4546 mortuorum
1935 4489 2020 4545 do-

439 4574 632 4632 cuerit.

436 4715 489 4773 l.
516 4714 625 4772 Sed
659 4713 754 4768 hic
776 4711 1088 4782 Apostolus
1117 4709 1296 4764 tacuit
1327 4708 1396 4765 de
1429 4706 1849 4764 resurrectione
1880 4722 2025 4762 mor-

364 4803 592 4853 tuorum
633 4809 647 4849 :
695 4794 762 4849 ad
814 4793 1048 4847 eosdem
1103 4793 1295 4845 autem
1346 4789 1610 4846 scribens
1659 4788 1717 4842 in
1768 4786 2024 4858 Epistola

365 4879 573 4952 prima,
623 4876 907 4943 Nolumus,
959 4873 1171 4945 inquit,
1217 4875 1479 4942 ignorare
1521 4886 1633 4938 vos,
1685 4873 1911 4942 fratres,
1957 4869 2023 4926 de

366 4956 790 5024 dormientibus,
822 4959 880 5009 ut
928 4971 1039 5010 non
1086 4953 1502 5020 contristemini,
1550 4952 1686 5007 sicut
1716 4953 1769 5006 et
1814 4952 2021 5018 caeteri,

366 5042 462 5114 qui
488 5054 636 5112 spem
666 5053 779 5091 non
827 5034 1057 5091 habent.
1105 5033 1244 5089 Nam
1288 5035 1335 5087 si
1362 5032 1654 5100 credimus,
1691 5031 1833 5106 quod
1873 5032 2021 5088 Iesus

430 5206 447 5241 ί
479 5203 561 5253 Ita
585 5201 712 5251 Mss.
741 5198 810 5248 At
841 5199 986 5259 editi,
1025 5197 1194 5252 Quod.

432 5265 453 5300 ³
483 5265 570 5316 Sic
595 5263 754 5312 Vind.
785 5263 901 5312 Am.
932 5257 985 5311 et
1008 5261 1132 5310 Mss.
1165 5261 1231 5309 At
1260 5257 1344 5308 Er.
1369 5259 1424 5309 et
1449 5258 1598 5315 Lov.,
1626 5257 1855 5322 accipiet
1875 5267 2022 5321 pote-

367 5337 625 5441 διῗωὲἓία
677 5386 838 5439 editio
893 5385 1322 5441 Lovaniensium,
1378 5384 1713 5434 seducentur
1762 5383 1886 5443 ejus
1940 5383 2021 5432 si-

367 5469 516 5576 gna).
561 5515 634 5562 De
685 5513 901 5562 Judaeis
972 5513 1074 5561 hoc
1140 5511 1415 5576 exponunt
1484 5509 1813 5576 Ambrosius,
1867 5508 2022 5576 Joan-

368 5571 464 5624 nes
492 5571 942 5646 'Chrysostomus,
1001 5571 1405 5646 Theodoretus,‘
1453 5573 1567 5646 alii,
1620 5573 1697 5646 et.
1740 5572 1852 5646 ipse
1892 5571 2020 5646 ,Ηίθ-

368 5633 644 5746 ἒοῐιὲιῖἰιὲζ
683 5638 993 5698 quaestione
1036 5637 1090 5687 11
1122 5638 1178 5686 in
1210 5634 1444 5698 Epistola
1486 5633 1594 5687 151.
1634 5633 1702 5682 ad
1731 5633 2015 5695 Algasiam.

412 5713 468 5750 oo
502 5712 528 5743 Α
575 5710 585 5724 ν
621 5731 633 5745 .

1462 345 1561 404 DE
1605 345 1977 407 CIVITATE
2021 345 2174 419 DEI,
2219 347 2283 408 S.
2329 349 2761 412 AUGUSTINI

3692 359 3808 419 688

2155 488 2402 537 mortuus
2433 490 2534 549 est,
2561 490 2614 540 et
2649 487 3000 543 resurrexit:
3049 487 3128 542 ita
3172 493 3226 542 et
3277 490 3415 544 Deus
3443 505 3532 546 eos
3561 494 3654 562 qui
3680 491 3808 547 dor-

2157 565 2396 617 mierunt
2424 579 2521 627 per
2542 565 2747 630 Iesum,
2779 565 3006 622 adducet
3053 583 3182 622 cum
3228 583 3312 624 eo.
3344 570 3453 626 Hoc
3489 573 3637 626 enim
3665 572 3811 628 vobis

2155 641 2389 697 dicimus
2419 645 2474 696 in
2516 644 2675 699 verbo
2705 646 2945 712 Domini,
2977 647 3108 716 quia
3133 663 3230 702 nos
3259 651 3515 716 viventes,
3548 653 3646 722 qui
3668 652 3808 706 reli-

2154 723 2251 793 qui
2286 739 2476 777 sumus
2525 725 2584 778 in
2624 723 2914 778 adventum
2963 727 3207 795 Domini,
3249 743 3361 782 non
3405 732 3808 798 przveniemus

2153 817 2239 857 eos
2269 805 2363 873 qui
2411 809 2540 858 ante
2577 803 2964 861 dormierunt:
2993 809 3250 877 quoniam
3297 810 3411 877 ipse
3456 809 3722 866 Dominus
3750 814 3809 866 in

2143 882 2327 952 jussu,
2360 888 2412 937 et
2445 886 2502 936 in
2531 898 2654 939 voce
2682 884 3027 955 Archangeli.
3054 890 3107 940 et
3139 888 3198 942 in
3229 887 3361 943 tuba
3391 888 3488 944 Dei
3525 889 3813 946 descendet

2151 962 2216 1016 de
2264 962 2435 1026 aeto;
2481 969 2537 1018 et
2591 963 2801 1019 mortui
2856 967 2913 1018 in
2965 965 3175 1021 Christo
3223 971 3518 1040 resurgent
3559 972 3811 1040 primo';

2149 1041 2346 1098 deinde
2388 1058 2485 1098 nos
2533 1046 2791 1110 viventes,
2836 1048 2930 1116 qui
2976 1047 3180 1117 reliqui
3225 1064 3436 1115 sumus,
3484 1051 3652 1105 simul
3685 1067 3813 1106 cum

2151 1122 2272 1178 illis
2311 1123 2600 1189 rapiemur
2629 1123 2691 1178 in
2721 1125 2957 1180 nubibus
2977 1125 3039 1181 in
3068 1126 3286 1182 obviam
3315 1127 3530 1184 Christo
3560 1133 3616 1185 in
3649 1146 3812 1195 aera,-

2146 1209 2200 1257 et
2230 1203 2313 1258 ita
2341 1219 2558 1273 semper
2585 1220 2710 1259 cum
2757 1208 2988 1260 Domino
3035 1207 3248 1262 erimus
3291 1208 3335 1279 (Ι
3371 1208 3559 1267 Thess.
3593 1226 3671 1277 ιν,
3706 1211 3805 1266 12-

2149 1283 2259 1353 16).
2298 1285 2423 1339 llaec
2455 1283 2628 1338 verba
2658 1284 2976 1357 apostolica
3020 1288 3507 1344 resurrectionem
3543 1295 3804 1346 mortuo-

2147 1380 2279 1419 rum
2330 1366 2606 1432 futuram,
2655 1367 2888 1438 quando
2934 1367 3126 1424 veniet
3176 1369 3458 1425 Dominus
3506 1371 3799 1441 Christus,

2146 1443 2350 1516 utique
2379 1446 2445 1500 ad
2478 1446 2636 1501 vivos
2667 1451 2725 1502 et
2755 1455 3014 1503 mortuos
3051 1447 3425 1518 judicaudos,
3469 1450 3802 1522 praeclaris-

2144 1523 2292 1581 sime
2321 1529 2657 1582 ostendunt.

2213 1607 2267 1660 2.
2298 1608 2406 1661 Sed
2441 1607 2616 1676 quaeri
2667 1607 2835 1676 solet,
2882 1614 3077 1664 utrum
3121 1609 3203 1665 illi
3228 1626 3376 1680 quos
3403 1611 3500 1668 hic
3539 1611 3801 1669 viventes

2143 1684 2477 1741 inventurus
2524 1690 2614 1742 est
2649 1687 2939 1755 Christus,
2988 1704 3240 1760 quorum
3293 1705 3604 1762 personam
3641 1691 3703 1747 in
3735 1707 3801 1747 se

2141 1771 2311 1837 atque
2341 1767 2472 1822 illos
2504 1768 2598 1838 qui
2633 1772 2774 1824 tunc
2793 1785 2991 1824 secum
3021 1770 3314 1837 vivebant,
3339 1771 3804 1843 traustigurabat

2139 1847 2471 1918 Apostolus,
2522 1864 2825 1919 nunquam
2875 1847 3114 1905 omnino
3167 1851 3432 1907 morituri
3475 1856 3671 1920 sunt;
3725 1869 3801 1908 an

2141 1925 2269 1996 ipso
2302 1928 2582 1998 temporis
2614 1933 2848 1997 puncto,
2881 1945 2993 1999 quo
3031 1945 3167 1986 cum
3209 1932 3653 2003 resurgentibus
3703 1948 3797 1987 ra-

2141 2009 2378 2078 pientur
2406 2009 2466 2062 in
2499 2007 2754 2064 nubibus
2785 2008 2843 2063 in
2893 2009 3122 2066 obviam
3163 2011 3391 2067 Christo
3438 2013 3496 2068 in
3529 2028 3685 2078 aera,
3719 2012 3792 2068 ad

2141 2088 2639 2144 immortalitatem
2673 2104 2776 2160 per
2807 2095 3050 2146 mortem
3082 2091 3232 2148 mira
3261 2091 3554 2148 celeritate
3582 2094 3805 2150 transi-

2141 2168 2286 2222 bunt
2305 2168 2407 2239 (a).
2437 2169 2628 2240 Neque
2649 2169 2806 2224 enim
2829 2169 3140 2227 dicendum
3165 2176 3274 2239 est,
3304 2172 3426 2227 fieri
3450 2189 3563 2228 non
3599 2189 3794 2244 posse,

2141 2253 2205 2303 ut
2234 2250 2373 2303 dum
2403 2266 2505 2320 per
2534 2265 2666 2304 aera
2697 2250 2751 2304 in
2786 2251 3036 2307 sublime
3083 2259 3406 2324 portantur,
3437 2255 3497 2310 in
3528 2253 3628 2310 illo
3662 2271 3799 2326 spa-

2139 2328 2215 2383 tio
2244 2336 2300 2383 et
2332 2330 2670 2395 moriantur,
2703 2338 2757 2386 et
2804 2333 3165 2388 reviviscunt.
3210 2335 3373 2401 Quod
3405 2334 3562 2390 enim
3592 2335 3698 2402 ait,
3730 2336 3799 2390 Et

2137 2408 2222 2464 ita
2250 2425 2464 2480 semper
2501 2425 2626 2465 cum
2671 2411 2902 2468 Domino
2931 2415 3139 2468 erimus
3160 2431 3180 2469 :
3233 2431 3348 2470 non
3379 2414 3464 2470 sic
3501 2414 3799 2485 accipien-

2138 2491 2278 2543 dum
2312 2493 2419 2558 est,
2453 2495 2732 2561 tanquam
2766 2492 2822 2546 in
2849 2508 2976 2548 aere
3009 2509 3116 2548 nos
3163 2493 3372 2550 dixerit
3406 2511 3636 2566 semper
3655 2511 3792 2551 cum

2139 2571 2381 2648 Domino
2414 2587 2542 2626 esse
2593 2589 2940 2640 mansuros;
2975 2575 3112 2644 quia
3161 2591 3266 2631 nec
3311 2575 3436 2647 ipse
3476 2577 3680 2648 utique
3710 2579 3794 2634 ibi

2139 2642 2416 2721 manebit,
2469 2653 2608 2722 quia
2655 2655 2893 2710 veniens
2944 2642 3299 2712 transiturus
3335 2642 3466 2713 'est.
3521 2642 3794 2716 venienti

2135 2734 2350 2802 quippe
2379 2733 2558 2787 ibitur
2587 2734 2835 2801 obviam,
2885 2751 2998 2789 non
3050 2737 3348 2792 manenti:
3393 2739 3492 2794 sed
3545 2741 3625 2794 ita
3664 2755 3792 2796 cum

2136 2814 2362 2867 Domino
2391 2815 2620 2881 erimus,
2653 2815 2705 2869 id
2738 2820 2846 2886 est,
2873 2816 2958 2871 sic
2987 2817 3206 2874 erimus
3238 2817 3552 2875 habentes'
3582 2837 3791 2892 corpo-

2136 2910 2196 2947 ra
2227 2894 2601 2964 sempiterna,
2636 2895 2988 2968 ubicumque
3036 2913 3167 2953 cuin
3213 2897 3314 2954 illo
3363 2899 3671 2956 fuerimus.
3701 2903 3786 2958 Ad

2135 2974 2290 3028 hunc
2318 2981 2510 3029 autem
2541 2991 2801 3041 sensum,
2834 2992 2947 3048 quo
2993 2977 3396 3034 existimemus
3425 2979 3602 3035 etiam
3635 2980 3788 3051 illos,

2134 3069 2282 3124 quos
2341 3053 2433 3109 hic
2481 3055 2638 3109 vivos
2683 3057 3026 3112 inventurus
3072 3061 3157 3113 est
3202 3057 3510 3122 Dominus,
3554 3061 3614 3115 in
3663 3062 3791 3130 ipso

2136 3151 2309 3206 parvo
2341 3136 2530 3205 spatio
2561 3141 2617 3190 et
2642 3151 2920 3204 passuros
2953 3142 3196 3194 mortem
3228 3144 3284 3194 et
3309 3146 3654 3211 accepturos
3683 3143 3793 3197 imo

2136 3213 2568 3280 mortalitatem,
2619 3215 2743 3286 ipse
2791 3217 3105 3287 Apostolus
3153 3234 3258 3274 nos
3304 3219 3528 3276 videtur
3559 3237 3790 3294 urgere,

2135 3297 2234 3350 ubi
2275 3295 2434 3361 dicit,
2458 3297 2521 3350 In
2557 3295 2770 3352 Christo
2799 3314 2981 3354 omnes
3011 3299 3436 3368 viviﬁcabuntur
3463 3303 3504 3371 (ι
3539 3303 3662 3358 Cor.
3695 3321 3791 3372 xv,

2131 3375 2266 3448 22);
2300 3392 2432 3430 cum
2483 3376 2596 3432 alio
2645 3376 2770 3433 loco
2811 3379 2882 3433 de
2929 3378 3060 3449 ipsa
3089 3379 3332 3448 loquens
3365 3383 3794 3440 resurrectione

2134 3471 2442 3526 corporum
2491 3457 2668 3520 dicat,
2709 3458 2784 3511 Tu
2834 3458 2973 3529 quod
3018 3461 3282 3527 seminus,
3308 3477 3418 3517 non
3448 3463 3790 3532 viviﬁcutur,

2135 3534 2246 3590 nisi
2273 3536 2548 3592 moriatur
2575 3536 2753 3606 (lbid.,
2784 3537 2896 3608 36).
2948 3537 3245 3601 Quomodo
3278 3539 3477 3611 igitur,
3522 3557 3672 3612 quos
3701 3542 3794 3598 vi—

2132 3623 2328 3673 ventes
2359 3618 2453 3673 hic
2496 3617 2765 3674 Christus
2821 3619 3096 3688 inveniet,
3143 3637 3246 3693 per
3291 3621 3790 3679 immortalitatem

2134 3697 2194 3753 in
2226 3697 2324 3751 illo
2352 3697 2820 3768 vivificabuntur,
2850 3699 2956 3755 etsi
2991 3716 3106 3754 non
3139 3701 3497 3770 moriantur;
3532 3717 3665 3757 cum
3699 3704 3795 3759 vi-

2135 3779 2376 3834 deamus
2402 3785 2636 3849 propter
2669 3780 2773 3836 hoc
2817 3796 2946 3837 esse
2973 3781 3220 3848 dictum,
3254 3784 3326 3838 Tu
3356 3783 3496 3854 quod
3523 3783 3790 3853 seminus,

2133 3876 2244 3915 non
2267 3862 2597 3930 viviﬁcatur,
2628 3860 3096 3917 nisimoriatur?3
3129 3867 3245 3918 Aut
3273 3863 3325 3919 si
3353 3869 3509 3920 recte
3540 3880 3657 3920 non
3689 3865 3790 3919 di-

2134 3941 2327 3996 cimus
2373 3941 2668 4008 seminari,
2723 3942 2833 3996 nisi
2874 3958 2942 3996 ea
2987 3957 3230 4012 corpora
3279 3943 3611 4012 hominum,
3663 3961 3791 4014 quo

2137 4021 2439 4076 moriendo
2487 4037 2723 4092 quoquo
2775 4022 2944 4077 modo
3007 4027 3374 4078 revertuntur
3421 4023 3481 4079 in
3529 4029 3789 4099 terram;

2143 4101 2295 4156 sicut
2324 4118 2448 4156 sese
2495 4102 2674 4157 habet
2720 4101 2896 4158 etiam
2928 4101 3030 4157 illa
3061 4103 3116 4156 in
3160 4108 3651 4174 transgressorem
3683 4120 3792 4174 pa-

2140 4185 2287 4236 trem
2319 4182 2548 4254 generis
2599 4181 2842 4236 humani
2889 4181 3172 4237 divinitus
3201 4183 3424 4252 prolata
3473 4185 3790 4251 sententia,

2139 4263 2308 4318 Terra
2339 4277 2414 4328 es,
2446 4268 2499 4316 et
2531 4262 2587 4316 in
2627 4268 2835 4317 terram
2877 4261 2985 4316 ibis
3021 4261 3175 4333 (Cen.
3209 4279 3293 4332 in,
3340 4262 3452 4335 t9):
3487 4263 3792 4320 fatendum

2131 4351 2215 4397 est
2255 4343 2421 4410 istos,
2474 4357 2621 4412 quos
2670 4343 2934 4398 nondum
2983 4343 3052 4398 de
3098 4344 3446 4415 corporibus
3493 4359 3792 4416 egressos,

2131 4438 2266 4478 cum
2299 4421 2490 4477 veniet
2516 4421 2805 4490 Christus,
2836 4422 3110 4492 inveniet,
3141 4428 3197 4479 et
3229 4423 3360 4480 istis
3387 4423 3578 4480 verbis
3607 4426 3797 4495 Apos-

2134 4502 2258 4569 toli,
2291 4509 2347 4557 et
2378 4502 2494 4557 illis
2525 4504 2597 4557 de
2623 4502 2829 4558 Genesi
2857 4519 2972 4559 non
2997 4504 3177 4559 teneri
3203 4521 3216 4558 :
3250 4504 3526 4576 quoniam
3549 4521 3794 4562 sursum

2132 4584 2191 4639 in
2220 4582 2475 4639 nubibus
2507 4584 2678 4654 rapti,
2711 4600 2828 4638 non
2861 4584 3062 4656 utique
3085 4583 3479 4655 seminantur;
3513 4587 3651 4657 quia
3679 4602 3795 4651 nec

2131 4668 2274 4720 euut
2301 4664 2360 4719 in
2391 4667 2630 4729 terram,
2674 4680 2776 4720 nec
2809 4664 3090 4731 redeunt;
3124 4665 3246 4721 sive
3288 4665 3512 4721 nullam
3543 4683 3793 4737 prorsus

2135 4743 2508 4816 experiantur
2537 4752 2804 4810 mortem,
2832 4743 2949 4801 sive
2970 4743 3273 4816 paululum
3298 4746 3357 4802 in
3379 4762 3514 4803 aere
3535 4746 3796 4804 moriauo

2131 4829 2247 4881 tur.

2200 4907 2255 4962 3.
2311 4907 2418 4962 Sed
2468 4905 2625 4961 aliud
2665 4923 2868 4963 rursus
2917 4907 3185 4976 occurrit,
3237 4907 3392 4978 quod
3437 4907 3590 4963 idem
3640 4908 3795 4966 dixit

2127 4986 2446 5058 apostolus,
2480 5002 2611 5043 cum
2639 4987 2710 5043 de
2757 4987 3181 5046 resurrectione
3223 5003 3534 5060 corporum
3563 4989 3640 5046 ad
3677 4989 3793 5046 Co-

2192 5261 2208 5322 ξ
2246 5257 2419 5322 Nostri
2446 5258 2618 5322 codd,
2642 5256 2841 5322 primi.
2871 5258 2939 5306 M.

2190 5320 2213 5356 ³
2242 5322 2305 5396 In
2329 5321 2504 5396 editis,
2533 5320 2745 5382 semper
2793 5322 3068 5372 habentes.
3115 5322 3296 5379 Abest,
3339 5337 3572 5386 semper.
3615 5335 3652 5374 ι
3676 5337 3795 5374 ma-

2127 5387 2436 5498 ωἲδδϐἓὲξίἰῗ.
2480 5445 2596 5494 nisi
2647 5447 2811 5506 prius
2864 5446 3165 5496 moriatur.
3240 5447 3526 5500 Pulticula.
3595 5449 3790 5508 prius.

2126 5522 2233 5582 non
2270 5511 2369 5582 .est
2423 5509 2480 5556 in
2541 5509 2936 5573 manuscriptis,
3009 5523 3181 5572 neque
3248 5511 3305 5559 in
3389 5523 3574 5572 graeco
3629 5513 3790 5562 textu

2126 5571 2406 5700 522.7%.
2437 5632 2598 5700 Epist.
2617 5633 2740 5700 393,
2783 5635 3240 5700 generalitatem,
3281 5635 3378 5687 lib.
3419 5637 3484 5688 de
3512 5638 3633 5687 octo
3660 5635 3793 5686 oui-

2127 5693 2241 5745 citii
2267 5693 2498 5754 Quaest;
2529 5711 2581 5759 q.
2612 5695 2661 5754 3,
2691 5699 2744 5748 et
2771 5697 2918 5748 alibi.
