4110 6196
368 333 488 394 689

367 461 622 520 rinthios
652 465 1011 538 loqueretur:
1069 471 1261 526 Omnes
1309 489 1691 542 resurgemus;
1723 477 1832 546 vel,
1863 477 2018 534 sicut

365 542 465 598 alii
492 544 728 628 codices
775 547 1013 617 habent,
1051 549 1248 608 Omnes
1296 552 1642 610 dormiemus
1673 560 1751 627 (ιι)
1800 542 1845 628 (Ἰ
1898 558 2019 616 Cor.

364 639 460 692 xv,
487 625 602 697 51).
637 628 780 686 Cum
811 647 948 701 ergo
981 647 1086 689 nec
1115 636 1467 692 resurrectio
1514 637 1633 695 fieri
1670 625 1874 710 possit,
1908 631 2020 696 nisi

368 711 948 790 morsAprzscesserit;
982 728 1089 769 nec
1137 714 1546 773 dormitionem
1593 720 1890 790 possimus
1924 720 2022 777 illo

367 781 492 868 loco
522 784 864 868 intelligere,
905 790 1020 847 nisi
1055 803 1296 852 mortem
1325 813 1339 863 ;
1375 781 1668 868 quomodo
1697 815 1902 856 omnes
1933 801 2020 857 vel

365 863 675 950 dormiant,
707 866 796 923 vel
832 879 1158 944 resurgant,
1189 876 1238 930 si
1271 863 1614 944 tam-multi,
1635 896 1783 950 quos
1813 880 1870 936 in
1900 897 2019 938 cor-

365 958 503 1015 pora
535 944 880 1006 inventurus
924 957 1016 1008 est
1066 954 1354 1024 Christus,
1409 974 1514 1014 nec
1560 944 1872 1027 dormiant,
1915 976 2022 1018 nec

364 1031 670 1109 resurgant
691 1028 720 1082 ?
749 1027 809 1084 Si
839 1045 978 1103 ergo
1004 1041 1257 1106 sanctos,
1301 1036 1400 1108 qui
1432 1039 1795 1109 reperientur
1823 1040 2018 1098 Chris-

364 1110 420 1159 to
466 1107 729 1192 veniente
778 1109 1057 1182 viventes,
1100 1114 1270 1188 eique
1315 1107 1372 1172 in
1419 1107 1649 1175 obviam
1699 1120 2018 1192 rapientur,

363 1185 786 1273 crediderimus
819 1190 875 1246 in
909 1193 1111 1249 eodem
1146 1185 1313 1266 raptu
1345 1199 1416 1254 de
1447 1185 1789 1256 mortalibus
1823 1185 2020 1273 corpoQ

363 1264 528 1322 ribus
555 1267 834 1338 exituros,
867 1277 925 1326 et
953 1273 1022 1328 ad
1056 1264 1257 1331 eadem
1306 1293 1438 1333 mox
1481 1279 1837 1338 immortalia
1866 1264 2019 1338 redi-

361 1347 770 1434 turos,_nu_l_las
794 1349 1068 1434 in_vcrbis
1098 1357 1354 1424 Apostoli
1381 1360 1670 1429 patiemur
1690 1364 2015 1434 angustias,

362 1427 482 1483 sive
511 1427 610 1483 ubi
641 1429 803 1497 dicit,
836 1432 909 1487 Tu
939 1434 1079 1504 quod
1107 1427 1509 1504 seminam—non
1544 1427 1874 1513 viviﬁcalur,
1905 1427 2019 1500 nisi

362 1509 676 1573 moriatur;
708 1511 833 1566 sive
881 1513 979 1569 ubi
1028 1515 1188 1587 dicit,
1238 1518 1436 1576 Omnes
1473 1509 2014 1596 resurqemus,"aut,

362 1587 559 1644 Omnes
605 1591 972 1674 dormiamus:
1006 1595 1142 1667 quia
1190 1614 1296 1654 nec
1339 1600 1422 1656 illi
1475 1618 1572 1674 per
1603 1587 2013 1662 immortalita;

360 1672 477 1726 tem
506 1669 975 1756 viviﬁcabuntur,
1026 1677 1162 1747 nisi,
1211 1669 1530 1751 quamlibet
1567 1685 1888 1756 paululum,
1921 1691 2016 1743 ta-

361 1764 493 1805 men
515 1754 653 1806 ante
684 1754 1047 1824 moriantur;
1081 1775 1148 1814 ac
1179 1776 1281 1830 per
1302 1760 1409 1818 hoc
1440 1769 1497 1818 et
1527 1754 2012 1824 afresurrectione

361 1841 675 1921 nouerunt
703 1833 901 1921 alieni,
934 1853 1111 1910 quam
1139 1841 1412 1901 dormitio
1443 1847 1717 1918 praecedit
1738 1850 1778 1916 ί,
1811 1866 2015 1921 quam-

358 1910 445 1966 vis
475 1911 835 1982 brevissima,
869 1933 982 1972 non
1017 1926 1208 1976 tamen
1253 1910 1577 1980 nullm-Cur
1617 1910 1811 1983 autem
1829 1910 2012 1983 ‘nobis

358 1989 700 2078 incredibile
726 1993 1008 2078 videnlur,
1040 1998 1200 2056 illam
1234 2003 1674 2060 multitudinem
1699 2023 2010 2078 corporum

358 2070 420 2126 in
449 2087 580 2127 aere
610 2075 1047 2144 quodammodo
1079 2081 1378 2150 seminari,
1429 2089 1601 2156 atque
1631 2084 1711 2140 ibi
1745 2070 2012 2154 protinus

359 2151 760 2208 immortaliter
833 2164 1010 2228 atque
1057 2151 1582 2232 incorruptibilitcr
1647 2151 2010 2235 reviviscere,

360 2246 493 2316 cum
528 2234 852 2316 credamus,
886 2237 1037 2316 quod
1069 2237 1224 2294 idem
1256 2242 1377 2310 ipse
1425 2244 1736 2314 Apostolus
1766 2234 2014 2316 apertis?

361 2309 509 2366 sime
531 2311 727 2379 dicit’,
784 2314 843 2369 in
891 2315 1012 2372 ictu
1044 2318 1195 2374 oculi
1230 2309 1487 2378 futuram
1531 2309 2010 2382 resurrectionem

362 2389 407 2460 (Ι
441 2389 562 2446 Cor.
591 2407 684 2454 xv,
714 2393 830 2464 52),
863 2401 919 2450 et
949 2396 1006 2451 in
1039 2399 1302 2456 membra
1333 2401 1459 2456 sine
1491 2403 1606 2458 ﬁne
1633 2404 1856 2460 victura
1885 2410 2012 2461 tan-

359 2475 418 2525 ta
443 2470 721 2528 facilitate
751 2480 984 2546 tamque
1042 2477 1434 2538 inaestimabili
1471 2483 1770 2539 velocitate
1801 2485 2013 2541 reditu-

359 2551 1085 2633 rumnantiquissimorum
1131 2558 1472 2617 cadaverum
1533 2563 1823 2633 pulverem
1845 2566 1873 2620 ?
1899 2571 2011 2622 Nec

360 2628 433 2715 ab
455 2628 564 2715 illa
616 2635 934 2701 sententia,
965 2653 1080 2706 qua
1110 2639 1334 2696 homini
1360 2628 1580 2698 dictum
1603 2649 1706 2715 est,
1743 2647 1901 2702 Terra
1931 2663 2006 2714 es,

357 2713 409 2766 et
443 2709 504 2766 in
535 2718 744 2768 terram
772 2715 897 2780 ibis,
947 2717 1172 2776 futuros
1222 2722 1350 2778 illos
1381 2731 1610 2781 sanctos
1656 2709 2012 2784 arbitramur

359 2791 674 2863 immunes,
699 2796 747 2850 si
779 2813 980 2853 eorum
1013 2801 1387 2859 morientium
1432 2805 1486 2859 in
1529 2811 1743 2863 terram
1778 2826 1890 2864 non
1925 2825 2009 2864 re-

357 2871 554 2957 cident
584 2889 846 2945 corpora,
874 2879 977 2934 sed
1009 2880 1159 2936 sicut
1190 2883 1246 2936 in
1303 2884 1430 2954 ipso
1462 2896 1624 2957 raptu
1661 2890 2006 2957 morientur,

360 2950 441 3006 ita
485 2961 540 3007 et
587 2962 911 3027 resurgant,
947 2960 1086 3014 dum
1133 2950 1392 3018 ferentur
1421 2967 1478 3020 in
1511 2950 1658 3022 aera.
1693 2969 1755 3023 In
1801 2950 2006 3024 terram

359 3030 576 3118 quippe
606 3033 730 3102 ibis,
763 3041 869 3101 est,
902 3036 961 3091 in
992 3037 1096 3094 hoc
1127 3040 1238 3096 ibis
1269 3043 1486 3100 amissa
1525 3046 1660 3114 vita,
1694 3050 1846 3118 quod
1879 3065 2008 3106 eras

357 3115 672 3184 antequam
704 3131 963 3172 sumeres
994 3118 1209 3174 vitam:
1243 3121 1302 3177 id
1342 3129 1450 3186 est.
1488 3130 1607 3182 Hoc
1655 3115 1772 3183 eris
1815 3131 2006 3185 exani-

357 3191 605 3262 matus",
638 3197 792 3265 quod
825 3212 951 3253 aras
981 3204 1292 3272 antequam
1325 3220 1486 3262 esses
1517 3206 1829 3264 animatus.
1872 3210 2007 3266 Ter-

351 3288 424 3328 ris
493 3273 706 3346 quippe
787 3277 1108 3336 insutﬂavit
1185 3283 1339 3340 Deus
1411 3285 1471 3341 in
1531 3287 1736 3344 faciem
1800 3289 2001 3346 ﬂatum

349 3353 500 3421 vita,
560 3371 695 3410 cum
749 3356 937 3414 factus
976 3359 1098 3414 ast‘
1153 3360 1326 3418 homo
1376 3366 1431 3419 in
1477 3366 1724 3422 animam
1775 3370 2001 3425 vivam:

347 3435 630 3505 tanquam
685 3435 994 3507 diceretur,
1046 3439 1223 3496 Terra
1269 3458 1330 3497 es
1378 3444 1658 3511 animata,
1703 3449 1852 3516 quod
1889 3465 2001 3504 non

346 3529 474 3570 aras
500 3534 514 3582 ;
551 3521 707 3572 terra
737 3518 851 3574 eris
881 3520 1191 3591 exanimis,
1219 3523 1375 3580 sicut
1403 3541 1554 3581 eras.
1587 3529 1745 3591 Quod
1780 3535 1920 3584 sunt
1951 3537 2005 3585 et

347 3603 656 3668 antequam
701 3604 1037 3669 putrescant
1083 3603 1282 3659 omnia
1326 3621 1570 3676 corpora
1602 3614 1998 3666 mortuorum:

345 3677 499 3746 quod
531 3685 704 3734 erunt
749 3688 804 3736 et
845 3679 965 3750 illa,
999 3682 1046 3737 si
1098 3685 1444 3755 morientur,
1481 3687 1834 3762 ubicumque
1883 3707 2004 3746 mo-

345 3755 592 3823 riantur,
623 3775 754 3815 cum
783 3761 902 3817 vita
923 3763 1222 3833 carebunt,
1255 3782 1428 3836 quam
1478 3755 1757 3826 continuo
1804 3787 2002 3843 recep-

347 3840 668 3921 turagsunt.
697 3842 790 3896 Sic
837 3858 974 3914 ergo
1024 3844 1197 3901 ibunt
1235 3846 1292 3900 in
1325 3852 1560 3917 terram,
1595 3851 1732 3921 quia
1762 3868 1827 3908 ex
1857 3840 2000 3908 vivis

349 3917 686 3977 hominibus
705 3927 860 3978 terra
902 3931 1109 3979 erunt:
1151 3917 1647 3998 quemadmodum
1693 3932 1736 3986 it
1767 3933 1824 3988 in
1848 3934 2001 3990 cine-

348 4013 496 4083 rem,
531 4003 685 4083 quod
721 4002 783 4057 lit
813 4003 1001 4071 cinis;
1037 4003 1076 4060 it
1108 4005 1167 4061 in
1218 4012 1591 4077 vetustatem,
1624 4013 1775 4083 quod
1819 4013 1883 4068 fit
1911 4031 2002 4070 ve-

348 4081 445 4134 tus
477 4095 495 4148 ;
545 4079 587 4136 it
630 4081 691 4135 in
740 4087 971 4150 testam,
1003 4085 1154 4154 quod
1206 4102 1273 4141 ex
1320 4085 1442 4144 luto
1475 4089 1540 4144 ﬁt
1575 4079 1763 4146 testa:
1800 4098 1858 4147 et
1886 4093 2000 4150 alia

347 4166 623 4216 sexcenta
651 4163 735 4218 sic
767 4163 1081 4237 loquimur.
1134 4170 1434 4234 Quomodo
1493 4176 1689 4228 autem
1738 4173 1813 4228 sit
1844 4175 1998 4230 futu-

347 4256 479 4298 rum
510 4244 664 4314 quod
699 4261 855 4301 nunc
899 4263 1001 4316 pro
1045 4253 1254 4305 nostrae
1282 4251 1620 4310 ratiunculas
1646 4253 1866 4311 viribus
1903 4262 1996 4312 ut-

346 4334 614 4406 cumque
631 4323 999 4395 conjicimus,
1031 4331 1172 4384 tunc
1201 4331 1312 4385 erit
1333 4333 1548 4402 potius,
1579 4343 1641 4389 ut
1673 4350 1842 4391 nosse
1871 4351 1998 4406 pos-

340 4401 554 4458 simus.
581 4402 1084 4464 Resurrectionem
1107 4401 1703 4482 quippe’mortuornm
1738 4401 1993 4472 futuram

338 4497 472 4538 esse
498 4483 557 4538 in
590 4485 816 4551 carne5.
848 4487 1082 4558 quando
1112 4490 1374 4548 Christus
1407 4498 1685 4552 venturus
1715 4501 1804 4553 est
1833 4497 1994 4553 vivos

333 4562 712 4643 judicaturus
742 4569 800 4622 et
829 4572 1108 4635 mortuos,
1158 4577 1401 4643 oportet,
1434 4573 1484 4629 si
1530 4575 1832 4633 christiani
1864 4593 1994 4634 esse

339 4642 635 4714 volumus,
685 4654 751 4703 nt
797 4649 1129 4706 credamus.
1177 4651 1288 4708 Sed
1335 4642 1449 4709 nOn
1499 4655 1628 4712 ideo
1675 4658 1747 4714 de
1796 4659 1901 4715 hac
1931 4676 1991 4716 re

340 4724 536 4782 inanis
581 4731 672 4783 est
721 4727 862 4785 fides
911 4735 1129 4798 nostra,
1179 4732 1229 4786 si
1275 4736 1766 4804 quemadmodum
1797 4739 1994 4796 futura

341 4805 441 4876 sit,
473 4807 720 4877 perfecte
767 4809 1262 4882 comprehendere
1308 4829 1423 4870 non
1460 4813 1743 4874 valemus.
1777 4817 1989 4876 Verum

407 5041 427 5108 ξ
457 5041 568 5108 λέδὲ
582 5078 613 5108 7,_
631 5056 802 5108 quam
832 5043 1163 5108 dormitione
1190 5047 1543 5108 praecedunt.

407 5103 657 5184 qudit‘l;
694 5105 989 5166 Apostolus
1032 5103 1560 5173 alibi-apertissime
1611 5114 1761 5168 dicit.
1807 5117 1988 5184 Abest,

342 5163 499 5222 alibi,
531 5179 564 5215 a
590 5163 711 5218 Mss.
741 5163 758 5166 “

405 5229 426 5264 ³
458 5227 544 5278 Slc
571 5229 694 5280 Mss.
724 5230 881 5289 Editi,
912 5232 1208 5284 exanimis.

401 5289 424 5366 ξ
457 5289 518 5340 In
555 5293 731 5357 editis,
760 5309 888 5344 cum
915 5301 1100 5357 factus
1127 5309 1278 5349 esset.
1326 5302 1394 5350 At
1439 5303 1544 5353 Mss
1569 5340 1581 5360 ,
1633 5319 1760 5354 cum
1807 5309 1988 5366 factus

338 5360 434 5452 “fi.
452 5417 558 5481 Mss
583 5457 596 5475 ,
626 5421 890 5481 futuram
925 5431 975 5470 et
1006 5423 1065 5471 in
1095 5440 1280 5474 carne.
1311 5453 1372 5463 —
1401 5427 1574 5478 Recta.
1605 5430 1673 5478 M.

399 5480 820 5548 (aLVidhlilpist.
856 5484 967 5539 205.
999 5487 1066 5535 ad
1094 5487 1452 5548 Consentium,
1502 5506 1557 5544 n.
1611 5492 1686 5548 14.
1719 5495 1771 5542 et
1798 5493 1889 5543 lib.
1922 5497 1986 5546 de

335 5545 452 5593 octo
480 5543 953 5606 Dnlcitii’Quasstq
983 5563 1034 5610 q.
1065 5548 1112 5611 3,
1150 5564 1202 5599 n.
1235 5554 1282 5602 4.

1717 345 1952 407 LIBER
1993 347 2436 414 VlGESlMUS.

3650 378 3773 441 690

2120 481 2265 573 jam,
2298 484 2451 573 sicut
2479 503 2660 573 supra
2702 492 3102 573 promisimus,
3152 500 3220 553 do
3269 501 3377 558 hoc
3417 504 3640 573 judicio
3671 509 3773 566 Dei

2127 564 2451 660 novissimo.
2473 567 2641 624 etiam
2675 572 3011 660 prophetici
3039 564 3258 636 veteres
3297 564 3438 640 libri
3457 587 3594 656 quid
3628 564 3774 660 pro;

2125 643 2540 737 nuntiaverint,
2573 660 2849 721 quantum
2907 657 3048 712 satis
3104 675 3229 716 esse
3259 643 3776 737 videbiti1r,drebe-

2127 738 2254 778 mus
2309 728 2614 785 ostendere
2645 746 2675 813 :_
2710 749 2856 804 quae,
2913 735 3066 792 sicut
3125 741 3394 813 arbitror,
3444 728 3567 801 non
3613 751 3776 806 tanta

2125 818 2289 858 mora
2311 821 2551 896 necesse
2597 811 2708 866 erit
2751 818 2986 872 tractari
3035 823 3092 873 et
3121 822 3352 892 exponi,
3383 811 3437 880 si
3467 824 3622 896 istis,
3651 844 3777 900 quae

2127 884 2530 955 praemisimus,
2564 889 2741 946 lector
2773 898 3056 952 curaverit
3087 901 3154 954 ad
3155 884 3368 971 juVari.

2123 1041 2353 1100 CAPUT
2380 1043 2518 1100 XXI.
2551 1077 2620 1087 —-
2651 1048 2788 1116 Quid
2809 1051 2979 1106 Isaias
2995 1053 3322 1124 prophetam
3342 1056 3410 1112 de
3430 1066 3778 1116 mortuorum

2177 1135 2575 1191 resurrectione
2598 1143 2652 1191 et
2681 1137 2747 1194 de
2774 1142 3140 1198 retributione
3150 1143 3350 1215 judicii
3377 1149 3450 1202 sit
3488 1147 3723 1204 locutus.

2197 1269 2247 1324 1.
2285 1269 2567 1340 Propheta
2597 1271 2798 1340 Isaias,
2833 1276 3151 1346 Resurgent,
3186 1277 3398 1349 inquit,
3443 1285 3675 1349 mortui,
3722 1287 3778 1335 et

2123 1356 2412 1417 resurgant
2441 1353 2536 1422 qui
2567 1353 2623 1405 in
2644 1355 2908 1423 sepulcris
2930 1365 3093 1412 erant
3115 1376 3134 1413 :
3153 1364 3208 1412 et
3231 1359 3571 1416 lzctabuntur
3592 1378 3777 1418 omnes

2121 1430 2218 1499 qui
2234 1436 2360 1484 sunt
2388 1432 2445 1484 in
2469 1436 2656 1492 terra;
2687 1449 2775 1488 ros
2805 1439 2946 1490 enim
2977 1439 3073 1508 qui
3102 1438 3195 1492 abs
3229 1445 3280 1493 te
3299 1445 3402 1503 est,
3427 1444 3641 1516 sanitas
3665 1442 3778 1495 illis

2121 1515 2238 1564 est:
2287 1516 2436 1564 terra
2467 1527 2588 1568 vero
2635 1514 2932 1582 impiorum
2970 1517 3125 1572 cadet
3156 1518 3310 1587 (Isai.
3343 1514 3501 1588 xxvr,‘
3524 1522 3608 1588 19,
3669 1537 3774 1578 sec.

2122 1589 2311 1672 LXX).
2343 1591 2554 1646 Totum
2586 1591 2724 1647 illud
2754 1595 3023 1665 superius
3046 1599 3113 1650 ad
3139 1601 3623 1656 resurrectionem
3647 1618 3775 1672 per-

2120 1671 2268 1726 tinet
2301 1671 2621 1727 beatorum.
2650 1672 2815 1736 Quod
2855 1685 3048 1732 autem
3081 1679 3180 1745 ait,
3218 1680 3383 1734 Terra
3410 1695 3533 1735 vero
3564 1671 3774 1752 impio-

2119 1769 2245 1808 rum
2272 1755 2449 1823 cadet,
2484 1754 2629 1810 bene
2678 1756 3019 1829 intelligitur
3050 1759 3294 1828 dictum,
3347 1761 3600 1832 Corpora
3643 1780 3775 1819 vero

2120 1832 2434 1904 impiorum
2468 1834 2638 1890 ruina
2659 1835 3054 1894 damnationis
3077 1840 3342 1908 excipiat.
3361 1843 3495 1896 Jam
3522 1859 3690 1911 porro
3722 1843 3773 1898 si

2121 1913 2190 1968 de
2222 1914 2508 1969 bonorum
2559 1918 2973 1974 resurrectione
3024 1920 3176 1988 quod
3210 1920 3434 1976 dictum
3481 1929 3591 1990 est,
3641 1922 3777 1977 dili-

2120 1993 2353 2062 gentius
2383 2001 2435 2048 et
2478 1994 2807 2051 distinctius
2839 1997 3084 2052 velimus
3133 1999 3368 2061 intueri,
3413 1999 3486 2054 ad
3521 2002 3772 2072 primam

2121 2073 2489 2127 referendum
2520 2078 2610 2128 est
2641 2077 2791 2145 quod
2826 2076 3045 2131 dictum
3079 2083 3188 2143 est,
3213 2081 3516 2147 Resurgent
3536 2085 3772 2144 mortui,-

2119 2151 2190 2204 ad
2223 2152 2540 2207 secundam
2573 2169 2706 2208 vero
2744 2156 2894 2224 quod
2926 2156 3208 2226 sequitur,
3241 2163 3295 2211 et
3344 2163 3629 2227 resurgent
3678 2162 3774 2229 qui

2119 2228 2182 2285 in
2210 2230 2476 2301 sepulcris
2503 2240 2682 2288 erant.
2715 2233 2847 2290 Jam
2880 2235 2929 2289 si
2961 2244 3013 2290 et
3044 2236 3176 2291 illos
3207 2237 3573 2308 inquiramus
3604 2228 3772 2293 sanc-

2119 2314 2232 2378 tos,
2265 2328 2410 2381 quos
2452 2311 2546 2366 hic
2589 2314 2749 2369 vivos
2798 2314 3142 2370 inventurus
3194 2324 3284 2370 ast
3340 2316 3644 2385 Dominus,
3680 2318 3771 2374 eis

2119 2405 2371 2461 congrue
2402 2392 2773 2458 deputabitur
2803 2396 2952 2464 quod
3003 2395 3286 2464 adjunxit,
3323 2397 3387 2450 Et
3426 2397 3773 2452 laetabuntur
3817 2407 3824 2414 ‘

2119 2486 2302 2527 omnes
2330 2475 2426 2542 qui
2451 2480 2580 2527 sunt
2612 2476 2670 2528 in
2705 2481 2852 2530 terra
2875 2491 2896 2536 .·
2925 2491 3010 2530 ros
3041 2478 3187 2530 enim
3219 2478 3316 2548 qui
3343 2477 3440 2531 abs
3472 2484 3524 2531 te
3552 2484 3654 2542 est,
3683 2495 3772 2532 sa-

2118 2549 2268 2605 nitas
2298 2552 2412 2607 illis
2440 2559 2542 2607 est.
2576 2555 2893 2610 Sanitatem
2930 2555 3054 2610 loco
3093 2555 3227 2622 isto,
3275 2556 3766 2612 immortalitatem

2119 2631 2445 2688 rectissime
2486 2635 2828 2705 accipimus.
2877 2634 2949 2690 Ea
2998 2652 3253 2708 uanique
3303 2645 3383 2692 est
3432 2637 3770 2707 plenissima

2119 2711 2508 2784 sanitas,qua
2541 2731 2653 2770 non
2687 2715 2944 2770 reﬁcitur
2972 2715 3266 2771 alimentis
3305 2722 3584 2788 tanquam
3620 2733 3769 2787 quo-

2119 2794 2358 2849 tidianis
2402 2797 2860 2853 medicamentis.
2893 2799 3032 2853 Item
3067 2797 3138 2852 de
3177 2799 3388 2867 judicii
3450 2799 3543 2853 die
3600 2814 3763 2867 spem

2119 2875 2278 2945 prius
2311 2877 2458 2931 dans
2491 2877 2678 2946 bonis,
2710 2879 2916 2933 deinde
2947 2886 3168 2932 terrens
3202 2879 3407 2946 malos,
3442 2879 3594 2933 idem
3630 2896 3763 2946 pro-

2119 2954 2293 3024 pheta
2345 2955 2431 3012 sic
2478 2956 2776 3027 loquitur:
2828 2959 2956 3015 Ηιῑισ
2983 2957 3117 3011 dicit
3165 2959 3446 3022 Dominus,
3499 2958 3626 3012 Ecce
3669 2974 3762 3028 ego

2115 3032 2323 3088 declina
2351 3037 2409 3089 in
2439 3051 2528 3091 eos
2558 3047 2617 3090 ut
2643 3038 2848 3105 ﬂumen
2877 3038 3046 3104 pacis,
3078 3043 3132 3092 et
3159 3043 3217 3091 ut
3249 3045 3461 3093 torrens
3484 3037 3762 3092 inundans

2114 3112 2348 3180 gloriam
2375 3118 2646 3183 gentium.
2688 3116 2822 3171 Filii
2857 3133 3048 3173 eorum
3087 3133 3256 3186 super
3285 3117 3536 3172 humeros
3581 3123 3764 3187 porta-

2117 3193 2341 3262 buntur,
2364 3203 2420 3251 et
2439 3215 2611 3268 super
2629 3214 2804 3270 genua
2825 3199 3272 3256 consolabuntur.
3299 3199 3762 3268 Quemadmodum

2113 3276 2163 3327 si
2191 3291 2349 3343 quem
2369 3284 2547 3333 mater
2574 3280 2900 3345 consoletur,
2933 3282 3006 3334 ita
3037 3295 3161 3349 ergo
3191 3295 3280 3334 vos
3321 3279 3648 3335 consolabor
3668 3296 3688 3339 ,°
3709 3283 3762 3332 et

2114 3354 2170 3406 in
2201 3356 2502 3410 Jerusalem
2531 3357 2944 3412 consolabimini
2975 3375 2994 3412 :
3032 3369 3086 3412 et
3124 3359 3391 3422 videbitis,
3425 3364 3477 3412 et
3508 3358 3765 3424 gaudebit

2114 3448 2207 3488 car
2236 3439 2497 3499 vestrum,
2524 3441 2578 3489 et
2623 3450 2742 3490 ossa
2772 3444 2950 3491 vestra
2991 3444 3052 3489 ut
3087 3437 3292 3491 herba'
3323 3439 3664 3491 exorientur.
3698 3443 3764 3490 Et

2113 3520 2471 3582 cognoscetur
2497 3530 2695 3568 manus
2739 3515 2952 3570 Domini
2987 3517 3292 3571 colentibus
3339 3533 3459 3570 eum
3491 3532 3509 3568 :
3540 3522 3594 3568 et
3624 3531 3764 3568 com-

2111 3593 2422 3648 minabitur
2449 3597 2878 3650 contumacibus.
2911 3597 3042 3651 Ecce
3068 3598 3220 3651 enim
3253 3597 3514 3650 Dominus
3544 3601 3602 3649 ut
3626 3597 3764 3663 ignis

2115 3675 2312 3736 veniet,
2344 3682 2397 3728 et
2429 3681 2492 3728 ut
2537 3681 2822 3744 tempestas
2852 3692 3051 3731 currus
3079 3678 3216 3746 ejus,
3253 3675 3476 3729 reddere
3523 3678 3578 3728 in
3611 3675 3758 3728 indi-

2111 3757 2374 3824 gnatione
2403 3755 2718 3823 vindictam,
2749 3763 2803 3812 et
2843 3761 3202 3812 vestationem
3231 3760 3290 3811 in
3326 3758 3552 3826 ﬂamma
3593 3758 3759 3823 ignis.

2111 3837 2171 3892 In
2203 3839 2328 3903 igne
2368 3839 2516 3891 enim
2569 3837 2781 3891 Domini
2816 3838 3166 3908 judicabitur
3195 3839 3370 3892 omnis
3402 3843 3570 3896 terra.
3602 3843 3656 3891 et
3704 3839 3761 3891 in

2108 3915 2292 3988 gladio
2321 3916 2442 3983 ejus
2469 3919 2647 3972 omnis
2675 3934 2841 3974 caro:
2879 3921 3045 3972 multi
3075 3919 3352 3974 vulnerati
3378 3923 3542 3974 erunt
3574 3934 3606 3970 a
3656 3918 3755 3972 Do-

2109 3999 2259 4052 mino
2293 3997 2392 4069 (Id.
2426 4014 2569 4067 sxw,
2602 3999 2788 4064 12-16,
2832 4015 2939 4054 sec.
2973 3999 3158 4071 LXX).
3211 3999 3271 4054 ln
3307 3999 3587 4054 bonorum
3623 4013 3760 4067 pro-

2111 4078 2393 4133 missione
2424 4078 2640 4133 flumen
2675 4079 2834 4150 pacis
2869 4081 3120 4150 profecto
3151 4081 3171 4113 ²
3199 4079 3620 4134 abundantiam
3657 4094 3755 4147 pa-

2109 4159 2193 4214 cis
2222 4158 2383 4212 illius
2415 4158 2696 4214 debemus
2745 4159 3028 4230 accipere,
3079 4176 3195 4232 qua
3227 4160 3413 4228 major
3451 4173 3590 4250 ‘esse
3640 4174 3753 4250 nqn

2109 4239 2314 4310 possit.
2356 4239 2474 4294 Hac
2519 4240 2718 4310 utique
2756 4240 2813 4294 in
2857 4241 2971 4295 ﬁne
3033 4241 3398 4309 rigabimur:
3433 4238 3505 4294 de
3537 4254 3654 4310 qua
3695 4238 3755 4292 in

2108 4319 2454 4392 praecedenti
2484 4319 2632 4376 libro
2656 4321 3020 4378 abundanter
3043 4320 3220 4378 locuti
3250 4336 3478 4376 sumus.
3501 4318 3618 4374 Hoc
3654 4317 3759 4373 ﬂu-

2108 4416 2242 4456 men
2275 4417 2337 4456 se
2370 4400 2428 4456 in
2461 4415 2559 4456 eos
2599 4400 2886 4457 declinare
2925 4400 3084 4466 dicit,
3119 4400 3335 4472 quibus
3363 4403 3589 4454 tantam
3621 4398 3757 4453 hea-

2107 4479 2413 4536 titudinem
2449 4479 2776 4551 pollicetur,
2809 4487 2873 4535 ut
2919 4480 3319 4549 intelligamus
3348 4481 3408 4535 in
3441 4479 3600 4535 illius
3630 4477 3760 4534 feli-

2106 4561 2300 4617 citatis
2329 4561 2584 4632 regione,
2618 4578 2744 4633 quas
2775 4561 2836 4618 in
2871 4562 3032 4620 cmlis
3071 4571 3176 4630 ast,
3208 4563 3316 4620 hoc
3363 4562 3603 4618 ﬂumina
3631 4578 3759 4618 om-

2106 4642 2206 4698 nia
2234 4641 2454 4698 satiari.
2488 4643 2597 4699 Sed
2631 4643 2767 4716 quia
2797 4650 2851 4700 et
2880 4644 3126 4701 terrenis
3156 4645 3494 4714 corporibus
3526 4659 3636 4712 pax
3667 4642 3757 4696 in-

2104 4722 2494 4794 corruptionis
2515 4729 2692 4808 atque
2711 4724 3172 4808 immortalitatis
3193 4723 3328 4808 inde
3349 4721 3603 4808 inﬂuat”,
3628 4721 3756 4776 ideo

2104 4803 2394 4860 declinare
2420 4819 2483 4860 se
2511 4803 2651 4858 dicit
2680 4803 2788 4888 hoc
2818 4804 3058 4888 flumen,
3092 4807 3157 4888 ut
3178 4803 3247 4888 de
3267 4803 3570 4888 surpernis
3601 4811 3754 4888 quo:

2104 4883 2415 4940 dammodo
2459 4883 2631 4938 etiam
2680 4881 2956 4938 inferiora
3004 4881 3331 4953 perfundat,
3381 4883 3439 4934 et
3487 4877 3755 4933 homineﬁ

2103 4962 2354 5033 aequales
2397 4960 2634 5032 Angelis
2693 4960 2916 5015 reddat.
2980 4959 3304 5016 Jerusalem
3346 4971 3601 5029 quoque,
3635 4972 3751 5014 non

2104 5042 2264 5098 illam
2304 5059 2431 5112 quae
2461 5041 2640 5098 servit
2669 5055 2801 5094 cum
2832 5039 2969 5096 ﬁliis
3019 5040 3162 5106 suis,
3197 5040 3292 5095 sed
3342 5039 3578 5095 liberam
3625 5054 3751 5093 ma-

2167 5301 2182 5334 ί
2219 5296 2302 5347 Sic
2329 5297 2500 5347 nostri
2527 5298 2748 5354 codices,
2798 5299 2859 5347 ut
2904 5296 3046 5348 intra
3086 5300 3392 5348 constanter
3437 5296 3618 5346 Patras
3650 5295 3750 5344 Be-

2099 5361 2372 5434 ιιθξίὶέξιίιξί2
2402 5361 2622 5434 quibus
2654 5361 2786 5418 loco,
2805 5363 2967 5434 “sicut
2999 5361 3181 5410 herba.
3213 5362 3279 5410 M.
3350 5424 3361 5434 .
3431 5423 3441 5434 ⁸

2162 5425 2183 5458 ³
2215 5423 2294 5472 Ita
2322 5421 2453 5486 Mss.
2475 5423 2612 5472 Editi
2641 5437 2768 5473 vero
2797 5425 2858 5473 In
2880 5423 3150 5473 bonorum
3175 5423 3543 5486 promissione
3572 5437 3627 5470 se
3655 5421 3746 5469 de-

2099 5485 2497 5561 ctinggﬂdicit,
2528 5495 2591 5560 ut
2618 5489 2840 5561 gumen-
2859 5485 3210 5561 Eadm-quoii
3231 5490 3489 5561 p‘rof'ect‘o.

2160 5547 2184 5583 ³
2212 5549 2368 5605 Editi,
2400 5549 2515 5597 vim
2544 5547 2761 5612 inﬂuet.
2793 5547 2979 5599 Melius
3009 5547 3151 5609 Mss,
3184 5547 3310 5598 inde
3337 5547 3558 5613 ’inﬂuet.
