4124 6188
350 376 467 436 693

349 509 495 566 toria
521 508 642 578 Dei,
675 507 761 565 vel
817 505 1096 580 angelica,
1132 503 1218 560 vel
1267 503 1569 571 humana),
1617 502 1677 556 in
1706 500 1995 580 civitatem

352 599 609 648 sanctam
658 579 1003 655 Jerusalem,
1035 602 1157 658 qua:
1189 587 1344 641 nunc
1375 584 1434 639 in
1475 583 1694 639 sanctis
1725 579 1999 636 ﬁdelibus

351 675 440 727 est
468 671 678 726 diffusa
710 686 812 742 per
840 673 1043 725 terras.
1080 666 1187 722 Ubi
1217 667 1370 721 enim
1403 664 1684 720 divinitus
1721 662 2000 742 adjuvan-

351 757 466 819 tur,
497 752 573 807 ibi
605 741 884 818 credunt;
917 753 974 805 et
999 748 1098 804 ubi
1131 749 1395 814 credunt,
1427 746 1505 801 ibi
1537 745 1796 800 veniunl.
1829 741 1999 799 Com-

354 833 579 905 paravit
608 837 802 888 autem
834 830 966 886 illos
994 829 1294 896 Dominus,
1324 831 1604 897 tanquam
1638 841 1740 895 per
1781 823 1996 905 simili-

349 903 636 978 tudinem,
670 911 803 967 ﬁliis
852 908 1025 966 Israel
1073 909 1453 966 offerentibus
1497 907 1550 961 ei
1597 922 1736 961 suas
1781 903 1999 958 hostias

351 1009 486 1050 cum
521 991 760 1063 psalmis
787 990 848 1046 in
881 991 1052 1047 domo
1084 991 1250 1059 ejus;
1287 989 1438 1060 quod
1474 987 1688 1056 ubique
1711 987 1835 1056 jam
1867 984 1999 1063 facit

350 1060 610 1129 Ecclesia
640 1096 654 1136 ;
685 1075 742 1126 et
772 1068 1040 1142 promisit
1069 1071 1140 1125 ab
1191 1069 1338 1140 ipsis
1379 1084 1440 1122 se
1463 1073 1834 1136 accepturum
1886 1060 1999 1117 sibi

347 1152 693 1208 Sacerdotes
721 1158 778 1206 et
809 1149 1070 1215 Levitas;
1102 1150 1254 1220 quod
1278 1145 1660 1202 nihilominus
1691 1143 1813 1199 ﬁeri
1847 1157 1998 1197 nunc

347 1233 638 1288 videmus.
673 1231 800 1286 Non
831 1231 988 1285 enim
1015 1246 1084 1285 ex
1113 1244 1321 1300 genere
1350 1227 1545 1282 carnis
1575 1230 1634 1281 et
1667 1223 1996 1293 sanguinis,

348 1311 500 1368 sicut
529 1314 654 1366 erat
685 1311 938 1380 primum
975 1309 1298 1364 secundum
1329 1306 1593 1362 ordinem
1638 1305 1822 1359 Aaron
1851 1327 1866 1368 ;
1898 1302 1998 1356 sed

348 1393 502 1447 sicut
531 1391 832 1462 oportebat
862 1390 918 1443 in
951 1390 1325 1444 Testamento
1356 1404 1522 1452 novo,
1548 1385 1646 1440 ubi
1677 1383 1997 1440 secundum

347 1470 614 1528 ordinem
646 1468 1064 1524 Melchisedech
1087 1483 1358 1524 summus
1388 1466 1660 1522 sacerdos
1689 1469 1776 1519 est
1803 1463 1999 1518 Chris-

349 1561 443 1608 tus
471 1551 642 1621 (Psal.
676 1567 787 1619 cxx,
822 1551 894 1619 4),
927 1566 1030 1620 pro
1061 1550 1346 1620 cujusque
1379 1548 1580 1604 merito
1603 1545 1756 1616 quod
1783 1545 1840 1598 in
1863 1559 1997 1598 eum

345 1637 536 1707 gratia
565 1633 762 1689 divina
790 1632 1122 1702 conlulerit,
1153 1632 1492 1688 Sacerdotes
1522 1640 1574 1685 el
1607 1628 1832 1683 Levitas
1863 1623 2000 1695 eligi

347 1731 502 1772 nunc
556 1713 1000 1784 videmusz'qui
1054 1729 1170 1768 non
1201 1712 1309 1767 isto
1352 1713 1605 1776 nomine,
1640 1708 1794 1778 quod
1851 1720 2001 1776 saepe

346 1804 744 1867 assequuntur
789 1793 1035 1865 indigni,
1087 1794 1187 1848 sed
1240 1809 1308 1846 ea
1356 1807 1484 1862 quze
1540 1805 1652 1843 non
1685 1793 1774 1842 est
1829 1785 1998 1841 bonis

348 1873 640 1945 malisque
670 1875 1022 1939 communis,
1065 1870 1371 1928 sanctitate
1406 1867 1684 1940 pensaodi
1718 1870 1875 1920 sunt.

422 1954 476 2008 4.
512 1941 641 2008 [ἱωο
671 1969 803 2008 cum
836 1953 907 2006 de
939 1952 1066 2019 ista,
1097 1967 1224 2022 qua
1257 1966 1411 2005 nunc
1441 1946 1776 2019 impertitur
1804 1941 1999 1999 Eccle-

346 2035 471 2093 sie.
505 2037 806 2104 perspicua
839 2031 1119 2102 nobisque
1147 2032 1455 2086 notissima
1495 2029 1590 2082 Dei
1627 2025 2000 2080 miseratione

349 2113 636 2180 dixisset;
668 2111 940 2183 promisit
985 2118 1043 2167 et
1087 2111 1233 2166 ﬁnes
1283 2111 1354 2165 ad
1404 2125 1552 2180 quos
1594 2123 1694 2177 per
1725 2105 1998 2158 ultimum

340 2192 637 2266 judicium
670 2193 818 2246 facta
865 2193 1150 2246 bonorum
1206 2189 1610 2258 malorumque
1658 2183 2002 2266 discretione

348 2260 634 2338 veniatur,
686 2272 889 2326 dicens
933 2287 1034 2342 per
1095 2269 1463 2341 Prophetam,
1505 2268 1589 2322 vel
1639 2267 1708 2319 de
1758 2260 2000 2317 Domino

351 2355 556 2410 dicens
587 2355 712 2424 ipse
744 2352 1064 2420 Pr0pheta:
1101 2349 1372 2419 Quomodo
1403 2351 1552 2403 enim
1580 2349 1769 2402 castum
1801 2361 2003 2401 novum

349 2439 404 2492 et
435 2442 585 2490 terra
612 2449 752 2489 noua
793 2433 1036 2487 manebit
1063 2447 1252 2487 coram
1277 2447 1382 2496 me,
1419 2430 1561 2484 dixit
1602 2431 1886 2491 Dominus,
1927 2430 2005 2484 sio

349 2517 513 2572 stabit
542 2529 727 2570 semen
756 2523 996 2569 vestrum
1015 2521 1066 2566 et
1085 2528 1282 2568 nomen
1305 2522 1540 2566 vestrum
1564 2529 1583 2572 ;
1611 2514 1783 2565 eterit
1806 2513 2003 2564 mensis

351 2613 424 2652 eo:
469 2610 673 2657 mense,
720 2600 773 2649 et
820 2594 1109 2648 sabbatum
1153 2609 1223 2648 ex
1268 2592 1507 2648 sabbato.
1565 2593 1777 2646 Veniet‘
1829 2596 2004 2648 omnis

349 2692 481 2732 caro
507 2678 569 2729 in
617 2683 905 2744 conspectu
951 2689 1069 2728 meo
1117 2673 1348 2728 adorare
1381 2676 1441 2726 in
1487 2671 1815 2742 Jerusalem,
1865 2674 2004 2728 dixit

354 2758 617 2811 Dominus
636 2772 656 2810 :
686 2765 736 2810 et
763 2757 1136 2824 egredientur,
1177 2759 1226 2808 et
1275 2753 1528 2808 videbunt
1560 2755 1800 2808 membra
1830 2753 2002 2808 homi-

350 2853 491 2890 num
517 2838 612 2907 qui
637 2837 989 2906 praevarieati
1015 2837 1144 2889 sunt
1190 2837 1250 2888 in
1281 2850 1386 2890 me.
1441 2835 1638 2889 Vermis
1678 2850 1864 2888 eorum
1893 2851 2003 2889 non

348 2918 633 2982 morietur,
665 2925 714 2972 et
751 2919 890 2984 ignis
936 2931 1126 2970 eorum
1152 2930 1262 2968 non
1307 2917 1706 2984 exstinguetur,
1741 2918 1790 2969 et
1840 2920 2005 2970 erunt

348 2999 496 3051 visui
535 2999 678 3052 omni
723 2998 882 3051 carni
928 2997 1078 3065 (Isai.
1123 3011 1270 3060 LXVI,
1319 2996 1516 3055 22-24.
1557 3011 1659 3050 sec.
1697 2994 1889 3066 LXX).
1925 2997 2002 3050 Ad

352 3076 462 3133 hoc
493 3076 603 3132 iste
635 3076 914 3148 propheta
945 3076 1276 3131 terminavit
1308 3075 1543 3141 librum,
1577 3075 1646 3130 ad
1698 3078 1851 3144 quod
1885 3081 2006 3130 ter-

351 3157 681 3212 minabitur
710 3157 1011 3212 saculum.
1045 3154 1291 3219 Quidam
1324 3171 1459 3210 sane
1492 3172 1606 3210 non
1638 3155 2003 3226 interpretati

349 3241 512 3303 sunt,
543 3237 783 3292 membra
825 3237 1136 3304 hominum,
1169 3237 1268 3292 sed
1319 3234 1586 3291 cadavera
1625 3238 1869 3290 virorum
1903 3235 2001 3307 (τι),

350 3332 457 3388 per
507 3318 785 3373 cadavera
846 3315 1242 3386 signiﬁcantes
1307 3314 1629 3370 evidentem
1698 3330 2003 3386 corporum

347 3413 584 3468 pcenam
614 3413 626 3451 :
661 3397 926 3468 quamvis
957 3397 1196 3450 cadaver
1227 3395 1336 3450 nisi
1368 3411 1499 3450 caro
1549 3395 1855 3459 exanimis,
1889 3411 2002 3450 non

351 3477 543 3533 soleat
572 3476 894 3548 nuncupari
923 3493 937 3544 ;
970 3475 1071 3530 illa
1102 3491 1232 3530 vero
1265 3475 1523 3530 animata
1553 3481 1720 3531 erunt
1743 3490 2002 3543 corpora,

349 3557 613 3628 alioquin
647 3557 808 3612 nulla
836 3562 1106 3628 poterunt
1131 3555 1344 3611 sentire
1367 3560 1689 3611 tormenta:
1721 3555 1834 3609 nisi
1863 3556 2006 3610 forte

347 3639 492 3710 quia
523 3643 884 3692 mortuorum
921 3641 1092 3692 erunt
1129 3652 1389 3708 corpora,
1423 3638 1475 3690 id
1526 3641 1633 3702 est,
1665 3652 1859 3691 eorum
1904 3635 2003 3706 qui

347 3721 411 3774 in
449 3719 767 3776 secundam
817 3723 1064 3774 mortem
1124 3720 1356 3783 cadent,
1411 3718 1532 3772 ideo
1587 3734 1700 3772 non
1757 3719 2006 3773 absurde

347 3799 527 3855 etiam
576 3809 854 3855 cadavera
904 3800 1018 3853 dici
1069 3803 1334 3869 possunt.
1389 3797 1552 3854 Unde
1601 3803 1690 3853 est
1737 3805 1793 3852 et
1838 3799 2004 3863 illud,

349 3881 511 3953 quod
537 3880 609 3935 ab
641 3881 838 3936 eodem
875 3879 1158 3952 propheta
1197 3880 1440 3934 dictum‘
1459 3880 1579 3948 jam
1605 3895 1780 3948 supra
1803 3879 2002 3948 posui:

348 3966 522 4021 Terra
551 3980 675 4019 vero
705 3957 1000 4033 impiorum
1031 3961 1204 4018 cadet.
1245 3962 1386 4025 Quis
1418 3967 1614 4016 autem
1659 3979 1768 4016 non
1816 3963 2008 4016 videat

354 4062 388 4100 a
443 4043 702 4099 cadendo
747 4058 875 4098 esse
925 4043 1217 4114 appellata
1273 4043 1552 4098 cadavera
1602 4040 1723 4112 (b)?
1757 4042 2008 4096 Virorum

348 4129 548 4181 autem
585 4141 685 4195 pro
715 4140 782 4180 eo
812 4122 1077 4195 posuisse
1126 4122 1256 4178 illos
1305 4122 1672 4193 interpretes,
1719 4123 1872 4193 quod
1921 4125 2008 4176 est

349 4205 660 4269 hominum,
693 4203 1060 4258 manifestum
1112 4208 1218 4258 est.
1257 4201 1453 4273 Neque
1501 4201 1656 4256 enim
1690 4200 2004 4272 quisquam

355 4285 628 4341 dicturus
657 4287 766 4352 est,
799 4283 1290 4354 praevaricatrices
1313 4283 1558 4338 feminas
1582 4281 1642 4336 in
1667 4281 1764 4337 illo
1787 4273 2008 4352 suppli-

357 4367 452 4422 cio
483 4382 598 4421 non
631 4366 894 4420 futuras:
929 4365 1030 4420 sed
1063 4381 1131 4420 ex
1163 4365 1404 4436 potiore,
1436 4364 1758 4434 praesertim
1793 4363 1864 4417 de
1893 4377 2005 4432 quo

354 4447 579 4503 femina
608 4446 761 4501 facta
792 4452 894 4513 est,
929 4449 1171 4516 uterque
1215 4461 1388 4501 sexus
1435 4445 1739 4514 accipitur.
1792 4445 2006 4499 Verum

355 4527 516 4599 quod
550 4527 621 4581 ad
651 4541 772 4580 rem
806 4525 1056 4580 maxime
1086 4526 1355 4595 pertinet,
1388 4541 1520 4579 cum
1553 4528 1608 4579 et
1637 4524 1695 4578 in
1730 4524 1898 4579 bonis
1927 4523 2008 4578 di-

355 4608 535 4671 citur,
574 4607 765 4662 Veniet
793 4607 973 4662 omnis
1003 4620 1136 4661 caro
1156 4621 1175 4660 ,ο
1204 4605 1340 4676 quia
1369 4620 1436 4660 ex
1465 4605 1622 4660 omni
1655 4620 1865 4675 genere
1896 4603 2005 4660 ho-

355 4686 584 4741 minum
620 4685 871 4757 populus
916 4684 1024 4740 iste
1072 4683 1406 4750 constabit;
1443 4699 1559 4739 non
1603 4684 1759 4738 enim
1808 4700 2007 4739 omnes

356 4767 628 4824 homines
658 4766 736 4821 ibi
769 4771 961 4834 erunt,
995 4767 1227 4838 quando
1258 4765 1316 4820 in
1351 4767 1537 4837 pcenis
1564 4765 1760 4836 plures
1790 4769 1961 4820 erunt
1989 4780 2006 4821 :

354 4847 480 4917 sed,
515 4852 576 4902 ut
605 4847 795 4902 dicere
825 4861 1136 4918 coeperam,
1182 4862 1315 4902 cum
1366 4849 1422 4902 et
1460 4843 1516 4900 in
1565 4845 1728 4900 bonis
1767 4861 1920 4914 caro,
1953 4849 2009 4901 et

352 4926 418 4982 in
452 4925 618 4982 malis
653 4927 911 4982 membra
958 4926 1046 4982 vel
1096 4928 1372 4982 cadavera
1419 4926 1830 4994 nominantur;
1875 4941 2007 4996 pro-

356 5007 513 5064 fecto
555 5012 686 5077 post
733 5006 1218 5063 resurrectionem
1268 5006 1484 5072 carnis,
1522 5007 1692 5077 cujus
1740 5005 1881 5060 fides
1914 5004 2008 5060 his

357 5104 550 5144 rerum
577 5086 872 5143 vocabulis
904 5087 1142 5142 omnino
1180 5087 1468 5153 firmatur,
1501 5086 1642 5140 illud
1687 5101 1801 5156 quo
1823 5086 1843 5118 ²
1873 5084 2008 5140 boni

430 5343 447 5407 ξ
477 5339 737 5407 Ineditis,
773 5339 844 5407 Et
874 5340 1067 5407 veniet.
1097 5343 1274 5402 Abest,
1312 5345 1396 5407 Et,
1429 5358 1459 5394 a
1492 5343 1613 5394 Mss.

361 5401 594 5528 gu’odSic
648 5405 731 5453 Er.
784 5406 836 5454 et
891 5406 1068 5469 plures
1121 5401 1550 5456 MssyAt'Vind.
1598 5408 1711 5456 Am.
1763 5408 1815 5456 et
1861 5407 2008 5471 Lov.,

427 5531 503 5590 (α)
537 5529 622 5579 Sic
649 5530 707 5578 in
737 5529 912 5582 Vultu.

434 5590 496 5655 (ὁ)
535 5590 706 5656 Supra
733 5606 848 5656 cap.
881 5594 939 5644 10
967 5593 1130 5659 hujus
1158 5593 1300 5656 libri,
1331 5595 1430 5646 sub
1459 5596 1692 5648 initium.

1703 361 1934 426 LIBER
1977 359 2426 423 VIGESIMUS.

3625 349 3744 408 694

2105 502 2165 552 et
2197 495 2331 552 mali
2362 495 2484 552 suis
2515 494 2731 550 finibus
2779 490 3145 558 dirimentur,
3179 489 3434 544 futurum
3483 497 3614 539 esse
3647 483 3747 553 ju-

2104 579 2322 636 dicium
2355 575 2703 635 declaratur.

2103 747 2337 806 CAPUT
2366 745 2535 802 XXII.
2576 773 2638 784 —
2669 742 2864 814 Qualis
2881 742 3072 811 futura
3093 739 3164 793 sit
3186 736 3417 804 egressio
3437 736 3748 789 sanctorum

2477 826 2547 882 ad
2577 823 2832 880 videndos
2858 836 3048 893 panos
3079 819 3373 874 malorum.

2176 965 2284 1022 Sed
2319 961 2612 1035 quomodo
2642 956 3011 1030 egrediantur
3054 953 3190 1035 boni
3225 953 3294 1008 ad
3326 950 3750 1035 videndas_p_m-

2105 1065 2213 1103 nas
2245 1029 2526 1100 malorum
2549 1042 2576 1096 ?
2607 1029 2904 1109 Numquid
2930 1034 3188 1106 corporis
3217 1035 3377 1088 motu
3403 1031 3597 1087 beatas
3619 1029 3750 1086 illas

2104 1127 2365 1183 relicturi
2393 1127 2532 1179 sunt
2562 1119 2750 1186 sedes,
2784 1122 2839 1174 et
2869 1117 2935 1170 ad
2969 1115 3090 1170 loca
3131 1110 3374 1184 pmnalia
3411 1109 3750 1183 perrecturi,

2105 1212 2168 1263 ut
2197 1206 2484 1263 malorum
2517 1205 2802 1258 tormenta
2831 1194 3191 1266 conspiciant
3217 1193 3517 1264 praesentia
3549 1203 3752 1260 corpo-

2104 1288 2260 1345 rali?
2304 1286 2501 1342 Absit:
2556 1283 2656 1336 sed
2699 1277 3069 1350 egredientur
3117 1290 3216 1344 per
3265 1271 3585 1328 scientiam.
3637 1268 3753 1323 Hoc

2104 1373 2260 1425 enim
2292 1368 2463 1422 verbo
2495 1361 2888 1434 significatum
2924 1362 3034 1423 est,
3066 1371 3164 1409 eos
3194 1354 3294 1421 qui
3333 1350 3755 1434 cruciabuntur

2106 1457 2267 1508 extra
2317 1429 2579 1503 futuros:
2615 1444 2853 1512 PrOpler
2901 1437 3054 1509 quod
3100 1439 3156 1489 et
3205 1432 3487 1488 Dominus
3533 1445 3602 1485 ea
3629 1429 3755 1512 loca

2108 1533 2378 1589 tenebras
2408 1511 2741 1582 exteriores,
2767 1526 2931 1575 vocat
2971 1517 3177 1585 (blatlh.
3211 1532 3340 1583 xxv,
3371 1515 3459 1582 30)
3490 1529 3504 1567 ε
3538 1511 3753 1583 quibus

2105 1611 2429 1670 contrarius
2460 1613 2549 1662 est
2581 1603 2996 1672 illeingressus
3045 1598 3115 1652 de
3163 1612 3278 1666 quo
3333 1595 3545 1649 dicitur
3592 1607 3754 1648 servo

2106 1696 2279 1757 bono,
2321 1693 2475 1746 Intra
2521 1690 2579 1740 in
2622 1683 2885 1756 gaudium
2929 1680 3152 1733 Domini
3195 1677 3276 1731 tui
3318 1674 3473 1743 (Ibid.
3517 1673 3649 1757 2i);
3683 1686 3755 1757 ne

2106 1752 2434 1830 illuc'mali
2485 1752 2764 1840 putentur
2808 1761 3054 1833 ingredi,
3104 1764 3170 1840 ut
3216 1759 3511 1822 sciantur;
3548 1752 3651 1840 sed
3681 1753 3752 1840 ad

2104 1856 2237 1912 illos
2274 1852 2463 1922 potius
2487 1831 2651 1903 velut
2683 1831 3174 1917 egredi—scientia,
3203 1855 3315 1908 qua
3338 1852 3437 1922 eos
3469 1831 3755 1922 cognituri

2107 1915 2472 1998 sulm-boni;
2508 1915 2903 1998 quiaid'quod
2937 1928 3094 1975 extra
3137 1924 3226 1973 est
3273 1915 3562 1998 cognituri
3595 1917 3751 1998 sunt.

2107 2016 2213 2083 Qui
2243 1993 2402 2068 enim
2452 1993 2621 2065 erunt
2675 2008 2734 2062 in
2772 1993 2992 2075 ipmnis,
3039 2000 3178 2071 quid
3233 2003 3440 2068 agatur
3486 1996 3647 2083 intus
3678 1993 3754 2083 .in

2106 2073 2317 2168 gaudio
2365 2090 2592 2147 Domini
2641 2073 2901 2141 nescieut
2942 2098 2968 2168 ε⁸
3003 2080 3281 2168 quinvero
3320 2081 3493 2168 erunt
3543 2075 3602 2168 in
3656 2073 3754 2163 illo

2107 2153 2340 2249 gaudio,
2373 2171 2508 2242 quid
2541 2171 2756 2249 agatur
2776 2163 2916 2249 foris
2955 2158 3171 2249 in‘illis
3220 2155 3476 2249 tenebris
3519 2153 3758 2243 exterio-

2111 2233 2272 2312 ribus
2303 2233 2505 2309 scient.
2542 2233 2676 2303 Ideo
2705 2245 2926 2300 dictum
2960 2243 3062 2305 est,
3095 2235 3476 2308 egredientur:
3501 2233 3636 2302 quia
3655 2247 3755 2288 eos

2109 2338 2281 2394 etiam
2315 2333 2414 2404 qui
2441 2331 2456 2364 ί
2489 2330 2627 2384 foris
2658 2326 2728 2380 ab
2754 2325 2837 2380 eis
2868 2325 3058 2386 erunt,
3093 2318 3291 2404 utique
3321 2331 3434 2370 non
3470 2312 3754 2367 latebunt.

2110 2421 2170 2475 Si
2202 2399 2354 2473 enim
2387 2414 2505 2467 hinc
2538 2408 2833 2478 Pr0phetze
2865 2404 3123 2458 nondum
3159 2399 3306 2452 facta
3337 2411 3509 2451 nosse
3539 2400 3751 2465 potue-

2112 2504 2267 2565 runt,
2301 2513 2401 2566 per
2431 2495 2534 2547 hoc
2563 2488 2720 2561 quod
2769 2489 2888 2566 erat
2945 2479 3757 2566 Deum-quantulumcumque

2111 2553 2343 2642 eratji‘n
2375 2553 2936 2628 eorum'morlalium
2963 2559 3259 2616 mentibus
3284 2577 3297 2624 ;
3325 2553 3754 2642 quomodo-xim-

2114 2634 2384 2713 mortales
2415 2651 2598 2708 sancti
2623 2650 2748 2719 jam
2792 2648 2940 2699 facta
2971 2649 3108 2695 tunc
3141 2639 3418 2719 nesciant,
3451 2650 3583 2719 cum
3613 2634 3759 2687 Deus

2111 2741 2221 2794 erit
2243 2735 2441 2793 omnia
2489 2735 2544 2786 in
2579 2714 2854 2785 omnibus
2886 2722 2931 2780 (Ι
2965 2723 3085 2776 Cor.
3121 2736 3210 2780 xv,
3241 2716 3382 2789 28)?
3409 2714 3592 2769 Stabit
3621 2727 3756 2781 ergo

2113 2819 2169 2874 in
2204 2818 2300 2871 illa
2352 2809 2704 2869 beatitudine
2747 2811 3082 2860 sanctorum
3130 2814 3327 2852 semen
3390 2800 3446 2848 et
3509 2807 3756 2874 nomen;

2112 2872 2332 2960 semen,
2366 2895 2590 2950 scilicet
2619 2891 2689 2943 de
2719 2902 2834 2958 quo
2881 2885 3132 2939 Joannes
3164 2879 3264 2938 ait.
3299 2878 3360 2930 Et
3408 2889 3590 2960 semen
3639 2872 3759 2940 ejus

2112 2981 2173 3036 in
2204 2955 2330 3048 ipso?
2348 2983 2532 3030 manet
2563 2973 2606 3042 (I
2631 2955 2788 3026 Joan.
2833 2983 2916 3031 In,
2947 2965 3038 3033 9):
3074 2975 3286 3048 nomen
3334 2972 3488 3022 vero,
3523 2955 3594 3008 de
3643 2969 3759 3048 quo

2114 3033 2400 3132 per'huno
2431 3033 2639 3110 Isaiam
2692 3051 2931 3132 dictum.
2957 3049 3067 3106 est,
3102 3043 3299 3132 Nomen
3331 3045 3602 3132 aeternum
3624 3033 3760 3132 dabo

2111 3114 2188 3195 eis
2218 3139 2374 3209 (Isai.
2408 3151 2515 3196 va,
2548 3134 2622 3202 Ei).
2657 3131 2718 3184 Et
2747 3129 2851 3183 erit
2879 3126 2955 3179 eis
2985 3123 3188 3209 mensis
3235 3133 3306 3209 ea:
3333 3131 3516 3171 mense
3541 3121 3594 3169 et
3633 3114 3762 3202 sab-

2113 3197 2302 3274 batum
2331 3233 2400 3272 ea:
2427 3197 2675 3280 sabbato,
2703 3215 2979 3277 tanquam
3015 3201 3150 3256 luna
3181 3214 3250 3280 est
3270 3197 3409 3251 luna
3443 3201 3500 3250 et
3531 3197 3763 3263 requies

2113 3315 2179 3354 ex
2212 3297 2447 3368 requie:
2482 3278 2733 3365 quorum
2782 3296 3095 3353 utrumque
3143 3278 3255 3368 ipsi
3297 3280 3492 3368 crun‘t‘,
3527 3288 3762 3368 cumba

2115 3352 2206 3433 his
2239 3352 2460 3432 umbris
2489 3352 2778 3428 veteribus
2807 3372 2864 3421 et
2894 3352 3313 3431 temporalibus
3333 3358 3390 3411 in
3415 3354 3513 3408 illa
3535 3352 3762 3407 Iumina

2115 3475 2264 3514 nova
2293 3474 2357 3512 ac
2400 3453 2754 3525 sempiterna
2799 3445 3172 3525 transibunt._
3211 3440 3272 3493 In
3326 3435 3533 3525 pusula.
3559 3441 3754 3522 autem

2113 3512 2401 3595 malorum
2431 3541 2489 3590 et
2513 3512 3006 3598 inexstinguibilis
3056 3520 3210 3590 ignis
3253 3524 3310 3573 et
3358 3512 3762 3598 vivacissimus

2386 3616 2456 3670 ab
2490 3613 2620 3668 aliis
2669 3590 2841 3678 alque
2883 3602 3014 3657 aliis
3065 3598 3227 3653 aliter
3275 3600 3448 3684 atque
3480 3590 3645 3645 aliter
3675 3597 3764 3684 est

2115 3669 2428 3770 expositus.
2479 3693 2590 3749 Alii
2640 3669 2853 3760 quippe
2902 3691 3216 3770 utrumque
3253 3675 3618 3770 aducorpus,
3661 3669 3757 3770 alij

2117 3749 2435 3849 utrumque
2465 3776 2535 3830 ad
2581 3749 2847 3826 animum
2900 3760 3261 3817 retulerunt:
3296 3754 3390 3808 alii
3429 3751 3658 3823 proprie
3689 3749 3760 3849 ad

2117 3830 2574 3933 corpusjignem,
2607 3851 2821 3920 tropice
2865 3846 2930 3899 ad
2976 3843 3246 3933 animum
3296 3850 3569 3933 vermem,

2501 3911 2627 3992 esse
2674 3911 2922 3984 videtur.
2974 3922 3083 3978 Sed
3134 3935 3290 3974 nunc
3339 3918 3435 4002 de_
3459 3915 3564 4002 hac
3605 3911 3765 4002 diffe-

2353 4037 2464 4075 non
2518 4019 2607 4071 est
2653 4007 2972 4079 temporis'
3032 4003 3375 4082 disputaret
3414 3997 3490 4050 De
3540 3994 3764 4082 judicio

2117 4075 2368 4174 namque
2420 4098 2647 4160 ultimo,
2681 4075 2810 4162 quo
2861 4088 2968 4174 lict-
3005 4079 3314 4174 diremptio
3363 4077 3650 4174 bonorum
3697 4075 3763 4174 et

2483 4178 2591 4232 hoc
2634 4151 2905 4228 volumen
2954 4163 3197 4247 implere
3227 4156 3649 4247 suscepimus}
3694 4151 3764 4206 de

2115 4236 2429 4338 vero
2456 4255 2711 4330 praemiis
2736 4255 2794 4308 et
2824 4245 3008 4319 pomis
3037 4243 3180 4300 alias
3211 4238 3553 4310 diligentius
3584 4236 3766 4289 disse-

2117 4345 2368 4402 rendum
2399 4345 2504 4398 est.

2117 4510 2352 4570 CAPUT
2385 4505 2601 4564 XXIII.
2633 4530 2702 4541 —
2733 4494 2876 4567 Quid
2893 4485 3294 4570 prophetauerit
3325 4480 3520 4570 Daniel
3547 4478 3612 4535 de
3639 4492 3763 4546 per-

2187 4565 2458 4650 secutione
2505 4565 2851 4647 Antichristi,
2872 4582 2922 4632 et
2968 4573 3034 4628 de
3072 4568 3283 4642 judicio
3327 4565 3443 4631 Dei,
3490 4571 3766 4632 regnoque

2188 4681 2502 4731 sanctorum
2513 4708 2526 4723 .

2192 4813 2241 4867 1.
2271 4804 2473 4866 Daniel
2504 4804 2574 4858 de
2605 4799 2711 4854 hoc
2744 4792 2954 4848 ultimo
2979 4781 3201 4857 judicio
3234 4776 3317 4834 sic
3339 4771 3765 4867 prophetatiut

2119 4863 2545 4948 Ant-ic—hristum
2581 4879 2742 4951 prius
2765 4883 2990 4945 quoque
3022 4863 3767 4951 venturum.ess-eupr~_zenuin-

2119 4927 2545 4948 ηυιιυμιηω...
2581 4927 2739 4951 r--_-
2775 4927 2800 4945 1
2901 4927 2917 4940 _

2119 4973 2241 5036 tiet,
2275 4974 2448 5038 atque
2480 4962 2553 5018 ad
2583 4962 2863 5013 aeternum
2896 4958 3141 5038 regnum
3168 4927 3763 5038 osanct-orumpeidhun—

2122 5007 2644 5109 athurir‘a‘tionem
2693 5049 2880 5091 suam.
2915 5007 3056 5083 Cum
3089 5021 3242 5078 enim
3278 5015 3497 5109 visione
3528 5007 3765 5098 prophe-

2120 5100 2236 5188 tica
2257 5100 2511 5199 quatuor
2541 5116 2755 5176 bestias
2786 5107 3182 5184 significantes
3213 5100 3461 5199 quatuor
3469 5104 3764 5199 regnantir-

2122 5182 2306 5271 ἆίέὲεὶ
2338 5182 2358 5277 ;ί
2384 5206 2700 5277 ipsumque
2730 5182 3005 5277 ίίυτιὶίυω
3037 5203 3069 5240 ³
3095 5182 3352 5277 “Edim
3391 5183 3761 5277 .€°§?-?“.?32

2123 5246 2306 5271 Ulaauu
2339 5253 2353 5277 ,
2387 5246 2698 5277 .rg-_.1_-
2737 5246 2829 5266 1_,
3113 5246 3130 5254 _
3182 5262 3192 5273 .

2123 5298 2334 5357 ratum,
2367 5285 2465 5358 qui
2512 5274 2900 5358 Antichristus
2926 5266 3353 5358 _agn.os.citur;=
3387 5246 3764 5358 egt‘posthhiaso

2123 5329 2691 5435 initiatam...
2743 5353 2867 5410 Filii
2926 5329 3205 5408 hominis,
3257 5339 3357 5411 qui
3415 5329 3766 5400 intelligitur

2186 5580 2898 5712 ;§iiiii:°tn§39'ésq¢u7zi';'m
2946 5619 3222 5688 temporis.
3267 5615 3446 5676 Abest,
3503 5608 3697 5672 hujus,
3735 5618 3768 5654 a

2122 5715 2244 5769 Mss.
