4110 6196
320 323 437 385 695

320 455 592 512 Christus
618 470 630 507 :
673 452 911 518 Horruit,
946 448 1155 520 inquit,
1181 447 1405 520 spiritus
1435 463 1610 512 meus,
1640 461 1738 514 ego
1771 441 1972 502 Daniel

323 537 384 591 in
424 531 750 589 habitudine
773 533 790 566 ί
823 545 966 596 mea,
989 537 1039 584 et
1057 530 1206 583 visus
1229 527 1430 598 capitis
1449 529 1558 582 mei
1576 525 1974 582 conturbabant

323 630 429 670 me.
462 614 524 668 Et
548 611 768 678 accessi,
803 610 1014 679 inquit,
1048 607 1115 663 ad
1138 624 1307 662 unum
1336 607 1402 662 de
1438 608 1727 672 stantibus,
1760 613 1810 660 et
1838 605 1974 660 veri-

325 699 489 751 tatem
519 692 834 762 quaerebam
863 690 931 744 ab
961 704 1022 746 eo
1051 689 1115 744 de
1146 688 1230 743 his
1258 688 1510 743 omnibus
1529 705 1547 741 :
1579 690 1628 743 et
1653 687 1798 742 dixit
1833 683 1979 740 mihi

325 775 638 830 veritatem.
671 771 905 838 Deinde,
941 770 1077 840 quid
1111 770 1362 824 audierit
1406 768 1478 824 ab
1527 768 1648 835 illo,
1682 785 1715 822 a
1763 782 1878 837 quo
1909 765 1978 820 de

327 853 603 911 omnibus
633 852 723 907 bis
755 851 1040 922 quaesivit,
1075 854 1350 920 tanquam
1381 865 1448 904 eo
1489 848 1600 903 sibi
1632 849 1978 918 exponente,

327 934 408 990 sic
452 931 707 1004 loquitur
745 948 760 987 :
813 931 903 985 lim
954 934 1188 1002 quatuor
1231 929 1411 985 bestim
1457 941 1698 998 magnae,
1746 930 1982 1004 qualum:

326 1028 504 1082 regna
529 993 768 1081 surgent
797 1013 853 1064 in
883 993 1052 1074 terra,
1084 1026 1202 1080 quae
1250 993 1596 1078 auferentur,
1627 993 1691 1061 eti
1711 993 1982 1076 accipient

325 1108 563 1164 regnum
595 1092 770 1146 sancti
799 1091 1066 1145 Attissimi
1085 1107 1102 1143 :
1135 1092 1188 1144 et
1217 1089 1533 1145 obtinebunt
1556 1086 1697 1142 illud
1725 1099 1896 1156 usque
1924 1086 1984 1139 in

326 1171 596 1230 saeculum
625 1175 676 1226 et
704 1169 764 1226 in
796 1185 967 1242 usque
995 1171 1255 1225 sxcutum
1297 1171 1643 1226 saeculorum.
1679 1169 1744 1222 Et
1781 1181 1986 1239 quere-

331 1254 474 1320 bam,
508 1254 719 1322 inquit,
770 1251 1073 1320 diligenter
1119 1253 1188 1306 de
1236 1251 1407 1306 bestia
1447 1252 1663 1322 quarta,
1697 1261 1824 1318 qua?
1868 1249 1988 1301 erat

325 1331 590 1405 diﬂerens
613 1347 738 1401 pra
767 1332 920 1385 omni
950 1331 1150 1399 bestia,
1184 1330 1448 1386 terribilis
1491 1329 1730 1400 amplius
1753 1344 1771 1380 :
1806 1326 1988 1382 dentes

333 1414 454 1482 ejus
476 1413 669 1483 ferrei,
702 1416 754 1465 et
786 1425 994 1478 ungues
1023 1411 1139 1477 eius
1187 1412 1338 1478 aerei,
1365 1409 1707 1464 manducans
1746 1416 1796 1461 et
1839 1420 1988 1461 com-

333 1496 604 1558 minuens,
636 1493 688 1545 et
736 1491 948 1561 reliqua
989 1489 1214 1559 pedibus
1261 1492 1379 1545 suis
1427 1488 1746 1545 conculcans
1779 1505 1795 1538 :
1829 1489 1879 1541 et
1926 1484 1990 1539 de

335 1572 588 1629 cornibus
619 1571 736 1641 ejus
785 1571 984 1637 decem,
1018 1585 1142 1640 quae
1180 1577 1341 1625 erant
1384 1572 1442 1623 in
1469 1569 1655 1640 capite
1685 1568 1817 1638 ejus,
1849 1571 1897 1620 et
1924 1564 1992 1619 de

335 1654 507 1708 altero
538 1649 679 1720 quod
716 1649 984 1716 ascendit,
1033 1659 1084 1704 et
1131 1652 1368 1704 excussit
1415 1650 1479 1704 de
1525 1648 1800 1719 prioribus
1835 1647 1942 1699 tria
1968 1656 1988 1693 :

337 1746 511 1787 cornu
542 1727 688 1784 illud
709 1730 768 1783 in
798 1744 900 1798 quo
931 1733 1089 1784 erant
1119 1728 1286 1794 oculi,
1315 1733 1365 1783 et
1396 1744 1453 1784 os
1488 1729 1709 1799 loquens
1745 1739 1987 1793 magna:

339 1817 391 1867 et
413 1810 564 1866 visus
592 1809 709 1876 eius
738 1808 918 1878 major
947 1811 1175 1864 ceteris.
1217 1809 1487 1875 Videbam,
1537 1814 1588 1863 et
1634 1823 1804 1863 cornu
1849 1803 1991 1860 illud

339 1890 575 1962 faciebat
607 1888 815 1944 bellum
842 1904 966 1943 cum
993 1892 1194 1944 sanctis
1217 1907 1236 1943 :
1261 1893 1314 1945 et
1362 1888 1700 1960 praevalebat
1728 1887 1797 1942 ad
1825 1888 1987 1956 ipsos,

340 1971 510 2026 donec
537 1971 680 2025 venit
712 1973 950 2024 vetustus
970 1969 1206 2036 dierum,
1235 1979 1285 2024 et
1315 1985 1549 2038 regnum
1597 1967 1742 2024 dedit
1787 1965 1994 2022 sanctis

340 2049 624 2107 Altissimi
643 2066 663 2103 :
691 2055 744 2103 et
774 2059 979 2116 tempus
1005 2052 1276 2120 pervenit,
1298 2057 1355 2104 et
1385 2066 1617 2118 regnum
1638 2049 1994 2102 obtinuerunt

339 2131 542 2186 sancti.
581 2130 704 2184 Haec
734 2128 934 2184 Daniel
966 2133 1241 2199 quaesisse
1292 2145 1354 2185 se
1404 2131 1568 2184 dixit.
1603 2128 1823 2184 Deinde
1854 2127 1992 2198 quid

346 2209 616 2274 audierit,
649 2210 923 2265 continuo
955 2210 1341 2281 subjungens,
1377 2211 1440 2265 Et
1483 2210 1646 2275 dixit,
1695 2210 1904 2280 inquit,
1936 2207 1992 2260 id

344 2301 452 2357 est,
486 2290 582 2345 ille
612 2307 645 2344 a
675 2305 788 2359 quo
821 2291 1151 2360 quaesierat,
1187 2292 1506 2362 respondit,
1540 2296 1596 2346 et
1624 2291 1783 2358 dixit,
1811 2292 1995 2346 Bestia

347 2380 569 2443 quarta,
601 2375 861 2438 quartum
895 2385 1126 2439 regnum
1157 2373 1261 2425 erit
1300 2373 1357 2425 in
1405 2377 1572 2437 terra,
1619 2371 1760 2442 quod
1791 2386 1999 2442 prava-

348 2453 478 2507 lebit
510 2451 761 2507 omnibus
789 2450 1014 2520 regnis;
1042 2457 1094 2505 et
1123 2450 1473 2506 manducabit
1519 2467 1733 2507 omnem
1770 2456 1997 2514 terram,

351 2541 401 2588 et
431 2530 773 2586 conculcabit
793 2548 944 2597 eam,
974 2534 1024 2586 et
1046 2532 1308 2587 concidet.
1337 2532 1399 2586 Et
1427 2531 1610 2588 decem
1639 2547 1844 2587 cornua
1860 2534 1998 2598 eius,

351 2613 531 2668 decem
563 2627 714 2682 reges
742 2621 1004 2680 surgent:
1025 2621 1076 2667 et
1103 2620 1220 2682 post
1256 2627 1347 2666 eos
1376 2618 1558 2683 surget
1596 2613 1758 2679 alius,
1791 2612 1887 2683 qui
1914 2627 2000 2665 su-

353 2695 571 2760 perabit
599 2691 765 2746 malis
785 2691 804 2725 ³
837 2707 1040 2756 omnes,
1075 2693 1173 2762 qui
1201 2698 1330 2746 ante
1359 2708 1484 2747 eum
1512 2697 1737 2764 [uerunt
1762 2711 1785 2757 ;
1813 2696 1862 2747 et
1894 2698 2002 2746 tres

354 2789 512 2841 reges
545 2771 883 2840 humiliabit,
933 2777 984 2827 et
1025 2774 1189 2828 verba
1237 2773 1493 2828 adversus
1541 2775 1877 2828 Altissimum
1926 2772 2004 2825 lo-

360 2859 555 2923 quetur
581 2870 597 2903 :
632 2857 681 2905 et
710 2857 921 2906 sanctos
952 2854 1226 2908 Altissimi
1265 2857 1522 2908 conteret.
1550 2857 1611 2909 Et
1639 2853 2008 2924 suspicabitur

359 2940 580 2986 mutare
612 2936 859 2997 tempora
887 2938 936 2985 et
986 2936 1266 3001 legem:et
1313 2935 1536 2989 dabitur
1578 2937 1636 2988 in
1674 2951 1845 2988 manu
1891 2934 2007 3000 eius

363 3025 530 3080 usque
560 3015 630 3064 ad
663 3015 894 3075 tempus,
927 3019 977 3064 et
1009 3018 1272 3078 tempora,
1305 3024 1352 3067 et
1401 3013 1698 3068 dimidiam
1728 3016 2006 3082 temporis.

363 3093 428 3147 Et
443 3089 718 3160 judicium
748 3090 970 3157 sedebit,
1020 3095 1070 3145 et
1117 3092 1489 3163 principatum
1525 3096 1868 3149 removebant
1893 3095 1912 3128 ³
1941 3093 2012 3147 ad

365 3170 850 3226 exterminandum
891 3177 942 3225 et
988 3172 1320 3242 perdendum
1377 3190 1550 3245 usque
1605 3177 1664 3230 in
1713 3176 1920 3245 ﬁnem;
1962 3175 2014 3229 et

365 3269 617 3323 regnum,
661 3262 714 3305 et
752 3263 1012 3322 potestas,
1060 3263 1114 3308 et
1161 3257 1478 3324 magnitudo
1517 3273 1722 3328 regum,
1773 3259 1868 3328 qui
1912 3257 2014 3311 sub

368 3334 523 3387 omni
549 3333 676 3387 caelo
706 3343 852 3399 sunt,
884 3332 1015 3388 data
1043 3342 1120 3388 est
1148 3337 1347 3391 sanctis
1376 3337 1657 3391 Altissimi.
1691 3339 1754 3391 Et
1785 3352 2015 3406 regnum

369 3416 488 3486 ejus
517 3431 745 3485 regnum
777 3417 1170 3484 sempiternum
1191 3432 1210 3470 :
1233 3421 1284 3472 et
1330 3434 1504 3474 omnes
1534 3419 1878 3488 principatus
1909 3416 2017 3488 ipsi

366 3496 627 3562 servient,
653 3505 703 3550 et
733 3494 1050 3550 obaudient.
1087 3498 1198 3552 Huc
1226 3514 1416 3568 usque,
1467 3499 1675 3569 inquit,
1732 3499 1861 3568 finis
1901 3515 2017 3554 ser-

365 3578 564 3632 monis.
598 3577 702 3646 Ego
732 3577 946 3643 Daniel,
985 3580 1230 3632 multum
1253 3577 1602 3647 cogitationes
1631 3594 1773 3636 meae
1791 3585 2015 3633 contur-

369 3661 568 3714 babant
598 3674 704 3726 me,
735 3663 784 3713 et
812 3660 995 3728 forma
1025 3677 1145 3715 mea
1177 3665 1479 3715 immutata
1525 3664 1602 3715 est
1632 3676 1799 3730 super
1826 3675 1930 3724 me,
1966 3669 2017 3715 et

370 3741 596 3794 verbum
624 3740 683 3792 in
714 3742 876 3794 corde
918 3756 1037 3795 meo
1080 3743 1416 3797 conservavi.
1457 3740 1618 3813 (Dan.
1668 3756 1767 3801 vn,
1804 3741 2014 3811 15-28),

371 3817 629 3882 Quatuor
676 3817 775 3872 illa
826 3835 1000 3890 regna
1044 3821 1703 3892 exposueruntquidam
1748 3820 2012 3891 Assyrio-

369 3914 525 3965 rum,
595 3897 926 3965 Persarum,
1004 3899 1405 3968 Macedonum,
1474 3908 1532 3956 et
1597 3900 2014 3957 Romanorum.

369 3981 549 4044 Quam
584 3995 717 4034 vero
749 3981 1159 4035 convenienter
1187 3981 1243 4036 id
1290 3984 1548 4050 iecerint,
1582 3983 1678 4052 qui
1713 3997 1887 4037 nosse
1920 3984 2019 4038 de-

367 4060 645 4124 siderant,
706 4057 897 4129 legant
951 4061 1264 4130 presbyteri
1310 4062 1643 4132 Hieronymi
1694 4062 1903 4116 librum
1957 4061 2016 4117 in

369 4139 691 4204 Danielum,
724 4139 867 4194 satis
897 4141 1207 4208 diligenter
1234 4143 1574 4213 eruditeque
1596 4143 2015 4214 conscriptum.

365 4220 709 4274 Antichristi
747 4225 940 4276 tamen
974 4224 1251 4279 adversus
1287 4224 1595 4280 Ecclesium
1629 4225 2016 4279 saevissimum

369 4317 637 4369 regnum,
670 4300 804 4355 licet
832 4303 1036 4369 exiguo
1067 4306 1251 4370 spatio
1286 4305 1556 4374 temporis
1588 4306 2016 4375 sustinendum,

369 4380 555 4433 donec
588 4380 687 4434 Dei
721 4379 925 4434 ultimo
951 4383 1174 4451 judicio
1210 4398 1445 4452 regnum
1497 4387 1679 4440 sancti
1735 4386 2019 4454 accipiant

370 4458 822 4538 sempiternum,
856 4462 952 4525 qui
1008 4461 1095 4516 vel
1127 4463 1452 4520 dormitans
1491 4464 1612 4522 haec
1643 4466 1802 4538 legit,
1835 4467 2016 4523 dubi-

370 4544 491 4592 tare
546 4554 657 4592 non
715 4537 942 4594 sinitur.
995 4541 1252 4613 Tempus
1302 4545 1515 4617 quippe
1563 4551 1621 4602 et
1669 4555 1924 4616 tempora
1963 4549 2020 4602 et

371 4617 679 4674 dimidium
715 4621 1014 4690 temporis,
1049 4639 1268 4679 annum
1305 4642 1488 4681 unum
1538 4642 1664 4684 esse
1693 4633 1750 4682 et
1779 4628 1926 4683 duos
1965 4634 2021 4683 et

368 4698 701 4770 dimidium,
757 4718 824 4757 ac
871 4718 974 4773 per
1022 4704 1130 4760 hoc
1185 4717 1298 4762 tres
1346 4723 1530 4762 annos
1580 4712 1636 4760 et
1685 4707 2014 4776 semissem,

367 4781 544 4836 etiam
579 4798 818 4838 numero
851 4785 1074 4840 dierum
1120 4788 1407 4856 posterius
1459 4787 1642 4860 posito
1692 4787 2017 4855 dilucescit,

367 4862 682 4935 aliquando
718 4866 772 4920 in
807 4866 1126 4938 Scripturis
1157 4876 1210 4923 et
1238 4869 1524 4924 mensium
1554 4885 1796 4924 numero
1830 4867 2018 4924 decla-

367 4949 550 4999 ratur.
584 4945 875 5002 Videntur
902 4948 1057 5004 enim
1086 4953 1350 5021 tempora
1383 4949 1684 5006 indeﬁnite
1731 4948 1826 5006 hic
1865 4950 2018 5006 dicta

369 5022 570 5095 lingua
619 5024 834 5082 latina:
891 5029 989 5083 sed
1042 5045 1145 5100 per
1201 5029 1433 5085 dualem
1500 5047 1804 5086 numerum
1864 5031 2020 5088 dicta

436 5356 452 5392 ί
482 5353 1008 5432 Editi.‘hrebetudine‘.
1039 5353 1226 5406 Verius
1254 5356 1619 5432 manuscripti,
1650 5354 1974 5406 habitudine
2001 5369 2019 5404 :

369 5431 495 5466 nam
525 5420 664 5493 apud
692 5420 1040 5493 Septuaginta
1067 5432 1248 5479 graece
1275 5423 1372 5494 est,
1405 5420 1543 5468 exei.
1754 5483 1764 5495 .
1831 5483 1842 5495 θ

371 5480 794 5588 ὃθίξᾱαέξὸἓξω
823 5484 1011 5532 matis.
1043 5482 1221 5541 Abest,
1256 5497 1395 5539 suis,
1440 5496 1472 5532 a
1499 5484 1873 5545 manuscnptis
1905 5483 1958 5532 et
1986 5493 2020 5531 a

407 5545 1038 5673 eguiiatfilttilfaremavebit.
1093 5609 1162 5673 μ
1214 5609 1582 5673 manuscripti,
1639 5610 2016 5673 removebant,

370 5663 566 5715 Graece
590 5663 687 5725 est,
722 5671 1119 5724 metastesousi.

1380 315 1483 374 DE
1527 309 1890 376 CIVITATE
1931 306 2088 379 DEI,
2132 308 2199 368 S.
2246 305 2676 368 AUGUSTINI

3609 308 3726 368 696

2081 447 2245 511 sunt,
2280 457 2453 510 quem
2485 438 2649 496 latini
2682 457 2796 496 nou
2827 439 3066 495 habent.
3099 439 3260 495 Sicut
3301 444 3495 496 autem
3525 441 3732 513 Graeci,

2079 523 2162 579 ita
2191 523 2346 578 hunc
2375 523 2648 577 dicuntur
2677 520 2891 577 habere
2920 524 2978 576 et
3008 520 3253 579 Hebraei.
3284 521 3380 578 Sic
3408 537 3547 594 ergo
3577 523 3736 578 dicta

2081 608 2223 659 sunt
2251 608 2529 674 tempore,
2573 607 2847 672 tanquam
2899 601 3237 658 dicerentur
3281 602 3397 657 duo
3445 607 3734 675 tempore.

2081 683 2278 739 Vereri
2313 699 2404 738 me
2431 699 2572 738 sane
2605 683 2808 749 fateor,
2843 699 2915 738 ne
2945 685 3003 738 in
3047 684 3244 738 decem
3297 683 3554 755 regibus.
3589 700 3738 754 quos

2084 767 2360 832 tanquam
2394 763 2594 818 decem
2626 762 2894 818 homines
2922 761 3152 818 videtur
3199 763 3545 820 inventurus
3574 764 3739 819 Anti-

2085 843 2364 910 christus,
2399 843 2544 898 forte
2577 842 2864 910 fallamur,
2896 847 3073 915 atque
3122 843 3204 899 ita
3254 843 3351 899 ille
3395 843 3736 916 inOpiuatus

2086 922 2375 989 adveniat,
2408 940 2522 978 non
2554 922 2938 980 existentibus
2970 927 3050 980 tot
3097 924 3334 994 regibus
3364 926 3425 980 in
3453 925 3591 980 orbe
3630 923 3738 981 Ro-

2089 1019 2280 1058 mano.
2306 1003 2453 1069 Quid
2489 1002 2641 1058 enim
2679 1003 2727 1057 si
2759 1019 3004 1059 numero
3035 1003 3148 1059 isto
3179 1003 3416 1060 denario
3447 1004 3736 1060 universi-

2087 1087 2178 1137 tas
2210 1098 2412 1153 regum
2446 1082 2776 1154 signiﬁcata
2821 1087 2932 1147 est,
2966 1087 3092 1154 post
3139 1099 3286 1154 quos
3329 1083 3430 1140 ille
3457 1089 3740 1140 venturus

2088 1167 2209 1227 est;
2245 1163 2396 1216 sicut
2427 1161 2773 1230 millenario,
2803 1162 3154 1228 centenario,
3188 1165 3518 1234 septenario
3549 1165 3740 1235 signi-

2089 1242 2301 1298 ficatur
2331 1242 2671 1313 plerumque
2702 1242 3076 1310 universitas,
3109 1248 3167 1298 et
3213 1243 3344 1299 aliis
3393 1250 3569 1317 atque
3609 1244 3742 1300 aliis

2091 1323 2376 1391 numeris,
2430 1340 2574 1396 quos
2631 1340 2790 1380 nunc
2841 1339 3295 1382 commemorare
3339 1342 3452 1382 non
3503 1330 3594 1383 est
3642 1341 3744 1383 ne-

2092 1420 2251 1460 cesse
2271 1403 2298 1459 ?

2161 1484 2214 1539 2.
2250 1483 2376 1540 Alio
2409 1483 2534 1541 loco
2572 1483 2727 1541 idem
2776 1485 3002 1552 Daniel,
3033 1487 3095 1542 Et
3131 1489 3255 1555 erit,
3288 1487 3500 1559 inquit,
3534 1493 3750 1556 tempus

2095 1565 2499 1634 tribulationis,
2531 1567 2714 1637 quatis
2763 1583 2877 1622 non
2923 1569 3040 1638 fuit
3080 1583 3151 1622 ea:
3179 1584 3283 1639 quo
3323 1576 3458 1623 nata
3504 1576 3590 1624 est
3613 1585 3747 1639 gens

2092 1661 2257 1715 super
2286 1652 2498 1700 terram
2526 1662 2695 1718 usque
2721 1647 2800 1702 ad
2850 1654 3060 1719 tempus
3101 1648 3259 1703 illud.
3290 1649 3355 1704 Et
3401 1651 3458 1703 in
3505 1655 3749 1721 tempore

2094 1727 2193 1782 illo
2223 1727 2535 1782 sateabitur
2556 1728 2788 1799 papulas
2820 1737 2945 1783 tuus
2967 1731 3144 1784 omnis
3172 1732 3268 1801 qui
3296 1729 3548 1786 inventus
3573 1732 3750 1801 fuerit

2095 1806 2331 1876 scriptus
2381 1805 2443 1860 in
2491 1807 2653 1863 libro.
2703 1809 2768 1862 Et
2813 1809 2980 1863 multi
3024 1808 3422 1865 dormientium
3467 1812 3532 1866 in
3579 1816 3751 1867 terrae

2096 1902 2290 1957 aggere
2318 1893 2672 1957 exsurgent:
2714 1887 2772 1942 hi
2816 1887 2878 1942 in
2919 1889 3102 1944 vitam
3150 1895 3439 1957 aeternam,
3483 1897 3538 1946 et
3577 1891 3645 1945 hi
3688 1893 3752 1947 in

2098 1966 2449 2038 opprobrium
2479 1977 2534 2022 et
2563 1968 2622 2022 in
2669 1969 3052 2037 confusionem
3093 1974 3380 2025 aeternam.
3422 1971 3484 2026 Et
3533 1969 3754 2026 intelli-

2100 2056 2282 2116 gentes
2311 2046 2596 2118 fulgebunt
2622 2050 2765 2103 sicut
2792 2048 3026 2104 claritas
3047 2050 3406 2120 ﬁrmamenti,
3432 2056 3484 2106 et
3504 2051 3756 2120 exjustis

2100 2127 2264 2182 multi
2319 2130 2460 2183 sicut
2500 2130 2676 2184 stellae
2723 2131 2785 2184 in
2827 2131 3034 2186 saecula
3091 2134 3264 2201 (Dan.
3322 2147 3422 2198 xu,
3487 2131 3628 2200 1-3).
3684 2131 3756 2187 Et

2103 2208 2296 2264 adhuc
2326 2209 2628 2264 sententiae
2658 2209 2741 2265 illi
2793 2210 3135 2281 evangelica
3183 2216 3273 2267 est
3316 2211 3477 2267 locus
3515 2213 3625 2267 iste
3672 2212 3756 2266 si-

2107 2289 2407 2356 millimus,
2462 2292 2532 2346 de
2581 2293 3006 2349 resurrectione
3057 2294 3341 2349 duntaxat
3392 2298 3756 2349 mortuorum

2105 2387 2436 2442 corporum.
2468 2371 2613 2427 Nam
2647 2373 2748 2443 qui
2780 2372 2901 2428 illic
2931 2373 3070 2429 dicti
3114 2378 3252 2429 sunt
3297 2389 3424 2430 esse
3472 2375 3529 2429 in
3561 2390 3764 2431 manu-

2106 2453 2326 2519 mentis,
2377 2452 2488 2523 ipsi
2538 2452 2630 2508 hic
2677 2454 3007 2510 dormientes
3054 2453 3115 2509 in
3162 2461 3330 2511 terrae
3374 2470 3606 2525 aggere;
3650 2453 3760 2521 vel,

2108 2534 2261 2589 sicut
2307 2534 2404 2588 alii
2448 2533 2812 2605 interpretati
2861 2539 3023 2603 sunt,
3072 2537 3132 2591 in
3183 2542 3350 2593 terra?
3393 2537 3648 2608 puli-ere.
3691 2536 3764 2592 Et

2109 2613 2261 2668 sicut
2290 2613 2388 2682 ibi,
2419 2614 2736 2684 precedent,
2770 2615 2990 2671 dictum
3021 2619 3113 2671 est
3144 2631 3158 2683 ;
3193 2616 3270 2671 ita
3295 2615 3406 2680 hic,
3439 2619 3758 2688 exsurgent.

2112 2693 2272 2749 Sicut
2303 2694 2404 2762 ibi,
2441 2695 2542 2762 Qui
2575 2694 2716 2750 bona
2738 2698 3004 2766 fecerunt,
3023 2695 3084 2750 in
3114 2698 3566 2752 resurrectionem
3591 2699 3760 2760 vita;

2113 2777 2210 2844 qui
2236 2781 2423 2829 autem
2455 2775 2603 2830 mata
2632 2783 2886 2844 egerunt,
2916 2777 2973 2830 in
3023 2775 3489 2832 resurrectionem
3518 2776 3729 2847 judicii
3748 2794 3768 2842 ,-

2114 2856 2196 2908 ita
2225 2865 2274 2908 et
2308 2854 2418 2910 isto
2451 2855 2594 2924 loco,
2629 2858 2695 2912 lii
2719 2855 2779 2911 in
2808 2856 2978 2912 vitam
3005 2863 3299 2921 a’ternam,
3328 2861 3379 2912 et
3408 2856 3464 2912 hi
3484 2861 3543 2910 in
3570 2871 3770 2928 oppro-

2117 2938 2297 2990 brium
2327 2945 2377 2991 et
2408 2937 2465 2989 in
2495 2940 2868 3007 con/usionem
2915 2944 3185 2993 eternam
3234 2938 3413 3009 (toan.
3444 2956 3498 3002 v,
3527 2937 3618 3005 28,
3650 2939 3771 3009 29).

2118 3015 2242 3070 Non
2267 3024 2463 3070 autem
2497 3017 2790 3072 diversum
2846 3024 3101 3088 putetur,
3135 3019 3286 3088 quod
3337 3034 3468 3073 cum
3501 3019 3583 3072 ibi
3616 3018 3776 3089 posi-

2119 3099 2240 3149 tum
2272 3094 2367 3160 sit,
2403 3093 2598 3151 Omnes
2641 3100 2736 3166 qui
2779 3101 2908 3152 sunt
2954 3099 3014 3152 in
3060 3099 3458 3164 monumentis,
3503 3097 3601 3151 hic
3657 3113 3772 3152 non

2119 3176 2200 3230 ait
2247 3175 2550 3246 Propheta,
2602 3177 2855 3247 Omnes;
2904 3179 3030 3243 sed,
3081 3178 3243 3234 Multi
3282 3177 3680 3234 dormientium
3715 3179 3777 3232 in

2122 3263 2288 3311 terra:
2315 3273 2531 3326 aggere.
2565 3258 2732 3312 Ponit
2782 3259 2938 3313 enim
2987 3258 3295 3328 aliquando
3345 3256 3645 3330 Scriptura
3676 3273 3778 3326 pro

2123 3337 2395 3391 omnibus
2428 3338 2662 3394 multos.
2698 3339 3002 3408 Propterea
3031 3343 3089 3394 et
3116 3337 3363 3393 Abrahae
3412 3338 3631 3393 dictum
3666 3344 3776 3405 est,

2124 3417 2350 3471 Patrem
2380 3419 2684 3474 multarum
2713 3419 2964 3489 gentium
3003 3421 3162 3489 posui
3191 3424 3244 3473 te
3264 3436 3287 3483 ;
3315 3418 3406 3473 cui
3438 3424 3631 3474 tamen
3663 3419 3780 3473 alio

2125 3497 2270 3566 loco,
2320 3501 2382 3553 In
2425 3502 2655 3566 semine,
2705 3502 2920 3572 inquit,
2991 3507 3083 3555 tuo
3146 3500 3543 3555 benedicentur
3593 3514 3782 3555 omnes

2123 3588 2315 3655 gentes
2345 3580 2499 3650 (Gen.
2535 3598 2664 3648 xvu,
2696 3581 2769 3647 5;
2803 3597 2945 3646 χχιι,
2975 3580 3084 3650 18).
3119 3579 3200 3634 De
3230 3579 3329 3634 tali
3360 3586 3551 3635 autem
3581 3595 3779 3634 resur-

2125 3664 2379 3718 rectione
2413 3663 2546 3716 huic
2579 3677 2806 3731 quoque
2838 3660 2947 3730 ipsi
2998 3660 3291 3731 prophetas
3341 3659 3565 3714 Danieli
3605 3659 3780 3729 paulo

2127 3750 2256 3816 post
2288 3742 2500 3797 dicitur
2528 3758 2541 3795 :
2583 3746 2651 3797 Et
2683 3747 2744 3795 tu
2773 3743 2920 3807 veni,
2968 3747 3023 3795 et
3076 3741 3351 3811 requiesce
3371 3757 3390 3794 :
3418 3739 3603 3794 adhuc
3631 3741 3782 3793 enim

2124 3826 2238 3879 dies
2273 3826 2333 3878 in
2363 3823 2785 3893 completiunem
2813 3822 3344 3887 consummationis;
3370 3827 3423 3875 et
3454 3818 3780 3891 requiesces,

2124 3912 2180 3960 et
2231 3918 2474 3975 resurges
2523 3907 2580 3957 in
2629 3909 2774 3958 sorte
2817 3905 2914 3956 tua
2960 3903 3017 3956 in
3047 3902 3157 3972 ﬁne
3202 3901 3420 3956 dierum
3469 3901 3628 3970 (Dan.
3676 3913 3780 3964 xu,

2126 3986 2239 4058 43).

2127 4147 2365 4203 CAPUT
2404 4145 2546 4202 XIV.
2580 4146 2735 4200 —-In
2784 4143 3018 4199 Psalmis
3066 4140 3344 4198 Davidicis
3388 4154 3516 4212 quae
3557 4139 3624 4194 de
3670 4139 3784 4208 ﬁne

2196 4229 2385 4284 saeculi
2412 4227 2576 4297 hujus
2595 4231 2645 4282 et
2679 4225 2968 4282 novissimo
2997 4225 3092 4279 Dei
3111 4222 3320 4294 judicio
3366 4224 3782 4294 prophetentur.

2201 4375 2252 4428 1.
2294 4371 2468 4426 Multa
2499 4369 2568 4425 de
2592 4366 2813 4438 judicio
2846 4367 3167 4425 novissimo
3217 4368 3494 4424 dicuntur
3525 4367 3583 4423 in
3617 4365 3786 4422 Psal-

2129 4453 2261 4517 mis,
2301 4451 2398 4506 sed
2431 4465 2628 4504 eorum
2665 4447 2834 4519 plura
2872 4451 3242 4504 transeunter
3269 4452 3327 4504 et
3357 4446 3624 4503 strictim.
3662 4443 3786 4500 Hoc

2128 4539 2324 4589 tamen
2356 4530 2511 4600 quod
2543 4529 2613 4584 de
2645 4528 2758 4582 line
2797 4527 2969 4598 hujus
3011 4526 3206 4582 saeculi
3255 4525 3624 4597 apertissime
3653 4524 3785 4579 dic-

2129 4618 2251 4669 tum
2285 4619 2372 4667 est
2402 4611 2506 4680 ibi,
2539 4624 2907 4681 nequaquam
2938 4607 3172 4664 silentio
3203 4607 3530 4680 praeteribo.
3565 4603 3787 4661 Princi-

2127 4697 2219 4768 pio
2267 4702 2476 4750 terram
2521 4697 2578 4749 tu
2614 4693 2892 4764 fundasti,
2937 4691 3184 4760 Domine,
3219 4700 3271 4745 et
3317 4705 3483 4760 opera
3515 4702 3785 4743 manuum

2130 4783 2351 4832 tuarum
2381 4779 2511 4830 sunt
2540 4773 2683 4830 coeti.
2717 4772 2826 4841 Ipsi
2852 4771 3134 4842 peribunt,
3165 4775 3223 4825 tu
3246 4777 3426 4826 autem
3455 4783 3744 4840 permanes
3763 4783 3787 4822 :

2127 4862 2179 4914 et
2208 4873 2399 4912 omnes
2429 4857 2572 4910 sicut
2601 4854 2978 4910 vestimentum
3007 4855 3362 4919 veterascent,
3390 4857 3440 4905 et
3468 4852 3608 4905 sicut
3631 4864 3784 4919 oper-

2129 4937 2335 4994 torium
2360 4936 2597 4992 mutabis
2628 4950 2737 5000 eos,
2779 4936 2828 4989 et
2878 4933 3282 4996 mutabuntur;
3310 4934 3372 4986 tu
3401 4933 3585 4986 autem
3632 4932 3786 4985 idem

2129 5021 2243 5089 ipse
2272 5035 2348 5085 es,
2378 5026 2428 5072 et
2458 5017 2595 5070 anni
2633 5016 2713 5069 tui
2754 5028 2865 5069 non
2911 5011 3168 5083 deﬁcient
3217 5011 3385 5082 (Psal.
3437 5026 3512 5075 c1,
3561 5010 3784 5080 26-28).

2131 5099 2276 5164 Quid
2328 5103 2414 5152 est
2458 5095 2614 5168 quod
2663 5093 3043 5166 Porphyrius,
3093 5108 3225 5148 cum
3271 5092 3544 5163 pietatem
3587 5090 3788 5145 laudet

2133 5180 2527 5241 Hebraeorum,
2557 5193 2671 5248 qua
2701 5191 2953 5244 magnus
2983 5179 3041 5230 et
3068 5188 3236 5229 verus
3266 5180 3315 5228 el
3349 5172 3491 5244 ipsis
3521 5169 3788 5226 numiui-

2131 5260 2241 5316 bus
2274 5257 2546 5315 terribilis
2574 5257 2646 5313 ab
2678 5258 2763 5312 eis
2805 5253 3020 5311 colitur
3070 5255 3240 5310 Deus.
3291 5250 3661 5309 Christianos
3711 5249 3785 5306 ob

2131 5342 2240 5398 hoc
2289 5339 2481 5412 arguit
2529 5337 2793 5394 maxime)
2852 5334 3134 5401 stultitiae,
3186 5333 3364 5390 etiam
3415 5348 3484 5389 ex
3529 5331 3785 5388 oraculis

2131 5424 2367 5478 deorum
2402 5435 2668 5486 suorum,
2702 5418 2855 5491 quod
2885 5420 3058 5473 istum
3092 5415 3383 5472 mundum
3417 5413 3627 5468 dicunt
3655 5425 3784 5467 esse

2132 5503 2453 5577 periturum
2485 5501 2563 5574 (a)
2583 5498 2610 5554 ?
2641 5500 2783 5557 Ecce
2820 5498 2878 5553 in
2910 5495 3120 5554 litteris
3145 5495 3377 5570 pietatis
3407 5493 3780 5552 Hebraeorum

2195 5667 2268 5731 (α)
2297 5663 2424 5716 Vide
2452 5675 2630 5728 supra,
2662 5661 2758 5715 lib.
2795 5657 2871 5721 19,
2901 5672 3015 5725 cap.
3043 5657 3126 5711 23.
