4124 6188
283 373 399 434 697

283 504 500 560 dicitur
547 503 684 570 Deo,
743 520 916 576 quem
984 503 1296 560 conﬁtente
1344 507 1505 559 tanto
1565 505 1930 576 philosopho,

284 587 459 640 etiam
510 584 640 656 ipsa
690 585 934 640 numina
963 584 1433 655 perhorrescunt,
1465 585 1637 657 Opera
1665 602 1932 641 manuum

283 671 510 722 tuarum
539 668 670 719 sunt
707 664 853 730 caeli,
888 664 993 731 ipsi
1020 666 1300 734 peribunt.
1344 665 1662 737 Numquid,
1697 667 1930 738 quando

287 746 410 802 cmli
445 744 735 816 peribunt,
769 745 1050 810 mundus,
1084 749 1252 816 cujus
1301 746 1477 802 iidem
1510 746 1637 801 εωιί
1669 748 1933 817 superior

287 842 424 900 pars
455 833 538 880 est
568 826 770 894 tutior,
804 842 918 882 non
951 827 1202 895 peribit?
1230 826 1289 882 Si
1335 825 1455 882 haec
1486 827 1776 883 sententia
1804 826 1929 882 Jovi

287 905 581 978 displicet,
637 908 828 976 cujus,
861 914 922 961 ut
951 906 1157 962 scribit
1201 908 1308 963 iste
1340 906 1744 979 philosophus,
1777 908 1934 963 velut

289 985 572 1060 gravioris
624 986 985 1043 auctoritatis
1052 988 1287 1044 oraculo
1353 989 1410 1043 in
1479 988 1930 1044 christianorum

287 1065 629 1123 credulitate
658 1067 963 1136 culpatur;
999 1084 1103 1123 cur
1134 1084 1245 1124 non
1278 1067 1545 1124 similiter
1563 1068 1930 1140 sapientiam,

290 1153 572 1218 tanquam
609 1145 941 1215 stultitiam,
966 1148 1161 1218 culpat
1177 1150 1573 1216 Hebraeorum,
1598 1149 1657 1204 in
1680 1164 1930 1220 quorum

285 1225 456 1282 libris
475 1225 753 1296 piissimis
777 1227 1115 1283 invenitur?
1137 1228 1310 1284 Porro
1323 1231 1368 1284 si
1388 1229 1444 1284 in
1463 1230 1562 1284 illa
1583 1229 1868 1300 sapientia
1891 1235 1931 1295 ί,

289 1321 416 1378 quis
452 1305 768 1377 Porphyrio
789 1312 908 1362 tam
943 1307 1193 1364 multum
1227 1309 1431 1380 placet,
1460 1314 1524 1365 ut
1544 1325 1669 1363 eam
1693 1310 1933 1364 deorum

287 1401 525 1458 quoque
574 1402 811 1442 suorum
861 1387 1100 1443 vocibus
1151 1390 1441 1458 praedicet,
1493 1389 1706 1460 legitur
1762 1388 1934 1444 castos

287 1481 420 1521 esse
451 1465 769 1536 perituros;
805 1482 909 1522 cur
941 1484 1125 1540 usque
1155 1470 1296 1525 adeo
1327 1486 1475 1525 vana
1503 1476 1593 1525 est
1623 1471 1737 1525 ista
1768 1469 1932 1524 falla-

290 1546 402 1613 cia,
434 1553 494 1600 ut
525 1545 584 1600 in
619 1545 730 1601 fide
773 1546 1252 1616 Christianorum,
1284 1549 1373 1604 vel
1419 1551 1571 1604 inter
1594 1559 1814 1616 cratera,
1846 1549 1933 1605 vel

291 1643 408 1698 prie
441 1625 661 1681 ceteris
692 1626 800 1681 hoc
848 1628 1230 1697 detestentur,
1264 1633 1415 1701 quod
1452 1632 1508 1688 in
1540 1648 1608 1687 ea
1638 1633 1934 1704 periturus

290 1705 547 1761 creditur
571 1705 850 1771 mundus,
875 1723 987 1777 quo
1012 1709 1210 1780 utique
1235 1709 1345 1765 nisi
1369 1717 1647 1781 pereunte
1669 1711 1795 1767 οωΙί
1819 1728 1934 1767 ιιοιι

291 1790 538 1858 possunt
569 1786 753 1857 perire
774 1786 802 1840 ‘?
833 1789 902 1842 Et
931 1788 987 1842 in
1019 1789 1246 1846 Litteris
1284 1794 1522 1863 quidem
1576 1795 1779 1863 sacris,
1812 1810 1935 1864 quas

294 1867 526 1939 proprie
562 1871 771 1923 nostra:
797 1874 954 1937 sunt,
1006 1886 1119 1926 non
1172 1871 1425 1930 Hebraeis
1465 1875 1749 1946 nobisque
1780 1892 1938 1930 com-

295 1963 528 2016 munes,
559 1948 612 2003 id
646 1952 756 2020 est,
789 1949 847 2004 in
888 1951 1231 2020 evangelicis
1282 1959 1338 2009 et
1385 1956 1721 2026 apostolicis
1770 1955 1937 2011 libris

296 2027 530 2099 legitur,
581 2029 838 2083 Przterit
891 2030 1082 2100 ﬁgura
1133 2033 1298 2105 hujus
1340 2037 1537 2092 mundi
1572 2038 1620 2105 (Ι
1669 2039 1788 2092 Cor.
1839 2053 1936 2105 vu,

292 2109 384 2180 31)
413 2125 427 2164 :
463 2107 695 2180 legitur,
727 2109 956 2164 Mundus
979 2115 1181 2168 transit
1211 2115 1256 2185 (Ι
1279 2117 1436 2172 Joan.
1463 2135 1522 2185 ιι,
1551 2118 1635 2187 17)
1661 2135 1673 2172 :
1709 2118 1938 2185 legitur,

295 2190 494 2245 Cretum
543 2192 594 2244 et
644 2195 792 2245 terra
840 2191 1154 2248 transibunt
1212 2195 1426 2264 (Matth.
1475 2215 1610 2265 xxii,
1667 2198 1777 2268 35).
1827 2198 1938 2253 Sed

294 2275 436 2342 puto
467 2271 619 2341 quod
667 2273 930 2341 praeterit,
973 2276 1200 2342 transit,
1243 2278 1577 2346 transibunt,
1628 2278 1940 2349 aliquando

293 2350 497 2405 mitius
529 2349 684 2405 dicta
714 2355 872 2417 sunt,
905 2368 1080 2422 quam
1112 2356 1390 2424 peribunt.
1425 2360 1487 2413 In
1520 2358 1775 2428 Epistola
1799 2375 1938 2428 quo-

302 2445 410 2500 que
438 2429 902 2512 Petrigapostoli,
939 2432 1034 2486 ubi
1079 2451 1230 2505 aqua
1277 2437 1619 2507 inundatus,
1655 2440 1751 2512 qui
1801 2443 1941 2494 tunc

301 2516 447 2576 erat,
496 2510 716 2580 perisse
757 2511 947 2566 dictus
991 2517 1080 2568 est
1128 2519 1382 2572 mundus
1415 2521 1484 2589 (ΙΙ
1532 2510 1685 2576 Pelr.
1737 2537 1820 2589 ιιι,
1860 2522 1939 2590 6),

301 2591 445 2647 satis
473 2597 696 2646 clarum
728 2595 835 2657 est,
867 2597 924 2646 et
954 2608 1082 2664 quae
1107 2613 1243 2666 pars
1277 2601 1480 2655 mundi
1507 2618 1540 2656 a
1579 2606 1696 2657 toto
1730 2602 1944 2672 signiti-

297 2677 536 2754 cata,‘e‘t
563 2677 845 2754 quatenus
896 2673 1116 2754 perisse
1163 2676 1314 2733 dicta
1345 2681 1442 2748 sit,
1475 2685 1530 2737 et
1561 2682 1658 2754 qui
1692 2681 1818 2737 cceli
1852 2698 1941 2737 re-

299 2751 473 2823 positi
503 2752 621 2820 igni
653 2753 978 2808 reservandi
1010 2753 1069 2810 in
1101 2757 1254 2814 diem
1289 2761 1488 2828 iudicii
1521 2751 1945 2831 etiperditionis

301 2831 610 2914 hominum
642 2831 977 2914 impiorum.
1007 2837 1074 2889 Et
1105 2836 1162 2890 in
1195 2853 1262 2894 eo
1294 2843 1442 2911 quod
1479 2842 1652 2913 paulo
1685 2850 1812 2914 post
1843 2846 1944 2912 ait,

304 2909 487 2997 l’eniet
517 2910 630 2966 dies
660 2911 880 2997 Domini
909 2918 970 2967 ut
996 2917 1110 2984 fur,
1141 2918 1200 2971 in
1231 2909 1335 2990 quo
1363 2909 1494 2978 caeli
1513 2909 1713 2994 magno
1742 2909 1947 2997 impetu

295 2994 698 3059 transcurrent,
729 2989 1004 3074 elementa
1023 3001 1208 3052 autem
1237 2989 1489 3057 ardentia
1521 2989 1874 3074 resolventur,
1898 3014 1949 3060 et

297 3081 467 3138 terra,
499 3075 549 3126 et
575 3087 694 3142 qua:
717 3074 774 3126 in
797 3073 916 3143 ipsa
943 3081 1070 3130 sunt
1089 3093 1256 3148 Opera
1277 3092 1580 3138 exurentur
1597 3101 1618 3146 ;
1642 3102 1707 3140 ac
1737 3085 1947 3140 deinde

297 3153 692 3235 subjecit,itlis
722 3155 976 3235 omnibus
1001 3161 1356 3227 pereuntibus
1386 3165 1572 3234 quales
1620 3169 1828 3235 oportet
1859 3181 1948 3222 vos

295 3249 410 3319 esse
439 3234 606 3304 (Ibid.
652 3234 861 3319 ttlpll)
884 3234 912 3289 ‘t
944 3249 1186 3319 possunt
1217 3240 1302 3298 illi
1333 3245 1464 3300 οωΙί
1505 3234 1752 3318 intelligi
1795 3251 1944 3319 perl-

297 3314 435 3396 turi,
471 3330 619 3385 quos
649 3314 796 3396 dixit
845 3317 1130 3387 repositos
1179 3322 1298 3394 igni
1351 3314 1762 3396 reservandos;
1795 3314 1852 3383 et
1881 3344 1948 3382 ea

296 3394 581 3451 elementa
619 3395 802 3466 accipi
857 3411 1079 3470 arsura,
1133 3419 1260 3473 qua:
1310 3405 1369 3460 in
1419 3406 1526 3462 hac
1581 3408 1701 3463 ima
1748 3394 1948 3463 mundi

296 3478 459 3558 parte
489 3476 821 3558 subsistunt
869 3482 1187 3552 procelloso
1240 3489 1298 3538 et
1341 3486 1693 3554 turbulenta,
1735 3487 1792 3541 in
1835 3504 1949 3558 qua

298 3556 528 3637 eosdem
562 3557 737 3616 caelos
764 3563 910 3616 dixit
939 3577 1066 3618 esse
1089 3565 1394 3633 repositos,
1427 3565 1602 3621 salvis
1636 3567 1752 3622 illis
1783 3556 1947 3637 supe-

300 3635 571 3719 rioribus,
606 3643 662 3693 et
688 3639 745 3695 in
780 3659 888 3698 sua
918 3643 1250 3714 integritate
1290 3647 1678 3714 manentibus,
1712 3647 1768 3701 in
1803 3635 1948 3719 quo-

298 3732 433 3771 rum
498 3717 874 3778 ﬁrmamento
921 3727 1060 3778 sunt
1105 3725 1296 3779 sidera
1345 3731 1677 3782 constituta.
1716 3717 1862 3783 Nam
1893 3732 1950 3783 et

296 3796 442 3851 illud
477 3801 626 3869 quod
660 3803 944 3873 scriptum
987 3808 1096 3874 est,
1129 3804 1324 3861 stellas
1355 3806 1426 3862 de
1458 3808 1595 3864 emlo
1626 3825 1748 3865 esse
1778 3826 1946 3865 casu-

298 3877 636 3961 ras(lla_tth.
687 3898 843 3947 xxxv,
901 3884 1014 3956 29),
1070 3890 1278 3956 printer
1327 3891 1478 3960 quod
1531 3894 1720 3961 potest
1767 3890 1948 3948 multo

299 3959 666 4030 probabilius
697 3967 755 4017 et
784 3962 951 4019 aliter
980 3965 1248 4037 intelligi,
1294 3959 1477 4038 magis
1510 3959 1762 4026 ostendit
1794 3989 1949 4026 man-

296 4055 467 4094 suros
496 4056 624 4096 esse
656 4041 785 4098 illos
816 4044 984 4100 oculos
1010 4061 1024 4101 :
1055 4045 1103 4101 si
1133 4051 1327 4104 tamen
1361 4049 1698 4106 stellaeinde
1729 4067 1947 4107 casuraa

297 4127 472 4200 sunt;
503 4137 637 4176 cum
670 4123 756 4179 vel
789 4126 1012 4196 tropica
1059 4128 1136 4182 sit
1185 4127 1419 4197 locutio,
1455 4132 1606 4200 quod
1639 4135 1730 4187 est
1758 4133 1948 4188 credi-

297 4199 616 4284 bilius,vel
647 4203 706 4258 in
737 4203 848 4259 isto
898 4205 1014 4264 imo
1063 4206 1207 4264 coelo
1259 4199 1526 4265 futurum
1579 4212 1654 4267 sit
1674 4213 1716 4279 ²,
1750 4215 1950 4284 utique

301 4280 633 4338 mirabilius
664 4299 842 4354 quam
873 4302 1025 4342 nunc
1052 4289 1133 4344 fit.
1159 4288 1322 4345 Unde
1342 4298 1395 4347 et
1419 4291 1519 4346 illa
1540 4291 1854 4364 Virgiliana

364 4404 530 4456 Stella
555 4407 724 4458 facem
753 4410 949 4461 ducens
978 4413 1150 4463 multa
1176 4427 1296 4465 cum
1325 4417 1441 4466 luce
1473 4419 1720 4469 cucurrit.

302 4529 363 4608 et
388 4525 553 4608 Aldina
590 4542 652 4584 se
703 4529 960 4586 condidit
1007 4533 1152 4588 silva
1185 4534 1423 4606 (Ai'neid.
1473 4537 1571 4594 lib.
1627 4556 1692 4605 ιι,
1736 4557 1788 4597 υ.
1821 4539 1951 4608 694,

301 4606 429 4660 696.
463 4607 480 4677 )
513 4606 630 4662 Hoc
653 4613 849 4665 autem
900 4613 1052 4681 quod
1086 4613 1154 4669 de
1197 4616 1426 4672 l’salmo
1476 4606 1952 4688 commemoravi,

303 4687 537 4744 nullum
569 4689 846 4746 oculorum
899 4693 1132 4749 videtur
1172 4695 1515 4768 relinquere,
1547 4702 1700 4771 quod
1733 4687 1951 4770 peritué

303 4784 436 4824 rum
478 4784 606 4825 esse
637 4787 753 4827 non
785 4771 1011 4830 dixerit.
1050 4772 1152 4830 Ubi
1185 4776 1338 4831 enim
1372 4777 1604 4847 dicitur,
1637 4781 1811 4852 Opera
1832 4799 1950 4837 ma-

301 4865 477 4904 nuum
509 4857 732 4906 tuarum
751 4859 881 4907 sunt
907 4852 1052 4919 caeli,
1073 4855 1185 4926 ipsi
1201 4855 1461 4927 peribunt
1477 4853 1696 4930 {quam
1722 4860 1947 4916 nullum

302 4944 502 5012 eorum
535 4930 609 4986 ab
639 4947 810 5002 opere
841 4931 963 4993 Dei,
995 4937 1115 4991 tam
1148 4935 1378 4993 nullum
1426 4953 1627 4994 eorum
1678 4957 1711 4996 a
1756 4942 1954 5012 perdi-

303 5011 462 5065 tione
491 5011 830 5067 secernitur.
862 5015 991 5070 Non
1041 5015 1196 5072 enim
1247 5017 1647 5088 dignabuntur
1693 5011 1771 5077 de
1803 5021 1951 5078 Petri

301 5088 553 5175 apostoli
614 5090 930 5175 locutione,
997 5097 1210 5164 quem3
1259 5097 1631 5156 vehementer
1684 5103 1951 5175 oderunt,

303 5168 677 5227 Hebraeorum
726 5171 1034 5230 defendere
1065 5175 1362 5249 pietatem,
1413 5179 1654 5238 deorum
1706 5168 1951 5240 suorum

305 5419 576 5532 Msisliditl,
607 5423 886 5486 sapientia
929 5424 1291 5479 Judaeorum.
1339 5427 1518 5488 Abest,
1559 5431 1892 5494 Judaerum,
1925 5449 1958 5486 a

373 5544 736 5620 f§olaﬁeditio
755 5551 902 5612 Lov.,
931 5552 1203 5613 futurum
1233 5552 1306 5604 sit
1338 5555 1576 5620 aliquid.

369 5607 391 5643 ³
419 5607 660 5674 Plerique
687 5613 828 5677 Mss.,
861 5607 1044 5678 quam.

1643 371 1872 432 LIBER
1917 371 2366 433 VIGESIMUS.

3564 382 3686 443 698

2043 506 2298 562 oraculis
2342 505 2760 577 approbatum;
2799 512 2860 562 ut
2890 509 3092 564 saltem
3143 527 3212 566 ne
3247 516 3403 569 totus
3435 518 3687 574 mundus

2040 585 2336 656 periturus
2365 602 2492 641 esse
2521 587 2808 653 credatur,
2844 588 2926 644 sic
2959 605 2992 644 a
3024 593 3144 645 toto
3177 608 3310 662 pars
3349 595 3686 664 accipiatur,

2040 667 2100 721 in
2132 683 2197 722 eo
2233 667 2386 736 quod
2420 667 2640 723 dictum
2672 672 2780 733 est,
2811 670 2929 740 Ipsi
2951 670 3232 740 peribunt,
3253 689 3386 729 eum
3419 676 3526 730 soli
3562 679 3688 732 coeli

2040 747 2228 801 inﬁmi
2262 747 2380 801 sint
2413 746 2690 817 perituri;
2726 751 3216 819 quemadmodum
3265 753 3323 808 in
3377 757 3690 824 apostolica

2039 826 2139 912 illa
2170 827 2425 912 Epistola
2455 843 2487 882 a
2513 831 2633 883 toto
2665 845 2800 912 pars
2833 831 3141 901 accipitur,
3175 835 3325 903 quod
3352 833 3568 912 diluvio
3601 853 3692 907 pe-

2041 909 2187 964 risse
2226 909 2416 964 dictus
2466 913 2555 964 est
2598 910 2880 974 mundus,
2915 914 3184 983 quamvis
3222 914 3342 970 sola
3386 909 3514 986 ejus
3555 932 3687 973 cum

2041 990 2160 1045 suis
2191 991 2353 1046 cmlis
2377 1008 2507 1062 pars
2538 991 2655 1046 ima
2687 993 2936 1063 perierit.
2972 996 3079 1049 Sed
3114 995 3251 1065 quia
3286 997 3408 1064 hoc,
3442 1004 3506 1053 ut
3549 1000 3688 1063 dixi,

2042 1087 2156 1127 non
2205 1073 2619 1142 dignabunlur,
2654 1088 2724 1127 ne
2771 1073 2858 1128 vel
2893 1075 3141 1144 apostoli
3193 1076 3344 1131 Petri
3373 1080 3692 1150 approbent

2042 1167 2278 1207 sensum
2307 1153 2389 1206 vel
2424 1157 2650 1207 tantum
2677 1155 2992 1208 concedant
3024 1155 3462 1226 conﬂagrationi
3495 1161 3690 1216 novis-

2041 1231 2226 1311 simae,
2277 1237 2564 1302 quantum
2615 1233 2860 1288 dicimus
2922 1233 3178 1290 valuisse
3225 1237 3532 1308 diluvium,
3584 1241 3686 1311 qui

2043 1310 2224 1366 nullis
2253 1313 2442 1382 aquis,
2472 1311 2648 1367 nullis
2674 1313 2927 1368 ﬂammis
2953 1318 3134 1370 totum
3159 1332 3342 1388 genus
3364 1310 3686 1377 humanum

2044 1407 2212 1462 posse
2246 1393 2430 1461 perire
2473 1393 2869 1448 contendunt:
2905 1399 3086 1450 restat
3157 1402 3220 1450 ut
3268 1399 3482 1466 dicant,
3533 1399 3689 1469 quod

2045 1479 2343 1544 prepterea
2371 1471 2448 1526 dii
2480 1489 2679 1527 eorum
2716 1475 3014 1529 Hebraeum
3047 1475 3394 1546 sapientiam
3426 1479 3689 1535 laudave-
3787 1493 3790 1495 λ

2044 1557 2202 1615 ruut,
2235 1553 2372 1623 quia
2400 1552 2573 1607 istum
2608 1553 2907 1608 Psalmum
2942 1571 3054 1609 non
3097 1555 3376 1626 legerant.

2112 1633 2166 1686 2.
2201 1634 2262 1687 In
2295 1633 2524 1688 Psalmo
2555 1634 2727 1688 etiam
2759 1635 3202 1705 quadragesimo
3244 1655 3395 1694 nono
3437 1640 3507 1694 de
3532 1639 3692 1711 judi-

2045 1713 2135 1768 cio
2169 1712 2270 1768 Dei
2305 1713 2618 1768 novissimo
2673 1714 3021 1785 intelligitur
3066 1715 3311 1779 dictum,
3341 1719 3481 1773 Deus
3511 1721 3692 1774 mani-

2043 1799 2214 1864 festus
2263 1795 2460 1860 veniet,
2493 1792 2629 1848 Deus
2667 1801 2870 1860 noster,
2920 1798 2970 1849 et
3017 1810 3125 1850 non
3193 1797 3390 1851 silebit.
3434 1799 3588 1870 Ignis
3634 1801 3695 1852 in

2045 1879 2330 1942 conspectu
2359 1874 2474 1942 eius
2503 1873 2735 1943 ardebit,
2775 1881 2827 1928 et
2859 1876 2917 1928 in
2945 1877 3239 1930 circumitu
3268 1878 3383 1948 ejus
3407 1885 3698 1950 tempestas

2047 1954 2250 2008 valida.
2286 1954 2576 2008 Advocabit
2606 1955 2799 2008 emtum
2828 1971 3069 2018 sursum,
3089 1964 3140 2010 et
3165 1965 3372 2012 terram
3396 1958 3700 2016 discernere

2045 2034 2311 2107 populum
2340 2051 2521 2088 suum.
2559 2035 2888 2105 Congregate
2934 2037 3021 2089 illi
3054 2036 3236 2104 justas
3284 2039 3422 2106 eius,
3453 2042 3549 2109 qui
3593 2040 3700 2094 dis-

2045 2121 2260 2184 ponunt
2294 2120 2682 2168 testamentum
2713 2114 2830 2183 ejus
2848 2131 3012 2185 super
3039 2119 3306 2184 sacriﬁcia
3337 2119 3510 2187 (Psal.
3543 2135 3697 2186 xux,

2051 2198 2192 2265 3-5).
2227 2195 2344 2250 Hoc
2376 2211 2478 2250 nos
2509 2196 2576 2249 de
2599 2196 2839 2250 Domino
2864 2204 3059 2251 nostro
3079 2199 3216 2251 Jesu
3241 2197 3465 2252 Christo
3493 2198 3700 2253 intelli-

2051 2281 2267 2350 gimus,
2304 2292 2474 2347 quem
2508 2276 2578 2330 de
2607 2275 2750 2330 coelo
2783 2291 3087 2346 speramus
3117 2293 3247 2332 esse
3277 2283 3589 2334 venturum
3627 2279 3698 2335 ad

2049 2360 2209 2412 vivos
2230 2363 2286 2412 et
2316 2362 2580 2412 mortuos
2603 2357 2975 2424 judicandos.
3011 2356 3367 2412 Manilestus
3414 2359 3568 2413 enim
3601 2375 3703 2414 ve-

2054 2440 2174 2493 niet
2202 2439 2354 2492 inter
2377 2438 2570 2506 justos
2592 2439 2650 2490 et
2673 2435 2926 2505 injustos
2971 2436 3342 2505 judicaturus
3388 2439 3566 2507 juste,
3601 2431 3700 2508 qui

2055 2519 2212 2592 prius
2242 2518 2399 2573 venit
2429 2515 2693 2573 occultus
2725 2519 2795 2571 ab
2830 2517 3434 2588 injustisjudiczindus
3457 2520 3699 2589 injuste.

2056 2609 2201 2672 Ipse,
2235 2601 2495 2671 inquam,
2543 2599 2867 2665 mani/estus
2896 2601 3092 2664 veniet,
3144 2604 3196 2654 et
3243 2616 3354 2653 non
3401 2601 3601 2666 silebit,
3635 2601 3691 2655 id

2054 2686 2164 2749 est,
2197 2681 2254 2735 in
2303 2695 2438 2735 voce
2478 2679 2694 2748 judicis
2739 2677 2973 2734 evidens
3020 2680 3344 2748 apparebit,
3388 2679 3488 2750 qui
3541 2679 3703 2749 prius

2056 2778 2188 2816 cum
2219 2760 2472 2816 venisset
2503 2757 2787 2824 occultus,
2821 2762 2955 2812 ante
2980 2759 3236 2828 judicem
3266 2759 3449 2828 siluit,
3471 2760 3705 2831 quando

2057 2843 2213 2898 sicut
2260 2841 2380 2897 ovis
2431 2841 2499 2894 ad
2545 2838 2968 2894 immolandum
3037 2839 3246 2896 ductus
3295 2845 3401 2908 est,
3453 2844 3510 2894 et
3557 2840 3710 2894 sicut

2059 2939 2245 2994 agnus
2275 2935 2467 2975 coram
2501 2919 2776 2974 tondente
2810 2919 2920 2973 fuit
2949 2918 3075 2973 sine
3123 2934 3280 2986 voce,
3330 2921 3709 2990 quemadmo-

2057 3005 2196 3058 dum
2229 3001 2300 3056 de
2329 3000 2430 3054 illo
2462 3015 2564 3071 per
2594 2999 2799 3053 Isaiam
2835 2997 3086 3068 legimus
3110 2998 3518 3069 prophetatum
3553 2999 3712 3070 (lsoi.

2060 3098 2178 3147 Lm,
2203 3081 2284 3148 7),
2316 3086 2373 3134 et
2403 3079 2460 3132 in
2494 3076 2804 3147 Evangelia
2837 3079 3103 3132 videmus
3154 3077 3460 3148 impletum
3495 3076 3714 3149 (illatth.

2058 3179 2210 3228 xxvr,
2233 3162 2346 3231 63).
2381 3163 2459 3214 De
2491 3158 2623 3229 igne
2653 3174 2784 3212 vero
2811 3161 2867 3212 et
2899 3161 3262 3228 tempestate,
3308 3173 3440 3212 cum
3465 3158 3521 3211 in
3554 3155 3713 3212 Isaiae

2060 3241 2362 3314 prophetia
2411 3237 2522 3293 tale
2573 3236 2796 3308 aliquid
2843 3241 3252 3307 tractaremus,
3300 3236 3596 3307 quomodo
3629 3252 3716 3291 es-
3789 3309 3792 3312 ,

2061 3327 2191 3376 sent
2219 3322 2339 3375 hair:
2361 3318 2756 3389 intelligenda,
2787 3317 2908 3386 jam
2941 3317 3198 3371 diximus
3235 3322 3372 3386 (cap.
3404 3318 3515 3384 2t).
3549 3316 3711 3378 Quod

2059 3417 2192 3456 vero
2223 3400 2444 3454 dictum
2477 3404 2586 3466 est,
2621 3396 2910 3451 Aduocobit
2931 3398 3122 3450 cretum
3146 3411 3361 3450 sursum
3385 3414 3402 3449 :
3428 3397 3708 3466 quoniam

2061 3481 2241 3537 sancti
2274 3484 2330 3536 et
2352 3480 2498 3549 justi
2531 3485 2682 3531 recte
2727 3475 2933 3530 coelum
2985 3474 3351 3545 appellantur
3381 3492 3395 3541 ;
3430 3475 3711 3529 nimirum

2063 3563 2172 3618 hoc
2211 3564 2316 3627 est,
2367 3559 2521 3629 quod
2571 3557 2650 3610 ait
2696 3554 3029 3626 Apostolus,
3084 3553 3274 3608 Simul
3323 3569 3447 3608 cum
3481 3553 3597 3607 illis
3626 3570 3719 3606 ra-

2059 3643 2278 3714 piemur
2340 3641 2401 3695 in
2460 3637 2698 3691 nubibus
2757 3638 2814 3689 in
2874 3634 3087 3690 obviam
3146 3632 3359 3687 Christo
3411 3636 3470 3687 in
3502 3648 3634 3714 aera
3663 3635 3716 3702 (Ι

2066 3711 2240 3780 Thess.
2275 3738 2351 3787 1v,
2389 3721 2496 3787 16).
2529 3719 2672 3772 Nam
2705 3717 3018 3772 secundum
3067 3715 3266 3769 litterae
3317 3711 3712 3787 superﬁciem,

2061 3803 2354 3876 quomodo
2401 3814 2635 3855 sursum
2689 3798 2997 3852 advocatur
3041 3794 3270 3876 coelum,
3318 3794 3486 3864 quasi
3533 3793 3716 3876 possit

2063 3873 2186 3941 esse
2218 3883 2330 3938 nisi
2364 3878 2641 3936 sursum?
2688 3876 2850 3942 Quod
2883 3879 3076 3931 autem
3123 3875 3467 3944 adjunctum
3511 3878 3619 3938 est,
3655 3873 3716 3927 Et

2061 3971 2266 4020 terram
2293 3962 2600 4017 discernere
2626 3957 2890 4029 populum
2913 3971 3100 4022 suum,
3121 3954 3169 4008 si
3190 3953 3598 4008 tantummodo
3624 3967 3717 4006 su-

2064 4044 2376 4100 baudiatur
2411 4041 2718 4105 advocabit,
2763 4037 2821 4091 id
2871 4040 2981 4104 est,
3039 4033 3346 4090 advocabit
3395 4037 3451 4087 et
3478 4037 3712 4097 terram,

2063 4140 2169 4180 nec
2195 4122 2580 4179 subaudiatur
2608 4133 2849 4188 sursum,
2882 4116 3042 4170 hunc
3071 4113 3302 4168 videtur
3331 4111 3546 4167 habere
3578 4126 3713 4166 sen-

2063 4222 2192 4262 sum
2217 4204 2541 4261 secundum
2575 4204 2790 4255 rectam
2835 4197 3033 4262 fidem,
3077 4198 3141 4249 ut
3170 4191 3379 4248 coelum
3415 4189 3706 4261 intelliga-

2063 4293 2157 4344 tur
2187 4288 2246 4342 in
2277 4287 2362 4341 eis
2393 4283 2494 4356 qui
2523 4297 2656 4337 cum
2687 4279 2787 4334 illo
2819 4282 2957 4332 sunt
2999 4273 3345 4356 judicaturi,
3375 4277 3432 4329 et
3469 4277 3621 4328 terra
3651 4271 3711 4326 in

2064 4369 2148 4425 eis
2179 4367 2278 4438 qui
2301 4355 2603 4436 judicandi
2635 4367 2808 4415 sunt:
2843 4362 2908 4414 ut
2928 4355 3230 4438 (Adt'ocabit
3252 4355 3441 4438 coelum
3472 4368 3715 4438 sursum,

2065 4432 2315 4505 non-hie
2337 4445 2760 4516 intelligamus,
2791 4437 3000 4511 Rapiat
3021 4437 3080 4491 in
3109 4452 3276 4503 aera;
3315 4433 3439 4516 sed,
3462 4435 3534 4516 (In
3561 4432 3717 4516 judi-

2063 4530 2271 4587 ciarias
2300 4527 2468 4583 sedes
2495 4514 2697 4596 eriget.
2729 4523 2925 4577 Potest
2952 4523 3010 4574 et
3038 4516 3185 4572 illud
3229 4514 3472 4596 intelligi
3500 4529 3514 4570 :
3549 4514 3718 4596 Advo-

2063 4613 2210 4668 cabit
2239 4610 2435 4665 caelum
2465 4593 2709 4671 sursum,
2739 4599 3058 4657 Advocabit
3087 4595 3336 4667 Angelos
3358 4594 3415 4649 in
3449 4593 3719 4664 supernis

2064 4697 2121 4749 et
2150 4690 2392 4748 excelsis
2422 4687 2585 4753 locis,
2627 4700 2759 4740 cum
2795 4680 3004 4751 quibus
3045 4677 3364 4732 descendat
3409 4675 3476 4728 ad
3509 4673 3721 4728 facien-

2065 4781 2207 4836 dum
2233 4777 2519 4851 judicium
2547 4791 2561 4832 :
2611 4769 2924 4851 Advocabit
2951 4773 3003 4851 et
3055 4772 3281 4851 terram,
3319 4761 3378 4816 id
3410 4765 3499 4851 est
3530 4759 3718 4814 homi-

2066 4878 2171 4917 nes
2201 4843 2260 4916 in
2291 4863 2445 4914 terra
2474 4855 2678 4925 utique
2702 4848 3077 4931 judicandos.
3103 4843 3381 4931 Siautem
3407 4843 3717 4931 utrumque

2066 4938 2538 4999 subaudiendum
2571 4920 2679 5001 est,
2705 4920 2841 4986 cum
2870 4926 3102 4990 dicitur,
3135 4929 3186 4979 et
3220 4932 3443 4988 terram,
3468 4920 3524 4974 id
3556 4923 3717 5001 estet

2066 5021 2379 5088 advocabit,
2407 5021 2464 5073 et
2492 5000 2742 5072 sursum;
2768 5014 2833 5065 ut
2863 5009 2980 5093 iste
3007 5007 3083 5062 sit
3125 5019 3353 5093 sensus,
3399 5000 3716 5093 Advocabit

2069 5101 2280 5159 coelum
2311 5079 2569 5164 sursum,
2598 5102 2651 5149 et
2681 5097 2893 5148 terram
2915 5086 3223 5172 advocabit
3251 5097 3488 5172 sursum
3519 5099 3531 5136 :
3567 5079 3713 5172 nihil

2069 5181 2281 5240 melius
2312 5177 2556 5248 intelligi
2603 5173 2894 5232 existimo,
2949 5184 3126 5253 quam
3159 5165 3459 5253 homines:
3491 5165 3590 5233 qui
3617 5178 3714 5253 ra-

2071 5265 2304 5338 pientur
2341 5259 2402 5315 in
2433 5243 2659 5315 ob'viam
2689 5254 2918 5310 Christo
2948 5251 3008 5307 in
3040 5264 3194 5318 aera,
3225 5245 3328 5303 sed
3359 5243 3569 5301 cretum
3599 5243 3715 5299 dic-

2135 5561 2150 5596 1
2183 5555 2244 5605 In
2273 5551 2520 5609 omnibus
2551 5547 2694 5612 Mss,
2717 5559 2884 5610 quam
2915 5557 3120 5594 omnes.
