  <div class='ocr_page' id='page_1' title='image "/cluster/home/n/w/nwhite01/storage/ocr_20150623/41/hvd.32044096580634/355.png"; bbox 0 0 4146 6198; ppageno 0'>
   <div class='ocr_carea' id='block_1_1' title="bbox 461 341 582 402">
    <p class='ocr_par' dir='ltr' id='par_1_1' title="bbox 461 341 582 402">
     <span class='ocr_line' id='line_1_1' title="bbox 461 341 582 402; baseline -0.017 0"><span class='ocrx_word' id='word_1_1' title='bbox 461 341 582 402; x_wconf 83' lang='grc'>699</span> 
     </span>
    </p>
   </div>
   <div class='ocr_carea' id='block_1_2' title="bbox 466 467 2104 547">
    <p class='ocr_par' dir='ltr' id='par_1_2' title="bbox 466 467 2104 547">
     <span class='ocr_line' id='line_1_2' title="bbox 466 467 2104 547; baseline -0.007 -15"><span class='ocrx_word' id='word_1_2' title='bbox 466 480 594 532; x_wconf 88' lang='lat' dir='ltr'><strong>tum</strong></span> <span class='ocrx_word' id='word_1_3' title='bbox 626 479 856 547; x_wconf 84' lang='lat' dir='ltr'><strong>propter</strong></span> <span class='ocrx_word' id='word_1_4' title='bbox 887 474 1133 539; x_wconf 85' lang='lat' dir='ltr'><strong>animas,</strong></span> <span class='ocrx_word' id='word_1_5' title='bbox 1169 475 1376 527; x_wconf 86' lang='lat' dir='ltr'><strong>terram</strong></span> <span class='ocrx_word' id='word_1_6' title='bbox 1424 474 1654 542; x_wconf 76' lang='lat' dir='ltr'><strong>propter</strong></span> <span class='ocrx_word' id='word_1_7' title='bbox 1685 484 1945 540; x_wconf 86' lang='lat' dir='ltr'><strong>corpora.</strong></span> <span class='ocrx_word' id='word_1_8' title='bbox 1989 467 2104 521; x_wconf 90' lang='lat' dir='ltr'><strong>Dis-</strong></span> 
     </span>
    </p>
   </div>
   <div class='ocr_carea' id='block_1_3' title="bbox 468 547 2101 627">
    <p class='ocr_par' dir='ltr' id='par_1_3' title="bbox 468 547 2101 627">
     <span class='ocr_line' id='line_1_3' title="bbox 468 547 2101 627; baseline -0.009 -13"><span class='ocrx_word' id='word_1_9' title='bbox 468 572 687 614; x_wconf 75' lang='lat' dir='ltr'><strong>cernere</strong></span> <span class='ocrx_word' id='word_1_10' title='bbox 719 571 885 627; x_wconf 89' lang='lat' dir='ltr'><strong>porro</strong></span> <span class='ocrx_word' id='word_1_11' title='bbox 925 552 1195 625; x_wconf 84' lang='lat' dir='ltr'><strong>papulum</strong></span> <span class='ocrx_word' id='word_1_12' title='bbox 1240 567 1420 620; x_wconf 89' lang='lat' dir='ltr'><strong>suum,</strong></span> <span class='ocrx_word' id='word_1_13' title='bbox 1455 550 1553 623; x_wconf 89' lang='lat' dir='ltr'><strong>qui</strong></span> <span class='ocrx_word' id='word_1_14' title='bbox 1603 554 1710 615; x_wconf 89' lang='lat' dir='ltr'><strong>est,</strong></span> <span class='ocrx_word' id='word_1_15' title='bbox 1744 549 1856 604; x_wconf 84' lang='lat' dir='ltr'><strong>nisi</strong></span> <span class='ocrx_word' id='word_1_16' title='bbox 1891 564 1990 619; x_wconf 90' lang='lat' dir='ltr'><strong>per</strong></span> <span class='ocrx_word' id='word_1_17' title='bbox 2013 547 2101 616; x_wconf 91' lang='lat' dir='ltr'><strong>ju-</strong></span> 
     </span>
    </p>
   </div>
   <div class='ocr_carea' id='block_1_4' title="bbox 469 628 2102 706">
    <p class='ocr_par' dir='ltr' id='par_1_4' title="bbox 469 628 2102 706">
     <span class='ocr_line' id='line_1_4' title="bbox 469 628 2102 706; baseline -0.008 -12"><span class='ocrx_word' id='word_1_18' title='bbox 469 640 682 694; x_wconf 90' lang='lat' dir='ltr'><strong>dicium</strong></span> <span class='ocrx_word' id='word_1_19' title='bbox 711 652 978 706; x_wconf 89' lang='lat' dir='ltr'><strong>separare</strong></span> <span class='ocrx_word' id='word_1_20' title='bbox 1035 636 1215 692; x_wconf 90' lang='lat' dir='ltr'><strong>bonos</strong></span> <span class='ocrx_word' id='word_1_21' title='bbox 1249 652 1281 690; x_wconf 89' lang='lat' dir='ltr'><strong>a</strong></span> <span class='ocrx_word' id='word_1_22' title='bbox 1332 633 1520 696; x_wconf 89' lang='lat' dir='ltr'><strong>malis,</strong></span> <span class='ocrx_word' id='word_1_23' title='bbox 1550 637 1832 704; x_wconf 85' lang='lat' dir='ltr'><strong>tanquam</strong></span> <span class='ocrx_word' id='word_1_24' title='bbox 1863 646 2000 686; x_wconf 91' lang='lat' dir='ltr'><strong>oves</strong></span> <span class='ocrx_word' id='word_1_25' title='bbox 2030 628 2102 682; x_wconf 91' lang='lat' dir='ltr'><strong>ab</strong></span> 
     </span>
    </p>
   </div>
   <div class='ocr_carea' id='block_1_5' title="bbox 469 711 2106 783">
    <p class='ocr_par' dir='ltr' id='par_1_5' title="bbox 469 711 2106 783">
     <span class='ocr_line' id='line_1_5' title="bbox 469 711 2106 783; baseline -0.007 -7"><span class='ocrx_word' id='word_1_26' title='bbox 469 719 686 776; x_wconf 71' lang='lat' dir='ltr'><strong>haedis?</strong></span> <span class='ocrx_word' id='word_1_27' title='bbox 716 718 930 773; x_wconf 85' lang='lat' dir='ltr'><strong>Deinde</strong></span> <span class='ocrx_word' id='word_1_28' title='bbox 960 717 1256 773; x_wconf 85' lang='lat' dir='ltr'><strong>conversio</strong></span> <span class='ocrx_word' id='word_1_29' title='bbox 1288 715 1574 773; x_wconf 81' lang='lat' dir='ltr'><strong>sermonis</strong></span> <span class='ocrx_word' id='word_1_30' title='bbox 1604 715 1674 769; x_wconf 88' lang='lat' dir='ltr'><strong>ad</strong></span> <span class='ocrx_word' id='word_1_31' title='bbox 1707 711 1958 783; x_wconf 82' lang='lat' dir='ltr'><strong>Angelos</strong></span> <span class='ocrx_word' id='word_1_32' title='bbox 1995 711 2106 764; x_wconf 84' lang='lat' dir='ltr'><strong>fac-</strong></span> 
     </span>
    </p>
   </div>
   <div class='ocr_carea' id='block_1_6' title="bbox 466 789 2100 869">
    <p class='ocr_par' dir='ltr' id='par_1_6' title="bbox 466 789 2100 869">
     <span class='ocr_line' id='line_1_6' title="bbox 466 789 2100 869; baseline -0.008 -13"><span class='ocrx_word' id='word_1_33' title='bbox 466 804 524 856; x_wconf 85' lang='lat' dir='ltr'><strong>ta</strong></span> <span class='ocrx_word' id='word_1_34' title='bbox 559 804 690 854; x_wconf 89' lang='lat' dir='ltr'><strong>est:</strong></span> <span class='ocrx_word' id='word_1_35' title='bbox 745 798 1080 867; x_wconf 81' lang='lat' dir='ltr'><strong>Congrcgate</strong></span> <span class='ocrx_word' id='word_1_36' title='bbox 1125 797 1217 853; x_wconf 89' lang='lat' dir='ltr'><strong>illi</strong></span> <span class='ocrx_word' id='word_1_37' title='bbox 1251 799 1427 869; x_wconf 75' lang='lat' dir='ltr'><strong>justo:</strong></span> <span class='ocrx_word' id='word_1_38' title='bbox 1475 797 1610 865; x_wconf 78' lang='lat' dir='ltr'><strong>eius.</strong></span> <span class='ocrx_word' id='word_1_39' title='bbox 1656 795 1916 849; x_wconf 81' lang='lat' dir='ltr'><strong>Profecto</strong></span> <span class='ocrx_word' id='word_1_40' title='bbox 1946 789 2100 845; x_wconf 90' lang='lat' dir='ltr'><strong>enim</strong></span> 
     </span>
    </p>
   </div>
   <div class='ocr_carea' id='block_1_7' title="bbox 468 870 2104 952">
    <p class='ocr_par' dir='ltr' id='par_1_7' title="bbox 468 870 2104 952">
     <span class='ocr_line' id='line_1_7' title="bbox 468 870 2104 952; baseline -0.008 -16"><span class='ocrx_word' id='word_1_41' title='bbox 468 897 570 952; x_wconf 88' lang='lat' dir='ltr'><strong>per</strong></span> <span class='ocrx_word' id='word_1_42' title='bbox 623 880 950 950; x_wconf 86' lang='lat' dir='ltr'><strong>angelicum</strong></span> <span class='ocrx_word' id='word_1_43' title='bbox 1007 879 1388 935; x_wconf 78' lang='lat' dir='ltr'><strong>ministerium</strong></span> <span class='ocrx_word' id='word_1_44' title='bbox 1438 882 1601 933; x_wconf 89' lang='lat' dir='ltr'><strong>tanta</strong></span> <span class='ocrx_word' id='word_1_45' title='bbox 1647 891 1737 930; x_wconf 90' lang='lat' dir='ltr'><strong>res</strong></span> <span class='ocrx_word' id='word_1_46' title='bbox 1778 870 2104 944; x_wconf 78' lang='lat' dir='ltr'><strong>peragenda</strong></span> 
     </span>
    </p>
   </div>
   <div class='ocr_carea' id='block_1_8' title="bbox 466 957 2105 1032">
    <p class='ocr_par' dir='ltr' id='par_1_8' title="bbox 466 957 2105 1032">
     <span class='ocr_line' id='line_1_8' title="bbox 466 957 2105 1032; baseline -0.007 -15"><span class='ocrx_word' id='word_1_47' title='bbox 466 967 571 1017; x_wconf 86' lang='lat' dir='ltr'><strong>est.</strong></span> <span class='ocrx_word' id='word_1_48' title='bbox 602 961 658 1016; x_wconf 89' lang='lat' dir='ltr'><strong>Si</strong></span> <span class='ocrx_word' id='word_1_49' title='bbox 686 965 878 1016; x_wconf 88' lang='lat' dir='ltr'><strong>autem</strong></span> <span class='ocrx_word' id='word_1_50' title='bbox 912 961 1252 1032; x_wconf 71' lang='lat' dir='ltr'><strong>qumrimus,</strong></span> <span class='ocrx_word' id='word_1_51' title='bbox 1287 976 1434 1031; x_wconf 89' lang='lat' dir='ltr'><strong>quos</strong></span> <span class='ocrx_word' id='word_1_52' title='bbox 1471 959 1667 1030; x_wconf 89' lang='lat' dir='ltr'><strong>justos</strong></span> <span class='ocrx_word' id='word_1_53' title='bbox 1701 957 1755 1011; x_wconf 90' lang='lat' dir='ltr'><strong>ei</strong></span> <span class='ocrx_word' id='word_1_54' title='bbox 1784 967 2105 1025; x_wconf 88' lang='lat' dir='ltr'><strong>congrega—</strong></span> 
     </span>
    </p>
   </div>
   <div class='ocr_carea' id='block_1_9' title="bbox 467 1036 2106 1113">
    <p class='ocr_par' dir='ltr' id='par_1_9' title="bbox 467 1036 2106 1113">
     <span class='ocr_line' id='line_1_9' title="bbox 467 1036 2106 1113; baseline -0.006 -17"><span class='ocrx_word' id='word_1_55' title='bbox 467 1042 581 1096; x_wconf 88' lang='lat' dir='ltr'><strong>turi</strong></span> <span class='ocrx_word' id='word_1_56' title='bbox 615 1046 754 1097; x_wconf 89' lang='lat' dir='ltr'><strong>sunt</strong></span> <span class='ocrx_word' id='word_1_57' title='bbox 781 1043 1021 1113; x_wconf 86' lang='lat' dir='ltr'><strong>Angeli:</strong></span> <span class='ocrx_word' id='word_1_58' title='bbox 1057 1042 1160 1110; x_wconf 90' lang='lat' dir='ltr'><strong>Qui</strong></span> <span class='ocrx_word' id='word_1_59' title='bbox 1205 1041 1525 1111; x_wconf 89' lang='lat' dir='ltr'><strong>disponunt,</strong></span> <span class='ocrx_word' id='word_1_60' title='bbox 1580 1036 1788 1108; x_wconf 91' lang='lat' dir='ltr'><strong>inquit,</strong></span> <span class='ocrx_word' id='word_1_61' title='bbox 1820 1040 2106 1090; x_wconf 87' lang='lat' dir='ltr'><strong>testamen-</strong></span> 
     </span>
    </p>
   </div>
   <div class='ocr_carea' id='block_1_10' title="bbox 467 1115 2106 1193">
    <p class='ocr_par' dir='ltr' id='par_1_10' title="bbox 467 1115 2106 1193">
     <span class='ocr_line' id='line_1_10' title="bbox 467 1115 2106 1193; baseline -0.004 -17"><span class='ocrx_word' id='word_1_62' title='bbox 467 1127 584 1176; x_wconf 97' lang='lat' dir='ltr'><strong>tum</strong></span> <span class='ocrx_word' id='word_1_63' title='bbox 612 1123 728 1193; x_wconf 86' lang='lat' dir='ltr'><strong>ejus</strong></span> <span class='ocrx_word' id='word_1_64' title='bbox 759 1138 921 1193; x_wconf 88' lang='lat' dir='ltr'><strong>super</strong></span> <span class='ocrx_word' id='word_1_65' title='bbox 945 1121 1240 1191; x_wconf 84' lang='lat' dir='ltr'><strong>sacriﬁcia.</strong></span> <span class='ocrx_word' id='word_1_66' title='bbox 1275 1122 1402 1176; x_wconf 87' lang='lat' dir='ltr'><strong>Haec</strong></span> <span class='ocrx_word' id='word_1_67' title='bbox 1431 1125 1518 1175; x_wconf 89' lang='lat' dir='ltr'><strong>est</strong></span> <span class='ocrx_word' id='word_1_68' title='bbox 1559 1119 1750 1174; x_wconf 89' lang='lat' dir='ltr'><strong>omnis</strong></span> <span class='ocrx_word' id='word_1_69' title='bbox 1781 1117 1897 1170; x_wconf 86' lang='lat' dir='ltr'><strong>vita</strong></span> <span class='ocrx_word' id='word_1_70' title='bbox 1919 1115 2106 1183; x_wconf 87' lang='lat' dir='ltr'><strong>justo-</strong></span> 
     </span>
    </p>
   </div>
   <div class='ocr_carea' id='block_1_11' title="bbox 467 1195 2100 1272">
    <p class='ocr_par' dir='ltr' id='par_1_11' title="bbox 467 1195 2100 1272">
     <span class='ocr_line' id='line_1_11' title="bbox 467 1195 2100 1272; baseline -0.005 -17"><span class='ocrx_word' id='word_1_71' title='bbox 467 1218 622 1269; x_wconf 88' lang='lat' dir='ltr'><strong>rum,</strong></span> <span class='ocrx_word' id='word_1_72' title='bbox 654 1201 959 1272; x_wconf 91' lang='lat' dir='ltr'><strong>disponere</strong></span> <span class='ocrx_word' id='word_1_73' title='bbox 981 1206 1388 1257; x_wconf 88' lang='lat' dir='ltr'><strong>testamentum</strong></span> <span class='ocrx_word' id='word_1_74' title='bbox 1447 1199 1540 1256; x_wconf 89' lang='lat' dir='ltr'><strong>Dei</strong></span> <span class='ocrx_word' id='word_1_75' title='bbox 1591 1213 1764 1269; x_wconf 85' lang='lat' dir='ltr'><strong>super</strong></span> <span class='ocrx_word' id='word_1_76' title='bbox 1802 1195 2100 1251; x_wconf 88' lang='lat' dir='ltr'><strong>sacriﬁcia.</strong></span> 
     </span>
    </p>
   </div>
   <div class='ocr_carea' id='block_1_12' title="bbox 466 1276 2102 1352">
    <p class='ocr_par' dir='ltr' id='par_1_12' title="bbox 466 1276 2102 1352">
     <span class='ocr_line' id='line_1_12' title="bbox 466 1276 2102 1352; baseline -0.005 -15"><span class='ocrx_word' id='word_1_77' title='bbox 466 1285 581 1337; x_wconf 86' lang='lat' dir='ltr'><strong>Aut</strong></span> <span class='ocrx_word' id='word_1_78' title='bbox 611 1282 766 1337; x_wconf 86' lang='lat' dir='ltr'><strong>enim</strong></span> <span class='ocrx_word' id='word_1_79' title='bbox 800 1298 974 1352; x_wconf 90' lang='lat' dir='ltr'><strong>opera</strong></span> <span class='ocrx_word' id='word_1_80' title='bbox 1006 1281 1413 1337; x_wconf 61' lang='lat' dir='ltr'><strong>misericordia</strong></span> <span class='ocrx_word' id='word_1_81' title='bbox 1448 1284 1586 1335; x_wconf 90' lang='lat' dir='ltr'><strong>sunt</strong></span> <span class='ocrx_word' id='word_1_82' title='bbox 1614 1293 1780 1348; x_wconf 87' lang='lat' dir='ltr'><strong>super</strong></span> <span class='ocrx_word' id='word_1_83' title='bbox 1807 1276 2102 1344; x_wconf 80' lang='lat' dir='ltr'><strong>sacriﬁcia,</strong></span> 
     </span>
    </p>
   </div>
   <div class='ocr_carea' id='block_1_13' title="bbox 469 1356 2105 1432">
    <p class='ocr_par' dir='ltr' id='par_1_13' title="bbox 469 1356 2105 1432">
     <span class='ocr_line' id='line_1_13' title="bbox 469 1356 2105 1432; baseline -0.005 -16"><span class='ocrx_word' id='word_1_84' title='bbox 469 1362 524 1416; x_wconf 89' lang='lat' dir='ltr'><strong>id</strong></span> <span class='ocrx_word' id='word_1_85' title='bbox 585 1370 666 1417; x_wconf 90' lang='lat' dir='ltr'><strong>est</strong></span> <span class='ocrx_word' id='word_1_86' title='bbox 701 1362 999 1417; x_wconf 88' lang='lat' dir='ltr'><strong>sacriﬁciis</strong></span> <span class='ocrx_word' id='word_1_87' title='bbox 1052 1362 1459 1432; x_wconf 57' lang='lat' dir='ltr'><strong>praeponenda,</strong></span> <span class='ocrx_word' id='word_1_88' title='bbox 1511 1362 1679 1430; x_wconf 85' lang='lat' dir='ltr'><strong>juxta</strong></span> <span class='ocrx_word' id='word_1_89' title='bbox 1754 1356 2105 1412; x_wconf 86' lang='lat' dir='ltr'><strong>sententiam</strong></span> 
     </span>
    </p>
   </div>
   <div class='ocr_carea' id='block_1_14' title="bbox 468 1439 2107 1512">
    <p class='ocr_par' dir='ltr' id='par_1_14' title="bbox 468 1439 2107 1512">
     <span class='ocr_line' id='line_1_14' title="bbox 468 1439 2107 1512; baseline -0.005 -14"><span class='ocrx_word' id='word_1_90' title='bbox 468 1443 566 1499; x_wconf 87' lang='lat' dir='ltr'><strong>Dei</strong></span> <span class='ocrx_word' id='word_1_91' title='bbox 601 1444 867 1511; x_wconf 77' lang='lat' dir='ltr'><strong>dicentis,</strong></span> <span class='ocrx_word' id='word_1_92' title='bbox 903 1446 1348 1500; x_wconf 81' lang='lat' dir='ltr'><strong>Misericordiam</strong></span> <span class='ocrx_word' id='word_1_93' title='bbox 1381 1442 1536 1498; x_wconf 65' lang='lat' dir='ltr'><strong>voto‘</strong></span> <span class='ocrx_word' id='word_1_94' title='bbox 1580 1458 1742 1512; x_wconf 90' lang='lat' dir='ltr'><strong>quam</strong></span> <span class='ocrx_word' id='word_1_95' title='bbox 1773 1439 2107 1508; x_wconf 79' lang='lat' dir='ltr'><strong>sacriﬁcium</strong></span> 
     </span>
    </p>
   </div>
   <div class='ocr_carea' id='block_1_15' title="bbox 468 1519 2107 1600">
    <p class='ocr_par' dir='ltr' id='par_1_15' title="bbox 468 1519 2107 1600">
     <span class='ocr_line' id='line_1_15' title="bbox 468 1519 2107 1600; baseline -0.007 -16"><span class='ocrx_word' id='word_1_96' title='bbox 468 1527 646 1600; x_wconf 77' lang='lat' dir='ltr'><strong>(Oscae</strong></span> <span class='ocrx_word' id='word_1_97' title='bbox 675 1545 750 1593; x_wconf 79' lang='grc' dir='ltr'><strong>γι,</strong></span> <span class='ocrx_word' id='word_1_98' title='bbox 781 1528 834 1596; x_wconf 86' lang='grc'><strong>6)</strong></span> <span class='ocrx_word' id='word_1_99' title='bbox 867 1543 878 1581; x_wconf 88' lang='lat'><strong>:</strong></span> <span class='ocrx_word' id='word_1_100' title='bbox 915 1532 1015 1581; x_wconf 89' lang='lat' dir='ltr'><strong>aut</strong></span> <span class='ocrx_word' id='word_1_101' title='bbox 1053 1526 1102 1581; x_wconf 90' lang='lat' dir='ltr'><strong>si</strong></span> <span class='ocrx_word' id='word_1_102' title='bbox 1158 1543 1321 1597; x_wconf 85' lang='lat' dir='ltr'><strong>super</strong></span> <span class='ocrx_word' id='word_1_103' title='bbox 1370 1525 1661 1594; x_wconf 80' lang='lat' dir='ltr'><strong>sacriﬁcia,</strong></span> <span class='ocrx_word' id='word_1_104' title='bbox 1695 1523 1752 1578; x_wconf 89' lang='lat' dir='ltr'><strong>in</strong></span> <span class='ocrx_word' id='word_1_105' title='bbox 1803 1519 2107 1576; x_wconf 88' lang='lat' dir='ltr'><strong>sacriﬁciis</strong></span> 
     </span>
    </p>
   </div>
   <div class='ocr_carea' id='block_1_16' title="bbox 469 1599 2105 1678">
    <p class='ocr_par' dir='ltr' id='par_1_16' title="bbox 469 1599 2105 1678">
     <span class='ocr_line' id='line_1_16' title="bbox 469 1599 2105 1678; baseline -0.007 -13"><span class='ocrx_word' id='word_1_106' title='bbox 469 1599 810 1678; x_wconf 81' lang='lat' dir='ltr'><strong>intelligitur</strong></span> <span class='ocrx_word' id='word_1_107' title='bbox 870 1607 1114 1672; x_wconf 87' lang='lat' dir='ltr'><strong>dictum,</strong></span> <span class='ocrx_word' id='word_1_108' title='bbox 1157 1607 1442 1676; x_wconf 89' lang='lat' dir='ltr'><strong>quomodo</strong></span> <span class='ocrx_word' id='word_1_109' title='bbox 1500 1620 1673 1675; x_wconf 86' lang='lat' dir='ltr'><strong>super</strong></span> <span class='ocrx_word' id='word_1_110' title='bbox 1720 1609 1930 1658; x_wconf 87' lang='lat' dir='ltr'><strong>terram</strong></span> <span class='ocrx_word' id='word_1_111' title='bbox 1983 1599 2105 1654; x_wconf 85' lang='lat' dir='ltr'><strong>ﬁeri</strong></span> 
     </span>
    </p>
   </div>
   <div class='ocr_carea' id='block_1_17' title="bbox 468 1685 2110 1761">
    <p class='ocr_par' dir='ltr' id='par_1_17' title="bbox 468 1685 2110 1761">
     <span class='ocr_line' id='line_1_17' title="bbox 468 1685 2110 1761; baseline -0.006 -16"><span class='ocrx_word' id='word_1_112' title='bbox 468 1689 680 1746; x_wconf 89' lang='lat' dir='ltr'><strong>dicitur</strong></span> <span class='ocrx_word' id='word_1_113' title='bbox 709 1690 863 1761; x_wconf 90' lang='lat' dir='ltr'><strong>quod</strong></span> <span class='ocrx_word' id='word_1_114' title='bbox 887 1689 946 1744; x_wconf 82' lang='lat' dir='ltr'><strong>ﬁt</strong></span> <span class='ocrx_word' id='word_1_115' title='bbox 977 1689 1178 1759; x_wconf 89' lang='lat' dir='ltr'><strong>utique</strong></span> <span class='ocrx_word' id='word_1_116' title='bbox 1200 1690 1255 1742; x_wconf 91' lang='lat' dir='ltr'><strong>in</strong></span> <span class='ocrx_word' id='word_1_117' title='bbox 1289 1694 1477 1744; x_wconf 89' lang='lat' dir='ltr'><strong>terra:</strong></span> <span class='ocrx_word' id='word_1_118' title='bbox 1514 1686 1760 1756; x_wconf 80' lang='lat' dir='ltr'><strong>profecto</strong></span> <span class='ocrx_word' id='word_1_119' title='bbox 1787 1685 1910 1754; x_wconf 83' lang='lat' dir='ltr'><strong>ipsa</strong></span> <span class='ocrx_word' id='word_1_120' title='bbox 1933 1696 2110 1761; x_wconf 82' lang='lat' dir='ltr'><strong>opera</strong></span> 
     </span>
    </p>
   </div>
   <div class='ocr_carea' id='block_1_18' title="bbox 471 1760 2106 1836">
    <p class='ocr_par' dir='ltr' id='par_1_18' title="bbox 471 1760 2106 1836">
     <span class='ocr_line' id='line_1_18' title="bbox 471 1760 2106 1836; baseline -0.007 -10"><span class='ocrx_word' id='word_1_121' title='bbox 471 1760 881 1826; x_wconf 72' lang='lat' dir='ltr'><strong>misericOrdite</strong></span> <span class='ocrx_word' id='word_1_122' title='bbox 913 1774 1052 1825; x_wconf 90' lang='lat' dir='ltr'><strong>sunt</strong></span> <span class='ocrx_word' id='word_1_123' title='bbox 1080 1769 1362 1823; x_wconf 89' lang='lat' dir='ltr'><strong>sacriﬁcia</strong></span> <span class='ocrx_word' id='word_1_124' title='bbox 1397 1768 1607 1836; x_wconf 85' lang='lat' dir='ltr'><strong>quibus</strong></span> <span class='ocrx_word' id='word_1_125' title='bbox 1655 1765 1913 1836; x_wconf 87' lang='lat' dir='ltr'><strong>placetur</strong></span> <span class='ocrx_word' id='word_1_126' title='bbox 1951 1760 2106 1817; x_wconf 74' lang='lat' dir='ltr'><strong>Deo’</strong></span> 
     </span>
    </p>
   </div>
   <div class='ocr_carea' id='block_1_19' title="bbox 470 1843 2107 1921">
    <p class='ocr_par' dir='ltr' id='par_1_19' title="bbox 470 1843 2107 1921">
     <span class='ocr_line' id='line_1_19' title="bbox 470 1843 2107 1921; baseline -0.006 -15"><span class='ocrx_word' id='word_1_127' title='bbox 470 1852 618 1906; x_wconf 85' lang='lat' dir='ltr'><strong>sicut</strong></span> <span class='ocrx_word' id='word_1_128' title='bbox 646 1851 704 1906; x_wconf 91' lang='lat' dir='ltr'><strong>in</strong></span> <span class='ocrx_word' id='word_1_129' title='bbox 738 1850 882 1906; x_wconf 88' lang='lat' dir='ltr'><strong>libro</strong></span> <span class='ocrx_word' id='word_1_130' title='bbox 916 1851 1087 1921; x_wconf 87' lang='lat' dir='ltr'><strong>hujus</strong></span> <span class='ocrx_word' id='word_1_131' title='bbox 1142 1849 1330 1921; x_wconf 91' lang='lat' dir='ltr'><strong>operis</strong></span> <span class='ocrx_word' id='word_1_132' title='bbox 1362 1849 1587 1904; x_wconf 90' lang='lat' dir='ltr'><strong>decimo</strong></span> <span class='ocrx_word' id='word_1_133' title='bbox 1638 1863 1728 1901; x_wconf 91' lang='lat' dir='ltr'><strong>me</strong></span> <span class='ocrx_word' id='word_1_134' title='bbox 1760 1843 2107 1900; x_wconf 88' lang='lat' dir='ltr'><strong>disseruisse</strong></span> 
     </span>
    </p>
   </div>
   <div class='ocr_carea' id='block_1_20' title="bbox 469 1923 2106 2002">
    <p class='ocr_par' dir='ltr' id='par_1_20' title="bbox 469 1923 2106 2002">
     <span class='ocr_line' id='line_1_20' title="bbox 469 1923 2106 2002; baseline -0.006 -17"><span class='ocrx_word' id='word_1_135' title='bbox 469 1931 811 1987; x_wconf 87' lang='lat' dir='ltr'><strong>reminiscor</strong></span> <span class='ocrx_word' id='word_1_136' title='bbox 864 1932 1006 2002; x_wconf 85' lang='lat' dir='ltr'><strong>(cap.</strong></span> <span class='ocrx_word' id='word_1_137' title='bbox 1039 1931 1094 1998; x_wconf 91' lang='lat'><strong>6,</strong></span> <span class='ocrx_word' id='word_1_138' title='bbox 1126 1937 1179 1985; x_wconf 90' lang='lat' dir='ltr'><strong>et</strong></span> <span class='ocrx_word' id='word_1_139' title='bbox 1210 1931 1404 1997; x_wconf 87' lang='lat' dir='ltr'><strong>alibi):</strong></span> <span class='ocrx_word' id='word_1_140' title='bbox 1470 1929 1531 1985; x_wconf 88' lang='lat' dir='ltr'><strong>in</strong></span> <span class='ocrx_word' id='word_1_141' title='bbox 1590 1927 1802 1998; x_wconf 85' lang='lat' dir='ltr'><strong>quibus</strong></span> <span class='ocrx_word' id='word_1_142' title='bbox 1830 1923 2106 1995; x_wconf 85' lang='lat' dir='ltr'><strong>operibus</strong></span> 
     </span>
    </p>
   </div>
   <div class='ocr_carea' id='block_1_21' title="bbox 470 2009 2109 2084">
    <p class='ocr_par' dir='ltr' id='par_1_21' title="bbox 470 2009 2109 2084">
     <span class='ocr_line' id='line_1_21' title="bbox 470 2009 2109 2084; baseline -0.006 -18"><span class='ocrx_word' id='word_1_143' title='bbox 470 2013 789 2084; x_wconf 89' lang='lat' dir='ltr'><strong>disponunt</strong></span> <span class='ocrx_word' id='word_1_144' title='bbox 813 2013 948 2080; x_wconf 85' lang='lat' dir='ltr'><strong>justi</strong></span> <span class='ocrx_word' id='word_1_145' title='bbox 982 2015 1390 2066; x_wconf 80' lang='lat' dir='ltr'><strong>testamentum</strong></span> <span class='ocrx_word' id='word_1_146' title='bbox 1423 2009 1544 2075; x_wconf 85' lang='lat' dir='ltr'><strong>Dei,</strong></span> <span class='ocrx_word' id='word_1_147' title='bbox 1568 2009 1701 2077; x_wconf 88' lang='lat' dir='ltr'><strong>quia</strong></span> <span class='ocrx_word' id='word_1_148' title='bbox 1724 2011 1957 2077; x_wconf 87' lang='lat' dir='ltr'><strong>prOpter</strong></span> <span class='ocrx_word' id='word_1_149' title='bbox 1983 2019 2109 2073; x_wconf 89' lang='lat' dir='ltr'><strong>pro-</strong></span> 
     </span>
    </p>
   </div>
   <div class='ocr_carea' id='block_1_22' title="bbox 473 2085 2108 2164">
    <p class='ocr_par' dir='ltr' id='par_1_22' title="bbox 473 2085 2108 2164">
     <span class='ocr_line' id='line_1_22' title="bbox 473 2085 2108 2164; baseline -0.007 -17"><span class='ocrx_word' id='word_1_150' title='bbox 473 2093 782 2147; x_wconf 89' lang='lat' dir='ltr'><strong>missiones</strong></span> <span class='ocrx_word' id='word_1_151' title='bbox 813 2109 938 2164; x_wconf 67' lang='lat' dir='ltr'><strong>quae</strong></span> <span class='ocrx_word' id='word_1_152' title='bbox 965 2091 1121 2146; x_wconf 88' lang='lat' dir='ltr'><strong>Novo</strong></span> <span class='ocrx_word' id='word_1_153' title='bbox 1152 2091 1279 2160; x_wconf 85' lang='lat' dir='ltr'><strong>ejus</strong></span> <span class='ocrx_word' id='word_1_154' title='bbox 1311 2090 1682 2144; x_wconf 85' lang='lat' dir='ltr'><strong>Testamento</strong></span> <span class='ocrx_word' id='word_1_155' title='bbox 1711 2085 2108 2144; x_wconf 89' lang='lat' dir='ltr'><strong>continentur,</strong></span> 
     </span>
    </p>
   </div>
   <div class='ocr_carea' id='block_1_23' title="bbox 473 2165 2110 2242">
    <p class='ocr_par' dir='ltr' id='par_1_23' title="bbox 473 2165 2110 2242">
     <span class='ocr_line' id='line_1_23' title="bbox 473 2165 2110 2242; baseline -0.007 -13"><span class='ocrx_word' id='word_1_156' title='bbox 473 2174 594 2229; x_wconf 66' lang='lat' dir='ltr'><strong>haec</strong></span> <span class='ocrx_word' id='word_1_157' title='bbox 625 2173 864 2228; x_wconf 87' lang='lat' dir='ltr'><strong>faciunt.</strong></span> <span class='ocrx_word' id='word_1_158' title='bbox 901 2173 1065 2227; x_wconf 86' lang='lat' dir='ltr'><strong>Unde</strong></span> <span class='ocrx_word' id='word_1_159' title='bbox 1115 2171 1481 2242; x_wconf 84' lang='lat' dir='ltr'><strong>congregatis</strong></span> <span class='ocrx_word' id='word_1_160' title='bbox 1511 2169 1622 2224; x_wconf 88' lang='lat' dir='ltr'><strong>sibi</strong></span> <span class='ocrx_word' id='word_1_161' title='bbox 1671 2168 1846 2238; x_wconf 89' lang='lat' dir='ltr'><strong>justis</strong></span> <span class='ocrx_word' id='word_1_162' title='bbox 1878 2165 2021 2230; x_wconf 89' lang='lat' dir='ltr'><strong>suis,</strong></span> <span class='ocrx_word' id='word_1_163' title='bbox 2055 2169 2110 2218; x_wconf 92' lang='lat' dir='ltr'><strong>et</strong></span> 
     </span>
    </p>
   </div>
   <div class='ocr_carea' id='block_1_24' title="bbox 473 2245 2110 2316">
    <p class='ocr_par' dir='ltr' id='par_1_24' title="bbox 473 2245 2110 2316">
     <span class='ocr_line' id='line_1_24' title="bbox 473 2245 2110 2316; baseline -0.005 -7"><span class='ocrx_word' id='word_1_164' title='bbox 473 2257 544 2309; x_wconf 91' lang='lat' dir='ltr'><strong>ad</strong></span> <span class='ocrx_word' id='word_1_165' title='bbox 578 2270 743 2309; x_wconf 83' lang='lat' dir='ltr'><strong>suam</strong></span> <span class='ocrx_word' id='word_1_166' title='bbox 795 2254 1087 2308; x_wconf 80' lang='lat' dir='ltr'><strong>dexteram</strong></span> <span class='ocrx_word' id='word_1_167' title='bbox 1143 2251 1492 2316; x_wconf 85' lang='lat' dir='ltr'><strong>constitutis,</strong></span> <span class='ocrx_word' id='word_1_168' title='bbox 1539 2248 1852 2304; x_wconf 88' lang='lat' dir='ltr'><strong>novissimo</strong></span> <span class='ocrx_word' id='word_1_169' title='bbox 1911 2245 2110 2316; x_wconf 88' lang='lat' dir='ltr'><strong>utique</strong></span> 
     </span>
    </p>
   </div>
   <div class='ocr_carea' id='block_1_25' title="bbox 471 2325 2112 2407">
    <p class='ocr_par' dir='ltr' id='par_1_25' title="bbox 471 2325 2112 2407">
     <span class='ocr_line' id='line_1_25' title="bbox 471 2325 2112 2407; baseline -0.005 -18"><span class='ocrx_word' id='word_1_170' title='bbox 471 2334 711 2407; x_wconf 83' lang='lat' dir='ltr'><strong>judicio,</strong></span> <span class='ocrx_word' id='word_1_171' title='bbox 745 2334 1007 2388; x_wconf 84' lang='lat' dir='ltr'><strong>dicturus</strong></span> <span class='ocrx_word' id='word_1_172' title='bbox 1039 2337 1128 2388; x_wconf 89' lang='lat' dir='ltr'><strong>est</strong></span> <span class='ocrx_word' id='word_1_173' title='bbox 1149 2333 1435 2396; x_wconf 89' lang='lat' dir='ltr'><strong>Christus,</strong></span> <span class='ocrx_word' id='word_1_174' title='bbox 1474 2332 1682 2395; x_wconf 81' lang='lat' dir='ltr'><strong>Venite,</strong></span> <span class='ocrx_word' id='word_1_175' title='bbox 1717 2325 1981 2382; x_wconf 81' lang='lat' dir='ltr'><strong>benedicti</strong></span> <span class='ocrx_word' id='word_1_176' title='bbox 2009 2327 2112 2407; x_wconf 84' lang='lat' dir='ltr'><strong>Pa-</strong></span> 
     </span>
    </p>
   </div>
   <div class='ocr_carea' id='block_1_26' title="bbox 475 2406 2111 2484">
    <p class='ocr_par' dir='ltr' id='par_1_26' title="bbox 475 2406 2111 2484">
     <span class='ocr_line' id='line_1_26' title="bbox 475 2406 2111 2484; baseline -0.006 -14"><span class='ocrx_word' id='word_1_177' title='bbox 475 2418 576 2470; x_wconf 84' lang='lat' dir='ltr'><strong>tris</strong></span> <span class='ocrx_word' id='word_1_178' title='bbox 604 2417 735 2478; x_wconf 89' lang='lat' dir='ltr'><strong>mei,</strong></span> <span class='ocrx_word' id='word_1_179' title='bbox 765 2413 1030 2484; x_wconf 80' lang='lat' dir='ltr'><strong>possidete</strong></span> <span class='ocrx_word' id='word_1_180' title='bbox 1066 2421 1325 2482; x_wconf 89' lang='lat' dir='ltr'><strong>paratum</strong></span> <span class='ocrx_word' id='word_1_181' title='bbox 1354 2412 1501 2466; x_wconf 82' lang='lat' dir='ltr'><strong>vobis</strong></span> <span class='ocrx_word' id='word_1_182' title='bbox 1529 2425 1759 2480; x_wconf 85' lang='lat' dir='ltr'><strong>regnum</strong></span> <span class='ocrx_word' id='word_1_183' title='bbox 1787 2425 1820 2462; x_wconf 92' lang='lat' dir='ltr'><strong>a</strong></span> <span class='ocrx_word' id='word_1_184' title='bbox 1846 2406 2111 2461; x_wconf 76' lang='lat' dir='ltr'><strong>constitu-</strong></span> 
     </span>
    </p>
   </div>
   <div class='ocr_carea' id='block_1_27' title="bbox 472 2490 2113 2557">
    <p class='ocr_par' dir='ltr' id='par_1_27' title="bbox 472 2490 2113 2557">
     <span class='ocr_line' id='line_1_27' title="bbox 472 2490 2113 2557; baseline -0.007 -5"><span class='ocrx_word' id='word_1_185' title='bbox 472 2497 621 2552; x_wconf 82' lang='lat' dir='ltr'><strong>tione</strong></span> <span class='ocrx_word' id='word_1_186' title='bbox 647 2494 862 2549; x_wconf 85' lang='lat' dir='ltr'><strong>mundi.</strong></span> <span class='ocrx_word' id='word_1_187' title='bbox 896 2493 1124 2548; x_wconf 88' lang='lat' dir='ltr'><strong>Esurivi</strong></span> <span class='ocrx_word' id='word_1_188' title='bbox 1151 2495 1322 2557; x_wconf 88' lang='lat' dir='ltr'><strong>enim,</strong></span> <span class='ocrx_word' id='word_1_189' title='bbox 1371 2499 1422 2546; x_wconf 89' lang='lat' dir='ltr'><strong>et</strong></span> <span class='ocrx_word' id='word_1_190' title='bbox 1448 2490 1677 2546; x_wconf 75' lang='lat' dir='ltr'><strong>dedistis</strong></span> <span class='ocrx_word' id='word_1_191' title='bbox 1711 2490 1852 2544; x_wconf 85' lang='lat' dir='ltr'><strong>mihi</strong></span> <span class='ocrx_word' id='word_1_192' title='bbox 1880 2494 2113 2542; x_wconf 86' lang='lat' dir='ltr'><strong>mandu-</strong></span> 
     </span>
    </p>
   </div>
   <div class='ocr_carea' id='block_1_28' title="bbox 473 2569 2110 2644">
    <p class='ocr_par' dir='ltr' id='par_1_28' title="bbox 473 2569 2110 2644">
     <span class='ocr_line' id='line_1_28' title="bbox 473 2569 2110 2644; baseline -0.005 -14"><span class='ocrx_word' id='word_1_193' title='bbox 473 2591 598 2631; x_wconf 82' lang='lat' dir='ltr'><strong>care</strong></span> <span class='ocrx_word' id='word_1_194' title='bbox 626 2573 842 2641; x_wconf 83' lang='lat' dir='ltr'><strong>(Matth.</strong></span> <span class='ocrx_word' id='word_1_195' title='bbox 875 2591 1003 2642; x_wconf 79' lang='lat' dir='ltr'><strong>xxv,</strong></span> <span class='ocrx_word' id='word_1_196' title='bbox 1037 2573 1162 2644; x_wconf 63' lang='lat'><strong>3-4);</strong></span> <span class='ocrx_word' id='word_1_197' title='bbox 1195 2579 1250 2629; x_wconf 90' lang='lat' dir='ltr'><strong>et</strong></span> <span class='ocrx_word' id='word_1_198' title='bbox 1280 2579 1484 2627; x_wconf 63' lang='lat' dir='ltr'><strong>caetera</strong></span> <span class='ocrx_word' id='word_1_199' title='bbox 1535 2587 1664 2642; x_wconf 78' lang='lat' dir='ltr'><strong>quze</strong></span> <span class='ocrx_word' id='word_1_200' title='bbox 1701 2569 1776 2624; x_wconf 85' lang='lat' dir='ltr'><strong>ibi</strong></span> <span class='ocrx_word' id='word_1_201' title='bbox 1811 2569 2110 2639; x_wconf 88' lang='lat' dir='ltr'><strong>proferun-</strong></span> 
     </span>
    </p>
   </div>
   <div class='ocr_carea' id='block_1_29' title="bbox 471 2652 2111 2726">
    <p class='ocr_par' dir='ltr' id='par_1_29' title="bbox 471 2652 2111 2726">
     <span class='ocr_line' id='line_1_29' title="bbox 471 2652 2111 2726; baseline -0.005 -14"><span class='ocrx_word' id='word_1_202' title='bbox 471 2664 566 2713; x_wconf 87' lang='lat' dir='ltr'><strong>tur</strong></span> <span class='ocrx_word' id='word_1_203' title='bbox 624 2655 694 2711; x_wconf 90' lang='lat' dir='ltr'><strong>de</strong></span> <span class='ocrx_word' id='word_1_204' title='bbox 744 2655 1025 2711; x_wconf 88' lang='lat' dir='ltr'><strong>bonorum</strong></span> <span class='ocrx_word' id='word_1_205' title='bbox 1097 2655 1370 2726; x_wconf 88' lang='lat' dir='ltr'><strong>operibus</strong></span> <span class='ocrx_word' id='word_1_206' title='bbox 1430 2653 1617 2719; x_wconf 84' lang='lat' dir='ltr'><strong>bonis,</strong></span> <span class='ocrx_word' id='word_1_207' title='bbox 1677 2659 1730 2707; x_wconf 90' lang='lat' dir='ltr'><strong>et</strong></span> <span class='ocrx_word' id='word_1_208' title='bbox 1787 2652 1858 2706; x_wconf 94' lang='lat' dir='ltr'><strong>de</strong></span> <span class='ocrx_word' id='word_1_209' title='bbox 1913 2665 2111 2705; x_wconf 85' lang='lat' dir='ltr'><strong>eorum</strong></span> 
     </span>
    </p>
   </div>
   <div class='ocr_carea' id='block_1_30' title="bbox 473 2731 2113 2810">
    <p class='ocr_par' dir='ltr' id='par_1_30' title="bbox 473 2731 2113 2810">
     <span class='ocr_line' id='line_1_30' title="bbox 473 2731 2113 2810; baseline -0.004 -18"><span class='ocrx_word' id='word_1_210' title='bbox 473 2739 724 2810; x_wconf 85' lang='lat' dir='ltr'><strong>praemiis</strong></span> <span class='ocrx_word' id='word_1_211' title='bbox 751 2736 1117 2806; x_wconf 85' lang='lat' dir='ltr'><strong>sempiternis</strong></span> <span class='ocrx_word' id='word_1_212' title='bbox 1151 2753 1251 2808; x_wconf 88' lang='lat' dir='ltr'><strong>per</strong></span> <span class='ocrx_word' id='word_1_213' title='bbox 1283 2736 1550 2792; x_wconf 88' lang='lat' dir='ltr'><strong>ultimam</strong></span> <span class='ocrx_word' id='word_1_214' title='bbox 1583 2734 1926 2792; x_wconf 87' lang='lat' dir='ltr'><strong>sententiam</strong></span> <span class='ocrx_word' id='word_1_215' title='bbox 1954 2731 2113 2803; x_wconf 88' lang='lat' dir='ltr'><strong>judi-</strong></span> 
     </span>
    </p>
   </div>
   <div class='ocr_carea' id='block_1_31' title="bbox 473 2819 712 2872">
    <p class='ocr_par' dir='ltr' id='par_1_31' title="bbox 473 2819 712 2872">
     <span class='ocr_line' id='line_1_31' title="bbox 473 2819 712 2872; baseline -0.008 0"><span class='ocrx_word' id='word_1_216' title='bbox 473 2819 712 2872; x_wconf 71' lang='lat' dir='ltr'><strong>cantis’.</strong></span> 
     </span>
    </p>
   </div>
   <div class='ocr_carea' id='block_1_32' title="bbox 472 2939 2115 3014">
    <p class='ocr_par' dir='ltr' id='par_1_32' title="bbox 472 2939 2115 3014">
     <span class='ocr_line' id='line_1_32' title="bbox 472 2939 2115 3014; baseline -0.002 -16"><span class='ocrx_word' id='word_1_217' title='bbox 472 2941 703 2998; x_wconf 83' lang='lat' dir='ltr'><strong>CAPUT</strong></span> <span class='ocrx_word' id='word_1_218' title='bbox 732 2939 903 2998; x_wconf 82' lang='lat' dir='ltr'><strong>XXV.</strong></span> <span class='ocrx_word' id='word_1_219' title='bbox 952 2972 1019 2982; x_wconf 92' lang='lat'><strong>--</strong></span> <span class='ocrx_word' id='word_1_220' title='bbox 1063 2947 1139 2998; x_wconf 89' lang='lat' dir='ltr'><strong>De</strong></span> <span class='ocrx_word' id='word_1_221' title='bbox 1175 2943 1463 3014; x_wconf 80' lang='lat' dir='ltr'><strong>prophetia</strong></span> <span class='ocrx_word' id='word_1_222' title='bbox 1503 2941 1819 2997; x_wconf 74' lang='lat' dir='ltr'><strong>Malachiaz‘</strong></span> <span class='ocrx_word' id='word_1_223' title='bbox 1865 2957 1972 3011; x_wconf 83' lang='lat' dir='ltr'><strong>qua</strong></span> <span class='ocrx_word' id='word_1_224' title='bbox 2016 2941 2115 2995; x_wconf 85' lang='lat' dir='ltr'><strong>Dei</strong></span> 
     </span>
    </p>
   </div>
   <div class='ocr_carea' id='block_1_33' title="bbox 531 3019 2110 3093">
    <p class='ocr_par' dir='ltr' id='par_1_33' title="bbox 531 3019 2110 3093">
     <span class='ocr_line' id='line_1_33' title="bbox 531 3019 2110 3093; baseline -0.001 -16"><span class='ocrx_word' id='word_1_225' title='bbox 531 3021 807 3092; x_wconf 83' lang='lat' dir='ltr'><strong>judicium</strong></span> <span class='ocrx_word' id='word_1_226' title='bbox 837 3022 1096 3078; x_wconf 90' lang='lat' dir='ltr'><strong>ultimum</strong></span> <span class='ocrx_word' id='word_1_227' title='bbox 1141 3025 1478 3091; x_wconf 86' lang='lat' dir='ltr'><strong>declaratur,</strong></span> <span class='ocrx_word' id='word_1_228' title='bbox 1511 3029 1566 3077; x_wconf 88' lang='lat' dir='ltr'><strong>et</strong></span> <span class='ocrx_word' id='word_1_229' title='bbox 1596 3020 1954 3093; x_wconf 87' lang='lat' dir='ltr'><strong>quorumdam</strong></span> <span class='ocrx_word' id='word_1_230' title='bbox 1975 3019 2110 3075; x_wconf 87' lang='lat' dir='ltr'><strong>dici-</strong></span> 
     </span>
    </p>
   </div>
   <div class='ocr_carea' id='block_1_34' title="bbox 541 3100 2016 3175">
    <p class='ocr_par' dir='ltr' id='par_1_34' title="bbox 541 3100 2016 3175">
     <span class='ocr_line' id='line_1_34' title="bbox 541 3100 2016 3175; baseline -0.002 -18"><span class='ocrx_word' id='word_1_231' title='bbox 541 3110 630 3158; x_wconf 90' lang='lat' dir='ltr'><strong>tur</strong></span> <span class='ocrx_word' id='word_1_232' title='bbox 659 3120 759 3175; x_wconf 87' lang='lat' dir='ltr'><strong>per</strong></span> <span class='ocrx_word' id='word_1_233' title='bbox 783 3103 1190 3175; x_wconf 85' lang='lat' dir='ltr'><strong>puriﬁcatorias</strong></span> <span class='ocrx_word' id='word_1_234' title='bbox 1218 3120 1401 3175; x_wconf 73' lang='lat' dir='ltr'><strong>poenas</strong></span> <span class='ocrx_word' id='word_1_235' title='bbox 1432 3103 1687 3172; x_wconf 74' lang='lat' dir='ltr'><strong>facienda</strong></span> <span class='ocrx_word' id='word_1_236' title='bbox 1711 3100 2016 3156; x_wconf 68' lang='lat' dir='ltr'><strong>inundatio.</strong></span> 
     </span>
    </p>
   </div>
   <div class='ocr_carea' id='block_1_35' title="bbox 540 3239 2113 3312">
    <p class='ocr_par' dir='ltr' id='par_1_35' title="bbox 540 3239 2113 3312">
     <span class='ocr_line' id='line_1_35' title="bbox 540 3239 2113 3312; baseline 0 -16"><span class='ocrx_word' id='word_1_237' title='bbox 540 3241 826 3312; x_wconf 85' lang='lat' dir='ltr'><strong>Propheta</strong></span> <span class='ocrx_word' id='word_1_238' title='bbox 858 3241 1190 3309; x_wconf 86' lang='lat' dir='ltr'><strong>Malachias,</strong></span> <span class='ocrx_word' id='word_1_239' title='bbox 1242 3241 1361 3296; x_wconf 89' lang='lat' dir='ltr'><strong>sive</strong></span> <span class='ocrx_word' id='word_1_240' title='bbox 1421 3239 1686 3305; x_wconf 86' lang='lat' dir='ltr'><strong>Malacbi,</strong></span> <span class='ocrx_word' id='word_1_241' title='bbox 1720 3240 1819 3311; x_wconf 88' lang='lat' dir='ltr'><strong>qui</strong></span> <span class='ocrx_word' id='word_1_242' title='bbox 1850 3247 1903 3295; x_wconf 91' lang='lat' dir='ltr'><strong>et</strong></span> <span class='ocrx_word' id='word_1_243' title='bbox 1931 3240 2113 3310; x_wconf 84' lang='lat' dir='ltr'><strong>Ange-</strong></span> 
     </span>
    </p>
   </div>
   <div class='ocr_carea' id='block_1_36' title="bbox 469 3320 2112 3393">
    <p class='ocr_par' dir='ltr' id='par_1_36' title="bbox 469 3320 2112 3393">
     <span class='ocr_line' id='line_1_36' title="bbox 469 3320 2112 3393; baseline -0.002 -15"><span class='ocrx_word' id='word_1_244' title='bbox 469 3323 559 3378; x_wconf 89' lang='lat' dir='ltr'><strong>lus</strong></span> <span class='ocrx_word' id='word_1_245' title='bbox 590 3323 777 3377; x_wconf 88' lang='lat' dir='ltr'><strong>dictus</strong></span> <span class='ocrx_word' id='word_1_246' title='bbox 833 3325 941 3389; x_wconf 90' lang='lat' dir='ltr'><strong>est,</strong></span> <span class='ocrx_word' id='word_1_247' title='bbox 1001 3321 1097 3393; x_wconf 89' lang='lat' dir='ltr'><strong>qui</strong></span> <span class='ocrx_word' id='word_1_248' title='bbox 1138 3321 1301 3376; x_wconf 88' lang='lat' dir='ltr'><strong>etiam</strong></span> <span class='ocrx_word' id='word_1_249' title='bbox 1350 3321 1566 3376; x_wconf 88' lang='lat' dir='ltr'><strong>Esdras</strong></span> <span class='ocrx_word' id='word_1_250' title='bbox 1616 3320 1910 3385; x_wconf 88' lang='lat' dir='ltr'><strong>saderdos,</strong></span> <span class='ocrx_word' id='word_1_251' title='bbox 1945 3321 2112 3389; x_wconf 86' lang='lat' dir='ltr'><strong>cujus</strong></span> 
     </span>
    </p>
   </div>
   <div class='ocr_carea' id='block_1_37' title="bbox 471 3397 2113 3473">
    <p class='ocr_par' dir='ltr' id='par_1_37' title="bbox 471 3397 2113 3473">
     <span class='ocr_line' id='line_1_37' title="bbox 471 3397 2113 3473; baseline -0.003 -17"><span class='ocrx_word' id='word_1_252' title='bbox 471 3401 586 3457; x_wconf 84' lang='lat' dir='ltr'><strong>alia</strong></span> <span class='ocrx_word' id='word_1_253' title='bbox 617 3401 673 3456; x_wconf 90' lang='lat' dir='ltr'><strong>in</strong></span> <span class='ocrx_word' id='word_1_254' title='bbox 707 3417 991 3456; x_wconf 90' lang='lat' dir='ltr'><strong>canonem</strong></span> <span class='ocrx_word' id='word_1_255' title='bbox 1013 3400 1034 3435; x_wconf 75' lang='grc'>⁵</span> <span class='ocrx_word' id='word_1_256' title='bbox 1063 3401 1282 3473; x_wconf 89' lang='lat' dir='ltr'><strong>scripta</strong></span> <span class='ocrx_word' id='word_1_257' title='bbox 1325 3404 1557 3471; x_wconf 90' lang='lat' dir='ltr'><strong>recepta</strong></span> <span class='ocrx_word' id='word_1_258' title='bbox 1604 3407 1758 3466; x_wconf 87' lang='lat' dir='ltr'><strong>sunt,</strong></span> <span class='ocrx_word' id='word_1_259' title='bbox 1789 3399 1860 3453; x_wconf 92' lang='lat' dir='ltr'><strong>ab</strong></span> <span class='ocrx_word' id='word_1_260' title='bbox 1900 3397 2113 3470; x_wconf 87' lang='lat' dir='ltr'><strong>aliqui-</strong></span> 
     </span>
    </p>
   </div>
   <div class='ocr_carea' id='block_1_38' title="bbox 472 3479 2112 3549">
    <p class='ocr_par' dir='ltr' id='par_1_38' title="bbox 472 3479 2112 3549">
     <span class='ocr_line' id='line_1_38' title="bbox 472 3479 2112 3549; baseline -0.003 -12"><span class='ocrx_word' id='word_1_261' title='bbox 472 3481 578 3537; x_wconf 89' lang='lat' dir='ltr'><strong>bus</strong></span> <span class='ocrx_word' id='word_1_262' title='bbox 610 3482 866 3537; x_wconf 88' lang='lat' dir='ltr'><strong>creditur</strong></span> <span class='ocrx_word' id='word_1_263' title='bbox 896 3484 1054 3549; x_wconf 90' lang='lat' dir='ltr'><strong>(nam</strong></span> <span class='ocrx_word' id='word_1_264' title='bbox 1103 3481 1174 3536; x_wconf 72' lang='lat' dir='ltr'><strong>tle</strong></span> <span class='ocrx_word' id='word_1_265' title='bbox 1231 3481 1331 3536; x_wconf 91' lang='lat' dir='ltr'><strong>illo</strong></span> <span class='ocrx_word' id='word_1_266' title='bbox 1389 3480 1542 3536; x_wconf 91' lang='lat' dir='ltr'><strong>hanc</strong></span> <span class='ocrx_word' id='word_1_267' title='bbox 1589 3496 1713 3535; x_wconf 92' lang='lat' dir='ltr'><strong>esse</strong></span> <span class='ocrx_word' id='word_1_268' title='bbox 1747 3479 2112 3534; x_wconf 77' lang='lat' dir='ltr'><strong>Hebraeorum</strong></span> 
     </span>
    </p>
   </div>
   <div class='ocr_carea' id='block_1_39' title="bbox 471 3559 2110 3633">
    <p class='ocr_par' dir='ltr' id='par_1_39' title="bbox 471 3559 2110 3633">
     <span class='ocr_line' id='line_1_39' title="bbox 471 3559 2110 3633; baseline -0.002 -15"><span class='ocrx_word' id='word_1_269' title='bbox 471 3561 802 3633; x_wconf 89' lang='lat' dir='ltr'><strong>opinionem</strong></span> <span class='ocrx_word' id='word_1_270' title='bbox 839 3561 977 3616; x_wconf 90' lang='lat' dir='ltr'><strong>dicit</strong></span> <span class='ocrx_word' id='word_1_271' title='bbox 1007 3563 1393 3632; x_wconf 83' lang='lat' dir='ltr'><strong>Hieronymus</strong></span> <span class='ocrx_word' id='word_1_272' title='bbox 1425 3561 1685 3633; x_wconf 74' lang='lat' dir='ltr'><strong>[Proaem.</strong></span> <span class='ocrx_word' id='word_1_273' title='bbox 1718 3562 1780 3614; x_wconf 89' lang='lat' dir='ltr'><strong>in</strong></span> <span class='ocrx_word' id='word_1_274' title='bbox 1809 3559 2110 3630; x_wconf 85' lang='lat' dir='ltr'><strong>Malach.]),</strong></span> 
     </span>
    </p>
   </div>
   <div class='ocr_carea' id='block_1_40' title="bbox 467 3639 2114 3713">
    <p class='ocr_par' dir='ltr' id='par_1_40' title="bbox 467 3639 2114 3713">
     <span class='ocr_line' id='line_1_40' title="bbox 467 3639 2114 3713; baseline -0.002 -16"><span class='ocrx_word' id='word_1_275' title='bbox 467 3642 756 3713; x_wconf 89' lang='lat' dir='ltr'><strong>judicium</strong></span> <span class='ocrx_word' id='word_1_276' title='bbox 817 3641 1196 3697; x_wconf 86' lang='lat' dir='ltr'><strong>novissimum</strong></span> <span class='ocrx_word' id='word_1_277' title='bbox 1230 3642 1556 3713; x_wconf 87' lang='lat' dir='ltr'><strong>prophetat,</strong></span> <span class='ocrx_word' id='word_1_278' title='bbox 1589 3639 1828 3695; x_wconf 91' lang='lat' dir='ltr'><strong>dicens:</strong></span> <span class='ocrx_word' id='word_1_279' title='bbox 1862 3641 1991 3694; x_wconf 82' lang='lat' dir='ltr'><strong>Ecce</strong></span> <span class='ocrx_word' id='word_1_280' title='bbox 2018 3655 2114 3693; x_wconf 90' lang='lat' dir='ltr'><strong>ve-</strong></span> 
     </span>
    </p>
   </div>
   <div class='ocr_carea' id='block_1_41' title="bbox 473 3721 2114 3792">
    <p class='ocr_par' dir='ltr' id='par_1_41' title="bbox 473 3721 2114 3792">
     <span class='ocr_line' id='line_1_41' title="bbox 473 3721 2114 3792; baseline -0.002 -15"><span class='ocrx_word' id='word_1_281' title='bbox 473 3724 583 3791; x_wconf 87' lang='lat' dir='ltr'><strong>nit,</strong></span> <span class='ocrx_word' id='word_1_282' title='bbox 612 3724 746 3776; x_wconf 85' lang='lat' dir='ltr'><strong>dicit</strong></span> <span class='ocrx_word' id='word_1_283' title='bbox 797 3723 1063 3777; x_wconf 86' lang='lat' dir='ltr'><strong>Dominus</strong></span> <span class='ocrx_word' id='word_1_284' title='bbox 1120 3724 1499 3792; x_wconf 85' lang='lat' dir='ltr'><strong>omnipotens:</strong></span> <span class='ocrx_word' id='word_1_285' title='bbox 1555 3728 1607 3775; x_wconf 86' lang='lat' dir='ltr'><strong>et</strong></span> <span class='ocrx_word' id='word_1_286' title='bbox 1656 3722 1777 3790; x_wconf 90' lang='lat' dir='ltr'><strong>quis</strong></span> <span class='ocrx_word' id='word_1_287' title='bbox 1826 3721 2114 3775; x_wconf 85' lang='lat' dir='ltr'><strong>sustinebit</strong></span> 
     </span>
    </p>
   </div>
   <div class='ocr_carea' id='block_1_42' title="bbox 477 3802 2115 3873">
    <p class='ocr_par' dir='ltr' id='par_1_42' title="bbox 477 3802 2115 3873">
     <span class='ocr_line' id='line_1_42' title="bbox 477 3802 2115 3873; baseline -0.001 -16"><span class='ocrx_word' id='word_1_288' title='bbox 477 3802 618 3857; x_wconf 89' lang='lat' dir='ltr'><strong>diem</strong></span> <span class='ocrx_word' id='word_1_289' title='bbox 651 3804 915 3858; x_wconf 83' lang='lat' dir='ltr'><strong>introitus</strong></span> <span class='ocrx_word' id='word_1_290' title='bbox 946 3804 1086 3872; x_wconf 88' lang='lat' dir='ltr'><strong>ejus,</strong></span> <span class='ocrx_word' id='word_1_291' title='bbox 1128 3810 1222 3856; x_wconf 88' lang='lat' dir='ltr'><strong>aut</strong></span> <span class='ocrx_word' id='word_1_292' title='bbox 1252 3805 1373 3873; x_wconf 84' lang='lat' dir='ltr'><strong>quis</strong></span> <span class='ocrx_word' id='word_1_293' title='bbox 1392 3807 1539 3872; x_wconf 72' lang='lat' dir='ltr'><strong>ferre</strong></span> <span class='ocrx_word' id='word_1_294' title='bbox 1565 3805 1764 3869; x_wconf 89' lang='lat' dir='ltr'><strong>poterit</strong></span> <span class='ocrx_word' id='word_1_295' title='bbox 1795 3811 1854 3856; x_wconf 88' lang='lat' dir='ltr'><strong>ut</strong></span> <span class='ocrx_word' id='word_1_296' title='bbox 1882 3804 2115 3873; x_wconf 86' lang='lat' dir='ltr'><strong>aspiciat</strong></span> 
     </span>
    </p>
   </div>
   <div class='ocr_carea' id='block_1_43' title="bbox 478 3882 2115 3956">
    <p class='ocr_par' dir='ltr' id='par_1_43' title="bbox 478 3882 2115 3956">
     <span class='ocr_line' id='line_1_43' title="bbox 478 3882 2115 3956; baseline -0.002 -16"><span class='ocrx_word' id='word_1_297' title='bbox 478 3901 606 3941; x_wconf 87' lang='lat' dir='ltr'><strong>eum</strong></span> <span class='ocrx_word' id='word_1_298' title='bbox 625 3885 652 3938; x_wconf 86' lang='lat'><strong><em>?</em></strong></span> <span class='ocrx_word' id='word_1_299' title='bbox 679 3885 815 3953; x_wconf 85' lang='lat' dir='ltr'><strong>Quia</strong></span> <span class='ocrx_word' id='word_1_300' title='bbox 846 3884 963 3955; x_wconf 89' lang='lat' dir='ltr'><strong>ipse</strong></span> <span class='ocrx_word' id='word_1_301' title='bbox 990 3883 1304 3953; x_wconf 86' lang='lat' dir='ltr'><strong>ingreditur</strong></span> <span class='ocrx_word' id='word_1_302' title='bbox 1332 3885 1493 3954; x_wconf 89' lang='lat' dir='ltr'><strong>quasi</strong></span> <span class='ocrx_word' id='word_1_303' title='bbox 1521 3883 1674 3956; x_wconf 83' lang='lat' dir='ltr'><strong>ignis</strong></span> <span class='ocrx_word' id='word_1_304' title='bbox 1700 3882 2033 3953; x_wconf 84' lang='lat' dir='ltr'><strong>con/latorii,</strong></span> <span class='ocrx_word' id='word_1_305' title='bbox 2064 3887 2115 3937; x_wconf 86' lang='lat' dir='ltr'><strong>et</strong></span> 
     </span>
    </p>
   </div>
   <div class='ocr_carea' id='block_1_44' title="bbox 478 3963 2117 4039">
    <p class='ocr_par' dir='ltr' id='par_1_44' title="bbox 478 3963 2117 4039">
     <span class='ocr_line' id='line_1_44' title="bbox 478 3963 2117 4039; baseline -0.004 -17"><span class='ocrx_word' id='word_1_306' title='bbox 478 3969 638 4039; x_wconf 87' lang='lat' dir='ltr'><strong>quasi</strong></span> <span class='ocrx_word' id='word_1_307' title='bbox 669 3967 838 4020; x_wconf 81' lang='lat' dir='ltr'><strong>herba</strong></span> <span class='ocrx_word' id='word_1_308' title='bbox 870 3963 1210 4019; x_wconf 88' lang='lat' dir='ltr'><strong>lavantium:</strong></span> <span class='ocrx_word' id='word_1_309' title='bbox 1236 3972 1286 4020; x_wconf 87' lang='lat' dir='ltr'><strong>et</strong></span> <span class='ocrx_word' id='word_1_310' title='bbox 1315 3964 1521 4020; x_wconf 85' lang='lat' dir='ltr'><strong>sedebit</strong></span> <span class='ocrx_word' id='word_1_311' title='bbox 1553 3965 1815 4034; x_wconf 85' lang='lat' dir='ltr'><strong>conﬂans,</strong></span> <span class='ocrx_word' id='word_1_312' title='bbox 1840 3968 1888 4019; x_wconf 90' lang='lat' dir='ltr'><strong>et</strong></span> <span class='ocrx_word' id='word_1_313' title='bbox 1918 3979 2117 4019; x_wconf 85' lang='lat' dir='ltr'><strong>emun-</strong></span> 
     </span>
    </p>
   </div>
   <div class='ocr_carea' id='block_1_45' title="bbox 476 4041 2118 4114">
    <p class='ocr_par' dir='ltr' id='par_1_45' title="bbox 476 4041 2118 4114">
     <span class='ocr_line' id='line_1_45' title="bbox 476 4041 2118 4114; baseline -0.004 -12"><span class='ocrx_word' id='word_1_314' title='bbox 476 4046 639 4114; x_wconf 87' lang='lat' dir='ltr'><strong>dans,</strong></span> <span class='ocrx_word' id='word_1_315' title='bbox 670 4046 808 4100; x_wconf 87' lang='lat' dir='ltr'><strong>sicut</strong></span> <span class='ocrx_word' id='word_1_316' title='bbox 836 4059 1037 4099; x_wconf 90' lang='lat' dir='ltr'><strong>aurum</strong></span> <span class='ocrx_word' id='word_1_317' title='bbox 1064 4049 1120 4100; x_wconf 86' lang='lat' dir='ltr'><strong>et</strong></span> <span class='ocrx_word' id='word_1_318' title='bbox 1164 4046 1304 4100; x_wconf 85' lang='lat' dir='ltr'><strong>sicut</strong></span> <span class='ocrx_word' id='word_1_319' title='bbox 1345 4051 1657 4113; x_wconf 87' lang='lat' dir='ltr'><strong>argentum,</strong></span> <span class='ocrx_word' id='word_1_320' title='bbox 1710 4049 1758 4100; x_wconf 90' lang='lat' dir='ltr'><strong>et</strong></span> <span class='ocrx_word' id='word_1_321' title='bbox 1799 4041 2118 4098; x_wconf 87' lang='lat' dir='ltr'><strong>emundabit</strong></span> 
     </span>
    </p>
   </div>
   <div class='ocr_carea' id='block_1_46' title="bbox 476 4123 2114 4197">
    <p class='ocr_par' dir='ltr' id='par_1_46' title="bbox 476 4123 2114 4197">
     <span class='ocr_line' id='line_1_46' title="bbox 476 4123 2114 4197; baseline -0.002 -16"><span class='ocrx_word' id='word_1_322' title='bbox 476 4127 619 4197; x_wconf 81' lang='lat' dir='ltr'><strong>ﬁlios</strong></span> <span class='ocrx_word' id='word_1_323' title='bbox 651 4125 798 4190; x_wconf 83' lang='lat' dir='ltr'><strong>Levi,</strong></span> <span class='ocrx_word' id='word_1_324' title='bbox 835 4131 887 4179; x_wconf 86' lang='lat' dir='ltr'><strong>et</strong></span> <span class='ocrx_word' id='word_1_325' title='bbox 922 4123 1114 4194; x_wconf 80' lang='lat' dir='ltr'><strong>[undet</strong></span> <span class='ocrx_word' id='word_1_326' title='bbox 1151 4139 1237 4181; x_wconf 91' lang='lat' dir='ltr'><strong>eos</strong></span> <span class='ocrx_word' id='word_1_327' title='bbox 1275 4127 1416 4180; x_wconf 85' lang='lat' dir='ltr'><strong>sicut</strong></span> <span class='ocrx_word' id='word_1_328' title='bbox 1457 4142 1653 4180; x_wconf 90' lang='lat' dir='ltr'><strong>aurum</strong></span> <span class='ocrx_word' id='word_1_329' title='bbox 1691 4131 1742 4179; x_wconf 85' lang='lat' dir='ltr'><strong>et</strong></span> <span class='ocrx_word' id='word_1_330' title='bbox 1784 4127 2114 4192; x_wconf 87' lang='lat' dir='ltr'><strong>argentum:</strong></span> 
     </span>
    </p>
   </div>
   <div class='ocr_carea' id='block_1_47' title="bbox 478 4204 2114 4278">
    <p class='ocr_par' dir='ltr' id='par_1_47' title="bbox 478 4204 2114 4278">
     <span class='ocr_line' id='line_1_47' title="bbox 478 4204 2114 4278; baseline -0.002 -16"><span class='ocrx_word' id='word_1_331' title='bbox 478 4213 533 4262; x_wconf 89' lang='lat' dir='ltr'><strong>et</strong></span> <span class='ocrx_word' id='word_1_332' title='bbox 561 4213 746 4275; x_wconf 85' lang='lat' dir='ltr'><strong>erunt,</strong></span> <span class='ocrx_word' id='word_1_333' title='bbox 781 4207 1004 4263; x_wconf 88' lang='lat' dir='ltr'><strong>Domino</strong></span> <span class='ocrx_word' id='word_1_334' title='bbox 1063 4208 1354 4278; x_wconf 70' lang='lat' dir='ltr'><strong>offerentes</strong></span> <span class='ocrx_word' id='word_1_335' title='bbox 1409 4208 1617 4262; x_wconf 79' lang='lat' dir='ltr'><strong>hostias</strong></span> <span class='ocrx_word' id='word_1_336' title='bbox 1671 4209 1730 4260; x_wconf 88' lang='lat' dir='ltr'><strong>in</strong></span> <span class='ocrx_word' id='word_1_337' title='bbox 1762 4204 2012 4274; x_wconf 85' lang='lat' dir='ltr'><strong>justitia.</strong></span> <span class='ocrx_word' id='word_1_338' title='bbox 2047 4206 2114 4259; x_wconf 89' lang='lat' dir='ltr'><strong>Et</strong></span> 
     </span>
    </p>
   </div>
   <div class='ocr_carea' id='block_1_48' title="bbox 471 4287 2116 4359">
    <p class='ocr_par' dir='ltr' id='par_1_48' title="bbox 471 4287 2116 4359">
     <span class='ocr_line' id='line_1_48' title="bbox 471 4287 2116 4359; baseline -0.001 -17"><span class='ocrx_word' id='word_1_339' title='bbox 471 4289 708 4359; x_wconf 89' lang='lat' dir='ltr'><strong>placebit</strong></span> <span class='ocrx_word' id='word_1_340' title='bbox 738 4289 963 4344; x_wconf 89' lang='lat' dir='ltr'><strong>Domino</strong></span> <span class='ocrx_word' id='word_1_341' title='bbox 992 4290 1324 4356; x_wconf 80' lang='lat' dir='ltr'><strong>sacriﬁcium</strong></span> <span class='ocrx_word' id='word_1_342' title='bbox 1355 4289 1492 4343; x_wconf 90' lang='lat' dir='ltr'><strong>Juda</strong></span> <span class='ocrx_word' id='word_1_343' title='bbox 1519 4297 1571 4344; x_wconf 88' lang='lat' dir='ltr'><strong>et</strong></span> <span class='ocrx_word' id='word_1_344' title='bbox 1613 4287 1940 4354; x_wconf 85' lang='lat' dir='ltr'><strong>Jerusalem,</strong></span> <span class='ocrx_word' id='word_1_345' title='bbox 1973 4287 2116 4340; x_wconf 81' lang='lat' dir='ltr'><strong>sicut</strong></span> 
     </span>
    </p>
   </div>
   <div class='ocr_carea' id='block_1_49' title="bbox 472 4367 2114 4439">
    <p class='ocr_par' dir='ltr' id='par_1_49' title="bbox 472 4367 2114 4439">
     <span class='ocr_line' id='line_1_49' title="bbox 472 4367 2114 4439; baseline -0.001 -18"><span class='ocrx_word' id='word_1_346' title='bbox 472 4369 656 4423; x_wconf 88' lang='lat' dir='ltr'><strong>diebus</strong></span> <span class='ocrx_word' id='word_1_347' title='bbox 684 4369 957 4436; x_wconf 86' lang='lat' dir='ltr'><strong>pristinis,</strong></span> <span class='ocrx_word' id='word_1_348' title='bbox 991 4373 1046 4421; x_wconf 83' lang='lat' dir='ltr'><strong>et</strong></span> <span class='ocrx_word' id='word_1_349' title='bbox 1074 4370 1215 4420; x_wconf 88' lang='lat' dir='ltr'><strong>sicut</strong></span> <span class='ocrx_word' id='word_1_350' title='bbox 1245 4367 1412 4421; x_wconf 88' lang='lat' dir='ltr'><strong>annis</strong></span> <span class='ocrx_word' id='word_1_351' title='bbox 1442 4367 1740 4439; x_wconf 80' lang='lat' dir='ltr'><strong>prioribus.</strong></span> <span class='ocrx_word' id='word_1_352' title='bbox 1773 4368 1839 4420; x_wconf 87' lang='lat' dir='ltr'><strong>Et</strong></span> <span class='ocrx_word' id='word_1_353' title='bbox 1861 4371 2114 4421; x_wconf 83' lang='lat' dir='ltr'><strong>accedam</strong></span> 
     </span>
    </p>
   </div>
   <div class='ocr_carea' id='block_1_50' title="bbox 469 4445 2110 4518">
    <p class='ocr_par' dir='ltr' id='par_1_50' title="bbox 469 4445 2110 4518">
     <span class='ocr_line' id='line_1_50' title="bbox 469 4445 2110 4518; baseline 0 -18"><span class='ocrx_word' id='word_1_354' title='bbox 469 4445 540 4500; x_wconf 89' lang='lat' dir='ltr'><strong>ad</strong></span> <span class='ocrx_word' id='word_1_355' title='bbox 568 4461 660 4500; x_wconf 87' lang='lat' dir='ltr'><strong>vos</strong></span> <span class='ocrx_word' id='word_1_356' title='bbox 691 4447 747 4498; x_wconf 89' lang='lat' dir='ltr'><strong>in</strong></span> <span class='ocrx_word' id='word_1_357' title='bbox 779 4445 1004 4513; x_wconf 78' lang='lat' dir='ltr'><strong>iudicio,</strong></span> <span class='ocrx_word' id='word_1_358' title='bbox 1028 4454 1078 4501; x_wconf 84' lang='lat' dir='ltr'><strong>et</strong></span> <span class='ocrx_word' id='word_1_359' title='bbox 1107 4463 1202 4502; x_wconf 89' lang='lat' dir='ltr'><strong>ero</strong></span> <span class='ocrx_word' id='word_1_360' title='bbox 1234 4449 1388 4504; x_wconf 84' lang='lat' dir='ltr'><strong>testis</strong></span> <span class='ocrx_word' id='word_1_361' title='bbox 1438 4448 1598 4505; x_wconf 73' lang='lat' dir='ltr'><strong>velox</strong></span> <span class='ocrx_word' id='word_1_362' title='bbox 1625 4464 1788 4518; x_wconf 90' lang='lat' dir='ltr'><strong>super</strong></span> <span class='ocrx_word' id='word_1_363' title='bbox 1815 4447 2110 4516; x_wconf 76' lang='lat' dir='ltr'><strong>maleﬁcos,</strong></span> 
     </span>
    </p>
   </div>
   <div class='ocr_carea' id='block_1_51' title="bbox 467 4523 2115 4600">
    <p class='ocr_par' dir='ltr' id='par_1_51' title="bbox 467 4523 2115 4600">
     <span class='ocr_line' id='line_1_51' title="bbox 467 4523 2115 4600; baseline 0.001 -23"><span class='ocrx_word' id='word_1_364' title='bbox 467 4527 518 4578; x_wconf 90' lang='lat' dir='ltr'><strong>et</strong></span> <span class='ocrx_word' id='word_1_365' title='bbox 546 4539 709 4594; x_wconf 86' lang='lat' dir='ltr'><strong>super</strong></span> <span class='ocrx_word' id='word_1_366' title='bbox 737 4523 1030 4592; x_wconf 88' lang='lat' dir='ltr'><strong>adulteros,</strong></span> <span class='ocrx_word' id='word_1_367' title='bbox 1059 4529 1109 4580; x_wconf 87' lang='lat' dir='ltr'><strong>et</strong></span> <span class='ocrx_word' id='word_1_368' title='bbox 1133 4542 1299 4598; x_wconf 85' lang='lat' dir='ltr'><strong>super</strong></span> <span class='ocrx_word' id='word_1_369' title='bbox 1334 4543 1423 4584; x_wconf 91' lang='lat' dir='ltr'><strong>eos</strong></span> <span class='ocrx_word' id='word_1_370' title='bbox 1462 4530 1556 4600; x_wconf 89' lang='lat' dir='ltr'><strong>qui</strong></span> <span class='ocrx_word' id='word_1_371' title='bbox 1575 4528 1779 4598; x_wconf 87' lang='lat' dir='ltr'><strong>jurant</strong></span> <span class='ocrx_word' id='word_1_372' title='bbox 1799 4529 1857 4582; x_wconf 88' lang='lat' dir='ltr'><strong>in</strong></span> <span class='ocrx_word' id='word_1_373' title='bbox 1887 4527 2115 4580; x_wconf 90' lang='lat' dir='ltr'><strong>nomine</strong></span> 
     </span>
    </p>
   </div>
   <div class='ocr_carea' id='block_1_52' title="bbox 465 4603 2115 4679">
    <p class='ocr_par' dir='ltr' id='par_1_52' title="bbox 465 4603 2115 4679">
     <span class='ocr_line' id='line_1_52' title="bbox 465 4603 2115 4679; baseline 0 -21"><span class='ocrx_word' id='word_1_374' title='bbox 465 4620 582 4660; x_wconf 89' lang='lat' dir='ltr'><strong>meo</strong></span> <span class='ocrx_word' id='word_1_375' title='bbox 611 4603 963 4670; x_wconf 87' lang='lat' dir='ltr'><strong>mendaciter,</strong></span> <span class='ocrx_word' id='word_1_376' title='bbox 996 4611 1049 4661; x_wconf 87' lang='lat' dir='ltr'><strong>et</strong></span> <span class='ocrx_word' id='word_1_377' title='bbox 1079 4609 1175 4679; x_wconf 89' lang='lat' dir='ltr'><strong>qui</strong></span> <span class='ocrx_word' id='word_1_378' title='bbox 1200 4609 1474 4676; x_wconf 85' lang='lat' dir='ltr'><strong>fraudant</strong></span> <span class='ocrx_word' id='word_1_379' title='bbox 1498 4608 1800 4664; x_wconf 84' lang='lat' dir='ltr'><strong>mercedem</strong></span> <span class='ocrx_word' id='word_1_380' title='bbox 1837 4622 2115 4663; x_wconf 87' lang='lat' dir='ltr'><strong>mercena-</strong></span> 
     </span>
    </p>
   </div>
   <div class='ocr_carea' id='block_1_53' title="bbox 464 4685 2113 4762">
    <p class='ocr_par' dir='ltr' id='par_1_53' title="bbox 464 4685 2113 4762">
     <span class='ocr_line' id='line_1_53' title="bbox 464 4685 2113 4762; baseline 0 -20"><span class='ocrx_word' id='word_1_381' title='bbox 464 4687 547 4742; x_wconf 87' lang='lat' dir='ltr'><strong>rio</strong></span> <span class='ocrx_word' id='word_1_382' title='bbox 567 4685 608 4755; x_wconf 77' lang='grc'><strong>⁸,</strong></span> <span class='ocrx_word' id='word_1_383' title='bbox 641 4688 689 4743; x_wconf 87' lang='lat' dir='ltr'><strong>et</strong></span> <span class='ocrx_word' id='word_1_384' title='bbox 737 4688 1054 4759; x_wconf 86' lang='lat' dir='ltr'><strong>opprimunt</strong></span> <span class='ocrx_word' id='word_1_385' title='bbox 1089 4705 1188 4761; x_wconf 89' lang='lat' dir='ltr'><strong>per</strong></span> <span class='ocrx_word' id='word_1_386' title='bbox 1213 4693 1515 4762; x_wconf 87' lang='lat' dir='ltr'><strong>potentiam</strong></span> <span class='ocrx_word' id='word_1_387' title='bbox 1558 4689 1774 4757; x_wconf 81' lang='lat' dir='ltr'><strong>viduas,</strong></span> <span class='ocrx_word' id='word_1_388' title='bbox 1823 4696 1874 4744; x_wconf 89' lang='lat' dir='ltr'><strong>et</strong></span> <span class='ocrx_word' id='word_1_389' title='bbox 1911 4703 2113 4758; x_wconf 87' lang='lat' dir='ltr'><strong>percu-</strong></span> 
     </span>
    </p>
   </div>
   <div class='ocr_carea' id='block_1_54' title="bbox 461 4768 2112 4842">
    <p class='ocr_par' dir='ltr' id='par_1_54' title="bbox 461 4768 2112 4842">
     <span class='ocr_line' id='line_1_54' title="bbox 461 4768 2112 4842; baseline 0.001 -20"><span class='ocrx_word' id='word_1_390' title='bbox 461 4768 613 4824; x_wconf 85' lang='lat' dir='ltr'><strong>tiunt</strong></span> <span class='ocrx_word' id='word_1_391' title='bbox 633 4769 911 4840; x_wconf 62' lang='lat' dir='ltr'><strong>(pupillos,</strong></span> <span class='ocrx_word' id='word_1_392' title='bbox 944 4777 992 4825; x_wconf 88' lang='lat' dir='ltr'><strong>et</strong></span> <span class='ocrx_word' id='word_1_393' title='bbox 1031 4775 1348 4838; x_wconf 84' lang='lat' dir='ltr'><strong>pervertunt</strong></span> <span class='ocrx_word' id='word_1_394' title='bbox 1385 4769 1664 4842; x_wconf 84' lang='lat' dir='ltr'><strong>judicium</strong></span> <span class='ocrx_word' id='word_1_395' title='bbox 1693 4770 1910 4826; x_wconf 76' lang='lat' dir='ltr'><strong>advenae</strong></span> <span class='ocrx_word' id='word_1_396' title='bbox 1933 4773 1986 4824; x_wconf 86' lang='lat' dir='ltr'><strong>et</strong></span> <span class='ocrx_word' id='word_1_397' title='bbox 2015 4769 2112 4839; x_wconf 92' lang='lat' dir='ltr'><strong>qui</strong></span> 
     </span>
    </p>
   </div>
   <div class='ocr_carea' id='block_1_55' title="bbox 460 4848 2109 4923">
    <p class='ocr_par' dir='ltr' id='par_1_55' title="bbox 460 4848 2109 4923">
     <span class='ocr_line' id='line_1_55' title="bbox 460 4848 2109 4923; baseline 0.001 -21"><span class='ocrx_word' id='word_1_398' title='bbox 460 4865 568 4906; x_wconf 88' lang='lat' dir='ltr'><strong>non</strong></span> <span class='ocrx_word' id='word_1_399' title='bbox 603 4848 926 4922; x_wconf 90' lang='lat' dir='ltr'><strong>timentme,</strong></span> <span class='ocrx_word' id='word_1_400' title='bbox 957 4850 1095 4907; x_wconf 87' lang='lat' dir='ltr'><strong>dicit</strong></span> <span class='ocrx_word' id='word_1_401' title='bbox 1137 4850 1398 4908; x_wconf 86' lang='lat' dir='ltr'><strong>Dominus</strong></span> <span class='ocrx_word' id='word_1_402' title='bbox 1444 4852 1802 4923; x_wconf 89' lang='lat' dir='ltr'><strong>omnipotens.</strong></span> <span class='ocrx_word' id='word_1_403' title='bbox 1838 4851 2109 4918; x_wconf 87' lang='lat' dir='ltr'><strong>Quoniam</strong></span> 
     </span>
    </p>
   </div>
   <div class='ocr_carea' id='block_1_56' title="bbox 525 4977 2110 5044">
    <p class='ocr_par' dir='ltr' id='par_1_56' title="bbox 525 4977 2110 5044">
     <span class='ocr_line' id='line_1_56' title="bbox 525 4977 2110 5044; baseline 0.001 -18"><span class='ocrx_word' id='word_1_404' title='bbox 525 4980 541 5013; x_wconf 83' lang='grc'>¹</span> <span class='ocrx_word' id='word_1_405' title='bbox 573 4977 729 5036; x_wconf 86' lang='lat' dir='ltr'><strong>Editi,</strong></span> <span class='ocrx_word' id='word_1_406' title='bbox 751 4977 1091 5044; x_wconf 66' lang='lat' dir='ltr'><strong>magisvolo.</strong></span> <span class='ocrx_word' id='word_1_407' title='bbox 1127 4980 1196 5029; x_wconf 84' lang='lat' dir='ltr'><strong>At</strong></span> <span class='ocrx_word' id='word_1_408' title='bbox 1219 4980 1360 5039; x_wconf 65' lang='lat' dir='ltr'><strong>Mss,</strong></span> <span class='ocrx_word' id='word_1_409' title='bbox 1391 4983 1574 5033; x_wconf 83' lang='lat' dir='ltr'><strong>carent</strong></span> <span class='ocrx_word' id='word_1_410' title='bbox 1600 4980 1877 5044; x_wconf 87' lang='lat' dir='ltr'><strong>particula,</strong></span> <span class='ocrx_word' id='word_1_411' title='bbox 1908 4978 2110 5042; x_wconf 78' lang='lat' dir='ltr'><strong>magis,</strong></span> 
     </span>
    </p>
   </div>
   <div class='ocr_carea' id='block_1_57' title="bbox 458 5041 1299 5104">
    <p class='ocr_par' dir='ltr' id='par_1_57' title="bbox 458 5041 1299 5104">
     <span class='ocr_line' id='line_1_57' title="bbox 458 5041 1299 5104; baseline 0.005 -16"><span class='ocrx_word' id='word_1_412' title='bbox 458 5053 721 5104; x_wconf 11' lang='lat' dir='ltr'><strong>quaequae</strong></span> <span class='ocrx_word' id='word_1_413' title='bbox 747 5043 827 5091; x_wconf 83' lang='lat' dir='ltr'><strong>est</strong></span> <span class='ocrx_word' id='word_1_414' title='bbox 853 5041 909 5090; x_wconf 89' lang='lat' dir='ltr'><strong>in</strong></span> <span class='ocrx_word' id='word_1_415' title='bbox 939 5042 1299 5104; x_wconf 82' lang='lat' dir='ltr'><strong>Septuaginta.</strong></span> 
     </span>
    </p>
   </div>
   <div class='ocr_carea' id='block_1_58' title="bbox 524 5102 1471 5165">
    <p class='ocr_par' dir='ltr' id='par_1_58' title="bbox 524 5102 1471 5165">
     <span class='ocr_line' id='line_1_58' title="bbox 524 5102 1471 5165; baseline 0.003 -13"><span class='ocrx_word' id='word_1_416' title='bbox 524 5102 546 5136; x_wconf 82' lang='grc'><strong>²</strong></span> <span class='ocrx_word' id='word_1_417' title='bbox 573 5103 823 5153; x_wconf 87' lang='lat' dir='ltr'><strong>Nonnulli</strong></span> <span class='ocrx_word' id='word_1_418' title='bbox 851 5102 1275 5165; x_wconf 48' lang='lat' dir='ltr'><strong>Mss.,_plac&#39;etur</strong></span> <span class='ocrx_word' id='word_1_419' title='bbox 1305 5107 1471 5156; x_wconf 88' lang='lat' dir='ltr'><strong>Deus.</strong></span> 
     </span>
    </p>
   </div>
   <div class='ocr_carea' id='block_1_59' title="bbox 529 5165 1446 5227">
    <p class='ocr_par' dir='ltr' id='par_1_59' title="bbox 529 5165 1446 5227">
     <span class='ocr_line' id='line_1_59' title="bbox 529 5165 1446 5227; baseline 0.004 -13"><span class='ocrx_word' id='word_1_420' title='bbox 529 5165 548 5199; x_wconf 80' lang='grc'>³</span> <span class='ocrx_word' id='word_1_421' title='bbox 581 5165 704 5216; x_wconf 81' lang='lat' dir='ltr'><strong>Sola</strong></span> <span class='ocrx_word' id='word_1_422' title='bbox 737 5166 897 5215; x_wconf 83' lang='lat' dir='ltr'><strong>editio</strong></span> <span class='ocrx_word' id='word_1_423' title='bbox 927 5167 1073 5220; x_wconf 81' lang='lat' dir='ltr'><strong>Lov..</strong></span> <span class='ocrx_word' id='word_1_424' title='bbox 1094 5167 1446 5227; x_wconf 83' lang='lat' dir='ltr'><strong>judicandis.</strong></span> 
     </span>
    </p>
   </div>
   <div class='ocr_carea' id='block_1_60' title="bbox 522 5227 2113 5303">
    <p class='ocr_par' dir='ltr' id='par_1_60' title="bbox 522 5227 2113 5303">
     <span class='ocr_line' id='line_1_60' title="bbox 522 5227 2113 5303; baseline 0.002 -25"><span class='ocrx_word' id='word_1_425' title='bbox 522 5227 547 5299; x_wconf 58' lang='grc' dir='ltr'><strong><em>ξ</em></strong></span> <span class='ocrx_word' id='word_1_426' title='bbox 570 5229 1117 5303; x_wconf 41' lang='grc' dir='ltr'><strong>ψεφλλςαιαρήἰεζίᾗ</strong></span> <span class='ocrx_word' id='word_1_427' title='bbox 1141 5231 1210 5303; x_wconf 57' lang='grc' dir='ltr'><strong>βι</strong></span> <span class='ocrx_word' id='word_1_428' title='bbox 1234 5231 2113 5303; x_wconf 63' lang='lat' dir='ltr'><strong>iidem_initio_capitis,_Prop[ieta</strong></span> 
     </span>
    </p>
   </div>
   <div class='ocr_carea' id='block_1_61' title="bbox 460 5289 2114 5364">
    <p class='ocr_par' dir='ltr' id='par_1_61' title="bbox 460 5289 2114 5364">
     <span class='ocr_line' id='line_1_61' title="bbox 460 5289 2114 5364; baseline 0.002 -25"><span class='ocrx_word' id='word_1_429' title='bbox 460 5289 822 5364; x_wconf 50' lang='lat' dir='ltr'><strong>Malachiliel,</strong></span> <span class='ocrx_word' id='word_1_430' title='bbox 865 5291 980 5340; x_wconf 84' lang='lat' dir='ltr'><strong>sive</strong></span> <span class='ocrx_word' id='word_1_431' title='bbox 1008 5293 1318 5364; x_wconf 53' lang='lat' dir='ltr'><strong>_3_Ma_lacni:</strong></span> <span class='ocrx_word' id='word_1_432' title='bbox 1377 5296 1427 5364; x_wconf 75' lang='lat' dir='ltr'><strong>et</strong></span> <span class='ocrx_word' id='word_1_433' title='bbox 1483 5289 1717 5364; x_wconf 60' lang='lat' dir='ltr'><strong>quidam,</strong></span> <span class='ocrx_word' id='word_1_434' title='bbox 1738 5357 1754 5364; x_wconf 87' lang='lat'><em>_</em></span> <span class='ocrx_word' id='word_1_435' title='bbox 1773 5289 1888 5364; x_wconf 65' lang='lat' dir='ltr'><strong>sipe</strong></span> <span class='ocrx_word' id='word_1_436' title='bbox 1919 5289 2114 5364; x_wconf 45' lang='lat' dir='ltr'><strong>ﬁlola-</strong></span> 
     </span>
    </p>
   </div>
   <div class='ocr_carea' id='block_1_62' title="bbox 460 5353 1591 5421">
    <p class='ocr_par' dir='ltr' id='par_1_62' title="bbox 460 5353 1591 5421">
     <span class='ocr_line' id='line_1_62' title="bbox 460 5353 1591 5421; baseline 0.005 -20"><span class='ocrx_word' id='word_1_437' title='bbox 460 5353 954 5421; x_wconf 53' lang='lat' dir='ltr'><strong>enirn._l3ditiones</strong></span> <span class='ocrx_word' id='word_1_438' title='bbox 1008 5354 1160 5403; x_wconf 79' lang='lat' dir='ltr'><strong>Vind.</strong></span> <span class='ocrx_word' id='word_1_439' title='bbox 1216 5358 1334 5405; x_wconf 81' lang='lat' dir='ltr'><strong>Am.</strong></span> <span class='ocrx_word' id='word_1_440' title='bbox 1382 5359 1435 5405; x_wconf 86' lang='lat' dir='ltr'><strong>et</strong></span> <span class='ocrx_word' id='word_1_441' title='bbox 1486 5353 1591 5421; x_wconf 58' lang='lat' dir='ltr'><strong>Ern,</strong></span> 
     </span>
    </p>
   </div>
   <div class='ocr_carea' id='block_1_63' title="bbox 459 5416 784 5467">
    <p class='ocr_par' dir='ltr' id='par_1_63' title="bbox 459 5416 784 5467">
     <span class='ocr_line' id='line_1_63' title="bbox 459 5416 784 5467; baseline 0.006 -2"><span class='ocrx_word' id='word_1_442' title='bbox 459 5416 784 5467; x_wconf 71' lang='lat' dir='ltr'><strong>Halaohias.</strong></span> 
     </span>
    </p>
   </div>
   <div class='ocr_carea' id='block_1_64' title="bbox 525 5479 1601 5554">
    <p class='ocr_par' dir='ltr' id='par_1_64' title="bbox 525 5479 1601 5554">
     <span class='ocr_line' id='line_1_64' title="bbox 525 5479 1601 5554; baseline 0.006 -28"><span class='ocrx_word' id='word_1_443' title='bbox 525 5479 546 5554; x_wconf 69' lang='grc' dir='ltr'><strong>ξ</strong></span> <span class='ocrx_word' id='word_1_444' title='bbox 582 5479 740 5554; x_wconf 53' lang='grc' dir='ltr'><strong>ξζὶῑιίιἒ</strong></span> <span class='ocrx_word' id='word_1_445' title='bbox 766 5481 882 5554; x_wconf 66' lang='lat' dir='ltr'><strong>Am.</strong></span> <span class='ocrx_word' id='word_1_446' title='bbox 912 5479 996 5530; x_wconf 89' lang='lat' dir='ltr'><strong>Er.</strong></span> <span class='ocrx_word' id='word_1_447' title='bbox 1027 5483 1081 5530; x_wconf 87' lang='lat' dir='ltr'><strong>et</strong></span> <span class='ocrx_word' id='word_1_448' title='bbox 1113 5481 1256 5554; x_wconf 79' lang='lat' dir='ltr'><strong>M_ss.,</strong></span> <span class='ocrx_word' id='word_1_449' title='bbox 1291 5481 1351 5531; x_wconf 88' lang='lat' dir='ltr'><strong>in</strong></span> <span class='ocrx_word' id='word_1_450' title='bbox 1375 5497 1601 5554; x_wconf 72' lang='lat' dir='ltr'><strong>canone.</strong></span> 
     </span>
    </p>
   </div>
   <div class='ocr_carea' id='block_1_65' title="bbox 527 5540 2115 5601">
    <p class='ocr_par' dir='ltr' id='par_1_65' title="bbox 527 5540 2115 5601">
     <span class='ocr_line' id='line_1_65' title="bbox 527 5540 2115 5601; baseline 0.003 -12"><span class='ocrx_word' id='word_1_451' title='bbox 527 5540 547 5574; x_wconf 84' lang='grc'>⁶</span> <span class='ocrx_word' id='word_1_452' title='bbox 582 5542 665 5594; x_wconf 84' lang='lat' dir='ltr'><strong>Er.</strong></span> <span class='ocrx_word' id='word_1_453' title='bbox 697 5545 749 5594; x_wconf 84' lang='lat' dir='ltr'><strong>et</strong></span> <span class='ocrx_word' id='word_1_454' title='bbox 781 5544 928 5601; x_wconf 86' lang='lat' dir='ltr'><strong>Lov.,</strong></span> <span class='ocrx_word' id='word_1_455' title='bbox 958 5545 1200 5593; x_wconf 84' lang='lat' dir='ltr'><strong>mercede</strong></span> <span class='ocrx_word' id='word_1_456' title='bbox 1229 5540 1617 5596; x_wconf 81' lang='lat' dir='ltr'><strong>mercenarios.</strong></span> <span class='ocrx_word' id='word_1_457' title='bbox 1643 5547 1709 5596; x_wconf 79' lang='lat' dir='ltr'><strong>At</strong></span> <span class='ocrx_word' id='word_1_458' title='bbox 1726 5546 1881 5595; x_wconf 85' lang='lat' dir='ltr'><strong>Vind.</strong></span> <span class='ocrx_word' id='word_1_459' title='bbox 1912 5546 2027 5595; x_wconf 81' lang='lat' dir='ltr'><strong>Am.</strong></span> <span class='ocrx_word' id='word_1_460' title='bbox 2061 5544 2115 5594; x_wconf 82' lang='lat' dir='ltr'><strong>et</strong></span> 
     </span>
    </p>
   </div>
   <div class='ocr_carea' id='block_1_66' title="bbox 459 5602 2109 5678">
    <p class='ocr_par' dir='ltr' id='par_1_66' title="bbox 459 5602 2109 5678">
     <span class='ocr_line' id='line_1_66' title="bbox 459 5602 2109 5678; baseline 0.004 -28"><span class='ocrx_word' id='word_1_461' title='bbox 459 5602 618 5678; x_wconf 32' lang='lat' dir='ltr'><strong>Mss,”</strong></span> <span class='ocrx_word' id='word_1_462' title='bbox 673 5607 968 5678; x_wconf 70' lang='lat' dir='ltr'><strong>mercedem</strong></span> <span class='ocrx_word' id='word_1_463' title='bbox 1042 5607 1402 5658; x_wconf 85' lang='lat' dir='ltr'><strong>mercenaria.</strong></span> <span class='ocrx_word' id='word_1_464' title='bbox 1480 5609 1674 5659; x_wconf 88' lang='lat' dir='ltr'><strong>Graece</strong></span> <span class='ocrx_word' id='word_1_465' title='bbox 1746 5608 2109 5672; x_wconf 78' lang='lat' dir='ltr'><strong>Septuaginta,</strong></span> 
     </span>
    </p>
   </div>
   <div class='ocr_carea' id='block_1_67' title="bbox 461 5665 1045 5719">
    <p class='ocr_par' dir='ltr' id='par_1_67' title="bbox 461 5665 1045 5719">
     <span class='ocr_line' id='line_1_67' title="bbox 461 5665 1045 5719; baseline 0.014 -8"><span class='ocrx_word' id='word_1_466' title='bbox 461 5665 703 5714; x_wconf 83' lang='lat' dir='ltr'><strong>misthon</strong></span> <span class='ocrx_word' id='word_1_467' title='bbox 732 5668 1045 5719; x_wconf 82' lang='lat' dir='ltr'><strong>misthotou.</strong></span> 
     </span>
    </p>
   </div>
   <div class='ocr_carea' id='block_1_68' title="bbox 1643 5356 2112 5416">
    <p class='ocr_par' dir='ltr' id='par_1_68' title="bbox 1643 5356 2112 5416">
     <span class='ocr_line' id='line_1_68' title="bbox 1643 5356 2112 5416; baseline -0.009 -9"><span class='ocrx_word' id='word_1_468' title='bbox 1643 5356 1953 5416; x_wconf 82' lang='lat' dir='ltr'><strong>Malachiel,</strong></span> <span class='ocrx_word' id='word_1_469' title='bbox 1998 5356 2112 5404; x_wconf 79' lang='lat' dir='ltr'><strong>sire</strong></span> 
     </span>
    </p>
   </div>
   <div class='ocr_carea' id='block_1_69' title="bbox 1497 327 2778 395">
    <p class='ocr_par' dir='ltr' id='par_1_69' title="bbox 1497 327 2778 395">
     <span class='ocr_line' id='line_1_69' title="bbox 1497 327 2778 395; baseline -0.006 0"><span class='ocrx_word' id='word_1_470' title='bbox 1497 335 1598 395; x_wconf 88' lang='lat' dir='ltr'><strong>DE</strong></span> <span class='ocrx_word' id='word_1_471' title='bbox 1641 332 2005 394; x_wconf 81' lang='lat' dir='ltr'><strong>ClVlTA&#39;I‘E</strong></span> <span class='ocrx_word' id='word_1_472' title='bbox 2047 329 2200 390; x_wconf 83' lang='lat' dir='ltr'><strong>DEI.</strong></span> <span class='ocrx_word' id='word_1_473' title='bbox 2249 331 2314 391; x_wconf 93' lang='lat' dir='ltr'><strong>S.</strong></span> <span class='ocrx_word' id='word_1_474' title='bbox 2359 327 2778 392; x_wconf 79' lang='lat' dir='ltr'><strong>AUGUSTINI</strong></span> 
     </span>
    </p>
   </div>
   <div class='ocr_carea' id='block_1_70' title="bbox 3740 312 3862 376">
    <p class='ocr_par' dir='ltr' id='par_1_70' title="bbox 3740 312 3862 376">
     <span class='ocr_line' id='line_1_70' title="bbox 3740 312 3862 376; baseline 0.025 -3"><span class='ocrx_word' id='word_1_475' title='bbox 3740 312 3862 376; x_wconf 84' lang='lat'><strong>700</strong></span> 
     </span>
    </p>
   </div>
   <div class='ocr_carea' id='block_1_71' title="bbox 2213 449 3860 537">
    <p class='ocr_par' dir='ltr' id='par_1_71' title="bbox 2213 449 3860 537">
     <span class='ocr_line' id='line_1_71' title="bbox 2213 449 3860 537; baseline -0.011 -16"><span class='ocrx_word' id='word_1_476' title='bbox 2213 480 2306 537; x_wconf 87' lang='lat' dir='ltr'><strong>ego</strong></span> <span class='ocrx_word' id='word_1_477' title='bbox 2341 465 2599 520; x_wconf 87' lang='lat' dir='ltr'><strong>Dominus</strong></span> <span class='ocrx_word' id='word_1_478' title='bbox 2632 465 2769 518; x_wconf 85' lang='lat' dir='ltr'><strong>Deus</strong></span> <span class='ocrx_word' id='word_1_479' title='bbox 2805 468 2998 525; x_wconf 83' lang='lat' dir='ltr'><strong>vester,</strong></span> <span class='ocrx_word' id='word_1_480' title='bbox 3031 461 3081 514; x_wconf 85' lang='lat' dir='ltr'><strong>et</strong></span> <span class='ocrx_word' id='word_1_481' title='bbox 3129 470 3236 537; x_wconf 85' lang='lat' dir='ltr'><strong>non</strong></span> <span class='ocrx_word' id='word_1_482' title='bbox 3267 460 3454 510; x_wconf 88' lang='lat' dir='ltr'><strong>mutor</strong></span> <span class='ocrx_word' id='word_1_483' title='bbox 3481 449 3749 537; x_wconf 52' lang='lat' dir='ltr'><strong>(stalach.</strong></span> <span class='ocrx_word' id='word_1_484' title='bbox 3772 465 3860 518; x_wconf 81' lang='grc' dir='ltr'>ιιι,</span> 
     </span>
    </p>
   </div>
   <div class='ocr_carea' id='block_1_72' title="bbox 2213 531 3902 617">
    <p class='ocr_par' dir='ltr' id='par_1_72' title="bbox 2213 531 3902 617">
     <span class='ocr_line' id='line_1_72' title="bbox 2213 531 3902 617; baseline -0.008 -17"><span class='ocrx_word' id='word_1_485' title='bbox 2213 531 2348 617; x_wconf 67' lang='grc' dir='ltr'>1ἶ6).</span> <span class='ocrx_word' id='word_1_486' title='bbox 2382 545 2460 600; x_wconf 83' lang='lat' dir='ltr'><strong>Ex</strong></span> <span class='ocrx_word' id='word_1_487' title='bbox 2484 543 2577 598; x_wconf 90' lang='lat' dir='ltr'><strong>bis</strong></span> <span class='ocrx_word' id='word_1_488' title='bbox 2607 560 2735 614; x_wconf 73' lang='lat' dir='ltr'><strong>quae</strong></span> <span class='ocrx_word' id='word_1_489' title='bbox 2768 543 2924 598; x_wconf 88' lang='lat' dir='ltr'><strong>dicta</strong></span> <span class='ocrx_word' id='word_1_490' title='bbox 2954 542 3117 606; x_wconf 88' lang='lat' dir='ltr'><strong>sunt,</strong></span> <span class='ocrx_word' id='word_1_491' title='bbox 3147 536 3377 592; x_wconf 88' lang='lat' dir='ltr'><strong>videtur</strong></span> <span class='ocrx_word' id='word_1_492' title='bbox 3407 531 3734 617; x_wconf 76' lang='lat' dir='ltr'><strong>evidentius</strong></span> <span class='ocrx_word' id='word_1_493' title='bbox 3763 548 3902 610; x_wconf 44' lang='lat' dir='ltr'><strong>ap-p</strong></span> 
     </span>
    </p>
   </div>
   <div class='ocr_carea' id='block_1_73' title="bbox 2211 607 3876 696">
    <p class='ocr_par' dir='ltr' id='par_1_73' title="bbox 2211 607 3876 696">
     <span class='ocr_line' id='line_1_73' title="bbox 2211 607 3876 696; baseline -0.012 -14"><span class='ocrx_word' id='word_1_494' title='bbox 2211 607 2411 696; x_wconf 78' lang='lat' dir='ltr'><strong>parere</strong></span> <span class='ocrx_word' id='word_1_495' title='bbox 2443 625 2503 678; x_wconf 88' lang='lat' dir='ltr'><strong>in</strong></span> <span class='ocrx_word' id='word_1_496' title='bbox 2536 607 2884 693; x_wconf 72' lang='lat' dir='ltr'><strong>illojudicio</strong></span> <span class='ocrx_word' id='word_1_497' title='bbox 2914 621 3186 690; x_wconf 87' lang='lat' dir='ltr'><strong>quasdam</strong></span> <span class='ocrx_word' id='word_1_498' title='bbox 3218 613 3607 696; x_wconf 82' lang='lat' dir='ltr'><strong>quorumdam</strong></span> <span class='ocrx_word' id='word_1_499' title='bbox 3643 607 3876 696; x_wconf 54' lang='lat' dir='ltr'><strong>purga-i</strong></span> 
     </span>
    </p>
   </div>
   <div class='ocr_carea' id='block_1_74' title="bbox 2208 693 3866 778">
    <p class='ocr_par' dir='ltr' id='par_1_74' title="bbox 2208 693 3866 778">
     <span class='ocr_line' id='line_1_74' title="bbox 2208 693 3866 778; baseline -0.01 -16"><span class='ocrx_word' id='word_1_500' title='bbox 2208 693 2388 762; x_wconf 77' lang='lat' dir='ltr'><strong>torius</strong></span> <span class='ocrx_word' id='word_1_501' title='bbox 2422 722 2621 778; x_wconf 79' lang='lat' dir='ltr'><strong>ptenas</strong></span> <span class='ocrx_word' id='word_1_502' title='bbox 2654 705 2901 760; x_wconf 82' lang='lat' dir='ltr'><strong>futuras.</strong></span> <span class='ocrx_word' id='word_1_503' title='bbox 2953 701 3061 757; x_wconf 91' lang='lat' dir='ltr'><strong>Ubi</strong></span> <span class='ocrx_word' id='word_1_504' title='bbox 3111 699 3266 756; x_wconf 89' lang='lat' dir='ltr'><strong>enim</strong></span> <span class='ocrx_word' id='word_1_505' title='bbox 3299 697 3532 778; x_wconf 85' lang='lat' dir='ltr'><strong>dicitur,</strong></span> <span class='ocrx_word' id='word_1_506' title='bbox 3567 693 3699 761; x_wconf 86' lang='lat' dir='ltr'><strong>Quis</strong></span> <span class='ocrx_word' id='word_1_507' title='bbox 3732 707 3866 778; x_wconf 74' lang='lat' dir='ltr'><strong>sus-</strong></span> 
     </span>
    </p>
   </div>
   <div class='ocr_carea' id='block_1_75' title="bbox 2209 769 3864 852">
    <p class='ocr_par' dir='ltr' id='par_1_75' title="bbox 2209 769 3864 852">
     <span class='ocr_line' id='line_1_75' title="bbox 2209 769 3864 852; baseline -0.013 -10"><span class='ocrx_word' id='word_1_508' title='bbox 2209 769 2583 843; x_wconf 68' lang='lat' dir='ltr'><strong>tinebitaiem</strong></span> <span class='ocrx_word' id='word_1_509' title='bbox 2611 784 2875 839; x_wconf 83' lang='lat' dir='ltr'><strong>introitus</strong></span> <span class='ocrx_word' id='word_1_510' title='bbox 2905 781 3044 852; x_wconf 80' lang='lat' dir='ltr'><strong>ejus,</strong></span> <span class='ocrx_word' id='word_1_511' title='bbox 3095 787 3192 834; x_wconf 87' lang='lat' dir='ltr'><strong>aut</strong></span> <span class='ocrx_word' id='word_1_512' title='bbox 3227 778 3352 848; x_wconf 88' lang='lat' dir='ltr'><strong>quis</strong></span> <span class='ocrx_word' id='word_1_513' title='bbox 3393 777 3545 846; x_wconf 78' lang='lat' dir='ltr'><strong>ferre</strong></span> <span class='ocrx_word' id='word_1_514' title='bbox 3568 769 3774 842; x_wconf 67' lang='lat' dir='ltr'><strong>poterit</strong></span> <span class='ocrx_word' id='word_1_515' title='bbox 3805 777 3864 824; x_wconf 88' lang='lat' dir='ltr'><strong>ut</strong></span> 
     </span>
    </p>
   </div>
   <div class='ocr_carea' id='block_1_76' title="bbox 2207 853 3863 938">
    <p class='ocr_par' dir='ltr' id='par_1_76' title="bbox 2207 853 3863 938">
     <span class='ocr_line' id='line_1_76' title="bbox 2207 853 3863 938; baseline -0.011 -16"><span class='ocrx_word' id='word_1_516' title='bbox 2207 866 2440 938; x_wconf 86' lang='lat' dir='ltr'><strong>aspiciat</strong></span> <span class='ocrx_word' id='word_1_517' title='bbox 2466 867 2638 922; x_wconf 79' lang='lat' dir='ltr'><strong>eum?</strong></span> <span class='ocrx_word' id='word_1_518' title='bbox 2668 864 2805 932; x_wconf 87' lang='lat' dir='ltr'><strong>Quia</strong></span> <span class='ocrx_word' id='word_1_519' title='bbox 2840 863 2956 934; x_wconf 85' lang='lat' dir='ltr'><strong>ipse</strong></span> <span class='ocrx_word' id='word_1_520' title='bbox 2993 858 3307 929; x_wconf 83' lang='lat' dir='ltr'><strong>ingreditur</strong></span> <span class='ocrx_word' id='word_1_521' title='bbox 3354 855 3513 927; x_wconf 86' lang='lat' dir='ltr'><strong>quasi</strong></span> <span class='ocrx_word' id='word_1_522' title='bbox 3553 853 3702 938; x_wconf 77' lang='lat' dir='ltr'><strong>ignis</strong></span> <span class='ocrx_word' id='word_1_523' title='bbox 3733 866 3863 906; x_wconf 87' lang='lat' dir='ltr'><strong>con-</strong></span> 
     </span>
    </p>
   </div>
   <div class='ocr_carea' id='block_1_77' title="bbox 2207 933 3864 1019">
    <p class='ocr_par' dir='ltr' id='par_1_77' title="bbox 2207 933 3864 1019">
     <span class='ocr_line' id='line_1_77' title="bbox 2207 933 3864 1019; baseline -0.011 -16"><span class='ocrx_word' id='word_1_524' title='bbox 2207 933 2436 1019; x_wconf 78' lang='lat' dir='ltr'><strong>ﬂatorii,</strong></span> <span class='ocrx_word' id='word_1_525' title='bbox 2468 957 2518 1002; x_wconf 88' lang='lat' dir='ltr'><strong>et</strong></span> <span class='ocrx_word' id='word_1_526' title='bbox 2560 948 2720 1017; x_wconf 93' lang='lat' dir='ltr'><strong>quasi</strong></span> <span class='ocrx_word' id='word_1_527' title='bbox 2767 933 2943 1000; x_wconf 79' lang='lat' dir='ltr'><strong>herba</strong></span> <span class='ocrx_word' id='word_1_528' title='bbox 2992 943 3339 996; x_wconf 87' lang='lat' dir='ltr'><strong>lavantium:</strong></span> <span class='ocrx_word' id='word_1_529' title='bbox 3387 945 3439 992; x_wconf 87' lang='lat' dir='ltr'><strong>et</strong></span> <span class='ocrx_word' id='word_1_530' title='bbox 3483 933 3694 990; x_wconf 76' lang='lat' dir='ltr'><strong>sedebit</strong></span> <span class='ocrx_word' id='word_1_531' title='bbox 3733 946 3864 986; x_wconf 85' lang='lat' dir='ltr'><strong>con-</strong></span> 
     </span>
    </p>
   </div>
   <div class='ocr_carea' id='block_1_78' title="bbox 2208 1020 3864 1100">
    <p class='ocr_par' dir='ltr' id='par_1_78' title="bbox 2208 1020 3864 1100">
     <span class='ocr_line' id='line_1_78' title="bbox 2208 1020 3864 1100; baseline -0.013 -15"><span class='ocrx_word' id='word_1_532' title='bbox 2208 1031 2369 1100; x_wconf 84' lang='lat' dir='ltr'><strong>ﬂans,</strong></span> <span class='ocrx_word' id='word_1_533' title='bbox 2401 1039 2450 1084; x_wconf 88' lang='lat' dir='ltr'><strong>et</strong></span> <span class='ocrx_word' id='word_1_534' title='bbox 2481 1028 2815 1092; x_wconf 87' lang='lat' dir='ltr'><strong>emundans,</strong></span> <span class='ocrx_word' id='word_1_535' title='bbox 2865 1024 3005 1080; x_wconf 86' lang='lat' dir='ltr'><strong>sicut</strong></span> <span class='ocrx_word' id='word_1_536' title='bbox 3037 1038 3238 1077; x_wconf 89' lang='lat' dir='ltr'><strong>aurum</strong></span> <span class='ocrx_word' id='word_1_537' title='bbox 3284 1027 3335 1074; x_wconf 89' lang='lat' dir='ltr'><strong>et</strong></span> <span class='ocrx_word' id='word_1_538' title='bbox 3364 1020 3504 1073; x_wconf 87' lang='lat' dir='ltr'><strong>sicut</strong></span> <span class='ocrx_word' id='word_1_539' title='bbox 3533 1021 3864 1085; x_wconf 82' lang='lat' dir='ltr'><strong>argentum,</strong></span> 
     </span>
    </p>
   </div>
   <div class='ocr_carea' id='block_1_79' title="bbox 2209 1098 3865 1176">
    <p class='ocr_par' dir='ltr' id='par_1_79' title="bbox 2209 1098 3865 1176">
     <span class='ocr_line' id='line_1_79' title="bbox 2209 1098 3865 1176; baseline -0.013 -10"><span class='ocrx_word' id='word_1_540' title='bbox 2209 1098 2259 1166; x_wconf 83' lang='lat' dir='ltr'><strong>et</strong></span> <span class='ocrx_word' id='word_1_541' title='bbox 2289 1098 2612 1166; x_wconf 78' lang='lat' dir='ltr'><strong>eniundabit</strong></span> <span class='ocrx_word' id='word_1_542' title='bbox 2637 1107 2782 1176; x_wconf 78' lang='lat' dir='ltr'><strong>filios</strong></span> <span class='ocrx_word' id='word_1_543' title='bbox 2807 1107 2952 1174; x_wconf 88' lang='lat' dir='ltr'><strong>Levi,</strong></span> <span class='ocrx_word' id='word_1_544' title='bbox 2986 1114 3033 1159; x_wconf 88' lang='lat' dir='ltr'><strong>et</strong></span> <span class='ocrx_word' id='word_1_545' title='bbox 3071 1101 3263 1172; x_wconf 79' lang='lat' dir='ltr'><strong>fundet</strong></span> <span class='ocrx_word' id='word_1_546' title='bbox 3293 1114 3383 1155; x_wconf 90' lang='lat' dir='ltr'><strong>eos</strong></span> <span class='ocrx_word' id='word_1_547' title='bbox 3410 1098 3551 1152; x_wconf 86' lang='lat' dir='ltr'><strong>sicut</strong></span> <span class='ocrx_word' id='word_1_548' title='bbox 3583 1108 3786 1176; x_wconf 69' lang='lat' dir='ltr'><strong>qurum</strong></span> <span class='ocrx_word' id='word_1_549' title='bbox 3811 1100 3865 1146; x_wconf 84' lang='lat' dir='ltr'><strong>et</strong></span> 
     </span>
    </p>
   </div>
   <div class='ocr_carea' id='block_1_80' title="bbox 2212 1171 3864 1261">
    <p class='ocr_par' dir='ltr' id='par_1_80' title="bbox 2212 1171 3864 1261">
     <span class='ocr_line' id='line_1_80' title="bbox 2212 1171 3864 1261; baseline -0.013 -15"><span class='ocrx_word' id='word_1_550' title='bbox 2212 1201 2549 1261; x_wconf 88' lang='lat' dir='ltr'><strong>argentum;</strong></span> <span class='ocrx_word' id='word_1_551' title='bbox 2582 1171 2718 1260; x_wconf 86' lang='lat' dir='ltr'><strong>quid</strong></span> <span class='ocrx_word' id='word_1_552' title='bbox 2745 1187 2904 1242; x_wconf 89' lang='lat' dir='ltr'><strong>aliud</strong></span> <span class='ocrx_word' id='word_1_553' title='bbox 2936 1171 3380 1254; x_wconf 85' lang='lat' dir='ltr'><strong>intelligendum</strong></span> <span class='ocrx_word' id='word_1_554' title='bbox 3413 1176 3548 1261; x_wconf 61' lang='lat' dir='ltr'><strong>est?</strong></span> <span class='ocrx_word' id='word_1_555' title='bbox 3586 1171 3739 1261; x_wconf 64' lang='lat' dir='ltr'><strong>Dicit</strong></span> <span class='ocrx_word' id='word_1_556' title='bbox 3766 1175 3864 1226; x_wconf 82' lang='lat' dir='ltr'><strong>ta-</strong></span> 
     </span>
    </p>
   </div>
   <div class='ocr_carea' id='block_1_81' title="bbox 2213 1254 3862 1343">
    <p class='ocr_par' dir='ltr' id='par_1_81' title="bbox 2213 1254 3862 1343">
     <span class='ocr_line' id='line_1_81' title="bbox 2213 1254 3862 1343; baseline -0.014 -15"><span class='ocrx_word' id='word_1_557' title='bbox 2213 1273 2263 1328; x_wconf 89' lang='lat' dir='ltr'><strong>le</strong></span> <span class='ocrx_word' id='word_1_558' title='bbox 2278 1254 2513 1343; x_wconf 36' lang='lat' dir='ltr'><strong>veliquid</strong></span> <span class='ocrx_word' id='word_1_559' title='bbox 2529 1254 2798 1327; x_wconf 11' lang='lat' dir='ltr'><strong>let-Isaias</strong></span> <span class='ocrx_word' id='word_1_560' title='bbox 2823 1287 2835 1324; x_wconf 93' lang='lat'><strong>:</strong></span> <span class='ocrx_word' id='word_1_561' title='bbox 2863 1267 3088 1324; x_wconf 88' lang='lat' dir='ltr'><strong>Lavabit</strong></span> <span class='ocrx_word' id='word_1_562' title='bbox 3125 1261 3383 1320; x_wconf 86' lang='lat' dir='ltr'><strong>Dominus</strong></span> <span class='ocrx_word' id='word_1_563' title='bbox 3400 1257 3586 1343; x_wconf 74' lang='lat' dir='ltr'><strong>sordes</strong></span> <span class='ocrx_word' id='word_1_564' title='bbox 3605 1254 3862 1343; x_wconf 65' lang='lat' dir='ltr'><strong>ﬁliorum</strong></span> 
     </span>
    </p>
   </div>
   <div class='ocr_carea' id='block_1_82' title="bbox 2210 1333 3862 1422">
    <p class='ocr_par' dir='ltr' id='par_1_82' title="bbox 2210 1333 3862 1422">
     <span class='ocr_line' id='line_1_82' title="bbox 2210 1333 3862 1422; baseline -0.013 -14"><span class='ocrx_word' id='word_1_565' title='bbox 2210 1333 2530 1422; x_wconf 73' lang='lat' dir='ltr'><strong>etﬁlidrum</strong></span> <span class='ocrx_word' id='word_1_566' title='bbox 2560 1350 2706 1416; x_wconf 86' lang='lat' dir='ltr'><strong>Sion,</strong></span> <span class='ocrx_word' id='word_1_567' title='bbox 2739 1355 2793 1405; x_wconf 91' lang='lat' dir='ltr'><strong>et</strong></span> <span class='ocrx_word' id='word_1_568' title='bbox 2837 1349 3163 1416; x_wconf 86' lang='lat' dir='ltr'><strong>sanguinem</strong></span> <span class='ocrx_word' id='word_1_569' title='bbox 3208 1337 3537 1422; x_wconf 80' lang='lat' dir='ltr'><strong>emundabit</strong></span> <span class='ocrx_word' id='word_1_570' title='bbox 3581 1335 3650 1422; x_wconf 75' lang='lat' dir='ltr'><strong>de</strong></span> <span class='ocrx_word' id='word_1_571' title='bbox 3680 1333 3862 1422; x_wconf 79' lang='lat' dir='ltr'><strong>medio</strong></span> 
     </span>
    </p>
   </div>
   <div class='ocr_carea' id='block_1_83' title="bbox 2210 1415 3861 1502">
    <p class='ocr_par' dir='ltr' id='par_1_83' title="bbox 2210 1415 3861 1502">
     <span class='ocr_line' id='line_1_83' title="bbox 2210 1415 3861 1502; baseline -0.013 -14"><span class='ocrx_word' id='word_1_572' title='bbox 2210 1415 2404 1490; x_wconf 75' lang='lat' dir='ltr'><strong>eorum</strong></span> <span class='ocrx_word' id='word_1_573' title='bbox 2433 1433 2630 1502; x_wconf 89' lang='lat' dir='ltr'><strong>spiritu</strong></span> <span class='ocrx_word' id='word_1_574' title='bbox 2660 1431 2850 1498; x_wconf 79' lang='lat' dir='ltr'><strong>iudicii</strong></span> <span class='ocrx_word' id='word_1_575' title='bbox 2877 1435 2929 1483; x_wconf 90' lang='lat' dir='ltr'><strong>et</strong></span> <span class='ocrx_word' id='word_1_576' title='bbox 2947 1415 3152 1498; x_wconf 83' lang='lat' dir='ltr'><strong>spiritu</strong></span> <span class='ocrx_word' id='word_1_577' title='bbox 3183 1419 3564 1502; x_wconf 83' lang='lat' dir='ltr'><strong>combustionis</strong></span> <span class='ocrx_word' id='word_1_578' title='bbox 3601 1415 3752 1502; x_wconf 79' lang='lat' dir='ltr'><strong>(lsai.</strong></span> <span class='ocrx_word' id='word_1_579' title='bbox 3782 1428 3861 1479; x_wconf 75' lang='grc' dir='ltr'><strong>ιν,</strong></span> 
     </span>
    </p>
   </div>
   <div class='ocr_carea' id='block_1_84' title="bbox 2215 1496 3864 1584">
    <p class='ocr_par' dir='ltr' id='par_1_84' title="bbox 2215 1496 3864 1584">
     <span class='ocr_line' id='line_1_84' title="bbox 2215 1496 3864 1584; baseline -0.012 -16"><span class='ocrx_word' id='word_1_580' title='bbox 2215 1515 2285 1584; x_wconf 69' lang='lat' dir='ltr'><strong>ll).</strong></span> <span class='ocrx_word' id='word_1_581' title='bbox 2319 1513 2441 1568; x_wconf 88' lang='lat' dir='ltr'><strong>Nisi</strong></span> <span class='ocrx_word' id='word_1_582' title='bbox 2460 1496 2615 1568; x_wconf 44' lang='lat' dir='ltr'><strong>&#39;forte</strong></span> <span class='ocrx_word' id='word_1_583' title='bbox 2646 1496 2728 1567; x_wconf 86' lang='lat' dir='ltr'><strong>sic</strong></span> <span class='ocrx_word' id='word_1_584' title='bbox 2759 1527 2856 1566; x_wconf 89' lang='lat' dir='ltr'><strong>eos</strong></span> <span class='ocrx_word' id='word_1_585' title='bbox 2887 1496 3198 1565; x_wconf 86' lang='lat' dir='ltr'><strong>dicendum</strong></span> <span class='ocrx_word' id='word_1_586' title='bbox 3231 1509 3319 1560; x_wconf 90' lang='lat' dir='ltr'><strong>est</strong></span> <span class='ocrx_word' id='word_1_587' title='bbox 3343 1496 3654 1584; x_wconf 76' lang='lat' dir='ltr'><strong>emundari</strong></span> <span class='ocrx_word' id='word_1_588' title='bbox 3686 1513 3720 1551; x_wconf 88' lang='lat' dir='ltr'><strong>a</strong></span> <span class='ocrx_word' id='word_1_589' title='bbox 3741 1511 3864 1584; x_wconf 56' lang='lat' dir='ltr'><strong>sor:</strong></span> 
     </span>
    </p>
   </div>
   <div class='ocr_carea' id='block_1_85' title="bbox 2213 1573 3860 1663">
    <p class='ocr_par' dir='ltr' id='par_1_85' title="bbox 2213 1573 3860 1663">
     <span class='ocr_line' id='line_1_85' title="bbox 2213 1573 3860 1663; baseline -0.013 -13"><span class='ocrx_word' id='word_1_590' title='bbox 2213 1573 2404 1660; x_wconf 80' lang='lat' dir='ltr'><strong>dibus,</strong></span> <span class='ocrx_word' id='word_1_591' title='bbox 2436 1598 2491 1649; x_wconf 90' lang='lat' dir='ltr'><strong>et</strong></span> <span class='ocrx_word' id='word_1_592' title='bbox 2519 1593 2766 1663; x_wconf 89' lang='lat' dir='ltr'><strong>eliquari</strong></span> <span class='ocrx_word' id='word_1_593' title='bbox 2797 1588 3250 1662; x_wconf 88' lang='lat' dir='ltr'><strong>quodammodo,</strong></span> <span class='ocrx_word' id='word_1_594' title='bbox 3282 1580 3538 1663; x_wconf 12' lang='lat' dir='ltr'><strong>cumq-ab</strong></span> <span class='ocrx_word' id='word_1_595' title='bbox 3583 1578 3669 1633; x_wconf 88' lang='lat' dir='ltr'><strong>eis</strong></span> <span class='ocrx_word' id='word_1_596' title='bbox 3718 1573 3860 1629; x_wconf 90' lang='lat' dir='ltr'><strong>mali</strong></span> 
     </span>
    </p>
   </div>
   <div class='ocr_carea' id='block_1_86' title="bbox 2215 1659 3862 1745">
    <p class='ocr_par' dir='ltr' id='par_1_86' title="bbox 2215 1659 3862 1745">
     <span class='ocr_line' id='line_1_86' title="bbox 2215 1659 3862 1745; baseline -0.014 -15"><span class='ocrx_word' id='word_1_597' title='bbox 2215 1691 2313 1745; x_wconf 90' lang='lat' dir='ltr'><strong>per</strong></span> <span class='ocrx_word' id='word_1_598' title='bbox 2345 1659 2569 1744; x_wconf 74' lang='lat' dir='ltr'><strong>ptenale</strong></span> <span class='ocrx_word' id='word_1_599' title='bbox 2590 1659 2881 1743; x_wconf 70' lang='lat' dir='ltr'><strong>judicium</strong></span> <span class='ocrx_word' id='word_1_600' title='bbox 2914 1671 3278 1740; x_wconf 83' lang='lat' dir='ltr'><strong>separantur,</strong></span> <span class='ocrx_word' id='word_1_601' title='bbox 3312 1670 3374 1717; x_wconf 88' lang='lat' dir='ltr'><strong>ut</strong></span> <span class='ocrx_word' id='word_1_602' title='bbox 3403 1659 3638 1745; x_wconf 82' lang='lat' dir='ltr'><strong>illorum</strong></span> <span class='ocrx_word' id='word_1_603' title='bbox 3659 1669 3862 1744; x_wconf 78' lang='lat' dir='ltr'><strong>segre-</strong></span> 
     </span>
    </p>
   </div>
   <div class='ocr_carea' id='block_1_87' title="bbox 2213 1733 3864 1826">
    <p class='ocr_par' dir='ltr' id='par_1_87' title="bbox 2213 1733 3864 1826">
     <span class='ocr_line' id='line_1_87' title="bbox 2213 1733 3864 1826; baseline -0.013 -17"><span class='ocrx_word' id='word_1_604' title='bbox 2213 1733 2368 1826; x_wconf 77' lang='lat' dir='ltr'><strong>gatio</strong></span> <span class='ocrx_word' id='word_1_605' title='bbox 2418 1733 2919 1824; x_wconf 45' lang='lat' dir='ltr'><strong>atquevdamnatio</strong></span> <span class='ocrx_word' id='word_1_606' title='bbox 2970 1733 3227 1821; x_wconf 76' lang='lat' dir='ltr'><strong>purgatio</strong></span> <span class='ocrx_word' id='word_1_607' title='bbox 3279 1743 3355 1799; x_wconf 90' lang='lat' dir='ltr'><strong>sit</strong></span> <span class='ocrx_word' id='word_1_608' title='bbox 3399 1741 3672 1826; x_wconf 85' lang='lat' dir='ltr'><strong>istorum,</strong></span> <span class='ocrx_word' id='word_1_609' title='bbox 3725 1733 3864 1806; x_wconf 87' lang='lat' dir='ltr'><strong>quia</strong></span> 
     </span>
    </p>
   </div>
   <div class='ocr_carea' id='block_1_88' title="bbox 2213 1822 3860 1903">
    <p class='ocr_par' dir='ltr' id='par_1_88' title="bbox 2213 1822 3860 1903">
     <span class='ocr_line' id='line_1_88' title="bbox 2213 1822 3860 1903; baseline -0.01 -11"><span class='ocrx_word' id='word_1_610' title='bbox 2213 1822 2340 1892; x_wconf 73' lang='lat' dir='ltr'><strong>sine</strong></span> <span class='ocrx_word' id='word_1_611' title='bbox 2383 1822 2589 1890; x_wconf 82' lang='lat' dir='ltr'><strong>talium</strong></span> <span class='ocrx_word' id='word_1_612' title='bbox 2639 1835 2711 1889; x_wconf 91' lang='lat' dir='ltr'><strong>de</strong></span> <span class='ocrx_word' id='word_1_613' title='bbox 2757 1842 2959 1890; x_wconf 62' lang='lat' dir='ltr'><strong>caetero</strong></span> <span class='ocrx_word' id='word_1_614' title='bbox 3007 1828 3389 1903; x_wconf 80' lang='lat' dir='ltr'><strong>permixtione</strong></span> <span class='ocrx_word' id='word_1_615' title='bbox 3441 1822 3648 1879; x_wconf 89' lang='lat' dir='ltr'><strong>victuri</strong></span> <span class='ocrx_word' id='word_1_616' title='bbox 3700 1826 3860 1903; x_wconf 83' lang='lat' dir='ltr'><strong>sunt.</strong></span> 
     </span>
    </p>
   </div>
   <div class='ocr_carea' id='block_1_89' title="bbox 2215 1900 3861 1982">
    <p class='ocr_par' dir='ltr' id='par_1_89' title="bbox 2215 1900 3861 1982">
     <span class='ocr_line' id='line_1_89' title="bbox 2215 1900 3861 1982; baseline -0.012 -10"><span class='ocrx_word' id='word_1_617' title='bbox 2215 1918 2325 1973; x_wconf 91' lang='lat' dir='ltr'><strong>Sed</strong></span> <span class='ocrx_word' id='word_1_618' title='bbox 2368 1932 2500 1970; x_wconf 88' lang='lat' dir='ltr'><strong>cum</strong></span> <span class='ocrx_word' id='word_1_619' title='bbox 2541 1914 2701 1982; x_wconf 89' lang='lat' dir='ltr'><strong>dicit,</strong></span> <span class='ocrx_word' id='word_1_620' title='bbox 2753 1916 2816 1969; x_wconf 84' lang='lat' dir='ltr'><strong>Et</strong></span> <span class='ocrx_word' id='word_1_621' title='bbox 2865 1900 3181 1968; x_wconf 81' lang='lat' dir='ltr'><strong>emundabit</strong></span> <span class='ocrx_word' id='word_1_622' title='bbox 3229 1909 3369 1979; x_wconf 87' lang='lat' dir='ltr'><strong>ﬁlios</strong></span> <span class='ocrx_word' id='word_1_623' title='bbox 3399 1907 3547 1971; x_wconf 89' lang='lat' dir='ltr'><strong>Levi,</strong></span> <span class='ocrx_word' id='word_1_624' title='bbox 3574 1909 3627 1958; x_wconf 89' lang='lat' dir='ltr'><strong>et</strong></span> <span class='ocrx_word' id='word_1_625' title='bbox 3665 1900 3861 1982; x_wconf 81' lang='lat' dir='ltr'><strong>fundet</strong></span> 
     </span>
    </p>
   </div>
   <div class='ocr_carea' id='block_1_90' title="bbox 2215 1979 3864 2061">
    <p class='ocr_par' dir='ltr' id='par_1_90' title="bbox 2215 1979 3864 2061">
     <span class='ocr_line' id='line_1_90' title="bbox 2215 1979 3864 2061; baseline -0.012 -7"><span class='ocrx_word' id='word_1_626' title='bbox 2215 2014 2301 2053; x_wconf 88' lang='lat' dir='ltr'><strong>eos</strong></span> <span class='ocrx_word' id='word_1_627' title='bbox 2329 1998 2470 2051; x_wconf 91' lang='lat' dir='ltr'><strong>sicut</strong></span> <span class='ocrx_word' id='word_1_628' title='bbox 2499 1979 2699 2050; x_wconf 83' lang='lat' dir='ltr'><strong>aurum</strong></span> <span class='ocrx_word' id='word_1_629' title='bbox 2726 2002 2781 2050; x_wconf 91' lang='lat' dir='ltr'><strong>et</strong></span> <span class='ocrx_word' id='word_1_630' title='bbox 2827 1998 3136 2061; x_wconf 87' lang='lat' dir='ltr'><strong>argentum,</strong></span> <span class='ocrx_word' id='word_1_631' title='bbox 3167 1996 3220 2045; x_wconf 88' lang='lat' dir='ltr'><strong>et</strong></span> <span class='ocrx_word' id='word_1_632' title='bbox 3267 1995 3429 2043; x_wconf 85' lang='lat' dir='ltr'><strong>erunt</strong></span> <span class='ocrx_word' id='word_1_633' title='bbox 3479 1985 3708 2040; x_wconf 89' lang='lat' dir='ltr'><strong>Domino</strong></span> <span class='ocrx_word' id='word_1_634' title='bbox 3739 1979 3864 2061; x_wconf 62' lang='lat' dir='ltr'><strong>oﬂ’eo</strong></span> 
     </span>
    </p>
   </div>
   <div class='ocr_carea' id='block_1_91' title="bbox 2215 2060 3866 2148">
    <p class='ocr_par' dir='ltr' id='par_1_91' title="bbox 2215 2060 3866 2148">
     <span class='ocr_line' id='line_1_91' title="bbox 2215 2060 3866 2148; baseline -0.012 -15"><span class='ocrx_word' id='word_1_635' title='bbox 2215 2085 2394 2135; x_wconf 82' lang='lat' dir='ltr'><strong>rentes</strong></span> <span class='ocrx_word' id='word_1_636' title='bbox 2427 2076 2627 2131; x_wconf 87' lang='lat' dir='ltr'><strong>hostias</strong></span> <span class='ocrx_word' id='word_1_637' title='bbox 2655 2079 2709 2129; x_wconf 90' lang='lat' dir='ltr'><strong>in</strong></span> <span class='ocrx_word' id='word_1_638' title='bbox 2734 2060 2984 2148; x_wconf 83' lang='lat' dir='ltr'><strong>justitia,</strong></span> <span class='ocrx_word' id='word_1_639' title='bbox 3015 2080 3065 2129; x_wconf 89' lang='lat' dir='ltr'><strong>et</strong></span> <span class='ocrx_word' id='word_1_640' title='bbox 3106 2069 3337 2142; x_wconf 86' lang='lat' dir='ltr'><strong>placebit</strong></span> <span class='ocrx_word' id='word_1_641' title='bbox 3382 2067 3617 2148; x_wconf 84' lang='lat' dir='ltr'><strong>Domino</strong></span> <span class='ocrx_word' id='word_1_642' title='bbox 3653 2060 3866 2148; x_wconf 79' lang='lat' dir='ltr'><strong>sacriﬁ-</strong></span> 
     </span>
    </p>
   </div>
   <div class='ocr_carea' id='block_1_92' title="bbox 2214 2143 3862 2224">
    <p class='ocr_par' dir='ltr' id='par_1_92' title="bbox 2214 2143 3862 2224">
     <span class='ocr_line' id='line_1_92' title="bbox 2214 2143 3862 2224; baseline -0.014 -7"><span class='ocrx_word' id='word_1_643' title='bbox 2214 2165 2360 2217; x_wconf 88' lang='lat' dir='ltr'><strong>cium</strong></span> <span class='ocrx_word' id='word_1_644' title='bbox 2386 2161 2527 2218; x_wconf 84' lang='lat' dir='ltr'><strong>Juda</strong></span> <span class='ocrx_word' id='word_1_645' title='bbox 2555 2166 2611 2215; x_wconf 88' lang='lat' dir='ltr'><strong>et</strong></span> <span class='ocrx_word' id='word_1_646' title='bbox 2633 2143 2959 2221; x_wconf 80' lang='lat' dir='ltr'><strong>Jerusalem,</strong></span> <span class='ocrx_word' id='word_1_647' title='bbox 3007 2151 3208 2224; x_wconf 89' lang='lat' dir='ltr'><strong>utique</strong></span> <span class='ocrx_word' id='word_1_648' title='bbox 3259 2146 3521 2204; x_wconf 89' lang='lat' dir='ltr'><strong>ostendit</strong></span> <span class='ocrx_word' id='word_1_649' title='bbox 3549 2160 3649 2200; x_wconf 91' lang='lat' dir='ltr'><strong>eos</strong></span> <span class='ocrx_word' id='word_1_650' title='bbox 3681 2143 3862 2224; x_wconf 79' lang='lat' dir='ltr'><strong>ipsos,</strong></span> 
     </span>
    </p>
   </div>
   <div class='ocr_carea' id='block_1_93' title="bbox 2217 2221 3866 2314">
    <p class='ocr_par' dir='ltr' id='par_1_93' title="bbox 2217 2221 3866 2314">
     <span class='ocr_line' id='line_1_93' title="bbox 2217 2221 3866 2314; baseline -0.015 -16"><span class='ocrx_word' id='word_1_651' title='bbox 2217 2244 2317 2314; x_wconf 90' lang='lat' dir='ltr'><strong>qui</strong></span> <span class='ocrx_word' id='word_1_652' title='bbox 2349 2243 2842 2305; x_wconf 87' lang='lat' dir='ltr'><strong>emundabuntur,</strong></span> <span class='ocrx_word' id='word_1_653' title='bbox 2875 2221 3148 2305; x_wconf 79' lang='lat' dir='ltr'><strong>deinceps</strong></span> <span class='ocrx_word' id='word_1_654' title='bbox 3192 2232 3250 2314; x_wconf 75' lang='lat' dir='ltr'><strong>in</strong></span> <span class='ocrx_word' id='word_1_655' title='bbox 3295 2225 3599 2314; x_wconf 79' lang='lat' dir='ltr'><strong>sacriﬁciis</strong></span> <span class='ocrx_word' id='word_1_656' title='bbox 3621 2221 3866 2314; x_wconf 75' lang='lat' dir='ltr'><strong>justitizs</strong></span> 
     </span>
    </p>
   </div>
   <div class='ocr_carea' id='block_1_94' title="bbox 2216 2304 3869 2395">
    <p class='ocr_par' dir='ltr' id='par_1_94' title="bbox 2216 2304 3869 2395">
     <span class='ocr_line' id='line_1_94' title="bbox 2216 2304 3869 2395; baseline -0.015 -13"><span class='ocrx_word' id='word_1_657' title='bbox 2216 2304 2458 2380; x_wconf 81' lang='lat' dir='ltr'><strong>Domino</strong></span> <span class='ocrx_word' id='word_1_658' title='bbox 2489 2341 2612 2380; x_wconf 85' lang='lat' dir='ltr'><strong>esse</strong></span> <span class='ocrx_word' id='word_1_659' title='bbox 2636 2304 2968 2395; x_wconf 89' lang='lat' dir='ltr'><strong>placituros,</strong></span> <span class='ocrx_word' id='word_1_660' title='bbox 2988 2332 3062 2395; x_wconf 12' lang='lat' dir='ltr'><strong>ac,</strong></span> <span class='ocrx_word' id='word_1_661' title='bbox 3083 2304 3182 2384; x_wconf 89' lang='lat' dir='ltr'><strong>per</strong></span> <span class='ocrx_word' id='word_1_662' title='bbox 3200 2308 3512 2395; x_wconf 68' lang='lat' dir='ltr'><strong>hocipsia</strong></span> <span class='ocrx_word' id='word_1_663' title='bbox 3540 2322 3649 2395; x_wconf 80' lang='lat' dir='ltr'><strong>sua</strong></span> <span class='ocrx_word' id='word_1_664' title='bbox 3678 2304 3869 2395; x_wconf 57' lang='lat' dir='ltr'><strong>inlus-</strong></span> 
     </span>
    </p>
   </div>
   <div class='ocr_carea' id='block_1_95' title="bbox 2215 2382 3875 2468">
    <p class='ocr_par' dir='ltr' id='par_1_95' title="bbox 2215 2382 3875 2468">
     <span class='ocr_line' id='line_1_95' title="bbox 2215 2382 3875 2468; baseline -0.015 -8"><span class='ocrx_word' id='word_1_665' title='bbox 2215 2405 2342 2460; x_wconf 86' lang='lat' dir='ltr'><strong>titia</strong></span> <span class='ocrx_word' id='word_1_666' title='bbox 2356 2382 2817 2468; x_wconf 69' lang='lat' dir='ltr'><strong>mundabdntur,</strong></span> <span class='ocrx_word' id='word_1_667' title='bbox 2835 2399 2894 2453; x_wconf 88' lang='lat' dir='ltr'><strong>in</strong></span> <span class='ocrx_word' id='word_1_668' title='bbox 2912 2382 3026 2468; x_wconf 85' lang='lat' dir='ltr'><strong>qua</strong></span> <span class='ocrx_word' id='word_1_669' title='bbox 3047 2382 3292 2449; x_wconf 86' lang='lat' dir='ltr'><strong>Domino</strong></span> <span class='ocrx_word' id='word_1_670' title='bbox 3305 2387 3719 2461; x_wconf 81' lang='lat' dir='ltr'><strong>dieplicebsnt.</strong></span> <span class='ocrx_word' id='word_1_671' title='bbox 3736 2382 3875 2468; x_wconf 52' lang='lat' dir='ltr'><strong>llos:</strong></span> 
     </span>
    </p>
   </div>
   <div class='ocr_carea' id='block_1_96' title="bbox 2217 2460 3867 2558">
    <p class='ocr_par' dir='ltr' id='par_1_96' title="bbox 2217 2460 3867 2558">
     <span class='ocr_line' id='line_1_96' title="bbox 2217 2460 3867 2558; baseline -0.015 -18"><span class='ocrx_word' id='word_1_672' title='bbox 2217 2487 2308 2540; x_wconf 74' lang='lat' dir='ltr'><strong>tite</strong></span> <span class='ocrx_word' id='word_1_673' title='bbox 2329 2460 2492 2558; x_wconf 80' lang='lat' dir='ltr'><strong>porro</strong></span> <span class='ocrx_word' id='word_1_674' title='bbox 2522 2485 2582 2539; x_wconf 90' lang='lat' dir='ltr'><strong>in</strong></span> <span class='ocrx_word' id='word_1_675' title='bbox 2605 2483 2777 2555; x_wconf 90' lang='lat' dir='ltr'><strong>plena</strong></span> <span class='ocrx_word' id='word_1_676' title='bbox 2803 2460 3867 2558; x_wconf 36' lang='lat' dir='ltr'><strong>perfectaquejustitia,‘cum_rnundsti</strong></span> 
     </span>
    </p>
   </div>
   <div class='ocr_carea' id='block_1_97' title="bbox 2218 2542 3869 2635">
    <p class='ocr_par' dir='ltr' id='par_1_97' title="bbox 2218 2542 3869 2635">
     <span class='ocr_line' id='line_1_97' title="bbox 2218 2542 3869 2635; baseline -0.015 -13"><span class='ocrx_word' id='word_1_677' title='bbox 2218 2542 2451 2631; x_wconf 60' lang='lat' dir='ltr'><strong>fuerint,</strong></span> <span class='ocrx_word' id='word_1_678' title='bbox 2483 2542 2817 2635; x_wconf 44' lang='lat' dir='ltr'><strong>ipsi.erunt:</strong></span> <span class='ocrx_word' id='word_1_679' title='bbox 2853 2557 2999 2625; x_wconf 86' lang='lat' dir='ltr'><strong>Quid</strong></span> <span class='ocrx_word' id='word_1_680' title='bbox 3054 2542 3212 2635; x_wconf 83' lang='lat' dir='ltr'><strong>enim</strong></span> <span class='ocrx_word' id='word_1_681' title='bbox 3253 2551 3545 2635; x_wconf 84' lang='lat' dir='ltr'><strong>acceptius</strong></span> <span class='ocrx_word' id='word_1_682' title='bbox 3579 2542 3869 2635; x_wconf 31' lang='lat' dir='ltr'><strong>Deo-tales</strong></span> 
     </span>
    </p>
   </div>
   <div class='ocr_carea' id='block_1_98' title="bbox 2218 2624 3866 2716">
    <p class='ocr_par' dir='ltr' id='par_1_98' title="bbox 2218 2624 3866 2716">
     <span class='ocr_line' id='line_1_98' title="bbox 2218 2624 3866 2716; baseline -0.016 -14"><span class='ocrx_word' id='word_1_683' title='bbox 2218 2624 2709 2716; x_wconf 26' lang='lat' dir='ltr'><strong>olleruntfquam</strong></span> <span class='ocrx_word' id='word_1_684' title='bbox 2760 2657 2820 2695; x_wconf 91' lang='lat' dir='ltr'><strong>se</strong></span> <span class='ocrx_word' id='word_1_685' title='bbox 2853 2624 3011 2709; x_wconf 86' lang='lat' dir='ltr'><strong>ipsos</strong></span> <span class='ocrx_word' id='word_1_686' title='bbox 3031 2634 3321 2716; x_wconf 19' lang='lat' dir='ltr'><strong>‘lﬂVerum</strong></span> <span class='ocrx_word' id='word_1_687' title='bbox 3365 2632 3480 2684; x_wconf 87' lang='lat' dir='ltr'><strong>ista</strong></span> <span class='ocrx_word' id='word_1_688' title='bbox 3522 2625 3766 2716; x_wconf 64' lang='lat' dir='ltr'><strong>quaestio</strong></span> <span class='ocrx_word' id='word_1_689' title='bbox 3798 2624 3866 2712; x_wconf 80' lang='lat' dir='ltr'><strong>de</strong></span> 
     </span>
    </p>
   </div>
   <div class='ocr_carea' id='block_1_99' title="bbox 2219 2703 3868 2799">
    <p class='ocr_par' dir='ltr' id='par_1_99' title="bbox 2219 2703 3868 2799">
     <span class='ocr_line' id='line_1_99' title="bbox 2219 2703 3868 2799; baseline -0.018 -15"><span class='ocrx_word' id='word_1_690' title='bbox 2219 2703 2567 2799; x_wconf 75' lang='lat' dir='ltr'><strong>purgatoriis</strong></span> <span class='ocrx_word' id='word_1_691' title='bbox 2617 2721 2823 2793; x_wconf 65' lang='lat' dir='ltr'><strong>poenis,</strong></span> <span class='ocrx_word' id='word_1_692' title='bbox 2876 2703 2942 2773; x_wconf 81' lang='lat' dir='ltr'><strong>ut</strong></span> <span class='ocrx_word' id='word_1_693' title='bbox 2989 2714 3333 2799; x_wconf 69' lang='lat' dir='ltr'><strong>diligentius</strong></span> <span class='ocrx_word' id='word_1_694' title='bbox 3374 2703 3868 2799; x_wconf 62' lang='lat' dir='ltr'><strong>pertractetur,in</strong></span> 
     </span>
    </p>
   </div>
   <div class='ocr_carea' id='block_1_100' title="bbox 2222 2784 3873 2877">
    <p class='ocr_par' dir='ltr' id='par_1_100' title="bbox 2222 2784 3873 2877">
     <span class='ocr_line' id='line_1_100' title="bbox 2222 2784 3873 2877; baseline -0.017 -14"><span class='ocrx_word' id='word_1_695' title='bbox 2222 2784 2453 2877; x_wconf 60' lang='lat' dir='ltr'><strong>tempus</strong></span> <span class='ocrx_word' id='word_1_696' title='bbox 2485 2784 2642 2859; x_wconf 79' lang='lat' dir='ltr'><strong>aliud</strong></span> <span class='ocrx_word' id='word_1_697' title='bbox 2677 2784 2996 2857; x_wconf 78' lang='lat' dir='ltr'><strong>differenda</strong></span> <span class='ocrx_word' id='word_1_698' title='bbox 3043 2784 3152 2851; x_wconf 74' lang='lat' dir='ltr'><strong>est.</strong></span> <span class='ocrx_word' id='word_1_699' title='bbox 3185 2792 3368 2877; x_wconf 21' lang='lat' dir='ltr'><strong>‘Fi_lio_s</strong></span> <span class='ocrx_word' id='word_1_700' title='bbox 3400 2793 3609 2877; x_wconf 45' lang='lat' dir='ltr'><strong>autem.</strong></span> <span class='ocrx_word' id='word_1_701' title='bbox 3647 2784 3782 2877; x_wconf 69' lang='lat' dir='ltr'><strong>Levi</strong></span> <span class='ocrx_word' id='word_1_702' title='bbox 3815 2786 3873 2836; x_wconf 89' lang='lat' dir='ltr'><strong>et</strong></span> 
     </span>
    </p>
   </div>
   <div class='ocr_carea' id='block_1_101' title="bbox 2218 2865 3872 2949">
    <p class='ocr_par' dir='ltr' id='par_1_101' title="bbox 2218 2865 3872 2949">
     <span class='ocr_line' id='line_1_101' title="bbox 2218 2865 3872 2949; baseline -0.016 -6"><span class='ocrx_word' id='word_1_703' title='bbox 2218 2865 2372 2943; x_wconf 74' lang='lat' dir='ltr'><strong>Juda</strong></span> <span class='ocrx_word' id='word_1_704' title='bbox 2401 2892 2457 2942; x_wconf 92' lang='lat' dir='ltr'><strong>et</strong></span> <span class='ocrx_word' id='word_1_705' title='bbox 2481 2884 2826 2946; x_wconf 89' lang='lat' dir='ltr'><strong>Jerusalem,</strong></span> <span class='ocrx_word' id='word_1_706' title='bbox 2861 2880 3046 2949; x_wconf 88' lang='lat' dir='ltr'><strong>ipsam</strong></span> <span class='ocrx_word' id='word_1_707' title='bbox 3100 2874 3199 2930; x_wconf 90' lang='lat' dir='ltr'><strong>Dei</strong></span> <span class='ocrx_word' id='word_1_708' title='bbox 3229 2865 3872 2949; x_wconf 24' lang='lat' dir='ltr'><strong>EcclesiumAdebemus</strong></span> 
     </span>
    </p>
   </div>
   <div class='ocr_carea' id='block_1_102' title="bbox 2222 2942 3868 3038">
    <p class='ocr_par' dir='ltr' id='par_1_102' title="bbox 2222 2942 3868 3038">
     <span class='ocr_line' id='line_1_102' title="bbox 2222 2942 3868 3038; baseline -0.017 -15"><span class='ocrx_word' id='word_1_709' title='bbox 2222 2967 2500 3038; x_wconf 87' lang='lat' dir='ltr'><strong>accipere,</strong></span> <span class='ocrx_word' id='word_1_710' title='bbox 2563 2980 2676 3018; x_wconf 91' lang='lat' dir='ltr'><strong>non</strong></span> <span class='ocrx_word' id='word_1_711' title='bbox 2733 2942 2822 3016; x_wconf 35' lang='lat' dir='ltr'><strong>ex-</strong></span> <span class='ocrx_word' id='word_1_712' title='bbox 2860 2942 3108 3014; x_wconf 71' lang='lat' dir='ltr'><strong>Hebraeis</strong></span> <span class='ocrx_word' id='word_1_713' title='bbox 3167 2957 3419 3014; x_wconf 86' lang='lat' dir='ltr'><strong>tantum,</strong></span> <span class='ocrx_word' id='word_1_714' title='bbox 3477 2946 3579 3038; x_wconf 78' lang='lat' dir='ltr'><strong>sed</strong></span> <span class='ocrx_word' id='word_1_715' title='bbox 3634 2960 3706 3000; x_wconf 81' lang='lat' dir='ltr'><strong>ex</strong></span> <span class='ocrx_word' id='word_1_716' title='bbox 3728 2942 3868 3038; x_wconf 70' lang='lat' dir='ltr'><strong>aliis</strong></span> 
     </span>
    </p>
   </div>
   <div class='ocr_carea' id='block_1_103' title="bbox 2221 3021 3872 3118">
    <p class='ocr_par' dir='ltr' id='par_1_103' title="bbox 2221 3021 3872 3118">
     <span class='ocr_line' id='line_1_103' title="bbox 2221 3021 3872 3118; baseline -0.016 -15"><span class='ocrx_word' id='word_1_717' title='bbox 2221 3021 2393 3103; x_wconf 73' lang='lat' dir='ltr'><strong>etiam</strong></span> <span class='ocrx_word' id='word_1_718' title='bbox 2453 3021 2731 3118; x_wconf 73' lang='lat' dir='ltr'><strong>gentibus</strong></span> <span class='ocrx_word' id='word_1_719' title='bbox 2780 3045 3216 3108; x_wconf 77' lang='lat' dir='ltr'><strong>congregatum:</strong></span> <span class='ocrx_word' id='word_1_720' title='bbox 3270 3047 3374 3087; x_wconf 90' lang='lat' dir='ltr'><strong>nec</strong></span> <span class='ocrx_word' id='word_1_721' title='bbox 3429 3029 3621 3118; x_wconf 84' lang='lat' dir='ltr'><strong>talem,</strong></span> <span class='ocrx_word' id='word_1_722' title='bbox 3674 3021 3872 3118; x_wconf 70' lang='lat' dir='ltr'><strong>qpalis</strong></span> 
     </span>
    </p>
   </div>
   <div class='ocr_carea' id='block_1_104' title="bbox 2221 3103 3871 3191">
    <p class='ocr_par' dir='ltr' id='par_1_104' title="bbox 2221 3103 3871 3191">
     <span class='ocr_line' id='line_1_104' title="bbox 2221 3103 3871 3191; baseline -0.017 -8"><span class='ocrx_word' id='word_1_723' title='bbox 2221 3144 2376 3182; x_wconf 89' lang='lat' dir='ltr'><strong>nunc</strong></span> <span class='ocrx_word' id='word_1_724' title='bbox 2407 3103 2513 3191; x_wconf 71' lang='lat' dir='ltr'><strong>est,</strong></span> <span class='ocrx_word' id='word_1_725' title='bbox 2549 3123 2648 3180; x_wconf 90' lang='lat' dir='ltr'><strong>ubi</strong></span> <span class='ocrx_word' id='word_1_726' title='bbox 2673 3125 2720 3177; x_wconf 89' lang='lat' dir='ltr'><strong>si</strong></span> <span class='ocrx_word' id='word_1_727' title='bbox 2747 3103 3048 3176; x_wconf 71' lang='lat' dir='ltr'><strong>dixerimus</strong></span> <span class='ocrx_word' id='word_1_728' title='bbox 3095 3117 3225 3188; x_wconf 87' lang='lat' dir='ltr'><strong>quia</strong></span> <span class='ocrx_word' id='word_1_729' title='bbox 3260 3117 3550 3191; x_wconf 80' lang='lat' dir='ltr'><strong>peccatum</strong></span> <span class='ocrx_word' id='word_1_730' title='bbox 3567 3121 3680 3191; x_wconf 85' lang='lat' dir='ltr'><strong>non</strong></span> <span class='ocrx_word' id='word_1_731' title='bbox 3709 3103 3871 3158; x_wconf 76' lang='lat' dir='ltr'><strong>liabe-</strong></span> 
     </span>
    </p>
   </div>
   <div class='ocr_carea' id='block_1_105' title="bbox 2217 3189 3871 3277">
    <p class='ocr_par' dir='ltr' id='par_1_105' title="bbox 2217 3189 3871 3277">
     <span class='ocr_line' id='line_1_105' title="bbox 2217 3189 3871 3277; baseline -0.015 -13"><span class='ocrx_word' id='word_1_732' title='bbox 2217 3223 2356 3274; x_wconf 79' lang='lat' dir='ltr'><strong>mus,</strong></span> <span class='ocrx_word' id='word_1_733' title='bbox 2384 3223 2480 3262; x_wconf 88' lang='lat' dir='ltr'><strong>nos</strong></span> <span class='ocrx_word' id='word_1_734' title='bbox 2499 3189 2648 3277; x_wconf 84' lang='lat' dir='ltr'><strong>ipsos</strong></span> <span class='ocrx_word' id='word_1_735' title='bbox 2678 3202 3004 3263; x_wconf 86' lang='lat' dir='ltr'><strong>seducimus,</strong></span> <span class='ocrx_word' id='word_1_736' title='bbox 3036 3202 3087 3252; x_wconf 89' lang='lat' dir='ltr'><strong>et</strong></span> <span class='ocrx_word' id='word_1_737' title='bbox 3116 3196 3321 3251; x_wconf 83' lang='lat' dir='ltr'><strong>veritas</strong></span> <span class='ocrx_word' id='word_1_738' title='bbox 3347 3194 3408 3246; x_wconf 84' lang='lat' dir='ltr'><strong>in</strong></span> <span class='ocrx_word' id='word_1_739' title='bbox 3459 3189 3612 3277; x_wconf 75' lang='lat' dir='ltr'><strong>nobis</strong></span> <span class='ocrx_word' id='word_1_740' title='bbox 3645 3199 3757 3239; x_wconf 88' lang='lat' dir='ltr'><strong>non</strong></span> <span class='ocrx_word' id='word_1_741' title='bbox 3788 3192 3871 3240; x_wconf 85' lang='lat' dir='ltr'><strong>est</strong></span> 
     </span>
    </p>
   </div>
   <div class='ocr_carea' id='block_1_106' title="bbox 2219 3270 3872 3357">
    <p class='ocr_par' dir='ltr' id='par_1_106' title="bbox 2219 3270 3872 3357">
     <span class='ocr_line' id='line_1_106' title="bbox 2219 3270 3872 3357; baseline -0.019 -12"><span class='ocrx_word' id='word_1_742' title='bbox 2219 3290 2265 3357; x_wconf 83' lang='grc' dir='ltr'><strong>(Ι</strong></span> <span class='ocrx_word' id='word_1_743' title='bbox 2296 3270 2540 3354; x_wconf 68' lang='lat' dir='ltr'><strong>Joan.,1,</strong></span> <span class='ocrx_word' id='word_1_744' title='bbox 2571 3285 2625 3353; x_wconf 92' lang='lat'>8)</span> <span class='ocrx_word' id='word_1_745' title='bbox 2656 3301 2668 3337; x_wconf 90' lang='lat'><strong>:</strong></span> <span class='ocrx_word' id='word_1_746' title='bbox 2708 3283 2806 3338; x_wconf 88' lang='lat' dir='ltr'><strong>sed</strong></span> <span class='ocrx_word' id='word_1_747' title='bbox 2841 3277 3032 3352; x_wconf 90' lang='lat' dir='ltr'><strong>qualis</strong></span> <span class='ocrx_word' id='word_1_748' title='bbox 3064 3281 3204 3357; x_wconf 87' lang='lat' dir='ltr'><strong>tunc</strong></span> <span class='ocrx_word' id='word_1_749' title='bbox 3252 3274 3382 3338; x_wconf 89' lang='lat' dir='ltr'><strong>erit,</strong></span> <span class='ocrx_word' id='word_1_750' title='bbox 3414 3270 3573 3357; x_wconf 84' lang='lat' dir='ltr'><strong>velut</strong></span> <span class='ocrx_word' id='word_1_751' title='bbox 3602 3280 3747 3354; x_wconf 41' lang='lat' dir='ltr'><strong>area.</strong></span> <span class='ocrx_word' id='word_1_752' title='bbox 3769 3276 3872 3353; x_wconf 69' lang='lat' dir='ltr'><strong>per</strong></span> 
     </span>
    </p>
   </div>
   <div class='ocr_carea' id='block_1_107' title="bbox 2217 3343 3867 3432">
    <p class='ocr_par' dir='ltr' id='par_1_107' title="bbox 2217 3343 3867 3432">
     <span class='ocr_line' id='line_1_107' title="bbox 2217 3343 3867 3432; baseline -0.018 -7"><span class='ocrx_word' id='word_1_753' title='bbox 2217 3343 2677 3431; x_wconf 71' lang='lat' dir='ltr'><strong>ventilationem,</strong></span> <span class='ocrx_word' id='word_1_754' title='bbox 2726 3362 2803 3417; x_wconf 88' lang='lat' dir='ltr'><strong>ita</strong></span> <span class='ocrx_word' id='word_1_755' title='bbox 2853 3343 2955 3432; x_wconf 80' lang='lat' dir='ltr'><strong>per</strong></span> <span class='ocrx_word' id='word_1_756' title='bbox 2995 3356 3286 3428; x_wconf 87' lang='lat' dir='ltr'><strong>judicium</strong></span> <span class='ocrx_word' id='word_1_757' title='bbox 3342 3352 3590 3432; x_wconf 79' lang='lat' dir='ltr'><strong>purgata</strong></span> <span class='ocrx_word' id='word_1_758' title='bbox 3619 3343 3867 3432; x_wconf 74' lang='lat' dir='ltr'><strong>novissi-</strong></span> 
     </span>
    </p>
   </div>
   <div class='ocr_carea' id='block_1_108' title="bbox 2222 3419 3868 3516">
    <p class='ocr_par' dir='ltr' id='par_1_108' title="bbox 2222 3419 3868 3516">
     <span class='ocr_line' id='line_1_108' title="bbox 2222 3419 3868 3516; baseline -0.018 -12"><span class='ocrx_word' id='word_1_759' title='bbox 2619 3419 3029 3516; x_wconf 43' lang='lat' dir='ltr'><strong>quoque.igne</strong></span> <span class='ocrx_word' id='word_1_760' title='bbox 3084 3419 3404 3499; x_wconf 73' lang='lat' dir='ltr'><strong>mundatis,</strong></span> <span class='ocrx_word' id='word_1_761' title='bbox 3459 3419 3674 3516; x_wconf 72' lang='lat' dir='ltr'><strong>quibus</strong></span> <span class='ocrx_word' id='word_1_762' title='bbox 3734 3419 3868 3512; x_wconf 77' lang='lat' dir='ltr'><strong>talis</strong></span> 
     </span>
    </p>
   </div>
   <div class='ocr_carea' id='block_1_109' title="bbox 2222 3503 3868 3583">
    <p class='ocr_par' dir='ltr' id='par_1_109' title="bbox 2222 3503 3868 3583">
     <span class='ocr_line' id='line_1_109' title="bbox 2222 3503 3868 3583; baseline -0.018 1"><span class='ocrx_word' id='word_1_763' title='bbox 2222 3503 2517 3583; x_wconf 72' lang='lat' dir='ltr'><strong>mundatio</strong></span> <span class='ocrx_word' id='word_1_764' title='bbox 2573 3503 3085 3582; x_wconf 44' lang='lat' dir='ltr'><strong>necessariavest;</strong></span> <span class='ocrx_word' id='word_1_765' title='bbox 3140 3515 3220 3569; x_wconf 88' lang='lat' dir='ltr'><strong>ita</strong></span> <span class='ocrx_word' id='word_1_766' title='bbox 3267 3515 3332 3568; x_wconf 89' lang='lat' dir='ltr'><strong>ut</strong></span> <span class='ocrx_word' id='word_1_767' title='bbox 3387 3509 3584 3565; x_wconf 88' lang='lat' dir='ltr'><strong>nullus</strong></span> <span class='ocrx_word' id='word_1_768' title='bbox 3627 3503 3868 3561; x_wconf 86' lang='lat' dir='ltr'><strong>omnino</strong></span> 
     </span>
    </p>
   </div>
   <div class='ocr_carea' id='block_1_110' title="bbox 2225 3585 3872 3680">
    <p class='ocr_par' dir='ltr' id='par_1_110' title="bbox 2225 3585 3872 3680">
     <span class='ocr_line' id='line_1_110' title="bbox 2225 3585 3872 3680; baseline -0.013 -16"><span class='ocrx_word' id='word_1_769' title='bbox 2225 3609 2298 3664; x_wconf 88' lang='lat' dir='ltr'><strong>sit</strong></span> <span class='ocrx_word' id='word_1_770' title='bbox 2329 3609 2428 3680; x_wconf 91' lang='lat' dir='ltr'><strong>qui</strong></span> <span class='ocrx_word' id='word_1_771' title='bbox 2452 3606 2654 3662; x_wconf 81' lang='lat' dir='ltr'><strong>oll‘erat</strong></span> <span class='ocrx_word' id='word_1_772' title='bbox 2674 3600 3020 3659; x_wconf 83' lang='lat' dir='ltr'><strong>sacriﬁcium</strong></span> <span class='ocrx_word' id='word_1_773' title='bbox 3054 3613 3157 3667; x_wconf 89' lang='lat' dir='ltr'><strong>pro</strong></span> <span class='ocrx_word' id='word_1_774' title='bbox 3188 3593 3440 3664; x_wconf 87' lang='lat' dir='ltr'><strong>peccatis</strong></span> <span class='ocrx_word' id='word_1_775' title='bbox 3471 3589 3611 3679; x_wconf 48' lang='lat' dir='ltr'><strong>suis:</strong></span> <span class='ocrx_word' id='word_1_776' title='bbox 3649 3585 3872 3643; x_wconf 85' lang='lat' dir='ltr'><strong>Omnes</strong></span> 
     </span>
    </p>
   </div>
   <div class='ocr_carea' id='block_1_111' title="bbox 2224 3669 3869 3760">
    <p class='ocr_par' dir='ltr' id='par_1_111' title="bbox 2224 3669 3869 3760">
     <span class='ocr_line' id='line_1_111' title="bbox 2224 3669 3869 3760; baseline -0.013 -14"><span class='ocrx_word' id='word_1_777' title='bbox 2224 3669 2378 3746; x_wconf 78' lang='lat' dir='ltr'><strong>enim</strong></span> <span class='ocrx_word' id='word_1_778' title='bbox 2410 3687 2627 3760; x_wconf 90' lang='lat' dir='ltr'><strong>quisic</strong></span> <span class='ocrx_word' id='word_1_779' title='bbox 2675 3685 2945 3750; x_wconf 84' lang='lat' dir='ltr'><strong>offerunt,</strong></span> <span class='ocrx_word' id='word_1_780' title='bbox 2999 3677 3248 3750; x_wconf 82' lang='lat' dir='ltr'><strong>profecto</strong></span> <span class='ocrx_word' id='word_1_781' title='bbox 3296 3675 3354 3729; x_wconf 88' lang='lat' dir='ltr'><strong>in</strong></span> <span class='ocrx_word' id='word_1_782' title='bbox 3397 3669 3649 3744; x_wconf 89' lang='lat' dir='ltr'><strong>peccatis</strong></span> <span class='ocrx_word' id='word_1_783' title='bbox 3685 3674 3869 3760; x_wconf 65' lang='lat' dir='ltr'><strong>sunt,</strong></span> 
     </span>
    </p>
   </div>
   <div class='ocr_carea' id='block_1_112' title="bbox 2227 3751 3876 3843">
    <p class='ocr_par' dir='ltr' id='par_1_112' title="bbox 2227 3751 3876 3843">
     <span class='ocr_line' id='line_1_112' title="bbox 2227 3751 3876 3843; baseline -0.012 -16"><span class='ocrx_word' id='word_1_784' title='bbox 2227 3788 2326 3843; x_wconf 91' lang='lat' dir='ltr'><strong>pro</strong></span> <span class='ocrx_word' id='word_1_785' title='bbox 2359 3751 2569 3841; x_wconf 73' lang='lat' dir='ltr'><strong>quibus</strong></span> <span class='ocrx_word' id='word_1_786' title='bbox 2617 3762 2982 3820; x_wconf 90' lang='lat' dir='ltr'><strong>dimittendis</strong></span> <span class='ocrx_word' id='word_1_787' title='bbox 3031 3759 3302 3843; x_wconf 72' lang='lat' dir='ltr'><strong>offerunt,</strong></span> <span class='ocrx_word' id='word_1_788' title='bbox 3356 3760 3433 3843; x_wconf 64' lang='lat' dir='ltr'><strong>ut</strong></span> <span class='ocrx_word' id='word_1_789' title='bbox 3460 3768 3594 3843; x_wconf 80' lang='lat' dir='ltr'><strong>cum</strong></span> <span class='ocrx_word' id='word_1_790' title='bbox 3647 3751 3876 3843; x_wconf 85' lang='lat' dir='ltr'><strong>obtule-</strong></span> 
     </span>
    </p>
   </div>
   <div class='ocr_carea' id='block_1_113' title="bbox 2227 3836 3776 3920">
    <p class='ocr_par' dir='ltr' id='par_1_113' title="bbox 2227 3836 3776 3920">
     <span class='ocr_line' id='line_1_113' title="bbox 2227 3836 3776 3920; baseline -0.014 -12"><span class='ocrx_word' id='word_1_791' title='bbox 2227 3836 2815 3920; x_wconf 39' lang='lat' dir='ltr'><strong>rint,&#39;aoceptumque</strong></span> <span class='ocrx_word' id='word_1_792' title='bbox 2850 3847 2959 3900; x_wconf 89' lang='lat' dir='ltr'><strong>Deo</strong></span> <span class='ocrx_word' id='word_1_793' title='bbox 2989 3842 3178 3910; x_wconf 87' lang='lat' dir='ltr'><strong>fuerit,</strong></span> <span class='ocrx_word' id='word_1_794' title='bbox 3213 3849 3349 3895; x_wconf 85' lang='lat' dir='ltr'><strong>tunc</strong></span> <span class='ocrx_word' id='word_1_795' title='bbox 3381 3836 3776 3892; x_wconf 90' lang='lat' dir='ltr'><strong>dimittantur.</strong></span> 
     </span>
    </p>
   </div>
   <div class='ocr_carea' id='block_1_114' title="bbox 2223 4020 3872 4102">
    <p class='ocr_par' dir='ltr' id='par_1_114' title="bbox 2223 4020 3872 4102">
     <span class='ocr_line' id='line_1_114' title="bbox 2223 4020 3872 4102; baseline -0.017 -2"><span class='ocrx_word' id='word_1_796' title='bbox 2223 4041 2451 4101; x_wconf 87' lang='lat' dir='ltr'><strong>CAPUT</strong></span> <span class='ocrx_word' id='word_1_797' title='bbox 2482 4039 2668 4096; x_wconf 85' lang='lat' dir='ltr'><strong>XXVI.</strong></span> <span class='ocrx_word' id='word_1_798' title='bbox 2710 4068 2779 4078; x_wconf 87' lang='grc'><strong><em>--</em></strong></span> <span class='ocrx_word' id='word_1_799' title='bbox 2828 4038 2902 4092; x_wconf 89' lang='lat' dir='ltr'><strong>De</strong></span> <span class='ocrx_word' id='word_1_800' title='bbox 2949 4031 3230 4102; x_wconf 72' lang='lat' dir='ltr'><strong>sacriﬁciis</strong></span> <span class='ocrx_word' id='word_1_801' title='bbox 3279 4042 3402 4101; x_wconf 55' lang='lat' dir='ltr'><strong>qua</strong></span> <span class='ocrx_word' id='word_1_802' title='bbox 3431 4026 3609 4081; x_wconf 87' lang='lat' dir='ltr'><strong>sancti</strong></span> <span class='ocrx_word' id='word_1_803' title='bbox 3636 4020 3872 4094; x_wconf 71' lang='lat' dir='ltr'><strong>oﬁerent</strong></span> 
     </span>
    </p>
   </div>
   <div class='ocr_carea' id='block_1_115' title="bbox 2293 4104 3870 4192">
    <p class='ocr_par' dir='ltr' id='par_1_115' title="bbox 2293 4104 3870 4192">
     <span class='ocr_line' id='line_1_115' title="bbox 2293 4104 3870 4192; baseline -0.016 -12"><span class='ocrx_word' id='word_1_804' title='bbox 2293 4128 2401 4180; x_wconf 90' lang='lat' dir='ltr'><strong>Deo</strong></span> <span class='ocrx_word' id='word_1_805' title='bbox 2429 4126 2505 4178; x_wconf 89' lang='lat' dir='ltr'><strong>sic</strong></span> <span class='ocrx_word' id='word_1_806' title='bbox 2558 4121 2856 4192; x_wconf 84' lang='lat' dir='ltr'><strong>placitura,</strong></span> <span class='ocrx_word' id='word_1_807' title='bbox 2919 4111 3180 4186; x_wconf 87' lang='lat' dir='ltr'><strong>quomodo</strong></span> <span class='ocrx_word' id='word_1_808' title='bbox 3228 4113 3285 4164; x_wconf 88' lang='lat' dir='ltr'><strong>in</strong></span> <span class='ocrx_word' id='word_1_809' title='bbox 3318 4107 3505 4164; x_wconf 86' lang='lat' dir='ltr'><strong>diebus</strong></span> <span class='ocrx_word' id='word_1_810' title='bbox 3531 4104 3786 4175; x_wconf 82' lang='lat' dir='ltr'><strong>pristinis</strong></span> <span class='ocrx_word' id='word_1_811' title='bbox 3816 4105 3870 4157; x_wconf 84' lang='lat' dir='ltr'><strong>et</strong></span> 
     </span>
    </p>
   </div>
   <div class='ocr_carea' id='block_1_116' title="bbox 2294 4198 3141 4272">
    <p class='ocr_par' dir='ltr' id='par_1_116' title="bbox 2294 4198 3141 4272">
     <span class='ocr_line' id='line_1_116' title="bbox 2294 4198 3141 4272; baseline -0.013 -12"><span class='ocrx_word' id='word_1_812' title='bbox 2294 4203 2459 4260; x_wconf 88' lang='lat' dir='ltr'><strong>annis</strong></span> <span class='ocrx_word' id='word_1_813' title='bbox 2486 4202 2760 4272; x_wconf 73' lang='lat' dir='ltr'><strong>prioribus</strong></span> <span class='ocrx_word' id='word_1_814' title='bbox 2787 4198 3141 4270; x_wconf 90' lang='lat' dir='ltr'><strong>placuerunt.</strong></span> 
     </span>
    </p>
   </div>
   <div class='ocr_carea' id='block_1_117' title="bbox 2295 4349 3872 4423">
    <p class='ocr_par' dir='ltr' id='par_1_117' title="bbox 2295 4349 3872 4423">
     <span class='ocr_line' id='line_1_117' title="bbox 2295 4349 3872 4423; baseline -0.015 0"><span class='ocrx_word' id='word_1_815' title='bbox 2295 4370 2344 4423; x_wconf 87' lang='grc'>1.</span> <span class='ocrx_word' id='word_1_816' title='bbox 2377 4367 2589 4423; x_wconf 88' lang='lat' dir='ltr'><strong>Volens</strong></span> <span class='ocrx_word' id='word_1_817' title='bbox 2629 4368 2824 4419; x_wconf 88' lang='lat' dir='ltr'><strong>autem</strong></span> <span class='ocrx_word' id='word_1_818' title='bbox 2856 4361 3010 4417; x_wconf 89' lang='lat' dir='ltr'><strong>Deus</strong></span> <span class='ocrx_word' id='word_1_819' title='bbox 3041 4354 3342 4412; x_wconf 89' lang='lat' dir='ltr'><strong>ostendere</strong></span> <span class='ocrx_word' id='word_1_820' title='bbox 3377 4349 3667 4407; x_wconf 84' lang='lat' dir='ltr'><strong>civitatem</strong></span> <span class='ocrx_word' id='word_1_821' title='bbox 3697 4359 3872 4401; x_wconf 87' lang='lat' dir='ltr'><strong>suam</strong></span> 
     </span>
    </p>
   </div>
   <div class='ocr_carea' id='block_1_118' title="bbox 2222 4425 3875 4504">
    <p class='ocr_par' dir='ltr' id='par_1_118' title="bbox 2222 4425 3875 4504">
     <span class='ocr_line' id='line_1_118' title="bbox 2222 4425 3875 4504; baseline -0.016 1"><span class='ocrx_word' id='word_1_822' title='bbox 2222 4454 2358 4504; x_wconf 85' lang='lat' dir='ltr'><strong>tunc</strong></span> <span class='ocrx_word' id='word_1_823' title='bbox 2392 4449 2452 4503; x_wconf 87' lang='lat' dir='ltr'><strong>in</strong></span> <span class='ocrx_word' id='word_1_824' title='bbox 2484 4448 2596 4502; x_wconf 88' lang='lat' dir='ltr'><strong>ista</strong></span> <span class='ocrx_word' id='word_1_825' title='bbox 2626 4440 3045 4500; x_wconf 89' lang='lat' dir='ltr'><strong>consuetudine</strong></span> <span class='ocrx_word' id='word_1_826' title='bbox 3089 4453 3205 4492; x_wconf 90' lang='lat' dir='ltr'><strong>non</strong></span> <span class='ocrx_word' id='word_1_827' title='bbox 3237 4435 3516 4499; x_wconf 82' lang='lat' dir='ltr'><strong>futuram,</strong></span> <span class='ocrx_word' id='word_1_828' title='bbox 3546 4428 3690 4485; x_wconf 80' lang='lat' dir='ltr'><strong>dixit</strong></span> <span class='ocrx_word' id='word_1_829' title='bbox 3720 4425 3875 4481; x_wconf 87' lang='lat' dir='ltr'><strong>ﬁlios</strong></span> 
     </span>
    </p>
   </div>
   <div class='ocr_carea' id='block_1_119' title="bbox 2223 4508 3875 4590">
    <p class='ocr_par' dir='ltr' id='par_1_119' title="bbox 2223 4508 3875 4590">
     <span class='ocr_line' id='line_1_119' title="bbox 2223 4508 3875 4590; baseline -0.016 -4"><span class='ocrx_word' id='word_1_830' title='bbox 2223 4529 2355 4586; x_wconf 91' lang='lat' dir='ltr'><strong>Levi</strong></span> <span class='ocrx_word' id='word_1_831' title='bbox 2390 4527 2684 4584; x_wconf 87' lang='lat' dir='ltr'><strong>oblaturos</strong></span> <span class='ocrx_word' id='word_1_832' title='bbox 2717 4522 2936 4580; x_wconf 88' lang='lat' dir='ltr'><strong>hostias</strong></span> <span class='ocrx_word' id='word_1_833' title='bbox 2962 4519 3021 4576; x_wconf 89' lang='lat' dir='ltr'><strong>in</strong></span> <span class='ocrx_word' id='word_1_834' title='bbox 3045 4516 3277 4590; x_wconf 81' lang='lat' dir='ltr'><strong>justitia</strong></span> <span class='ocrx_word' id='word_1_835' title='bbox 3303 4530 3315 4569; x_wconf 90' lang='lat'><strong>:</strong></span> <span class='ocrx_word' id='word_1_836' title='bbox 3343 4529 3458 4569; x_wconf 88' lang='lat' dir='ltr'><strong>non</strong></span> <span class='ocrx_word' id='word_1_837' title='bbox 3481 4524 3616 4582; x_wconf 89' lang='lat' dir='ltr'><strong>ergo</strong></span> <span class='ocrx_word' id='word_1_838' title='bbox 3638 4508 3696 4563; x_wconf 88' lang='lat' dir='ltr'><strong>in</strong></span> <span class='ocrx_word' id='word_1_839' title='bbox 3730 4522 3875 4590; x_wconf 47' lang='lat' dir='ltr'><strong>pecf</strong></span> 
     </span>
    </p>
   </div>
   <div class='ocr_carea' id='block_1_120' title="bbox 2223 4586 3876 4682">
    <p class='ocr_par' dir='ltr' id='par_1_120' title="bbox 2223 4586 3876 4682">
     <span class='ocr_line' id='line_1_120' title="bbox 2223 4586 3876 4682; baseline -0.016 -15"><span class='ocrx_word' id='word_1_840' title='bbox 2223 4615 2374 4680; x_wconf 81' lang='lat' dir='ltr'><strong>cuto,</strong></span> <span class='ocrx_word' id='word_1_841' title='bbox 2408 4627 2472 4667; x_wconf 90' lang='lat' dir='ltr'><strong>ac</strong></span> <span class='ocrx_word' id='word_1_842' title='bbox 2504 4625 2604 4682; x_wconf 90' lang='lat' dir='ltr'><strong>per</strong></span> <span class='ocrx_word' id='word_1_843' title='bbox 2633 4608 2742 4662; x_wconf 89' lang='lat' dir='ltr'><strong>hoc</strong></span> <span class='ocrx_word' id='word_1_844' title='bbox 2790 4621 2905 4660; x_wconf 90' lang='lat' dir='ltr'><strong>nou</strong></span> <span class='ocrx_word' id='word_1_845' title='bbox 2956 4586 3064 4675; x_wconf 78' lang='lat' dir='ltr'><strong>pro</strong></span> <span class='ocrx_word' id='word_1_846' title='bbox 3117 4600 3382 4682; x_wconf 59' lang='lat' dir='ltr'><strong>peccato.</strong></span> <span class='ocrx_word' id='word_1_847' title='bbox 3423 4593 3585 4682; x_wconf 83' lang='lat' dir='ltr'><strong>Unde</strong></span> <span class='ocrx_word' id='word_1_848' title='bbox 3624 4586 3876 4682; x_wconf 65' lang='lat' dir='ltr'><strong>intelligi</strong></span> 
     </span>
    </p>
   </div>
   <div class='ocr_carea' id='block_1_121' title="bbox 2223 4667 3875 4762">
    <p class='ocr_par' dir='ltr' id='par_1_121' title="bbox 2223 4667 3875 4762">
     <span class='ocr_line' id='line_1_121' title="bbox 2223 4667 3875 4762; baseline -0.018 -13"><span class='ocrx_word' id='word_1_849' title='bbox 2223 4667 2412 4762; x_wconf 76' lang='lat' dir='ltr'><strong>potest</strong></span> <span class='ocrx_word' id='word_1_850' title='bbox 2441 4667 2596 4745; x_wconf 42' lang='lat' dir='ltr'><strong>in‘eo</strong></span> <span class='ocrx_word' id='word_1_851' title='bbox 2619 4686 2773 4759; x_wconf 89' lang='lat' dir='ltr'><strong>quod</strong></span> <span class='ocrx_word' id='word_1_852' title='bbox 2831 4667 3069 4740; x_wconf 75' lang='lat' dir='ltr'><strong>secutus</strong></span> <span class='ocrx_word' id='word_1_853' title='bbox 3118 4667 3416 4762; x_wconf 58' lang='lat' dir='ltr'><strong>adiunxit,</strong></span> <span class='ocrx_word' id='word_1_854' title='bbox 3447 4678 3625 4762; x_wconf 64' lang='lat' dir='ltr'><strong>atque</strong></span> <span class='ocrx_word' id='word_1_855' title='bbox 3671 4668 3780 4757; x_wconf 67' lang='lat' dir='ltr'><strong>ait,</strong></span> <span class='ocrx_word' id='word_1_856' title='bbox 3811 4667 3875 4762; x_wconf 61' lang='lat' dir='ltr'><strong>Et</strong></span> 
     </span>
    </p>
   </div>
   <div class='ocr_carea' id='block_1_122' title="bbox 2221 4747 3878 4845">
    <p class='ocr_par' dir='ltr' id='par_1_122' title="bbox 2221 4747 3878 4845">
     <span class='ocr_line' id='line_1_122' title="bbox 2221 4747 3878 4845; baseline -0.017 -16"><span class='ocrx_word' id='word_1_857' title='bbox 2221 4747 2460 4845; x_wconf 67' lang='lat' dir='ltr'><strong>placebit</strong></span> <span class='ocrx_word' id='word_1_858' title='bbox 2491 4747 2715 4827; x_wconf 43' lang='lat' dir='ltr'><strong>Domi-no</strong></span> <span class='ocrx_word' id='word_1_859' title='bbox 2747 4764 3076 4834; x_wconf 79' lang='lat' dir='ltr'><strong>sacri/icium</strong></span> <span class='ocrx_word' id='word_1_860' title='bbox 3109 4749 3705 4845; x_wconf 47' lang='lat' dir='ltr'><strong>Judaetnlerufalem,</strong></span> 
     </span>
    </p>
   </div>
   <div class='ocr_carea' id='block_1_123' title="bbox 2224 4826 3874 4925">
    <p class='ocr_par' dir='ltr' id='par_1_123' title="bbox 2224 4826 3874 4925">
     <span class='ocr_line' id='line_1_123' title="bbox 2224 4826 3874 4925; baseline -0.018 -15"><span class='ocrx_word' id='word_1_861' title='bbox 2224 4826 2713 4925; x_wconf 25' lang='lat' dir='ltr'><strong>diebus-pristinis,</strong></span> <span class='ocrx_word' id='word_1_862' title='bbox 2744 4853 2797 4902; x_wconf 92' lang='lat' dir='ltr'><strong>et</strong></span> <span class='ocrx_word' id='word_1_863' title='bbox 2822 4826 2961 4899; x_wconf 79' lang='lat' dir='ltr'><strong>sicut</strong></span> <span class='ocrx_word' id='word_1_864' title='bbox 2982 4843 3144 4898; x_wconf 87' lang='lat' dir='ltr'><strong>annis</strong></span> <span class='ocrx_word' id='word_1_865' title='bbox 3177 4837 3478 4925; x_wconf 63' lang='lat' dir='ltr'><strong>prioribus,</strong></span> <span class='ocrx_word' id='word_1_866' title='bbox 3513 4833 3728 4925; x_wconf 70' lang='lat' dir='ltr'><strong>frustra</strong></span> <span class='ocrx_word' id='word_1_867' title='bbox 3757 4826 3874 4919; x_wconf 75' lang='lat' dir='ltr'><strong>sibi</strong></span> 
     </span>
    </p>
   </div>
   <div class='ocr_carea' id='block_1_124' title="bbox 2220 4908 3878 4996">
    <p class='ocr_par' dir='ltr' id='par_1_124' title="bbox 2220 4908 3878 4996">
     <span class='ocr_line' id='line_1_124' title="bbox 2220 4908 3878 4996; baseline -0.019 -4"><span class='ocrx_word' id='word_1_868' title='bbox 2220 4908 2455 4991; x_wconf 57' lang='lat' dir='ltr'><strong>iudices</strong></span> <span class='ocrx_word' id='word_1_869' title='bbox 2487 4908 2808 4989; x_wconf 86' lang='lat' dir='ltr'><strong>secundum</strong></span> <span class='ocrx_word' id='word_1_870' title='bbox 2841 4925 3029 4996; x_wconf 85' lang='lat' dir='ltr'><strong>legem</strong></span> <span class='ocrx_word' id='word_1_871' title='bbox 3061 4908 3274 4978; x_wconf 81' lang='lat' dir='ltr'><strong>veteris</strong></span> <span class='ocrx_word' id='word_1_872' title='bbox 3301 4908 3878 4996; x_wconf 72' lang='lat' dir='ltr'><strong>Testam_enti_sa_eri-</strong></span> 
     </span>
    </p>
   </div>
   <div class='ocr_carea' id='block_1_125' title="bbox 2223 4988 3874 5078">
    <p class='ocr_par' dir='ltr' id='par_1_125' title="bbox 2223 4988 3874 5078">
     <span class='ocr_line' id='line_1_125' title="bbox 2223 4988 3874 5078; baseline -0.019 -5"><span class='ocrx_word' id='word_1_873' title='bbox 2223 4988 2752 5073; x_wconf 75' lang='lat' dir='ltr'><strong>ﬁeiorumsuorum</strong></span> <span class='ocrx_word' id='word_1_874' title='bbox 2803 4988 3100 5078; x_wconf 50' lang='lat' dir='ltr'><strong>praeterita</strong></span> <span class='ocrx_word' id='word_1_875' title='bbox 3135 5005 3407 5078; x_wconf 6' lang='lat' dir='ltr'><strong>tempora,</strong></span> <span class='ocrx_word' id='word_1_876' title='bbox 3429 4990 3712 5078; x_wconf 80' lang='lat' dir='ltr'><strong>polliceri.</strong></span> <span class='ocrx_word' id='word_1_877' title='bbox 3744 4988 3874 5078; x_wconf 49' lang='lat' dir='ltr'><strong>lion</strong></span> 
     </span>
    </p>
   </div>
   <div class='ocr_carea' id='block_1_126' title="bbox 2223 5068 3878 5160">
    <p class='ocr_par' dir='ltr' id='par_1_126' title="bbox 2223 5068 3878 5160">
     <span class='ocr_line' id='line_1_126' title="bbox 2223 5068 3878 5160; baseline -0.019 -7"><span class='ocrx_word' id='word_1_878' title='bbox 2395 5068 2550 5150; x_wconf 24' lang='lat' dir='ltr'><strong>“tunc</strong></span> <span class='ocrx_word' id='word_1_879' title='bbox 2580 5093 2638 5148; x_wconf 88' lang='lat' dir='ltr'><strong>in</strong></span> <span class='ocrx_word' id='word_1_880' title='bbox 2667 5068 2914 5160; x_wconf 74' lang='lat' dir='ltr'><strong>justitia,</strong></span> <span class='ocrx_word' id='word_1_881' title='bbox 2955 5084 3056 5140; x_wconf 89' lang='lat' dir='ltr'><strong>sed</strong></span> <span class='ocrx_word' id='word_1_882' title='bbox 3089 5083 3148 5138; x_wconf 90' lang='lat' dir='ltr'><strong>in</strong></span> <span class='ocrx_word' id='word_1_883' title='bbox 3196 5068 3445 5160; x_wconf 79' lang='lat' dir='ltr'><strong>peccatis</strong></span> <span class='ocrx_word' id='word_1_884' title='bbox 3472 5071 3697 5160; x_wconf 77' lang='lat' dir='ltr'><strong>hostias</strong></span> <span class='ocrx_word' id='word_1_885' title='bbox 3727 5068 3878 5160; x_wconf 59' lang='lat' dir='ltr'><strong>otis-</strong></span> 
     </span>
    </p>
   </div>
   <div class='ocr_carea' id='block_1_127' title="bbox 2225 5150 3875 5246">
    <p class='ocr_par' dir='ltr' id='par_1_127' title="bbox 2225 5150 3875 5246">
     <span class='ocr_line' id='line_1_127' title="bbox 2225 5150 3875 5246; baseline -0.019 -13"><span class='ocrx_word' id='word_1_886' title='bbox 2225 5150 2450 5241; x_wconf 76' lang='lat' dir='ltr'><strong>rebant,</strong></span> <span class='ocrx_word' id='word_1_887' title='bbox 2484 5150 2718 5246; x_wconf 77' lang='lat' dir='ltr'><strong>quando</strong></span> <span class='ocrx_word' id='word_1_888' title='bbox 2751 5185 2852 5240; x_wconf 92' lang='lat' dir='ltr'><strong>pro</strong></span> <span class='ocrx_word' id='word_1_889' title='bbox 2894 5150 3148 5238; x_wconf 85' lang='lat' dir='ltr'><strong>peccatis</strong></span> <span class='ocrx_word' id='word_1_890' title='bbox 3180 5150 3465 5246; x_wconf 52' lang='lat' dir='ltr'><strong>prmcipue</strong></span> <span class='ocrx_word' id='word_1_891' title='bbox 3495 5170 3561 5210; x_wconf 90' lang='lat' dir='ltr'><strong>ac</strong></span> <span class='ocrx_word' id='word_1_892' title='bbox 3591 5150 3875 5246; x_wconf 67' lang='lat' dir='ltr'><strong>primitus</strong></span> 
     </span>
    </p>
   </div>
   <div class='ocr_carea' id='block_1_128' title="bbox 2224 5229 3879 5322">
    <p class='ocr_par' dir='ltr' id='par_1_128' title="bbox 2224 5229 3879 5322">
     <span class='ocr_line' id='line_1_128' title="bbox 2224 5229 3879 5322; baseline -0.019 -8"><span class='ocrx_word' id='word_1_893' title='bbox 2224 5229 2558 5320; x_wconf 49' lang='lat' dir='ltr'><strong>caelibis},</strong></span> <span class='ocrx_word' id='word_1_894' title='bbox 2588 5229 2778 5322; x_wconf 77' lang='lat' dir='ltr'><strong>usque</strong></span> <span class='ocrx_word' id='word_1_895' title='bbox 2809 5229 2952 5304; x_wconf 77' lang='lat' dir='ltr'><strong>adeo</strong></span> <span class='ocrx_word' id='word_1_896' title='bbox 3001 5248 3066 5300; x_wconf 85' lang='lat' dir='ltr'><strong>ut</strong></span> <span class='ocrx_word' id='word_1_897' title='bbox 3092 5229 3359 5322; x_wconf 77' lang='lat' dir='ltr'><strong>sacerdos</strong></span> <span class='ocrx_word' id='word_1_898' title='bbox 3390 5237 3732 5322; x_wconf 73' lang='lat' dir='ltr'><strong>ipse,_quem</strong></span> <span class='ocrx_word' id='word_1_899' title='bbox 3764 5229 3879 5285; x_wconf 83' lang='lat' dir='ltr'><strong>de-</strong></span> 
     </span>
    </p>
   </div>
   <div class='ocr_carea' id='block_1_129' title="bbox 2223 5314 3876 5405">
    <p class='ocr_par' dir='ltr' id='par_1_129' title="bbox 2223 5314 3876 5405">
     <span class='ocr_line' id='line_1_129' title="bbox 2223 5314 3876 5405; baseline -0.017 -13"><span class='ocrx_word' id='word_1_900' title='bbox 2223 5337 2430 5394; x_wconf 89' lang='lat' dir='ltr'><strong>bemus</strong></span> <span class='ocrx_word' id='word_1_901' title='bbox 2461 5314 2657 5405; x_wconf 79' lang='lat' dir='ltr'><strong>utique</strong></span> <span class='ocrx_word' id='word_1_902' title='bbox 2680 5314 2918 5387; x_wconf 72' lang='lat' dir='ltr'><strong>credere</strong></span> <span class='ocrx_word' id='word_1_903' title='bbox 2949 5324 3167 5405; x_wconf 68' lang='lat' dir='ltr'><strong>casteria</strong></span> <span class='ocrx_word' id='word_1_904' title='bbox 3206 5321 3390 5405; x_wconf 75' lang='lat' dir='ltr'><strong>fuisse</strong></span> <span class='ocrx_word' id='word_1_905' title='bbox 3417 5314 3753 5388; x_wconf 80' lang='lat' dir='ltr'><strong>justiorem.</strong></span> <span class='ocrx_word' id='word_1_906' title='bbox 3786 5325 3876 5405; x_wconf 74' lang='lat' dir='ltr'><strong>se.</strong></span> 
     </span>
    </p>
   </div>
   <div class='ocr_carea' id='block_1_130' title="bbox 2224 5393 3876 5475">
    <p class='ocr_par' dir='ltr' id='par_1_130' title="bbox 2224 5393 3876 5475">
     <span class='ocr_line' id='line_1_130' title="bbox 2224 5393 3876 5475; baseline -0.018 1"><span class='ocrx_word' id='word_1_907' title='bbox 2224 5419 2483 5475; x_wconf 88' lang='lat' dir='ltr'><strong>cundum</strong></span> <span class='ocrx_word' id='word_1_908' title='bbox 2519 5393 2615 5471; x_wconf 75' lang='lat' dir='ltr'><strong>Dei</strong></span> <span class='ocrx_word' id='word_1_909' title='bbox 2647 5411 2987 5468; x_wconf 89' lang='lat' dir='ltr'><strong>mandatum</strong></span> <span class='ocrx_word' id='word_1_910' title='bbox 3043 5404 3251 5461; x_wconf 84' lang='lat' dir='ltr'><strong>soleret</strong></span> <span class='ocrx_word' id='word_1_911' title='bbox 3308 5398 3564 5472; x_wconf 87' lang='lat' dir='ltr'><strong>primum</strong></span> <span class='ocrx_word' id='word_1_912' title='bbox 3615 5409 3719 5467; x_wconf 90' lang='lat' dir='ltr'><strong>pro</strong></span> <span class='ocrx_word' id='word_1_913' title='bbox 3749 5393 3876 5450; x_wconf 85' lang='lat' dir='ltr'><strong>suis</strong></span> 
     </span>
    </p>
   </div>
   <div class='ocr_carea' id='block_1_131' title="bbox 2224 5476 3865 5569">
    <p class='ocr_par' dir='ltr' id='par_1_131' title="bbox 2224 5476 3865 5569">
     <span class='ocr_line' id='line_1_131' title="bbox 2224 5476 3865 5569; baseline -0.016 -13"><span class='ocrx_word' id='word_1_914' title='bbox 2224 5500 2426 5556; x_wconf 82' lang='lat' dir='ltr'><strong>oﬁ‘erre</strong></span> <span class='ocrx_word' id='word_1_915' title='bbox 2456 5494 2727 5569; x_wconf 87' lang='lat' dir='ltr'><strong>peccatis,</strong></span> <span class='ocrx_word' id='word_1_916' title='bbox 2758 5491 2969 5547; x_wconf 90' lang='lat' dir='ltr'><strong>deinde</strong></span> <span class='ocrx_word' id='word_1_917' title='bbox 3009 5504 3111 5560; x_wconf 90' lang='lat' dir='ltr'><strong>pro</strong></span> <span class='ocrx_word' id='word_1_918' title='bbox 3153 5481 3352 5558; x_wconf 90' lang='lat' dir='ltr'><strong>populi</strong></span> <span class='ocrx_word' id='word_1_919' title='bbox 3399 5479 3586 5550; x_wconf 77' lang='lat' dir='ltr'><strong>(Levii.</strong></span> <span class='ocrx_word' id='word_1_920' title='bbox 3633 5492 3750 5544; x_wconf 82' lang='lat' dir='ltr'><strong>xvr,</strong></span> 
     </span>
    </p>
   </div>
   <div class='ocr_carea' id='block_1_132' title="bbox 2225 5559 3875 5644">
    <p class='ocr_par' dir='ltr' id='par_1_132' title="bbox 2225 5559 3875 5644">
     <span class='ocr_line' id='line_1_132' title="bbox 2225 5559 3875 5644; baseline -0.016 -9"><span class='ocrx_word' id='word_1_921' title='bbox 2225 5580 2392 5635; x_wconf 85' lang='lat' dir='ltr'><strong>Hebr.</strong></span> <span class='ocrx_word' id='word_1_922' title='bbox 2441 5559 2541 5643; x_wconf 73' lang='lat' dir='ltr'><strong>vn,</strong></span> <span class='ocrx_word' id='word_1_923' title='bbox 2600 5574 2713 5644; x_wconf 84' lang='lat'><strong>27).</strong></span> <span class='ocrx_word' id='word_1_924' title='bbox 2764 5559 3121 5641; x_wconf 85' lang='lat' dir='ltr'><strong>Quapropter</strong></span> <span class='ocrx_word' id='word_1_925' title='bbox 3169 5576 3451 5644; x_wconf 81' lang='lat' dir='ltr'><strong>exponere</strong></span> <span class='ocrx_word' id='word_1_926' title='bbox 3497 5573 3603 5614; x_wconf 91' lang='lat' dir='ltr'><strong>nos</strong></span> <span class='ocrx_word' id='word_1_927' title='bbox 3645 5559 3875 5644; x_wconf 62' lang='lat' dir='ltr'><strong>oppr-tet</strong></span> 
     </span>
    </p>
   </div>
   <div class='ocr_carea' id='block_1_133' title="bbox 2227 5635 3872 5730">
    <p class='ocr_par' dir='ltr' id='par_1_133' title="bbox 2227 5635 3872 5730">
     <span class='ocr_line' id='line_1_133' title="bbox 2227 5635 3872 5730; baseline -0.017 -14"><span class='ocrx_word' id='word_1_928' title='bbox 2227 5635 2626 5730; x_wconf 39' lang='lat' dir='ltr'><strong>quomodo&#39;sit</strong></span> <span class='ocrx_word' id='word_1_929' title='bbox 2671 5635 3075 5722; x_wconf 76' lang='lat' dir='ltr'><strong>accipiendum</strong></span> <span class='ocrx_word' id='word_1_930' title='bbox 3107 5635 3262 5718; x_wconf 84' lang='lat' dir='ltr'><strong>quod</strong></span> <span class='ocrx_word' id='word_1_931' title='bbox 3312 5641 3532 5698; x_wconf 90' lang='lat' dir='ltr'><strong>dictum</strong></span> <span class='ocrx_word' id='word_1_932' title='bbox 3573 5640 3683 5705; x_wconf 85' lang='lat' dir='ltr'><strong>est,</strong></span> <span class='ocrx_word' id='word_1_933' title='bbox 3715 5635 3872 5691; x_wconf 80' lang='lat' dir='ltr'><strong>Sicut</strong></span> 
     </span>
    </p>
   </div>
  </div>
