4146 6198
257 318 365 380 701

252 452 760 546 diebus-pristinis:
799 463 850 546 et
898 457 1039 515 sicut
1067 464 1226 517 annis
1263 462 1560 534 prioribus.
1606 466 1896 522 Fortassis

251 536 406 628 enim
441 540 679 628 tempus.
705 536 842 628 illud
879 550 1301 610 commemorat,
1349 561 1463 617 quo
1494 547 1669 618 primi
1702 546 1898 602 homi-

253 631 355 706 nes
382 618 446 706 .in
469 618 748 706 paradiso
781 623 1031 706 fuerunt.
1066 623 1230 706 '_I‘unc
1260 625 1414 681 enim
1450 627 1578 697 puri
1610 633 1778 698 atque
1806 627 1898 682 in-

252 697 395 766 tegri
429 697 502 752 ab
534 698 694 754 omni
744 701 912 756 sorde
960 718 1026 756 ac
1073 701 1198 758 labe
1230 706 1452 776 peccati
1501 724 1563 763 se
1594 697 1751 778 ipsos
1781 708 1897 764 Deo

252 777 669 861 mundissimas
701 778 922 838 hostias
970 784 1306 843 offerebant.
1353 777 1638 844 Caeterum
1687 806 1754 845 ex
1784 805 1898 861 quo

253 858 587 915 commissa;
608 861 1094 931 praevaricationis
1122 881 1297 921 causa
1317 865 1452 923 inde
1475 869 1704 925 dimissi
1736 858 1896 936 sunt,

251 944 428 1012 atque
461 939 713 996 humana
743 941 800 996 in
823 944 907 998 eis
941 953 1148 1000 natura
1197 947 1473 1005 damnata
1519 953 1631 1016 est,
1663 954 1902 1021 excepto

253 1037 368 1103 uno
417 1023 751 1092 Mrdiatore,
800 1027 856 1079 et
899 1029 1030 1095 post
1095 1025 1386 1084 lavacrum
1451 1029 1903 1103 regenerationis

254 1102 586 1174 quibusque
630 1103 821 1158 adhuc
854 1105 1134 1175 parvulis,
1185 1107 1350 1164 Nemo
1398 1102 1632 1166 mundus
1664 1128 1694 1166 a
1727 1109 1901 1176 sorde,

253 1185 411 1240 sicut
449 1186 727 1256 scriptum
760 1190 867 1252 est,
897 1201 994 1242 nec
1022 1190 1230 1258 in/ans,
1278 1193 1436 1262 cujus
1466 1200 1545 1247 est
1594 1195 1707 1247 vita
1738 1194 1903 1246 unius

251 1266 366 1322 diei
394 1282 562 1343 super
611 1273 814 1322 terram
865 1267 997 1334 (Job.
1032 1284 1147 1334 x1v,
1181 1269 1231 1336 4,
1273 1287 1376 1325 sec.
1428 1272 1617 1343 LXX).
1654 1273 1812 1338 Quod
1854 1266 1904 1324 si

252 1342 658 1433 respondetur,
689 1343 860 1433 etiam
916 1361 1014 1433 eos
1069 1349 1273 1405 merito
1306 1350 1419 1405 dici
1481 1342 1646 1423 posse
1699 1351 1906 1406 otl‘erre

253 1420 474 1477 hostias
502 1422 559 1476 in
587 1421 835 1492 justitia,
859 1426 953 1495 qui
978 1427 1227 1484 offerunt
1253 1430 1310 1485 in
1345 1431 1456 1487 ﬁde
1481 1420 1495 1497 ξ
1524 1435 1715 1486 Justus
1745 1429 1904 1486 enim

253 1501 458 1592 ex-ﬁde’
487 1503 620 1592 uiuit
649 1502 828 1592 (Rom.
864 1521 904 1572 1,
939 1507 1065 1576 17);
1099 1511 1364 1592 quamvis
1413 1529 1474 1566 se
1503 1514 1692 1585 ipsum
1727 1511 1904 1566 sedu-

255 1588 371 1664 cat,
412 1581 696 1664 siidixerit
736 1599 798 1638 se
840 1596 1138 1656 peccatum
1184 1605 1297 1645 non
1347 1581 1556 1648 habere
1599 1593 1644 1664 (Ι
1675 1594 1833 1648 Joan.
1867 1607 1904 1656 1,

254 1663 308 1734 8)
336 1681 350 1731 ;
385 1668 440 1717 et
470 1663 597 1718 ideo
628 1679 744 1719 non
781 1664 953 1734 dicat,
998 1668 1136 1736 quia
1166 1685 1230 1724 ex
1269 1670 1378 1727 fide
1409 1673 1582 1728 vivit:
1610 1663 1903 1741 numquid

255 1743 520 1800 dicturus
551 1753 635 1800 est
665 1745 960 1817 quispiam
993 1747 1102 1804 hoc
1142 1748 1274 1805 ﬁdei
1308 1755 1538 1823 tempus
1569 1754 1653 1810 illi
1684 1753 1785 1808 ﬁni
1821 1767 1907 1807 es-

258 1839 325 1881 se
381 1825 822 1895 coaequandum,
884 1830 1118 1897 quando
1170 1829 1301 1902 igne
1348 1833 1559 1902 judicii
1602 1836 1906 1892 novissimi

259 1905 710 1961 mundabuntur
739 1906 840 1978 qui
871 1908 1139 1964 olierant‘
1192 1911 1409 1967 hostias
1441 1913 1497 1968 in
1524 1915 1797 1985 justitia?
1828 1924 1906 1972 Ac

260 2002 369 2058 per
401 1986 505 2042 hoc
526 1988 803 2057 quoniam
832 1997 960 2060 post
990 1991 1164 2046 talem
1208 1993 1643 2051 mundationem
1679 1997 1906 2050 nullum

258 2070 566 2137 peccatum
617 2069 809 2136 justos
865 2068 1169 2126 habituros
1226 2090 1355 2128 esse
1415 2077 1762 2129 credendum
1799 2079 1906 2142 est,

254 2146 518 2217 profecto
558 2147 704 2201 illud
760 2153 1015 2218 tempus,
1080 2158 1364 2221 quantum
1425 2157 1632 2208 attinet
1684 2172 1748 2208 ac
1793 2172 1908 2209 non

251 2225 476 2316 habere
508 2228 1004 2316 peccatum,.nulli
1039 2231 1286 2316 tempori
1309 2234 1766 2304 comparandum
1801 2240 1908 2294 est.

253 2306 378 2395 nisi
408 2307 640 2395 quando
690 2306 864 2395 primi
916 2307 1180 2395 homines
1207 2311 1258 2364 in
1305 2313 1567 2381 paradiso
1601 2319 1733 2368 ante
1768 2330 1912 2382 pra:-

252 2387 672 2439 varicalionem
743 2387 1227 2444 innocentissima
1297 2391 1568 2448 felicitate
1624 2395 1908 2449 vixerunt.

251 2463 437 2519 Recte
457 2465 654 2536 itaque
677 2466 1025 2538 intelligitur
1046 2468 1152 2523 hoc
1178 2471 1570 2542 significatum
1597 2490 1745 2541 esse,
1779 2489 1910 2528 cum

250 2545 478 2600 dictum
531 2551 640 2608 est,
700 2545 854 2601 Sicut
900 2548 1089 2604 diebus
1139 2550 1414 2620 pristinis,
1464 2563 1514 2608 et
1563 2556 1701 2608 sicut
1748 2557 1914 2608 annis

244 2625 555 2697 prioribus.
589 2624 736 2682 Nam
784 2633 841 2683 et
887 2644 984 2699 per
1033 2630 1239 2685 Isaiam
1293 2641 1664 2704 posteaquam
1702 2636 1911 2689 ccelum

248 2725 475 2764 novum
506 2716 559 2763 et
605 2714 755 2764 terra
801 2726 949 2765 nova
999 2715 1288 2781 promissa
1335 2720 1446 2782 est,
1494 2715 1646 2771 inter
1687 2721 1909 2784 caetera,

245 2805 385 2861 quas
420 2788 500 2843 ibi
536 2789 608 2844 de
636 2799 968 2846 sanclorum
1000 2791 1362 2848 beatitudine
1393 2811 1493 2864 per
1521 2795 1826 2866 allegorias
1858 2797 1914 2849 et

247 2868 574 2938 aenigmata
620 2869 979 2940 exsequitur,
1041 2872 1252 2942 quibus
1308 2876 1724 2943 expositionem
1773 2893 1912 2930 con-

249 2965 469 3023 gruam
505 2949 742 3004 reddere
773 2967 880 3006 nos
912 2953 1209 3022 prohibuit
1255 2953 1499 3010 vitandae
1532 2955 1912 3028 longitudinis

256 3047 428 3096 cura,
461 3029 774 3085 Secundum
820 3029 956 3098 dies,
1000 3031 1208 3103 inquit,
1259 3034 1408 3103 ligni
1449 3038 1571 3090 vitae
1609 3046 1771 3092 erunt
1800 3037 1910 3092 dies

245 3111 450 3183 populi
478 3112 589 3165 mei
616 3112 772 3181 (Isai.
820 3127 942 3178 ων,
965 3111 1074 3182 22).
1109 3112 1249 3174 Quis
1279 3119 1471 3170 autem
1506 3133 1700 3171 sacras
1732 3117 1907 3174 Litte-

253 3207 356 3246 ras
412 3190 624 3261 attigit,
682 3195 740 3245 et
787 3191 1015 3261 ignorat
1064 3193 1162 3246 ubi
1223 3192 1378 3250 Deus
1437 3195 1782 3266 plantaverit
1837 3197 1906 3252 li-

250 3286 444 3343 gnum
477 3271 624 3340 vitae,
658 3288 692 3326 a
721 3271 887 3341 cujus
918 3271 1042 3327 cibo
1087 3275 1369 3344 separatis
1400 3275 1514 3330 illis
1548 3277 1905 3348 hominibus,

250 3351 494 3422 quando
534 3366 632 3407 eos
664 3367 771 3405 sua
801 3352 871 3406 de
894 3352 1159 3422 paradiso
1191 3354 1360 3423 ejecit
1400 3355 1692 3426 iniquitas,
1719 3357 1907 3412 eidem

247 3429 422 3567 ggn;
471 3431 880 3503 circumposita
920 3437 1010 3488 est
1059 3433 1229 3505 ignea
1278 3435 1672 3509 terribilisque
1714 3441 1907 3492 custo-

292 3528 349 3567 la

292 3528 349 3568 la

321 3594 379 3648 2.
416 3595 574 3659 Quod
618 3593 666 3650 si
719 3595 1028 3667 quisquam
1061 3595 1190 3651 illos
1222 3598 1342 3653 dies
1387 3597 1528 3672 ligni
1577 3600 1728 3668 vita,
1762 3615 1911 3669 quos

249 3689 382 3729 com
396 3674 729 3730 memoravit
748 3675 1028 3746 propheta
1051 3676 1254 3745 Isaias,
1275 3679 1413 3735 istos
1433 3680 1527 3751 qui
1553 3697 1709 3735 nunc
1731 3695 1910 3750 agun-

250 3763 345 3810 tur
377 3754 645 3810 Ecclesiaa
679 3756 892 3811 Christi
925 3755 1049 3812 dies
1077 3773 1205 3814 esse
1249 3761 1573 3831 contendit,
1599 3760 1909 3833 ipsumque

249 3834 559 3891 Christum
586 3834 812 3906 lignum
844 3836 973 3890 vitae
997 3837 1331 3908 prOphetice
1355 3838 1596 3906 dictum,
1621 3842 1758 3912 quia
1786 3843 1909 3913 ipse

251 3921 346 3971 est
379 3915 674 3986 Sapientia
703 3917 823 3986 Dei,
857 3918 926 3972 de
955 3935 1071 3989 qua
1102 3917 1372 3975 Salomon
1395 3922 1495 3988 ait,
1528 3923 1756 3993 Lignum
1789 3925 1911 3979 vitae

252 4002 336 4054 est
375 3997 628 4052 omnibus
658 3998 1113 4069 amplectentibus
1149 4017 1272 4056 eam
1297 4001 1476 4058 (Prov.
1513 4020 1596 4070 111,
1630 4003 1756 4074 18);
1811 4022 1915 4061 nec

254 4093 450 4132 annos
479 4076 668 4149 egisse
710 4077 934 4148 aliquos
968 4080 1025 4134 in
1077 4081 1342 4150 paradiso
1373 4080 1503 4137 illos
1554 4084 1768 4153 primos
1818 4085 1918 4140 ho-

254 4157 478 4223 mines,
513 4158 667 4211 unde
697 4163 814 4213 tam
845 4159 958 4213 cito
988 4159 1154 4230 ejecti
1186 4165 1347 4226 sunt,
1379 4169 1434 4217 ut
1468 4162 1698 4219 nullum
1721 4164 1801 4220 ibi
1831 4165 1914 4236 gi-

253 4242 512 4308 gnerent
543 4237 728 4293 filium
760 4263 773 4306 ;
806 4243 861 4294 et
892 4239 1018 4294 ideo
1051 4256 1163 4294 non
1191 4258 1359 4312 posse
1388 4241 1532 4298 illud
1565 4250 1796 4316 tempus
1827 4247 1917 4302 in-

255 4317 446 4389 telligi
477 4319 536 4372 in
564 4334 629 4374 eo
661 4318 813 4389 quod
847 4319 1068 4374 dictum
1099 4328 1208 4388 est,
1240 4321 1390 4385 Sicut
1419 4323 1608 4380 diebus
1645 4329 1916 4397 pristinis,

255 4409 308 4456 et
330 4402 480 4455 sicut
504 4402 666 4454 annis
684 4401 961 4470 prioribus
985 4418 1003 4455 :
1019 4401 1187 4457 istam
1215 4410 1486 4473 praetereo
1515 4408 1916 4477 quaestionem,

257 4497 334 4536 ne
367 4497 547 4552 cogar
575 4481 749 4551 (quod
790 4481 1076 4550 prolixum
1117 4485 1227 4553 est)
1259 4491 1468 4541 cuncta
1511 4489 1826 4554 discutere,
1860 4494 1922 4545 ut

250 4561 485 4632 aliquid
510 4559 718 4616 horum
741 4562 948 4617 veritas
968 4563 1338 4620 manifestata
1354 4567 1375 4600 ²
1398 4567 1722 4625 conﬁrmet.
1745 4571 1920 4627 Video

257 4641 486 4712 quippe
518 4641 766 4696 alterum
799 4657 1062 4708 sensum,
1096 4659 1168 4699 ne
1198 4645 1322 4700 dies
1347 4646 1625 4716 pristinos
1658 4659 1712 4705 et
1735 4669 1921 4706 annos

256 4723 491 4793 priores
531 4722 854 4778 carnalium
905 4723 1315 4780 sacrificiorum
1378 4727 1544 4781 nobis
1575 4744 1676 4798 pro
1709 4747 1921 4802 magno

257 4818 511 4858 munere
542 4819 642 4873 per
673 4803 1013 4874 PrOphetam
1047 4807 1336 4874 pomissos
1370 4807 1549 4862 fuisse
1589 4811 1920 4868 credamus.

259 4880 486 4938 Ilostim
517 4898 767 4954 namque
800 4882 911 4938 illis
941 4885 1144 4941 veteris
1178 4885 1340 4956 Legis
1374 4886 1430 4941 in
1461 4889 1793 4961 quibusque
1824 4908 1925 4963 pe-

258 4964 509 5044 coribus
539 4964 927 5021 immaculata
955 4984 1021 5022 ac
1048 4966 1172 5023 sine
1194 4967 1312 5023 ullo
1339 4967 1362 5002 ³
1393 4985 1630 5040 prorsus
1661 4972 1798 5028 vitio
1821 4975 1924 5044 ju-

258 5041 565 5100 bebantur
593 5046 806 5116 ofterri,
842 5051 897 5102 et
927 5047 1340 5118 significabant
1366 5048 1636 5107 homines
1667 5041 1923 5119 sanctos,

259 5125 459 5196 qualis
485 5127 648 5184 solus
678 5128 948 5186 inventus
971 5132 1057 5185 est
1083 5129 1370 5201 Christus,
1403 5132 1530 5187 sine
1546 5132 1664 5188 ullo
1685 5137 1925 5191 omnino

336 5425 355 5492 ξ
396 5421 482 5492 ξ-ἰρ
507 5423 630 5492 Mss.
661 5423 799 5492 Editi
826 5429 1022 5492 autem,
1053 5431 1318 5492 oﬂerunt.

332 5486 359 5553 ξ
398 5487 694 5553 ﬁniam.
727 5489 810 5538 Er.
842 5491 895 5538 et
927 5486 1110 5552 plures
1131 5492 1274 5548 Mss.,
1306 5493 1629 5553 manifesta.

257 5549 373 5662 at;
422 5547 506 5599 Sic
560 5551 682 5603 Mss.
739 5555 806 5600 At
855 5547 1000 5611 editi,
1075 5547 1475 5604 immaculatis'
1513 5555 1712 5621 absque
1789 5556 1928 5620 ullo,

1586 332 1820 394 LIBER
1862 333 2310 396 VIGESIMUS.

3534 328 3647 388 702

2001 472 2256 538 peccato.
2291 466 2537 523 Proinde
2578 465 2716 538 quia
2756 462 3222 534 postjudicium,
3271 478 3404 516 cum
3435 461 3652 517 fuerint

2001 548 2170 605 etiam
2203 548 2334 619 igne
2366 547 2632 603 mundati
2665 547 2762 618 qui
2787 543 3073 616 ejusmodi
3107 543 3480 599 mundatione
3513 547 3652 598 sunt

2005 630 2186 700 digni,
2213 629 2271 684 in
2290 629 2554 684 omnibus
2574 626 2791 683 sanctis
2817 626 3039 680 nullum
3066 624 3388 679 invenietur
3411 622 3651 676 omnino

2005 718 2325 783 peccatum,
2355 717 2527 780 alque
2559 711 2640 764 ita
2669 724 2731 763 se
2764 709 2920 778 ipsos
2947 705 3189 760 offerent
3215 703 3273 758 in
3300 702 3556 774 justitia,
3580 713 3653 783 ut

2004 781 2153 846 tales
2185 789 2386 846 hostiae
2420 790 2578 844 omni
2637 789 2803 843 modo
2847 785 3239 842 immaculata:
3281 800 3346 838 ac
3378 784 3504 838 sine
3538 781 3654 836 ullo

2003 871 2138 926 vitio
2171 872 2288 924 sint
2320 871 2543 940 futurae,
2577 874 2746 924 erunt
2779 867 3032 938 profecto
3064 867 3216 920 sicut
3247 863 3503 934 pristinis
3534 861 3652 918 dic-

2008 953 2118 1006 bus
2148 957 2204 1005 et
2236 952 2388 1005 sicut
2419 952 2584 1006 annis
2610 948 2924 1020 prioribus,
2957 945 3190 1017 quando
3220 945 3276 997 in
3314 942 3521 998 umbra
3553 940 3656 994 hu-

1999 1033 2098 1102 jus
2148 1033 2224 1086 rei
2279 1033 2482 1086 fnturas
2532 1028 2927 1086 mundissimae
2986 1026 3379 1083 ott‘erebantur
3432 1020 3653 1076 hOStIZB.

2008 1113 2135 1168 Hec
2167 1113 2273 1168 erit
2299 1128 2548 1182 namque
2579 1109 2868 1166 munditia
2892 1113 3029 1164 tunc
3053 1109 3109 1161 in
3133 1103 3451 1160 immortali
3485 1117 3658 1158 carne

2008 1211 2075 1250 ac
2107 1199 2299 1250 mente
2349 1199 2706 1262 sanctorum,
2748 1208 2874 1263 quis
2929 1190 3280 1260 ﬁgurabatur
3311 1187 3370 1241 in
3422 1184 3657 1240 illarum

2009 1275 2350 1348 corporibus
2383 1274 2729 1330 hostiarum.

2081 1346 2133 1413 3.
2167 1357 2383 1412 Deinde
2417 1360 2646 1426 propter
2675 1371 2771 1409 eos
2803 1352 2903 1424 qui
2937 1369 3050 1407 non
3103 1349 3499 1413 mundatione,
3553 1346 3655 1401 sed

2009 1438 2376 1492 damnatione
2407 1445 2540 1490 sunt
2570 1435 2750 1507 digni,
2784 1436 2850 1488 Et
2895 1434 3174 1499 accedam,
3210 1430 3420 1501 inquit,
3465 1429 3538 1482 ad
3571 1442 3660 1481 vos

2009 1519 2068 1572 in
2095 1517 2386 1587 iudicium,
2417 1520 2472 1571 et
2500 1532 2590 1571 ινο
2622 1517 2769 1570 testis
2801 1515 2959 1569 velox
2987 1528 3153 1580 super
3181 1511 3452 1578 maleﬁcos
3482 1514 3534 1562 et
3560 1523 3661 1561 su—

2003 1615 2110 1670 per
2137 1597 2443 1662 adulteros,
2477 1601 2533 1649 et
2563 1599 2789 1661 caetera,
2823 1594 3034 1664 quibus
3059 1589 3490 1644 damnabilibus
3520 1601 3663 1641 enu-

2012 1677 2244 1733 meratis
2273 1676 2620 1731 criminibus
2679 1674 2924 1741 addidit,
2979 1673 3245 1741 Quoniam
3279 1685 3372 1739 ego
3405 1670 3664 1724 Dominus

2011 1759 2148 1813 Deus
2185 1762 2374 1824 vester,
2407 1767 2456 1812 et
2492 1771 2602 1811 non
2633 1761 2859 1809 mutor:
2900 1758 3181 1823 tanquam
3215 1750 3452 1814 diceret,
3514 1747 3657 1801 Cum

2009 1855 2110 1894 vos
2143 1837 2450 1893 mutaverit
2479 1840 2536 1892 et
2565 1835 2624 1891 in
2655 1835 2910 1890 deterius
2933 1832 3102 1902 culpa
3131 1839 3341 1896 vestra,
3374 1833 3430 1885 et
3453 1829 3509 1882 in
3543 1844 3664 1882 me-

2013 1919 2126 1974 lius
2157 1919 2336 1988 gralia
2388 1935 2535 1981 mea,
2567 1933 2670 1986 ego
2720 1932 2834 1970 non
2887 1918 3099 1968 mutor.
3135 1912 3367 1966 Testem
3417 1925 3550 1964 vero
3600 1925 3663 1963 se

2015 2001 2151 2054 dicit
2184 2002 2468 2062 futurum,
2500 1998 2638 2067 quia
2671 1996 2726 2050 in
2753 1995 2974 2065 judicio
3006 2010 3108 2046 suo
3147 2009 3254 2045 non
3282 1991 3505 2060 indiget
3546 1994 3665 2043 tes-

2015 2082 2174 2136 tibus
2201 2096 2213 2132 :
2239 2094 2488 2149 eumque
2521 2076 2797 2138 velocem,
2823 2076 2942 2128 sive
2965 2076 3099 2142 quia
3122 2075 3357 2139 repente
3383 2074 3666 2124 venturus

2015 2165 2122 2225 est,
2164 2148 2698 2228 eritqne’judicium
2731 2155 2856 2224 ipso
2901 2152 3196 2221 inepinato
3245 2151 3375 2218 ejus
3416 2148 3664 2201 adventu

2017 2225 2576 2306 celerrimumiquod
2603 2235 2998 2290 tardissimum
3026 2231 3365 2294 videbatur;
3393 2229 3509 2282 sive
3533 2225 3671 2296 quia

2017 2320 2176 2390 ipsas
2208 2319 2507 2374 convincet
2537 2317 2662 2371 sine
2695 2315 2812 2369 ulla
2841 2311 3125 2367 sermonis
3170 2308 3497 2380 prolixitate
3531 2321 3668 2360 con-

2018 2401 2309 2456 scientias.
2335 2399 2393 2452 ln
2417 2395 2836 2466 cogitationibus
2865 2393 3036 2459 enim,
3070 2393 3220 2445 sicut
3244 2391 3526 2458 scriptum
3560 2390 3671 2452 est,

2016 2483 2185 2552 impii
2215 2481 2571 2548 interrogatio
2600 2479 2706 2532 erit
2735 2475 2883 2546 (Sap.
2920 2491 2958 2538 1,
2989 2473 3068 2544 9).
3104 2471 3168 2525 Et
3197 2469 3536 2540 Apostolus,
3577 2468 3675 2520 Co-

2017 2563 2401 2632 gitationibus,
2434 2560 2643 2630 inquit,
2669 2555 3074 2618 accusantibus,
3099 2552 3183 2606 vel
3214 2553 3376 2605 etiam
3411 2563 3674 2603 excusan-

2017 2644 2161 2700 tibus
2191 2643 2249 2698 in
2281 2642 2369 2697 die
2397 2657 2506 2713 qua
2526 2637 2800 2709 judicabit
2845 2636 2985 2690 Deus
3015 2632 3558 2713 occultuihominum‘,
3590 2643 3674 2682 se-

2017 2724 2254 2779 cundum
2288 2709 2644 2788 Evangelium
2664 2733 2842 2773 meum
2862 2730 2959 2787 per
2977 2715 3158 2769 Jesum
3181 2709 3456 2764 Christum
3496 2709 3669 2778 (Rom.

2017 2822 2081 2874 11,
2127 2805 2212 2871 15,
2265 2804 2368 2872 16).
2425 2801 2606 2855 Etiam
2641 2798 2722 2853 sic
2754 2813 2886 2868 ergo
2933 2794 3215 2850 Dominus
3246 2792 3478 2845 futurus
3505 2789 3672 2874 testis

2016 2872 2428 2955 intelligendus
2456 2885 2546 2936 est
2577 2877 2756 2942 velox,
2787 2893 2919 2931 cum
2951 2875 3078 2955 sine
3105 2872 3669 2955 morarevocaturus

2017 2975 2100 3020 est
2123 2964 2179 3018 in
2206 2950 2576 3026 memoriam,
2609 2959 2764 3014 unde
2805 2954 3106 3013 convincat
3147 2950 3464 3022 puniatque
3494 2963 3676 3002 cons-

2018 3044 2312 3100 cientium.

2015 3208 2242 3266 CAPUT
2266 3206 2489 3262 XXVII.
2521 3236 2590 3246 —
2620 3205 2694 3259 De
2731 3199 3079 3273 separatione
3110 3198 3376 3253 bonorum
3405 3202 3454 3249 et
3503 3191 3677 3247 malo-

2087 3307 2234 3356 rum,
2266 3305 2362 3359 per
2389 3303 2555 3358 quam
2586 3283 2877 3339 novissimi
2918 3282 3117 3351 iudicii
3147 3278 3399 3334 discretio
3429 3275 3675 3329 declara-

2093 3377 2201 3424 tur.

2095 3509 2236 3564 Illud
2271 3507 2468 3574 etiam,
2503 3505 2658 3575 quod
2709 3502 2868 3557 aliud
2914 3515 3092 3570 agens
3122 3499 3178 3551 in
3223 3503 3417 3552 octavo
3447 3493 3673 3575 decimo

2019 3589 2166 3645 libro
2199 3604 2266 3642 ex
2296 3587 2408 3641 isto
2439 3572 2722 3656 propheta
2754 3579 2922 3651 posui
2953 3579 3153 3649 (capite
3182 3577 3271 3656 35,
3303 3575 3454 3656 fine),
3487 3572 3556 3627 ad
3575 3572 3677 3656 ju-

2021 3670 2234 3724 dicium
2288 3649 2663 3720 novissimum
2711 3649 2978 3733 pertinet,
3013 3657 3109 3711 ubi
3152 3655 3268 3712 ait:
3305 3655 3477 3708 Erunt
3507 3649 3673 3716 mihi,

2021 3753 2156 3808 dicit
2187 3751 2443 3805 Dominus
2465 3745 2825 3816 omnipotens,
2858 3742 2916 3796 in
2940 3742 3032 3796 die
3059 3755 3165 3810 qua
3188 3753 3290 3810 ego
3319 3736 3463 3807 facio
3493 3736 3554 3816 in
3584 3749 3674 3788 ac-

2021 3830 2392 3904 quisitionem,
2425 3835 2476 3884 et
2531 3815 2734 3896 eligam
2791 3838 2878 3878 eos
2907 3823 3050 3904 sicut
3093 3820 3246 3888 eligit
3277 3817 3450 3904 homo.
3489 3815 3674 3904 ﬁlium

2021 3895 2183 3971 suum
2217 3910 2310 3983 qui
2339 3895 2508 3965 servit
2537 3909 2589 3962 ei
2614 3895 2702 3962 set
2724 3903 3113 3960 convertamini
3140 3903 3178 3965 ³,
3199 3908 3249 3953 et
3271 3895 3524 3952 videbitis
3545 3895 3678 3964 quid

2021 3997 2092 4051 sit
2123 3978 2272 4049 inter
2300 3994 2503 4062 iustum
2531 3996 2584 4044 et
2638 3985 2914 4056 iniquum,
2946 3987 2997 4038 et
3028 3983 3177 4036 inter
3213 3980 3540 4035 servientem
3571 3978 3681 4030 Deo

2023 4089 2208 4136 etcum
2231 4057 2326 4146 qui
2342 4089 2448 4128 non
2462 4069 2626 4126 servit
2643 4068 2714 4122 ei.
2739 4066 2876 4134 Quia
2887 4079 3003 4120 ecce
3023 4061 3136 4117 dies
3157 4061 3306 4116 venit
3319 4057 3518 4113 ardens
3537 4057 3681 4116 sicut

2024 4139 2302 4221 clibanus,
2333 4157 2384 4210 et
2411 4153 2686 4208 comburet
2713 4162 2822 4213 eos,
2846 4153 2896 4200 et
2923 4149 3088 4200 erunt
3118 4157 3303 4221 omnes
3324 4139 3678 4205 alienigenae,

2028 4247 2081 4298 et
2110 4219 2356 4296 universi
2386 4237 2479 4306 qui
2525 4231 2750 4301 faciunt
2782 4227 3155 4296 iniquitatem,
3199 4219 3404 4291 stipula
3435 4235 3452 4272 :
3485 4221 3534 4272 et
3562 4232 3684 4272 suc-

2026 4320 2219 4378 cendet
2249 4333 2339 4374 eos
2369 4301 2482 4370 dies
2505 4313 2748 4375 veniens,
2773 4307 2906 4362 dicit
2940 4307 3194 4361 Dominus
3213 4302 3599 4370 omnipotens:
3627 4301 3684 4351 et

2026 4418 2137 4458 non
2167 4398 2512 4468 relinquetur
2542 4395 2599 4448 in
2631 4392 2708 4446 eis
2735 4389 2920 4455 radis,
2951 4401 3122 4457 neque
3148 4397 3357 4437 ramus.
3390 4380 3454 4433 Et
3475 4380 3686 4433 orietur

2029 4483 2202 4546 vobis,
2235 4459 2342 4551 qui.
2365 4473 2568 4531 timetis
2598 4485 2796 4527 nomen
2827 4484 3030 4534 meum,
3054 4465 3132 4521 sol
3155 4463 3413 4551 “iustitiae,
3447 4465 3500 4550 et
3528 4459 3685 4550 sani-

2029 4567 2113 4618 tas
2145 4540 2202 4614 in
2230 4540 2425 4630 pennis
2455 4555 2606 4622 ejus;
2637 4557 2690 4606 et
2718 4547 3088 4619 egrediemini,
3122 4549 3173 4598 et
3202 4541 3412 4597 salictis
3442 4541 3582 4593 sicut
3610 4540 3688 4592 vi-

2030 4645 2137 4701 tuli
2164 4622 2240 4696 de
2267 4637 2499 4695 vinculis
2541 4633 2784 4688 relaxati
2814 4649 2833 4686 :
2859 4636 2914 4685 et
2941 4625 3328 4683 conculcabitis
3358 4622 3597 4690 iniquos,
3633 4627 3686 4673 et

2033 4700 2196 4784 erunt
2224 4723 2361 4779 cinis
2381 4718 2479 4775 sub
2507 4715 2735 4785 pedibus
2765 4711 2975 4774 vestris,
2999 4707 3132 4785 dicit
3160 4704 3418 4785 Dominus
3439 4700 3687 4785 omnipo-

2034 4775 2421 4875 imitaturum.
2456 4775 2540 4862 ni,
2571 4795 2656 4859 17,
2687 4793 2784 4858 18;
2819 4805 2894 4875 1v,
2928 4786 3066 4875 173').
3094 4783 3220 4875 Ilaec
3243 4775 3521 4875 distanLtiq
3543 4791 3686 4875 grae-

2033 4853 2489 4950 in'i'oiiu-mnatque
2528 4853 2828 4945 poenarum
2855 4853 3042 4934 justos
3081 4859 3357 4950 dirimens
3391 4853 3462 4947 ab
3493 4853 3681 4924 injus-

2480 4934 2589 5008 islo
2622 4948 2830 5034 soloin
2890 4943 3066 5034 hujus
3103 4939 3231 5034 vites
3280 4934 3536 5034 vanitate
3558 4949 3684 5034 nqn

2038 5013 2307 5110 canitur,
2342 5033 2576 5109 quando
2608 5030 2716 5086 sub
2749 5025 2847 5081 illo
2870 5018 3246 5092 solejustitiae
3278 5015 3333 5071 in
3368 5013 3526 5068 illius
3558 5013 3684 5067 vitae

2109 5370 2125 5406 ί
2155 5365 2294 5417 Editi
2323 5375 2384 5412 ac
2411 5360 2656 5424 plerique
2689 5356 2833 5424 Mss”
2881 5360 2932 5402 et
2982 5339 3690 5424 convertarqiflmjegdaptur

2041 5403 2383 5484 ad
2398 5403 2988 5484 librum—Corbeiensem
3016 5424 3187 5484 :_nam
3215 5411 3268 5484 et
3283 5403 3692 5484 _apu'd‘§ep_tua‘-_

2041 5467 2594 5557 i‘é’éﬁgé.’_"k7§
2610 5467 3096 5546 eicistraphesesthe
3127 5487 3139 5524 :
3183 5474 3236 5523 et
3280 5467 3348 5520 ιῐῐ
3366 5467 3609 5532 Vulgata.
3641 5472 3691 5514 et

2042 5551 2462 5609 Eoneertemini.
