4146 6198
456 350 578 413 ’103

455 485 919 542 manifestatione
949 487 1207 555 clarebit,
1235 493 1370 544 tunc
1395 491 1646 561 proiecto
1676 490 1786 547 erit
1809 491 2097 562 judicium

459 565 634 637 quale
667 581 962 636 nunquam
997 567 1122 622 fuit.

456 725 688 781 CAPUT
715 726 964 785 XXVIII.
997 759 1064 770 -—-
1096 730 1169 785 De
1199 731 1316 799 lege
1347 735 1524 802 Moysi
1551 734 1917 805 spiritualiter
1947 732 2112 788 intel-

1537 359 1635 417 DE
1679 357 2038 419 CIVITATE
2080 359 2233 427 DEI.
2284 362 2348 422 S.
2397 361 2819 425 AUGUSTINI

3748 368 3873 428 7οι

2210 494 2392 550 Etiam
2444 496 2742 563 Thesbiten,
2774 505 3066 570 antequam
3112 501 3295 554 veniat
3341 498 3452 555 dies
3482 500 3703 557 Domini
3757 517 3877 556 ma-

2215 591 2357 644 gnus
2407 587 2461 633 et
2498 578 2755 646 illustris,
2797 583 2892 650 qui
2917 586 3191 637 convertet
3223 596 3318 636 cor
3343 583 3518 653 patris
3548 581 3618 638 ad
3661 583 3876 652 ﬁlium,

2216 664 2270 712 et
2300 673 2392 712 cor
2436 657 2668 715 hominis
2697 661 2767 714 ad
2799 665 3113 732 proximum
3141 678 3322 729 suum,
3355 679 3424 719 ne
3467 665 3615 732 forte
3646 666 3875 719 veniens

2215 741 2527 810 percutiam
2555 744 2764 796 terram
2783 745 3004 814 penitus
3025 743 3272 814 (.ttalach.
3298 760 3371 811 tv,
3394 744 3448 811 5,
3471 745 3526 814 6,
3543 761 3648 800 sec.
3682 743 3843 812 LXX)
3861 786 3876 799 .

529 808 779 898 ligenda,
801 825 873 865 ne
901 812 957 865 in
979 811 1319 868 damnabilia
1341 829 1628 869 murmura
1658 817 1896 869 carnalis
1925 829 2112 869 sensus
2216 808 2328 874 VPer
2359 819 2515 876 hunc
2544 821 2723 877 Eliam
2751 808 3876 898 magnum.mirabilemque'pmphetatn

526 889 802 944 incurrat.

529 1023 691 1105 Quod
725 1040 857 1082 vero
909 1027 1215 1101 subiungit
1245 1030 1396 1087 idem
1450 1033 1750 1105 prepheta,
1799 1034 2116 1090 Mementote

460 1103 598 1174 legis
628 1104 797 1176 Moysi
823 1111 971 1162 servi
997 1113 1127 1177 mei,
1159 1128 1328 1182 quam
1359 1103 1617 1170 mandavi
1645 1118 1696 1171 ei
1716 1103 1773 1171 in
1809 1115 2008 1172 Choreb
2047 1113 2117 1170 ad

459 1199 681 1240 omnem
728 1187 896 1243 Israel
925 1190 1176 1260 (Malae/1.
1211 1210 1288 1263 ιν,
1339 1194 1432 1265 4);
1469 1201 1755 1268 praecepta
1797 1202 1854 1253 et
1892 1195 2118 1268 judicia

461 1280 790 1337 opportune
820 1279 1260 1344 commemorat,
1295 1281 1425 1346 post
1456 1278 1808 1334 declaratum
1839 1283 1959 1334 tam
1991 1295 2116 1333 ma-

466 1363 649 1419 gnum
683 1348 947 1431 futurum
982 1353 1131 1409 inter
1152 1357 1549 1414 observatores
1589 1358 1732 1430 legis
1763 1364 2119 1431 contempto-

465 1442 672 1510 resque
719 1430 1068 1499 discrimen;
1113 1436 1289 1491 simul
1337 1438 1511 1494 etiam
1566 1443 1628 1493 ut
1672 1440 1902 1495 discant
1932 1430 2117 1510 legem

467 1508 849 1579 spiritualiter
871 1512 1214 1585 intelligere,
1239 1526 1292 1573 et
1315 1519 1617 1575 inveniant
1637 1519 1694 1574 in
1717 1535 1783 1576 ea
1805 1508 2118 1585 Christum,

466 1606 568 1657 per
596 1606 772 1661 quem
800 1592 1060 1661 judicem
1095 1596 1357 1653 facienda
1388 1605 1476 1655 est
1505 1602 1658 1657 inter
1689 1603 1872 1658 bonos
1911 1606 1966 1656 et
1997 1617 2123 1654 ma-

463 1666 551 1726 los
584 1671 707 1740 ipsa
739 1673 1030 1731 discretio.
1063 1677 1185 1732 Non
1219 1679 1368 1734 enim
1406 1682 1617 1736 frustra
1648 1683 1801 1738 idem
1835 1681 2121 1738 Dominus

465 1751 544 1808 ait
574 1751 815 1822 Judaeis,
846 1754 909 1810 Si
929 1756 1216 1814 crederetis
1245 1761 1430 1832 Moysi,
1454 1763 1748 1820 crederetis
1773 1769 1823 1819 et
1848 1763 2028 1824 mihi;
2059 1761 2123 1817 de

468 1852 556 1892 me
584 1837 733 1891 enim
757 1835 860 1892 ille
888 1839 1108 1908 scripsit
1129 1841 1304 1910 (Joan.
1338 1858 1391 1912 v,
1425 1844 1538 1916 46).
1566 1845 1886 1901 Carnaliter
1907 1843 2122 1916 quippe

470 1916 807 1985 accipiendo
838 1916 1044 1989 legem,
1078 1925 1136 1976 et
1183 1923 1306 1991 ejus
1337 1926 1622 1994 promissa
1669 1930 1898 1982 terrena
1928 1939 2121 1980 rerum

471 1997 786 2053 caelestium
821 1998 1038 2069 figuras
1066 2017 1194 2058 esse
1225 2003 1570 2072 nescientes,
1604 2006 1663 2060 in
1696 2007 1795 2062 illa
1826 2021 2126 2061 murmura

473 2082 834 2146 corruerunt,
871 2083 935 2133 ut
964 2080 1154 2136 dicere
1185 2086 1485 2153 auderent,
1521 2087 1695 2142 Vanus
1727 2095 1803 2143 est
1824 2088 1920 2158 qui
1955 2086 2125 2142 servit

469 2158 577 2214 Deo
595 2176 614 2212 :
643 2160 691 2212 et
712 2158 843 2229 quid
865 2161 1122 2230 amplius,
1147 2165 1273 2233 quia
1289 2165 1678 2223 custodivimus
1694 2169 1956 2223 mandata
1979 2167 2122 2236 ejus,

468 2245 521 2295 et
553 2241 684 2308 quia
720 2238 1124 2296 ambulavimus
1150 2245 1458 2315 supplices'
1493 2251 1620 2302 ante
1663 2250 1864 2314 faciem
1908 2245 2127 2303 Domini

471 2321 906 2388 omnipotentis?
934 2323 1002 2375 Et
1033 2338 1179 2378 nunc
1207 2341 1305 2379 nos
1345 2325 1523 2382 beatos
1551 2327 1782 2384 dicimus
1811 2331 2039 2396 alienos,
2071 2335 2126 2385 et

471 2399 822 2482 aediﬁcantur
841 2416 1024 2457 omnes
1044 2406 1139 2474 qui
1156 2406 1370 2474 faciunt
1389 2410 1736 2480 iniquitatem
1759 2411 2011 2482 (Malach.
2037 2428 2122 2480 III,

475 2481 616 2564 ilict
649 2481 754 2544 15).
788 2482 1008 2564 Quibus
1038 2499 1238 2541 eorum
1279 2489 1468 2544 verbis
1517 2481 1950 2561 quodammodo
1991 2509 2124 2564 pro-

474 2559 650 2644 pheta
680 2563 1016 2644 compulsus
1047 2569 1133 2619 est
1157 2559 1550 2624 novissimum“
1574 2574 1963 2643 praenuntiare
1985 2559 2006 2606 έ
2029 2574 2128 2644 ju-

475 2639 718 2703 dicium,
754 2641 848 2697 ubi
883 2643 1018 2698 mali
1071 2662 1176 2702 nec
1206 2647 1408 2704 saltem
1443 2639 1592 2708 false
1638 2652 1756 2708 sint
1804 2652 1974 2719 beati,
2026 2639 2127 2709 sed

479 2720 852 2801 apertissime
909 2731 1224 2794 appareant
1274 2729 1625 2801 miserrimi;
1671 2738 1728 2789 et
1777 2733 1912 2789 boni
1970 2732 2132 2789 nulla

475 2800 788 2882 temporali
832 2803 1035 2858 saltem
1091 2805 1322 2864 miseria
1369 2809 1652 2882 laborent,
1700 2815 1800 2869 sed
1851 2815 2007 2870 clara
2065 2830 2130 2870 ac

480 2879 1224 2967 sempiternabeatitudine
1252 2879 1646 2960 perfruantur.
1666 2894 1895 2950 Dixerat
1923 2895 2132 2967 quippe

479 2961 727 3044 istorum
759 2961 900 3044 talia
925 2966 1187 3035 quaedam
1213 2970 1384 3024 verba
1413 2973 1587 3027 etiam
1637 2976 1904 3044 superius
1933 2961 2132 3031 dicen-

483 3041 648 3127 t_ium_,
683 3041 875 3127 Omnis
904 3049 996 3127 qui
1022 3046 1162 3120 facit
1188 3052 1416 3118 malum,
1457 3053 1628 3108 bonus
1656 3041 1736 3110 est
1759 3059 1816 3110 in
1844 3064 2133 3127 conspectu

481 3122 718 3186 Domini,
749 3129 806 3179 et
858 3126 992 3205 tales
1020 3129 1070 3180 ei
1113 3128 1330 3197 placent
1363 3130 1466 3200 (Id.
1500 3149 1563 3201 ιι,
1596 3136 1704 3205 17).
1737 3137 1821 3191 Ad
1855 3122 1994 3198 haec.
2042 3138 2129 3192 in-

486 3216 686 3289 qpam,
718 3207 921 3289 contra
953 3204 1137 3289 Deum
1163 3223 1467 3289 murmura
1497 3204 1901 3282 pervenerunt,
1947 3218 2130 3289 legem

487 3283 670 3354 Moysi
701 3284 1036 3354 accipiendo
1067 3288 1396 3346 carnaliter.
1439 3291 1602 3349 Unde
1641 3300 1698 3351 et
1748 3297 1845 3353 ille
1885 3300 1943 3354 in
1976 3283 2135 3354 Psal-

487 3379 606 3445 moi
640 3367 1070 3445 septuagesimo
1127 3374 1405 3439 secundo,
1464 3390 1608 3445 pene
1666 3385 1992 3435 commotos
2045 3379 2135 3435 di—

484 3444 764 3532 citiuisse
788 3449 962 3532 pedes
980 3464 1138 3532 suos,
1163 3452 1449 3532 etieti‘usos
1471 3444 1715 3528 gressus
1745 3476 1905 3528 suos,
1932 3461 2136 3532 utique

482 3524 819 3614 inlapsum,
845 3526 983 3614 quia
1005 3529 1207 3614 zelavit
1227 3531 1288 3588 in
1317 3524 1736 3609 peccatoribus,
1762 3524 1959 3614 pacem
2003 3524 2132 3613 pec-

481 3605 1052 3690 catorumintuens;
1087 3611 1168 3667 ita
1201 3617 1262 3668 ut
1289 3614 1440 3670 inter
1484 3624 1689 3676 cratera
1719 3605 1951 3689 diceret,
1987 3605 2133 3690 Quo—

485 3688 642 3742 modo
681 3687 844 3744 scivit
871 3691 1039 3758 Deus,
1090 3705 1139 3747 et
1195 3696 1244 3748 si
1288 3702 1364 3750 est
1402 3699 1637 3755 scientia
1697 3704 1754 3757 in
1811 3687 2084 3760 Altissimo
2113 3709 2138 3760 .9

485 3767 700 3857 diceret
745 3769 940 3857 etiam,
979 3773 1430 3857 Numquidvane
1457 3779 1764 3851 justiﬁcavi
1798 3800 1893 3840 cor
1930 3803 2132 3857 meum,

482 3854 538 3903 et
585 3849 696 3904 lavi
758 3853 819 3906 in
859 3853 1239 3912 innocentibus
1269 3855 1292 3891 ³
1347 3876 1546 3915 manus
1600 3849 1792 3920 meas?
1829 3866 1902 3923 Ut
1940 3849 2135 3926 autem

485 3930 737 4022 solveret
783 3932 933 4022 hanc
967 3935 1393 4022 difficillimam,
1425 3944 1830 4018 quaestionem,
1881 3965 2003 4021 quas
2051 3951 2135 4022 ﬁt,

484 4028 617 4067 cum
649 4013 918 4069 videntur
967 4016 1102 4071 boni
1133 4034 1262 4075 esse
1320 4021 1540 4092 miseri,
1591 4030 1648 4080 et
1697 4013 1915 4085 felices-
1959 4013 2135 4091 malit

488 4093 594 4149 Hoc
623 4095 835 4165 inquit,
886 4097 1041 4152 labor
1097 4107 1178 4154 est
1215 4109 1344 4158 ante
1391 4121 1498 4172 me,
1547 4107 1713 4164 donec
1757 4113 2035 4168 introeam
2078 4116 2136 4170 in

483 4174 876 4263 sanctuariurn
903 4177 1018 4263 Dei,
1181 4182 1488 4263 intelligam
1521 4187 1581 4240 in
1627 4192 1918 4247 novissima
1968 4194 2134 4263 (Psal-

487 4256 778 4337 Lnxuttt,
816 4254 899 4337 13,
921 4257 1020 4337 _16,
1057 4258 1164 4328 17),
1189 4259 1411 4329 judicio
1441 4265 1651 4337 quippe
1674 4254 1991 4327 novissimo
2021 4290 2136 4330 non

485 4332 577 4423 sic.
601 4332 718 4423 erit.
747 4349 760 4386 :
793 4333 898 4423 sed
919 4332 979 4387 in
1002 4342 1202 4423 aperta
1225 4332 1560 4407 iniquorum
1585 4332 1843 4417 miseria,
1861 4356 1915 4404 et
1937 4358 2140 4423 aperta

486 4409 760 4543 {exilitate
783 4413 1099 4483 justorum,
1132 4413 1302 4487 longe
1335 4433 1509 4489 quam
1543 4437 1701 4481 nunc
1730 4409 2002 4487 estaliud
2035 4449 2138 4506 ap-

489 4505 524 4543 o
672 4505 685 4542 ι
723 4530 736 4543 .

489 4505 736 4558 parebit.

485 4621 720 4716 CAPUT
751 4625 1046 4716 XXIX,A—
1072 4633 1145 4716 De
1171 4634 1404 4694 adventu
1433 4638 1570 4698 Elite
1595 4651 1725 4700 ante
1741 4645 2022 4716 iudicium,
2045 4666 2138 4707 cu-

549 4706 1072 4801 ius-praedicatione
1099 4714 1521 4801 scripturarum
1570 4706 1779 4782 secreta
1831 4706 2134 4801 reserdnte,

557 4791 741 4848 Judaei
769 4801 1155 4854 convertentur
1181 4797 1251 4855 ad
1281 4799 1578 4860 Christum.

552 4925 693 5018 Cum
727 4933 926 5019 autem
967 4930 1396 5006 admonuisset,
1437 4943 1494 4995 et
1542 4941 1949 5000 meminissent
1993 4945 2138 5019 legis

482 5006 662 5078 Moysi
697 5025 709 5064 :
743 5010 1022 5080 quoniam
1053 5017 1408 5085 praevidebat
1439 5035 1538 5076 eos
1563 5021 1752 5078 multo
1779 5024 1968 5082 adhuc
1990 5006 2134 5084 tem-

484 5102 623 5179 pore
655 5104 769 5144 non
802 5107 930 5179 eam
955 5093 1537 5179 spiritualiter,sicut
1558 5107 1907 5173 oportuerat,
1943 5123 2140 5179 accep-

487 5174 666 5236 turos,
711 5170 988 5227 continuo
1031 5174 1318 5245 subjecit:
1351 5178 1414 5234 Et
1443 5195 1561 5237 ecce
1597 5170 1703 5248 ego
1742 5170 1961 5242 mittam
1991 5170 2140 5245 vobis

550 5346 1315 5426 {Arimp‘liqu‘gaeteri
1349 5353 1485 5426 _libri
1532 5357 1661 5408 editi
1691 5360 1744 5410 et
1770 5362 2138 5426 manuscripti,

484 5409 796 5473 supplices:
824 5411 982 5473 juxta
1010 5411 1151 5467 LXX.
1187 5415 1378 5466 iketai.

485 5471 845 5586 ηἰηῗὲἓνὲωζ
877 5473 962 5524 Er.
1010 5477 1063 5524 et
1089 5476 1268 5539 plures
1299 5478 1424 5530 Mss.
1451 5483 1521 5531 At
1566 5483 1720 5536 Vind.
1752 5489 1805 5538 et
1832 5489 1982 5553 Lov.,
2006 5503 2143 5553 pro-

553 5597 754 5678 ξμξιργςε,
778 5597 940 5678 inter‘
960 5600 1228 5678 inocentes
1250 5618 1267 5652 .·
1295 5607 1348 5678 et
1376 5609 1535 5669 paulo
1562 5613 1699 5678 post,
1722 5613 2056 5678 intelligam
2087 5613 2143 5665 in

491 5663 807 5737 novissimo.
843 5663 946 5737 Sed
965 5667 1302 5737 .augustinus
1329 5663 1774 5737 legeresoletjin
1802 5663 2101 5727 novissima

492 5719 562 5776 et,
597 5719 659 5765 in
690 5719 1087 5779 innocentibu;
1105 5742 1117 5779 :
1148 5719 1454 5794 habentque
1481 5719 1708 5786 Mitis.

2222 903 2478 972 exposita
2508 903 2622 960 sibi
2654 904 2794 974 lege,
2848 905 3052 961 ultimo
3075 911 3334 978 tempore
3377 912 3512 964 ante
3556 907 3880 980 judicium,

2220 985 2455 1040 Judzeos
2486 984 2543 1038 in
2603 985 2894 1041 Christum
2953 1004 3173 1056 verum,
3206 989 3264 1044 id
3322 997 3426 1058 est,
3459 989 3518 1044 in
3577 989 3881 1046 Christum

2225 1071 2493 1123 nostrum
2525 1083 2654 1123 esse
2685 1069 3028 1138 credituros,
3063 1070 3511 1126 celeberrimum
3543 1077 3633 1127 est
3661 1071 3723 1126 in
3755 1087 3884 1126 ser-

2227 1148 2500 1203 monibus
2545 1149 2926 1220 cordibusque
2968 1149 3248 1206 ﬁdelium.
3306 1152 3432 1222 Ipse
3481 1151 3702 1224 quippe
3746 1156 3884 1207 ante

2227 1230 2537 1284 adventum
2563 1230 2782 1300 judicis
2812 1231 3126 1287 Salvatoris
3156 1249 3270 1288 non
3292 1232 3586 1289 immerito
3609 1238 3885 1304 speratur

2227 1325 2353 1365 esse
2374 1313 2691 1367 venturus:
2726 1311 2900 1382 quia‘
2933 1312 3106 1367 etiam
3137 1329 3285 1368 nunc
3313 1312 3502 1370 vivere
3523 1331 3638 1370 non
3673 1314 3886 1369 imme-

2229 1393 2340 1446 rito
2372 1391 2643 1447 creditur.
2695 1391 2878 1447 Curru
2912 1410 3165 1465 namque
3213 1394 3382 1465 igneo
3423 1399 3625 1466 raptus
3674 1401 3763 1450 est
3813 1392 3886 1448 de

2230 1474 2404 1528 rebus
2435 1473 2732 1538 humanis,
2785 1475 2940 1546 quod
2987 1475 3421 1531 evidentissima
3457 1483 3656 1531 sancta
3687 1473 3886 1544 Scrip-

2229 1558 2363 1609 tura
2383 1557 2632 1608 testatur
2660 1552 2753 1619 (IV
2777 1556 2900 1626 (leg.
2935 1571 2998 1622 ιι,
3035 1555 3143 1625 tt).
3176 1555 3318 1610 Cum
3352 1555 3573 1613 venerit
3593 1571 3755 1627 ergo,
3780 1570 3886 1610 ex-

2230 1633 2496 1705 ponendo
2526 1634 2713 1706 legem
2745 1635 3145 1707 spiritualiter,
3171 1653 3345 1706 quam
3372 1654 3528 1693 nunc
3546 1635 3725 1693 Judaei
3756 1653 3888 1691 car-

2231 1715 2439 1771 naliter
2468 1715 2722 1784 sapiunt,
2750 1719 3022 1772 convertet
3045 1732 3138 1772 cor
3166 1719 3337 1788 patris
3359 1718 3430 1772 ad
3449 1717 3658 1788 ﬁlium,
3691 1717 3748 1771 id
3774 1721 3886 1782 est,

2232 1812 2328 1852 cor
2361 1803 2590 1866 patrum
2631 1796 2702 1851 ad
2737 1796 2888 1852 filios
2921 1813 2934 1852 :
2970 1797 3325 1868 singularem
3358 1798 3573 1870 quippe
3616 1815 3722 1869 pro
3775 1815 3886 1852 nu-

2234 1893 2391 1932 mero
2427 1876 2634 1948 plurali
2665 1877 3008 1949 interpretes
3038 1878 3422 1951 Septuaginta
3446 1882 3791 1951 posuerunt.
3817 1879 3889 1933 Et

2233 1963 2321 2013 eet
2350 1974 2578 2024 sensus,
2614 1963 2678 2013 ut
2711 1959 2884 2014 etiam
2921 1959 3022 2015 lilii
3071 1959 3156 2016 sic
3186 1959 3520 2032 intelligant
3551 1961 3768 2032 legem,
3827 1960 3885 2015 id

2233 2042 2320 2094 est
2345 2038 2550 2106 Judaei,
2574 2039 3061 2111 quemadmodum
3090 2045 3281 2112 patres
3302 2057 3428 2096 eam
3454 2040 3889 2107 intellexerunt,

2234 2119 2293 2174 id
2324 2127 2410 2174 est
2440 2119 2755 2191 Prophetas,
2792 2121 2850 2176 in
2879 2122 3096 2192 quibus
3127 2127 3248 2177 erat
3277 2129 3332 2177 et
3360 2122 3484 2191 ipse
3514 2121 3768 2193 Moyses.
3802 2121 3894 2176 Sic

2235 2201 2390 2256 enim
2419 2216 2517 2256 cor
2547 2204 2779 2272 patrum
2819 2205 3186 2257 convertatur
3223 2202 3296 2257 ad
3323 2201 3497 2268 ﬁlios,
3529 2218 3663 2257 cum
3715 2201 3888 2256 intel-

2233 2279 2475 2351 ligentia
2506 2284 2734 2352 patrum
2777 2281 3124 2351 perducetur
3148 2281 3222 2336 ad
3256 2281 3697 2353 intelligentiam
3735 2280 3890 2335 {ilio-

2237 2373 2403 2428 rum;
2437 2368 2486 2416 et
2513 2377 2605 2417 cor
2633 2362 2874 2431 ﬁliorum
2904 2361 2974 2417 ad
3003 2369 3190 2432 patres
3220 2377 3408 2417 eorum
3443 2362 3542 2432 (a),
3576 2361 3714 2416 dum
3740 2361 3803 2415 in
3835 2360 3896 2415 id

2237 2442 2391 2512 quod
2415 2451 2716 2498 senserunt
2748 2441 2856 2507 illi,
2879 2442 3313 2497 consentientet
3352 2442 3448 2496 isti
3474 2459 3488 2497 :
3522 2442 3616 2496 ubi
3646 2446 3896 2512 Septua-

2239 2521 2400 2593 ginta
2443 2522 2733 2588 dixerunt,
2765 2530 2816 2578 et
2846 2539 2938 2578 cor
2969 2522 3208 2578 hominis
3239 2522 3311 2578 ad
3347 2525 3663 2592 proximum
3711 2538 3894 2576 suum.

2238 2603 2382 2658 Sunt
2427 2603 2582 2660 enim
2616 2603 2764 2659 inter
2813 2620 2875 2660 se
2922 2603 3084 2660 valde
3134 2604 3376 2673 proximi
3412 2613 3602 2674 patres
3660 2609 3718 2659 et
3768 2603 3897 2658 ﬁlii.

2241 2685 2583 2757 Quanquam
2615 2685 2674 2740 in
2713 2685 2900 2740 verbis
2933 2685 3316 2755 Septuaginta
3347 2685 3757 2752 interpretum,
3799 2683 3897 2754 qui

2242 2765 2580 2837 prophetica
2638 2764 2995 2836 interpretati
3045 2769 3205 2832 sunt,
3241 2769 3430 2835 potest
3481 2781 3693 2820 sensus
3749 2762 3901 2818 alius

2241 2847 2515 2916 idemque
2544 2844 2782 2900 electior
2809 2845 3087 2912 inveniri;
3122 2849 3188 2899 ut
3219 2844 3576 2916 intelligatur
3609 2843 3769 2898 Elias
3801 2859 3904 2898 cor

2245 2927 2341 2981 Dei
2393 2926 2570 2981 Patris
2627 2941 3010 2982 conversurus
3050 2925 3120 2980 ad
3183 2924 3396 2980 Filium
3449 2940 3464 2980 :
3521 2940 3632 2980 non
3692 2924 3902 2995 utique

2244 3009 2464 3082 agendo
2495 3012 2559 3064 ut
2589 3012 2756 3064 Pater
2787 3007 2988 3080 diligat
3035 3007 3269 3078 Filium,
3303 3009 3403 3064 sed
3434 3007 3689 3064 docendo
3742 3007 3905 3078 quod

2246 3090 2410 3145 Pater
2435 3090 2636 3162 diligat
2666 3089 2877 3145 Filium
2907 3107 2920 3157 ;
2955 3095 3017 3145 ut
3047 3095 3104 3145 et
3134 3089 3341 3157 Judaei,
3366 3105 3539 3161 quem
3567 3088 3735 3160 prius
3767 3088 3906 3144 ode-

2245 3176 2394 3238 rant,
2427 3171 2675 3242 diligant
2699 3171 2993 3238 eumdem,
3026 3172 3126 3242 qui
3174 3175 3372 3227 noster
3409 3174 3500 3224 est
3531 3167 3830 3223 Christum
3860 3168 3908 3230 ²,

2243 3251 2458 3308 Judaeis
2488 3251 2641 3306 enim
2676 3267 2828 3306 nunc
2860 3267 3128 3306 aversum
3158 3267 3257 3306 cor
3278 3250 3450 3305 habet
3483 3250 3632 3304 Deus
3670 3264 3704 3302 a
3729 3246 3901 3302 Chri-

2245 3330 2332 3379 sto
2364 3326 2584 3390 nostro,
2615 3324 2750 3394 quia
2781 3323 2888 3377 hoe
2915 3329 3139 3394 putant.
3173 3322 3269 3378 Eis
3301 3337 3437 3393 ergo
3470 3325 3612 3376 tunc
3640 3335 3738 3375 cor
3769 3321 3900 3389 ejus

2246 3407 2614 3461 convertetur
2642 3403 2710 3456 ad
2744 3401 2975 3471 Filium,
3007 3418 3140 3458 cum
3166 3402 3278 3474 ipsi
3302 3416 3576 3456 converso
3607 3399 3784 3454 corde
3811 3397 3902 3453 di-

2248 3484 2493 3540 dicerint
2521 3482 2883 3538 dilectionem
2916 3481 3102 3538 Patris
3122 3483 3181 3537 in
3216 3481 3446 3537 Filium.
3468 3480 3630 3544 Quod
3658 3495 3790 3535 vero
3813 3495 3907 3534 se-

2249 3566 2467 3638 quitur,
2490 3573 2542 3620 et
2563 3581 2654 3621 cor
2673 3565 2906 3620 hominis
2927 3565 2996 3620 att
3013 3567 3328 3636 proximum
3348 3579 3534 3630 suum,
3560 3561 3618 3616 id
3641 3568 3750 3627 est,
3777 3577 3910 3615 con-

2246 3645 2774 3703 vertetEliasetcor
2797 3645 3051 3701 hominis
3073 3645 3143 3700 ad
3178 3645 3506 3716 proximum
3531 3657 3708 3698 suum
3737 3656 3751 3706 ;
3773 3641 3909 3711 quid

2250 3727 2459 3784 melius
2488 3726 2855 3798 intelligitur,
2886 3742 3062 3796 quam
3086 3742 3184 3781 cor
3215 3723 3468 3780 hominis
3490 3723 3558 3778 ad
3604 3722 3905 3777 hominem

2249 3807 2588 3864 Christum?
2625 3807 2768 3863 Cum
2792 3807 2946 3862 enim
2980 3807 3132 3862 sitin
3165 3807 3352 3878 forma
3381 3805 3481 3861 Dei
3516 3805 3666 3860 Deus
3687 3806 3905 3868 noster,

2251 3891 2495 3945 formam
2546 3889 2694 3945 servi
2743 3887 3038 3959 accipiens
3085 3902 3207 3942 esse
3259 3886 3536 3957 dignatus
3591 3888 3682 3940 est
3728 3883 3908 3938 etiam

2251 3970 2548 4042 proximus
2580 3972 2795 4024 noster.
2819 3967 2936 4024 Hoc
2965 3982 3100 4039 ergo
3124 3966 3293 4022 faciet
3311 3965 3478 4021 Elias.
3501 3965 3575 4020 Ne
3615 3966 3779 4032 forte,
3822 3961 3913 4017 in-

2253 4050 2397 4122 quit,
2423 4052 2659 4116 veniam,
2690 4053 2743 4104 et
2758 4049 3064 4120 percutiam
3086 4055 3290 4101 terram
3318 4048 3553 4116 penitus.
3570 4044 3748 4100 Terra
3765 4045 3912 4098 sunt

2253 4130 2432 4200 enim,
2464 4132 2694 4186 terrena
2719 4129 2994 4200 sapiunt;
3030 4127 3174 4184 sicut
3203 4127 3388 4183 Judaei
3419 4124 3683 4182 carnales
3716 4138 3908 4194 usque

2253 4229 2409 4268 nunc
2443 4229 2456 4266 :
2489 4228 2555 4267 ex
2584 4227 2699 4282 quo
2729 4210 2866 4266 vitio
2897 4211 3095 4265 contra
3125 4207 3306 4264 Deum
3340 4222 3643 4262 murmura
3673 4203 3776 4260 illa
3806 4219 3908 4258 ve-

2253 4300 2481 4360 nerunt,
2507 4293 2644 4360 Quia
2673 4293 2808 4347 mali
2835 4293 2885 4346 ei
2911 4291 3171 4362 placent;
3199 4293 3275 4360 et,
3313 4289 3486 4344 Vanus
3515 4293 3593 4344 est
3623 4287 3722 4357 qui
3743 4283 3916 4341 servit

2253 4376 2357 4430 Deo
2380 4373 2628 4445 (Malarh.
2663 4391 2726 4441 ιι,
2759 4374 2862 4440 17;
2892 4388 2978 4438 ιιι,
3013 4372 3119 4443 Ui).

2252 4541 2485 4598 CAPUT
2514 4541 2684 4598 XXX.
2723 4571 2792 4582 ——
2823 4539 2977 4610 Quod
3025 4541 3082 4596 in
3113 4539 3272 4595 libris
3325 4537 3525 4594 Veteris
3581 4532 3920 4590 Testamenti

2321 4640 2443 4679 cum
2487 4624 2622 4678 Deus
2652 4623 2852 4692 legitur
2871 4620 3244 4693 judicaturus,
3265 4634 3375 4673 non
3397 4615 3679 4674 evidenter
3708 4613 3920 4669 Christi

2320 4721 2551 4776 persona
2580 4710 2914 4760 monstretur
2934 4719 2954 4757 :
2983 4700 3076 4757 sed
3104 4717 3173 4757 ex
3198 4698 3522 4772 quibusdam
3549 4695 3914 4776 testimoniis,

2322 4774 2416 4842 ubi
2447 4784 2708 4841 Dominus
2766 4787 2901 4841 Deus
2952 4783 3214 4854 loquitur,
3265 4783 3537 4853 appareat
3583 4792 3699 4833 non
3747 4774 3919 4832 dubie

2323 4865 2464 4939 quod
2493 4867 2605 4936 ipse
2633 4867 2705 4921 sit
2747 4863 3017 4920 Christus.

2326 5004 2374 5058 1.
2409 5003 2586 5059 Multa
2605 5000 2716 5058 alia
2747 5005 2888 5058 sunt
2917 5002 3354 5074 Scripturarum
3389 4997 3732 5055 testimonia
3762 4997 3913 5053 divi-

2252 5101 2466 5142 narum
2498 5085 2569 5140 de
2589 5082 2899 5140 novissimo
2923 5081 3304 5154 judiciofDei;
3338 5097 3466 5154 qua
3489 5080 3540 5136 si
3564 5079 3766 5137 omnia
3792 5077 3914 5134 eol-

2257 5165 2454 5237 ligam,
2498 5163 2672 5220 nimis
2721 5163 2956 5234 longum
2990 5163 3118 5219 erit.
3159 5161 3311 5218 Satis
3348 5176 3484 5233 ergo
3514 5159 3612 5225 sit,
3667 5157 3822 5230 quod
3853 5163 3915 5216 et

2319 5428 2524 5497 ἓὲίξὶιίο
2555 5427 2673 5497 qui:
2703 5427 2887 5497 91“???
2913 5427 3055 5497 Μεεςρ
3088 5424 3288 5497 αξιίαο.
3345 5485 3361 5497 .
3454 5486 3466 5497 .
3532 5485 3591 5497 ,.,
3650 5484 3663 5497 .

2316 5492 2338 5559 ἓ
2371 5484 2533 5559 Editi,
2559 5484 2785 5559 scriptis
2831 5484 3220 5559 dissentientes.
3273 5485 3502 5559 habent,
3525 5484 3788 5559 Christus
3815 5496 3830 5534 :
3860 5484 3920 5533 et

2252 5555 2395 5606 intra
2423 5557 2558 5618 post,
2593 5552 2810 5606 Christo
2839 5561 3047 5614 nostra,
3077 5553 3153 5604 sic
3179 5552 3596 5618 propequpptur,
3624 5552 3767 5618 grite
3802 5560 3920 5595 non

2254 5610 2451 5678 putant
2505 5610 2633 5666 eum
2674 5617 2850 5666 Deum
2879 5630 3008 5676 esse,
3034 5610 3215 5678 'nequ'e
3254 5610 3372 5664 Desr
3385 5610 3748 5662 FiliumLEis
3763 5622 3920 5672 ergo,

2258 5682 2355 5729 etc.

2322 5741 2396 5806 (α)
2431 5742 2594 5792 Juxta
2619 5742 2918 5806 Vulgatam.
