4134 6198
282 347 402 409 705

281 481 447 538 novis
474 485 531 539 et
560 479 855 540 veteribus
888 477 1110 536 Litteris
1133 477 1317 534 sacris
1340 477 1448 534 hoc
1472 479 1930 549 praenuntiatum

279 578 404 619 esse
435 561 825 632 probavimus.
859 560 969 616 Sed
1003 558 1292 615 veteribus
1320 575 1420 630 per
1444 559 1741 616 Christum
1775 561 1936 616 t'utu-

278 659 408 699 rum
441 658 567 698 esse
602 640 918 713 judicium,
950 639 1007 694 id
1053 642 1162 706 est,
1207 639 1470 709 judicem
1523 640 1817 696 Christum
1867 641 1937 696 de

281 722 424 780 coelo
452 738 580 778 esse
610 726 942 789 venturum,
967 735 1081 775 non
1111 723 1251 784 tam,
1287 735 1463 790 quam
1488 720 1674 788 novis,
1699 720 1936 775 eviden-

276 810 368 863 ter
397 818 738 877 expressum
767 805 859 856 est
897 815 912 855 :
961 803 1261 872 prepterea
1321 799 1462 872 quia
1492 816 1624 854 cum
1658 799 1736 854 ibi
1795 799 1939 854 dicit

280 889 569 947 Dominus
622 883 772 938 Deus
822 896 884 935 se
933 895 1059 935 esse
1105 884 1436 944 venturum,
1489 879 1578 935 vel
1625 879 1936 936 Dominum

284 972 466 1027 Deum
497 963 698 1020 dicitur
729 976 858 1017 esse
884 965 1218 1027 venturum,
1253 975 1367 1015 non
1391 965 1819 1032 consequenter
1849 959 1938 1015 in-

281 1049 567 1120 telligitur
587 1043 874 1101 Christus.
899 1041 1186 1096 Dominus
1212 1041 1368 1096 enim
1395 1042 1546 1097 Deus
1567 1046 1624 1097 et
1647 1041 1812 1096 Pater
1833 1045 1936 1101 est.

284 1137 340 1189 et
370 1129 572 1196 Filius,
604 1129 662 1180 et
685 1121 936 1195 Spiritus
969 1127 1207 1177 sanctus
1232 1139 1244 1176 :
1280 1137 1469 1193 neque
1491 1123 1596 1177 hoc
1617 1127 1813 1178 tamen
1846 1121 1938 1177 in-

286 1218 562 1268 testatum
593 1205 922 1276 relinquere
957 1219 1064 1258 nos
1095 1207 1340 1274 oportet.
1376 1203 1567 1258 Primo
1605 1203 1802 1274 itaque
1840 1203 1940 1257 de-

291 1286 745 1348 monstrandum
777 1287 884 1349 est,
934 1282 1426 1352 quemadmodum
1456 1282 1628 1338 Jesus
1677 1281 1939 1338 Christus

287 1377 569 1444 tanquam
617 1363 901 1444 Dominus
951 1361 1104 1444 Deus
1138 1361 1422 1444 loquatur
1465 1362 1524 1417 in
1583 1362 1941 1434 propheticis

288 1452 477 1520 libris,
509 1454 566 1506 et
587 1453 782 1503 tamen
813 1443 982 1499 Jesus
1013 1443 1280 1500 Christus
1310 1444 1604 1500 evidenter
1633 1448 1937 1516 appareat:

287 1539 353 1591 ut
381 1539 439 1589 et
469 1530 699 1603 quando
730 1525 814 1582 sic
843 1541 959 1580 non
984 1529 1243 1596 apparet,
1277 1530 1333 1580 et
1362 1533 1554 1582 tamen
1578 1527 1648 1582 ad
1675 1526 1816 1581 illud
1850 1525 1940 1581 ul-

288 1616 492 1671 timum
515 1609 807 1681 judicium
839 1605 1121 1661 Dominus
1154 1605 1307 1661 Deus
1337 1607 1550 1662 dicitur
1577 1623 1706 1662 esse
1735 1611 1940 1662 ventu-

289 1711 408 1760 rus,
442 1691 626 1764 possit
654 1689 828 1744 Jesus
859 1685 1125 1740 Christus
1166 1685 1432 1757 intelligi.
1471 1687 1566 1742 Est
1598 1687 1760 1742 locus
1783 1686 1938 1757 apud

287 1775 494 1833 Isaiam
525 1771 885 1845 prOphetam,
921 1766 1018 1836 qui
1049 1765 1156 1820 hoc
1188 1767 1346 1838 quod
1369 1768 1494 1822 dico
1531 1768 1823 1823 evidenter
1842 1784 1940 1823 os-

283 1855 493 1913 tendit.
525 1853 680 1909 Deus
710 1848 863 1904 enim
899 1863 999 1918 per
1033 1847 1399 1917 prophetam,
1435 1847 1576 1903 Audi
1594 1864 1699 1912 me,
1727 1848 1940 1919 inquit,

285 1936 444 1994 Jacob
478 1940 527 1991 et
557 1931 728 1989 Israel
749 1945 908 2001 quem
926 1942 1022 1996 ego
1053 1943 1196 1985 voco.
1221 1930 1331 1997 Ego
1353 1945 1477 1984 sum
1502 1932 1730 2000 primus,
1755 1936 1809 1985 et
1837 1944 1942 2001 ego

288 2020 350 2075 in
403 2019 798 2088 sempiternum
819 2027 838 2065 :
869 2016 923 2064 et
953 2026 1148 2066 manus
1178 2027 1300 2065 mea
1327 2011 1579 2077 fundavit
1627 2016 1859 2075 terram,
1894 2013 1944 2064 et

289 2099 518 2156 dextera
548 2113 670 2152 mea
712 2093 960 2164 ﬁrmavit
985 2092 1200 2148 caelum.
1239 2093 1447 2148 Vocabo
1494 2107 1600 2158 eos,
1633 2098 1688 2145 et
1719 2092 1945 2145 stabunt

291 2181 476 2246 simul,
507 2184 560 2234 et
587 2171 1071 2243 congregabantur
1100 2188 1307 2239 omnes,
1338 2171 1656 2226 etaudient.
1702 2171 1830 2238 Quis
1867 2172 1945 2224 eis

292 2259 574 2318 nuntiavit
615 2257 818 2314 hwc‘?
847 2251 1089 2321 Diligens
1140 2259 1211 2322 te,
1256 2253 1362 2324 feci
1390 2251 1732 2306 voluntatem
1791 2257 1944 2304 tuam

292 2358 455 2414 super
475 2341 828 2412 Babylonem,
860 2343 918 2393 ut
940 2336 1219 2404 auferrem
1242 2348 1422 2386 semen
1457 2332 1853 2386 Chaldaeorum.
1878 2332 1944 2385 Et

295 2428 508 2482 locutus
542 2439 683 2491 sum,
709 2429 762 2478 et
790 2437 884 2493 ego
903 2421 1121 2476 vocavi:
1143 2415 1359 2470 adduxi
1376 2431 1519 2478 eum,
1552 2422 1601 2469 et
1630 2428 1944 2493 prosperam

289 2508 396 2576 feci
423 2507 569 2560 viam
599 2503 733 2573 ejus.
768 2491 1013 2556 Accedite
1040 2497 1112 2552 ad
1142 2511 1249 2559 me,
1281 2503 1329 2550 et
1369 2493 1554 2547 audite
1584 2493 1714 2576 haec.
1739 2491 1880 2576 Altion
1911 2502 1944 2540 a

288 2572 559 2658 principio
592 2572 644 2638 in
677 2581 983 2637 abscondito
1014 2579 1220 2633 locutus
1251 2591 1372 2629 sum
1417 2592 1434 2628 :
1473 2575 1690 2644 quando
1716 2572 1941 2658 fiebant,

288 2653 369 2723 ibi
395 2653 569 2722 eram.
597 2665 661 2718 Et
689 2678 836 2717 nunc
869 2663 1129 2716 Dominus
1157 2659 1296 2713 Deus
1327 2658 1478 2710 misit
1501 2670 1602 2721 me,
1627 2661 1680 2709 et
1706 2653 1944 2716 Spiritus

286 2749 405 2818 ejus
438 2745 586 2818 (Isai.
615 2760 810 2812 XLVIII,
847 2742 1052 2811 12-16).
1083 2738 1304 2808 Nempe
1326 2737 1449 2806 ipse
1473 2733 1942 2818 est,qui__loque-

289 2815 466 2882 batur
493 2825 640 2880 sicut
669 2824 952 2878 Dominus
998 2827 1145 2878 Deus
1179 2836 1191 2874 :
1228 2835 1331 2873 nec
1362 2823 1555 2872 tamen
1590 2815 1943 2886 intelligere-

288 2911 390 2962 tur
419 2906 592 2961 Jesus
631 2903 918 2972 Christus,
952 2902 1064 2956 nisi
1097 2899 1441 2965 addidisset,
1471 2899 1534 2951 Et
1565 2912 1712 2951 nunc
1754 2893 1946 2950 Domi-

290 3004 397 3044 nus
427 2988 561 3042 Deus
590 2987 736 3040 misit
768 3001 867 3053 me,
917 2989 971 3039 et
1018 2982 1252 3051 Spiritus
1281 2981 1416 3048 ejus.
1455 2979 1567 3032 lloc
1617 2977 1771 3032 enim
1803 2975 1946 3030 dixit

294 3068 618 3125 secundum
654 3065 898 3119 formam
931 3062 1103 3127 servi,
1137 3061 1208 3115 de
1239 3076 1298 3114 re
1323 3061 1515 3112 futura
1544 3060 1715 3112 utens
1741 3059 1942 3127 priete-

298 3149 392 3204 riti
420 3145 700 3217 temporis
728 3144 901 3199 verbo
927 3159 939 3197 :
975 3139 1471 3214 quemadmodum
1496 3137 1652 3208 apud
1672 3137 1944 3192 eumdem

300 3228 639 3301 prophetam
672 3225 903 3296 legitur,
934 3224 1086 3278 Sicut
1116 3223 1228 3277 oris
1257 3221 1336 3275 at!
1366 3219 1767 3301 immolandum
1816 3217 1948 3271 duc-

302 3299 388 3365 tus
413 3299 494 3365 est
523 3306 622 3378 (Id.
655 3307 840 3374 Lm,7,
861 3320 964 3360 sec.
992 3303 1172 3373 LXX).
1198 3305 1320 3356 Non
1352 3299 1508 3355 enim
1532 3299 1631 3364 ait,
1655 3302 1944 3352 Ducetur:

303 3391 400 3446 sed
435 3377 541 3461 pro
565 3403 632 3444 eo
664 3386 818 3458 quod
855 3384 1115 3439 futurum
1172 3384 1318 3443 erat,
1367 3377 1948 3461 prieterititemporis

301 3457 543 3526 verbum
593 3457 804 3541 posuit.
854 3465 925 3521 Et
973 3464 1208 3520 assidue
1239 3459 1586 3534 prophetia'
1616 3459 1700 3513 sic
1759 3457 1947 3527 loqui-

306 3555 421 3608 tur.

373 3642 428 3695 2.
463 3639 559 3695 Est
607 3640 666 3694 et
693 3636 843 3693 alius
874 3635 1032 3692 locus
1082 3630 1234 3704 apud
1282 3627 1642 3696 Zachariam,
1691 3625 1792 3698 qui
1840 3626 1950 3682 hoc

303 3721 602 3779 evidenter
631 3717 905 3784 ostendit,
937 3714 1088 3785 quod
1141 3709 1598 3780 omnipotentem
1641 3707 1800 3762 misit
1828 3723 1952 3761 om-

304 3802 614 3873 nipotens:
649 3798 779 3868 quis
828 3811 1015 3868 quem,
1067 3792 1182 3848 nisi
1233 3791 1406 3873 Deus__
1427 3793 1596 3873 Pater
1616 3791 1806 3873 Deum
1833 3788 1951 3873 ,1η-

299 3867 447 3936 litim
471 3880 497 3934 ’ἶ
544 3867 689 3934 Nam
739 3876 822 3932 ita
846 3867 1153 3943 scriptum
1202 3874 1325 3925 est:
1360 3869 1484 3923 Haec
1519 3867 1648 3922 dicit
1689 3868 1951 3920 Dominus

298 3961 656 4030 omnipotens,
689 3957 820 4010 Post
850 3951 1093 4026 gloriam
1113 3949 1264 4036 misit
1290 3965 1375 4036 me
1403 3962 1568 4036 super
1593 3951 1809 4036 gentes,
1827 3959 1954 4036 qua.

297 4027 670 4112 spoliaverunt
711 4051 838 4097 vos;
881 4034 1019 4104 quin
1063 4027 1467 4112 quiﬁtetigerit
1494 4042 1604 4112 vos,
1652 4027 1809 4096 quasi
1855 4027 1952 4096 qui

300 4108 476 4191 tangit
503 4117 777 4191 pupillam
800 4114 941 4170 oculi
975 4115 1114 4182 ejus.
1146 4111 1420 4196 Ecce-ego
1441 4108 1688 4196 inferam
1725 4121 1954 4196 manum

298 4187 702 4270 meam'super
743 4211 850 4263 eos,
887 4203 937 4250 et
986 4198 1147 4249 erunt
1189 4189 1364 4260 spolia
1395 4187 1479 4273 his
1510 4187 1608 4273 qui
1647 4187 1954 4273 servierant

298 4281 412 4346 eis;
441 4283 494 4336 et
521 4267 850 4349 cognoscetis
867 4273 996 4346 quia
1017 4271 1285 4328 Dominus
1313 4268 1654 4349 omnipotens
1685 4267 1840 4320 misit
1870 4279 1957 4320 me

299 4361 485 4431 (Zach.
511 4347 638 4426 u,'8
663 4365 714 4414 et
741 4357 819 4428 9).
844 4357 984 4411 Ecce
1008 4351 1146 4409 dicit
1186 4348 1471 4407 Dominus
1501 4347 1892 4431 omnipotens,
1921 4361 1956 4431 a

302 4426 548 4498 Domino
572 4426 972 4509 omnipotente
1021 4448 1083 4489 se
1127 4432 1400 4488 missum.
1435 4428 1584 4509 Quis
1619 4427 1712 4482 hic
1745 4426 1958 4509 audeat

302 4522 627 4595 intelligere
659 4507 774 4574 nisi
805 4516 1100 4573 Christum
1128 4511 1483 4595 loquentem,
1511 4508 1732 4595 scilicet
1752 4507 1956 4595 ogibus

304 4620 434 4677 qua
465 4587 758 4674 perierant
783 4599 993 4677 domus
1017 4594 1242 4677 Israel?
1271 4591 1365 4677 Ait
1396 4605 1646 4659 namque
1687 4587 1746 4642 in
1777 4588 1957 4677 livent

301 4668 485 4757 gelio;
511 4683 630 4738 Non
657 4697 780 4737 sum
824 4676 1049 4744 missus,
1093 4674 1211 4729 nisi
1255 4671 1324 4726 ad
1367 4686 1485 4757 oves
1515 4686 1642 4757 quae
1668 4668 1957 4757 perierunt

301 4748 499 4820 domus
529 4760 708 4819 Israel
736 4758 948 4831 (Matth.
993 4773 1082 4824 xv,
1114 4755 1246 4826 24):
1279 4768 1427 4822 quas
1473 4751 1563 4805 hic
1598 4748 1958 4831 comparavit

301 4843 532 4917 pupillae
555 4841 707 4899 oculi
740 4828 863 4908 Dei,
914 4842 1145 4909 propter
1191 4831 1745 4917 excellentissimum
1777 4828 1955 4917 dilec:

300 4907 482 4981 tionis
514 4923 786 4980 atfectum
809 4938 823 4989 ;
850 4907 944 4975 ea
989 4907 1102 4990 quo
1151 4929 1362 4988 genere
1406 4911 1602 4968 ovium
1634 4909 1815 4990 etiam
1843 4907 1958 4990 ipsi

301 5003 560 5077 Apostoli
595 5003 848 5060 fuerunt.
881 4988 1022 5056 Sed‘
1044 5002 1174 5069 post
1220 4993 1468 5080 gloriam
1491 4988 1955 5080 resurrectionis

305 5070 508 5159 utique
545 5100 688 5155 suae,
719 5099 846 5156 qua:
891 5087 1202 5151 antequam
1236 5077 1417 5143 fieret,
1453 5073 1535 5130 ait
1576 5070 1954 5143 evangelista,

371 5389 389 5425 ί
425 5386 511 5438 Sic
558 5387 712 5438 Vind.
766 5385 882 5434 Am.
913 5383 1000 5447 Er.
1044 5383 1198 5447 juxta
1226 5389 1470 5447 graecum
1499 5371 1960 5447 Septuaginta:_At

306 5434 1182 5510 ΙιονξὸαίῗᾶηηαηεὶαρίιἸιαερ
1208 5434 1471 5502 ;ὀωὶεεο,
1505 5434 1585 5487 eis
1616 5451 1630 5497 ;
1665 5435 1818 5498 cuius
1843 5434 1959 5483 loco

306 5507 861 5578 manilscripti_plures
887 5509 1088 5578 habent
1115 5507 1182 5556 ei.
1199 5568 1236 5578 κ

367 5575 391 5609 ²
423 5562 520 5624 Ενί
565 5562 619 5624 et
663 5562 813 5637 IIov.,
853 5572 1140 5637 propheta.
1199 5567 1339 5618 Editi
1386 5579 1510 5617 vero
1556 5562 1650 5613 alii
1695 5562 1748 5613 et
1775 5571 1961 5610 manu-

309 5638 512 5702 scripti,
538 5636 853 5699 prophetia.

1651 347 1883 408 LIBER
1924 347 2374 411 VIGESIMIIS.

3578 365 3700 424 706

2037 483 2194 537 Jesus
2222 482 2461 538 nondum
2490 488 2608 540 erat
2629 485 3192 559 gloriﬁcatus‘aoan.
3227 507 3324 558 vu,
3354 492 3444 564 39)
3473 511 3486 562 ;
3519 493 3693 552 etiam

2044 576 2223 633 Super
2250 568 2448 634 gentes
2496 563 2711 621 missus
2751 572 2840 622 est
2870 568 2927 622 in
2975 569 3266 640 Apostolis
3316 563 3476 628 suis:
3509 592 3572 629 ac
3603 575 3686 630 sic

2043 641 2349 713 impletum
2384 648 2473 699 est
2501 646 2652 715 quod
2688 646 2743 700 in
2777 647 3007 704 Psalmo
3049 649 3282 721 legitur,
3315 653 3488 707 Erues
3520 671 3605 710 me
3627 657 3696 711 de

2041 723 2578 805 contradictionibus
2607 727 2817 796 populi,
2851 729 3143 786 constitues
3174 747 3258 786 me
3288 733 3346 786 in
3377 738 3537 804 caput
3565 752 3696 805 gen-

2041 804 2180 894 tium
2202 805 2374 873 (Psal.
2408 807 2709 894 avratis):
2746 813 2809 863 ut
2840 809 2937 894 qui
2959 809 3352 894 spoliaverunt
3383 815 3698 894 Israelitas,

2045 883 2373 965 quibusque
2405 887 2674 942 Israelita:
2707 891 3050 958 servierant,
3085 893 3320 961 quando
3352 899 3487 949 sunt
3518 883 3701 965 genti:

2044 961 2154 1016 bus
2187 965 2431 1033 subditi,
2467 982 2578 1020 non
2627 967 2879 1023 vicissim
2939 971 3139 1025 eodem
3177 972 3349 1027 modo
3382 961 3702 1041 spoliaren-

2045 1046 2158 1110 tur,
2192 1044 2290 1098 sed
2321 1044 2430 1115 ipsi
2463 1046 2644 1116 spolia
2677 1047 2884 1102 ﬁerent
2912 1049 3328 1106 Israelitarum.
3383 1052 3498 1108 Hoc
3539 1054 3696 1109 enim

2042 1123 2333 1194 Apostolis
2366 1127 2727 1198 promiserat,
2762 1129 2983 1197 dicens,
3015 1129 3237 1185 Faciam
3288 1147 3377 1187 vos
3405 1133 3700 1203 piscatores

2047 1203 2336 1285 hominum
2354 1205 2566 1274 (Matth.
2601 1224 2681 1276 ιν,
2717 1208 2822 1276 19).
2857 1208 2926 1263 Et
2957 1209 3054 1263 uni
3082 1225 3305 1280 eorum,
3339 1213 3420 1268 Ex
3439 1215 3536 1268 hoc
3555 1215 3699 1285 jam,

2045 1281 2256 1365 inquit,
2317 1284 2562 1341 homines
2623 1289 2734 1342 eris
2781 1290 3005 1358 capiens
3052 1290 3203 1361 (Luc.
3254 1307 3309 1358 v,
3345 1293 3453 1363 10).
3502 1281 3701 1365 spolia

2047 1379 2182 1446 ergo
2215 1364 2456 1446 tierent2
2485 1368 2580 1422 sed
2614 1368 2672 1423 in
2707 1369 2946 1440 bonum,
2999 1374 3282 1441 tanquam
3336 1376 3532 1446 erepta
3549 1364 3700 1429 vasa

2046 1443 2142 1527 illi
2163 1445 2314 1527 forti,
2347 1447 2445 1502 sed
2477 1448 2685 1504 fortius
2716 1449 2948 1521 alligato
2977 1451 3186 1523 (Matth.
3221 1470 3323 1522 χιι,
3352 1443 3465 1527 ελςή.

2116 1523 2169 1578 3.
2207 1525 2351 1579 Item
2402 1542 2501 1596 per
2549 1531 2817 1584 eumdem
2871 1531 3211 1602 prophetam
3274 1523 3556 1592 Dominus
3605 1534 3698 1592 lo-

2047 1620 2254 1675 quens.
2287 1607 2347 1659 Et
2369 1610 2496 1675 erit,
2531 1608 2742 1679 inquit,
2791 1612 2847 1664 in
2887 1611 2978 1666 die
3023 1613 3147 1678 illa,
3198 1629 3448 1685 quaram
3480 1620 3703 1687 auferre

2046 1700 2230 1768 omnes
2259 1696 2444 1754 gentes
2475 1705 2592 1759 qua:
2622 1689 2851 1744 veniunt
2877 1697 3071 1746 contra
3098 1693 3424 1764 Jerusalem,
3457 1701 3506 1751 et
3535 1698 3705 1768 eﬂun-

2044 1763 2170 1820 dam
2199 1783 2364 1836 super
2392 1768 2616 1824 domum
2637 1771 2830 1839 David,
2861 1777 3094 1842 etsuper
3124 1773 3454 1830 habitatores
3483 1763 3705 1831 Jerusa—

2045 1847 2151 1902 lem
2175 1846 2445 1918 Spiritum
2470 1852 2667 1918 gratia:
2697 1860 2751 1906 et
2794 1851 3236 1920 misericordia,-
3266 1861 3316 1910 et
3338 1857 3603 1926 aspicient
3634 1857 3704 1912 ad

2047 1943 2155 1994 me,
2192 1943 2291 1997 pro
2334 1944 2392 1984 eo
2439 1929 2578 2001 quod
2627 1931 3072 1994 insultaverunt;
3122 1938 3171 1988 et
3221 1935 3488 2004 plangant
3541 1953 3706 2006 super

2044 2023 2168 2063 eum
2201 2010 2481 2079 planctum
2524 2014 2684 2081 quasi
2727 2028 2894 2080 super
2941 2015 3328 2068 charissimam
3356 2024 3405 2070 et
3445 2015 3705 2072 dolebant

2044 2089 2232 2144 dolore
2283 2089 2445 2159 quasi
2499 2107 2663 2160 super
2718 2092 3064 2161 unigenitum
3125 2095 3312 2164 (Zach.
3371 2112 3472 2160 xu,
3504 2096 3702 2166 9,10).

2048 2167 2339 2238 Numquid
2376 2169 2487 2224 nisi
2521 2169 2620 2224 Dei
2653 2175 2742 2224 est
2774 2173 2996 2226 auferre
3044 2188 3246 2228 omnes
3278 2178 3478 2243 gentes
3501 2173 3702 2228 inimi-

2049 2264 2142 2303 cas
2173 2253 2381 2304 sanctae
2415 2249 2660 2304 civitatis
2688 2250 3043 2319 Jerusalem,
3079 2269 3207 2323 qua:
3250 2255 3475 2308 veniunt
3512 2258 3704 2308 contra

2048 2345 2199 2394 eam,
2232 2329 2285 2384 id
2318 2333 2424 2398 est,
2459 2333 2761 2387 contrariae
2806 2337 2949 2388 sunt
2994 2333 3067 2399 ci,
3102 2332 3209 2400 vel,
3261 2333 3406 2388 sicut
3435 2333 3532 2388 alii
3566 2337 3707 2388 sunt

2049 2410 2432 2479 interpretati,
2469 2414 2692 2466 veniunt
2731 2429 2895 2482 super
2927 2429 3070 2480 eam,
3100 2413 3158 2468 id
3205 2424 3311 2483 est,
3345 2419 3408 2469 ut
3437 2431 3561 2470 eam
3595 2407 3706 2469 sibi

2048 2489 2406 2559 subjiciunt:
2441 2496 2542 2545 aut
2572 2508 2748 2563 super
2797 2493 3033 2548 domum
3080 2493 3258 2548 David
3293 2493 3609 2560 etI‘undere,
3654 2490 3708 2550 et

2050 2585 2225 2640 super
2254 2569 2609 2626 habitatores
2660 2573 2924 2642 ejusdem
2976 2574 3228 2628 civitatis
3259 2573 3545 2644 Spiritum
3569 2591 3706 2643 gra-

2052 2650 2141 2704 tiae
2173 2657 2227 2704 et
2260 2650 2700 2706 misericordias?
2725 2653 2837 2707 [loc
2870 2653 3072 2723 utique
3112 2653 3212 2708 Dei
3245 2659 3353 2719 est,
3385 2663 3438 2709 et
3471 2670 3538 2708 ex
3573 2671 3706 2725 per-

2051 2745 2195 2783 sona
2244 2729 2342 2785 Dei
2392 2730 2608 2787 dicitur
2657 2749 2754 2802 per
2803 2733 3184 2804 PrOphetam:
3233 2738 3288 2788 et
3319 2738 3515 2789 tamen
3549 2735 3703 2790 hunc

2051 2809 2229 2864 Deum
2284 2810 2402 2865 haec
2451 2815 2568 2866 tam
2616 2829 2829 2883 magna
2877 2820 2934 2868 et
2981 2821 3098 2868 tam
3148 2814 3343 2870 divina
3393 2816 3700 2870 facientem

2051 2904 2176 2944 sese
2206 2889 2470 2946 Christus
2514 2893 2790 2960 ostendit,
2823 2891 3196 2964 adjungendo
3229 2897 3398 2962 atque
3433 2895 3701 2961 dicendo,

2056 2972 2121 3024 Et
2151 2971 2420 3041 aspicient
2477 2971 2548 3026 ad
2600 2988 2704 3040 me,
2732 2989 2829 3043 pro
2877 2989 2943 3029 eo
2990 2972 3131 3044 quod
3179 2974 3624 3035 insultaverunt;
3655 2982 3707 3029 et

2046 3051 2319 3122 plangant
2347 3067 2512 3120 super
2556 3067 2680 3107 eum
2727 3053 3012 3124 planctum
3043 3056 3201 3124 quasi
3241 3070 3404 3126 super
3449 3055 3708 3110 charissi-

2052 3148 2203 3186 mum
2232 3132 2394 3201 (sive,
2425 3133 2729 3204 dilectum),
2760 3144 2809 3189 et
2851 3134 3106 3190 dolebant
3134 3135 3316 3190 dolore
3357 3137 3518 3207 quasi
3543 3150 3708 3208 super

2055 3213 2428 3281 unigenitum.
2478 3213 2783 3270 Pmnitebit
2831 3216 3043 3286 quippe
3090 3215 3148 3268 in
3181 3214 3270 3270 die
3319 3215 3418 3271 illa
3447 3218 3701 3283 Judaeos,

2053 3294 2228 3348 etiam
2261 3310 2358 3348 eos
2383 3295 2482 3364 qui
2513 3296 2808 3366 accepturi
2831 3304 2967 3351 sunt
2997 3296 3266 3365 Spiritum
3296 3298 3496 3367 gratiis
3522 3302 3580 3353 et
3609 3295 3710 3352 mi-

2055 3375 2403 3442 sericordiae,
2464 3376 2615 3445 quod
2676 3375 2735 3429 in
2791 3378 2920 3444 ejus
2971 3379 3238 3446 passione
3289 3377 3707 3433 iusultaverint

2054 3455 2304 3520 Christo,
2343 3471 2473 3508 cum
2506 3455 2574 3508 ad
2610 3470 2744 3509 eum
2775 3455 3147 3526 adspexerint
3177 3457 3232 3510 in
3268 3474 3374 3512 sua
3406 3459 3709 3528 majestate

2055 3533 2405 3600 venientem,
2456 3549 2708 3604 eumque
2756 3549 2881 3590 esse
2920 3535 3315 3606 cognoverint,
3340 3552 3507 3606 quem
3543 3537 3706 3607 prius

2057 3613 2342 3670 humilem
2394 3617 2447 3668 in
2492 3615 2610 3669 suis
2659 3615 3002 3685 parentibus
3049 3614 3400 3672 illuserunt:
3445 3619 3709 3687 quamvis

2058 3705 2114 3754 et
2146 3695 2255 3768 ipsi
2287 3701 2544 3765 parentes
2573 3711 2774 3750 eorum
2808 3699 2982 3751 tanta
3031 3694 3189 3751 illius
3220 3698 3537 3767 impietatis
3569 3715 3710 3753 auc-

2057 3783 2210 3833 tores
2244 3779 2612 3845 resurgentes
2633 3775 2915 3829 videbunt
2944 3791 3098 3843 eum,
3125 3776 3223 3830 sed
3260 3776 3536 3847 puniendi
3562 3777 3708 3852 jam,

2056 3875 2171 3914 non
2221 3855 2413 3910 adhuc
2463 3854 2807 3926 corrigendi.
2856 3855 2980 3910 Non
3032 3855 3229 3926 itaque
3279 3857 3383 3911 hoc
3434 3855 3556 3913 loco
3596 3857 3710 3928 ipsi

2056 3935 2418 4005 intelligendi
2440 3939 2597 4004 sunt,
2631 3935 2728 3990 ubi
2761 3935 2982 3990 dictum
3013 3939 3121 4002 est,
3155 3937 3217 3990 Et
3241 3935 3519 4008 cﬂundam
3549 3953 3713 4007 super

2057 4017 2277 4072 domum
2305 4013 2478 4069 David
2507 4023 2559 4069 et
2603 4031 2768 4086 super
2813 4014 3147 4070 habitatores
3187 4015 3489 4070 Jerusalem
3535 4016 3716 4086 Spiri-

2058 4105 2174 4154 tum
2205 4097 2401 4165 gratiac
2430 4099 2482 4150 et
2511 4094 2948 4160 misericordiae;
2997 4099 3047 4150 et
3076 4096 3341 4166 aspicient
3369 4096 3446 4149 ad
3473 4112 3581 4162 me,
3614 4112 3713 4166 pro

2058 4193 2117 4234 eo
2148 4175 2286 4248 quod
2311 4175 2716 4230 insultaverunt
2737 4192 2756 4228 :
2789 4177 2887 4229 sed
2938 4181 3132 4230 tamen
3165 4177 3235 4230 de
3267 4175 3498 4230 illorum
3531 4176 3714 4248 stirpe

2058 4257 2414 4321 venientes“,
2446 4255 2544 4326 qui
2577 4270 2678 4326 per
2706 4255 2891 4310 Etiam
2940 4254 3042 4309 illo
3073 4259 3332 4326 tempore
3362 4265 3496 4311 sunt
3528 4257 3712 4311 credi-

2060 4337 2201 4393 turi.
2259 4335 2369 4392 Sed
2422 4336 2570 4391 sicut
2639 4334 2890 4391 dicimus
2941 4334 3183 4402 Judaeis,
3245 4337 3356 4392 Vos
3414 4335 3712 4392 occidistis

2059 4417 2383 4484 Christum,
2428 4415 2696 4487 quamvis
2735 4415 2841 4472 hoc
2887 4419 3157 4488 parentes
3197 4431 3398 4472 eorum
3433 4416 3711 4473 fecerint:

2062 4498 2148 4554 sic
2178 4501 2235 4552 et
2263 4497 2362 4552 isti
2393 4512 2455 4550 se
2503 4494 2784 4552 dolebunt
2831 4495 3038 4552 fecisse
3069 4497 3526 4568 quodammodo,
3559 4497 3716 4569 quod

2063 4579 2325 4634 fecerunt
2355 4576 2460 4644 illi,
2493 4593 2561 4632 ex
2593 4593 2844 4648 quorum
2880 4578 3062 4648 stirpe
3090 4577 3472 4633 descendunt.
3505 4581 3721 4643 Quam-

2060 4660 2146 4716 vis
2176 4675 2310 4730 ergo
2342 4663 2574 4730 accepto
2606 4659 2827 4730 Spiritu
2859 4659 3058 4730 gratiis
3083 4663 3138 4714 et
3161 4658 3564 4713 misericordiae
3586 4661 3714 4727 jam

2063 4740 2261 4796 fideles
2293 4756 2408 4795 non
2457 4739 2896 4794 damnabuntur
2946 4754 3081 4793 cum
3129 4737 3326 4807 impiis
3377 4738 3715 4808 parentibus

2063 4823 2186 4878 suis
2216 4840 2231 4890 ;
2264 4820 2545 4876 dolebunt
2574 4824 2770 4873 tamen
2800 4823 3083 4888 tanquam
3129 4817 3238 4887 ipsi
3273 4816 3529 4883 fecerint,
3559 4818 3712 4886 quod

2062 4899 2133 4955 ab
2163 4899 2280 4953 illis
2310 4897 2524 4952 factum
2559 4901 2665 4951 est.
2717 4900 2844 4951 Non
2877 4897 3052 4966 igitur
3082 4893 3364 4948 dolebunt
3403 4899 3566 4948 reatu
3598 4894 3716 4948 cri-

2062 4978 2260 5045 minis,
2294 4977 2393 5032 sed
2429 4976 2659 5047 pietatis
2690 4976 2920 5031 affectu.
2954 4974 3105 5028 Sane
3137 4973 3236 5028 ubi
3267 4972 3535 5028 dixerunt
3567 4973 3715 5045 Sep-

2061 5057 2718 5130 tuagiutainterpreles,
2751 5057 2812 5112 Et
2831 5057 3106 5129 aspicient
3134 5053 3205 5110 ad
3222 5070 3324 5124 me,
3355 5069 3453 5126 pro
3483 5069 3547 5110 eo
3576 5053 3719 5126 quod

2132 5375 2146 5409 1
2208 5371 2287 5420 Ita
2337 5371 2461 5419 Mss.
2508 5369 2648 5418 Editi
2688 5381 2833 5425 vero.
2890 5367 2973 5418 ait
3027 5367 3396 5430 Evangeiista
3452 5365 3718 5430 Joannes,

2068 5434 2327 5506 Nanctum
2345 5441 2463 5481 erat
2486 5432 2736 5494 Spiritus
2757 5431 2942 5491 datus,
2972 5430 3108 5495 quia
3134 5428 3299 5480 Jesus
3320 5428 3572 5478 nondum
3600 5437 3723 5476 erat

2063 5496 2436 5558 gloriﬁcatus.

2131 5559 2153 5592 9
2184 5558 2270 5606 Sic
2303 5558 2455 5606 Vind.
2488 5559 2538 5606 et
2571 5557 2692 5606 Mss.
2724 5557 2792 5604 At
2823 5557 2938 5604 Am.
2973 5556 3055 5606 Er.
3093 5557 3144 5607 et
3172 5556 3318 5617 Lov.,
3347 5556 3500 5618 fient.

2129 5622 2152 5686 ὃ
2182 5620 2308 5672 Sola
2334 5621 2498 5672 editio
2526 5621 2674 5683 Lov.,
2707 5619 2943 5670 venient.
