4146 6198
438 365 552 427 7οἸ

441 482 881 560 insultaverunt;
913 493 997 550 sic
1036 491 1481 562 interpretatum
1513 493 1602 546 est
1646 505 1713 544 ex
1742 489 2000 556 Hebraeo,
2031 491 2097 552 Et

443 585 712 655 aspicient
743 578 812 632 ad
862 590 969 643 me,
1002 589 1160 655 quem
1192 570 1532 640 conﬁxerunt
1560 571 1658 641 (a).
1703 569 1822 655 Quo
1854 570 2092 655 quidem

444 650 615 720 verbo
648 657 972 716 evidentius
1017 654 1286 708 Christus
1339 656 1572 721 apparet
1613 650 1945 705 crucifixus.
1981 650 2093 705 Sed

444 747 544 802 illa
593 739 921 805 insultatio,
973 752 1144 808 quam
1198 733 1584 804 Septuaginta
1633 746 1845 802 ponere
1879 731 2098 786 malue~

445 830 604 889 runt,
637 824 764 893 ejus
807 819 1090 874 universae
1142 832 1254 870 non
1300 814 1484 868 defuit
1533 812 1810 884 passioni.
1862 811 2006 893 Nam
2039 815 2095 893 et

446 891 695 968 detento,
751 906 808 955 et
851 899 1103 969 alligato,
1151 904 1204 951 et
1255 893 1605 965 adjudicato,
1669 896 1724 947 et
1785 891 2094 962 opprobrio

446 985 845 1059 ignominiosae
895 980 1072 1036 vestis
1122 977 1344 1044 induto,
1387 980 1457 1059 et
1489 974 1675 1059 spinis
1715 979 2008 1059 coronato,
2040 978 2098 1059 et

445 1054 667 1124 calamo
698 1065 756 1118 in
789 1061 976 1130 capite
1026 1073 1318 1131 percusso,
1361 1061 1416 1111 et
1444 1055 1750 1109 irridenter
1783 1054 1907 1108 ﬁxis
1935 1054 2098 1125 geni-

443 1152 553 1206 bus
584 1143 875 1209 adorato‘,
909 1147 965 1198 et
990 1156 1216 1196 crucem
1249 1153 1418 1194 suam
1454 1137 1723 1208 portanti,
1761 1142 1817 1190 et
1847 1136 1905 1190 in
1939 1137 2095 1206 ligno

437 1234 561 1303 jam
598 1226 867 1300 pendenti
921 1224 1122 1294 utique
1153 1219 1599 1274 insultaverunt.
1645 1218 1886 1303 Proinde
1920 1217 2096 1272 inter-

445 1299 832 1382 pretationem
884 1321 993 1358 nun
1045 1308 1356 1371 sequentes
1407 1315 1605 1365 unam,
1648 1299 1747 1382 sed
1793 1303 2099 1382 utramque

437 1377 776 1464 jungentes,
810 1401 943 1440 cum
971 1388 1026 1436 et
1047 1381 1472 1464 insultaverunt,
1507 1383 1562 1432 et
1591 1379 1931 1464 confieret-unt
1965 1377 2099 1446 legi-

446 1457 601 1539 inus,
635 1467 864 1540 plenius
897 1463 1193 1518 veritatem
1224 1458 1535 1515 Dominica:
1569 1457 1858 1528 passionis
1890 1473 2098 1526 agnos-

446 1554 658 1610 cimus.

516 1634 568 1687 4.
599 1630 743 1686 Cum
796 1642 930 1696 ergo
978 1624 1033 1678 in
1087 1620 1436 1691 prOpheticis
1489 1618 1693 1673 litteris
1745 1618 1813 1672 ad
1862 1615 2100 1671 novissi-

447 1707 917 1780 mumjudicium
955 1699 1469 1780 faciendumrDeus
1502 1698 1716 1768 legitur
1745 1714 1867 1752 esse
1898 1703 2102 1752 ventu-

447 1810 572 1859 rus,
606 1779 709 1844 etsi
743 1786 870 1856 ejus
901 1783 1012 1838 alia
1047 1779 1344 1859 distinctio
1377 1795 1489 1833 non
1517 1792 1772 1859 p_ona*ur
1795 1794 1807 1843 ;
1829 1781 2100 1859 tantum-

447 1856 620 1931 modo
653 1872 883 1938 propter
922 1865 1117 1934 ipsum
1163 1858 1452 1930 judicium
1504 1857 1770 1912 Christus
1812 1857 1981 1912 debet
2011 1856 2098 1910 in-

447 1950 658 2018 telligi:
709 1947 846 2018 quia
893 1943 1000 1999 etsi
1053 1943 1241 2004 Pater,
1280 1939 1587 2008 judicabit,
1639 1954 1738 2008 per
1786 1938 2098 1992 adventum

451 2033 576 2090 Filii
607 2023 1182 2095 hominisjudicabit.
1217 2021 1362 2076 Nam
1416 2018 1540 2089 ipse
1574 2035 1670 2089 per
1702 2036 1817 2073 suae
1852 2033 2100 2088 praesen-

446 2117 540 2174 tiae
595 2108 1121 2170 manifestationem
1172 2120 1280 2157 non
1322 2101 1540 2174 judicat
1600 2118 1950 2172 quemquam,
2009 2101 2103 2155 sed

447 2211 604 2254 omne
633 2190 897 2258 iudicium
945 2186 1094 2241 dedit
1142 2183 1286 2238 Filio
1318 2185 1493 2251 (toan.
1530 2199 1584 2246 v,
1615 2181 1710 2252 22)
1742 2199 1754 2234 :
1781 2179 1879 2251 qui
1913 2179 2100 2234 mani-

449 2275 754 2334 festabitur
808 2270 982 2323 homo
1013 2265 1406 2336 judicaturus,
1440 2262 1593 2316 sicut
1624 2261 1794 2316 homo
1835 2265 1923 2314 est
1958 2259 2105 2328 judi-

449 2362 631 2415 catus.
662 2352 803 2418 Quis
833 2355 922 2405 est
951 2347 1107 2404 enim
1142 2345 1291 2401 alius
1325 2345 1394 2399 de
1430 2360 1546 2414 quo
1581 2343 1715 2396 item
1751 2344 1897 2398 Deus
1923 2340 2106 2412 loqui'

450 2450 546 2500 tur
581 2452 683 2508 per
715 2431 922 2490 lsaiam
957 2429 1064 2484 sub
1094 2430 1326 2482 nomine
1373 2425 1569 2508 Jacob‘
1595 2432 1646 2478 et
1681 2423 1873 2492 lsrael,
1902 2423 1972 2477 de
2003 2438 2103 2476 cu-

443 2521 545 2592 jus
576 2503 800 2572 semine
832 2525 1040 2581 corpus
1071 2503 1637 2592 accepit-‘Ihquodita
1668 2505 1952 2592 scriptum
1986 2506 2103 2556 est:

449 2583 610 2657 incol)
637 2610 778 2666 puer
799 2606 968 2656 meus,
987 2587 1284 2658 suscipiam
1303 2584 1680 2666 illum-iuuet
1711 2583 1909 2638 electus
1930 2598 2105 2666 meus,

451 2664 748 2746 assumpsit
779 2687 905 2727 eum
937 2671 1122 2724 anima
1155 2683 1293 2722 mea.
1343 2665 1471 2720 Dedi
1511 2664 1785 2734 Spiritum
1829 2678 2017 2746 meum
2050 2664 2106 2714 in

451 2744 936 2825 illum,judicium
953 2750 1202 2819 gentibus
1218 2751 1473 2818 pro/erat.
1499 2745 1615 2800 Non
1637 2744 1917 2825 clamabit,
1935 2758 2109 2812 neque

452 2822 702 2898 cessabit,
759 2846 929 2900 neque
985 2829 1242 2883 audietur
1296 2828 1437 2896 foris
1481 2841 1584 2880 v0.1:
1623 2827 1760 2895 ejus.
1817 2822 2109 2877 Calamam

455 2920 769 2988 quassatum
790 2925 898 2965 non
925 2913 1179 2975 conteret,
1209 2916 1259 2962 et
1290 2908 1476 2988 tinum,
1501 2906 1530 2973 Ι
1535 2921 1725 2988 amans
1757 2920 1883 2988 neri
1903 2905 2110 2988 exstin-

455 2982 618 3070 puet;
662 2990 752 3048 sed
803 2992 856 3044 in
907 2986 1416 3070 vcritateproferet
1461 2985 1743 3070 judicium.
1783 2982 2108 3070 [tera/petiit,

455 3064 506 3136 et
539 3092 646 3132 non
673 3074 1076 3142 confringatur,
1127 3068 1290 3122 donec
1318 3073 1486 3137 ponat
1520 3066 1575 3119 in
1621 3074 1769 3119 terra
1793 3064 2068 3133 judicium
2090 3073 2111 3118 ,⁸

455 3167 507 3216 et
539 3159 596 3212 in
646 3152 868 3208 nomine
911 3153 1027 3222 ejus
1075 3151 1264 3220 gentes
1307 3145 1604 3214 sperabunt
1631 3143 1793 3213 (Isai.
1837 3143 2110 3207 xLii,1-4,

457 3254 564 3294 sec.
615 3234 805 3305 LXX).
860 3231 918 3285 ln
951 3231 1176 3284 hebrzeo
1224 3243 1336 3279 non
1377 3223 1792 3305 legituquacob
1826 3223 2111 3305 etlsraet:

456 3323 550 3375 sed
585 3318 738 3389 quod
774 3314 848 3368 ibi
883 3311 1090 3377 legitur
1119 3323 1303 3362 servus
1341 3322 1514 3369 meus,
1554 3304 1830 3359 nimirum
1865 3304 2114 3389 Septua:

457 3381 624 3471 ginta
674 3396 1014 3464 interpretes
1059 3388 1324 3471 volentes
1365 3386 1677 3441 admonere
1723 3390 2010 3471 quatenus
2056 3381 2112 3436 id

458 3465 868 3549 accipiendum
918 3473 1014 3539 sit,
1073 3469 1209 3540 quia
1239 3467 1436 3549 silicet
1456 3473 1684 3549 propter
1718 3465 1960 3549 formam
1992 3479 2117 3517 scr-

455 3561 511 3614 vi
543 3544 758 3614 dictum
795 3559 903 3620 est,
952 3553 1010 3606 in
1059 3569 1168 3620 qua
1218 3566 1278 3604 se
1329 3546 1666 3602 Altissimus
1719 3544 2114 3598 humillimum

458 3639 726 3712 praebuit,
760 3635 948 3705 ipsius
981 3629 1237 3686 hominis
1268 3644 1476 3683 nomen
1509 3626 1579 3680 ad
1615 3642 1746 3712 eum
1781 3623 2113 3712 significan-

461 3705 598 3775 dum
632 3719 970 3788 posuerunt,
1004 3715 1071 3766 de
1121 3711 1289 3777 cujus
1334 3723 1542 3778 genere
1587 3707 1789 3759 eadem
1819 3705 1966 3759 servi
1999 3705 2112 3758 for-

463 3817 558 3854 ma
589 3784 859 3866 suscepta
891 3802 994 3850 est.
1033 3795 1208 3844 Datus
1255 3796 1343 3843 est
1386 3787 1447 3840 in
1495 3801 1628 3840 eum
1663 3784 1920 3866 Spiritus
1953 3799 2116 3838 sanc-

459 3887 577 3945 tus,
629 3865 782 3950 quod
837 3880 894 3930 et
951 3869 1233 3927 columbas
1292 3865 1883 3950 specie,_E‘vangelio
1949 3869 2112 3950 teste,

462 3944 852 4019 monstratum
886 3958 974 4009 est
1004 3954 1211 4022 (Matth.
1257 3965 1342 4014 ιιι,
1377 3947 1483 4017 16).
1517 3945 1808 4002 Judicium
1841 3944 2114 4016 gentibus

463 4049 720 4122 protulit,
767 4046 904 4118 quia
943 4039 1349 4122 praenuntiavit
1399 4038 1682 4122 futurum,
1733 4036 1884 4122 quod
1931 4033 2116 4122 genti.

464 4113 574 4188 bus
623 4113 742 4186 erat
784 4113 1107 4182 occultum.
1160 4117 1610 4176 Mansuetudine
1660 4131 1773 4170 non
1823 4113 2114 4182 clamavit,

464 4229 570 4269 nec
603 4220 792 4266 tamen
827 4209 883 4263 in
921 4205 1284 4276 praedicanda
1308 4199 1542 4254 veritate
1564 4195 1825 4251 cessavit.
1858 4195 1964 4276 Sed
2002 4210 2113 4276 non

466 4300 555 4350 est
584 4293 783 4347 audita
814 4275 950 4344 foris
980 4302 1086 4339 vox
1120 4286 1269 4352 ejus,
1321 4297 1424 4334 nec
1447 4279 1714 4344 auditur;
1751 4275 2112 4347 quandoqui-

468 4375 599 4427 dem
634 4373 704 4424 ab
737 4369 818 4423 eis
851 4367 950 4436 qui
988 4365 1122 4419 foris
1155 4363 1224 4414 ub
1257 4363 1384 4427 ejus
1415 4373 1654 4426 corpore
1694 4355 1918 4427 praecisi
1951 4359 2114 4436 sunt,

470 4467 584 4506 non
617 4448 700 4503 illi
734 4435 1040 4501 obeditur:
1073 4443 1345 4512 ipsosque
1388 4454 1526 4492 suos
1576 4442 1969 4508 persecutores
2007 4435 2113 4490 Ju-

472 4530 616 4596 daeo,
649 4527 744 4598 qui
779 4525 1002 4580 calamo
1025 4526 1301 4592 quassato
1335 4517 1558 4590 perdita
1590 4516 1938 4588 integritate,
1971 4522 2023 4568 et
2057 4513 2116 4567 li-

472 4625 546 4666 no
596 4605 843 4663 fumanti
901 4603 1121 4660 amisso
1171 4598 1389 4656 lumine
1432 4599 1749 4668 comparati
1797 4598 1952 4662 sunt,
2001 4609 2112 4648 non

470 4689 763 4756 contrivit,
795 4704 900 4743 nec
922 4682 1229 4748 exstinxit;
1264 4679 1400 4752 quia
1430 4674 1943 4756 peperciteis,rqui
1976 4689 2118 4756 non-

469 4775 604 4830 dum
638 4752 869 4826 venerat
900 4783 998 4821 eos
1038 4764 1324 4833 judicare,
1386 4759 1483 4813 sed
1520 4758 1592 4812 ab
1624 4756 1708 4810 eis
1735 4752 1986 4823 judicari
2016 4752 2113 4823 (ὁ).

471 4857 533 4912 In
566 4853 806 4910 veritate
856 4865 996 4905 sane
1033 4844 1321 4918 judicium
1369 4838 1629 4913 protulit,
1687 4834 2000 4906 praedicens
2030 4833 2114 4889 eis

539 5125 552 5158 ¹
585 5121 666 5170 Er.
705 5122 756 5168 et
785 5119 932 5177 ῙλονἼ
967 5124 1019 5164 et
1061 5113 1369 5179 inridenter:
1397 5109 1560 5179 ﬂemis
1611 5109 1842 5179 genibus
1872 5107 2116 5179 adorato.

471 5185 540 5233 At
584 5183 722 5231 Vind
792 5169 1009 5228 Amfet
1060 5178 1203 5239 Mss,
1247 5185 1297 5224 et
1352 5169 1655 5222 inridenter
1709 5171 1842 5234 ﬁxis
1887 5169 2118 5230 genibus

471 5247 714 5296 adorato.

532 5310 612 5370 (a)
641 5309 724 5357 Sic
753 5305 1008 5370 Vulgata_._
1271 5363 1282 5370 _
1406 5362 1438 5370 η
1619 5361 1634 5370 _
1755 5359 1771 5370 .
1841 5357 1850 5369 δ

539 5356 607 5434 ἰὺῇ
638 5356 712 5419 De
737 5369 820 5417 his
849 5356 1096 5434 omnibus
1113 5363 1316 5434 egregie
1337 5361 1724 5434 agit,_eumd_e_m
1755 5357 1918 5434 Isaiae
1942 5356 2120 5434 locum

475 5420 850 5495 interpretans,
890 5420 1308 5495 uteronim'us‘in
1340 5420 1569 5488 EpiStola
1601 5424 1705 5481 15l,
1739 5423 1804 5472 ad
1835 5420 2118 5482 Algasiam,

475 5491 786 5557 quaestione
813 5492 858 5540 2.
892 5491 1150 5544 Coenum.

1533 355 1632 417 DE
1677 355 2044 417 ClVlTATE
2090 354 2242 430 DEI,
2290 357 2355 416 S.
2401 355 2822 419 AUGUSTINI

3746 359 3870 424 708

2211 489 2444 560 quando
2478 489 2758 560 puniendi
2788 497 3010 559 essent,
3041 490 3094 547 si
3127 489 3185 546 in
3218 508 3320 547 sua
3354 491 3718 562 malignitate
3747 512 3874 566 per.

2212 569 2502 627 sisterent.
2566 569 2815 626 Rsfulsit
2871 570 2930 625 in
2987 580 3179 627 monte
3229 571 3404 628 facies
3460 573 3590 641 ejus
3652 574 3869 646 (Matth.

2210 667 2345 718 xvn,
2382 652 2430 715 1,
2462 651 2539 719 2),
2574 651 2631 706 in
2663 652 2800 707 orbe
2835 653 2985 706 fama
3014 653 3180 722 ejus:
3216 670 3319 709 nec
3361 655 3720 722 confractus,
3749 656 3873 714 sive

2209 732 2494 786 contritus
2525 737 2636 801 est,
2662 733 2796 803 quia
2848 749 3035 804 neque
3066 735 3123 788 in
3171 750 3253 802 se,
3295 750 3482 804 neque
3522 737 3580 789 in
3613 736 3876 793 Ecclesia

2210 829 2333 878 sua,
2377 817 2438 866 ut
2485 830 2609 867 esse
2652 813 2978 880 desisteret,
3027 815 3501 885 persecutoribus
3551 817 3749 872 cessit.
3803 819 3875 873 Et

2210 893 2339 948 ideo
2393 909 2507 948 non
2559 899 2648 948 est
2697 893 2936 960 factum,
2989 909 3091 950 nec
3139 893 3256 962 flet,
3289 896 3445 966 quod
3481 895 3710 951 inimici
3738 896 3870 965 eius

2209 973 2501 1040 dixerunt,
2534 972 2621 1028 vel
2655 973 2877 1042 dicunt,
2911 973 3140 1042 Quando
3172 976 3438 1030 morietur
3465 985 3519 1032 et
3541 978 3745 1047 peribit
3775 993 3872 1032 no-

2208 1069 2331 1108 men
2379 1053 2496 1124 ejus
2544 1053 2711 1122 (Psal.
2760 1069 2850 1121 XL,
2881 1054 2978 1123 6)?
3025 1055 3201 1110 Donec
3237 1062 3410 1126 ponat
3442 1059 3502 1112 in
3538 1064 3689 1111 terra
3712 1056 3870 1127 judi—

2208 1137 2375 1189 cium.
2429 1133 2570 1187 Ecce
2617 1133 3049 1189 manifestatum
3099 1139 3186 1190 est
3245 1136 3399 1206 quod
3458 1135 3868 1192 absconditum

2209 1213 2631 1283 quaerebamus.
2667 1213 2784 1270 Hoc
2814 1214 2972 1270 enim
3015 1218 3105 1270 est
3135 1215 3865 1287 novissimumjudicium,

2211 1295 2362 1364 quod
2399 1298 2571 1364 ponet
2601 1295 2657 1347 in
2692 1301 2860 1361 terra,
2894 1310 3026 1349 cum
3061 1295 3282 1351 venerit
3322 1295 3446 1366 ipse
3479 1297 3550 1351 de
3587 1296 3755 1352 cmlo.
3789 1298 3872 1352 De

2213 1391 2328 1445 quo
2350 1375 2472 1443 jam
2508 1373 2774 1428 videmus
2805 1373 3136 1443 impletum,
3162 1376 3318 1448 quod
3350 1377 3442 1432 hic
3471 1377 3744 1432 ultimum
3774 1394 3873 1447 po-

2213 1455 2392 1510 situm
2426 1459 2549 1510 est:
2587 1455 2649 1509 Et
2682 1454 2739 1508 in
2770 1457 2990 1511 nomine
3019 1457 3138 1526 ejus
3184 1463 3375 1527 gentes
3405 1457 3724 1527 sperabunt.
3759 1459 3868 1512 Per

2214 1535 2320 1590 hoc
2353 1542 2505 1590 certe
2546 1535 2695 1604 quod
2731 1536 2926 1607 negari
2958 1554 3072 1594 non
3104 1542 3318 1608 potest,
3349 1539 3525 1594 etiam
3561 1538 3706 1593 illud
3739 1555 3868 1594 cre-

2213 1616 2386 1670 datur
2416 1617 2566 1686 quod
2603 1617 2986 1686 impudentur
3017 1624 3284 1689 negatur.
3315 1619 3452 1684 Quis
3481 1618 3638 1674 enim
3673 1635 3870 1690 spera-

2212 1702 2316 1763 ret,
2352 1699 2506 1768 quod
2563 1698 2740 1751 etiam
2803 1697 2859 1752 hi
2893 1698 2992 1768 qui
3048 1698 3256 1754 nolunt
3304 1699 3497 1754 adhuc
3542 1700 3779 1754 credere
3809 1700 3867 1754 in

2212 1780 2528 1848 Christum,
2549 1781 2668 1849 jam
2695 1781 2997 1834 nobiscum
3031 1781 3246 1847 vident,
3270 1785 3327 1836 et
3354 1781 3628 1851 quoniam
3656 1796 3871 1853 negare

2213 1877 2327 1914 non
2363 1865 2631 1931 possunt,
2664 1860 2939 1915 dentibus
2970 1861 3091 1916 suis
3123 1862 3410 1928 frondent,
3443 1866 3497 1916 et
3529 1862 3866 1916 tabescunt?

2213 1940 2372 2006 Quis,
2408 1939 2670 2010 inquam,
2724 1945 2987 2010 speraret
3031 1949 3232 2011 gentes
3272 1943 3329 1996 in
3382 1941 3597 1997 Christi
3630 1941 3868 1996 nomine

2213 2025 2568 2090 speraturas,
2612 2022 2843 2090 quando
2889 2022 3221 2087 tenebatur,
3256 2020 3564 2093 ligabatur,
3607 2021 3868 2077 cedeba-

2213 2106 2330 2166 tur,
2383 2101 2756 2168 illudebatur,
2816 2102 3302 2173 crucifigebatur;
3363 2103 3600 2174 quando
3658 2108 3716 2158 et
3755 2101 3870 2173 ipsi

2215 2181 2482 2251 discipuli
2526 2199 2685 2250 spem
2735 2182 3130 2250 perdiderant,
3184 2199 3355 2254 quam
3397 2183 3457 2237 in
3499 2182 3597 2238 illo
3654 2182 3869 2238 habere

2209 2263 2330 2331 jam
2363 2263 2701 2332 coeperant?
2730 2262 2886 2325 Quod
2941 2267 3078 2317 tunc
3121 2263 3205 2316 vix
3241 2277 3398 2317 unus
3429 2262 3574 2318 latro
3605 2263 3870 2332 speravit

2216 2341 2271 2395 in
2306 2356 2497 2409 cruce,
2530 2357 2683 2395 nunc
2715 2346 2952 2411 sperant
2982 2346 3183 2412 gentes
3216 2341 3384 2413 longe
3417 2341 3646 2412 lateque
3699 2341 3874 2396 diffu-

2217 2437 2292 2475 sae
2319 2440 2331 2487 ;
2357 2425 2413 2474 et
2440 2437 2508 2474 ne
2560 2420 2616 2475 in
2667 2426 2948 2476 internum
2998 2421 3338 2491 moriantur,
3373 2423 3501 2492 ipsa
3534 2423 3588 2476 in
3623 2438 3744 2493 qua
3776 2420 3873 2476 ille

2218 2507 2478 2556 mortuus
2504 2506 2614 2564 est,
2645 2518 2814 2557 cruce
2845 2503 3175 2572 signantur.

2288 2584 2342 2637 Ξ).
2376 2582 2582 2637 Nullus
2612 2584 2789 2654 igitur
2818 2583 2904 2636 vel
2937 2588 3105 2654 negat
3137 2581 3222 2637 vel
3255 2583 3502 2653 dubitat,
3537 2600 3637 2654 per
3667 2585 3866 2640 Jesum

2219 2663 2512 2718 Christum
2545 2663 2658 2718 tale
2681 2663 2849 2732 quale
2873 2663 3000 2717 istis
3033 2663 3214 2718 sacris
3248 2663 3480 2718 Litteris
3514 2664 3874 2734 praenuntia-

2219 2748 2333 2808 tur,
2370 2744 2624 2797 futurum
2661 2759 2786 2797 esse
2841 2742 3220 2798 novissimum
3265 2743 3585 2812 judicium,
3622 2743 3732 2798 nisi
3768 2743 3870 2813 qui

2219 2825 2438 2878 eisdem
2474 2825 2726 2886 Litteris,
2760 2824 2953 2878 nescio
2987 2840 3104 2894 qua
3139 2824 3495 2878 incredibili‘
3531 2825 3872 2879 animosita-

2221 2910 2276 2960 te
2332 2921 2434 2960 seu
2494 2905 2768 2971 caecitate,
2816 2922 2928 2960 non
2980 2906 3180 2971 credit,
3231 2921 3358 2974 quae
3406 2907 3521 2971 jam
3567 2905 3873 2959 veritatem

2222 3003 2384 3039 suam
2419 2986 2542 3040 orbi
2584 2986 3046 3040 demonstravere
3099 2995 3404 3040 terrarum.
3437 2987 3496 3040 In
3539 2984 3639 3039 illo
3674 2987 3876 3055 itaque

2215 3065 2437 3136 judicno
2471 3066 2552 3120 vel
2584 3068 2738 3120 circa
2779 3066 2919 3120 illud
2954 3067 3244 3131 judicium
3283 3068 3387 3121 has
3421 3083 3512 3122 res
3553 3066 3875 3121 didicimus

2221 3161 2346 3201 esse
2377 3151 2670 3214 venturas,
2703 3145 2885 3200 Eliam
2929 3145 3268 3210 Thesbiten,
3315 3147 3486 3200 fidem
3517 3146 3874 3210 Judeorum,

2225 3225 2644 3281 Antichristum
2701 3232 3164 3295 persecuturum,
3213 3225 3510 3280 Christum
3575 3226 3875 3296 judicatu-

2224 3322 2376 3372 rum,
2412 3312 2769 3360 mortuorum
2807 3308 3317 3370 resurrectionem,
3369 3305 3656 3361 bonorum
3695 3305 3880 3360 malo-

2224 3404 2466 3459 rumque
2540 3388 3011 3459 diremptionem,
3070 3387 3270 3441 mundi
3331 3387 3873 3457 conflagrationem,

2223 3469 2605 3540 ejusdemque
2679 3469 3132 3523 renovationem.
3188 3469 3323 3532 Quas
3379 3470 3579 3522 omnia
3630 3467 3875 3538 quidem

2222 3556 2464 3603 ventura
2496 3565 2620 3603 esse
2669 3549 3020 3602 credendum
3069 3552 3191 3602 est:
3241 3547 3338 3602 sed
3387 3547 3602 3618 quibus
3661 3546 3876 3610 modis,

2223 3636 2412 3700 etquo
2445 3629 2648 3683 ordine
2695 3629 2950 3692 veniant,
2988 3627 3175 3698 magis
3225 3633 3364 3682 tunc
3409 3627 3640 3682 docebit
3681 3641 3878 3682 rerum

2225 3711 2594 3780 experientia,
2656 3725 2829 3779 quam
2893 3725 3047 3762 nunc
3096 3709 3164 3762 ad
3221 3709 3532 3775 perfectum
3563 3707 3875 3762 hominum

2223 3789 2608 3860 intelligentia
2665 3793 2815 3844 valet
2871 3789 3171 3860 consequi.
3227 3789 3504 3844 Existimo
3566 3795 3756 3844 tamen
3809 3806 3875 3846 eo

2225 3887 2339 3942 quo
2381 3888 2414 3924 a
2446 3887 2537 3925 me
2574 3874 3031 3924 commemorata
3073 3877 3210 3924 sunt
3251 3870 3452 3924 ordine
3492 3885 3622 3923 esse
3662 3877 3875 3925 ventu-

2223 3967 2304 4005 ra.

2291 4033 2346 4086 6.
2381 4031 2505 4086 Duo
2559 4030 2727 4084 nobis
2786 4030 2855 4084 ad
2919 4029 3026 4084 hoc
3056 4045 3204 4100 opus
3257 4031 3614 4100 pertinentes
3662 4029 3876 4101 reliqui

2222 4118 2362 4168 sunt
2394 4111 2618 4179 libri,ut
2639 4111 2952 4182 adjuvante
2980 4110 3227 4165 Domino
3257 4111 3548 4182 promissa
3577 4111 3876 4182 complea-

2224 4209 2360 4247 mus
2402 4209 2416 4247 :
2453 4207 2700 4262 quorum
2750 4207 2905 4245 unus
2955 4190 3064 4244 erit
3112 4190 3181 4244 de
3234 4190 3516 4245 malorum
3560 4191 3875 4265 supplicio,

2222 4272 2372 4328 alius
2413 4273 2482 4326 de
2533 4271 2803 4325 felicitate
2841 4271 3176 4340 justorum:
3236 4271 3292 4324 in
3339 4271 3554 4341 quibus
3599 4271 3877 4336 maxime,

2223 4353 2375 4406 sicut
2416 4351 2565 4405 Deus
2587 4350 2906 4416 donaverit,
2942 4358 3282 4421 argumenta
3307 4349 3648 4405 refellentur
3677 4350 3883 4406 huma-

2223 4449 2316 4495 na,
2352 4448 2477 4503 quas
2522 4436 2720 4485 contra
2772 4431 3045 4502 praedicta
3095 4448 3159 4486 ac
3211 4431 3496 4500 promissa
3544 4430 3740 4486 divina
3784 4447 3885 4486 sa-

2223 4513 2443 4582 pienter
2472 4509 2582 4565 sibi
2647 4511 2840 4565 miseri
2902 4510 3138 4566 rodere2
3167 4511 3464 4579 videntur,
3511 4516 3569 4565 et
3625 4510 3884 4567 salubris

2223 4593 2357 4649 fidei
2390 4590 2744 4646 nutrimenta
2765 4590 2920 4645 velut
2945 4591 3089 4646 falsa
3118 4595 3172 4645 et
3206 4590 3447 4645 ridenda
3467 4595 3880 4648 contemnunt.

2221 4675 2328 4739 Qui
2360 4688 2492 4729 vero
2541 4672 2866 4726 secundum
2911 4670 3098 4726 Deum
3140 4671 3399 4742 sapiunt,
3449 4671 3715 4726 omnium
3751 4689 3882 4743 quis

2221 4751 2584 4808 incredibilia
2613 4752 2881 4806 videntur
2908 4751 3267 4816 hominibus,
3301 4755 3358 4804 et
3396 4754 3594 4805 tamen
3623 4751 3886 4821 Scriptu-

2221 4835 2301 4890 ris
2333 4831 2576 4899 sanctis,
2610 4845 2862 4900 quarum
2888 4830 3015 4900 jam
3056 4831 3269 4884 veritas
3312 4829 3518 4884 multis
3563 4831 3760 4884 modis
3793 4847 3886 4886 as-

2223 4921 2377 4969 serta
2406 4917 2512 4980 est,
2546 4911 2939 4977 continentur,
2975 4909 3299 4965 maximum
3357 4914 3771 4981 argumentum
3804 4915 3885 4967 te-

2221 4999 2364 5053 nent
2393 5009 2654 5050 veracem
2687 4993 2786 5048 Dei
2811 4991 3308 5064 omnipotentiam,
3327 5007 3500 5063 quem
3524 4995 3749 5048 certum
3774 4991 3886 5048 ha-

2221 5077 2360 5133 bent
2389 5073 2548 5128 nullo
2598 5073 2768 5128 modo
2817 5072 2875 5126 in
2910 5072 2993 5126 eis
3044 5071 3300 5141 potuisse
3332 5070 3592 5138 mentiri,
3625 5080 3679 5128 et
3711 5087 3886 5144 posse

2225 5156 2408 5212 facere
2440 5154 2592 5225 quod
2627 5152 2991 5224 impossibile
3022 5156 3111 5206 est
3143 5149 3388 5206 infideli.

2289 5406 2302 5438 ί
2344 5403 2423 5450 Ita
2451 5400 2572 5450 Mss.
2603 5399 2740 5447 Editi
2768 5411 2912 5452 vero.
2947 5395 3259 5446 incredula.

2288 5464 2307 5497 ²
2338 5465 2492 5518 Editi.
2527 5463 2793 5514 veteribus
2820 5461 2973 5511 libris
3000 5459 3389 5513 dissentientes.
3421 5459 3661 5510 reddere.
