4134 6198
297 372 416 436 709

1476 379 1705 440 LIBER
1749 379 2172 444 VIGESIMUS
2216 381 2545 443 PRIMUS.

3590 381 3704 440 ἨΟ

753 633 1308 773 LIBER
1421 633 2416 774 VIGESIMUS
2510 635 2850 773 PIiI
2851 636 2984 771 Μ
3002 633 3240 772 US.

292 849 366 900 De
394 849 504 900 ﬁne
533 849 711 900 debito
739 851 975 901 civitatis
1025 852 1241 910 diaboli,
1279 853 1538 917 supplicio
1585 854 1786 964 sciliclet
1818 855 2566 965 damnatorumrsempiterno,
2615 855 2782 918 deque
2814 855 3065 905 humanis
3097 858 3280 905 contra
3307 855 3441 906 illud
3466 858 3706 910 incredu-

1746 930 1900 965 orum
1927 930 2181 965 armmen
2203 932 2270 965 is.

1746 930 1900 967 orum
1927 930 2270 980 argumentis.

1560 1047 2398 1086 ρ--ι-εεοοοοοοει--οο

295 1163 528 1220 CAPUT
561 1164 869 1220 PRIMUM.
901 1197 970 1206 —
1021 1167 1094 1222 De
1131 1166 1327 1223 ordine
1374 1167 1786 1240 disputationis,
1836 1186 1945 1240 qua

363 1246 526 1315 prius
557 1243 940 1300 disserendum
969 1253 1050 1301 est
1080 1246 1146 1301 de
1173 1255 1434 1318 perpetuo
1479 1247 1754 1320 supplicio
1787 1250 1946 1304 dam-

363 1332 629 1382 natorum
666 1342 793 1382 cum
838 1329 1080 1395 diabolo,
1117 1345 1279 1400 quam
1327 1330 1390 1386 de
1422 1338 1626 1387 aeterno
1673 1331 1948 1402 felicitate

364 1413 700 1463 sanctorum.

365 1559 508 1615 Cum
552 1576 654 1632 per
705 1560 907 1616 Jesum
960 1561 1248 1618 Christum
1295 1563 1604 1618 Dominum
1655 1568 1943 1632 nostrum,

287 1639 547 1710 judicem
597 1641 858 1697 vivorum
935 1648 1109 1712 atque
1159 1648 1549 1712 mortuorum,
1601 1645 1672 1698 ad
1724 1646 1947 1700 debitos

295 1720 440 1775 ﬁnes
471 1721 654 1775 ambae
690 1721 1056 1790 pervenerint
1086 1723 1374 1790 civitates,
1417 1741 1663 1794 quarum
1714 1741 1830 1779 una
1859 1733 1945 1782 est

295 1799 416 1866 Dei,
450 1799 630 1854 altera
660 1801 899 1867 diaboli,
929 1802 1258 1872 cuiusmodi
1297 1802 1650 1873 supplicium
1683 1804 1762 1859 sit
1794 1805 1947 1859 futu-

297 1897 427 1936 rum
462 1882 678 1937 diaboli
711 1886 767 1937 et
797 1884 1059 1939 omnium
1111 1885 1179 1937 ad
1239 1900 1374 1938 eum
1420 1885 1856 1954 pertinentium,
1890 1887 1946 1940 in

297 1961 408 2018 hoc
450 1961 597 2018 libro
649 1962 839 2029 nobis,
888 1966 1174 2034 quantum
1225 1981 1331 2034 ope
1375 1965 1570 2018 divina
1602 1965 1946 2031 valebimus,

301 2043 643 2116 diligentius
672 2043 1090 2114 disputandum
1123 2048 1234 2100 est.
1285 2046 1414 2099 Ideo
1447 2053 1638 2100 autem
1673 2046 1826 2100 hunc
1859 2051 1945 2100 te-

299 2141 435 2182 nere
460 2123 720 2178 ordinem
758 2123 959 2189 malui,
995 2130 1058 2178 ut
1106 2134 1304 2194 postea
1347 2125 1628 2178 disseram
1662 2125 1732 2178 de
1766 2124 1946 2180 felici-

299 2209 416 2260 tate
449 2209 807 2268 sanctorum,
844 2202 1118 2272 quoniam
1171 2209 1485 2273 utrumque
1529 2219 1658 2256 cum
1694 2205 1950 2272 corpori-

299 2287 408 2341 bus
441 2285 585 2349 erit;
619 2289 675 2337 et
722 2282 1124 2338 incredibilius
1174 2283 1406 2336 videtur
1456 2298 1578 2336 esse
1625 2283 1680 2336 in
1715 2284 1949 2339 mternis

300 2381 542 2437 corpora
573 2365 783 2418 durare
824 2363 1197 2426 cruciatibus,
1240 2378 1413 2432 quam
1447 2363 1569 2417 sine
1605 2363 1798 2418 dolore
1832 2364 1948 2418 ullo

300 2446 357 2502 in
391 2451 607 2500 aeterna
630 2444 990 2498 beatitudine
1023 2459 1380 2511 permanere.
1431 2444 1512 2496 Ac
1545 2460 1646 2512 per
1677 2444 1781 2498 hoc
1813 2458 1947 2499 cum

300 2527 462 2580 illam
509 2540 742 2595 poenam
793 2540 905 2577 non
960 2522 1170 2577 debere
1219 2538 1343 2577 esse
1396 2521 1798 2578 incredibilem
1844 2525 1945 2578 de-

299 2611 718 2670 monstravero,
772 2601 1070 2673 adjuvabit
1125 2619 1211 2656 me
1261 2601 1600 2672 plurimum,
1653 2607 1716 2656 ut
1761 2603 1946 2658 multo

299 2685 527 2740 facilius
568 2681 726 2736 omni
758 2696 963 2736 carens
1006 2680 1270 2736 molestia
1310 2681 1717 2737 immortalitas
1749 2698 1950 2752 corpo-

297 2779 427 2818 rum
459 2762 519 2815 in
552 2761 768 2815 sanctis
807 2761 1004 2814 futura
1035 2761 1325 2816 credatur.
1354 2760 1466 2815 Nec
1498 2779 1530 2814 a
1564 2761 1774 2816 divinis
1806 2763 1947 2817 ordo

299 2843 408 2897 iste
439 2841 711 2897 abhorret
741 2840 1006 2909 eloquiis,
1043 2842 1140 2896 ubi
1175 2840 1487 2912 aliquando
1512 2842 1740 2911 quidem
1774 2843 1950 2897 bono-

296 2938 429 2977 rum
463 2921 763 2976 beatitudo
797 2920 959 2990 prius
995 2921 1246 2990 ponitur,
1275 2927 1337 2974 ut
1368 2929 1452 2975 est
1482 2921 1650 2984 illud,
1681 2922 1788 2989 Qui
1811 2923 1949 2976 bona

292 3005 561 3072 fecerunt,
609 3000 669 3054 in
722 3004 1180 3055 resurrectionem
1232 3003 1393 3061 vitae;
1443 3003 1540 3070 qui
1585 3005 1767 3056 autem
1797 3002 1948 3056 mala

292 3088 540 3154 egerunt,
592 3081 650 3136 in
706 3085 1161 3136 resurrectionem
1220 3081 1417 3146 iudicii
1475 3085 1658 3152 (Joan.
1710 3100 1763 3149 ν,
1813 3083 1942 3154 29);

294 3165 394 3220 sed
446 3163 762 3232 aliquando
797 3165 853 3215 et
903 3162 1212 3232 posterius,
1269 3171 1326 3216 ut
1376 3167 1486 3228 est,
1539 3162 1726 3216 Mittet
1773 3163 1948 3218 Filius

293 3242 531 3298 hominis
559 3242 786 3311 Angelos
815 3257 962 3309 suos,
997 3247 1051 3301 ct
1093 3242 1350 3311 colligant
1379 3242 1441 3296 de
1483 3257 1656 3313 regno
1685 3244 1803 3312 ejus
1832 3259 1946 3298 om-

293 3325 387 3378 nia
417 3321 697 3384 scandala,
729 3327 779 3376 et
814 3323 1035 3374 mittent
1068 3324 1122 3374 in
1153 3324 1430 3375 caminum
1464 3324 1611 3390 ignis
1644 3323 1944 3385 ardentis‘,

284 3403 414 3462 illic
442 3405 554 3455 erit
581 3403 742 3471 ﬂetus
771 3405 824 3454 et
854 3400 1059 3454 stridor
1104 3399 1353 3454 dentium
1373 3419 1396 3464 ;
1448 3407 1583 3454 tunc
1614 3403 1747 3468 iusti
1769 3405 1943 3472 fulge-

293 3483 431 3537 bunt
459 3487 603 3537 sicut
632 3480 718 3537 sol
759 3483 816 3535 in
847 3496 1008 3551 regno
1063 3483 1250 3535 Patris
1289 3483 1378 3534 sui
1425 3481 1639 3552 (.llatth.
1679 3498 1799 3547 xm,
1849 3484 1943 3536 41-

293 3563 385 3635 43)
410 3581 425 3632 ;
458 3569 514 3619 et
546 3561 712 3630 illud,
737 3563 827 3617 Sic
856 3561 1015 3616 ibunt
1039 3561 1170 3617 isti2
1200 3561 1261 3617 in
1290 3564 1624 3633 supplicium
1648 3576 1944 3627 aeternum;

282 3644 432 3714 justi
477 3645 681 3709 autem,
725 3644 782 3696 in
828 3645 1002 3697 vitam
1030 3647 1299 3698 aeternam
1329 3642 1436 3713 (id.
1479 3660 1610 3712 xxv,
1637 3641 1751 3713 46).
1788 3644 1848 3697 Et
1881 3644 1940 3698 in

294 3723 616 3792 Prophetis,
646 3723 800 3794 quod
848 3739 1305 3778 commemorare
1353 3723 1590 3793 longum
1642 3735 1749 3790 est,
1785 3741 1942 3781 nunc

291 3802 409 3868 ille.
433 3805 717 3859 nunciste
741 3804 903 3870 ordo,
935 3804 982 3858 si
1014 3804 1144 3874 quis
1178 3804 1466 3875 inspiciat,
1494 3804 1804 3860 invenitur.
1832 3806 1938 3860 Sed

294 3900 401 3956 ego
432 3885 610 3940 istum
641 3900 756 3956 qua
786 3900 958 3940 causa
989 3884 1293 3954 elegerim,
1331 3887 1476 3941 dixi.

293 4045 528 4102 CAPUT
577 4044 646 4100 ΙΙ.
695 4075 763 4085 --
811 4045 893 4100 An
933 4045 1145 4115 possint
1183 4059 1411 4113 corpora
1459 4045 1518 4098 in
1549 4044 1760 4100 ustione
1791 4027 1941 4113 ignis

897 4140 1011 4180 esse
1049 4134 1332 4196 perpetua.

365 4274 513 4339 Quid
545 4274 724 4348 igitur
753 4274 1083 4341 ostendam,
1120 4275 1272 4328 unde
1303 4273 1729 4329 convincuntur
1755 4273 1939 4329 incre-

293 4356 439 4426 duli,
472 4372 638 4428 posse
670 4356 931 4411 humana
962 4371 1198 4426 corpora
1248 4355 1508 4410 animata
1538 4358 1713 4425 atque
1739 4354 1940 4409 viven-

291 4437 396 4504 tia,
443 4453 561 4492 non
612 4436 803 4492 solum
853 4451 1158 4507 nunquam
1201 4441 1385 4490 morte
1435 4435 1693 4500 dissolvi,
1745 4435 1847 4490 sed
1880 4434 1940 4490 in

292 4521 644 4573 mternorum
677 4532 907 4587 quoque
944 4516 1163 4587 ignium
1200 4516 1405 4570 durare
1449 4514 1804 4570 tormentis?
1829 4516 1942 4570 No»

292 4597 425 4653 lunt
454 4596 607 4652 enim
641 4596 751 4652 hoc
780 4597 850 4651 ad
886 4595 1317 4667 Omnipotentis
1360 4611 1465 4651 nos
1497 4597 1707 4650 referre
1739 4600 1942 4666 poten—

291 4679 462 4744 tiam,
494 4679 590 4734 sed
625 4677 823 4750 aliquo
855 4676 1118 4747 exemplo
1151 4675 1488 4746 persuaderi
1513 4675 1624 4730 sibi
1654 4675 1938 4746 ﬂagitant.

291 4758 513 4825 Quibus
545 4759 595 4814 si
634 4757 1143 4830 respondebimus,
1193 4772 1319 4811 esse
1367 4755 1644 4811 animalia
1688 4755 1942 4828 profecto

291 4838 710 4910 corruptibilis,
742 4838 875 4910 quia
911 4838 1202 4903 mortalia,
1252 4853 1378 4907 quae
1413 4840 1607 4890 tamen
1640 4835 1697 4890 in
1733 4835 1942 4891 mediis

288 4919 528 4993 ignibus
559 4919 789 4975 vivant:
835 4916 1184 4974 nonnullum
1218 4915 1395 4972 etiam
1438 4931 1624 4986 genus
1655 4915 1939 4971 vermium

287 5001 346 5056 in
379 5016 666 5071 aquarum
717 4998 1040 5055 calidarum
1093 4997 1447 5069 scaturigine
1491 4996 1753 5068 reperiri,
1800 5012 1939 5067 qua-

286 5097 419 5136 rum
455 5081 734 5136 fervorem
785 5093 952 5135 nemo
997 5078 1235 5150 impune
1270 5080 1629 5144 contrectat;
1673 5075 1802 5132 illos
1841 5093 1944 5132 au-

287 5164 402 5217 tem
439 5176 556 5216 non
587 5159 779 5216 solum
812 5159 938 5215 sine
985 5157 1101 5214 ulla
1139 5158 1229 5215 sui
1262 5157 1496 5214 laesione
1539 5157 1621 5212 ibi
1651 5172 1802 5224 esse,
1839 5157 1940 5213 sed

287 5245 448 5299 extra
478 5256 605 5297 esse
635 5257 750 5298 non
799 5256 1014 5312 posse:
1061 5245 1162 5295 aut
1209 5239 1417 5297 nolunt
1460 5241 1713 5307 credere,
1765 5241 1814 5295 si
1848 5257 1942 5296 os-

287 5323 527 5380 tendere
557 5338 672 5376 non
699 5320 961 5377 valemus
989 5338 1003 5390 ;
1037 5326 1136 5376 aut
1159 5321 1207 5375 si
1232 5320 1590 5376 valuerimus
1612 5321 1730 5374 sive
1758 5320 1942 5375 oculis

285 5405 688 5459 demonstrare
720 5419 813 5457 res
847 5403 1026 5473 ipsas,
1057 5401 1176 5456 sive
1208 5418 1306 5471 per
1339 5406 1510 5456 testes
1544 5402 1780 5456 idoneos
1811 5401 1943 5456 edo-

287 5499 438 5550 cere,
472 5499 585 5538 non
619 5483 762 5538 satis
795 5482 901 5537 hoc
940 5499 1067 5538 esse
1123 5485 1189 5536 ad
1219 5481 1543 5552 exemplum
1587 5482 1690 5548 rei,
1723 5483 1794 5536 de
1824 5497 1940 5552 qua

289 5563 538 5638 quaestio
586 5570 690 5631 est,
726 5564 926 5619 eadem
976 5561 1319 5619 infidelitate
1366 5562 1754 5619 contendent:
1800 5564 1939 5635 quia

353 5675 368 5708 ¹
401 5672 546 5727 Mss,
577 5671 879 5720 ardentem.

354 5735 377 5771 ³
401 5733 483 5785 Ita
509 5734 634 5787 Mss.
661 5735 731 5785 At
758 5734 904 5796 editi,
932 5735 1013 5786 sic
1043 5734 1201 5785 ibunt
1238 5732 1461 5797 injusti.

2399 1067 2444 1076 --

2057 1169 2174 1226 haec
2206 1171 2481 1226 animalia
2515 1188 2616 1226 nec
2649 1187 2879 1242 semper
2939 1171 3161 1240 vivunt,
3194 1176 3250 1227 et
3281 1173 3338 1226 in
3370 1172 3485 1228 illis
3517 1173 3702 1229 fervo-

2054 1252 2219 1306 ribus
2269 1253 2394 1308 sine
2444 1252 2740 1308 doloribus
2787 1253 3008 1317 vivunt,
3061 1269 3178 1307 sua:
3228 1253 3444 1324 quippe
3486 1260 3700 1309 naturae

2051 1333 2537 1389 convenientibus
2609 1339 2952 1403 vegetantur
2996 1333 3135 1401 illis,
3194 1350 3308 1388 non
3367 1334 3706 1390 cruciantur

2052 1415 2398 1483 elementis;
2451 1416 2617 1486 quasi
2690 1431 2804 1470 nou
2856 1415 3256 1470 incredibilius
3307 1415 3384 1470 sit
3427 1417 3701 1488 vegetari,

2051 1511 2226 1566 quam
2279 1495 2526 1551 cruciari
2576 1494 2793 1550 talibus
2843 1497 3036 1550 rebus.
3092 1495 3350 1550 Mirabile
3398 1501 3486 1551 est
3524 1496 3698 1567 enim,

2052 1573 2246 1628 dolere
2278 1574 2334 1628 in
2363 1574 2619 1643 ignibus,
2651 1578 2705 1628 et
2739 1582 2929 1628 tamen
2964 1574 3192 1627 vivere:
3229 1575 3324 1628 sed
3351 1573 3700 1637 mirabilius,

2051 1653 2238 1708 vivere
2271 1655 2329 1707 in
2364 1655 2620 1723 ignibus,
2657 1671 2760 1708 nec
2793 1653 3005 1710 dolere.
3061 1654 3120 1708 Si
3153 1662 3343 1709 autem
3379 1655 3484 1711 hoc
3511 1655 3702 1708 credi-

2053 1743 2166 1804 tur,
2201 1753 2308 1790 cur
2340 1752 2453 1790 non
2487 1740 2542 1789 et
2572 1735 2715 1788 illud
2739 1734 2766 1788 δὲ

2054 1893 2291 1950 CAPUT
2327 1894 2423 1950 lli.
2456 1925 2526 1934 —
2556 1895 2637 1948 An
2667 1910 2992 1966 consequens
3023 1896 3098 1948 sit
3128 1902 3189 1948 ut
3218 1910 3538 1965 corporeum
3559 1894 3702 1949 dolo-

2410 1992 2521 2029 rem
2549 1981 2812 2046 scquatur
2836 1975 3024 2029 carnis
3057 1977 3344 2029 interitus.

2127 2135 2176 2189 1.
2212 2134 2320 2189 Sed
2357 2133 2583 2188 nullum
2617 2142 2722 2199 est,
2757 2135 3051 2204 inquiunt,
3080 2149 3291 2203 corpus
3324 2135 3472 2203 quod
3507 2134 3701 2190 dolere

2055 2215 2260 2284 possit,
2296 2230 2399 2268 nec
2429 2213 2607 2284 possit
2643 2213 2802 2269 mori.
2841 2215 2903 2268 Et
2927 2214 3034 2268 hoc
3068 2217 3222 2268 unde
3255 2214 3476 2268 scimus
3499 2213 3526 2267 ?
3556 2215 3698 2268 Nam

2054 2298 2124 2350 de
2154 2296 2496 2366 corporibus
2528 2297 2655 2366 quis
2687 2300 2878 2351 certus
2910 2302 3000 2351 est
3031 2296 3383 2359 daemonum,
3419 2301 3617 2350 utrum
3640 2296 3698 2350 in

2052 2377 2135 2432 eis
2175 2376 2427 2443 doleant,
2460 2377 2693 2446 quando
2743 2391 2804 2430 se
2855 2376 3034 2446 afﬂigi
3080 2375 3309 2447 magnis
3349 2375 3701 2430 cruciatibus

2053 2458 2404 2511 confitentur
2443 2457 2519 2527 (α)
2553 2457 2582 2510 ?
2630 2457 2792 2521 Quod
2841 2459 2891 2511 si
2941 2460 3347 2527 respondetur,
3402 2462 3698 2511 terrenum

2053 2555 2265 2608 corpus
2295 2539 2542 2593 solidum
2576 2539 2800 2594 scilicet
2831 2544 3004 2611 atque
3052 2541 3434 2611 conspicuum
3469 2539 3697 2596 nullum

2052 2635 2201 2688 esse,
2237 2625 2409 2690 atque
2443 2623 2505 2673 ut
2531 2635 2644 2674 uno
2680 2621 2874 2691 potius
2908 2620 3140 2675 nomine
3165 2623 3218 2674 id
3244 2621 3543 2691 explicem,
3574 2621 3702 2675 nul-

2054 2698 2170 2753 lam
2205 2716 2330 2753 esse
2361 2717 2596 2754 carnem
2632 2718 2756 2771 quae
2789 2701 2979 2756 dolere
3030 2700 3234 2772 possit,
3296 2702 3552 2770 morique
3584 2718 3696 2756 non

2053 2781 2271 2850 possit:
2306 2781 2442 2850 quid
2477 2781 2634 2836 aliud
2673 2782 2905 2847 dicitur,
2944 2781 3055 2836 nisi
3088 2782 3241 2852 quod
3275 2798 3449 2836 sensu
3490 2798 3696 2852 corpo-

2053 2862 2132 2913 ris
2186 2861 2445 2915 homines
2499 2867 2556 2916 et
2603 2863 2956 2932 experientia
3004 2859 3416 2927 collegerunt?
3465 2861 3694 2916 Nullam

2054 2959 2307 3013 namque
2340 2959 2572 2998 carnem
2608 2945 2714 2997 nisi
2761 2945 3060 2998 mortalem
3112 2943 3338 2998 sciunt:
3373 2949 3430 2998 et
3463 2945 3576 2998 haec
3607 2948 3698 2997 est

2052 3037 2252 3076 eorum
2287 3028 2403 3076 tota
2426 3024 2592 3090 ratio,
2622 3029 2686 3077 ut
2715 3025 2866 3094 quod
2899 3024 3115 3094 experti
3149 3040 3262 3078 non
3294 3027 3451 3090 sunt,
3483 3039 3698 3094 nequa-

2051 3119 2226 3173 quam
2262 3120 2390 3158 esse
2422 3121 2591 3174 posse
2642 3105 3016 3159 arbitrentur.
3071 3105 3217 3159 Nam
3251 3108 3419 3174 cujus
3451 3105 3694 3159 rationis

2051 3189 2139 3237 est
2169 3183 2425 3238 dolorem
2465 3187 2648 3238 facere
2680 3185 2878 3238 mortis
2925 3191 3356 3255 argumentum,
3403 3200 3531 3238 cum
3565 3187 3692 3238 vitta

2053 3264 2244 3332 potius
2285 3266 2357 3318 sit
2391 3265 2718 3318 indicium?
2747 3267 2886 3320 Etsi
2915 3267 3070 3320 enim
3121 3266 3460 3335 qnmrimus,
3496 3270 3693 3319 utrum

2051 3359 2276 3413 semper
2334 3345 2515 3413 possit
2561 3346 2786 3398 vivere:
2849 3351 3066 3398 certum
3129 3356 3316 3398 tamen
3377 3355 3463 3398 est
3503 3345 3695 3399 vivere

2051 3438 2218 3476 omne
2251 3423 2404 3492 quod
2446 3424 2622 3488 dolet,
2673 3424 3048 3492 doloremque
3095 3439 3328 3477 omnem
3373 3424 3483 3477 nisi
3538 3425 3591 3476 in
3637 3439 3693 3478 re

2049 3504 2274 3557 vivente
2305 3519 2429 3558 esse
2462 3520 2572 3558 non
2627 3520 2816 3573 posse.
2859 3504 3104 3558 Necesse
3150 3510 3232 3556 est
3280 3518 3414 3572 ergo
3449 3507 3513 3556 ut
3542 3504 3694 3557 vivat

2049 3584 2273 3651 dolens,
2307 3600 2420 3638 non
2446 3591 2530 3637 est
2563 3599 2794 3637 necesse
2828 3593 2887 3637 ut
2934 3584 3162 3636 occidat
3193 3581 3388 3636 dolor:
3423 3582 3557 3651 quia
3588 3598 3694 3636 nec

2049 3680 2288 3735 corpora
2324 3663 2428 3718 ista
2462 3663 2756 3731 mortalia,
2789 3667 2844 3717 et
2896 3662 3100 3732 utique
3151 3662 3454 3729 moritura,
3501 3661 3694 3715 omnis

2046 3745 2208 3800 dolor
2237 3745 2487 3810 occidit;
2521 3749 2575 3798 et
2617 3752 2679 3797 ut
2723 3745 2886 3798 dolor
2936 3743 3148 3813 aliquis
3202 3743 3383 3810 possit
3413 3743 3692 3804 occidere.

2048 3825 2148 3881 illa
2179 3842 2354 3880 causa
2385 3835 2494 3892 est,
2529 3826 2802 3895 quoniam
2828 3826 2912 3879 sic
2935 3831 3018 3878 est
3043 3823 3239 3878 anima
3271 3839 3526 3877 connexa
3560 3823 3694 3880 huic

2046 3906 2290 3977 corpori,
2317 3911 2379 3959 ut
2401 3904 2648 3960 summis
2669 3904 2967 3960 doloribus
2989 3903 3175 3968 cedat,
3208 3909 3382 3973 atque
3413 3903 3692 3960 discedat:

2047 3987 2316 4056 quoniam
2349 3990 2405 4039 et
2444 3987 2574 4056 ipsa
2604 4001 2886 4056 compago
2921 3984 3310 4038 membrorum
3339 3990 3511 4054 atque
3541 3983 3694 4038 vita-

2047 4068 2188 4123 lium
2224 4067 2308 4122 sic
2333 4066 2568 4122 infirma
2598 4071 2708 4131 est,
2740 4069 2806 4119 ut
2834 4083 2961 4121 eam
2985 4065 3097 4119 vim
3135 4082 3261 4135 qua:
3299 4080 3572 4132 magnum
3607 4064 3694 4119 vel

2048 4163 2347 4204 summum
2384 4146 2641 4201 dolorem
2667 4147 2823 4214 facit,
2847 4162 2961 4201 non
2985 4144 3172 4198 valeat
3203 4145 3509 4199 sustinere.
3531 4145 3694 4199 Tunc

2047 4234 2240 4284 autem
2273 4226 2373 4280 tali
2425 4225 2651 4297 corpori
2685 4227 2881 4280 anima
2913 4230 2969 4279 et
2999 4241 3063 4279 eo
3109 4225 3474 4279 connectitur
3499 4225 3692 4289 modo,

2048 4314 2114 4364 ut
2146 4307 2286 4362 illud
2320 4307 2616 4362 vinculum
2644 4307 2789 4360 sicut
2821 4306 2983 4360 nulla
3017 4306 3294 4375 temporis
3325 4304 3692 4373 longitudine

2047 4388 2314 4455 solvitur,
2341 4387 2422 4442 ita
2453 4385 2612 4442 nullo
2644 4386 2840 4442 dolore
2873 4389 3196 4456 rumpatur.
3226 4385 3476 4440 Proinde
3499 4383 3696 4438 etiam-

2048 4468 2098 4522 si
2145 4483 2278 4523 caro
2329 4483 2482 4522 nunc
2526 4466 2658 4521 talis
2709 4465 2867 4520 nulla
2897 4471 3005 4530 est,
3053 4481 3172 4534 qua:
3205 4481 3445 4519 sensum
3477 4463 3696 4519 doloris

2049 4550 2270 4622 perpeti
2303 4548 2502 4619 possit,
2545 4553 2909 4618 mortemque
2949 4563 3064 4602 non
3099 4548 3321 4616 possit:
3356 4546 3462 4600 erit
3496 4550 3693 4601 tamen

2047 4637 2187 4686 tunc
2217 4628 2350 4684 talis
2377 4645 2533 4696 caro,
2567 4627 2754 4696 qualis
2814 4644 2970 4682 nunc
3030 4643 3141 4680 non
3197 4631 3329 4692 est;
3380 4627 3534 4680 sicut
3561 4625 3695 4679 talis

2045 4711 2152 4766 erit
2187 4716 2243 4763 et
2277 4726 2454 4776 mors,
2489 4709 2678 4779 qualis
2701 4723 2858 4762 nunc
2889 4723 3002 4762 non
3026 4711 3131 4762 est.
3165 4706 3290 4759 Non
3324 4704 3475 4758 enim
3510 4703 3692 4762 nulla,

2048 4791 2148 4845 sed
2183 4791 2537 4861 sempiterna
2569 4804 2722 4843 mors
2771 4788 2898 4852 erit,
2959 4787 3191 4855 quando
3225 4800 3331 4861 nec,
3356 4782 3544 4861 vivere
3575 4782 3693 4835 ani-

2049 4885 2146 4924 ma
2176 4860 2381 4939 poterit
2413 4869 2593 4923 Deum
2635 4882 2750 4921 non
2791 4864 3073 4922 habendo.
3107 4877 3212 4916 nec
3245 4860 3545 4915 doloribus
3571 4875 3694 4913 cor-

2049 4950 2205 5020 poris
2235 4964 2428 5005 carere
2461 4946 2778 5003 moriendo.
2815 4944 3007 4999 Prima
3037 4958 3194 4996 mors
3224 4939 3471 5020 animam
3495 4939 3692 5020 nolen-

2048 5018 2163 5084 tem
2199 5027 2416 5099 pellite
2447 5039 2705 5096 corpore,
2738 5023 2989 5078 secunda
3016 5036 3175 5076 mors
3205 5018 3462 5074 animam
3495 5018 3693 5076 nolen-

2106 5291 2184 5352 (al
2231 5292 2338 5341 Hoc
2365 5290 2572 5340 constat
2617 5302 2684 5338 ex
2720 5286 3068 5352 iiieronymo,
3099 5285 3286 5334 contra
3301 5279 3690 5352 j’igilantium,

2045 5345 2207 5403 et‘in
2270 5353 2547 5416 Epitaphio
2607 5351 2845 5416 Paulae;
2888 5345 3000 5416 _‘éx_
3042 5347 3244 5396 Joanne
3266 5345 3689 5416 “Chrysostoi‘no,

2046 5417 2273 5466 Homilia
2299 5405 2377 5470 66.
2409 5405 2474 5463 ad
2507 5405 3229 5479 p0pulurn_ltntioehenu_rn_5
3261 5405 3694 5479 Cyprianosﬁpi-

2050 5481 2188 5528 stola
2216 5479 2264 5536 2,
2296 5468 2669 5531 ad'Donatﬁm,
2701 5476 2930 5540 Epistolo
2961 5474 3042 5533 76,
3078 5474 3145 5522 ad
3182 5468 3433 5540 Magnum
3464 5468 3689 5540 ;_libris,

2046 5543 2114 5592 ad
2155 5533 2568 5599 Demetrianum,
2591 5542 2644 5588 et
2679 5533 3025 5588 de'ldolorum
3068 5534 3323 5599 vanitate.
3387 5533 3692 5599 Lactantius

2049 5604 2444 5670 institutionem
2489 5593 2625 5670 libro
2679 5601 2737 5670 2,_
2759 5615 2891 5670 cap._
2913 5599 2971 5648 16
3003 5611 3014 5646 :
3042 5618 3069 5670 ιε
3095 5596 3342 5670 Maximis.
3379 5593 3694 5670 saepenulﬁui-

2051 5667 2254 5716 latibus
2286 5667 2442 5716 editis
2472 5665 2743 5716 verberari
2772 5661 2900 5712 se‘et
2928 5681 2954 5707 «
2979 5661 3178 5714 ardere.
3236 5661 3289 5708 et
3327 5661 3437 5721 jam
3475 5661 3691 5720 jamque

2056 5730 2199 5781 exire
2231 5730 2563 5794 proclamant
2595 5727 2943 5788 (daemones).
2976 5743 3003 5770 »
3051 5724 3308 5778 Coenum.
