  <div class='ocr_page' id='page_1' title='image "/cluster/home/n/w/nwhite01/storage/ocr_20150623/41/hvd.32044096580634/361.png"; bbox 0 0 4146 6198; ppageno 0'>
   <div class='ocr_carea' id='block_1_1' title="bbox 429 343 546 404">
    <p class='ocr_par' dir='ltr' id='par_1_1' title="bbox 429 343 546 404">
     <span class='ocr_line' id='line_1_1' title="bbox 429 343 546 404; baseline -0.017 0"><span class='ocrx_word' id='word_1_1' title='bbox 429 343 546 404; x_wconf 81' lang='grc'>711</span> 
     </span>
    </p>
   </div>
   <div class='ocr_carea' id='block_1_2' title="bbox 429 459 2074 544">
    <p class='ocr_par' dir='ltr' id='par_1_2' title="bbox 429 459 2074 544">
     <span class='ocr_line' id='line_1_2' title="bbox 429 459 2074 544; baseline -0.021 -3"><span class='ocrx_word' id='word_1_2' title='bbox 429 487 551 541; x_wconf 89' lang='lat' dir='ltr'>tem</span> <span class='ocrx_word' id='word_1_3' title='bbox 582 484 739 537; x_wconf 88' lang='lat' dir='ltr'>tenet</span> <span class='ocrx_word' id='word_1_4' title='bbox 767 475 827 531; x_wconf 89' lang='lat' dir='ltr'>in</span> <span class='ocrx_word' id='word_1_5' title='bbox 853 484 1128 544; x_wconf 88' lang='lat' dir='ltr'>corpore:</span> <span class='ocrx_word' id='word_1_6' title='bbox 1165 465 1238 522; x_wconf 91' lang='lat' dir='ltr'>ab</span> <span class='ocrx_word' id='word_1_7' title='bbox 1280 459 1560 544; x_wconf 76' lang='lat' dir='ltr'>utraque‘</span> <span class='ocrx_word' id='word_1_8' title='bbox 1596 464 1779 544; x_wconf 67' lang='lat' dir='ltr'>morte</span> <span class='ocrx_word' id='word_1_9' title='bbox 1808 469 2074 544; x_wconf 79' lang='lat' dir='ltr'>commu-</span> 
     </span>
    </p>
   </div>
   <div class='ocr_carea' id='block_1_3' title="bbox 431 536 2076 621">
    <p class='ocr_par' dir='ltr' id='par_1_3' title="bbox 431 536 2076 621">
     <span class='ocr_line' id='line_1_3' title="bbox 431 536 2076 621; baseline -0.018 -2"><span class='ocrx_word' id='word_1_10' title='bbox 690 536 1052 619; x_wconf 46' lang='lat' dir='ltr'>habetur,&#39;ut</span> <span class='ocrx_word' id='word_1_11' title='bbox 1086 547 1242 621; x_wconf 89' lang='lat' dir='ltr'>quod</span> <span class='ocrx_word' id='word_1_12' title='bbox 1291 560 1407 600; x_wconf 90' lang='lat' dir='ltr'>non</span> <span class='ocrx_word' id='word_1_13' title='bbox 1453 540 1579 598; x_wconf 84' lang='lat' dir='ltr'>vult</span> <span class='ocrx_word' id='word_1_14' title='bbox 1610 537 1823 606; x_wconf 85' lang='lat' dir='ltr'>anima,</span> <span class='ocrx_word' id='word_1_15' title='bbox 1866 536 1938 592; x_wconf 93' lang='lat' dir='ltr'>de</span> <span class='ocrx_word' id='word_1_16' title='bbox 1969 549 2076 591; x_wconf 91' lang='lat' dir='ltr'>suo</span> 
     </span>
    </p>
   </div>
   <div class='ocr_carea' id='block_1_4' title="bbox 430 637 964 713">
    <p class='ocr_par' dir='ltr' id='par_1_4' title="bbox 430 637 964 713">
     <span class='ocr_line' id='line_1_4' title="bbox 430 637 964 713; baseline -0.017 -14"><span class='ocrx_word' id='word_1_17' title='bbox 430 657 666 713; x_wconf 91' lang='lat' dir='ltr'>corpore</span> <span class='ocrx_word' id='word_1_18' title='bbox 691 637 964 710; x_wconf 87' lang='lat' dir='ltr'>patiatur.</span> 
     </span>
    </p>
   </div>
   <div class='ocr_carea' id='block_1_5' title="bbox 502 697 2076 778">
    <p class='ocr_par' dir='ltr' id='par_1_5' title="bbox 502 697 2076 778">
     <span class='ocr_line' id='line_1_5' title="bbox 502 697 2076 778; baseline -0.017 -2"><span class='ocrx_word' id='word_1_19' title='bbox 605 697 926 776; x_wconf 74' lang='lat' dir='ltr'>Attendunt</span> <span class='ocrx_word' id='word_1_20' title='bbox 977 718 1170 768; x_wconf 90' lang='lat' dir='ltr'>autem</span> <span class='ocrx_word' id='word_1_21' title='bbox 1220 708 1317 763; x_wconf 90' lang='lat' dir='ltr'>isti</span> <span class='ocrx_word' id='word_1_22' title='bbox 1366 702 1822 761; x_wconf 72' lang='lat' dir='ltr'>contradictores</span> <span class='ocrx_word' id='word_1_23' title='bbox 1854 697 2076 754; x_wconf 90' lang='lat' dir='ltr'>nullam</span> 
     </span>
    </p>
   </div>
   <div class='ocr_carea' id='block_1_6' title="bbox 430 779 2079 863">
    <p class='ocr_par' dir='ltr' id='par_1_6' title="bbox 430 779 2079 863">
     <span class='ocr_line' id='line_1_6' title="bbox 430 779 2079 863; baseline -0.018 -4"><span class='ocrx_word' id='word_1_24' title='bbox 430 819 558 859; x_wconf 86' lang='lat' dir='ltr'>esse</span> <span class='ocrx_word' id='word_1_25' title='bbox 591 815 744 855; x_wconf 89' lang='lat' dir='ltr'>nunc</span> <span class='ocrx_word' id='word_1_26' title='bbox 775 811 1034 859; x_wconf 90' lang='lat' dir='ltr'>carnem,</span> <span class='ocrx_word' id='word_1_27' title='bbox 1078 807 1204 863; x_wconf 71' lang='lat' dir='ltr'>quas</span> <span class='ocrx_word' id='word_1_28' title='bbox 1238 787 1491 844; x_wconf 83' lang='lat' dir='ltr'>dolorem</span> <span class='ocrx_word' id='word_1_29' title='bbox 1545 783 1662 855; x_wconf 90' lang='lat' dir='ltr'>pati</span> <span class='ocrx_word' id='word_1_30' title='bbox 1697 779 1892 853; x_wconf 88' lang='lat' dir='ltr'>possit,</span> <span class='ocrx_word' id='word_1_31' title='bbox 1923 793 2079 832; x_wconf 89' lang='lat' dir='ltr'>mor-</span> 
     </span>
    </p>
   </div>
   <div class='ocr_carea' id='block_1_7' title="bbox 431 867 2077 954">
    <p class='ocr_par' dir='ltr' id='par_1_7' title="bbox 431 867 2077 954">
     <span class='ocr_line' id='line_1_7' title="bbox 431 867 2077 954; baseline -0.017 -14"><span class='ocrx_word' id='word_1_32' title='bbox 431 890 667 954; x_wconf 89' lang='lat' dir='ltr'>temque</span> <span class='ocrx_word' id='word_1_33' title='bbox 712 896 825 934; x_wconf 91' lang='lat' dir='ltr'>non</span> <span class='ocrx_word' id='word_1_34' title='bbox 878 878 1100 948; x_wconf 90' lang='lat' dir='ltr'>possit;</span> <span class='ocrx_word' id='word_1_35' title='bbox 1134 877 1189 927; x_wconf 89' lang='lat' dir='ltr'>et</span> <span class='ocrx_word' id='word_1_36' title='bbox 1222 887 1335 924; x_wconf 92' lang='lat' dir='ltr'>non</span> <span class='ocrx_word' id='word_1_37' title='bbox 1383 867 1691 922; x_wconf 84' lang='lat' dir='ltr'>attendunt</span> <span class='ocrx_word' id='word_1_38' title='bbox 1715 877 1860 954; x_wconf 58' lang='lat' dir='ltr'>esse</span> <span class='ocrx_word' id='word_1_39' title='bbox 1882 867 2077 952; x_wconf 82' lang='lat' dir='ltr'>tamen</span> 
     </span>
    </p>
   </div>
   <div class='ocr_carea' id='block_1_8' title="bbox 432 941 2080 1035">
    <p class='ocr_par' dir='ltr' id='par_1_8' title="bbox 432 941 2080 1035">
     <span class='ocr_line' id='line_1_8' title="bbox 432 941 2080 1035; baseline -0.018 -13"><span class='ocrx_word' id='word_1_40' title='bbox 432 941 650 1035; x_wconf 77' lang='lat' dir='ltr'>aliquid</span> <span class='ocrx_word' id='word_1_41' title='bbox 688 960 801 1016; x_wconf 93' lang='lat' dir='ltr'>tale</span> <span class='ocrx_word' id='word_1_42' title='bbox 851 941 1005 1030; x_wconf 76' lang='lat' dir='ltr'>quod</span> <span class='ocrx_word' id='word_1_43' title='bbox 1056 941 1292 1023; x_wconf 80' lang='lat' dir='ltr'><strong>oorpore</strong></span> <span class='ocrx_word' id='word_1_44' title='bbox 1343 951 1535 1020; x_wconf 82' lang='lat' dir='ltr'>majus</span> <span class='ocrx_word' id='word_1_45' title='bbox 1585 946 1842 1035; x_wconf 31' lang='lat' dir='ltr'>sitzlpse</span> <span class='ocrx_word' id='word_1_46' title='bbox 1865 941 2080 1032; x_wconf 80' lang='lat' dir='ltr'>quippe</span> 
     </span>
    </p>
   </div>
   <div class='ocr_carea' id='block_1_9' title="bbox 431 1023 2079 1112">
    <p class='ocr_par' dir='ltr' id='par_1_9' title="bbox 431 1023 2079 1112">
     <span class='ocr_line' id='line_1_9' title="bbox 431 1023 2079 1112; baseline -0.017 -10"><span class='ocrx_word' id='word_1_47' title='bbox 431 1023 690 1112; x_wconf 73' lang='lat' dir='ltr'>animus,</span> <span class='ocrx_word' id='word_1_48' title='bbox 742 1023 910 1111; x_wconf 45' lang='lat' dir='ltr'>cuju-s</span> <span class='ocrx_word' id='word_1_49' title='bbox 961 1035 1272 1111; x_wconf 70' lang='lat' dir='ltr'>praesentia</span> <span class='ocrx_word' id='word_1_50' title='bbox 1322 1047 1534 1101; x_wconf 89' lang='lat' dir='ltr'>corpus</span> <span class='ocrx_word' id='word_1_51' title='bbox 1582 1026 1722 1082; x_wconf 90' lang='lat' dir='ltr'>vivit</span> <span class='ocrx_word' id='word_1_52' title='bbox 1751 1031 1808 1080; x_wconf 90' lang='lat' dir='ltr'>et</span> <span class='ocrx_word' id='word_1_53' title='bbox 1839 1023 2079 1112; x_wconf 56' lang='lat' dir='ltr'>regitur,</span> 
     </span>
    </p>
   </div>
   <div class='ocr_carea' id='block_1_10' title="bbox 431 1103 2081 1192">
    <p class='ocr_par' dir='ltr' id='par_1_10' title="bbox 431 1103 2081 1192">
     <span class='ocr_line' id='line_1_10' title="bbox 431 1103 2081 1192; baseline -0.016 -10"><span class='ocrx_word' id='word_1_54' title='bbox 431 1136 486 1182; x_wconf 88' lang='lat' dir='ltr'>et</span> <span class='ocrx_word' id='word_1_55' title='bbox 515 1103 775 1180; x_wconf 77' lang='lat' dir='ltr'>dolorem</span> <span class='ocrx_word' id='word_1_56' title='bbox 811 1103 1205 1192; x_wconf 31' lang='lat' dir='ltr'>“pati&#39;potest,</span> <span class='ocrx_word' id='word_1_57' title='bbox 1254 1118 1314 1168; x_wconf 89' lang='lat' dir='ltr'>et</span> <span class='ocrx_word' id='word_1_58' title='bbox 1362 1112 1508 1166; x_wconf 89' lang='lat' dir='ltr'>mori</span> <span class='ocrx_word' id='word_1_59' title='bbox 1553 1125 1676 1192; x_wconf 85' lang='lat' dir='ltr'>non</span> <span class='ocrx_word' id='word_1_60' title='bbox 1702 1103 2081 1192; x_wconf 71' lang='lat' dir='ltr'>potest._Ecce</span> 
     </span>
    </p>
   </div>
   <div class='ocr_carea' id='block_1_11' title="bbox 434 1184 2077 1270">
    <p class='ocr_par' dir='ltr' id='par_1_11' title="bbox 434 1184 2077 1270">
     <span class='ocr_line' id='line_1_11' title="bbox 434 1184 2077 1270; baseline -0.016 -7"><span class='ocrx_word' id='word_1_61' title='bbox 434 1207 671 1262; x_wconf 89' lang='lat' dir='ltr'>inventa</span> <span class='ocrx_word' id='word_1_62' title='bbox 701 1220 793 1258; x_wconf 87' lang='lat' dir='ltr'>res</span> <span class='ocrx_word' id='word_1_63' title='bbox 825 1184 936 1266; x_wconf 79' lang='lat' dir='ltr'>est,</span> <span class='ocrx_word' id='word_1_64' title='bbox 974 1184 1100 1270; x_wconf 80' lang='lat' dir='ltr'>quae</span> <span class='ocrx_word' id='word_1_65' title='bbox 1133 1184 1264 1251; x_wconf 89' lang='lat' dir='ltr'>cum</span> <span class='ocrx_word' id='word_1_66' title='bbox 1315 1207 1553 1249; x_wconf 83' lang='lat' dir='ltr'>sensum</span> <span class='ocrx_word' id='word_1_67' title='bbox 1587 1187 1804 1270; x_wconf 85' lang='lat' dir='ltr'>doloris</span> <span class='ocrx_word' id='word_1_68' title='bbox 1851 1184 2077 1270; x_wconf 79' lang='lat' dir='ltr'>babeat,</span> 
     </span>
    </p>
   </div>
   <div class='ocr_carea' id='block_1_12' title="bbox 438 1267 2084 1349">
    <p class='ocr_par' dir='ltr' id='par_1_12' title="bbox 438 1267 2084 1349">
     <span class='ocr_line' id='line_1_12' title="bbox 438 1267 2084 1349; baseline -0.016 -6"><span class='ocrx_word' id='word_1_69' title='bbox 438 1283 792 1343; x_wconf 81' lang='lat' dir='ltr'>immortalis</span> <span class='ocrx_word' id='word_1_70' title='bbox 823 1286 930 1339; x_wconf 89' lang='lat' dir='ltr'>est.</span> <span class='ocrx_word' id='word_1_71' title='bbox 981 1267 1095 1334; x_wconf 73' lang='lat' dir='ltr'>Hoc</span> <span class='ocrx_word' id='word_1_72' title='bbox 1125 1277 1296 1349; x_wconf 87' lang='lat' dir='ltr'>igitur</span> <span class='ocrx_word' id='word_1_73' title='bbox 1326 1273 1435 1330; x_wconf 90' lang='lat' dir='ltr'>erit</span> <span class='ocrx_word' id='word_1_74' title='bbox 1484 1280 1620 1326; x_wconf 91' lang='lat' dir='ltr'>tunc</span> <span class='ocrx_word' id='word_1_75' title='bbox 1651 1267 1919 1349; x_wconf 88' lang='lat' dir='ltr'>etiamin</span> <span class='ocrx_word' id='word_1_76' title='bbox 1953 1281 2084 1349; x_wconf 81' lang='lat' dir='ltr'>cor-</span> 
     </span>
    </p>
   </div>
   <div class='ocr_carea' id='block_1_13' title="bbox 440 1345 2082 1441">
    <p class='ocr_par' dir='ltr' id='par_1_13' title="bbox 440 1345 2082 1441">
     <span class='ocr_line' id='line_1_13' title="bbox 440 1345 2082 1441; baseline -0.016 -17"><span class='ocrx_word' id='word_1_77' title='bbox 440 1369 680 1441; x_wconf 85' lang='lat' dir='ltr'>poribus</span> <span class='ocrx_word' id='word_1_78' title='bbox 710 1345 1174 1427; x_wconf 45' lang='lat' dir='ltr'>damnatorum;</span> <span class='ocrx_word' id='word_1_79' title='bbox 1197 1357 1349 1428; x_wconf 89' lang='lat' dir='ltr'>quod</span> <span class='ocrx_word' id='word_1_80' title='bbox 1401 1370 1557 1441; x_wconf 78' lang='lat' dir='ltr'>nunc</span> <span class='ocrx_word' id='word_1_81' title='bbox 1603 1367 1730 1406; x_wconf 91' lang='lat' dir='ltr'>esse</span> <span class='ocrx_word' id='word_1_82' title='bbox 1770 1348 1990 1441; x_wconf 63' lang='lat' dir='ltr'>scimus</span> <span class='ocrx_word' id='word_1_83' title='bbox 2025 1345 2082 1399; x_wconf 91' lang='lat' dir='ltr'>in</span> 
     </span>
    </p>
   </div>
   <div class='ocr_carea' id='block_1_14' title="bbox 437 1426 2082 1505">
    <p class='ocr_par' dir='ltr' id='par_1_14' title="bbox 437 1426 2082 1505">
     <span class='ocr_line' id='line_1_14' title="bbox 437 1426 2082 1505; baseline -0.016 -1"><span class='ocrx_word' id='word_1_84' title='bbox 437 1426 648 1505; x_wconf 71' lang='lat' dir='ltr'>animis</span> <span class='ocrx_word' id='word_1_85' title='bbox 679 1445 959 1500; x_wconf 89' lang='lat' dir='ltr'>omnium.</span> <span class='ocrx_word' id='word_1_86' title='bbox 1015 1440 1072 1496; x_wconf 91' lang='lat' dir='ltr'>Si</span> <span class='ocrx_word' id='word_1_87' title='bbox 1110 1426 1304 1494; x_wconf 76' lang='lat' dir='ltr'>autem</span> <span class='ocrx_word' id='word_1_88' title='bbox 1356 1433 1794 1490; x_wconf 87' lang='lat' dir='ltr'>consideremus</span> <span class='ocrx_word' id='word_1_89' title='bbox 1836 1426 2082 1496; x_wconf 87' lang='lat' dir='ltr'>diligen-</span> 
     </span>
    </p>
   </div>
   <div class='ocr_carea' id='block_1_15' title="bbox 439 1509 2082 1596">
    <p class='ocr_par' dir='ltr' id='par_1_15' title="bbox 439 1509 2082 1596">
     <span class='ocr_line' id='line_1_15' title="bbox 439 1509 2082 1596; baseline -0.015 -13"><span class='ocrx_word' id='word_1_90' title='bbox 439 1529 580 1593; x_wconf 91' lang='lat' dir='ltr'>tius,</span> <span class='ocrx_word' id='word_1_91' title='bbox 614 1528 776 1581; x_wconf 86' lang='lat' dir='ltr'>dolor</span> <span class='ocrx_word' id='word_1_92' title='bbox 806 1525 906 1595; x_wconf 89' lang='lat' dir='ltr'>qui</span> <span class='ocrx_word' id='word_1_93' title='bbox 939 1522 1147 1577; x_wconf 91' lang='lat' dir='ltr'>dicitur</span> <span class='ocrx_word' id='word_1_94' title='bbox 1193 1516 1481 1596; x_wconf 83' lang='lat' dir='ltr'>corporis,</span> <span class='ocrx_word' id='word_1_95' title='bbox 1516 1512 1695 1584; x_wconf 87' lang='lat' dir='ltr'>magis</span> <span class='ocrx_word' id='word_1_96' title='bbox 1727 1511 1793 1566; x_wconf 89' lang='lat' dir='ltr'>ad</span> <span class='ocrx_word' id='word_1_97' title='bbox 1823 1509 2082 1596; x_wconf 79' lang='lat' dir='ltr'>animam</span> 
     </span>
    </p>
   </div>
   <div class='ocr_carea' id='block_1_16' title="bbox 441 1595 2081 1679">
    <p class='ocr_par' dir='ltr' id='par_1_16' title="bbox 441 1595 2081 1679">
     <span class='ocr_line' id='line_1_16' title="bbox 441 1595 2081 1679; baseline -0.016 -15"><span class='ocrx_word' id='word_1_98' title='bbox 441 1610 712 1679; x_wconf 88' lang='lat' dir='ltr'>pertinet.</span> <span class='ocrx_word' id='word_1_99' title='bbox 772 1606 994 1660; x_wconf 64' lang='lat' dir='ltr'>Animas</span> <span class='ocrx_word' id='word_1_100' title='bbox 1052 1601 1210 1656; x_wconf 86' lang='lat' dir='ltr'>enim</span> <span class='ocrx_word' id='word_1_101' title='bbox 1251 1602 1341 1653; x_wconf 92' lang='lat' dir='ltr'>est</span> <span class='ocrx_word' id='word_1_102' title='bbox 1395 1595 1624 1679; x_wconf 61' lang='lat' dir='ltr'>dolere,</span> <span class='ocrx_word' id='word_1_103' title='bbox 1654 1608 1768 1647; x_wconf 89' lang='lat' dir='ltr'>non</span> <span class='ocrx_word' id='word_1_104' title='bbox 1805 1595 2081 1660; x_wconf 83' lang='lat' dir='ltr'>corporis.</span> 
     </span>
    </p>
   </div>
   <div class='ocr_carea' id='block_1_17' title="bbox 437 1672 2081 1756">
    <p class='ocr_par' dir='ltr' id='par_1_17' title="bbox 437 1672 2081 1756">
     <span class='ocr_line' id='line_1_17' title="bbox 437 1672 2081 1756; baseline -0.014 -13"><span class='ocrx_word' id='word_1_105' title='bbox 437 1672 614 1743; x_wconf 77' lang='lat' dir='ltr'>etiam</span> <span class='ocrx_word' id='word_1_106' title='bbox 648 1686 882 1756; x_wconf 78' lang='lat' dir='ltr'>quando</span> <span class='ocrx_word' id='word_1_107' title='bbox 933 1683 982 1736; x_wconf 91' lang='lat' dir='ltr'>ei</span> <span class='ocrx_word' id='word_1_108' title='bbox 1038 1679 1271 1733; x_wconf 89' lang='lat' dir='ltr'>dolendi</span> <span class='ocrx_word' id='word_1_109' title='bbox 1323 1692 1492 1731; x_wconf 84' lang='lat' dir='ltr'>causa</span> <span class='ocrx_word' id='word_1_110' title='bbox 1541 1672 1732 1729; x_wconf 75' lang='lat' dir='ltr'>existit</span> <span class='ocrx_word' id='word_1_111' title='bbox 1763 1682 2081 1756; x_wconf 26' lang='lat' dir='ltr'>ancorpore,</span> 
     </span>
    </p>
   </div>
   <div class='ocr_carea' id='block_1_18' title="bbox 437 1750 2086 1826">
    <p class='ocr_par' dir='ltr' id='par_1_18' title="bbox 437 1750 2086 1826">
     <span class='ocr_line' id='line_1_18' title="bbox 437 1750 2086 1826; baseline -0.012 -3"><span class='ocrx_word' id='word_1_112' title='bbox 437 1783 573 1824; x_wconf 90' lang='lat' dir='ltr'>cum</span> <span class='ocrx_word' id='word_1_113' title='bbox 605 1750 757 1820; x_wconf 49' lang='lat' dir='ltr'>in-eo</span> <span class='ocrx_word' id='word_1_114' title='bbox 789 1763 914 1818; x_wconf 89' lang='lat' dir='ltr'>loco</span> <span class='ocrx_word' id='word_1_115' title='bbox 947 1761 1124 1826; x_wconf 87' lang='lat' dir='ltr'>dolet,</span> <span class='ocrx_word' id='word_1_116' title='bbox 1161 1758 1258 1812; x_wconf 92' lang='lat' dir='ltr'>ubi</span> <span class='ocrx_word' id='word_1_117' title='bbox 1290 1756 1517 1811; x_wconf 72' lang='lat' dir='ltr'>laeditur</span> <span class='ocrx_word' id='word_1_118' title='bbox 1549 1769 1778 1823; x_wconf 90' lang='lat' dir='ltr'>corpus.</span> <span class='ocrx_word' id='word_1_119' title='bbox 1813 1750 1975 1804; x_wconf 91' lang='lat' dir='ltr'>Sicut</span> <span class='ocrx_word' id='word_1_120' title='bbox 2003 1766 2086 1804; x_wconf 87' lang='lat' dir='ltr'>er-</span> 
     </span>
    </p>
   </div>
   <div class='ocr_carea' id='block_1_19' title="bbox 438 1831 2083 1919">
    <p class='ocr_par' dir='ltr' id='par_1_19' title="bbox 438 1831 2083 1919">
     <span class='ocr_line' id='line_1_19' title="bbox 438 1831 2083 1919; baseline -0.012 -16"><span class='ocrx_word' id='word_1_121' title='bbox 438 1864 509 1919; x_wconf 90' lang='lat' dir='ltr'>go</span> <span class='ocrx_word' id='word_1_122' title='bbox 542 1845 792 1902; x_wconf 85' lang='lat' dir='ltr'>dicimus</span> <span class='ocrx_word' id='word_1_123' title='bbox 822 1858 1064 1914; x_wconf 88' lang='lat' dir='ltr'>corpora</span> <span class='ocrx_word' id='word_1_124' title='bbox 1095 1836 1426 1901; x_wconf 80' lang='lat' dir='ltr'>sentientis,</span> <span class='ocrx_word' id='word_1_125' title='bbox 1459 1839 1514 1890; x_wconf 91' lang='lat' dir='ltr'>et</span> <span class='ocrx_word' id='word_1_126' title='bbox 1544 1848 1784 1904; x_wconf 87' lang='lat' dir='ltr'>corpora</span> <span class='ocrx_word' id='word_1_127' title='bbox 1814 1831 2083 1899; x_wconf 89' lang='lat' dir='ltr'>viventia,</span> 
     </span>
    </p>
   </div>
   <div class='ocr_carea' id='block_1_20' title="bbox 437 1912 2088 1989">
    <p class='ocr_par' dir='ltr' id='par_1_20' title="bbox 437 1912 2088 1989">
     <span class='ocr_line' id='line_1_20' title="bbox 437 1912 2088 1989; baseline -0.012 -6"><span class='ocrx_word' id='word_1_128' title='bbox 437 1912 571 1983; x_wconf 66' lang='lat' dir='ltr'>cum</span> <span class='ocrx_word' id='word_1_129' title='bbox 601 1927 671 1981; x_wconf 90' lang='lat' dir='ltr'>ab</span> <span class='ocrx_word' id='word_1_130' title='bbox 722 1912 939 1979; x_wconf 25' lang='lat' dir='ltr'>animai</span> <span class='ocrx_word' id='word_1_131' title='bbox 963 1921 1040 1976; x_wconf 89' lang='lat' dir='ltr'>sit</span> <span class='ocrx_word' id='word_1_132' title='bbox 1089 1917 1355 1989; x_wconf 73' lang='lat' dir='ltr'>corpori’</span> <span class='ocrx_word' id='word_1_133' title='bbox 1388 1931 1598 1970; x_wconf 88' lang='lat' dir='ltr'>sensus</span> <span class='ocrx_word' id='word_1_134' title='bbox 1631 1918 1686 1967; x_wconf 91' lang='lat' dir='ltr'>et</span> <span class='ocrx_word' id='word_1_135' title='bbox 1726 1913 1878 1978; x_wconf 85' lang='lat' dir='ltr'>vita;</span> <span class='ocrx_word' id='word_1_136' title='bbox 1910 1912 1992 1966; x_wconf 90' lang='lat' dir='ltr'>ita</span> <span class='ocrx_word' id='word_1_137' title='bbox 2032 1921 2088 1965; x_wconf 88' lang='lat' dir='ltr'>et</span> 
     </span>
    </p>
   </div>
   <div class='ocr_carea' id='block_1_21' title="bbox 436 1991 2086 2079">
    <p class='ocr_par' dir='ltr' id='par_1_21' title="bbox 436 1991 2086 2079">
     <span class='ocr_line' id='line_1_21' title="bbox 436 1991 2086 2079; baseline -0.012 -13"><span class='ocrx_word' id='word_1_138' title='bbox 436 2024 677 2079; x_wconf 89' lang='lat' dir='ltr'>corpora</span> <span class='ocrx_word' id='word_1_139' title='bbox 708 2005 952 2060; x_wconf 86' lang='lat' dir='ltr'>dicimus</span> <span class='ocrx_word' id='word_1_140' title='bbox 985 2001 1258 2065; x_wconf 86' lang='lat' dir='ltr'>dolentia,</span> <span class='ocrx_word' id='word_1_141' title='bbox 1305 2013 1440 2053; x_wconf 88' lang='lat' dir='ltr'>cum</span> <span class='ocrx_word' id='word_1_142' title='bbox 1494 1995 1658 2050; x_wconf 93' lang='lat' dir='ltr'>dolor</span> <span class='ocrx_word' id='word_1_143' title='bbox 1697 1993 1923 2079; x_wconf 82' lang='lat' dir='ltr'>corpori</span> <span class='ocrx_word' id='word_1_144' title='bbox 1971 1991 2086 2047; x_wconf 87' lang='lat' dir='ltr'>nisi</span> 
     </span>
    </p>
   </div>
   <div class='ocr_carea' id='block_1_22' title="bbox 440 2073 2086 2151">
    <p class='ocr_par' dir='ltr' id='par_1_22' title="bbox 440 2073 2086 2151">
     <span class='ocr_line' id='line_1_22' title="bbox 440 2073 2086 2151; baseline -0.008 -8"><span class='ocrx_word' id='word_1_145' title='bbox 440 2091 512 2144; x_wconf 90' lang='lat' dir='ltr'>ab</span> <span class='ocrx_word' id='word_1_146' title='bbox 543 2073 745 2142; x_wconf 73' lang='lat' dir='ltr'>anima</span> <span class='ocrx_word' id='word_1_147' title='bbox 775 2099 905 2140; x_wconf 86' lang='lat' dir='ltr'>esse</span> <span class='ocrx_word' id='word_1_148' title='bbox 937 2099 1051 2138; x_wconf 91' lang='lat' dir='ltr'>non</span> <span class='ocrx_word' id='word_1_149' title='bbox 1083 2079 1284 2151; x_wconf 83' lang='lat' dir='ltr'>possit.</span> <span class='ocrx_word' id='word_1_150' title='bbox 1323 2076 1485 2132; x_wconf 90' lang='lat' dir='ltr'>Dolet</span> <span class='ocrx_word' id='word_1_151' title='bbox 1514 2077 1709 2145; x_wconf 90' lang='lat' dir='ltr'>itaque</span> <span class='ocrx_word' id='word_1_152' title='bbox 1735 2073 1921 2128; x_wconf 89' lang='lat' dir='ltr'>anima</span> <span class='ocrx_word' id='word_1_153' title='bbox 1954 2090 2086 2130; x_wconf 92' lang='lat' dir='ltr'>cum</span> 
     </span>
    </p>
   </div>
   <div class='ocr_carea' id='block_1_23' title="bbox 441 2153 2091 2239">
    <p class='ocr_par' dir='ltr' id='par_1_23' title="bbox 441 2153 2091 2239">
     <span class='ocr_line' id='line_1_23' title="bbox 441 2153 2091 2239; baseline -0.007 -16"><span class='ocrx_word' id='word_1_154' title='bbox 441 2181 679 2239; x_wconf 89' lang='lat' dir='ltr'>corpore</span> <span class='ocrx_word' id='word_1_155' title='bbox 712 2167 769 2221; x_wconf 89' lang='lat' dir='ltr'>in</span> <span class='ocrx_word' id='word_1_156' title='bbox 820 2179 886 2219; x_wconf 94' lang='lat' dir='ltr'>eo</span> <span class='ocrx_word' id='word_1_157' title='bbox 919 2163 1043 2218; x_wconf 91' lang='lat' dir='ltr'>loco</span> <span class='ocrx_word' id='word_1_158' title='bbox 1091 2161 1236 2232; x_wconf 86' lang='lat' dir='ltr'>ejus,</span> <span class='ocrx_word' id='word_1_159' title='bbox 1272 2158 1383 2239; x_wconf 88' lang='lat' dir='ltr'>ubi</span> <span class='ocrx_word' id='word_1_160' title='bbox 1422 2155 1640 2239; x_wconf 84' lang='lat' dir='ltr'>aliquid</span> <span class='ocrx_word' id='word_1_161' title='bbox 1694 2153 1976 2223; x_wconf 72' lang='lat' dir='ltr'>contingit</span> <span class='ocrx_word' id='word_1_162' title='bbox 2026 2159 2091 2211; x_wconf 89' lang='lat' dir='ltr'>ut</span> 
     </span>
    </p>
   </div>
   <div class='ocr_carea' id='block_1_24' title="bbox 441 2235 2086 2310">
    <p class='ocr_par' dir='ltr' id='par_1_24' title="bbox 441 2235 2086 2310">
     <span class='ocr_line' id='line_1_24' title="bbox 441 2235 2086 2310; baseline -0.008 -7"><span class='ocrx_word' id='word_1_163' title='bbox 441 2235 653 2303; x_wconf 82' lang='lat' dir='ltr'>doleat.</span> <span class='ocrx_word' id='word_1_164' title='bbox 684 2245 850 2300; x_wconf 87' lang='lat' dir='ltr'>Dolet</span> <span class='ocrx_word' id='word_1_165' title='bbox 880 2248 937 2299; x_wconf 89' lang='lat' dir='ltr'>et</span> <span class='ocrx_word' id='word_1_166' title='bbox 969 2241 1114 2306; x_wconf 88' lang='lat' dir='ltr'>sola,</span> <span class='ocrx_word' id='word_1_167' title='bbox 1157 2238 1423 2310; x_wconf 87' lang='lat' dir='ltr'>quamvit</span> <span class='ocrx_word' id='word_1_168' title='bbox 1454 2237 1533 2291; x_wconf 85' lang='lat' dir='ltr'>sit</span> <span class='ocrx_word' id='word_1_169' title='bbox 1562 2235 1621 2291; x_wconf 91' lang='lat' dir='ltr'>in</span> <span class='ocrx_word' id='word_1_170' title='bbox 1659 2250 1921 2306; x_wconf 86' lang='lat' dir='ltr'>corpore,</span> <span class='ocrx_word' id='word_1_171' title='bbox 1955 2251 2086 2290; x_wconf 85' lang='lat' dir='ltr'>cum</span> 
     </span>
    </p>
   </div>
   <div class='ocr_carea' id='block_1_25' title="bbox 439 2315 2091 2399">
    <p class='ocr_par' dir='ltr' id='par_1_25' title="bbox 439 2315 2091 2399">
     <span class='ocr_line' id='line_1_25' title="bbox 439 2315 2091 2399; baseline -0.008 -16"><span class='ocrx_word' id='word_1_172' title='bbox 439 2327 637 2399; x_wconf 89' lang='lat' dir='ltr'>aliqua</span> <span class='ocrx_word' id='word_1_173' title='bbox 667 2341 844 2380; x_wconf 89' lang='lat' dir='ltr'>causa</span> <span class='ocrx_word' id='word_1_174' title='bbox 874 2323 1048 2379; x_wconf 89' lang='lat' dir='ltr'>etiam</span> <span class='ocrx_word' id='word_1_175' title='bbox 1102 2317 1386 2377; x_wconf 85' lang='lat' dir='ltr'>invisibili</span> <span class='ocrx_word' id='word_1_176' title='bbox 1441 2316 1624 2371; x_wconf 89' lang='lat' dir='ltr'>tristis</span> <span class='ocrx_word' id='word_1_177' title='bbox 1669 2319 1758 2371; x_wconf 90' lang='lat' dir='ltr'>est</span> <span class='ocrx_word' id='word_1_178' title='bbox 1805 2315 1934 2387; x_wconf 87' lang='lat' dir='ltr'>ipsa</span> <span class='ocrx_word' id='word_1_179' title='bbox 1964 2332 2091 2370; x_wconf 90' lang='lat' dir='ltr'>cor-</span> 
     </span>
    </p>
   </div>
   <div class='ocr_carea' id='block_1_26' title="bbox 441 2395 2091 2480">
    <p class='ocr_par' dir='ltr' id='par_1_26' title="bbox 441 2395 2091 2480">
     <span class='ocr_line' id='line_1_26' title="bbox 441 2395 2091 2480; baseline -0.009 -16"><span class='ocrx_word' id='word_1_180' title='bbox 441 2395 578 2480; x_wconf 78' lang='lat' dir='ltr'>pore</span> <span class='ocrx_word' id='word_1_181' title='bbox 610 2405 910 2462; x_wconf 89' lang='lat' dir='ltr'>incolumi.</span> <span class='ocrx_word' id='word_1_182' title='bbox 945 2401 1111 2459; x_wconf 80' lang='lat' dir='ltr'>Dolet</span> <span class='ocrx_word' id='word_1_183' title='bbox 1138 2401 1304 2456; x_wconf 77' lang='lat' dir='ltr'>etiarn</span> <span class='ocrx_word' id='word_1_184' title='bbox 1357 2414 1472 2453; x_wconf 92' lang='lat' dir='ltr'>non</span> <span class='ocrx_word' id='word_1_185' title='bbox 1507 2397 1565 2451; x_wconf 92' lang='lat' dir='ltr'>in</span> <span class='ocrx_word' id='word_1_186' title='bbox 1603 2411 1838 2465; x_wconf 89' lang='lat' dir='ltr'>corpore</span> <span class='ocrx_word' id='word_1_187' title='bbox 1870 2395 2091 2450; x_wconf 86' lang='lat' dir='ltr'>consti-</span> 
     </span>
    </p>
   </div>
   <div class='ocr_carea' id='block_1_27' title="bbox 441 2475 2089 2553">
    <p class='ocr_par' dir='ltr' id='par_1_27' title="bbox 441 2475 2089 2553">
     <span class='ocr_line' id='line_1_27' title="bbox 441 2475 2089 2553; baseline -0.009 -8"><span class='ocrx_word' id='word_1_188' title='bbox 441 2475 604 2546; x_wconf 77' lang='lat' dir='ltr'>tuta:</span> <span class='ocrx_word' id='word_1_189' title='bbox 644 2503 775 2542; x_wconf 91' lang='lat' dir='ltr'>nam</span> <span class='ocrx_word' id='word_1_190' title='bbox 811 2485 1007 2553; x_wconf 84' lang='lat' dir='ltr'>utique</span> <span class='ocrx_word' id='word_1_191' title='bbox 1038 2482 1265 2538; x_wconf 78' lang='lat' dir='ltr'>dolebat</span> <span class='ocrx_word' id='word_1_192' title='bbox 1310 2479 1468 2534; x_wconf 86' lang='lat' dir='ltr'>dives</span> <span class='ocrx_word' id='word_1_193' title='bbox 1518 2476 1615 2531; x_wconf 91' lang='lat' dir='ltr'>ille</span> <span class='ocrx_word' id='word_1_194' title='bbox 1665 2477 1816 2546; x_wconf 89' lang='lat' dir='ltr'>apud</span> <span class='ocrx_word' id='word_1_195' title='bbox 1848 2475 2089 2545; x_wconf 84' lang='lat' dir='ltr'>inferos,</span> 
     </span>
    </p>
   </div>
   <div class='ocr_carea' id='block_1_28' title="bbox 441 2557 2090 2640">
    <p class='ocr_par' dir='ltr' id='par_1_28' title="bbox 441 2557 2090 2640">
     <span class='ocr_line' id='line_1_28' title="bbox 441 2557 2090 2640; baseline -0.007 -17"><span class='ocrx_word' id='word_1_196' title='bbox 441 2569 676 2640; x_wconf 89' lang='lat' dir='ltr'>quando</span> <span class='ocrx_word' id='word_1_197' title='bbox 727 2566 977 2625; x_wconf 86' lang='lat' dir='ltr'>dicebat,</span> <span class='ocrx_word' id='word_1_198' title='bbox 1029 2563 1261 2620; x_wconf 64' lang='lat' dir='ltr'>Crucior</span> <span class='ocrx_word' id='word_1_199' title='bbox 1310 2559 1499 2640; x_wconf 12' lang='lat' dir='ltr'>initiae</span> <span class='ocrx_word' id='word_1_200' title='bbox 1528 2561 1758 2640; x_wconf 74' lang='lat' dir='ltr'>flamma</span> <span class='ocrx_word' id='word_1_201' title='bbox 1790 2557 2090 2640; x_wconf 29' lang='lat' dir='ltr'>(Lua-xvi,</span> 
     </span>
    </p>
   </div>
   <div class='ocr_carea' id='block_1_29' title="bbox 441 2637 2092 2719">
    <p class='ocr_par' dir='ltr' id='par_1_29' title="bbox 441 2637 2092 2719">
     <span class='ocr_line' id='line_1_29' title="bbox 441 2637 2092 2719; baseline -0.008 -15"><span class='ocrx_word' id='word_1_202' title='bbox 441 2637 552 2719; x_wconf 61' lang='lat'>24).</span> <span class='ocrx_word' id='word_1_203' title='bbox 585 2650 808 2718; x_wconf 87' lang='lat' dir='ltr'>Corpus</span> <span class='ocrx_word' id='word_1_204' title='bbox 840 2649 1032 2701; x_wconf 86' lang='lat' dir='ltr'>autem</span> <span class='ocrx_word' id='word_1_205' title='bbox 1079 2659 1183 2698; x_wconf 90' lang='lat' dir='ltr'>nec</span> <span class='ocrx_word' id='word_1_206' title='bbox 1215 2639 1478 2696; x_wconf 84' lang='lat' dir='ltr'>exanime</span> <span class='ocrx_word' id='word_1_207' title='bbox 1525 2637 1700 2702; x_wconf 86' lang='lat' dir='ltr'>dolet,</span> <span class='ocrx_word' id='word_1_208' title='bbox 1734 2653 1839 2692; x_wconf 80' lang='lat' dir='ltr'>nec</span> <span class='ocrx_word' id='word_1_209' title='bbox 1871 2637 2092 2691; x_wconf 82' lang='lat' dir='ltr'>anima-</span> 
     </span>
    </p>
   </div>
   <div class='ocr_carea' id='block_1_30' title="bbox 447 2717 2092 2790">
    <p class='ocr_par' dir='ltr' id='par_1_30' title="bbox 447 2717 2092 2790">
     <span class='ocr_line' id='line_1_30' title="bbox 447 2717 2092 2790; baseline -0.009 -5"><span class='ocrx_word' id='word_1_210' title='bbox 447 2717 568 2785; x_wconf 88' lang='lat' dir='ltr'>tum</span> <span class='ocrx_word' id='word_1_211' title='bbox 601 2717 727 2783; x_wconf 85' lang='lat' dir='ltr'>sine</span> <span class='ocrx_word' id='word_1_212' title='bbox 758 2726 956 2782; x_wconf 86' lang='lat' dir='ltr'>anima</span> <span class='ocrx_word' id='word_1_213' title='bbox 1001 2723 1176 2779; x_wconf 88' lang='lat' dir='ltr'>dolet.</span> <span class='ocrx_word' id='word_1_214' title='bbox 1231 2722 1287 2777; x_wconf 91' lang='lat' dir='ltr'>Si</span> <span class='ocrx_word' id='word_1_215' title='bbox 1321 2736 1456 2790; x_wconf 83' lang='lat' dir='ltr'>ergo</span> <span class='ocrx_word' id='word_1_216' title='bbox 1486 2737 1520 2774; x_wconf 89' lang='lat' dir='ltr'>a</span> <span class='ocrx_word' id='word_1_217' title='bbox 1549 2717 1744 2774; x_wconf 89' lang='lat' dir='ltr'>dolore</span> <span class='ocrx_word' id='word_1_218' title='bbox 1776 2734 2092 2787; x_wconf 87' lang='lat' dir='ltr'>argumen-</span> 
     </span>
    </p>
   </div>
   <div class='ocr_carea' id='block_1_31' title="bbox 446 2797 2094 2864">
    <p class='ocr_par' dir='ltr' id='par_1_31' title="bbox 446 2797 2094 2864">
     <span class='ocr_line' id='line_1_31' title="bbox 446 2797 2094 2864; baseline -0.008 0"><span class='ocrx_word' id='word_1_219' title='bbox 446 2815 574 2864; x_wconf 90' lang='lat' dir='ltr'>tum</span> <span class='ocrx_word' id='word_1_220' title='bbox 625 2811 779 2862; x_wconf 89' lang='lat' dir='ltr'>recte</span> <span class='ocrx_word' id='word_1_221' title='bbox 829 2811 1160 2862; x_wconf 88' lang='lat' dir='ltr'>sumeretur</span> <span class='ocrx_word' id='word_1_222' title='bbox 1207 2803 1278 2858; x_wconf 90' lang='lat' dir='ltr'>ad</span> <span class='ocrx_word' id='word_1_223' title='bbox 1332 2809 1598 2864; x_wconf 88' lang='lat' dir='ltr'>mortem,</span> <span class='ocrx_word' id='word_1_224' title='bbox 1651 2803 1713 2853; x_wconf 88' lang='lat' dir='ltr'>ut</span> <span class='ocrx_word' id='word_1_225' title='bbox 1763 2797 1889 2853; x_wconf 89' lang='lat' dir='ltr'>ideo</span> <span class='ocrx_word' id='word_1_226' title='bbox 1939 2813 2094 2852; x_wconf 90' lang='lat' dir='ltr'>mors</span> 
     </span>
    </p>
   </div>
   <div class='ocr_carea' id='block_1_32' title="bbox 449 2879 2094 2959">
    <p class='ocr_par' dir='ltr' id='par_1_32' title="bbox 449 2879 2094 2959">
     <span class='ocr_line' id='line_1_32' title="bbox 449 2879 2094 2959; baseline -0.006 -17"><span class='ocrx_word' id='word_1_227' title='bbox 449 2888 636 2959; x_wconf 88' lang='lat' dir='ltr'>possit</span> <span class='ocrx_word' id='word_1_228' title='bbox 665 2887 947 2952; x_wconf 88' lang='lat' dir='ltr'>accidere,</span> <span class='ocrx_word' id='word_1_229' title='bbox 980 2885 1118 2956; x_wconf 88' lang='lat' dir='ltr'>quia</span> <span class='ocrx_word' id='word_1_230' title='bbox 1152 2883 1339 2954; x_wconf 91' lang='lat' dir='ltr'>potuit</span> <span class='ocrx_word' id='word_1_231' title='bbox 1379 2881 1639 2936; x_wconf 87' lang='lat' dir='ltr'>accidere</span> <span class='ocrx_word' id='word_1_232' title='bbox 1668 2884 1724 2934; x_wconf 91' lang='lat' dir='ltr'>et</span> <span class='ocrx_word' id='word_1_233' title='bbox 1755 2879 1938 2944; x_wconf 92' lang='lat' dir='ltr'>dolor,</span> <span class='ocrx_word' id='word_1_234' title='bbox 1972 2895 2094 2959; x_wconf 80' lang='lat' dir='ltr'>ma-</span> 
     </span>
    </p>
   </div>
   <div class='ocr_carea' id='block_1_33' title="bbox 450 2957 2094 3039">
    <p class='ocr_par' dir='ltr' id='par_1_33' title="bbox 450 2957 2094 3039">
     <span class='ocr_line' id='line_1_33' title="bbox 450 2957 2094 3039; baseline -0.005 -19"><span class='ocrx_word' id='word_1_235' title='bbox 450 2957 541 3039; x_wconf 79' lang='lat' dir='ltr'>gis</span> <span class='ocrx_word' id='word_1_236' title='bbox 569 2967 638 3021; x_wconf 87' lang='lat' dir='ltr'>ad</span> <span class='ocrx_word' id='word_1_237' title='bbox 674 2964 927 3020; x_wconf 88' lang='lat' dir='ltr'>animum</span> <span class='ocrx_word' id='word_1_238' title='bbox 986 2965 1296 3033; x_wconf 87' lang='lat' dir='ltr'>pertineret</span> <span class='ocrx_word' id='word_1_239' title='bbox 1343 2961 1514 3026; x_wconf 89' lang='lat' dir='ltr'>mori,</span> <span class='ocrx_word' id='word_1_240' title='bbox 1565 2960 1633 3014; x_wconf 91' lang='lat' dir='ltr'>ad</span> <span class='ocrx_word' id='word_1_241' title='bbox 1684 2975 1857 3030; x_wconf 74' lang='lat' dir='ltr'>quam</span> <span class='ocrx_word' id='word_1_242' title='bbox 1909 2957 2094 3029; x_wconf 85' lang='lat' dir='ltr'>magis</span> 
     </span>
    </p>
   </div>
   <div class='ocr_carea' id='block_1_34' title="bbox 453 3037 2097 3119">
    <p class='ocr_par' dir='ltr' id='par_1_34' title="bbox 453 3037 2097 3119">
     <span class='ocr_line' id='line_1_34' title="bbox 453 3037 2097 3119; baseline -0.005 -18"><span class='ocrx_word' id='word_1_243' title='bbox 453 3037 702 3119; x_wconf 79' lang='lat' dir='ltr'>pertinet</span> <span class='ocrx_word' id='word_1_244' title='bbox 730 3050 788 3100; x_wconf 89' lang='lat' dir='ltr'>et</span> <span class='ocrx_word' id='word_1_245' title='bbox 816 3044 1027 3100; x_wconf 88' lang='lat' dir='ltr'>dolere.</span> <span class='ocrx_word' id='word_1_246' title='bbox 1063 3043 1206 3098; x_wconf 87' lang='lat' dir='ltr'>Cum</span> <span class='ocrx_word' id='word_1_247' title='bbox 1239 3058 1367 3096; x_wconf 90' lang='lat' dir='ltr'>vero</span> <span class='ocrx_word' id='word_1_248' title='bbox 1400 3039 1496 3094; x_wconf 88' lang='lat' dir='ltr'>illa</span> <span class='ocrx_word' id='word_1_249' title='bbox 1529 3057 1655 3111; x_wconf 80' lang='lat' dir='ltr'>quae</span> <span class='ocrx_word' id='word_1_250' title='bbox 1689 3038 1873 3106; x_wconf 81' lang='lat' dir='ltr'>magis</span> <span class='ocrx_word' id='word_1_251' title='bbox 1904 3037 2097 3092; x_wconf 91' lang='lat' dir='ltr'>dolere</span> 
     </span>
    </p>
   </div>
   <div class='ocr_carea' id='block_1_35' title="bbox 454 3120 2100 3201">
    <p class='ocr_par' dir='ltr' id='par_1_35' title="bbox 454 3120 2100 3201">
     <span class='ocr_line' id='line_1_35' title="bbox 454 3120 2100 3201; baseline -0.007 -16"><span class='ocrx_word' id='word_1_252' title='bbox 454 3133 663 3201; x_wconf 89' lang='lat' dir='ltr'>potest,</span> <span class='ocrx_word' id='word_1_253' title='bbox 714 3143 829 3182; x_wconf 91' lang='lat' dir='ltr'>non</span> <span class='ocrx_word' id='word_1_254' title='bbox 880 3125 1063 3198; x_wconf 88' lang='lat' dir='ltr'>possit</span> <span class='ocrx_word' id='word_1_255' title='bbox 1109 3124 1280 3186; x_wconf 88' lang='lat' dir='ltr'>mori,</span> <span class='ocrx_word' id='word_1_256' title='bbox 1333 3123 1465 3192; x_wconf 90' lang='lat' dir='ltr'>quid</span> <span class='ocrx_word' id='word_1_257' title='bbox 1517 3120 1803 3201; x_wconf 84' lang='lat' dir='ltr'>momenti</span> <span class='ocrx_word' id='word_1_258' title='bbox 1828 3120 2100 3201; x_wconf 70' lang='lat' dir='ltr'>aliercur</span> 
     </span>
    </p>
   </div>
   <div class='ocr_carea' id='block_1_36' title="bbox 452 3198 2094 3278">
    <p class='ocr_par' dir='ltr' id='par_1_36' title="bbox 452 3198 2094 3278">
     <span class='ocr_line' id='line_1_36' title="bbox 452 3198 2094 3278; baseline -0.007 -15"><span class='ocrx_word' id='word_1_259' title='bbox 452 3198 557 3264; x_wconf 83' lang='lat' dir='ltr'>illa</span> <span class='ocrx_word' id='word_1_260' title='bbox 603 3223 865 3278; x_wconf 88' lang='lat' dir='ltr'>corpora,</span> <span class='ocrx_word' id='word_1_261' title='bbox 916 3203 1194 3275; x_wconf 88' lang='lat' dir='ltr'>quoniam</span> <span class='ocrx_word' id='word_1_262' title='bbox 1245 3202 1438 3257; x_wconf 83' lang='lat' dir='ltr'>futura</span> <span class='ocrx_word' id='word_1_263' title='bbox 1490 3205 1622 3256; x_wconf 87' lang='lat' dir='ltr'>sunt</span> <span class='ocrx_word' id='word_1_264' title='bbox 1668 3199 1725 3253; x_wconf 92' lang='lat' dir='ltr'>in</span> <span class='ocrx_word' id='word_1_265' title='bbox 1777 3198 2094 3265; x_wconf 74' lang='lat' dir='ltr'>doloribus,</span> 
     </span>
    </p>
   </div>
   <div class='ocr_carea' id='block_1_37' title="bbox 456 3281 2101 3352">
    <p class='ocr_par' dir='ltr' id='par_1_37' title="bbox 456 3281 2101 3352">
     <span class='ocr_line' id='line_1_37' title="bbox 456 3281 2101 3352; baseline -0.007 -6"><span class='ocrx_word' id='word_1_266' title='bbox 456 3290 585 3346; x_wconf 86' lang='lat' dir='ltr'>ideo</span> <span class='ocrx_word' id='word_1_267' title='bbox 609 3289 782 3345; x_wconf 84' lang='lat' dir='ltr'>etiam</span> <span class='ocrx_word' id='word_1_268' title='bbox 817 3285 1102 3342; x_wconf 88' lang='lat' dir='ltr'>moritura</span> <span class='ocrx_word' id='word_1_269' title='bbox 1132 3301 1256 3340; x_wconf 86' lang='lat' dir='ltr'>esse</span> <span class='ocrx_word' id='word_1_270' title='bbox 1287 3281 1640 3339; x_wconf 85' lang='lat' dir='ltr'>credamus?</span> <span class='ocrx_word' id='word_1_271' title='bbox 1669 3281 1950 3336; x_wconf 85' lang='lat' dir='ltr'>Dixerunt</span> <span class='ocrx_word' id='word_1_272' title='bbox 1981 3281 2101 3352; x_wconf 87' lang='lat' dir='ltr'>qui-</span> 
     </span>
    </p>
   </div>
   <div class='ocr_carea' id='block_1_38' title="bbox 457 3361 2098 3433">
    <p class='ocr_par' dir='ltr' id='par_1_38' title="bbox 457 3361 2098 3433">
     <span class='ocr_line' id='line_1_38' title="bbox 457 3361 2098 3433; baseline -0.006 -8"><span class='ocrx_word' id='word_1_273' title='bbox 457 3370 624 3426; x_wconf 68' lang='lat' dir='ltr'>dem8</span> <span class='ocrx_word' id='word_1_274' title='bbox 654 3366 960 3433; x_wconf 85' lang='lat' dir='ltr'>Platonici,</span> <span class='ocrx_word' id='word_1_275' title='bbox 1011 3381 1078 3420; x_wconf 83' lang='lat' dir='ltr'>ex</span> <span class='ocrx_word' id='word_1_276' title='bbox 1124 3363 1372 3420; x_wconf 88' lang='lat' dir='ltr'>terrenis</span> <span class='ocrx_word' id='word_1_277' title='bbox 1423 3361 1759 3433; x_wconf 84' lang='lat' dir='ltr'>corporibus</span> <span class='ocrx_word' id='word_1_278' title='bbox 1798 3361 2098 3416; x_wconf 64' lang='lat' dir='ltr'>moribuno</span> 
     </span>
    </p>
   </div>
   <div class='ocr_carea' id='block_1_39' title="bbox 457 3445 2100 3520">
    <p class='ocr_par' dir='ltr' id='par_1_39' title="bbox 457 3445 2100 3520">
     <span class='ocr_line' id='line_1_39' title="bbox 457 3445 2100 3520; baseline -0.006 -15"><span class='ocrx_word' id='word_1_279' title='bbox 457 3451 664 3520; x_wconf 89' lang='lat' dir='ltr'>disque</span> <span class='ocrx_word' id='word_1_280' title='bbox 697 3448 971 3503; x_wconf 88' lang='lat' dir='ltr'>membris</span> <span class='ocrx_word' id='word_1_281' title='bbox 1004 3462 1130 3502; x_wconf 90' lang='lat' dir='ltr'>esse</span> <span class='ocrx_word' id='word_1_282' title='bbox 1157 3445 1358 3500; x_wconf 71' lang='lat' dir='ltr'>animo:</span> <span class='ocrx_word' id='word_1_283' title='bbox 1389 3451 1442 3498; x_wconf 89' lang='lat' dir='ltr'>et</span> <span class='ocrx_word' id='word_1_284' title='bbox 1466 3446 1748 3509; x_wconf 88' lang='lat' dir='ltr'>metuere,</span> <span class='ocrx_word' id='word_1_285' title='bbox 1780 3448 1835 3495; x_wconf 88' lang='lat' dir='ltr'>et</span> <span class='ocrx_word' id='word_1_286' title='bbox 1866 3457 2100 3512; x_wconf 89' lang='lat' dir='ltr'>cupere,</span> 
     </span>
    </p>
   </div>
   <div class='ocr_carea' id='block_1_40' title="bbox 456 3520 2100 3599">
    <p class='ocr_par' dir='ltr' id='par_1_40' title="bbox 456 3520 2100 3599">
     <span class='ocr_line' id='line_1_40' title="bbox 456 3520 2100 3599; baseline -0.007 -12"><span class='ocrx_word' id='word_1_287' title='bbox 456 3535 513 3587; x_wconf 88' lang='lat' dir='ltr'>et</span> <span class='ocrx_word' id='word_1_288' title='bbox 539 3530 752 3593; x_wconf 86' lang='lat' dir='ltr'>dolere,</span> <span class='ocrx_word' id='word_1_289' title='bbox 797 3535 970 3599; x_wconf 87' lang='lat' dir='ltr'>atque</span> <span class='ocrx_word' id='word_1_290' title='bbox 999 3527 1250 3598; x_wconf 89' lang='lat' dir='ltr'>gaudere</span> <span class='ocrx_word' id='word_1_291' title='bbox 1282 3524 1380 3596; x_wconf 84' lang='grc' dir='ltr'>(α).</span> <span class='ocrx_word' id='word_1_292' title='bbox 1415 3523 1580 3578; x_wconf 91' lang='lat' dir='ltr'>Unde</span> <span class='ocrx_word' id='word_1_293' title='bbox 1613 3520 1912 3593; x_wconf 81' lang='lat' dir='ltr'>Virgilius,</span> <span class='ocrx_word' id='word_1_294' title='bbox 1947 3523 2100 3592; x_wconf 76' lang='lat' dir='ltr'>Hinc,</span> 
     </span>
    </p>
   </div>
   <div class='ocr_carea' id='block_1_41' title="bbox 459 3602 2102 3682">
    <p class='ocr_par' dir='ltr' id='par_1_41' title="bbox 459 3602 2102 3682">
     <span class='ocr_line' id='line_1_41' title="bbox 459 3602 2102 3682; baseline -0.007 -15"><span class='ocrx_word' id='word_1_295' title='bbox 459 3613 672 3682; x_wconf 87' lang='lat' dir='ltr'>inquit,</span> <span class='ocrx_word' id='word_1_296' title='bbox 725 3609 807 3678; x_wconf 88' lang='lat' dir='ltr'>(id</span> <span class='ocrx_word' id='word_1_297' title='bbox 857 3613 965 3673; x_wconf 86' lang='lat' dir='ltr'>est,</span> <span class='ocrx_word' id='word_1_298' title='bbox 1009 3624 1076 3662; x_wconf 80' lang='lat' dir='ltr'>ex</span> <span class='ocrx_word' id='word_1_299' title='bbox 1146 3604 1513 3660; x_wconf 89' lang='lat' dir='ltr'>moribundis</span> <span class='ocrx_word' id='word_1_300' title='bbox 1563 3603 1774 3656; x_wconf 85' lang='lat' dir='ltr'>terreni</span> <span class='ocrx_word' id='word_1_301' title='bbox 1845 3602 2102 3672; x_wconf 85' lang='lat' dir='ltr'>corporis</span> 
     </span>
    </p>
   </div>
   <div class='ocr_carea' id='block_1_42' title="bbox 457 3682 2105 3759">
    <p class='ocr_par' dir='ltr' id='par_1_42' title="bbox 457 3682 2105 3759">
     <span class='ocr_line' id='line_1_42' title="bbox 457 3682 2105 3759; baseline -0.006 -13"><span class='ocrx_word' id='word_1_302' title='bbox 457 3691 756 3759; x_wconf 88' lang='lat' dir='ltr'>membris)</span> <span class='ocrx_word' id='word_1_303' title='bbox 803 3695 1061 3744; x_wconf 86' lang='lat' dir='ltr'>metuunt</span> <span class='ocrx_word' id='word_1_304' title='bbox 1105 3686 1460 3757; x_wconf 77' lang='lat' dir='ltr'>cupiuntque,</span> <span class='ocrx_word' id='word_1_305' title='bbox 1519 3684 1703 3738; x_wconf 82' lang='lat' dir='ltr'>dolent</span> <span class='ocrx_word' id='word_1_306' title='bbox 1757 3682 2105 3752; x_wconf 75' lang='lat' dir='ltr'>gaudentque</span> 
     </span>
    </p>
   </div>
   <div class='ocr_carea' id='block_1_43' title="bbox 460 3762 2101 3840">
    <p class='ocr_par' dir='ltr' id='par_1_43' title="bbox 460 3762 2101 3840">
     <span class='ocr_line' id='line_1_43' title="bbox 460 3762 2101 3840; baseline -0.005 -16"><span class='ocrx_word' id='word_1_307' title='bbox 460 3770 695 3840; x_wconf 64' lang='lat' dir='ltr'>(Eneid.</span> <span class='ocrx_word' id='word_1_308' title='bbox 730 3770 826 3825; x_wconf 83' lang='lat' dir='ltr'>lib.</span> <span class='ocrx_word' id='word_1_309' title='bbox 879 3771 937 3837; x_wconf 90' lang='lat'>6,</span> <span class='ocrx_word' id='word_1_310' title='bbox 987 3783 1125 3822; x_wconf 81' lang='lat' dir='ltr'>vers.</span> <span class='ocrx_word' id='word_1_311' title='bbox 1160 3767 1308 3833; x_wconf 85' lang='lat'>733).</span> <span class='ocrx_word' id='word_1_312' title='bbox 1350 3765 1459 3819; x_wconf 85' lang='lat' dir='ltr'>Sed</span> <span class='ocrx_word' id='word_1_313' title='bbox 1511 3763 1867 3817; x_wconf 88' lang='lat' dir='ltr'>convicimus</span> <span class='ocrx_word' id='word_1_314' title='bbox 1914 3778 2012 3817; x_wconf 90' lang='lat' dir='ltr'>eos</span> <span class='ocrx_word' id='word_1_315' title='bbox 2044 3762 2101 3816; x_wconf 89' lang='lat' dir='ltr'>in</span> 
     </span>
    </p>
   </div>
   <div class='ocr_carea' id='block_1_44' title="bbox 457 3840 2104 3920">
    <p class='ocr_par' dir='ltr' id='par_1_44' title="bbox 457 3840 2104 3920">
     <span class='ocr_line' id='line_1_44' title="bbox 457 3840 2104 3920; baseline -0.008 -13"><span class='ocrx_word' id='word_1_316' title='bbox 457 3855 661 3920; x_wconf 85' lang='lat' dir='ltr'>quarto</span> <span class='ocrx_word' id='word_1_317' title='bbox 695 3849 917 3905; x_wconf 89' lang='lat' dir='ltr'>decimo</span> <span class='ocrx_word' id='word_1_318' title='bbox 949 3849 1027 3919; x_wconf 84' lang='grc' dir='ltr'>(ὁ)</span> <span class='ocrx_word' id='word_1_319' title='bbox 1071 3847 1246 3916; x_wconf 87' lang='lat' dir='ltr'>hujus</span> <span class='ocrx_word' id='word_1_320' title='bbox 1296 3844 1485 3916; x_wconf 84' lang='lat' dir='ltr'>operis</span> <span class='ocrx_word' id='word_1_321' title='bbox 1533 3842 1700 3908; x_wconf 86' lang='lat' dir='ltr'>libro,</span> <span class='ocrx_word' id='word_1_322' title='bbox 1735 3841 1946 3896; x_wconf 88' lang='lat' dir='ltr'>habere</span> <span class='ocrx_word' id='word_1_323' title='bbox 1979 3840 2104 3896; x_wconf 87' lang='lat' dir='ltr'>ani-</span> 
     </span>
    </p>
   </div>
   <div class='ocr_carea' id='block_1_45' title="bbox 460 3921 2106 3999">
    <p class='ocr_par' dir='ltr' id='par_1_45' title="bbox 460 3921 2106 3999">
     <span class='ocr_line' id='line_1_45' title="bbox 460 3921 2106 3999; baseline -0.007 -10"><span class='ocrx_word' id='word_1_324' title='bbox 460 3949 582 3989; x_wconf 89' lang='lat' dir='ltr'>mas</span> <span class='ocrx_word' id='word_1_325' title='bbox 613 3932 932 3988; x_wconf 90' lang='lat' dir='ltr'>secundum</span> <span class='ocrx_word' id='word_1_326' title='bbox 969 3930 1127 3999; x_wconf 85' lang='lat' dir='ltr'>ipsos</span> <span class='ocrx_word' id='word_1_327' title='bbox 1156 3928 1226 3982; x_wconf 87' lang='lat' dir='ltr'>ab</span> <span class='ocrx_word' id='word_1_328' title='bbox 1279 3926 1438 3981; x_wconf 88' lang='lat' dir='ltr'>omni</span> <span class='ocrx_word' id='word_1_329' title='bbox 1482 3923 1657 3979; x_wconf 89' lang='lat' dir='ltr'>etiam</span> <span class='ocrx_word' id='word_1_330' title='bbox 1691 3925 1949 3993; x_wconf 87' lang='lat' dir='ltr'>corporis</span> <span class='ocrx_word' id='word_1_331' title='bbox 1977 3921 2106 3977; x_wconf 86' lang='lat' dir='ltr'>labe</span> 
     </span>
    </p>
   </div>
   <div class='ocr_carea' id='block_1_46' title="bbox 457 4002 2108 4084">
    <p class='ocr_par' dir='ltr' id='par_1_46' title="bbox 457 4002 2108 4084">
     <span class='ocr_line' id='line_1_46' title="bbox 457 4002 2108 4084; baseline -0.009 -15"><span class='ocrx_word' id='word_1_332' title='bbox 457 4016 755 4084; x_wconf 87' lang='lat' dir='ltr'>purgatas,</span> <span class='ocrx_word' id='word_1_333' title='bbox 789 4010 974 4065; x_wconf 84' lang='lat' dir='ltr'>diram</span> <span class='ocrx_word' id='word_1_334' title='bbox 1007 4007 1407 4079; x_wconf 88' lang='lat' dir='ltr'>cupiditatem,</span> <span class='ocrx_word' id='word_1_335' title='bbox 1441 4020 1554 4076; x_wconf 91' lang='lat' dir='ltr'>qua</span> <span class='ocrx_word' id='word_1_336' title='bbox 1587 4019 1790 4057; x_wconf 81' lang='lat' dir='ltr'>rursus</span> <span class='ocrx_word' id='word_1_337' title='bbox 1823 4002 2108 4071; x_wconf 91' lang='lat' dir='ltr'>incipiunt</span> 
     </span>
    </p>
   </div>
   <div class='ocr_carea' id='block_1_47' title="bbox 456 4079 2106 4162">
    <p class='ocr_par' dir='ltr' id='par_1_47' title="bbox 456 4079 2106 4162">
     <span class='ocr_line' id='line_1_47' title="bbox 456 4079 2106 4162; baseline -0.008 -15"><span class='ocrx_word' id='word_1_338' title='bbox 456 4079 518 4149; x_wconf 83' lang='lat' dir='ltr'>in</span> <span class='ocrx_word' id='word_1_339' title='bbox 549 4079 786 4162; x_wconf 68' lang='lat' dir='ltr'>corpora</span> <span class='ocrx_word' id='word_1_340' title='bbox 819 4087 962 4142; x_wconf 82' lang='lat' dir='ltr'>velle</span> <span class='ocrx_word' id='word_1_341' title='bbox 1014 4086 1220 4141; x_wconf 90' lang='lat' dir='ltr'>reverti</span> <span class='ocrx_word' id='word_1_342' title='bbox 1270 4084 1439 4152; x_wconf 81' lang='lat' dir='ltr'>(Ibid.</span> <span class='ocrx_word' id='word_1_343' title='bbox 1493 4097 1631 4136; x_wconf 83' lang='lat' dir='ltr'>vers.</span> <span class='ocrx_word' id='word_1_344' title='bbox 1663 4082 1789 4140; x_wconf 83' lang='lat'>720,</span> <span class='ocrx_word' id='word_1_345' title='bbox 1824 4081 1967 4162; x_wconf 63' lang='grc'>721).</span> <span class='ocrx_word' id='word_1_346' title='bbox 2000 4079 2106 4134; x_wconf 91' lang='lat' dir='ltr'>Ubi</span> 
     </span>
    </p>
   </div>
   <div class='ocr_carea' id='block_1_48' title="bbox 457 4161 2110 4244">
    <p class='ocr_par' dir='ltr' id='par_1_48' title="bbox 457 4161 2110 4244">
     <span class='ocr_line' id='line_1_48' title="bbox 457 4161 2110 4244; baseline -0.011 -14"><span class='ocrx_word' id='word_1_347' title='bbox 457 4161 855 4244; x_wconf 86' lang='lat' dir='ltr'>autempotest</span> <span class='ocrx_word' id='word_1_348' title='bbox 885 4185 1009 4224; x_wconf 84' lang='lat' dir='ltr'>esse</span> <span class='ocrx_word' id='word_1_349' title='bbox 1031 4166 1320 4244; x_wconf 79' lang='lat' dir='ltr'>cupiditas</span> <span class='ocrx_word' id='word_1_350' title='bbox 1337 4165 1591 4244; x_wconf 80' lang='lat' dir='ltr'>profecto</span> <span class='ocrx_word' id='word_1_351' title='bbox 1624 4163 1798 4219; x_wconf 89' lang='lat' dir='ltr'>etiam</span> <span class='ocrx_word' id='word_1_352' title='bbox 1833 4161 1995 4244; x_wconf 83' lang='lat' dir='ltr'>dolor</span> <span class='ocrx_word' id='word_1_353' title='bbox 2019 4178 2110 4244; x_wconf 68' lang='lat' dir='ltr'>po.</span> 
     </span>
    </p>
   </div>
   <div class='ocr_carea' id='block_1_49' title="bbox 454 4237 2107 4317">
    <p class='ocr_par' dir='ltr' id='par_1_49' title="bbox 454 4237 2107 4317">
     <span class='ocr_line' id='line_1_49' title="bbox 454 4237 2107 4317; baseline -0.008 -11"><span class='ocrx_word' id='word_1_354' title='bbox 454 4255 589 4308; x_wconf 88' lang='lat' dir='ltr'>test.</span> <span class='ocrx_word' id='word_1_355' title='bbox 616 4237 882 4304; x_wconf 78' lang='lat' dir='ltr'>Frustata</span> <span class='ocrx_word' id='word_1_356' title='bbox 901 4237 1117 4317; x_wconf 13' lang='lat' dir='ltr'>quippei</span> <span class='ocrx_word' id='word_1_357' title='bbox 1135 4243 1426 4316; x_wconf 85' lang='lat' dir='ltr'>cupiditas</span> <span class='ocrx_word' id='word_1_358' title='bbox 1445 4241 1562 4295; x_wconf 83' lang='lat' dir='ltr'>sive</span> <span class='ocrx_word' id='word_1_359' title='bbox 1587 4255 1700 4293; x_wconf 91' lang='lat' dir='ltr'>non</span> <span class='ocrx_word' id='word_1_360' title='bbox 1725 4237 2107 4310; x_wconf 88' lang='lat' dir='ltr'>perveniendo</span> 
     </span>
    </p>
   </div>
   <div class='ocr_carea' id='block_1_50' title="bbox 460 4325 2112 4404">
    <p class='ocr_par' dir='ltr' id='par_1_50' title="bbox 460 4325 2112 4404">
     <span class='ocr_line' id='line_1_50' title="bbox 460 4325 2112 4404; baseline -0.01 -14"><span class='ocrx_word' id='word_1_361' title='bbox 460 4349 575 4404; x_wconf 91' lang='lat' dir='ltr'>quo</span> <span class='ocrx_word' id='word_1_362' title='bbox 608 4331 901 4394; x_wconf 81' lang='lat' dir='ltr'>tendebat,</span> <span class='ocrx_word' id='word_1_363' title='bbox 939 4329 1056 4383; x_wconf 91' lang='lat' dir='ltr'>sive</span> <span class='ocrx_word' id='word_1_364' title='bbox 1095 4325 1420 4382; x_wconf 89' lang='lat' dir='ltr'>amittendo</span> <span class='ocrx_word' id='word_1_365' title='bbox 1454 4325 2112 4404; x_wconf 26' lang='lat' dir='ltr'>quo_pervenerat,‘ver-</span> 
     </span>
    </p>
   </div>
   <div class='ocr_carea' id='block_1_51' title="bbox 457 4399 2110 4478">
    <p class='ocr_par' dir='ltr' id='par_1_51' title="bbox 457 4399 2110 4478">
     <span class='ocr_line' id='line_1_51' title="bbox 457 4399 2110 4478; baseline -0.007 -11"><span class='ocrx_word' id='word_1_366' title='bbox 457 4399 602 4466; x_wconf 80' lang='lat' dir='ltr'>titur</span> <span class='ocrx_word' id='word_1_367' title='bbox 629 4411 689 4465; x_wconf 92' lang='lat' dir='ltr'>in</span> <span class='ocrx_word' id='word_1_368' title='bbox 721 4408 997 4463; x_wconf 89' lang='lat' dir='ltr'>dolorem.</span> <span class='ocrx_word' id='word_1_369' title='bbox 1028 4409 1386 4478; x_wconf 84' lang='lat' dir='ltr'>Quapropter</span> <span class='ocrx_word' id='word_1_370' title='bbox 1417 4404 1465 4459; x_wconf 91' lang='lat' dir='ltr'>si</span> <span class='ocrx_word' id='word_1_371' title='bbox 1495 4401 1712 4462; x_wconf 80' lang='lat' dir='ltr'>anima,</span> <span class='ocrx_word' id='word_1_372' title='bbox 1745 4417 1871 4472; x_wconf 67' lang='lat' dir='ltr'>quas</span> <span class='ocrx_word' id='word_1_373' title='bbox 1902 4399 1987 4458; x_wconf 90' lang='lat' dir='ltr'>vel</span> <span class='ocrx_word' id='word_1_374' title='bbox 2019 4417 2110 4456; x_wconf 89' lang='lat' dir='ltr'>so-</span> 
     </span>
    </p>
   </div>
   <div class='ocr_carea' id='block_1_52' title="bbox 459 4484 2108 4558">
    <p class='ocr_par' dir='ltr' id='par_1_52' title="bbox 459 4484 2108 4558">
     <span class='ocr_line' id='line_1_52' title="bbox 459 4484 2108 4558; baseline -0.007 -11"><span class='ocrx_word' id='word_1_375' title='bbox 459 4493 517 4548; x_wconf 86' lang='lat' dir='ltr'>la</span> <span class='ocrx_word' id='word_1_376' title='bbox 545 4489 634 4547; x_wconf 80' lang='lat' dir='ltr'>vel</span> <span class='ocrx_word' id='word_1_377' title='bbox 667 4490 917 4545; x_wconf 84' lang='lat' dir='ltr'>maxime</span> <span class='ocrx_word' id='word_1_378' title='bbox 967 4489 1142 4558; x_wconf 90' lang='lat' dir='ltr'>dolet,</span> <span class='ocrx_word' id='word_1_379' title='bbox 1176 4487 1353 4544; x_wconf 88' lang='lat' dir='ltr'>habet</span> <span class='ocrx_word' id='word_1_380' title='bbox 1404 4490 1596 4541; x_wconf 88' lang='lat' dir='ltr'>tamen</span> <span class='ocrx_word' id='word_1_381' title='bbox 1648 4484 1964 4556; x_wconf 87' lang='lat' dir='ltr'>quamdam</span> <span class='ocrx_word' id='word_1_382' title='bbox 2005 4498 2108 4554; x_wconf 91' lang='lat' dir='ltr'>pro</span> 
     </span>
    </p>
   </div>
   <div class='ocr_carea' id='block_1_53' title="bbox 521 4787 1684 4856">
    <p class='ocr_par' dir='ltr' id='par_1_53' title="bbox 521 4787 1684 4856">
     <span class='ocr_line' id='line_1_53' title="bbox 521 4787 1684 4856; baseline -0.015 -11"><span class='ocrx_word' id='word_1_383' title='bbox 521 4799 537 4832; x_wconf 73' lang='grc' dir='ltr'>ί</span> <span class='ocrx_word' id='word_1_384' title='bbox 571 4794 664 4844; x_wconf 82' lang='lat' dir='ltr'>Hic</span> <span class='ocrx_word' id='word_1_385' title='bbox 692 4793 832 4856; x_wconf 89' lang='lat' dir='ltr'>apud</span> <span class='ocrx_word' id='word_1_386' title='bbox 862 4793 992 4856; x_wconf 12' lang='lat' dir='ltr'>Levi.»</span> <span class='ocrx_word' id='word_1_387' title='bbox 1021 4789 1322 4856; x_wconf 80' lang='lat' dir='ltr'>addendum</span> <span class='ocrx_word' id='word_1_388' title='bbox 1351 4787 1448 4841; x_wconf 87' lang='lat' dir='ltr'>est,</span> <span class='ocrx_word' id='word_1_389' title='bbox 1481 4792 1684 4856; x_wconf 64' lang='lat' dir='ltr'>tamen.</span> 
     </span>
    </p>
   </div>
   <div class='ocr_carea' id='block_1_54' title="bbox 520 4843 2110 4924">
    <p class='ocr_par' dir='ltr' id='par_1_54' title="bbox 520 4843 2110 4924">
     <span class='ocr_line' id='line_1_54' title="bbox 520 4843 2110 4924; baseline -0.008 -18"><span class='ocrx_word' id='word_1_390' title='bbox 520 4859 542 4892; x_wconf 78' lang='grc'>²</span> <span class='ocrx_word' id='word_1_391' title='bbox 593 4843 692 4924; x_wconf 69' lang='lat' dir='ltr'>Sic</span> <span class='ocrx_word' id='word_1_392' title='bbox 726 4843 849 4924; x_wconf 66' lang='lat' dir='ltr'>lites.</span> <span class='ocrx_word' id='word_1_393' title='bbox 906 4854 1043 4924; x_wconf 69' lang='lat' dir='ltr'>Editi</span> <span class='ocrx_word' id='word_1_394' title='bbox 1089 4855 1267 4924; x_wconf 76' lang='lat' dir='ltr'>autem</span> <span class='ocrx_word' id='word_1_395' title='bbox 1302 4850 1402 4898; x_wconf 88' lang='lat' dir='ltr'>hoc</span> <span class='ocrx_word' id='word_1_396' title='bbox 1450 4848 1502 4895; x_wconf 82' lang='lat' dir='ltr'>et</span> <span class='ocrx_word' id='word_1_397' title='bbox 1545 4845 1783 4908; x_wconf 85' lang='lat' dir='ltr'>proximo</span> <span class='ocrx_word' id='word_1_398' title='bbox 1834 4843 1966 4906; x_wconf 89' lang='lat' dir='ltr'>loco,</span> <span class='ocrx_word' id='word_1_399' title='bbox 2015 4857 2110 4906; x_wconf 89' lang='lat' dir='ltr'>pro</span> 
     </span>
    </p>
   </div>
   <div class='ocr_carea' id='block_1_55' title="bbox 459 4920 2077 5045">
    <p class='ocr_par' dir='ltr' id='par_1_55' title="bbox 459 4920 2077 5045">
     <span class='ocr_line' id='line_1_55' title="bbox 459 4920 1927 4994; baseline -0.015 -23"><span class='ocrx_word' id='word_1_400' title='bbox 459 4920 694 4994; x_wconf 65' lang='lat' dir='ltr'>corpori,</span> <span class='ocrx_word' id='word_1_401' title='bbox 726 4920 944 4975; x_wconf 85' lang='lat' dir='ltr'>habent,</span> <span class='ocrx_word' id='word_1_402' title='bbox 976 4920 1240 4990; x_wconf 62' lang='lat' dir='ltr'>corporis.</span> <span class='ocrx_word' id='word_1_403' title='bbox 1357 4976 1366 4985; x_wconf 41' lang='grc' dir='ltr'><strong>Ι</strong></span> <span class='ocrx_word' id='word_1_404' title='bbox 1917 4968 1927 4979; x_wconf 46' lang='grc'><em>,</em></span> 
     </span>
     <span class='ocr_line' id='line_1_56' title="bbox 521 4967 2077 5045; baseline -0.01 -13"><span class='ocrx_word' id='word_1_405' title='bbox 521 4986 542 5019; x_wconf 80' lang='grc'>³</span> <span class='ocrx_word' id='word_1_406' title='bbox 576 4982 716 5045; x_wconf 79' lang='lat' dir='ltr'>Editi</span> <span class='ocrx_word' id='word_1_407' title='bbox 745 4975 1544 5045; x_wconf 66' lang='lat' dir='ltr'>manuscriptisdissentientes,</span> <span class='ocrx_word' id='word_1_408' title='bbox 1582 4971 1798 5045; x_wconf 77' lang='lat' dir='ltr'>habent,</span> <span class='ocrx_word' id='word_1_409' title='bbox 1823 4967 2077 5044; x_wconf 59' lang='lat' dir='ltr'>quidam.</span> 
     </span>
    </p>
   </div>
   <div class='ocr_carea' id='block_1_56' title="bbox 517 5033 2113 5106">
    <p class='ocr_par' dir='ltr' id='par_1_56' title="bbox 517 5033 2113 5106">
     <span class='ocr_line' id='line_1_57' title="bbox 517 5033 2113 5106; baseline -0.01 -11"><span class='ocrx_word' id='word_1_410' title='bbox 517 5049 598 5106; x_wconf 84' lang='grc' dir='ltr'>(α)</span> <span class='ocrx_word' id='word_1_411' title='bbox 647 5044 732 5094; x_wconf 88' lang='lat' dir='ltr'>Sic</span> <span class='ocrx_word' id='word_1_412' title='bbox 773 5033 1080 5106; x_wconf 67' lang='lat' dir='ltr'>Aristoteles</span> <span class='ocrx_word' id='word_1_413' title='bbox 1129 5039 1364 5106; x_wconf 66' lang='lat' dir='ltr'>inlibro</span> <span class='ocrx_word' id='word_1_414' title='bbox 1405 5037 1469 5084; x_wconf 90' lang='lat' dir='ltr'>de</span> <span class='ocrx_word' id='word_1_415' title='bbox 1520 5035 1711 5083; x_wconf 84' lang='lat' dir='ltr'>Anima</span> <span class='ocrx_word' id='word_1_416' title='bbox 1757 5033 2113 5106; x_wconf 42' lang='lat' dir='ltr'>primo‘negat</span> 
     </span>
    </p>
   </div>
   <div class='ocr_carea' id='block_1_57' title="bbox 456 5095 2113 5165">
    <p class='ocr_par' dir='ltr' id='par_1_57' title="bbox 456 5095 2113 5165">
     <span class='ocr_line' id='line_1_58' title="bbox 456 5095 2113 5165; baseline -0.011 -5"><span class='ocrx_word' id='word_1_417' title='bbox 456 5095 692 5160; x_wconf 73' lang='lat' dir='ltr'>animum</span> <span class='ocrx_word' id='word_1_418' title='bbox 721 5106 895 5163; x_wconf 83' lang='lat' dir='ltr'>irasci,</span> <span class='ocrx_word' id='word_1_419' title='bbox 926 5103 1171 5165; x_wconf 85' lang='lat' dir='ltr'>gaudere,</span> <span class='ocrx_word' id='word_1_420' title='bbox 1207 5101 1411 5165; x_wconf 76' lang='lat' dir='ltr'>timere,</span> <span class='ocrx_word' id='word_1_421' title='bbox 1442 5111 1550 5147; x_wconf 88' lang='lat' dir='ltr'>non</span> <span class='ocrx_word' id='word_1_422' title='bbox 1567 5111 1716 5165; x_wconf 82' lang='lat' dir='ltr'>secus</span> <span class='ocrx_word' id='word_1_423' title='bbox 1745 5108 1907 5157; x_wconf 86' lang='lat' dir='ltr'>quam</span> <span class='ocrx_word' id='word_1_424' title='bbox 1936 5095 2113 5165; x_wconf 79' lang='lat' dir='ltr'>texere</span> 
     </span>
    </p>
   </div>
   <div class='ocr_carea' id='block_1_58' title="bbox 456 5156 2113 5228">
    <p class='ocr_par' dir='ltr' id='par_1_58' title="bbox 456 5156 2113 5228">
     <span class='ocr_line' id='line_1_59' title="bbox 456 5156 2113 5228; baseline -0.012 -5"><span class='ocrx_word' id='word_1_425' title='bbox 456 5156 859 5223; x_wconf 22' lang='lat' dir='ltr'>veliaedificare</span> <span class='ocrx_word' id='word_1_426' title='bbox 886 5156 904 5215; x_wconf 74' lang='grc' dir='ltr'>ἐ</span> <span class='ocrx_word' id='word_1_427' title='bbox 927 5156 1206 5228; x_wconf 66' lang='lat' dir='ltr'>quoniam,</span> <span class='ocrx_word' id='word_1_428' title='bbox 1248 5165 1321 5228; x_wconf 82' lang='lat' dir='ltr'>ut</span> <span class='ocrx_word' id='word_1_429' title='bbox 1353 5156 2003 5228; x_wconf 22' lang='lat' dir='ltr'>haec.__agit_per:corpus,</span> <span class='ocrx_word' id='word_1_430' title='bbox 2036 5156 2113 5204; x_wconf 88' lang='lat' dir='ltr'>ita</span> 
     </span>
    </p>
   </div>
   <div class='ocr_carea' id='block_1_59' title="bbox 456 5221 2114 5290">
    <p class='ocr_par' dir='ltr' id='par_1_59' title="bbox 456 5221 2114 5290">
     <span class='ocr_line' id='line_1_60' title="bbox 456 5221 2114 5290; baseline -0.013 -5"><span class='ocrx_word' id='word_1_431' title='bbox 456 5221 642 5287; x_wconf 72' lang='lat' dir='ltr'>stilla.</span> <span class='ocrx_word' id='word_1_432' title='bbox 677 5231 824 5290; x_wconf 89' lang='lat' dir='ltr'>Quod</span> <span class='ocrx_word' id='word_1_433' title='bbox 854 5229 898 5277; x_wconf 90' lang='lat' dir='ltr'>si</span> <span class='ocrx_word' id='word_1_434' title='bbox 927 5221 1026 5277; x_wconf 76' lang='lat' dir='ltr'>Hoc</span> <span class='ocrx_word' id='word_1_435' title='bbox 1054 5228 1119 5274; x_wconf 90' lang='lat' dir='ltr'>de</span> <span class='ocrx_word' id='word_1_436' title='bbox 1146 5225 1232 5290; x_wconf 79' lang='lat' dir='ltr'>ira</span> <span class='ocrx_word' id='word_1_437' title='bbox 1279 5226 1331 5272; x_wconf 91' lang='lat' dir='ltr'>et</span> <span class='ocrx_word' id='word_1_438' title='bbox 1359 5223 1551 5290; x_wconf 79' lang='lat' dir='ltr'>gaudio</span> <span class='ocrx_word' id='word_1_439' title='bbox 1598 5221 1969 5290; x_wconf 48' lang='lat' dir='ltr'>admittamus,</span> <span class='ocrx_word' id='word_1_440' title='bbox 2003 5231 2114 5290; x_wconf 86' lang='lat' dir='ltr'>pro-</span> 
     </span>
    </p>
   </div>
   <div class='ocr_carea' id='block_1_60' title="bbox 456 5281 2111 5348">
    <p class='ocr_par' dir='ltr' id='par_1_60' title="bbox 456 5281 2111 5348">
     <span class='ocr_line' id='line_1_61' title="bbox 456 5281 2111 5348; baseline -0.013 1"><span class='ocrx_word' id='word_1_441' title='bbox 456 5281 624 5348; x_wconf 19' lang='lat' dir='ltr'>iecto?</span> <span class='ocrx_word' id='word_1_442' title='bbox 648 5281 716 5345; x_wconf 41' lang='lat' dir='ltr'>et.</span> <span class='ocrx_word' id='word_1_443' title='bbox 743 5294 894 5342; x_wconf 92' lang='lat' dir='ltr'>dolor</span> <span class='ocrx_word' id='word_1_444' title='bbox 948 5291 1014 5339; x_wconf 86' lang='lat' dir='ltr'>ab</span> <span class='ocrx_word' id='word_1_445' title='bbox 1070 5287 1251 5336; x_wconf 86' lang='lat' dir='ltr'>anima</span> <span class='ocrx_word' id='word_1_446' title='bbox 1315 5281 1497 5334; x_wconf 77' lang='lat' dir='ltr'>eadem</span> <span class='ocrx_word' id='word_1_447' title='bbox 1550 5284 1754 5332; x_wconf 83' lang='lat' dir='ltr'>ratione</span> <span class='ocrx_word' id='word_1_448' title='bbox 1783 5281 2111 5348; x_wconf 72' lang='lat' dir='ltr'>excludetur,</span> 
     </span>
    </p>
   </div>
   <div class='ocr_carea' id='block_1_61' title="bbox 494 5344 2115 5412">
    <p class='ocr_par' dir='ltr' id='par_1_61' title="bbox 494 5344 2115 5412">
     <span class='ocr_line' id='line_1_62' title="bbox 494 5344 2115 5412; baseline -0.013 -1"><span class='ocrx_word' id='word_1_449' title='bbox 494 5344 616 5412; x_wconf 60' lang='lat' dir='ltr'>iisin</span> <span class='ocrx_word' id='word_1_450' title='bbox 662 5359 715 5406; x_wconf 88' lang='lat' dir='ltr'>et</span> <span class='ocrx_word' id='word_1_451' title='bbox 759 5353 1051 5405; x_wconf 81' lang='lat' dir='ltr'>excludunt</span> <span class='ocrx_word' id='word_1_452' title='bbox 1101 5348 1398 5412; x_wconf 85' lang='lat' dir='ltr'>Aristotelis</span> <span class='ocrx_word' id='word_1_453' title='bbox 1442 5348 1775 5412; x_wconf 62' lang='lat' dir='ltr'>interpretes,</span> <span class='ocrx_word' id='word_1_454' title='bbox 1815 5344 2115 5393; x_wconf 81' lang='lat' dir='ltr'>Alexander</span> 
     </span>
    </p>
   </div>
   <div class='ocr_carea' id='block_1_62' title="bbox 455 5378 2110 5486">
    <p class='ocr_par' dir='ltr' id='par_1_62' title="bbox 455 5378 2110 5486">
     <span class='ocr_line' id='line_1_63' title="bbox 494 5378 2105 5412; baseline -0.012 -2"><span class='ocrx_word' id='word_1_455' title='bbox 494 5378 616 5412; x_wconf 83' lang='lat' dir='ltr'>uem</span> <span class='ocrx_word' id='word_1_456' title='bbox 662 5378 715 5406; x_wconf 68' lang='grc' dir='ltr'>διν</span> <span class='ocrx_word' id='word_1_457' title='bbox 759 5378 1051 5405; x_wconf 62' lang='grc' dir='ltr'>υλυιυυιιυιτ</span> <span class='ocrx_word' id='word_1_458' title='bbox 1101 5378 1398 5397; x_wconf 70' lang='grc' dir='ltr'>ηιιοιυυωιο</span> <span class='ocrx_word' id='word_1_459' title='bbox 1442 5378 1772 5409; x_wconf 69' lang='grc' dir='ltr'>ιιιιυινιυυυσ.</span> <span class='ocrx_word' id='word_1_460' title='bbox 1815 5378 2105 5393; x_wconf 53' lang='lat' dir='ltr'>“Aunus-Anus</span> 
     </span>
     <span class='ocr_line' id='line_1_64' title="bbox 455 5378 2110 5486; baseline -0.011 -13"><span class='ocrx_word' id='word_1_461' title='bbox 455 5378 885 5486; x_wconf 50' lang='lat' dir='ltr'>gphrodisiensis</span> <span class='ocrx_word' id='word_1_462' title='bbox 933 5418 984 5465; x_wconf 87' lang='lat' dir='ltr'>et</span> <span class='ocrx_word' id='word_1_463' title='bbox 1027 5411 1364 5463; x_wconf 89' lang='lat' dir='ltr'>Themistius,</span> <span class='ocrx_word' id='word_1_464' title='bbox 1413 5410 1480 5458; x_wconf 88' lang='lat' dir='ltr'>ab</span> <span class='ocrx_word' id='word_1_465' title='bbox 1528 5411 1708 5458; x_wconf 88' lang='lat' dir='ltr'>anima</span> <span class='ocrx_word' id='word_1_466' title='bbox 1736 5407 1849 5456; x_wconf 87' lang='lat' dir='ltr'>sine</span> <span class='ocrx_word' id='word_1_467' title='bbox 1878 5420 2110 5471; x_wconf 87' lang='lat' dir='ltr'>corpore.</span> 
     </span>
    </p>
   </div>
   <div class='ocr_carea' id='block_1_63' title="bbox 528 5484 770 5534">
    <p class='ocr_par' dir='ltr' id='par_1_63' title="bbox 528 5484 770 5534">
     <span class='ocr_line' id='line_1_65' title="bbox 528 5484 770 5534; baseline -0.017 0"><span class='ocrx_word' id='word_1_468' title='bbox 528 5502 573 5534; x_wconf 80' lang='grc' dir='ltr'>ι).</span> <span class='ocrx_word' id='word_1_469' title='bbox 605 5484 770 5531; x_wconf 70' lang='grc' dir='ltr'>νιγιιε.</span> 
     </span>
    </p>
   </div>
   <div class='ocr_carea' id='block_1_64' title="bbox 456 5488 2114 5607">
    <p class='ocr_par' dir='ltr' id='par_1_64' title="bbox 456 5488 2114 5607">
     <span class='ocr_line' id='line_1_66' title="bbox 456 5488 770 5537; baseline -0.022 0"><span class='ocrx_word' id='word_1_470' title='bbox 456 5488 573 5537; x_wconf 70' lang='grc' dir='ltr'>ιω).</span> <span class='ocrx_word' id='word_1_471' title='bbox 605 5488 770 5531; x_wconf 70' lang='grc' dir='ltr'>νιγιιε.</span> 
     </span>
     <span class='ocr_line' id='line_1_67' title="bbox 522 5533 2114 5607; baseline -0.01 -11"><span class='ocrx_word' id='word_1_472' title='bbox 522 5548 593 5607; x_wconf 75' lang='lat' dir='ltr'>tb)</span> <span class='ocrx_word' id='word_1_473' title='bbox 623 5545 781 5594; x_wconf 72' lang='lat' dir='ltr'>Vind.</span> <span class='ocrx_word' id='word_1_474' title='bbox 815 5542 928 5607; x_wconf 75' lang='lat' dir='ltr'>Arn.</span> <span class='ocrx_word' id='word_1_475' title='bbox 963 5543 1030 5607; x_wconf 87' lang='lat' dir='ltr'>et_</span> <span class='ocrx_word' id='word_1_476' title='bbox 1060 5551 1244 5587; x_wconf 87' lang='lat' dir='ltr'>omnes</span> <span class='ocrx_word' id='word_1_477' title='bbox 1280 5537 1422 5607; x_wconf 76' lang='lat' dir='ltr'>Ms_s.,</span> <span class='ocrx_word' id='word_1_478' title='bbox 1459 5535 1518 5583; x_wconf 80' lang='lat' dir='ltr'>in</span> <span class='ocrx_word' id='word_1_479' title='bbox 1549 5533 1880 5607; x_wconf 46' lang='lat' dir='ltr'>duodecimo.</span> <span class='ocrx_word' id='word_1_480' title='bbox 1914 5533 2114 5607; x_wconf 53' lang='lat' dir='ltr'>Lapsus</span> 
     </span>
    </p>
   </div>
   <div class='ocr_carea' id='block_1_65' title="bbox 459 5597 2113 5660">
    <p class='ocr_par' dir='ltr' id='par_1_65' title="bbox 459 5597 2113 5660">
     <span class='ocr_line' id='line_1_68' title="bbox 459 5597 2113 5660; baseline -0.01 -1"><span class='ocrx_word' id='word_1_481' title='bbox 459 5597 540 5660; x_wconf 78' lang='lat' dir='ltr'>est</span> <span class='ocrx_word' id='word_1_482' title='bbox 569 5597 655 5657; x_wconf 78' lang='lat' dir='ltr'>vel</span> <span class='ocrx_word' id='word_1_483' title='bbox 683 5605 916 5656; x_wconf 82' lang='lat' dir='ltr'>auctoris</span> <span class='ocrx_word' id='word_1_484' title='bbox 948 5603 1035 5653; x_wconf 78' lang='lat' dir='ltr'>vel</span> <span class='ocrx_word' id='word_1_485' title='bbox 1065 5599 1435 5660; x_wconf 82' lang='lat' dir='ltr'>amanuensis:</span> <span class='ocrx_word' id='word_1_486' title='bbox 1489 5612 1615 5647; x_wconf 85' lang='lat' dir='ltr'>nam</span> <span class='ocrx_word' id='word_1_487' title='bbox 1645 5599 1697 5646; x_wconf 89' lang='lat' dir='ltr'>id</span> <span class='ocrx_word' id='word_1_488' title='bbox 1721 5598 1774 5645; x_wconf 90' lang='lat' dir='ltr'>in</span> <span class='ocrx_word' id='word_1_489' title='bbox 1817 5597 2113 5646; x_wconf 87' lang='lat' dir='ltr'>Platonicos</span> 
     </span>
    </p>
   </div>
   <div class='ocr_carea' id='block_1_66' title="bbox 461 5659 1520 5732">
    <p class='ocr_par' dir='ltr' id='par_1_66' title="bbox 461 5659 1520 5732">
     <span class='ocr_line' id='line_1_69' title="bbox 461 5659 1520 5732; baseline -0.015 -10"><span class='ocrx_word' id='word_1_490' title='bbox 461 5659 568 5732; x_wconf 74' lang='lat' dir='ltr'>egit</span> <span class='ocrx_word' id='word_1_491' title='bbox 597 5669 945 5729; x_wconf 71' lang='lat' dir='ltr'>Augustinus,</span> <span class='ocrx_word' id='word_1_492' title='bbox 975 5668 1067 5718; x_wconf 87' lang='lat' dir='ltr'>lib.</span> <span class='ocrx_word' id='word_1_493' title='bbox 1105 5664 1183 5720; x_wconf 75' lang='grc'>14,</span> <span class='ocrx_word' id='word_1_494' title='bbox 1215 5675 1364 5726; x_wconf 85' lang='lat' dir='ltr'>capp.</span> <span class='ocrx_word' id='word_1_495' title='bbox 1396 5659 1444 5724; x_wconf 90' lang='lat'>3,</span> <span class='ocrx_word' id='word_1_496' title='bbox 1475 5659 1520 5708; x_wconf 84' lang='grc'>5.</span> 
     </span>
    </p>
   </div>
   <div class='ocr_carea' id='block_1_67' title="bbox 1480 311 2785 388">
    <p class='ocr_par' dir='ltr' id='par_1_67' title="bbox 1480 311 2785 388">
     <span class='ocr_line' id='line_1_70' title="bbox 1480 311 2785 388; baseline -0.006 -8"><span class='ocrx_word' id='word_1_497' title='bbox 1480 321 1579 380; x_wconf 87' lang='lat' dir='ltr'>DE</span> <span class='ocrx_word' id='word_1_498' title='bbox 1623 314 1989 382; x_wconf 84' lang='lat' dir='ltr'>CIVITATE</span> <span class='ocrx_word' id='word_1_499' title='bbox 2039 313 2194 388; x_wconf 87' lang='lat' dir='ltr'>DEI,</span> <span class='ocrx_word' id='word_1_500' title='bbox 2240 313 2305 376; x_wconf 92' lang='lat' dir='ltr'>S.</span> <span class='ocrx_word' id='word_1_501' title='bbox 2352 311 2785 374; x_wconf 84' lang='lat' dir='ltr'><strong>AUGUSTINI</strong></span> 
     </span>
    </p>
   </div>
   <div class='ocr_carea' id='block_1_68' title="bbox 3726 313 3845 373">
    <p class='ocr_par' dir='ltr' id='par_1_68' title="bbox 3726 313 3845 373">
     <span class='ocr_line' id='line_1_71' title="bbox 3726 313 3845 373; baseline 0 -1"><span class='ocrx_word' id='word_1_502' title='bbox 3726 313 3845 373; x_wconf 77' lang='lat'>712</span> 
     </span>
    </p>
   </div>
   <div class='ocr_carea' id='block_1_69' title="bbox 2191 445 3849 518">
    <p class='ocr_par' dir='ltr' id='par_1_69' title="bbox 2191 445 3849 518">
     <span class='ocr_line' id='line_1_72' title="bbox 2191 445 3849 518; baseline -0.001 -12"><span class='ocrx_word' id='word_1_503' title='bbox 2191 466 2299 506; x_wconf 94' lang='lat' dir='ltr'>suo</span> <span class='ocrx_word' id='word_1_504' title='bbox 2331 449 2502 504; x_wconf 90' lang='lat' dir='ltr'>modo</span> <span class='ocrx_word' id='word_1_505' title='bbox 2529 445 3036 504; x_wconf 82' lang='lat' dir='ltr'>immortalitatem</span> <span class='ocrx_word' id='word_1_506' title='bbox 3067 462 3238 503; x_wconf 89' lang='lat' dir='ltr'>suam</span> <span class='ocrx_word' id='word_1_507' title='bbox 3267 447 3362 518; x_wconf 83' lang='grc' dir='ltr'>(α),</span> <span class='ocrx_word' id='word_1_508' title='bbox 3393 462 3511 504; x_wconf 89' lang='lat' dir='ltr'>non</span> <span class='ocrx_word' id='word_1_509' title='bbox 3541 445 3673 504; x_wconf 90' lang='lat' dir='ltr'>ideo</span> <span class='ocrx_word' id='word_1_510' title='bbox 3700 448 3849 505; x_wconf 89' lang='lat' dir='ltr'>mori</span> 
     </span>
    </p>
   </div>
   <div class='ocr_carea' id='block_1_70' title="bbox 2193 527 3847 602">
    <p class='ocr_par' dir='ltr' id='par_1_70' title="bbox 2193 527 3847 602">
     <span class='ocr_line' id='line_1_73' title="bbox 2193 527 3847 602; baseline -0.002 -15"><span class='ocrx_word' id='word_1_511' title='bbox 2193 537 2464 602; x_wconf 88' lang='lat' dir='ltr'>poterunt</span> <span class='ocrx_word' id='word_1_512' title='bbox 2493 529 2595 585; x_wconf 86' lang='lat' dir='ltr'>illa</span> <span class='ocrx_word' id='word_1_513' title='bbox 2624 546 2888 601; x_wconf 89' lang='lat' dir='ltr'>corpora,</span> <span class='ocrx_word' id='word_1_514' title='bbox 2941 531 3078 601; x_wconf 88' lang='lat' dir='ltr'>quia</span> <span class='ocrx_word' id='word_1_515' title='bbox 3127 527 3425 584; x_wconf 86' lang='lat' dir='ltr'>dolebunt.</span> <span class='ocrx_word' id='word_1_516' title='bbox 3467 529 3767 586; x_wconf 89' lang='lat' dir='ltr'>Postremo</span> <span class='ocrx_word' id='word_1_517' title='bbox 3798 530 3847 586; x_wconf 88' lang='lat' dir='ltr'>si</span> 
     </span>
    </p>
   </div>
   <div class='ocr_carea' id='block_1_71' title="bbox 2194 610 3848 684">
    <p class='ocr_par' dir='ltr' id='par_1_71' title="bbox 2194 610 3848 684">
     <span class='ocr_line' id='line_1_74' title="bbox 2194 610 3848 684; baseline -0.001 -14"><span class='ocrx_word' id='word_1_518' title='bbox 2194 630 2428 684; x_wconf 85' lang='lat' dir='ltr'>corpora</span> <span class='ocrx_word' id='word_1_519' title='bbox 2458 613 2697 680; x_wconf 81' lang='lat' dir='ltr'>faciunt,</span> <span class='ocrx_word' id='word_1_520' title='bbox 2731 616 2794 667; x_wconf 89' lang='lat' dir='ltr'>ut</span> <span class='ocrx_word' id='word_1_521' title='bbox 2819 611 3026 667; x_wconf 69' lang='lat' dir='ltr'>animm</span> <span class='ocrx_word' id='word_1_522' title='bbox 3054 610 3308 682; x_wconf 85' lang='lat' dir='ltr'>doleant,</span> <span class='ocrx_word' id='word_1_523' title='bbox 3343 628 3447 667; x_wconf 90' lang='lat' dir='ltr'>cur</span> <span class='ocrx_word' id='word_1_524' title='bbox 3475 613 3557 667; x_wconf 89' lang='lat' dir='ltr'>eis</span> <span class='ocrx_word' id='word_1_525' title='bbox 3589 611 3848 668; x_wconf 89' lang='lat' dir='ltr'>dolorem</span> 
     </span>
    </p>
   </div>
   <div class='ocr_carea' id='block_1_72' title="bbox 2194 693 3850 769">
    <p class='ocr_par' dir='ltr' id='par_1_72' title="bbox 2194 693 3850 769">
     <span class='ocr_line' id='line_1_75' title="bbox 2194 693 3850 769; baseline -0.001 -19"><span class='ocrx_word' id='word_1_526' title='bbox 2194 699 2458 769; x_wconf 88' lang='lat' dir='ltr'>possunt.</span> <span class='ocrx_word' id='word_1_527' title='bbox 2517 699 2758 748; x_wconf 90' lang='lat' dir='ltr'>mortem</span> <span class='ocrx_word' id='word_1_528' title='bbox 2815 709 2948 748; x_wconf 91' lang='lat' dir='ltr'>vero</span> <span class='ocrx_word' id='word_1_529' title='bbox 3009 693 3220 748; x_wconf 83' lang='lat' dir='ltr'>inferre</span> <span class='ocrx_word' id='word_1_530' title='bbox 3277 707 3394 748; x_wconf 87' lang='lat' dir='ltr'>non</span> <span class='ocrx_word' id='word_1_531' title='bbox 3440 699 3703 762; x_wconf 90' lang='lat' dir='ltr'>possunt,</span> <span class='ocrx_word' id='word_1_532' title='bbox 3737 693 3850 748; x_wconf 88' lang='lat' dir='ltr'>nisi</span> 
     </span>
    </p>
   </div>
   <div class='ocr_carea' id='block_1_73' title="bbox 2195 773 3850 846">
    <p class='ocr_par' dir='ltr' id='par_1_73' title="bbox 2195 773 3850 846">
     <span class='ocr_line' id='line_1_76' title="bbox 2195 773 3850 846; baseline 0 -16"><span class='ocrx_word' id='word_1_533' title='bbox 2195 776 2334 846; x_wconf 91' lang='lat' dir='ltr'>quia</span> <span class='ocrx_word' id='word_1_534' title='bbox 2363 790 2730 845; x_wconf 86' lang='lat' dir='ltr'>consequens</span> <span class='ocrx_word' id='word_1_535' title='bbox 2781 790 2893 828; x_wconf 91' lang='lat' dir='ltr'>non</span> <span class='ocrx_word' id='word_1_536' title='bbox 2926 777 3036 840; x_wconf 91' lang='lat' dir='ltr'>est,</span> <span class='ocrx_word' id='word_1_537' title='bbox 3074 776 3140 826; x_wconf 90' lang='lat' dir='ltr'>ut</span> <span class='ocrx_word' id='word_1_538' title='bbox 3188 777 3432 828; x_wconf 88' lang='lat' dir='ltr'>mortem</span> <span class='ocrx_word' id='word_1_539' title='bbox 3464 773 3654 838; x_wconf 79' lang='lat' dir='ltr'>faciat,</span> <span class='ocrx_word' id='word_1_540' title='bbox 3690 774 3850 846; x_wconf 86' lang='lat' dir='ltr'>quod</span> 
     </span>
    </p>
   </div>
   <div class='ocr_carea' id='block_1_74' title="bbox 2195 851 3850 925">
    <p class='ocr_par' dir='ltr' id='par_1_74' title="bbox 2195 851 3850 925">
     <span class='ocr_line' id='line_1_77' title="bbox 2195 851 3850 925; baseline -0.001 -15"><span class='ocrx_word' id='word_1_541' title='bbox 2195 857 2454 910; x_wconf 91' lang='lat' dir='ltr'>dolorem</span> <span class='ocrx_word' id='word_1_542' title='bbox 2485 852 2668 908; x_wconf 81' lang='lat' dir='ltr'>facit?</span> <span class='ocrx_word' id='word_1_543' title='bbox 2717 853 2829 908; x_wconf 91' lang='lat' dir='ltr'>Cur</span> <span class='ocrx_word' id='word_1_544' title='bbox 2877 867 3015 923; x_wconf 84' lang='lat' dir='ltr'>ergo</span> <span class='ocrx_word' id='word_1_545' title='bbox 3063 851 3401 909; x_wconf 88' lang='lat' dir='ltr'>incredibile</span> <span class='ocrx_word' id='word_1_546' title='bbox 3431 856 3538 919; x_wconf 90' lang='lat' dir='ltr'>est,</span> <span class='ocrx_word' id='word_1_547' title='bbox 3572 852 3653 908; x_wconf 90' lang='lat' dir='ltr'>ita</span> <span class='ocrx_word' id='word_1_548' title='bbox 3683 853 3850 925; x_wconf 80' lang='lat' dir='ltr'>ignes</span> 
     </span>
    </p>
   </div>
   <div class='ocr_carea' id='block_1_75' title="bbox 2196 933 3850 1005">
    <p class='ocr_par' dir='ltr' id='par_1_75' title="bbox 2196 933 3850 1005">
     <span class='ocr_line' id='line_1_78' title="bbox 2196 933 3850 1005; baseline -0.002 -15"><span class='ocrx_word' id='word_1_549' title='bbox 2196 935 2315 990; x_wconf 91' lang='lat' dir='ltr'>illis</span> <span class='ocrx_word' id='word_1_550' title='bbox 2341 934 2682 1005; x_wconf 89' lang='lat' dir='ltr'>corporibus</span> <span class='ocrx_word' id='word_1_551' title='bbox 2728 933 2987 988; x_wconf 89' lang='lat' dir='ltr'>dolorem</span> <span class='ocrx_word' id='word_1_552' title='bbox 3037 947 3207 1003; x_wconf 88' lang='lat' dir='ltr'>posse</span> <span class='ocrx_word' id='word_1_553' title='bbox 3251 933 3484 996; x_wconf 83' lang='lat' dir='ltr'>inferre,</span> <span class='ocrx_word' id='word_1_554' title='bbox 3524 949 3639 987; x_wconf 92' lang='lat' dir='ltr'>non</span> <span class='ocrx_word' id='word_1_555' title='bbox 3693 949 3850 988; x_wconf 85' lang='lat' dir='ltr'>mor-</span> 
     </span>
    </p>
   </div>
   <div class='ocr_carea' id='block_1_76' title="bbox 2195 1012 3849 1086">
    <p class='ocr_par' dir='ltr' id='par_1_76' title="bbox 2195 1012 3849 1086">
     <span class='ocr_line' id='line_1_79' title="bbox 2195 1012 3849 1086; baseline -0.004 -14"><span class='ocrx_word' id='word_1_556' title='bbox 2195 1021 2342 1086; x_wconf 80' lang='lat' dir='ltr'>tem,</span> <span class='ocrx_word' id='word_1_557' title='bbox 2398 1017 2552 1070; x_wconf 89' lang='lat' dir='ltr'>sicut</span> <span class='ocrx_word' id='word_1_558' title='bbox 2609 1014 2738 1085; x_wconf 89' lang='lat' dir='ltr'>ipsa</span> <span class='ocrx_word' id='word_1_559' title='bbox 2795 1029 3037 1084; x_wconf 87' lang='lat' dir='ltr'>corpora</span> <span class='ocrx_word' id='word_1_560' title='bbox 3082 1012 3278 1068; x_wconf 91' lang='lat' dir='ltr'>dolere</span> <span class='ocrx_word' id='word_1_561' title='bbox 3334 1014 3567 1069; x_wconf 86' lang='lat' dir='ltr'>animas</span> <span class='ocrx_word' id='word_1_562' title='bbox 3609 1013 3849 1081; x_wconf 81' lang='lat' dir='ltr'>faciunt,</span> 
     </span>
    </p>
   </div>
   <div class='ocr_carea' id='block_1_77' title="bbox 2197 1093 3852 1169">
    <p class='ocr_par' dir='ltr' id='par_1_77' title="bbox 2197 1093 3852 1169">
     <span class='ocr_line' id='line_1_80' title="bbox 2197 1093 3852 1169; baseline -0.001 -17"><span class='ocrx_word' id='word_1_563' title='bbox 2197 1114 2338 1169; x_wconf 88' lang='lat' dir='ltr'>quas</span> <span class='ocrx_word' id='word_1_564' title='bbox 2395 1101 2590 1152; x_wconf 86' lang='lat' dir='ltr'>tamen</span> <span class='ocrx_word' id='word_1_565' title='bbox 2649 1110 2766 1150; x_wconf 91' lang='lat' dir='ltr'>non</span> <span class='ocrx_word' id='word_1_566' title='bbox 2829 1095 2958 1150; x_wconf 93' lang='lat' dir='ltr'>ideo</span> <span class='ocrx_word' id='word_1_567' title='bbox 3016 1093 3164 1148; x_wconf 89' lang='lat' dir='ltr'>mori</span> <span class='ocrx_word' id='word_1_568' title='bbox 3225 1094 3502 1165; x_wconf 84' lang='lat' dir='ltr'>cogunt?</span> <span class='ocrx_word' id='word_1_569' title='bbox 3573 1095 3700 1150; x_wconf 82' lang='lat' dir='ltr'>Non</span> <span class='ocrx_word' id='word_1_570' title='bbox 3759 1098 3852 1150; x_wconf 88' lang='lat' dir='ltr'>est</span> 
     </span>
    </p>
   </div>
   <div class='ocr_carea' id='block_1_78' title="bbox 2197 1173 3851 1248">
    <p class='ocr_par' dir='ltr' id='par_1_78' title="bbox 2197 1173 3851 1248">
     <span class='ocr_line' id='line_1_81' title="bbox 2197 1173 3851 1248; baseline -0.002 -14"><span class='ocrx_word' id='word_1_571' title='bbox 2197 1194 2331 1248; x_wconf 84' lang='lat' dir='ltr'>ergo</span> <span class='ocrx_word' id='word_1_572' title='bbox 2365 1175 2756 1233; x_wconf 84' lang='lat' dir='ltr'>necessarium</span> <span class='ocrx_word' id='word_1_573' title='bbox 2805 1175 3014 1230; x_wconf 76' lang='lat' dir='ltr'>futura:</span> <span class='ocrx_word' id='word_1_574' title='bbox 3065 1173 3272 1230; x_wconf 89' lang='lat' dir='ltr'>mortis</span> <span class='ocrx_word' id='word_1_575' title='bbox 3302 1182 3714 1246; x_wconf 83' lang='lat' dir='ltr'>argumentum</span> <span class='ocrx_word' id='word_1_576' title='bbox 3748 1175 3851 1231; x_wconf 85' lang='lat' dir='ltr'>do-</span> 
     </span>
    </p>
   </div>
   <div class='ocr_carea' id='block_1_79' title="bbox 2197 1259 2306 1314">
    <p class='ocr_par' dir='ltr' id='par_1_79' title="bbox 2197 1259 2306 1314">
     <span class='ocr_line' id='line_1_82' title="bbox 2197 1259 2306 1314; baseline -0.018 0"><span class='ocrx_word' id='word_1_577' title='bbox 2197 1259 2306 1314; x_wconf 84' lang='lat' dir='ltr'>lor.</span> 
     </span>
    </p>
   </div>
   <div class='ocr_carea' id='block_1_80' title="bbox 2197 1421 3848 1494">
    <p class='ocr_par' dir='ltr' id='par_1_80' title="bbox 2197 1421 3848 1494">
     <span class='ocr_line' id='line_1_83' title="bbox 2197 1421 3848 1494; baseline -0.001 -13"><span class='ocrx_word' id='word_1_578' title='bbox 2197 1424 2430 1481; x_wconf 86' lang='lat' dir='ltr'>CAPUT</span> <span class='ocrx_word' id='word_1_579' title='bbox 2472 1423 2564 1480; x_wconf 85' lang='lat' dir='ltr'>IV.</span> <span class='ocrx_word' id='word_1_580' title='bbox 2620 1452 2691 1464; x_wconf 95' lang='lat'><strong>—</strong></span> <span class='ocrx_word' id='word_1_581' title='bbox 2745 1423 2817 1478; x_wconf 85' lang='lat' dir='ltr'>De</span> <span class='ocrx_word' id='word_1_582' title='bbox 2871 1421 3230 1478; x_wconf 80' lang='lat' dir='ltr'>naturalibus</span> <span class='ocrx_word' id='word_1_583' title='bbox 3277 1422 3565 1494; x_wconf 74' lang='lat' dir='ltr'>exemplis,</span> <span class='ocrx_word' id='word_1_584' title='bbox 3616 1440 3848 1494; x_wconf 88' lang='lat' dir='ltr'>quorum</span> 
     </span>
    </p>
   </div>
   <div class='ocr_carea' id='block_1_81' title="bbox 2269 1503 3846 1574">
    <p class='ocr_par' dir='ltr' id='par_1_81' title="bbox 2269 1503 3846 1574">
     <span class='ocr_line' id='line_1_84' title="bbox 2269 1503 3846 1574; baseline 0 -14"><span class='ocrx_word' id='word_1_585' title='bbox 2269 1504 2630 1560; x_wconf 73' lang='lat' dir='ltr'>consideratio</span> <span class='ocrx_word' id='word_1_586' title='bbox 2659 1504 2849 1559; x_wconf 86' lang='lat' dir='ltr'>doceat</span> <span class='ocrx_word' id='word_1_587' title='bbox 2900 1518 3052 1574; x_wconf 80' lang='lat' dir='ltr'>posse</span> <span class='ocrx_word' id='word_1_588' title='bbox 3083 1503 3224 1558; x_wconf 81' lang='lat' dir='ltr'>inter</span> <span class='ocrx_word' id='word_1_589' title='bbox 3269 1505 3555 1559; x_wconf 73' lang='lat' dir='ltr'>cruciatus</span> <span class='ocrx_word' id='word_1_590' title='bbox 3604 1505 3846 1560; x_wconf 81' lang='lat' dir='ltr'>viventia</span> 
     </span>
    </p>
   </div>
   <div class='ocr_carea' id='block_1_82' title="bbox 2269 1598 2880 1657">
    <p class='ocr_par' dir='ltr' id='par_1_82' title="bbox 2269 1598 2880 1657">
     <span class='ocr_line' id='line_1_85' title="bbox 2269 1598 2880 1657; baseline -0.002 -17"><span class='ocrx_word' id='word_1_591' title='bbox 2269 1601 2502 1657; x_wconf 85' lang='lat' dir='ltr'>corpora</span> <span class='ocrx_word' id='word_1_592' title='bbox 2531 1598 2880 1655; x_wconf 83' lang='lat' dir='ltr'>permanere.</span> 
     </span>
    </p>
   </div>
   <div class='ocr_carea' id='block_1_83' title="bbox 2274 1719 3847 1792">
    <p class='ocr_par' dir='ltr' id='par_1_83' title="bbox 2274 1719 3847 1792">
     <span class='ocr_line' id='line_1_86' title="bbox 2274 1719 3847 1792; baseline 0.001 -17"><span class='ocrx_word' id='word_1_593' title='bbox 2274 1721 2322 1775; x_wconf 89' lang='grc'><strong>1.</strong></span> <span class='ocrx_word' id='word_1_594' title='bbox 2358 1724 2719 1792; x_wconf 80' lang='lat' dir='ltr'>Quapropter</span> <span class='ocrx_word' id='word_1_595' title='bbox 2774 1722 2843 1788; x_wconf 90' lang='lat' dir='ltr'>si,</span> <span class='ocrx_word' id='word_1_596' title='bbox 2907 1720 2997 1776; x_wconf 76' lang='lat' dir='ltr'>ut‘</span> <span class='ocrx_word' id='word_1_597' title='bbox 3032 1719 3398 1792; x_wconf 88' lang='lat' dir='ltr'>scripserunt</span> <span class='ocrx_word' id='word_1_598' title='bbox 3446 1721 3546 1792; x_wconf 93' lang='lat' dir='ltr'>qui</span> <span class='ocrx_word' id='word_1_599' title='bbox 3608 1725 3847 1777; x_wconf 83' lang='lat' dir='ltr'>naturas</span> 
     </span>
    </p>
   </div>
   <div class='ocr_carea' id='block_1_84' title="bbox 2200 1801 3845 1869">
    <p class='ocr_par' dir='ltr' id='par_1_84' title="bbox 2200 1801 3845 1869">
     <span class='ocr_line' id='line_1_87' title="bbox 2200 1801 3845 1869; baseline 0.001 -13"><span class='ocrx_word' id='word_1_600' title='bbox 2200 1801 2540 1856; x_wconf 87' lang='lat' dir='ltr'>animalium</span> <span class='ocrx_word' id='word_1_601' title='bbox 2592 1801 2881 1856; x_wconf 88' lang='lat' dir='ltr'>curiosius</span> <span class='ocrx_word' id='word_1_602' title='bbox 2930 1802 3303 1869; x_wconf 73' lang='lat' dir='ltr'>indagarunt,</span> <span class='ocrx_word' id='word_1_603' title='bbox 3359 1801 3738 1858; x_wconf 86' lang='lat' dir='ltr'>salamandra</span> <span class='ocrx_word' id='word_1_604' title='bbox 3790 1803 3845 1858; x_wconf 90' lang='lat' dir='ltr'>in</span> 
     </span>
    </p>
   </div>
   <div class='ocr_carea' id='block_1_85' title="bbox 2200 1880 3847 1952">
    <p class='ocr_par' dir='ltr' id='par_1_85' title="bbox 2200 1880 3847 1952">
     <span class='ocr_line' id='line_1_88' title="bbox 2200 1880 3847 1952; baseline 0.001 -16"><span class='ocrx_word' id='word_1_605' title='bbox 2200 1881 2433 1952; x_wconf 87' lang='lat' dir='ltr'>ignibus</span> <span class='ocrx_word' id='word_1_606' title='bbox 2463 1881 2638 1948; x_wconf 84' lang='lat' dir='ltr'>vivit;</span> <span class='ocrx_word' id='word_1_607' title='bbox 2670 1887 2726 1936; x_wconf 90' lang='lat' dir='ltr'>et</span> <span class='ocrx_word' id='word_1_608' title='bbox 2755 1881 2991 1948; x_wconf 85' lang='lat' dir='ltr'>quidam</span> <span class='ocrx_word' id='word_1_609' title='bbox 3034 1880 3325 1937; x_wconf 89' lang='lat' dir='ltr'>notissimi</span> <span class='ocrx_word' id='word_1_610' title='bbox 3354 1881 3563 1936; x_wconf 62' lang='lat' dir='ltr'>Siciliae</span> <span class='ocrx_word' id='word_1_611' title='bbox 3598 1886 3847 1952; x_wconf 90' lang='lat' dir='ltr'>montes,</span> 
     </span>
    </p>
   </div>
   <div class='ocr_carea' id='block_1_86' title="bbox 2201 1963 3849 2033">
    <p class='ocr_par' dir='ltr' id='par_1_86' title="bbox 2201 1963 3849 2033">
     <span class='ocr_line' id='line_1_89' title="bbox 2201 1963 3849 2033; baseline 0.002 -17"><span class='ocrx_word' id='word_1_612' title='bbox 2201 1963 2302 2033; x_wconf 91' lang='lat' dir='ltr'>qui</span> <span class='ocrx_word' id='word_1_613' title='bbox 2361 1967 2527 2017; x_wconf 87' lang='lat' dir='ltr'>tanta</span> <span class='ocrx_word' id='word_1_614' title='bbox 2583 1963 2964 2018; x_wconf 87' lang='lat' dir='ltr'>diuturnitate</span> <span class='ocrx_word' id='word_1_615' title='bbox 3013 1963 3293 2032; x_wconf 89' lang='lat' dir='ltr'>temporis</span> <span class='ocrx_word' id='word_1_616' title='bbox 3346 1966 3520 2032; x_wconf 88' lang='lat' dir='ltr'>atque</span> <span class='ocrx_word' id='word_1_617' title='bbox 3561 1969 3849 2020; x_wconf 84' lang='lat' dir='ltr'>vetustate</span> 
     </span>
    </p>
   </div>
   <div class='ocr_carea' id='block_1_87' title="bbox 2202 2041 3850 2116">
    <p class='ocr_par' dir='ltr' id='par_1_87' title="bbox 2202 2041 3850 2116">
     <span class='ocr_line' id='line_1_90' title="bbox 2202 2041 3850 2116; baseline 0.002 -18"><span class='ocrx_word' id='word_1_618' title='bbox 2202 2059 2388 2113; x_wconf 89' lang='lat' dir='ltr'>usque</span> <span class='ocrx_word' id='word_1_619' title='bbox 2422 2059 2575 2098; x_wconf 87' lang='lat' dir='ltr'>nunc</span> <span class='ocrx_word' id='word_1_620' title='bbox 2618 2059 2683 2098; x_wconf 88' lang='lat' dir='ltr'>ac</span> <span class='ocrx_word' id='word_1_621' title='bbox 2733 2042 3006 2114; x_wconf 89' lang='lat' dir='ltr'>deinceps</span> <span class='ocrx_word' id='word_1_622' title='bbox 3057 2041 3314 2098; x_wconf 86' lang='lat' dir='ltr'>ﬂammis</span> <span class='ocrx_word' id='word_1_623' title='bbox 3363 2049 3639 2112; x_wconf 66' lang='lat' dir='ltr'>aestuant,</span> <span class='ocrx_word' id='word_1_624' title='bbox 3673 2049 3850 2116; x_wconf 86' lang='lat' dir='ltr'>atque</span> 
     </span>
    </p>
   </div>
   <div class='ocr_carea' id='block_1_88' title="bbox 2200 2121 3850 2193">
    <p class='ocr_par' dir='ltr' id='par_1_88' title="bbox 2200 2121 3850 2193">
     <span class='ocr_line' id='line_1_91' title="bbox 2200 2121 3850 2193; baseline 0.001 -15"><span class='ocrx_word' id='word_1_625' title='bbox 2200 2123 2412 2193; x_wconf 84' lang='lat' dir='ltr'>integri</span> <span class='ocrx_word' id='word_1_626' title='bbox 2447 2127 2834 2193; x_wconf 88' lang='lat' dir='ltr'>perseverant,</span> <span class='ocrx_word' id='word_1_627' title='bbox 2881 2123 3022 2177; x_wconf 84' lang='lat' dir='ltr'>satis</span> <span class='ocrx_word' id='word_1_628' title='bbox 3072 2121 3263 2177; x_wconf 89' lang='lat' dir='ltr'>idonei</span> <span class='ocrx_word' id='word_1_629' title='bbox 3309 2127 3490 2178; x_wconf 88' lang='lat' dir='ltr'>testes</span> <span class='ocrx_word' id='word_1_630' title='bbox 3539 2129 3704 2190; x_wconf 86' lang='lat' dir='ltr'>sunt,</span> <span class='ocrx_word' id='word_1_631' title='bbox 3735 2141 3850 2181; x_wconf 91' lang='lat' dir='ltr'>non</span> 
     </span>
    </p>
   </div>
   <div class='ocr_carea' id='block_1_89' title="bbox 2203 2201 3849 2273">
    <p class='ocr_par' dir='ltr' id='par_1_89' title="bbox 2203 2201 3849 2273">
     <span class='ocr_line' id='line_1_92' title="bbox 2203 2201 3849 2273; baseline 0.002 -17"><span class='ocrx_word' id='word_1_632' title='bbox 2203 2218 2374 2257; x_wconf 90' lang='lat' dir='ltr'>omne</span> <span class='ocrx_word' id='word_1_633' title='bbox 2408 2203 2560 2273; x_wconf 90' lang='lat' dir='ltr'>quod</span> <span class='ocrx_word' id='word_1_634' title='bbox 2596 2203 2757 2257; x_wconf 88' lang='lat' dir='ltr'>ardet</span> <span class='ocrx_word' id='word_1_635' title='bbox 2804 2201 3075 2270; x_wconf 84' lang='lat' dir='ltr'>absumi;</span> <span class='ocrx_word' id='word_1_636' title='bbox 3107 2207 3164 2257; x_wconf 92' lang='lat' dir='ltr'>et</span> <span class='ocrx_word' id='word_1_637' title='bbox 3213 2202 3412 2258; x_wconf 91' lang='lat' dir='ltr'>anima</span> <span class='ocrx_word' id='word_1_638' title='bbox 3459 2202 3699 2273; x_wconf 85' lang='lat' dir='ltr'>indicat,</span> <span class='ocrx_word' id='word_1_639' title='bbox 3734 2221 3849 2260; x_wconf 90' lang='lat' dir='ltr'>non</span> 
     </span>
    </p>
   </div>
   <div class='ocr_carea' id='block_1_90' title="bbox 2203 2283 3850 2356">
    <p class='ocr_par' dir='ltr' id='par_1_90' title="bbox 2203 2283 3850 2356">
     <span class='ocr_line' id='line_1_93' title="bbox 2203 2283 3850 2356; baseline 0.001 -18"><span class='ocrx_word' id='word_1_640' title='bbox 2203 2299 2376 2338; x_wconf 89' lang='lat' dir='ltr'>omne</span> <span class='ocrx_word' id='word_1_641' title='bbox 2407 2285 2561 2355; x_wconf 86' lang='lat' dir='ltr'>quod</span> <span class='ocrx_word' id='word_1_642' title='bbox 2595 2283 2786 2338; x_wconf 90' lang='lat' dir='ltr'>dolere</span> <span class='ocrx_word' id='word_1_643' title='bbox 2819 2287 3030 2354; x_wconf 81' lang='lat' dir='ltr'>potest,</span> <span class='ocrx_word' id='word_1_644' title='bbox 3073 2299 3240 2353; x_wconf 90' lang='lat' dir='ltr'>posse</span> <span class='ocrx_word' id='word_1_645' title='bbox 3270 2283 3444 2338; x_wconf 88' lang='lat' dir='ltr'>etiam</span> <span class='ocrx_word' id='word_1_646' title='bbox 3479 2284 3626 2340; x_wconf 91' lang='lat' dir='ltr'>mori</span> <span class='ocrx_word' id='word_1_647' title='bbox 3661 2302 3674 2340; x_wconf 91' lang='lat'><strong>:</strong></span> <span class='ocrx_word' id='word_1_648' title='bbox 3709 2285 3850 2356; x_wconf 89' lang='lat' dir='ltr'>quid</span> 
     </span>
    </p>
   </div>
   <div class='ocr_carea' id='block_1_91' title="bbox 2203 2365 3854 2438">
    <p class='ocr_par' dir='ltr' id='par_1_91' title="bbox 2203 2365 3854 2438">
     <span class='ocr_line' id='line_1_94' title="bbox 2203 2365 3854 2438; baseline 0.001 -18"><span class='ocrx_word' id='word_1_649' title='bbox 2203 2365 2392 2420; x_wconf 82' lang='lat' dir='ltr'>adhuc</span> <span class='ocrx_word' id='word_1_650' title='bbox 2425 2383 2454 2419; x_wconf 88' lang='lat' dir='ltr'>a</span> <span class='ocrx_word' id='word_1_651' title='bbox 2487 2365 2657 2420; x_wconf 90' lang='lat' dir='ltr'>nobis</span> <span class='ocrx_word' id='word_1_652' title='bbox 2699 2379 2893 2419; x_wconf 88' lang='lat' dir='ltr'>rerum</span> <span class='ocrx_word' id='word_1_653' title='bbox 2947 2368 3266 2436; x_wconf 80' lang='lat' dir='ltr'>poscuntur</span> <span class='ocrx_word' id='word_1_654' title='bbox 3311 2365 3598 2435; x_wconf 79' lang='lat' dir='ltr'>exempla,</span> <span class='ocrx_word' id='word_1_655' title='bbox 3633 2367 3854 2438; x_wconf 85' lang='lat' dir='ltr'>quibus</span> 
     </span>
    </p>
   </div>
   <div class='ocr_carea' id='block_1_92' title="bbox 2203 2443 3854 2514">
    <p class='ocr_par' dir='ltr' id='par_1_92' title="bbox 2203 2443 3854 2514">
     <span class='ocr_line' id='line_1_95' title="bbox 2203 2443 3854 2514; baseline 0.001 -14"><span class='ocrx_word' id='word_1_656' title='bbox 2203 2447 2536 2514; x_wconf 83' lang='lat' dir='ltr'>doceamus,</span> <span class='ocrx_word' id='word_1_657' title='bbox 2566 2461 2676 2500; x_wconf 91' lang='lat' dir='ltr'>non</span> <span class='ocrx_word' id='word_1_658' title='bbox 2710 2460 2839 2500; x_wconf 89' lang='lat' dir='ltr'>esse</span> <span class='ocrx_word' id='word_1_659' title='bbox 2888 2443 3247 2512; x_wconf 88' lang='lat' dir='ltr'>incredibile,</span> <span class='ocrx_word' id='word_1_660' title='bbox 3292 2448 3355 2498; x_wconf 94' lang='lat' dir='ltr'>ut</span> <span class='ocrx_word' id='word_1_661' title='bbox 3387 2445 3691 2500; x_wconf 90' lang='lat' dir='ltr'>hominum</span> <span class='ocrx_word' id='word_1_662' title='bbox 3723 2462 3854 2502; x_wconf 79' lang='lat' dir='ltr'>cor-</span> 
     </span>
    </p>
   </div>
   <div class='ocr_carea' id='block_1_93' title="bbox 2205 2525 3857 2598">
    <p class='ocr_par' dir='ltr' id='par_1_93' title="bbox 2205 2525 3857 2598">
     <span class='ocr_line' id='line_1_96' title="bbox 2205 2525 3857 2598; baseline 0.001 -17"><span class='ocrx_word' id='word_1_663' title='bbox 2205 2545 2346 2598; x_wconf 90' lang='lat' dir='ltr'>pora</span> <span class='ocrx_word' id='word_1_664' title='bbox 2392 2526 2742 2597; x_wconf 86' lang='lat' dir='ltr'>sempiterno</span> <span class='ocrx_word' id='word_1_665' title='bbox 2790 2525 3075 2596; x_wconf 89' lang='lat' dir='ltr'>supplicio</span> <span class='ocrx_word' id='word_1_666' title='bbox 3119 2526 3480 2595; x_wconf 89' lang='lat' dir='ltr'>punitorum,</span> <span class='ocrx_word' id='word_1_667' title='bbox 3531 2531 3590 2581; x_wconf 88' lang='lat' dir='ltr'>et</span> <span class='ocrx_word' id='word_1_668' title='bbox 3624 2525 3682 2581; x_wconf 92' lang='lat' dir='ltr'>in</span> <span class='ocrx_word' id='word_1_669' title='bbox 3721 2527 3857 2597; x_wconf 83' lang='lat' dir='ltr'>igne</span> 
     </span>
    </p>
   </div>
   <div class='ocr_carea' id='block_1_94' title="bbox 2206 2604 3856 2672">
    <p class='ocr_par' dir='ltr' id='par_1_94' title="bbox 2206 2604 3856 2672">
     <span class='ocr_line' id='line_1_97' title="bbox 2206 2604 3856 2672; baseline 0.001 -12"><span class='ocrx_word' id='word_1_670' title='bbox 2206 2608 2465 2661; x_wconf 89' lang='lat' dir='ltr'>animam</span> <span class='ocrx_word' id='word_1_671' title='bbox 2503 2622 2613 2661; x_wconf 90' lang='lat' dir='ltr'>non</span> <span class='ocrx_word' id='word_1_672' title='bbox 2640 2605 2935 2672; x_wconf 85' lang='lat' dir='ltr'>amittant,</span> <span class='ocrx_word' id='word_1_673' title='bbox 2967 2609 3023 2660; x_wconf 91' lang='lat' dir='ltr'>et</span> <span class='ocrx_word' id='word_1_674' title='bbox 3054 2604 3178 2659; x_wconf 89' lang='lat' dir='ltr'>sine</span> <span class='ocrx_word' id='word_1_675' title='bbox 3210 2604 3556 2660; x_wconf 89' lang='lat' dir='ltr'>detrimento</span> <span class='ocrx_word' id='word_1_676' title='bbox 3590 2607 3856 2672; x_wconf 88' lang='lat' dir='ltr'>ardeant,</span> 
     </span>
    </p>
   </div>
   <div class='ocr_carea' id='block_1_95' title="bbox 2204 2685 3863 2743">
    <p class='ocr_par' dir='ltr' id='par_1_95' title="bbox 2204 2685 3863 2743">
     <span class='ocr_line' id='line_1_98' title="bbox 2204 2685 3863 2743; baseline -0.001 0"><span class='ocrx_word' id='word_1_677' title='bbox 2204 2692 2260 2743; x_wconf 89' lang='lat' dir='ltr'>et</span> <span class='ocrx_word' id='word_1_678' title='bbox 2291 2687 2412 2742; x_wconf 90' lang='lat' dir='ltr'>sine</span> <span class='ocrx_word' id='word_1_679' title='bbox 2445 2687 2676 2741; x_wconf 85' lang='lat' dir='ltr'>interitu</span> <span class='ocrx_word' id='word_1_680' title='bbox 2709 2685 2984 2741; x_wconf 81' lang='lat' dir='ltr'>doleant?</span> <span class='ocrx_word' id='word_1_681' title='bbox 3005 2685 3252 2740; x_wconf 86' lang='lat' dir='ltr'>Habebit</span> <span class='ocrx_word' id='word_1_682' title='bbox 3280 2685 3435 2740; x_wconf 91' lang='lat' dir='ltr'>enim</span> <span class='ocrx_word' id='word_1_683' title='bbox 3471 2693 3610 2741; x_wconf 87' lang='lat' dir='ltr'>tunc</span> <span class='ocrx_word' id='word_1_684' title='bbox 3641 2687 3863 2742; x_wconf 74' lang='lat' dir='ltr'>istam‘</span> 
     </span>
    </p>
   </div>
   <div class='ocr_carea' id='block_1_96' title="bbox 2205 2764 3859 2838">
    <p class='ocr_par' dir='ltr' id='par_1_96' title="bbox 2205 2764 3859 2838">
     <span class='ocr_line' id='line_1_99' title="bbox 2205 2764 3859 2838; baseline -0.001 -14"><span class='ocrx_word' id='word_1_685' title='bbox 2205 2767 2396 2824; x_wconf 89' lang='lat' dir='ltr'>carnis</span> <span class='ocrx_word' id='word_1_686' title='bbox 2435 2766 2760 2822; x_wconf 87' lang='lat' dir='ltr'>substantia</span> <span class='ocrx_word' id='word_1_687' title='bbox 2809 2764 3146 2836; x_wconf 83' lang='lat' dir='ltr'>qualitatem</span> <span class='ocrx_word' id='word_1_688' title='bbox 3194 2765 3266 2819; x_wconf 86' lang='lat' dir='ltr'>ab</span> <span class='ocrx_word' id='word_1_689' title='bbox 3313 2765 3412 2819; x_wconf 91' lang='lat' dir='ltr'>illo</span> <span class='ocrx_word' id='word_1_690' title='bbox 3446 2764 3718 2834; x_wconf 87' lang='lat' dir='ltr'>inditam,</span> <span class='ocrx_word' id='word_1_691' title='bbox 3756 2767 3859 2838; x_wconf 90' lang='lat' dir='ltr'>qui</span> 
     </span>
    </p>
   </div>
   <div class='ocr_carea' id='block_1_97' title="bbox 2205 2845 3863 2918">
    <p class='ocr_par' dir='ltr' id='par_1_97' title="bbox 2205 2845 3863 2918">
     <span class='ocr_line' id='line_1_100' title="bbox 2205 2845 3863 2918; baseline -0.001 -14"><span class='ocrx_word' id='word_1_692' title='bbox 2205 2853 2324 2904; x_wconf 88' lang='lat' dir='ltr'>tam</span> <span class='ocrx_word' id='word_1_693' title='bbox 2361 2848 2536 2904; x_wconf 84' lang='lat' dir='ltr'>miras</span> <span class='ocrx_word' id='word_1_694' title='bbox 2585 2853 2642 2902; x_wconf 93' lang='lat' dir='ltr'>et</span> <span class='ocrx_word' id='word_1_695' title='bbox 2686 2847 2875 2901; x_wconf 84' lang='lat' dir='ltr'>varias</span> <span class='ocrx_word' id='word_1_696' title='bbox 2924 2850 3010 2902; x_wconf 86' lang='lat' dir='ltr'>tot</span> <span class='ocrx_word' id='word_1_697' title='bbox 3038 2847 3208 2901; x_wconf 89' lang='lat' dir='ltr'>rebus</span> <span class='ocrx_word' id='word_1_698' title='bbox 3253 2845 3490 2913; x_wconf 87' lang='lat' dir='ltr'>indidit,</span> <span class='ocrx_word' id='word_1_699' title='bbox 3517 2863 3662 2918; x_wconf 89' lang='lat' dir='ltr'>quas</span> <span class='ocrx_word' id='word_1_700' title='bbox 3697 2849 3863 2902; x_wconf 89' lang='lat' dir='ltr'>vide-</span> 
     </span>
    </p>
   </div>
   <div class='ocr_carea' id='block_1_98' title="bbox 2208 2925 3858 2996">
    <p class='ocr_par' dir='ltr' id='par_1_98' title="bbox 2208 2925 3858 2996">
     <span class='ocr_line' id='line_1_101' title="bbox 2208 2925 3858 2996; baseline 0 -14"><span class='ocrx_word' id='word_1_701' title='bbox 2208 2946 2360 2996; x_wconf 86' lang='lat' dir='ltr'>mus,</span> <span class='ocrx_word' id='word_1_702' title='bbox 2429 2932 2490 2982; x_wconf 91' lang='lat' dir='ltr'>ut</span> <span class='ocrx_word' id='word_1_703' title='bbox 2547 2945 2665 2995; x_wconf 88' lang='lat' dir='ltr'>eas,</span> <span class='ocrx_word' id='word_1_704' title='bbox 2726 2927 2862 2996; x_wconf 89' lang='lat' dir='ltr'>quia</span> <span class='ocrx_word' id='word_1_705' title='bbox 2911 2925 3105 2980; x_wconf 66' lang='lat' dir='ltr'>multis</span> <span class='ocrx_word' id='word_1_706' title='bbox 3164 2932 3323 2993; x_wconf 87' lang='lat' dir='ltr'>sunt,</span> <span class='ocrx_word' id='word_1_707' title='bbox 3385 2943 3498 2982; x_wconf 90' lang='lat' dir='ltr'>non</span> <span class='ocrx_word' id='word_1_708' title='bbox 3547 2927 3858 2982; x_wconf 88' lang='lat' dir='ltr'>miremur.</span> 
     </span>
    </p>
   </div>
   <div class='ocr_carea' id='block_1_99' title="bbox 2207 3006 3863 3073">
    <p class='ocr_par' dir='ltr' id='par_1_99' title="bbox 2207 3006 3863 3073">
     <span class='ocr_line' id='line_1_102' title="bbox 2207 3006 3863 3073; baseline -0.001 -10"><span class='ocrx_word' id='word_1_709' title='bbox 2207 3010 2347 3073; x_wconf 88' lang='lat' dir='ltr'>Quis</span> <span class='ocrx_word' id='word_1_710' title='bbox 2378 3008 2529 3064; x_wconf 86' lang='lat' dir='ltr'>enim</span> <span class='ocrx_word' id='word_1_711' title='bbox 2565 3009 2677 3063; x_wconf 90' lang='lat' dir='ltr'>nisi</span> <span class='ocrx_word' id='word_1_712' title='bbox 2725 3009 2879 3063; x_wconf 91' lang='lat' dir='ltr'>Deus</span> <span class='ocrx_word' id='word_1_713' title='bbox 2927 3016 3149 3062; x_wconf 89' lang='lat' dir='ltr'>creator</span> <span class='ocrx_word' id='word_1_714' title='bbox 3193 3006 3457 3062; x_wconf 90' lang='lat' dir='ltr'>omnium</span> <span class='ocrx_word' id='word_1_715' title='bbox 3507 3007 3668 3062; x_wconf 90' lang='lat' dir='ltr'>dedit</span> <span class='ocrx_word' id='word_1_716' title='bbox 3694 3015 3863 3070; x_wconf 84' lang='lat' dir='ltr'>carni</span> 
     </span>
    </p>
   </div>
   <div class='ocr_carea' id='block_1_100' title="bbox 2208 3086 3862 3160">
    <p class='ocr_par' dir='ltr' id='par_1_100' title="bbox 2208 3086 3862 3160">
     <span class='ocr_line' id='line_1_103' title="bbox 2208 3086 3862 3160; baseline -0.001 -16"><span class='ocrx_word' id='word_1_717' title='bbox 2208 3090 2447 3160; x_wconf 85' lang='lat' dir='ltr'>pavonis</span> <span class='ocrx_word' id='word_1_718' title='bbox 2471 3088 2683 3143; x_wconf 90' lang='lat' dir='ltr'>mortui</span> <span class='ocrx_word' id='word_1_719' title='bbox 2708 3104 2778 3144; x_wconf 89' lang='lat' dir='ltr'>ne</span> <span class='ocrx_word' id='word_1_720' title='bbox 2803 3086 3206 3160; x_wconf 85' lang='lat' dir='ltr'>putresceret?</span> <span class='ocrx_word' id='word_1_721' title='bbox 3229 3086 3394 3149; x_wconf 90' lang='lat' dir='ltr'>Quod</span> <span class='ocrx_word' id='word_1_722' title='bbox 3425 3103 3552 3142; x_wconf 89' lang='lat' dir='ltr'>cum</span> <span class='ocrx_word' id='word_1_723' title='bbox 3585 3088 3862 3143; x_wconf 86' lang='lat' dir='ltr'>auditum</span> 
     </span>
    </p>
   </div>
   <div class='ocr_carea' id='block_1_101' title="bbox 2207 3166 3862 3240">
    <p class='ocr_par' dir='ltr' id='par_1_101' title="bbox 2207 3166 3862 3240">
     <span class='ocr_line' id='line_1_104' title="bbox 2207 3166 3862 3240; baseline 0 -18"><span class='ocrx_word' id='word_1_724' title='bbox 2207 3168 2550 3224; x_wconf 87' lang='lat' dir='ltr'>incredibile</span> <span class='ocrx_word' id='word_1_725' title='bbox 2580 3169 2906 3235; x_wconf 89' lang='lat' dir='ltr'>videretur,</span> <span class='ocrx_word' id='word_1_726' title='bbox 2930 3166 3122 3222; x_wconf 88' lang='lat' dir='ltr'>evenit</span> <span class='ocrx_word' id='word_1_727' title='bbox 3152 3171 3218 3221; x_wconf 91' lang='lat' dir='ltr'>ut</span> <span class='ocrx_word' id='word_1_728' title='bbox 3262 3167 3414 3237; x_wconf 84' lang='lat' dir='ltr'>apud</span> <span class='ocrx_word' id='word_1_729' title='bbox 3447 3167 3862 3240; x_wconf 82' lang='lat' dir='ltr'>Carthaginem</span> 
     </span>
    </p>
   </div>
   <div class='ocr_carea' id='block_1_102' title="bbox 2207 3246 3864 3320">
    <p class='ocr_par' dir='ltr' id='par_1_102' title="bbox 2207 3246 3864 3320">
     <span class='ocr_line' id='line_1_105' title="bbox 2207 3246 3864 3320; baseline -0.001 -16"><span class='ocrx_word' id='word_1_730' title='bbox 2207 3249 2376 3304; x_wconf 90' lang='lat' dir='ltr'>nobis</span> <span class='ocrx_word' id='word_1_731' title='bbox 2409 3254 2570 3304; x_wconf 89' lang='lat' dir='ltr'>cocta</span> <span class='ocrx_word' id='word_1_732' title='bbox 2617 3251 3014 3320; x_wconf 88' lang='lat' dir='ltr'>apponeretur</span> <span class='ocrx_word' id='word_1_733' title='bbox 3059 3247 3179 3302; x_wconf 69' lang='lat' dir='ltr'>haec</span> <span class='ocrx_word' id='word_1_734' title='bbox 3211 3246 3335 3301; x_wconf 88' lang='lat' dir='ltr'>avis</span> <span class='ocrx_word' id='word_1_735' title='bbox 3363 3264 3376 3302; x_wconf 89' lang='lat'><strong>:</strong></span> <span class='ocrx_word' id='word_1_736' title='bbox 3410 3247 3482 3302; x_wconf 90' lang='lat' dir='ltr'>de</span> <span class='ocrx_word' id='word_1_737' title='bbox 3522 3247 3697 3318; x_wconf 88' lang='lat' dir='ltr'>cujus</span> <span class='ocrx_word' id='word_1_738' title='bbox 3730 3263 3864 3318; x_wconf 88' lang='lat' dir='ltr'>pec-</span> 
     </span>
    </p>
   </div>
   <div class='ocr_carea' id='block_1_103' title="bbox 2208 3328 3861 3403">
    <p class='ocr_par' dir='ltr' id='par_1_103' title="bbox 2208 3328 3861 3403">
     <span class='ocr_line' id='line_1_106' title="bbox 2208 3328 3861 3403; baseline -0.002 -16"><span class='ocrx_word' id='word_1_739' title='bbox 2208 3337 2331 3388; x_wconf 90' lang='lat' dir='ltr'>tore</span> <span class='ocrx_word' id='word_1_740' title='bbox 2363 3331 2702 3403; x_wconf 90' lang='lat' dir='ltr'>pulparum,</span> <span class='ocrx_word' id='word_1_741' title='bbox 2765 3334 3050 3401; x_wconf 85' lang='lat' dir='ltr'>quantum</span> <span class='ocrx_word' id='word_1_742' title='bbox 3103 3328 3291 3384; x_wconf 84' lang='lat' dir='ltr'>visum</span> <span class='ocrx_word' id='word_1_743' title='bbox 3349 3333 3462 3396; x_wconf 90' lang='lat' dir='ltr'>est,</span> <span class='ocrx_word' id='word_1_744' title='bbox 3518 3330 3861 3401; x_wconf 88' lang='lat' dir='ltr'>decerptum</span> 
     </span>
    </p>
   </div>
   <div class='ocr_carea' id='block_1_104' title="bbox 2210 3407 3866 3481">
    <p class='ocr_par' dir='ltr' id='par_1_104' title="bbox 2210 3407 3866 3481">
     <span class='ocr_line' id='line_1_107' title="bbox 2210 3407 3866 3481; baseline -0.004 -12"><span class='ocrx_word' id='word_1_745' title='bbox 2210 3412 2421 3469; x_wconf 89' lang='lat' dir='ltr'>servari</span> <span class='ocrx_word' id='word_1_746' title='bbox 2465 3410 2790 3481; x_wconf 83' lang='lat' dir='ltr'>jussimus:</span> <span class='ocrx_word' id='word_1_747' title='bbox 2825 3410 2980 3481; x_wconf 90' lang='lat' dir='ltr'>quod</span> <span class='ocrx_word' id='word_1_748' title='bbox 3035 3413 3167 3480; x_wconf 91' lang='lat' dir='ltr'>post</span> <span class='ocrx_word' id='word_1_749' title='bbox 3197 3407 3424 3464; x_wconf 89' lang='lat' dir='ltr'>dierum</span> <span class='ocrx_word' id='word_1_750' title='bbox 3464 3414 3692 3464; x_wconf 85' lang='lat' dir='ltr'>tantum</span> <span class='ocrx_word' id='word_1_751' title='bbox 3726 3424 3866 3479; x_wconf 79' lang='lat' dir='ltr'>sps-</span> 
     </span>
    </p>
   </div>
   <div class='ocr_carea' id='block_1_105' title="bbox 2209 3490 3866 3563">
    <p class='ocr_par' dir='ltr' id='par_1_105' title="bbox 2209 3490 3866 3563">
     <span class='ocr_line' id='line_1_108' title="bbox 2209 3490 3866 3563; baseline -0.004 -15"><span class='ocrx_word' id='word_1_752' title='bbox 2209 3495 2380 3559; x_wconf 89' lang='lat' dir='ltr'>tium,</span> <span class='ocrx_word' id='word_1_753' title='bbox 2414 3499 2630 3563; x_wconf 87' lang='lat' dir='ltr'>quanto</span> <span class='ocrx_word' id='word_1_754' title='bbox 2652 3490 2763 3545; x_wconf 86' lang='lat' dir='ltr'>alia</span> <span class='ocrx_word' id='word_1_755' title='bbox 2794 3506 2926 3545; x_wconf 90' lang='lat' dir='ltr'>caro</span> <span class='ocrx_word' id='word_1_756' title='bbox 2955 3504 3336 3560; x_wconf 70' lang='lat' dir='ltr'>quaecumque</span> <span class='ocrx_word' id='word_1_757' title='bbox 3367 3493 3529 3544; x_wconf 88' lang='lat' dir='ltr'>cocta</span> <span class='ocrx_word' id='word_1_758' title='bbox 3563 3493 3866 3560; x_wconf 88' lang='lat' dir='ltr'>putresce-</span> 
     </span>
    </p>
   </div>
   <div class='ocr_carea' id='block_1_106' title="bbox 2211 3567 3863 3644">
    <p class='ocr_par' dir='ltr' id='par_1_106' title="bbox 2211 3567 3863 3644">
     <span class='ocr_line' id='line_1_109' title="bbox 2211 3567 3863 3644; baseline -0.004 -15"><span class='ocrx_word' id='word_1_759' title='bbox 2211 3580 2317 3642; x_wconf 86' lang='lat' dir='ltr'>ret,</span> <span class='ocrx_word' id='word_1_760' title='bbox 2352 3572 2639 3644; x_wconf 84' lang='lat' dir='ltr'>prolatum</span> <span class='ocrx_word' id='word_1_761' title='bbox 2698 3575 2873 3640; x_wconf 90' lang='lat' dir='ltr'>atque</span> <span class='ocrx_word' id='word_1_762' title='bbox 2929 3567 3217 3635; x_wconf 89' lang='lat' dir='ltr'>oblatum,</span> <span class='ocrx_word' id='word_1_763' title='bbox 3280 3568 3428 3623; x_wconf 86' lang='lat' dir='ltr'>nihil</span> <span class='ocrx_word' id='word_1_764' title='bbox 3474 3573 3741 3624; x_wconf 88' lang='lat' dir='ltr'>nostrum</span> <span class='ocrx_word' id='word_1_765' title='bbox 3777 3569 3863 3622; x_wconf 74' lang='lat' dir='ltr'>ol-</span> 
     </span>
    </p>
   </div>
   <div class='ocr_carea' id='block_1_107' title="bbox 2212 3649 3868 3720">
    <p class='ocr_par' dir='ltr' id='par_1_107' title="bbox 2212 3649 3868 3720">
     <span class='ocr_line' id='line_1_110' title="bbox 2212 3649 3868 3720; baseline -0.004 -11"><span class='ocrx_word' id='word_1_766' title='bbox 2212 3655 2394 3710; x_wconf 81' lang='lat' dir='ltr'>fendit</span> <span class='ocrx_word' id='word_1_767' title='bbox 2425 3652 2723 3708; x_wconf 78' lang='lat' dir='ltr'>olfactum.</span> <span class='ocrx_word' id='word_1_768' title='bbox 2751 3651 3012 3720; x_wconf 84' lang='lat' dir='ltr'>itemque</span> <span class='ocrx_word' id='word_1_769' title='bbox 3063 3649 3382 3719; x_wconf 86' lang='lat' dir='ltr'>repositum</span> <span class='ocrx_word' id='word_1_770' title='bbox 3419 3657 3546 3720; x_wconf 86' lang='lat' dir='ltr'>post</span> <span class='ocrx_word' id='word_1_771' title='bbox 3584 3649 3710 3703; x_wconf 89' lang='lat' dir='ltr'>dies</span> <span class='ocrx_word' id='word_1_772' title='bbox 3738 3665 3868 3703; x_wconf 81' lang='lat' dir='ltr'>am-</span> 
     </span>
    </p>
   </div>
   <div class='ocr_carea' id='block_1_108' title="bbox 2212 3729 3858 3806">
    <p class='ocr_par' dir='ltr' id='par_1_108' title="bbox 2212 3729 3858 3806">
     <span class='ocr_line' id='line_1_111' title="bbox 2212 3729 3858 3806; baseline -0.004 -17"><span class='ocrx_word' id='word_1_773' title='bbox 2212 3735 2366 3806; x_wconf 88' lang='lat' dir='ltr'>plius</span> <span class='ocrx_word' id='word_1_774' title='bbox 2398 3749 2572 3803; x_wconf 90' lang='lat' dir='ltr'>quam</span> <span class='ocrx_word' id='word_1_775' title='bbox 2606 3730 2866 3802; x_wconf 87' lang='lat' dir='ltr'>triginta,</span> <span class='ocrx_word' id='word_1_776' title='bbox 2895 3729 3046 3785; x_wconf 88' lang='lat' dir='ltr'>idem</span> <span class='ocrx_word' id='word_1_777' title='bbox 3080 3729 3231 3800; x_wconf 89' lang='lat' dir='ltr'>quod</span> <span class='ocrx_word' id='word_1_778' title='bbox 3265 3733 3390 3784; x_wconf 89' lang='lat' dir='ltr'>erat</span> <span class='ocrx_word' id='word_1_779' title='bbox 3419 3729 3716 3783; x_wconf 82' lang='lat' dir='ltr'>inventum</span> <span class='ocrx_word' id='word_1_780' title='bbox 3749 3735 3858 3783; x_wconf 90' lang='lat' dir='ltr'>est:</span> 
     </span>
    </p>
   </div>
   <div class='ocr_carea' id='block_1_109' title="bbox 2212 3809 3873 3883">
    <p class='ocr_par' dir='ltr' id='par_1_109' title="bbox 2212 3809 3873 3883">
     <span class='ocr_line' id='line_1_112' title="bbox 2212 3809 3873 3883; baseline -0.005 -13"><span class='ocrx_word' id='word_1_781' title='bbox 2212 3817 2480 3882; x_wconf 83' lang='lat' dir='ltr'>idemque</span> <span class='ocrx_word' id='word_1_782' title='bbox 2511 3819 2636 3883; x_wconf 89' lang='lat' dir='ltr'>post</span> <span class='ocrx_word' id='word_1_783' title='bbox 2666 3826 2909 3877; x_wconf 90' lang='lat' dir='ltr'>annum,</span> <span class='ocrx_word' id='word_1_784' title='bbox 2943 3810 3056 3864; x_wconf 91' lang='lat' dir='ltr'>nisi</span> <span class='ocrx_word' id='word_1_785' title='bbox 3085 3811 3236 3881; x_wconf 89' lang='lat' dir='ltr'>quod</span> <span class='ocrx_word' id='word_1_786' title='bbox 3269 3809 3636 3879; x_wconf 88' lang='lat' dir='ltr'>aliquantum</span> <span class='ocrx_word' id='word_1_787' title='bbox 3664 3825 3873 3879; x_wconf 84' lang='lat' dir='ltr'>corpu-</span> 
     </span>
    </p>
   </div>
   <div class='ocr_carea' id='block_1_110' title="bbox 2214 3888 3872 3961">
    <p class='ocr_par' dir='ltr' id='par_1_110' title="bbox 2214 3888 3872 3961">
     <span class='ocr_line' id='line_1_113' title="bbox 2214 3888 3872 3961; baseline -0.004 -11"><span class='ocrx_word' id='word_1_788' title='bbox 2214 3895 2404 3951; x_wconf 72' lang='lat' dir='ltr'>lentia:</span> <span class='ocrx_word' id='word_1_789' title='bbox 2454 3893 2713 3949; x_wconf 90' lang='lat' dir='ltr'>siccioris</span> <span class='ocrx_word' id='word_1_790' title='bbox 2761 3895 2818 3946; x_wconf 89' lang='lat' dir='ltr'>et</span> <span class='ocrx_word' id='word_1_791' title='bbox 2861 3890 3265 3947; x_wconf 89' lang='lat' dir='ltr'>contractioris</span> <span class='ocrx_word' id='word_1_792' title='bbox 3315 3890 3444 3945; x_wconf 84' lang='lat' dir='ltr'>fuit.</span> <span class='ocrx_word' id='word_1_793' title='bbox 3495 3890 3639 3956; x_wconf 89' lang='lat' dir='ltr'>Quis</span> <span class='ocrx_word' id='word_1_794' title='bbox 3691 3888 3872 3961; x_wconf 70' lang='lat' dir='ltr'>paleas</span> 
     </span>
    </p>
   </div>
   <div class='ocr_carea' id='block_1_111' title="bbox 2216 3969 3870 4043">
    <p class='ocr_par' dir='ltr' id='par_1_111' title="bbox 2216 3969 3870 4043">
     <span class='ocr_line' id='line_1_114' title="bbox 2216 3969 3870 4043; baseline -0.005 -10"><span class='ocrx_word' id='word_1_795' title='bbox 2216 3975 2372 4033; x_wconf 76' lang='lat' dir='ltr'>dedit</span> <span class='ocrx_word' id='word_1_796' title='bbox 2405 3975 2490 4031; x_wconf 91' lang='lat' dir='ltr'>vel</span> <span class='ocrx_word' id='word_1_797' title='bbox 2524 3983 2639 4029; x_wconf 90' lang='lat' dir='ltr'>tam</span> <span class='ocrx_word' id='word_1_798' title='bbox 2674 3973 2943 4043; x_wconf 81' lang='lat' dir='ltr'>frigidam</span> <span class='ocrx_word' id='word_1_799' title='bbox 2985 3971 3124 4038; x_wconf 89' lang='lat' dir='ltr'>vim,</span> <span class='ocrx_word' id='word_1_800' title='bbox 3168 3976 3234 4025; x_wconf 92' lang='lat' dir='ltr'>ut</span> <span class='ocrx_word' id='word_1_801' title='bbox 3265 3970 3509 4026; x_wconf 88' lang='lat' dir='ltr'>obrutas</span> <span class='ocrx_word' id='word_1_802' title='bbox 3551 3969 3714 4025; x_wconf 88' lang='lat' dir='ltr'>nives</span> <span class='ocrx_word' id='word_1_803' title='bbox 3746 3985 3870 4026; x_wconf 87' lang='lat' dir='ltr'>ser-</span> 
     </span>
    </p>
   </div>
   <div class='ocr_carea' id='block_1_112' title="bbox 2215 4051 3878 4123">
    <p class='ocr_par' dir='ltr' id='par_1_112' title="bbox 2215 4051 3878 4123">
     <span class='ocr_line' id='line_1_115' title="bbox 2215 4051 3878 4123; baseline -0.004 -11"><span class='ocrx_word' id='word_1_804' title='bbox 2215 4063 2342 4122; x_wconf 90' lang='lat' dir='ltr'>vet;</span> <span class='ocrx_word' id='word_1_805' title='bbox 2373 4056 2459 4111; x_wconf 91' lang='lat' dir='ltr'>vel</span> <span class='ocrx_word' id='word_1_806' title='bbox 2492 4059 2608 4111; x_wconf 89' lang='lat' dir='ltr'>tam</span> <span class='ocrx_word' id='word_1_807' title='bbox 2642 4053 2943 4122; x_wconf 84' lang='lat' dir='ltr'>fervidam,</span> <span class='ocrx_word' id='word_1_808' title='bbox 2991 4056 3054 4106; x_wconf 87' lang='lat' dir='ltr'>ut</span> <span class='ocrx_word' id='word_1_809' title='bbox 3103 4067 3276 4123; x_wconf 89' lang='lat' dir='ltr'>poma</span> <span class='ocrx_word' id='word_1_810' title='bbox 3327 4051 3641 4108; x_wconf 87' lang='lat' dir='ltr'>immatura</span> <span class='ocrx_word' id='word_1_811' title='bbox 3674 4055 3878 4106; x_wconf 88' lang='lat' dir='ltr'>matu-</span> 
     </span>
    </p>
   </div>
   <div class='ocr_carea' id='block_1_113' title="bbox 2217 4137 2347 4195">
    <p class='ocr_par' dir='ltr' id='par_1_113' title="bbox 2217 4137 2347 4195">
     <span class='ocr_line' id='line_1_116' title="bbox 2217 4137 2347 4195; baseline -0.008 -2"><span class='ocrx_word' id='word_1_812' title='bbox 2217 4149 2299 4195; x_wconf 89' lang='lat' dir='ltr'>ret</span> <span class='ocrx_word' id='word_1_813' title='bbox 2321 4137 2347 4192; x_wconf 77' lang='lat' dir='ltr'>‘l</span> 
     </span>
    </p>
   </div>
   <div class='ocr_carea' id='block_1_114' title="bbox 2286 4211 3875 4289">
    <p class='ocr_par' dir='ltr' id='par_1_114' title="bbox 2286 4211 3875 4289">
     <span class='ocr_line' id='line_1_117' title="bbox 2286 4211 3875 4289; baseline -0.006 -15"><span class='ocrx_word' id='word_1_814' title='bbox 2286 4222 2339 4274; x_wconf 86' lang='lat'>2.</span> <span class='ocrx_word' id='word_1_815' title='bbox 2369 4223 2449 4274; x_wconf 88' lang='lat' dir='ltr'>De</span> <span class='ocrx_word' id='word_1_816' title='bbox 2479 4217 2605 4289; x_wconf 88' lang='lat' dir='ltr'>ipso</span> <span class='ocrx_word' id='word_1_817' title='bbox 2635 4215 2768 4286; x_wconf 88' lang='lat' dir='ltr'>igne</span> <span class='ocrx_word' id='word_1_818' title='bbox 2799 4213 2946 4269; x_wconf 87' lang='lat' dir='ltr'>mira</span> <span class='ocrx_word' id='word_1_819' title='bbox 2992 4213 3122 4284; x_wconf 89' lang='lat' dir='ltr'>quis</span> <span class='ocrx_word' id='word_1_820' title='bbox 3165 4211 3437 4284; x_wconf 78' lang='lat' dir='ltr'>explicet,</span> <span class='ocrx_word' id='word_1_821' title='bbox 3470 4227 3586 4283; x_wconf 86' lang='lat' dir='ltr'>quo</span> <span class='ocrx_word' id='word_1_822' title='bbox 3617 4225 3875 4283; x_wconf 70' lang='lat' dir='ltr'>quisque</span> 
     </span>
    </p>
   </div>
   <div class='ocr_carea' id='block_1_115' title="bbox 2215 4291 3877 4369">
    <p class='ocr_par' dir='ltr' id='par_1_115' title="bbox 2215 4291 3877 4369">
     <span class='ocr_line' id='line_1_118' title="bbox 2215 4291 3877 4369; baseline -0.006 -14"><span class='ocrx_word' id='word_1_823' title='bbox 2215 4299 2428 4356; x_wconf 87' lang='lat' dir='ltr'>adusta</span> <span class='ocrx_word' id='word_1_824' title='bbox 2476 4299 2837 4369; x_wconf 83' lang='lat' dir='ltr'>nigrescunt,</span> <span class='ocrx_word' id='word_1_825' title='bbox 2868 4309 3002 4348; x_wconf 91' lang='lat' dir='ltr'>cum</span> <span class='ocrx_word' id='word_1_826' title='bbox 3036 4293 3159 4364; x_wconf 90' lang='lat' dir='ltr'>ipse</span> <span class='ocrx_word' id='word_1_827' title='bbox 3191 4293 3266 4347; x_wconf 92' lang='lat' dir='ltr'>sit</span> <span class='ocrx_word' id='word_1_828' title='bbox 3312 4291 3584 4358; x_wconf 88' lang='lat' dir='ltr'>lucidus;</span> <span class='ocrx_word' id='word_1_829' title='bbox 3625 4297 3682 4346; x_wconf 90' lang='lat' dir='ltr'>et</span> <span class='ocrx_word' id='word_1_830' title='bbox 3723 4306 3877 4364; x_wconf 85' lang='lat' dir='ltr'>pene</span> 
     </span>
    </p>
   </div>
   <div class='ocr_carea' id='block_1_116' title="bbox 2215 4369 3868 4448">
    <p class='ocr_par' dir='ltr' id='par_1_116' title="bbox 2215 4369 3868 4448">
     <span class='ocr_line' id='line_1_119' title="bbox 2215 4369 3868 4448; baseline -0.004 -15"><span class='ocrx_word' id='word_1_831' title='bbox 2215 4379 2410 4434; x_wconf 91' lang='lat' dir='ltr'>omnia</span> <span class='ocrx_word' id='word_1_832' title='bbox 2441 4393 2570 4448; x_wconf 64' lang='lat' dir='ltr'>quas</span> <span class='ocrx_word' id='word_1_833' title='bbox 2600 4375 2785 4431; x_wconf 91' lang='lat' dir='ltr'>ambit</span> <span class='ocrx_word' id='word_1_834' title='bbox 2829 4378 2886 4430; x_wconf 90' lang='lat' dir='ltr'>et</span> <span class='ocrx_word' id='word_1_835' title='bbox 2917 4373 3138 4439; x_wconf 83' lang='lat' dir='ltr'>lambit,</span> <span class='ocrx_word' id='word_1_836' title='bbox 3171 4373 3366 4428; x_wconf 91' lang='lat' dir='ltr'>colore</span> <span class='ocrx_word' id='word_1_837' title='bbox 3396 4369 3868 4444; x_wconf 74' lang='lat' dir='ltr'>pulcherrimus’</span> 
     </span>
    </p>
   </div>
   <div class='ocr_carea' id='block_1_117' title="bbox 2216 4451 3878 4526">
    <p class='ocr_par' dir='ltr' id='par_1_117' title="bbox 2216 4451 3878 4526">
     <span class='ocr_line' id='line_1_120' title="bbox 2216 4451 3878 4526; baseline -0.005 -13"><span class='ocrx_word' id='word_1_838' title='bbox 2216 4457 2527 4526; x_wconf 87' lang='lat' dir='ltr'>decolorat,</span> <span class='ocrx_word' id='word_1_839' title='bbox 2561 4460 2733 4526; x_wconf 83' lang='lat' dir='ltr'>atque</span> <span class='ocrx_word' id='word_1_840' title='bbox 2780 4471 2846 4510; x_wconf 87' lang='lat' dir='ltr'>ex</span> <span class='ocrx_word' id='word_1_841' title='bbox 2892 4470 3080 4525; x_wconf 89' lang='lat' dir='ltr'>pruna</span> <span class='ocrx_word' id='word_1_842' title='bbox 3111 4451 3331 4522; x_wconf 77' lang='lat' dir='ltr'>fulgida</span> <span class='ocrx_word' id='word_1_843' title='bbox 3361 4451 3670 4507; x_wconf 86' lang='lat' dir='ltr'>carbonem</span> <span class='ocrx_word' id='word_1_844' title='bbox 3702 4455 3878 4506; x_wconf 84' lang='lat' dir='ltr'>teter-</span> 
     </span>
    </p>
   </div>
   <div class='ocr_carea' id='block_1_118' title="bbox 2216 4531 3874 4606">
    <p class='ocr_par' dir='ltr' id='par_1_118' title="bbox 2216 4531 3874 4606">
     <span class='ocr_line' id='line_1_121' title="bbox 2216 4531 3874 4606; baseline -0.004 -13"><span class='ocrx_word' id='word_1_845' title='bbox 2216 4539 2431 4594; x_wconf 90' lang='lat' dir='ltr'>rimum</span> <span class='ocrx_word' id='word_1_846' title='bbox 2481 4533 2718 4592; x_wconf 67' lang='lat' dir='ltr'>reddit?</span> <span class='ocrx_word' id='word_1_847' title='bbox 2765 4536 2961 4606; x_wconf 85' lang='lat' dir='ltr'>Neque</span> <span class='ocrx_word' id='word_1_848' title='bbox 3007 4533 3067 4589; x_wconf 91' lang='lat' dir='ltr'>id</span> <span class='ocrx_word' id='word_1_849' title='bbox 3117 4533 3283 4604; x_wconf 89' lang='lat' dir='ltr'>quasi</span> <span class='ocrx_word' id='word_1_850' title='bbox 3334 4531 3676 4603; x_wconf 86' lang='lat' dir='ltr'>regulariter</span> <span class='ocrx_word' id='word_1_851' title='bbox 3715 4531 3874 4587; x_wconf 78' lang='lat' dir='ltr'>deti-</span> 
     </span>
    </p>
   </div>
   <div class='ocr_carea' id='block_1_119' title="bbox 2217 4611 3881 4685">
    <p class='ocr_par' dir='ltr' id='par_1_119' title="bbox 2217 4611 3881 4685">
     <span class='ocr_line' id='line_1_122' title="bbox 2217 4611 3881 4685; baseline -0.005 -10"><span class='ocrx_word' id='word_1_852' title='bbox 2217 4620 2410 4676; x_wconf 92' lang='lat' dir='ltr'>nitum</span> <span class='ocrx_word' id='word_1_853' title='bbox 2461 4625 2582 4674; x_wconf 87' lang='lat' dir='ltr'>est:</span> <span class='ocrx_word' id='word_1_854' title='bbox 2634 4632 2769 4672; x_wconf 90' lang='lat' dir='ltr'>nam</span> <span class='ocrx_word' id='word_1_855' title='bbox 2818 4631 2849 4670; x_wconf 90' lang='lat' dir='ltr'>e</span> <span class='ocrx_word' id='word_1_856' title='bbox 2914 4613 3200 4670; x_wconf 90' lang='lat' dir='ltr'>contrario</span> <span class='ocrx_word' id='word_1_857' title='bbox 3272 4612 3497 4685; x_wconf 89' lang='lat' dir='ltr'>lapides</span> <span class='ocrx_word' id='word_1_858' title='bbox 3553 4611 3690 4682; x_wconf 87' lang='lat' dir='ltr'>igne</span> <span class='ocrx_word' id='word_1_859' title='bbox 3739 4626 3881 4667; x_wconf 84' lang='lat' dir='ltr'>can-</span> 
     </span>
    </p>
   </div>
   <div class='ocr_carea' id='block_1_120' title="bbox 2217 4692 3877 4768">
    <p class='ocr_par' dir='ltr' id='par_1_120' title="bbox 2217 4692 3877 4768">
     <span class='ocr_line' id='line_1_123' title="bbox 2217 4692 3877 4768; baseline -0.004 -13"><span class='ocrx_word' id='word_1_860' title='bbox 2217 4704 2388 4755; x_wconf 85' lang='lat' dir='ltr'>dente</span> <span class='ocrx_word' id='word_1_861' title='bbox 2445 4694 2714 4768; x_wconf 90' lang='lat' dir='ltr'>percocti,</span> <span class='ocrx_word' id='word_1_862' title='bbox 2771 4697 2828 4750; x_wconf 90' lang='lat' dir='ltr'>et</span> <span class='ocrx_word' id='word_1_863' title='bbox 2883 4693 2996 4765; x_wconf 90' lang='lat' dir='ltr'>ipsi</span> <span class='ocrx_word' id='word_1_864' title='bbox 3052 4693 3200 4748; x_wconf 80' lang='lat' dir='ltr'>ﬁunt</span> <span class='ocrx_word' id='word_1_865' title='bbox 3249 4692 3505 4758; x_wconf 90' lang='lat' dir='ltr'>candidi,</span> <span class='ocrx_word' id='word_1_866' title='bbox 3556 4696 3615 4748; x_wconf 88' lang='lat' dir='ltr'>et</span> <span class='ocrx_word' id='word_1_867' title='bbox 3661 4707 3877 4763; x_wconf 87' lang='lat' dir='ltr'>quam-</span> 
     </span>
    </p>
   </div>
   <div class='ocr_carea' id='block_1_121' title="bbox 2215 4770 3881 4846">
    <p class='ocr_par' dir='ltr' id='par_1_121' title="bbox 2215 4770 3881 4846">
     <span class='ocr_line' id='line_1_124' title="bbox 2215 4770 3881 4846; baseline -0.005 -10"><span class='ocrx_word' id='word_1_868' title='bbox 2215 4779 2302 4836; x_wconf 91' lang='lat' dir='ltr'>vis</span> <span class='ocrx_word' id='word_1_869' title='bbox 2361 4778 2457 4833; x_wconf 90' lang='lat' dir='ltr'>illc</span> <span class='ocrx_word' id='word_1_870' title='bbox 2513 4775 2700 4846; x_wconf 89' lang='lat' dir='ltr'>magis</span> <span class='ocrx_word' id='word_1_871' title='bbox 2756 4774 2982 4844; x_wconf 89' lang='lat' dir='ltr'>rubeat,</span> <span class='ocrx_word' id='word_1_872' title='bbox 3043 4771 3128 4829; x_wconf 91' lang='lat' dir='ltr'>illi</span> <span class='ocrx_word' id='word_1_873' title='bbox 3185 4772 3440 4828; x_wconf 89' lang='lat' dir='ltr'>albicent</span> <span class='ocrx_word' id='word_1_874' title='bbox 3489 4770 3532 4842; x_wconf 83' lang='grc'>⁴,</span> <span class='ocrx_word' id='word_1_875' title='bbox 3601 4772 3881 4845; x_wconf 87' lang='lat' dir='ltr'>congruit</span> 
     </span>
    </p>
   </div>
   <div class='ocr_carea' id='block_1_122' title="bbox 2219 4851 3878 4926">
    <p class='ocr_par' dir='ltr' id='par_1_122' title="bbox 2219 4851 3878 4926">
     <span class='ocr_line' id='line_1_125' title="bbox 2219 4851 3878 4926; baseline -0.004 -11"><span class='ocrx_word' id='word_1_876' title='bbox 2219 4869 2412 4915; x_wconf 89' lang='lat' dir='ltr'>tamen</span> <span class='ocrx_word' id='word_1_877' title='bbox 2461 4857 2580 4913; x_wconf 88' lang='lat' dir='ltr'>luci</span> <span class='ocrx_word' id='word_1_878' title='bbox 2622 4855 2778 4926; x_wconf 92' lang='lat' dir='ltr'>quod</span> <span class='ocrx_word' id='word_1_879' title='bbox 2830 4855 3032 4910; x_wconf 86' lang='lat' dir='ltr'>album</span> <span class='ocrx_word' id='word_1_880' title='bbox 3081 4856 3186 4920; x_wconf 87' lang='lat' dir='ltr'>est,</span> <span class='ocrx_word' id='word_1_881' title='bbox 3236 4852 3388 4908; x_wconf 85' lang='lat' dir='ltr'>sicut</span> <span class='ocrx_word' id='word_1_882' title='bbox 3437 4851 3676 4924; x_wconf 84' lang='lat' dir='ltr'>nigrum</span> <span class='ocrx_word' id='word_1_883' title='bbox 3717 4858 3878 4909; x_wconf 84' lang='lat' dir='ltr'>tene-</span> 
     </span>
    </p>
   </div>
   <div class='ocr_carea' id='block_1_123' title="bbox 2217 4931 3876 5008">
    <p class='ocr_par' dir='ltr' id='par_1_123' title="bbox 2217 4931 3876 5008">
     <span class='ocr_line' id='line_1_126' title="bbox 2217 4931 3876 5008; baseline -0.006 -11"><span class='ocrx_word' id='word_1_884' title='bbox 2217 4941 2362 4997; x_wconf 90' lang='lat' dir='ltr'>bris.</span> <span class='ocrx_word' id='word_1_885' title='bbox 2401 4942 2546 4996; x_wconf 92' lang='lat' dir='ltr'>Cum</span> <span class='ocrx_word' id='word_1_886' title='bbox 2598 4937 2792 5008; x_wconf 89' lang='lat' dir='ltr'>itaque</span> <span class='ocrx_word' id='word_1_887' title='bbox 2841 4935 2994 5007; x_wconf 89' lang='lat' dir='ltr'>ignis</span> <span class='ocrx_word' id='word_1_888' title='bbox 3043 4935 3102 4990; x_wconf 92' lang='lat' dir='ltr'>in</span> <span class='ocrx_word' id='word_1_889' title='bbox 3149 4933 3327 5007; x_wconf 80' lang='lat' dir='ltr'>lignis</span> <span class='ocrx_word' id='word_1_890' title='bbox 3379 4933 3602 4998; x_wconf 87' lang='lat' dir='ltr'>ardeat,</span> <span class='ocrx_word' id='word_1_891' title='bbox 3632 4935 3700 4988; x_wconf 87' lang='lat' dir='ltr'>ut</span> <span class='ocrx_word' id='word_1_892' title='bbox 3724 4931 3876 5006; x_wconf 81' lang='lat' dir='ltr'>lapi-</span> 
     </span>
    </p>
   </div>
   <div class='ocr_carea' id='block_1_124' title="bbox 2284 5085 3200 5144">
    <p class='ocr_par' dir='ltr' id='par_1_124' title="bbox 2284 5085 3200 5144">
     <span class='ocr_line' id='line_1_127' title="bbox 2284 5085 3200 5144; baseline -0.005 -6"><span class='ocrx_word' id='word_1_893' title='bbox 2284 5095 2298 5127; x_wconf 74' lang='grc'><strong>1</strong></span> <span class='ocrx_word' id='word_1_894' title='bbox 2333 5091 2484 5139; x_wconf 75' lang='lat' dir='ltr'>Vind.</span> <span class='ocrx_word' id='word_1_895' title='bbox 2521 5090 2634 5138; x_wconf 83' lang='lat' dir='ltr'>Am.</span> <span class='ocrx_word' id='word_1_896' title='bbox 2664 5088 2748 5136; x_wconf 87' lang='lat' dir='ltr'>Er.</span> <span class='ocrx_word' id='word_1_897' title='bbox 2780 5090 2833 5137; x_wconf 91' lang='lat' dir='ltr'>et</span> <span class='ocrx_word' id='word_1_898' title='bbox 2859 5088 3002 5144; x_wconf 72' lang='lat' dir='ltr'>Mss,</span> <span class='ocrx_word' id='word_1_899' title='bbox 3033 5085 3200 5136; x_wconf 76' lang='lat' dir='ltr'>sicut.</span> 
     </span>
    </p>
   </div>
   <div class='ocr_carea' id='block_1_125' title="bbox 2281 5149 3068 5209">
    <p class='ocr_par' dir='ltr' id='par_1_125' title="bbox 2281 5149 3068 5209">
     <span class='ocr_line' id='line_1_128' title="bbox 2281 5149 3068 5209; baseline -0.008 -7"><span class='ocrx_word' id='word_1_900' title='bbox 2281 5154 2302 5188; x_wconf 80' lang='grc'>²</span> <span class='ocrx_word' id='word_1_901' title='bbox 2333 5154 2418 5201; x_wconf 86' lang='lat' dir='ltr'>Sic</span> <span class='ocrx_word' id='word_1_902' title='bbox 2445 5153 2565 5201; x_wconf 84' lang='lat' dir='ltr'>Mss.</span> <span class='ocrx_word' id='word_1_903' title='bbox 2598 5151 2736 5199; x_wconf 86' lang='lat' dir='ltr'>Editi</span> <span class='ocrx_word' id='word_1_904' title='bbox 2764 5163 2909 5209; x_wconf 87' lang='lat' dir='ltr'>vero,</span> <span class='ocrx_word' id='word_1_905' title='bbox 2942 5149 3068 5197; x_wconf 72' lang='lat' dir='ltr'>ista.</span> 
     </span>
    </p>
   </div>
   <div class='ocr_carea' id='block_1_126' title="bbox 2281 5211 3256 5273">
    <p class='ocr_par' dir='ltr' id='par_1_126' title="bbox 2281 5211 3256 5273">
     <span class='ocr_line' id='line_1_129' title="bbox 2281 5211 3256 5273; baseline -0.005 -8"><span class='ocrx_word' id='word_1_906' title='bbox 2281 5217 2301 5251; x_wconf 79' lang='grc'>³</span> <span class='ocrx_word' id='word_1_907' title='bbox 2338 5216 2462 5265; x_wconf 90' lang='lat' dir='ltr'>Sola</span> <span class='ocrx_word' id='word_1_908' title='bbox 2492 5215 2652 5264; x_wconf 88' lang='lat' dir='ltr'>editio</span> <span class='ocrx_word' id='word_1_909' title='bbox 2681 5215 2827 5273; x_wconf 88' lang='lat' dir='ltr'>Lov.,</span> <span class='ocrx_word' id='word_1_910' title='bbox 2851 5211 3256 5272; x_wconf 77' lang='lat' dir='ltr'>pulcherrimo.</span> 
     </span>
    </p>
   </div>
   <div class='ocr_carea' id='block_1_127' title="bbox 2280 5272 3683 5330">
    <p class='ocr_par' dir='ltr' id='par_1_127' title="bbox 2280 5272 3683 5330">
     <span class='ocr_line' id='line_1_130' title="bbox 2280 5272 3683 5330; baseline -0.006 -2"><span class='ocrx_word' id='word_1_911' title='bbox 2280 5278 2301 5312; x_wconf 72' lang='lat'><strong>‘</strong></span> <span class='ocrx_word' id='word_1_912' title='bbox 2327 5279 2406 5328; x_wconf 86' lang='lat' dir='ltr'>Ita</span> <span class='ocrx_word' id='word_1_913' title='bbox 2433 5278 2554 5326; x_wconf 80' lang='lat' dir='ltr'>Mss.</span> <span class='ocrx_word' id='word_1_914' title='bbox 2585 5278 2652 5325; x_wconf 80' lang='lat' dir='ltr'>At</span> <span class='ocrx_word' id='word_1_915' title='bbox 2678 5277 2822 5330; x_wconf 88' lang='lat' dir='ltr'>editi,</span> <span class='ocrx_word' id='word_1_916' title='bbox 2855 5274 2951 5322; x_wconf 82' lang='lat' dir='ltr'>illi</span> <span class='ocrx_word' id='word_1_917' title='bbox 2981 5273 3164 5323; x_wconf 80' lang='lat' dir='ltr'>albida</span> <span class='ocrx_word' id='word_1_918' title='bbox 3191 5272 3369 5323; x_wconf 80' lang='lat' dir='ltr'>colore</span> <span class='ocrx_word' id='word_1_919' title='bbox 3390 5272 3683 5323; x_wconf 70' lang='lat' dir='ltr'>nitescunt.</span> 
     </span>
    </p>
   </div>
   <div class='ocr_carea' id='block_1_128' title="bbox 2279 5337 3878 5402">
    <p class='ocr_par' dir='ltr' id='par_1_128' title="bbox 2279 5337 3878 5402">
     <span class='ocr_line' id='line_1_131' title="bbox 2279 5337 3878 5402; baseline -0.005 -12"><span class='ocrx_word' id='word_1_920' title='bbox 2279 5343 2358 5402; x_wconf 89' lang='grc' dir='ltr'>(α)</span> <span class='ocrx_word' id='word_1_921' title='bbox 2387 5341 2496 5390; x_wconf 81' lang='lat' dir='ltr'>Non</span> <span class='ocrx_word' id='word_1_922' title='bbox 2527 5340 2669 5388; x_wconf 89' lang='lat' dir='ltr'>enim</span> <span class='ocrx_word' id='word_1_923' title='bbox 2704 5339 2782 5386; x_wconf 86' lang='lat' dir='ltr'>ita</span> <span class='ocrx_word' id='word_1_924' title='bbox 2823 5337 3155 5402; x_wconf 74' lang='lat' dir='ltr'>immortalis</span> <span class='ocrx_word' id='word_1_925' title='bbox 3172 5339 3283 5402; x_wconf 56' lang='lat' dir='ltr'>est,</span> <span class='ocrx_word' id='word_1_926' title='bbox 3301 5338 3363 5385; x_wconf 90' lang='lat' dir='ltr'>ut</span> <span class='ocrx_word' id='word_1_927' title='bbox 3406 5338 3684 5402; x_wconf 74' lang='lat' dir='ltr'>aeternum</span> <span class='ocrx_word' id='word_1_928' title='bbox 3713 5337 3878 5402; x_wconf 66' lang='lat' dir='ltr'>antea</span> 
     </span>
    </p>
   </div>
   <div class='ocr_carea' id='block_1_129' title="bbox 2218 5397 3877 5461">
    <p class='ocr_par' dir='ltr' id='par_1_129' title="bbox 2218 5397 3877 5461">
     <span class='ocr_line' id='line_1_132' title="bbox 2218 5397 3877 5461; baseline -0.005 -9"><span class='ocrx_word' id='word_1_929' title='bbox 2218 5397 2414 5454; x_wconf 81' lang='lat' dir='ltr'>vixerit</span> <span class='ocrx_word' id='word_1_930' title='bbox 2466 5416 2563 5452; x_wconf 90' lang='lat' dir='ltr'>nec</span> <span class='ocrx_word' id='word_1_931' title='bbox 2609 5404 2669 5450; x_wconf 92' lang='lat' dir='ltr'>ut</span> <span class='ocrx_word' id='word_1_932' title='bbox 2718 5400 2984 5461; x_wconf 81' lang='lat' dir='ltr'>exstingui</span> <span class='ocrx_word' id='word_1_933' title='bbox 3044 5400 3196 5448; x_wconf 86' lang='lat' dir='ltr'>nulla</span> <span class='ocrx_word' id='word_1_934' title='bbox 3231 5399 3288 5447; x_wconf 87' lang='lat' dir='ltr'>vi</span> <span class='ocrx_word' id='word_1_935' title='bbox 3330 5401 3493 5461; x_wconf 84' lang='lat' dir='ltr'>queat</span> <span class='ocrx_word' id='word_1_936' title='bbox 3523 5410 3556 5461; x_wconf 20' lang='lat' dir='ltr'>:M</span> <span class='ocrx_word' id='word_1_937' title='bbox 3581 5397 3674 5461; x_wconf 78' lang='lat' dir='ltr'>sed</span> <span class='ocrx_word' id='word_1_938' title='bbox 3727 5397 3877 5461; x_wconf 81' lang='lat' dir='ltr'>quod</span> 
     </span>
    </p>
   </div>
   <div class='ocr_carea' id='block_1_130' title="bbox 2219 5459 3876 5524">
    <p class='ocr_par' dir='ltr' id='par_1_130' title="bbox 2219 5459 3876 5524">
     <span class='ocr_line' id='line_1_133' title="bbox 2219 5459 3876 5524; baseline -0.006 -6"><span class='ocrx_word' id='word_1_939' title='bbox 2219 5468 2431 5518; x_wconf 87' lang='lat' dir='ltr'>condita</span> <span class='ocrx_word' id='word_1_940' title='bbox 2479 5465 2640 5514; x_wconf 89' lang='lat' dir='ltr'>semel</span> <span class='ocrx_word' id='word_1_941' title='bbox 2700 5477 2733 5512; x_wconf 85' lang='lat' dir='ltr'>a</span> <span class='ocrx_word' id='word_1_942' title='bbox 2783 5459 2921 5512; x_wconf 60' lang='lat' dir='ltr'>Deo&#39;</span> <span class='ocrx_word' id='word_1_943' title='bbox 2952 5475 3231 5524; x_wconf 87' lang='lat' dir='ltr'>nunquam</span> <span class='ocrx_word' id='word_1_944' title='bbox 3289 5459 3368 5510; x_wconf 77' lang='lat' dir='ltr'>ita</span> <span class='ocrx_word' id='word_1_945' title='bbox 3402 5459 3641 5524; x_wconf 79' lang='lat' dir='ltr'>peribit.</span> <span class='ocrx_word' id='word_1_946' title='bbox 3697 5459 3761 5508; x_wconf 86' lang='lat' dir='ltr'>ut</span> <span class='ocrx_word' id='word_1_947' title='bbox 3817 5459 3876 5508; x_wconf 86' lang='lat' dir='ltr'>in</span> 
     </span>
    </p>
   </div>
   <div class='ocr_carea' id='block_1_131' title="bbox 2218 5521 3878 5586">
    <p class='ocr_par' dir='ltr' id='par_1_131' title="bbox 2218 5521 3878 5586">
     <span class='ocr_line' id='line_1_134' title="bbox 2218 5521 3878 5586; baseline -0.005 -8"><span class='ocrx_word' id='word_1_948' title='bbox 2218 5529 2449 5578; x_wconf 85' lang='lat' dir='ltr'>nihilum</span> <span class='ocrx_word' id='word_1_949' title='bbox 2505 5527 2676 5579; x_wconf 82' lang='lat' dir='ltr'>abeat,</span> <span class='ocrx_word' id='word_1_950' title='bbox 2745 5527 2958 5575; x_wconf 83' lang='lat' dir='ltr'>tametsi</span> <span class='ocrx_word' id='word_1_951' title='bbox 3024 5521 3249 5574; x_wconf 78' lang='lat' dir='ltr'>mortem</span> <span class='ocrx_word' id='word_1_952' title='bbox 3303 5521 3655 5586; x_wconf 34' lang='lat' dir='ltr'>pati’possit.</span> <span class='ocrx_word' id='word_1_953' title='bbox 3712 5535 3878 5586; x_wconf 78' lang='lat' dir='ltr'>quam</span> 
     </span>
    </p>
   </div>
   <div class='ocr_carea' id='block_1_132' title="bbox 2218 5584 3874 5702">
    <p class='ocr_par' dir='ltr' id='par_1_132' title="bbox 2218 5584 3874 5702">
     <span class='ocr_line' id='line_1_135' title="bbox 2218 5584 3874 5702; baseline -0.004 -63"><span class='ocrx_word' id='word_1_954' title='bbox 2218 5590 2505 5702; x_wconf 49' lang='lat' dir='ltr'>iecungam</span> <span class='ocrx_word' id='word_1_955' title='bbox 2559 5589 2783 5639; x_wconf 89' lang='lat' dir='ltr'>dicimus</span> <span class='ocrx_word' id='word_1_956' title='bbox 2827 5587 3071 5652; x_wconf 87' lang='lat' dir='ltr'>supplicii</span> <span class='ocrx_word' id='word_1_957' title='bbox 3131 5587 3186 5635; x_wconf 91' lang='lat' dir='ltr'>in</span> <span class='ocrx_word' id='word_1_958' title='bbox 3243 5584 3557 5649; x_wconf 78' lang='lat' dir='ltr'>perpetuum</span> <span class='ocrx_word' id='word_1_959' title='bbox 3605 5584 3874 5633; x_wconf 84' lang='lat' dir='ltr'>duraturi.</span> 
     </span>
     <span class='ocr_line' id='line_1_136' title="bbox 2259 5665 2532 5702; baseline -0.004 0"><span class='ocrx_word' id='word_1_960' title='bbox 2259 5667 2337 5702; x_wconf 80' lang='lat' dir='ltr'>nn.</span> <span class='ocrx_word' id='word_1_961' title='bbox 2416 5665 2532 5701; x_wconf 68' lang='lat' dir='ltr'>uvas.</span> 
     </span>
    </p>
   </div>
   <div class='ocr_carea' id='block_1_133' title="bbox 2259 5665 2532 5702">
    <p class='ocr_par' dir='ltr' id='par_1_133' title="bbox 2259 5665 2532 5702">
     <span class='ocr_line' id='line_1_137' title="bbox 2259 5665 2532 5702; baseline -0.004 0"><span class='ocrx_word' id='word_1_962' title='bbox 2259 5667 2337 5702; x_wconf 74' lang='grc' dir='ltr'>Ἦ).</span> <span class='ocrx_word' id='word_1_963' title='bbox 2377 5665 2532 5701; x_wconf 72' lang='lat' dir='ltr'>VIVBS.</span> 
     </span>
    </p>
   </div>
  </div>
