4134 6198
335 299 454 360 ’113

338 432 441 488 des
472 435 705 504 coquat,
731 430 1048 488 contrarios
1089 431 1267 486 habet
1322 447 1434 486 non
1468 431 1529 486 in
1562 431 1868 487 contrariis
1898 447 1994 486 re-

345 513 455 569 bus
499 514 757 569 ell'ectus.
817 513 937 567 Etsi
970 513 1120 566 enim
1167 511 1390 582 lapides
1438 518 1494 565 et
1553 511 1711 581 ligna
1769 513 1997 565 diversa

339 603 476 648 sunt
511 611 524 660 ;
559 593 848 648 contraria
879 598 1068 646 tamen
1131 609 1242 646 non
1303 596 1462 659 sunt,
1499 593 1650 646 sicut
1709 591 1908 645 album
1942 594 1998 643 et

345 673 602 743 nigrum,
639 688 882 744 quorum
918 672 972 726 in
1005 671 1298 741 lapidibus
1333 688 1515 726 unum
1561 673 1716 732 iacit,
1752 672 1996 725 alterum

340 753 400 808 in
433 753 627 825 lignis.
680 754 871 808 clarus
900 753 1033 807 illos
1083 752 1424 816 clariﬁcans,
1462 751 1583 805 haec
1635 750 1948 806 obl‘uscans
1981 764 1994 816 ;

341 851 472 890 cum
507 835 622 888 illis
645 834 936 900 deﬁceret,
965 834 1074 887 nisi
1106 834 1163 888 in
1199 834 1329 888 istis
1358 833 1590 886 viveret.
1615 833 1762 896 Quid
1787 832 1843 886 in
1869 848 1997 886 car-

342 915 608 980 bonibus,
645 930 836 969 nonne
878 913 1144 968 miranda
1194 918 1282 968 est
1314 911 1333 946 ί
1366 921 1418 967 et
1454 917 1610 967 tanta
1657 912 1996 978 inﬁrmitas,

343 999 406 1050 ut
436 996 551 1049 ictu
585 995 880 1049 levissimo
914 993 1277 1064 frangantur,
1311 1009 1508 1064 pressu
1543 991 1818 1047 facillimo
1859 1008 2000 1047 con-

344 1080 610 1131 terantur
643 1093 658 1143 ;
693 1080 750 1128 et
781 1079 940 1127 tanta
988 1073 1254 1142 ﬁrmitas,
1289 1079 1353 1126 ut
1385 1071 1545 1128 nullo
1578 1072 1822 1126 humore
1877 1087 2000 1126 cor-

347 1159 721 1226 rumpantur,
755 1153 919 1208 nulla
975 1159 1140 1208 {etate
1195 1154 1519 1219 vincantur,
1555 1168 1734 1223 usque
1765 1152 1904 1206 adeo
1937 1155 2002 1205 ut

344 1251 444 1291 eos
475 1237 844 1289 substernere
874 1234 1117 1294 soleant,
1152 1233 1249 1304 qui
1282 1233 1495 1288 limites
1529 1233 1735 1304 ﬁgunt.
1766 1233 1836 1286 ad
1870 1248 2001 1286 con-

340 1315 693 1373 vincendum
727 1313 1100 1384 litigatorem,
1134 1314 1402 1385 quisquis
1459 1320 1593 1384 post
1646 1311 2006 1382 quantalibet

344 1403 608 1468 tempora
637 1397 948 1461 exstiterit,
982 1396 1284 1464 ﬁxumque
1316 1394 1566 1466 lapidem
1600 1394 1846 1448 limitem
1892 1410 2006 1448 non

343 1494 472 1534 esse
503 1478 900 1533 contenderit?
932 1477 1071 1540 Quis
1091 1493 1188 1531 eos
1221 1477 1277 1530 in
1304 1475 2004 1534 terrahumidainfossos,

353 1559 450 1614 ubi
509 1559 668 1628 ligna
702 1562 1123 1627 putrescerent,
1155 1561 1272 1612 tam
1321 1557 1415 1610 diu
1451 1557 1661 1611 durare
1712 1557 2008 1624 incorrup-

351 1638 594 1694 tibiliter
617 1654 808 1709 posse,
846 1639 956 1693 nisi
991 1654 1186 1693 rerum
1219 1636 1315 1692 ille
1349 1642 1653 1707 corruptor
1683 1635 1839 1705 ignis
1870 1635 2002 1689 effe-

354 1718 434 1775 cit
471 1721 548 1789 (a)
576 1717 606 1772 ?

425 1805 474 1856 3.
510 1799 847 1854 Intueamur
869 1799 1042 1854 etiam
1069 1796 1414 1853 miraculum
1450 1796 1898 1865 calcis,excepto
1917 1811 2002 1861 eo,

351 1882 423 1936 de
457 1881 718 1951 quojam
768 1883 912 1934 satis
968 1879 1246 1944 diximus,
1281 1879 1432 1948 quod
1485 1880 1616 1948 igne
1671 1879 1937 1931 candicat
1959 1875 2004 1940 ³,

351 1978 466 2033 quo
481 1962 596 2015 alia
629 1967 767 2014 tetra
795 1959 1142 2027 redduntur,
1167 1958 1342 2014 etiam
1365 1957 1759 2013 occultissime
1781 1957 1852 2011 ab
1873 1956 2005 2025 igne

350 2041 544 2112 ignem
579 2040 854 2110 concipit,
886 2055 1136 2109 eumque
1164 2040 1284 2107 jam
1309 2038 1477 2108 gleba
1510 2037 1887 2106 tangentibus
1912 2033 2006 2087 fri-

353 2124 487 2196 gida
519 2128 635 2176 tam
678 2121 927 2175 latenter
985 2126 1194 2183 servat,
1257 2127 1320 2170 ut
1361 2116 1505 2171 nulli
1557 2125 1750 2170 nestro
1807 2113 2004 2169 sensui

355 2218 596 2272 prorsus
653 2205 955 2271 appareat,
1015 2199 1115 2253 sed
1177 2203 1512 2264 compertus
1582 2195 2002 2262 experimento,

357 2285 528 2339 etiam
578 2284 718 2336 dum
772 2298 886 2336 non
924 2283 1186 2351 apparet,
1242 2278 1460 2332 sciatur
1513 2279 1706 2332 inesse
1758 2275 2002 2346 scpitus.

357 2363 599 2434 Propter
630 2363 783 2432 quod
818 2377 945 2415 eam
979 2363 1168 2413 vivam
1226 2358 1443 2414 calcem
1497 2357 1812 2428 loquimur,
1846 2356 2002 2410 velut

355 2445 481 2514 ipse
511 2445 663 2516 ignis
694 2443 881 2498 latens
914 2442 1114 2497 anima
1135 2441 1211 2495 sit
1237 2440 1545 2495 invisibilis
1569 2441 1851 2508 corporis.
1873 2440 2003 2492 Jam

355 2541 490 2580 vero
524 2540 697 2595 quam
717 2523 927 2576 mirum
961 2527 1050 2576 est
1080 2521 1232 2591 quod
1260 2536 1388 2574 cum
1411 2520 1829 2589 exstinguitur,
1869 2523 2006 2571 tunc

356 2602 740 2662 accenditur?
773 2603 842 2658 Ut
889 2603 1044 2656 enim
1091 2600 1315 2655 occulto
1383 2600 1517 2671 igne
1558 2605 1770 2664 careat,
1816 2597 2007 2668 aqua8

354 2686 705 2749 infunditur,
755 2699 980 2754 aquave
1027 2681 1428 2752 perfunditur;
1461 2685 1516 2735 et
1568 2696 1702 2736 cum
1760 2686 1893 2734 ante
1925 2678 2005 2734 sit

359 2765 593 2837 frigida,
627 2765 759 2819 inde
791 2763 1082 2832 fervescit,
1121 2763 1275 2817 unde
1335 2761 1610 2817 ferventia
1655 2765 1864 2816 cuncta
1906 2760 2006 2814 fri-

355 2849 620 2917 gescunt.
657 2843 825 2898 Velut
855 2845 1186 2915 exspirante
1217 2859 1354 2912 ergo
1377 2842 1478 2897 illa
1509 2841 1677 2913 gleba
1699 2841 2007 2896 discedens

357 2925 536 2996 ignis,
579 2924 680 2995 qui
727 2923 962 2990 latebat,
1014 2927 1272 2992 apparet,
1322 2939 1388 2977 ac
1447 2923 1659 2976 deinde
1724 2925 2007 2992 tanquam

357 3011 547 3061 morte
575 3004 599 3037 ⁴
629 3005 713 3059 sic
746 3005 951 3072 frigida
979 3007 1088 3069 est,
1124 3007 1190 3058 ut
1219 3003 1449 3072 adjecta
1481 3001 1638 3056 unda
1669 3018 1782 3056 non
1807 3001 1886 3054 sit
1916 3017 2008 3054 ar-

365 3101 524 3154 sura,
555 3089 611 3141 et
641 3100 817 3156 quam
853 3083 1070 3140 calcem
1103 3084 1457 3138 vocabamus
1490 3082 1701 3150 vivam,
1734 3097 2009 3136 vocemus

362 3167 728 3224 exstinctam.
755 3165 900 3230 Quid
921 3170 1010 3219 est
1032 3163 1187 3235 quod
1210 3163 1342 3218 huic
1361 3161 1648 3218 miraculo
1681 3161 1817 3216 addi
1843 3176 2009 3231 posse

361 3245 677 3301 videatur?
707 3251 763 3300 et
789 3251 982 3299 tamen
1018 3243 1276 3298 additur.
1314 3242 1453 3300 Nam
1489 3243 1533 3296 si
1580 3259 1692 3296 non
1725 3241 2007 3296 adhibeas

363 3342 597 3397 aquam,
632 3326 730 3380 sed
762 3325 980 3389 oleum,
1014 3324 1166 3395 quod
1223 3324 1408 3394 magis
1449 3324 1632 3377 fomes
1682 3327 1773 3376 est
1832 3321 2006 3391 ignis,

363 3416 522 3472 nulla
574 3417 702 3483 ejus
743 3414 1079 3486 perfusione
1109 3412 1195 3468 vel
1227 3411 1525 3467 infusione
1585 3410 1852 3466 fervescit
1905 3409 2004 3479 (b).

364 3500 478 3555 Hoc
514 3497 863 3553 miraculum
895 3496 939 3549 si
973 3496 1043 3550 de
1075 3496 1270 3564 aliquo
1323 3493 1518 3548 indico
1557 3491 1748 3561 lapide
1799 3490 2012 3562 legere-

363 3596 516 3647 mus,
569 3579 690 3634 sive
745 3577 1103 3645 audiremus,
1136 3581 1192 3630 et
1239 3575 1297 3629 in
1331 3581 1595 3629 nostrum
1639 3570 2010 3640 experimen-

331 3649 488 3716 'tum
529 3661 724 3715 venire
776 3675 892 3713 non
945 3662 1162 3728 posset,
1201 3657 1450 3725 profecto
1493 3659 1595 3710 aut
1640 3652 2010 3708 mendacium

366 3744 730 3813 putaremus,
763 3742 865 3792 aut
914 3741 1068 3792 certe
1117 3735 1418 3808 granditer
1449 3735 1814 3788 miraremur.
1858 3732 2012 3813 Qua-

365 3811 493 3876 rum
532 3836 664 3874 vero
696 3833 892 3873 rerum
936 3821 1070 3872 ante
1136 3817 1335 3871 oculos
1386 3820 1616 3870 nostros
1680 3811 2016 3884 quotidiana

367 3902 719 3956 documenta
747 3903 1078 3964 versantur,
1106 3914 1218 3952 non
1251 3913 1462 3968 genere
1493 3894 1687 3950 minus
1737 3891 2014 3961 mirabili,

367 3982 468 4038 sed
504 3981 633 4052 ipsa
663 3978 1004 4034 assiduitate
1035 3978 1339 4045 vilescunt,
1370 3978 1451 4032 ita
1482 3981 1544 4030 ut
1575 3992 1643 4030 ex
1674 3978 1800 4045 ipsa
1831 3973 2015 4041 India,

369 4077 499 4132 quae
529 4064 753 4116 remota
807 4064 896 4114 est
947 4075 1083 4129 pars
1139 4056 1296 4113 orbis
1341 4073 1373 4110 a
1433 4057 1625 4122 nobis,
1671 4053 2018 4109 desierimus

372 4140 658 4198 nonnulla
688 4139 910 4210 mirari,
944 4157 1070 4211 qua;
1123 4139 1192 4195 ad
1241 4155 1347 4194 nos
1406 4139 1722 4208 potuerunt
1751 4134 2020 4190 miranda

372 4231 633 4304 perduci.

443 4313 492 4366 4.
525 4311 907 4367 Adamantem
941 4307 1191 4380 lapidem
1225 4307 1396 4363 multi
1427 4306 1581 4378 apud
1615 4323 1722 4363 nos
1779 4304 2018 4372 habent,

372 4398 429 4448 et
486 4390 739 4447 maxime
787 4389 1056 4446 auriﬁces
1093 4387 1586 4460 insignitoresque
1634 4401 2017 4458 gemmarum,

371 4472 473 4544 qui
505 4471 660 4543 lapis
693 4487 797 4527 nec
847 4470 1019 4536 ferro,
1054 4484 1159 4524 nec
1210 4468 1332 4539 igni
1363 4468 1458 4537 (η),
1491 4483 1596 4523 nec
1651 4466 1763 4522 alia
1791 4466 1844 4522 vi
1880 4466 2018 4533 ulla,

372 4552 711 4626 perhibetur
742 4555 946 4623 praeter
974 4549 999 4582 ⁵
1019 4548 1248 4603 hircino
1277 4546 1564 4618 sanguine
1593 4546 1746 4601 vinci
1777 4545 1872 4617 (b).
1905 4545 2019 4600 Sed

439 4860 456 4896 1
493 4857 654 4921 Editi,
685 4869 868 4906 nonne
913 4850 1181 4903 miranda
1209 4865 1296 4900 res
1339 4857 1433 4901 est.
1469 4847 1647 4909 Abest,
1679 4861 1786 4902 m,
1834 4859 1867 4895 a
1906 4858 2022 4894 ma-

374 4921 677 4983 nuscriptis.

438 4984 461 5019 ²
496 4977 581 5033 Sic
607 4982 730 5032 Mss.
761 4983 830 5030 At
854 4979 1011 5036 Editi,
1043 4977 1344 5026 candescat.

442 5049 463 5082 ³
489 5047 644 5110 Apud
676 5045 1049 5110 Lov.,_a_quae.

441 5111 463 5144 ι
489 5099 572 5158 Εὖ.
605 5109 764 5169 Lugd.
796 5099 850 5155 et
878 5099 1026 5169 Ven.,
1057 5109 1325 5165 tanquam
1357 5108 1597 5148 mortua.
1628 5099 1693 5148 M.

441 5174 462 5208 ³
493 5171 580 5220 Sic
603 5168 727 5219 Mss.
758 5168 898 5217 Editi
925 5180 1067 5220 vero.
1095 5174 1508 5226 praeterquam.

442 5236 515 5296 (a)
547 5233 777 5291 Samius,
825 5230 1013 5296 Rhmci
1034 5223 1198 5296 filius,
1241 5223 1444 5296 primus
1477 5223 2027 5296 consuluit_carbqnee

375 5286 738 5347 fundamentis
767 5286 950 5356 templi
978 5286 1475 5356 Ephesiae:Di_anae
1512 5288 1718 5349 subjici.
1754 5287 1883 5334 Vide
1909 5286 2027 5333 Dio-

375 5308 738 5347 fundamentis
767 5308 950 5356 tempn
979 5308 1016 5340 ra
1056 5308 1232 5340 nesxae
1277 5308 1475 5338 manui:
1512 5308 1554 5338 si

375 5374 560 5424 genem
593 5358 878 5424 Lael-tium.
903 5308 1076 5424 tibi.
1107 5349 1290 5424 cgn103.
1323 5353 1554 5424 Langen.

443 5424 512 5485 ib)
543 5423 690 5471 Coni.
725 5415 1210 5485 Plinium‘._lib._33,
1245 5427 1356 5476 cap.
1385 5414 1449 5485 so
1481 5476 1516 5485 ﬂ
1684 5476 1718 5485 __
1886 5475 1896 5485 .

438 5472 513 5545 ξοδ
568 5485 797 5533 Adamas
856 5481 1060 5544 positus
1112 5472 1436 5545 iuvas—culo
1481 5476 1751 5538 liquandis
1796 5472 2027 5523 metallis

374 5541 586 5607 idoneo,
616 5548 675 5595 in
707 5541 916 5594 fumum
943 5541 1227 5607 evanescit.
1260 5541 1492 5607 ancnsa.

437 5612 510 5676 (ἀ)
548 5603 694 5660 Conf.
728 5609 884 5662 Plin.,
913 5607 1005 5655 lib.
1035 5603 1111 5662 37,
1144 5617 1258 5667 cap.
1292 5603 1369 5652 15.

706 5763 972 5825 Parma.
1019 5757 1181 5820 XLI.

1500 293 1734 358 LIBER
1775 293 2204 359 VIGESIMUS
2249 293 2573 358 PRIMUS.

3630 299 3744 362 714

2099 431 2196 502 qui
2255 447 2390 485 eum
2447 431 2664 485 habent
2721 438 2895 501 atque
2956 433 3269 497 noverunt,
3322 433 3608 504 numquid
3666 434 3748 490 ita

2102 512 2409 578 mirantur,
2442 518 2505 564 ut
2538 510 2594 564 bi
2627 512 2842 582 quibus
2891 511 3148 580 primum
3193 513 3450 582 polentia
3489 515 3611 583 ejus
3651 531 3746 569 os-

2101 590 2409 645 tenditur?
2439 591 2660 654 Quibus
2699 604 2885 646 aulem
2933 609 3045 646 non
3107 593 3457 660 ostenditur,
3506 595 3749 650 fortasse

2103 687 2208 725 nec
2267 672 2560 738 credunt;
2633 677 2735 726 aut
2783 671 2830 726 si
2891 673 3136 726 credunt
3183 672 3479 743 inexperta
3535 673 3750 729 miran-

2102 756 2200 806 tur
2253 770 2268 820 ;
2327 757 2384 805 et
2442 752 2488 806 si
2552 753 2858 821 contigerit
2915 753 3194 820 experiri,
3254 753 3445 807 adhuc
3513 755 3748 824 quidem

2104 833 2685 901 mirantur,insolita,
2738 835 2835 888 sed
2887 835 3208 890 assiduitas
3240 834 3567 905 experiendi
3608 852 3751 904 pau-

2105 911 2262 967 latim
2315 913 2614 970 subtrahit
2643 915 3048 969 admirationis
3080 914 3546 969 incitamentum.
3582 915 3752 987 Mag-

2105 999 2291 1048 netem
2333 994 2585 1064 lapidem
2621 994 2890 1049 novimus
2924 993 3252 1050 mirabilem
3301 995 3435 1048 ferri
3467 1011 3596 1050 esse
3627 1012 3755 1064 rap-

2105 1079 2341 1129 torem:
2391 1077 2541 1146 quod
2603 1077 2998 1138 cumprimum
3061 1075 3199 1140 vidi,
3256 1075 3624 1131 vehementer
3660 1075 3754 1130 in-

2104 1155 2326 1212 horrui.
2363 1157 2582 1227 Quippe
2613 1157 2920 1212 cernebam
2955 1173 2988 1211 a
3022 1157 3210 1226 lapide
3253 1156 3505 1210 ferreum
3559 1173 3752 1212 annu-

2103 1238 2224 1292 lum
2268 1243 2502 1308 raptum
2553 1242 2728 1310 atque
2787 1235 3417 1308 suspensum;deinde
3467 1241 3748 1308 tanquam

2101 1319 2254 1374 ferro
2287 1319 2440 1390 quod
2476 1323 2767 1390 rapuerat,
2800 1319 2914 1373 vim
2957 1319 3208 1373 dedisset
3244 1334 3434 1386 suam,
3487 1335 3751 1373 commu-

2100 1415 2351 1470 nemque
2387 1400 2638 1464 lecisset,
2672 1399 2823 1453 idem
2850 1397 3106 1453 annulus
3135 1399 3410 1453 admotus
3441 1402 3530 1453 est
3559 1397 3752 1466 alteri,

2100 1496 2350 1548 eumque
2381 1479 2707 1550 suspendit,
2749 1487 2923 1550 atque
2975 1485 3040 1532 ut
3089 1478 3185 1533 ille
3232 1478 3386 1548 prior
3432 1477 3632 1547 lapidi,
3659 1479 3744 1533 sic

2102 1562 2242 1616 alter
2273 1561 2530 1615 annulus
2573 1560 2748 1630 priori
2807 1561 3026 1614 annulo
3087 1561 3412 1615 cohaerebat
3446 1577 3459 1614 :
3495 1563 3748 1615 accessit

2101 1644 2302 1699 eodem
2339 1643 2508 1696 modo
2540 1643 2764 1710 tertius,
2797 1642 3045 1696 accessit
3081 1651 3132 1695 et
3175 1646 3447 1711 quartus,
3498 1643 3744 1711 jamque

2104 1724 2216 1779 sibi
2251 1740 2351 1794 per
2391 1729 2597 1777 mutua
2653 1722 2885 1778 circulis
2943 1722 3126 1790 nexis,
3162 1738 3275 1776 non
3319 1720 3748 1790 implicatorum

2104 1805 2476 1870 intrinsecus,
2541 1803 2641 1858 sed
2701 1803 3060 1857 extrinsecus
3090 1803 3534 1866 adhaerentium,
3582 1802 3750 1872 quasi

2107 1891 2308 1939 catena
2342 1885 2695 1953 pependerat
2725 1884 3101 1938 annulorum.
3136 1883 3274 1947 Quis
3308 1885 3474 1937 istam
3507 1883 3620 1936 vim
3665 1881 3747 1937 la-

2110 1965 2258 2034 pidis
2308 1981 2420 2018 non
2481 1967 2762 2031 stuperet,
2821 1980 2948 2033 qua:
3011 1962 3089 2016 illi
3143 1980 3252 2017 non
3304 1963 3490 2016 solum
3541 1963 3753 2031 inerat,

2108 2061 2304 2098 verum
2331 2043 2504 2096 etiam
2541 2059 2640 2111 per
2673 2048 2753 2096 tot
2784 2058 3066 2110 suspensa
3103 2042 3412 2107 transibat,
3445 2044 3502 2092 et
3551 2041 3756 2095 invisi-

2110 2124 2327 2178 bilibus
2360 2138 2426 2176 ea
2457 2122 2699 2176 vinculis
2741 2121 3121 2191 subligabat?
3147 2122 3250 2176 Sed
3314 2121 3496 2174 multo
3527 2125 3616 2173 est
3648 2119 3757 2174 mi-

2111 2203 2375 2269 rabilius,
2401 2203 2553 2274 quod
2588 2219 2620 2256 a
2670 2203 2843 2256 fratre
2887 2208 2944 2256 et
2990 2203 3332 2272 coepiscopo
3371 2215 3495 2257 meo
3546 2200 3754 2256 Severo

2110 2285 2436 2338 Milevitana
2467 2285 2537 2336 de
2568 2283 2678 2337 isto
2710 2281 2902 2353 lapide
2944 2281 3216 2351 comperi.
3247 2281 3317 2336 Se
3348 2282 3539 2350 ipsum
3581 2297 3757 2334 nam—

2111 2381 2222 2435 que
2254 2365 2469 2418 vidisse
2511 2363 2778 2430 narravit,
2822 2363 3319 2433 quemadmodum
3372 2360 3755 2414 Bathanarius

2109 2446 2402 2515 quondam
2433 2444 2640 2498 Comes
2669 2443 2892 2508 Africae,
2937 2459 3066 2497 cum
3119 2442 3270 2512 apud
3305 2457 3438 2494 eum
3480 2440 3753 2494 conviva-

2111 2529 2269 2578 retur
2320 2523 2655 2594 Episcopus,
2719 2521 2988 2576 eumdem
3033 2521 3336 2590 protulerit
3393 2519 3668 2587 lapidem,
3700 2522 3757 2573 et

2111 2607 2360 2659 tenuerit
2389 2604 2496 2658 sub
2538 2613 2797 2673 argento,
2835 2603 3167 2672 ferrumque
3217 2615 3395 2671 super
3445 2603 3753 2669 argentum

2111 2683 2410 2754 posuerit;
2454 2683 2662 2738 deinde
2712 2682 2863 2737 sicut
2913 2682 3114 2738 subter
3171 2682 3438 2737 movebat
3486 2695 3748 2744 manum,

2111 2780 2228 2836 qua
2276 2764 2524 2835 lapidem
2565 2764 2819 2832 tenebat,
2861 2763 2940 2818 ita
2987 2763 3204 2817 ferrum
3251 2762 3500 2832 desuper
3549 2773 3752 2813 move-

2109 2845 2313 2910 batur,
2373 2849 2544 2916 atque
2600 2850 2836 2913 argento
2910 2845 3100 2899 medio
3160 2843 3420 2912 nihilque
3477 2840 3752 2912 patiente,

2111 2925 2563 2981 concitatissimo
2633 2941 2808 2981 cursu
2860 2941 2927 2980 ac
2974 2941 3216 2979 recursu
3281 2923 3432 2978 infra
3479 2919 3628 2992 lapis
3683 2919 3754 2975 ab

2111 3006 2365 3071 homine,
2415 3021 2595 3076 supra
2645 3006 2856 3060 ferrum
2909 3005 3246 3076 rapiebatur
3288 3021 3320 3058 a
3363 3002 3574 3074 lapide.
3626 2999 3755 3056 Dixi

2112 3087 2267 3159 quod
2317 3086 2443 3158 ipse
2498 3087 2806 3157 conspexi,
2866 3086 2979 3140 dixi
3030 3085 3188 3156 quod
3248 3085 3318 3139 ab
3369 3083 3467 3138 illo
3521 3080 3753 3146 audivi,

2111 3167 2204 3222 cui
2253 3172 2528 3238 tanquam
2583 3167 2705 3236 ipse
2759 3166 3002 3222 viderim
3054 3163 3305 3220 credidi.
3372 3163 3516 3227 Quid
3579 3163 3754 3216 etiam

2113 3246 2184 3301 de
2241 3248 2351 3302 isto
2410 3253 2678 3316 magnete
2725 3246 2964 3316 legerim
3030 3245 3252 3300 dicam.
3305 3243 3548 3308 Quando
3589 3242 3758 3311 juxta

2113 3341 2247 3380 eum
2311 3328 2543 3394 ponitur
2599 3326 2860 3390 adamas,
2919 3340 3034 3379 non
3086 3325 3235 3392 rapit
3276 3323 3544 3394 ferrum;
3593 3325 3657 3394 et
3707 3319 3755 3394 si

2107 3397 2230 3466 jam
2263 3392 2552 3466 rapuerat,
2591 3402 2652 3449 ut
2682 3397 2730 3449 ei
2762 3393 3336 3465 appropinquaverit,
3361 3409 3492 3446 mox
3523 3392 3760 3444 remittit

2115 3477 2212 3546 (a).
2244 3477 2409 3531 India
2443 3475 2621 3529 mittit
2650 3475 2754 3530 hos
2789 3475 3049 3544 lapides:
3085 3475 3184 3528 sed
3211 3473 3259 3526 si
3291 3488 3387 3527 eos
3419 3488 3524 3526 nos
3557 3469 3758 3540 cogni-

2118 3567 2205 3613 tos
2233 3561 2351 3627 jam
2403 3556 2744 3611 desistimus
2805 3555 3104 3623 admirari,
3129 3558 3345 3625 quanto
3393 3552 3580 3623 magis
3612 3549 3698 3603 illi
3728 3567 3761 3603 a

2119 3641 2335 3710 quibus
2376 3638 2637 3706 veniunt,
2671 3636 2717 3691 si
2771 3652 2870 3690 eos
2906 3633 3212 3690 facillimos
3246 3633 3480 3698 habent,
3515 3630 3597 3686 sic
3643 3628 3758 3684 for-

2119 3722 2273 3776 sitan
2307 3719 2601 3774 habentut
2621 3733 2726 3772 nos
2759 3715 3000 3783 calcem,
3025 3731 3197 3786 quam
3225 3714 3374 3769 miro
3407 3713 3580 3767 modo
3611 3727 3763 3781 aqua

2121 3801 2558 3866 fervescentem,
2609 3815 2727 3870 qua
2782 3796 2929 3852 solet
2979 3795 3130 3865 ignis
3184 3793 3494 3864 exstingui,
3535 3796 3591 3846 et
3641 3790 3767 3870 oleo

2120 3897 2235 3936 non
2271 3869 2708 3945 tervescentem,
2738 3893 2851 3947 quo
2875 3874 3024 3931 solet
3055 3875 3208 3946 ignis
3236 3873 3496 3940 accendi,
3527 3870 3668 3941 quia
3705 3869 3765 3924 in

2122 3964 2394 4030 promptu
2417 3958 2583 4014 nobis
2609 3962 2719 4022 est,
2755 3972 2868 4011 non
2892 3951 3222 4010 miramur?

2124 4117 2356 4175 CAPUT
2397 4117 2463 4172 V.
2495 4148 2565 4158 —
2614 4116 2834 4183 Quanta
2881 4116 2992 4170 sint
3043 4129 3277 4186 quorum
3320 4113 3467 4167 ratio
3527 4111 3761 4180 nequeat

2195 4199 2420 4270 agnosci
2453 4200 2494 4268 ι,
2523 4202 2578 4252 et
2608 4204 2786 4252 tamen
2807 4197 3005 4252 eadem
3026 4211 3157 4251 vera
3185 4209 3297 4250 esse
3333 4207 3446 4250 non
3473 4189 3547 4247 sit
3577 4188 3764 4245 ambi-

2194 4298 2386 4351 guum.

2200 4433 2250 4488 1.
2284 4430 2695 4487 Verumtamen
2727 4428 2994 4485 homines
3028 4426 3315 4493 inﬁdeles,
3349 4424 3491 4497 qui’
3521 4438 3655 4479 cum
3689 4417 3773 4477 di-

2124 4515 2255 4571 vina
2285 4513 2372 4569 vel
2407 4513 2692 4584 praeterita
2722 4510 2811 4568 vel
2845 4512 3038 4567 futura
3056 4509 3338 4565 miracula
3361 4506 3769 4578 pradicamus,

2129 4593 2389 4668 quasillis
2413 4593 2761 4665 experienda
2805 4609 2920 4648 non
2947 4591 3205 4646 valemus
3238 4588 3565 4652 ostendere,
3599 4585 3772 4668 ratio-

2128 4663 2260 4732 nem
2284 4692 2317 4730 a
2347 4663 2512 4731 nobis
2534 4688 2729 4730 earum
2763 4672 3025 4744 ﬂagitant
3055 4686 3280 4738 rerum;
3300 4682 3474 4738 quam
3493 4663 3769 4744 quoniam

2129 4773 2247 4812 non
2280 4771 2590 4827 possumus
2611 4742 3186 4822 reddere‘(excedunt
3206 4747 3360 4827 enim
3383 4747 3535 4827 vires
3557 4742 3771 4827 mentis

2128 4823 2786 4906 humane),existimant
2811 4831 2956 4886 falsa
2984 4845 3111 4885 esse
3133 4844 3259 4899 quae
3286 4824 3680 4895 dicimus;ipsi
3701 4823 3772 4878 de

2132 4924 2218 4975 tot
2250 4917 2614 4973 mirabilibus
2648 4913 2842 4978 rebus,
2876 4929 3022 4982 quas
3054 4911 3140 4965 vel
3192 4910 3379 4964 videre
3430 4921 3768 4977 possumus,

2132 4998 2218 5054 vel
2243 4995 2749 5062 videmus,debent
2779 4994 3018 5048 reddere
3058 4987 3534 5054 rationem.Quod
3568 4987 3616 5040 si
3649 4984 3773 5039 ﬁeri

2129 5080 2202 5136 ab
2243 5078 2466 5132 bomine
2500 5092 2610 5129 non
2648 5091 2809 5144 posse
2855 5067 3531 5143 perviderint,t‘atendum
3557 5071 3645 5121 est
3665 5065 3771 5133 eis,

2135 5176 2248 5214 non
2282 5157 2410 5212 ideo
2444 5155 2662 5228 aliquid
2696 5171 2809 5211 non
2843 5153 3044 5221 fuisse,
3067 5150 3153 5207 vel
3179 5152 3438 5206 futurum
3474 5164 3588 5203 non
3621 5161 3771 5214 esse,

2199 5409 2214 5441 1
2251 5405 2459 5453 Titulus
2488 5400 2674 5464 capitis
2703 5397 2878 5461 quinti
2908 5394 3131 5444 vitiatus
3158 5394 3215 5441 in
3245 5393 3368 5441 ante
3406 5391 3561 5464 editis
3589 5389 3664 5438 sic
3691 5389 3780 5461 ha;

2133 5469 2291 5517 bebat
2328 5484 2336 5512 :
2373 5462 2594 5520 Quanta
2621 5465 2735 5509 sint
2783 5474 2924 5523 quae
2969 5473 3082 5507 non
3112 5464 3254 5504 recte
3298 5462 3500 5517 quaen!
3531 5465 3776 5514 agnosci.

2131 5532 2430 5591 Castigatur
2456 5542 2522 5577 ex
2550 5525 2943 5591 manuscriptis.

2195 5594 2216 5627 ²
2247 5585 2326 5642 Ita
2354 5592 2472 5639 Mss.
2504 5592 2572 5638 At
2600 5588 2744 5650 editi,
2771 5585 2993 5650 quibus.

2190 5658 2269 5722 (a)
2297 5655 2518 5710 Plinius.
2550 5652 2642 5702 lib.
2673 5649 2753 5708 37,
2775 5646 2897 5713 cap.
2931 5646 3009 5698 15.

3007 5736 3033 5819 (
3051 5731 3462 5818 Vingt-trois.)
