4146 6198
306 313 422 373 ’717

304 458 568 516 quosque
599 457 915 514 possumus
937 438 1478 507 experiri,eteorum
1503 441 1680 492 testes
1706 436 1944 516 idoneos

304 541 423 580 non
446 515 680 579 difﬁcile
703 527 790 578 est
812 519 1086 576 invenire.
1124 523 1199 574 De
1228 518 1342 574 isto
1375 522 1567 573 autem
1597 518 1728 572 fano
1759 515 1946 571 Vene-

305 606 386 659 ris
419 609 476 658 et
507 604 744 658 lucerna
775 599 1256 670 inexstinguibili,
1293 615 1406 653 non
1440 599 1630 652 solum
1668 596 1724 651 in
1760 595 1947 650 nullas

307 690 674 740 coarctamur
703 685 1025 753 angustias,
1065 696 1268 734 verum
1302 681 1474 735 etiam
1499 677 1828 732 latitudinis
1856 693 1953 731 n0-

308 767 397 822 bis
427 778 670 836 campus
702 763 976 832 aperitur.
1018 763 1301 816 Addimus
1350 761 1501 816 enim
1539 761 1606 813 ad
1643 760 1817 814 istam
1855 757 1950 812 lu-

311 863 542 903 cernam
576 843 1135 915 inexstinguibilem,
1169 847 1225 897 et
1256 841 1646 896 humanarum
1680 845 1736 895 et
1769 838 1954 910 magi-

308 941 534 996 carum,
567 924 621 979 id
657 927 746 979 est
767 939 864 995 per
891 923 1155 978 homines
1179 922 1628 977 dmmonicarum
1664 921 1679 955 ί
1713 919 1950 986 artium,

308 1011 364 1063 et
393 1006 655 1078 ipsorum
682 1019 781 1073 per
811 1019 872 1058 se
901 1003 1057 1074 ipsos
1089 1005 1416 1057 daemonum
1440 999 1622 1055 multa
1649 997 1949 1054 miracula:

311 1104 439 1159 quae
471 1084 520 1140 si
549 1100 754 1153 negare
774 1083 1156 1150 voluerimus,
1185 1083 1371 1138 eidem
1398 1081 1511 1152 ipsi
1543 1081 1632 1135 cui
1655 1081 1952 1134 credimus

304 1181 603 1223 sacrarum
651 1162 999 1219 Litterarum
1049 1164 1492 1218 adversabimur
1538 1160 1788 1216 veritati.
1841 1162 1954 1215 Aut

305 1263 443 1319 ergo
476 1245 533 1300 in
557 1244 796 1299 lucerna
837 1243 936 1298 illa
968 1244 1371 1298 mechanicum
1404 1242 1624 1312 aliquid
1659 1243 1730 1294 de
1760 1239 1954 1310 lapide

304 1328 537 1382 asbesto
569 1340 662 1379 ars
691 1323 951 1378 humana
974 1324 1172 1378 molita
1196 1325 1414 1389 est,aut
1442 1328 1564 1376 arte
1589 1321 1811 1390 magica
1839 1322 1954 1375 fac-

302 1412 430 1462 tum
461 1410 570 1470 est,
603 1405 757 1475 quod
792 1402 1060 1458 homines
1092 1401 1191 1458 illo
1229 1404 1582 1457 mirarentur
1620 1400 1677 1456 in
1711 1399 1952 1472 templo,

305 1495 404 1543 aut
434 1489 660 1541 daemon
697 1483 985 1555 quispiam
1021 1486 1131 1540 sub
1165 1484 1394 1538 nomine
1425 1485 1666 1537 Veneris
1697 1487 1862 1536 tanta
1893 1493 1956 1536 se

303 1567 566 1624 efﬁcacia
600 1565 1069 1636 praesentavit,ut
1101 1564 1203 1618 hoc
1236 1564 1318 1619 ibi
1351 1563 1676 1635 prodigium
1703 1569 1758 1618 et
1781 1579 1956 1632 appa—

303 1653 454 1704 reret
503 1646 859 1715 hominibus,
893 1653 951 1700 et
997 1647 1215 1700 diutius
1267 1650 1629 1715 permaneret
1681 1644 1781 1716 (a).
1841 1641 1954 1698 Illi-

303 1728 543 1784 ciuntur
564 1732 757 1783 autem
782 1729 1074 1780 daemones
1099 1726 1168 1779 ad
1206 1725 1651 1778 inhabitandam
1681 1740 1780 1793 per
1800 1739 1959 1776 crea-

305 1813 494 1873 turas,
518 1824 665 1878 quas
720 1823 831 1861 non
863 1806 997 1877 ipsi,
1031 1806 1130 1860 sed
1160 1805 1309 1859 Deus
1331 1804 1606 1868 condidit,
1639 1802 1954 1858 delectabi-

309 1888 468 1944 libus
500 1905 599 1958 pro
630 1903 729 1942 sua
760 1887 1095 1941 diversitate
1143 1885 1536 1954 diversis,non
1572 1889 1634 1938 ut
1683 1883 1956 1938 animalia

309 1969 480 2037 cibis,
513 1969 609 2023 sed
649 1973 714 2022 ut
745 1967 984 2038 spiritus
1010 1966 1216 2037 signis,
1252 1982 1381 2036 quae
1432 1966 1723 2035 cujusque
1766 1963 1959 2018 delec—

311 2050 516 2107 tationi
549 2054 900 2120 congruunt,
935 2065 1034 2117 per
1059 2049 1214 2101 varia
1261 2063 1474 2117 genera
1514 2045 1793 2115 lapidum,
1827 2044 1959 2099 her-

311 2133 547 2193 barum,
601 2126 1311 2199 lignorum,animalium,
1355 2122 1956 2192 carminum,|rituum

310 2212 409 2284 (ὁ).
446 2215 520 2264 Ut
550 2215 740 2264 autem
773 2207 1096 2262 illiciantur
1144 2206 1216 2260 ab
1252 2205 1610 2264 hominibus.
1671 2203 1832 2284 prius
1861 2217 1960 2284 eos

311 2282 429 2364 ipsi
453 2288 819 2345 astutissima
849 2286 1163 2340 calliditate
1195 2286 1292 2341 sed
1305 2284 1596 2352 ucunt,vel
1621 2282 1961 2364 inspirando

309 2388 514 2428 eorum
537 2369 812 2428 cordibus
834 2368 993 2422 virus
1005 2366 1319 2432 occultum,
1355 2365 1443 2421 vel
1465 2367 1640 2420 etiam
1657 2363 1962 2418 fallacibus

308 2451 590 2508 amicitiis
623 2447 979 2520 apparando,
1010 2463 1330 2517 eorumque
1375 2462 1590 2516 paucos
1639 2443 1962 2512 discipulos

307 2548 454 2586 suos
474 2530 711 2599 faciunt,
739 2528 1246 2599 plurimorumque
1279 2526 1772 2594 doctores.Neque
1802 2524 1960 2578 enim

308 2613 522 2681 potuit,
570 2609 682 2664 nisi
742 2607 996 2678 primum
1046 2607 1194 2678 ipsis
1250 2604 1781 2672 docentibus,disci
1822 2602 1962 2674 quid

309 2691 564 2763 quisque
594 2689 828 2744 illorum
865 2692 1119 2758 appetat,
1150 2687 1290 2758 quid
1311 2687 1634 2752 exhorreat,
1667 2701 1783 2756 quo
1817 2683 1965 2739 invi-

307 2781 469 2828 tetur
502 2769 758 2837 nomine,
791 2784 902 2840 quo
927 2772 1198 2838 cogatur:
1226 2768 1380 2822 unde
1413 2766 1648 2836 magicae
1680 2771 1834 2820 artes
1863 2781 1969 2820 ea—

307 2867 568 2923 rumque
599 2850 854 2906 artiﬁces
887 2848 1255 2904 exstiterunt.
1287 2845 1536 2902 Maxime
1560 2852 1753 2900 autem
1786 2845 1968 2914 possi-

310 2933 458 2987 dent
515 2929 692 2985 corda
752 2925 1112 2994 mortalium,
1171 2941 1279 2993 qua
1330 2925 1694 2996 potissimum
1731 2939 1967 2994 posses-

311 3011 490 3067 sione
547 3008 890 3077 gloriantur,
923 3021 1056 3061 cum
1105 3021 1167 3061 se
1213 3004 1721 3075 transﬁgurantin
1778 3004 1966 3074 Ange-

306 3093 404 3148 los
455 3088 604 3145 lucis
634 3087 709 3159 (ΙΙ
761 3087 887 3142 Cor.
920 3086 1136 3157 χι,14).
1181 3085 1331 3140 Sunt
1378 3100 1513 3154 ergo
1565 3085 1712 3138 facta
1767 3097 1968 3138 eorum

313 3170 599 3246 plurima,
632 3185 760 3239 qua:
792 3171 1013 3238 quanto
1060 3166 1246 3238 magis
1277 3165 1573 3223 mirabilia
1611 3163 1970 3229 conﬁtemur,

311 3244 486 3310 tanto
526 3250 754 3307 cautius
810 3248 993 3302 vitare
1052 3247 1352 3302 debemus.
1411 3247 1520 3320 Sed
1555 3248 1626 3300 ad
1661 3246 1770 3300 hoc
1815 3244 1973 3299 unde

311 3349 482 3391 nunc
512 3333 762 3404 agimus,
797 3327 966 3383 nobis
1000 3327 1174 3382 etiam
1199 3327 1328 3397 ipsa
1361 3324 1690 3395 proﬁciunt.
1727 3324 1783 3379 Si
1809 3323 1970 3378 enim

307 3413 448 3470 haec
493 3409 786 3466 immundi
844 3409 1138 3463 daemones
1187 3410 1459 3479 possunt,
1508 3409 1722 3475 quanto
1771 3409 1975 3474 poten-

307 3495 502 3554 tiores
531 3496 671 3547 sunt
703 3489 888 3545 sancti
918 3487 1146 3560 Angeli,
1180 3491 1400 3558 quanto
1434 3484 1727 3556 potentior
1757 3488 1844 3537 est
1885 3482 1978 3536 his

305 3573 600 3633 omnibus
632 3572 802 3635 Deus,
837 3572 934 3640 qui
981 3573 1277 3623 tantorum
1340 3563 1753 3621 miraculorum
1803 3562 1974 3618 ell’ec-

305 3661 482 3712 tores
505 3653 678 3708 etiam
711 3651 870 3721 ipsos
899 3649 1150 3720 Angelos
1184 3646 1366 3702 fecit?

386 3737 448 3790 2.
468 3733 855 3800 Quamobrem
879 3729 926 3784 si
949 3735 1034 3786 tot
1054 3734 1110 3783 et
1133 3734 1295 3784 tanta
1318 3727 1563 3782 miriﬁca
1585 3725 1624 3792 2,
1651 3741 1778 3796 quae
1801 3740 1983 3797 μηχα-

309 3817 542 3888 νήματα
571 3812 890 3884 appellant,
923 3810 1020 3865 Dei
1055 3816 1321 3865 creatura
1355 3809 1654 3862 utentibus
1703 3805 1982 3861 humanis

315 3896 558 3952 artibus
597 3894 769 3959 ﬁunt,
805 3896 865 3945 ut
909 3907 972 3945 ea
1023 3890 1122 3961 qui
1169 3889 1436 3944 nesciunt
1493 3889 1809 3958 cpinentur
1859 3901 1985 3942 esse

316 3976 572 4042 divina;
607 3972 763 4028 unde
794 3972 1008 4025 factum
1067 3972 1173 4035 est,
1215 3974 1279 4023 ut
1333 3969 1393 4023 in
1453 3966 1706 4038 quodam
1767 3965 1984 4034 templo

317 4053 627 4128 lapidibus
661 4051 1024 4123 magnetibus
1056 4049 1115 4104 in
1153 4048 1274 4104 solo
1307 4054 1362 4104 et
1402 4062 1630 4102 camera
1661 4045 1985 4128 proportio-

319 4126 404 4192 ne
435 4131 857 4205 magnitudinis
887 4129 1112 4201 positis,
1147 4128 1525 4183 simulacrum
1559 4128 1806 4182 ferreum
1838 4126 1988 4181 aeris

320 4216 497 4272 illius
529 4213 718 4269 medio
749 4211 900 4266 inter
926 4217 1243 4280 utrumque
1272 4209 1543 4279 lapidem,
1575 4208 1987 4279 ignorantibus

323 4296 476 4368 quid
509 4309 744 4349 sursum
771 4302 922 4348 esset
949 4307 1015 4346 ac
1047 4291 1342 4355 deorsum,
1376 4289 1544 4362 quasi
1578 4289 1835 4344 numinis
1880 4304 1991 4358 po-

325 4380 546 4434 testate
577 4374 855 4446 penderet
887 4372 1005 4443 (c);
1057 4369 1228 4443 quale
1283 4370 1502 4441 aliquid
1547 4371 1722 4425 etiam
1772 4369 1830 4424 in
1894 4369 1992 4424 illa

400 4551 417 4586 1
457 4547 545 4598 Sic
571 4546 726 4596 Vind.
761 4546 877 4598 Am.
919 4547 973 4597 et
1017 4544 1140 4594 Mss.
1189 4545 1258 4592 At
1310 4542 1392 4592 Er.
1435 4545 1488 4593 et
1533 4543 1656 4592 Lov.
1693 4541 1992 4590 demonia-

323 4625 614 4748 οαζιὲᾝὶίὶ,
645 4680 866 4734 tamque
907 4670 1170 4733 miriﬁca.
1210 4667 1391 4724 Abest,
1441 4675 1681 4728 tamque,
1730 4679 1763 4714 a
1809 4679 1996 4715 manu.

325 4739 732 4910 ac}??th
771 4798 852 4847 est
901 4797 1198 4871 sepulcrum
1238 4791 1494 4865 memoria
1533 4791 1764 4863 patrum.
1804 4789 1862 4838 in
1890 4802 1996 4850 quo

325 4876 398 4910 ar
437 4862 564 4910 ebat
594 4860 830 4910 lucerna.
865 4861 1078 4908 condita
1108 4859 1200 4910 ibi.
1233 4859 1296 4905 ut
1341 4869 1406 4904 ex
1457 4855 1800 4910 inscriptione
1838 4865 1996 4910 appa-

325 4855 564 4913 ardebat
594 4860 830 4914 lucerna,
865 4855 1078 4908 condita
1108 4859 1200 4919 ibi,
1233 4859 1296 4905 ut
1341 4869 1406 4904 ex
1457 4855 1800 4919 inscriptione
1838 4865 1998 4913 appa-

325 4926 511 4978 rebat.
543 4936 705 4984 supra
733 4923 1073 4971 millesimum
1121 4916 1697 4984 et'quingentesimum
1749 4928 1950 4984 annum
1981 4927 1996 4972 ;

325 5001 518 5059 eaque.
554 4978 666 5034 tota
707 4985 990 5059 extemplo,
1032 4986 1094 5058 ut
1134 4978 1456 5059 contrectari
1498 4981 1674 5059 empta
1715 4979 1811 5059 est,
1859 4978 2001 5059 inter

325 5041 588 5100 admotas
616 5060 809 5096 manus
849 5041 1010 5096 friata
1036 5048 1094 5094 in
1137 5044 1508 5094 tenuissimum
1543 5041 1678 5089 abiit
1704 5041 1996 5102 pulverem.

323 5115 459 5163 LUD.
492 5111 660 5158 Vivus.

401 5176 477 5237 (b)
521 5173 742 5237 Psellus,
792 5173 857 5222 de
896 5171 1439 5237 Daemonibu§,_cap.
1500 5166 1618 5237 ult:,
1669 5165 1776 5237 μου
1823 5165 2002 5237 ipsum

321 5228 422 5288 ait
457 5228 529 5285 'se
586 5228 834 5285 didicisse
878 5248 911 5282 a
938 5235 1168 5296 quodam
1217 5228 1436 5294 Ephesio
1506 5229 1598 5291 qui
1654 5228 2002 5278 daemonibus

320 5297 682 5351 familiariter
739 5298 1007 5351 utebatur,
1060 5297 1268 5346 nullum
1318 5305 1502 5354 nempe
1545 5305 1659 5340 esse
1705 5303 1870 5351 genus
1904 5302 2002 5354 gre-

320 5377 480 5417 rum,
533 5375 641 5424 quo
706 5361 836 5410 certi
881 5360 1048 5422 aliqui
1105 5361 1388 5408 daemones
1435 5351 1579 5404 allici
1627 5367 1736 5401 non
1772 5351 2000 5415 possint.

321 5428 602 5478 Οοοωιυθ.

403 5491 474 5547 (ο)
508 5489 566 5537 Id
606 5487 769 5536 refert
815 5485 1084 5541 Bullinus,
1132 5485 1226 5533 lib.
1264 5482 1295 5530 2
1343 5476 2002 5547 Hist.‘eccles.,~cap._2§,

325 5539 489 5601 inter
515 5550 731 5598 fraudes
769 5561 906 5611 quae
933 5539 1172 5611 repertae
1218 5547 1345 5611 sunt
1390 5541 1690 5611 in__templo
1713 5539 2005 5611 Serapidis

330 5613 494 5676 apud
522 5602 944 5676 Alexandriam_;
986 5602 1013 5655 (ἶ
1057 5610 1197 5671 Erat,
1247 5625 1290 5676 )_
1321 5606 1498 5676 inquit
1532 5620 1554 5650 α
1585 5602 1762 5676 aliud”
1801 5602 2004 5676 fraudis

335 5670 583 5741 (genus
639 5674 992 5742 huiusmodi:
1036 5677 1233 5726 natura
1274 5670 1432 5736 lapidi

1459 304 1718 367 'LIBER
1759 301 2176 365 VIGESIMUS
2219 301 2543 368 PRIMUS.

1532 5665 1795 5730 magnetis
1847 5664 2010 5732 hujus

3587 317 3706 378 718

2057 435 2291 492 lucerna
2316 437 2555 493 Veneris
2585 437 2657 494 de
2688 437 2877 509 lapide
2930 438 3161 497 asbesto
3209 443 3280 500 ab
3323 445 3543 502 artiﬁce
3584 447 3706 502 ﬁeri

2056 517 2316 588 potuisse
2357 519 2479 588 jam
2527 519 2830 575 diximus:
2883 522 2928 574 si
2984 538 3282 590 magorum
3318 541 3509 594 Opera,
3563 543 3712 596 quos

2062 601 2254 650 nostra
2288 598 2588 667 Scriptura
2618 600 2904 654 veneﬁcos
2935 604 2992 654 et
3013 600 3403 658 incantatores
3436 609 3618 673 voeat,
3647 606 3706 660 in

2056 682 2284 731 tantum
2319 682 2606 732 dazinones
2637 679 2909 734 extollere
2926 686 3255 748 potuerunt,
3291 690 3350 735 ut
3383 700 3709 754 congruere

2059 758 2362 813 hominum
2390 762 2662 814 sensibus
2689 760 2799 814 sibi
2835 761 3048 816 nobilis
3083 771 3246 832 poeta
3280 765 3589 832 videretur,
3633 765 3704 820 de

2057 841 2308 909 quadam
2339 841 2571 906 femina,
2607 857 2727 910 qua:
2759 841 2996 896 taliarte
3032 843 3289 913 polleret,
3324 844 3524 901 dicens
3557 861 3571 900 :

2120 955 2258 1020 Ilaec
2285 969 2341 1005 se
2371 956 2697 1005 carminibus
2725 958 2989 1020 promittit
3024 959 3228 1008 solvere
3262 963 3486 1018 mentes,

2122 1019 2261 1082 Quas
2298 1020 2447 1077 velit,
2479 1021 2562 1068 ast
2590 1020 2711 1067 aliis
2739 1021 2902 1069 duras
2928 1021 3216 1070 immittere
3240 1036 3396 1072 curas
3429 1039 3441 1082 ;

2123 1080 2319 1146 _S_istere
2348 1095 2540 1143 aquam
2572 1082 2774 1146 fluviis.
2806 1087 2858 1132 et
2887 1086 3092 1132 vertere
3121 1084 3293 1133 sidera
3324 1080 3464 1136 retro
3497 1101 3509 1146 ;

2121 1144 2519 1207 Nocturnosque
2547 1144 2647 1192 ciet
2673 1159 2857 1194 manes
2889 1159 2903 1195 :
2936 1147 3139 1207 mugire
3167 1148 3372 1196 videbis

2125 1206 2233 1256 Sub
2261 1208 2483 1269 pedibus
2511 1210 2728 1266 terram,
2757 1211 2810 1257 et
2847 1209 3163 1258 descendere
3190 1212 3462 1260 montibus
3489 1223 3685 1262 ornos:

2541 1271 2727 1332 (Virg.
2759 1271 2983 1320 xEneid.
3019 1271 3056 1319 ι.
3088 1273 3135 1326 4,
3169 1288 3217 1321 υ.
3248 1271 3498 1336 487-491).

2063 1372 2280 1439 quanto
2311 1369 2498 1440 magis
2527 1370 2670 1424 Deus
2697 1376 2900 1439 potens
2917 1376 3006 1425 est
3030 1372 3216 1427 facere
3237 1389 3361 1443 quae
3383 1373 3720 1429 inﬁdelibus

2063 1455 2197 1503 sunt
2226 1449 2608 1515 incredibilia,
2643 1452 2741 1504 sed
2767 1451 2924 1506 illius
2961 1452 3152 1506 facilia
3184 1455 3490 1524 potestati;
3528 1470 3709 1525 quan.

2064 1529 2375 1598 doquidem
2410 1531 2535 1598 ipse
2568 1531 2825 1600 lapidum
2878 1531 3244 1602 aliarumque
3286 1535 3399 1587 vim
3434 1550 3630 1588 rerum
3663 1536 3725 1587 et

2066 1610 2364 1664 hominum
2397 1611 2651 1679 ingenia,
2669 1616 2765 1681 qui
2784 1625 2850 1664 ea
2869 1611 3031 1664 miris
3057 1618 3300 1666 utuntur
3323 1614 3534 1679 modis,
3558 1626 3726 1683 ange-

2063 1691 2324 1760 licasque
2356 1699 2593 1745 naturas
2623 1692 2899 1745 omnibus
2930 1693 3175 1747 terrenis
3216 1697 3566 1762 potentiores
3606 1695 3728 1751 ani-

2064 1775 2362 1827 mantibus
2385 1772 2665 1841 condidit,
2700 1774 2969 1827 universa
2999 1773 3282 1828 mirabilia
3313 1775 3570 1828 mirabili
3599 1779 3727 1830 vin-

2065 1858 2230 1908 cente
2249 1853 2545 1920 virtute,et
2564 1869 2731 1922 Opera
2743 1854 3298 1920 ndi,jubendi,sinen
3309 1855 3481 1925 dique
3501 1856 3728 1926 sapien-

2066 1933 2168 2000 tia,
2197 1939 2367 1987 utens
2400 1932 2675 1987 omnibus
2707 1940 2828 1987 tam
2862 1933 3228 1999 mirabiliter,
3255 1950 3426 2005 quam
3461 1938 3670 1992 creavit
3697 1935 3726 1991 τ

2065 2077 2291 2133 CAPUT
2316 2076 2430 2134 VII.
2465 2107 2533 2116 —
2569 2076 2718 2145 Quod
2749 2078 2812 2132 in
2841 2079 3004 2132 rebus
3031 2076 3190 2132 miris
3220 2095 3442 2134 summa
3471 2079 3729 2136 credendi

2407 2159 2550 2212 ratio
2580 2161 2654 2212 sit
2684 2157 3080 2227 omnipotentia
3107 2158 3402 2216 Creatoris.

2141 2285 2189 2339 1.
2225 2285 2340 2340 Cur
2369 2284 2564 2356 itaque
2590 2285 2776 2340 facere
2808 2302 2921 2340 non
2942 2285 3124 2357 possit
3155 2286 3326 2356 Deus,
3347 2290 3410 2342 ut
3441 2292 3498 2344 et
3531 2305 3724 2343 resur-

2069 2370 2210 2439 gant
2250 2383 2493 2437 corpora
2525 2372 2912 2433 mortuorum,
2955 2372 3012 2421 et
3042 2368 3172 2440 igne
3204 2373 3419 2424 aeterno
3460 2369 3722 2424 crucien-

2068 2453 2166 2503 tur
2187 2463 2428 2518 corpora
2444 2448 2982 2519 damnatorum,qui
3010 2448 3142 2504 fecit
3165 2447 3449 2503 mundum
3475 2449 3532 2503 in
3555 2448 3722 2516 cmlo,

2071 2529 2130 2583 in
2163 2527 2402 2595 terra,in
2423 2543 2572 2593 aere,
2589 2527 2647 2581 in
2672 2526 2862 2598 aquis,
2885 2528 3412 2583 innumerabilibus
3430 2529 3726 2583 miraculis

2072 2609 2304 2679 plenum
2328 2626 2342 2675 ;
2368 2624 2497 2663 cum
2533 2611 2610 2662 sit
2639 2608 2908 2663 omnibus
2941 2611 3156 2680 quibus
3172 2609 3377 2680 plenus
3405 2614 3494 2664 est
3527 2609 3726 2680 procul

2074 2690 2252 2744 dubio
2285 2690 2478 2759 majus
2538 2697 2588 2743 et
2647 2687 3022 2744 excellentius
3053 2690 3227 2744 etiam
3285 2690 3408 2760 ipse
3469 2689 3727 2744 mundus

2077 2769 2425 2824 miraculum
2457 2768 2484 2822 Ἰ
2515 2770 2620 2824 Sed
2656 2769 2748 2824 isti
2782 2786 2915 2826 cum
2963 2770 3174 2840 quibus
3204 2768 3289 2824 vel
3323 2777 3525 2824 contra
3580 2785 3726 2839 quos

2078 2850 2330 2921 agimus,
2363 2850 2461 2920 qui
2493 2855 2552 2906 et
2587 2851 2757 2905 Deum
2791 2867 2916 2904 esse
2947 2851 3188 2905 credunt
3221 2867 3254 2906 a
3284 2866 3394 2919 quo
3436 2841 3622 2904 factus
3643 2851 3730 2904 est

2079 2932 2357 2996 mundus,
2391 2935 2448 2984 et
2479 2932 2616 2984 deos
2642 2931 2713 2984 ab
2747 2929 2844 2985 illo
2879 2930 3059 2985 factos
3092 2947 3192 3000 per
3224 2946 3372 3000 quos
3408 2930 3479 2984 ab
3511 2928 3610 2982 illo
3634 2928 3731 2982 ad-

2079 3009 2443 3066 ministratur
2483 3010 2763 3076 mundus,
2795 3014 2852 3064 et
2910 3011 3323 3064 miraculorum
3385 3006 3728 3072 effectrices,

2080 3092 2200 3146 sive
2239 3094 2713 3160 spontaneorum,
2744 3089 2864 3143 sive
2894 3089 3049 3143 cultu
3082 3094 3138 3144 et
3185 3089 3294 3143 ritu
3332 3087 3587 3160 quolibet
3619 3086 3730 3140 im-

2083 3178 2411 3245 peratorum
2449 3172 2488 3232 ί,
2524 3171 2642 3225 sive
2675 3171 2845 3226 etiam
2899 3171 3255 3242 magicorum
3291 3170 3618 3225 mundanas
3650 3165 3741 3221 vel

2083 3271 2197 3308 non
2231 3256 2466 3322 negant,
2494 3250 2586 3306 vel
2635 3251 2879 3318 insuper
2926 3255 2984 3305 et
3041 3251 3357 3318 praedicant
3415 3255 3741 3317 potestates,

2085 3335 2317 3406 quando
2339 3331 2421 3388 eis
2450 3349 2644 3386 rerum
2679 3333 2795 3385 vim
2823 3331 3151 3386 mirabilem
3189 3331 3571 3399 preponimus
3604 3326 3744 3380 alia-

2087 3404 2241 3478 rum,
2275 3428 2396 3482 quae
2429 3427 2532 3465 nec
2582 3409 2863 3463 animalia
2894 3415 3034 3464 sunt
3078 3409 3402 3472 rationalia,
3464 3423 3565 3460 nec
3622 3404 3740 3460 ulla

2089 3493 2313 3548 ratione
2348 3489 2570 3557 praediti
2623 3489 2889 3558 spiritus,
2951 3489 3102 3543 sicut
3151 3495 3288 3542 sunt
3343 3503 3430 3544 ea,
3491 3499 3743 3555 quorum

2091 3590 2276 3645 pauca
2307 3568 3278 3639 commemoravimus,respondere
3312 3562 3573 3620 assolent
3605 3560 3741 3645 :Vis

2091 3639 2176 3710 est
2207 3654 2317 3707 ista
2349 3661 2588 3717 naturae,
2614 3657 2818 3703 natura
2847 3664 3040 3703 eorum
3067 3648 3152 3702 sic
3184 3663 3245 3700 se
3277 3645 3472 3711 habet,
3520 3639 3745 3714 propri-

2093 3749 2260 3790 arum
2293 3733 2415 3787 ista:
2449 3736 2588 3785 sunt
2616 3729 2885 3784 efﬁcacia:
2944 3733 3306 3782 naturarum.
3349 3724 3492 3778 Tota
3541 3722 3740 3792 itaque

2093 3815 2240 3870 ratio
2271 3818 2380 3882 est,
2414 3828 2518 3866 cur
2573 3807 3020 3881 Agrigentinum
3075 3807 3253 3863 salem
3295 3807 3534 3860 ﬂamma
3566 3803 3744 3857 ﬂuere

2097 3896 2290 3960 faciat,
2343 3908 2494 3963 aqua
2525 3891 2829 3961 crepitare,
2865 3889 3002 3959 quia
3062 3889 3182 3942 haec
3235 3890 3325 3941 est
3356 3893 3560 3940 natura
3600 3885 3746 3953 ejus.

2095 3981 2167 4032 At
2195 3976 2306 4030 hoc
2336 3990 2464 4029 esse
2497 3974 2689 4044 potius
2736 3976 2938 4026 contra
2998 3975 3268 4023 naturam
3307 3965 3564 4024 videtur.
3622 3976 3750 4031 quas

2099 4074 2212 4113 non
2245 4055 2392 4126 igni,
2425 4054 2523 4109 sed
2559 4069 2721 4123 aquae
2781 4051 2945 4106 dedit
3002 4051 3182 4106 salem
3232 4045 3451 4126 solvere
3485 4064 3500 4113 ;
3531 4049 3750 4126 torrere

2100 4120 2300 4193 autem
2327 4135 2471 4206 igni,
2506 4120 2630 4188 non
2663 4149 2848 4203 aquae.
2910 4131 3020 4185 Sed
3079 4131 3214 4194 ista,
3273 4125 3588 4206 inquiunt,_
3613 4120 3751 4177 salis

2099 4219 2278 4288 hujus
2313 4203 2593 4270 naturalis
2621 4222 2710 4268 est
2741 4213 2849 4278 vis,
2883 4220 2941 4266 ut
3001 4210 3087 4266 his
3135 4207 3428 4288 contraria
3475 4203 3747 4288 patiatur.

2101 4283 2232 4356 Haec
2257 4297 2437 4368 igitur
2469 4294 2612 4350 ratio
2656 4293 2918 4349 redditur
2975 4296 3031 4346 et
3078 4292 3148 4345 de
3208 4288 3306 4345 illo
3366 4287 3522 4342 fonte
3562 4283 3749 4368 Gara-

2102 4367 2376 4444 mantice,
2401 4377 2500 4432 ubi
2526 4392 2642 4430 una
2669 4392 2809 4430 vena
2830 4373 3004 4444 friget
3024 4371 3228 4428 diebus
3254 4367 3522 4424 noctibus
3554 4367 3753 4444 fervet,

2103 4463 2156 4516 vi
2218 4443 2462 4528 utraque
2504 4456 2750 4511 molesta
2804 4443 3199 4524 tangentibus.
3256 4451 3384 4505 Haec
3441 4447 3606 4528 etde
3660 4443 3761 4499 illo

2108 4541 2241 4608 alio,
2266 4527 2532 4612 quicum
2565 4538 2643 4591 sit
2673 4534 3165 4592 contrectantibus
3207 4531 3478 4612 frigidus,
3503 4532 3560 4612 et
3583 4527 3762 4612 lacerti

2107 4606 2261 4680 sicut
2283 4606 2378 4675 alii
2409 4621 2593 4673 fontes
2651 4617 2984 4683 exstinguat
3031 4628 3360 4676 accensam,
3398 4606 3766 4663 dissimiliter

2109 4711 2301 4761 tamen
2341 4706 2516 4774 atque
2548 4699 2894 4754 mirabiliter
2917 4698 3068 4751 idem
3102 4695 3228 4766 ipse
3257 4692 3523 4774 accendit
3545 4686 3765 4774 exstin-

2111 4790 2284 4841 ctam.
2319 4767 2448 4838 Ηωό
2497 4785 2552 4836 et
2582 4779 2651 4835 de
2695 4778 2886 4847 lapide
2928 4776 3183 4837 asbesto,
3216 4772 3314 4841 qui
3372 4785 3505 4824 cum
3566 4767 3762 4836 ignem

2178 4949 2194 4980 1
2229 4943 2312 4992 Sic
2343 4941 2426 4990 Er.
2475 4942 2529 4988 et
2573 4937 2693 4986 Mss.
2727 4937 2795 4984 At
2841 4933 2995 4980 Vind.
3033 4932 3147 4980 Am.
3199 4931 3250 4979 et
3296 4928 3444 4989 Lov.,
3507 4924 3764 4986 impetra-

2117 5015 2298 5054 tarum
2309 5042 2318 5051 .

2119 5117 2142 5141 ‹‹
2172 5094 2389 5144 virtutis
2417 5105 2530 5142 esse
2559 5089 2973 5152 perhibetur._ut
3023 5086 3107 5152 ad,
3133 5097 3188 5133 se
3216 5081 3389 5144 rapiat
3429 5083 3487 5152 _et
3532 5076 3769 5152 attraliat

2119 5140 2145 5204 ᾇ
2174 5140 2653 5215 ferrum—:‘signiim
2685 5152 2826 5215 Solis?
2850 5150 2917 5199 ad
2952 5151 3070 5215 hoc
3096 5140 3378 5215 ipsum—ex
3425 5144 3561 5215 ferro
3600 5140 3771 5215 subti-

2121 5243 2144 5265 α
2173 5204 2376 5270 lissima
2432 5204 2593 5265 manu
2639 5214 2863 5263 artificis
2909 5213 3081 5261 fuerat
3118 5204 3462 5259 labricatum,
3505 5207 3566 5252 ut
3617 5204 3771 5270 lapis,

2122 5303 2144 5333 ι
2173 5266 2327 5344 cuius
2351 5266 2603 5330 naturam
2633 5277 2928 5344 terrumuad
2975 5289 3031 5324 se
3064 5274 3273 5344 trahere
3313 5269 3590 5344 duximus.‘
3612 5266 3772 5344 desu:

2121 5329 2146 5392 ᾇ
2180 5329 2408 5408 peri—ini
2433 5342 2772 5408 laquearibus
2803 5339 2990 5408 _fixus,
3021 5351 3142 5408 curn
3178 5329 3610 5408 temperateﬂsub
3642 5329 3773 5408 ipse

2120 5429 2148 5456 α
2176 5393 2324 5458 radio
2381 5407 2448 5454 ad
2503 5393 2694 5452 libram
2740 5402 2930 5451 fuisset
2974 5393 3586 5462 positumisiiiiulacrum
3637 5393 3690 5438 et
3718 5393 3776 5462 vi

2124 5451 2148 5516 ᾗ
2179 5451 2522 5520 ξιᾌῖῖιτδῖἷαᾱ
2559 5451 2623 5514 se
2667 5468 2877 5526 raperet
2905 5451 3121 5516 ferrum,
3171 5457 3532 5526 adsurrexisse
3578 5451 3774 5526 pqpulo

2126 5554 2149 5576 «ι
2179 5516 2543 5584 simulacrum,
2589 5531 2641 5578 et
2684 5516 2748 5575 in
2778 5540 2898 5577 aere
2947 5523 3504 5588 penderedvideretur.
3560 5533 3580 5561 ι
3631 5516 3776 5588 Idem

2122 5575 2635 5656 refert-stvlirbsper,
2667 5575 2888 5654 partet‘li
2910 5575 2975 5638 de
3021 5583 3491 5639 Praedictionibus,
3530 5591 3643 5644 cap.
3691 5575 3773 5630 38.

2124 5659 2380 5715 Canentis.
