4146 6198
400 374 520 434 719

403 507 633 566 nullum
683 502 893 560 habeat
925 494 1247 570 proprium,
1286 495 1522 561 accepto
1551 494 1744 544 tamen
1776 486 1863 570 sic
1888 483 2054 540 ardet

401 590 612 654 alieno,
641 591 705 641 ut
734 599 850 638 non
883 568 1057 650 possit
1079 573 1392 648 exstingui.
1425 570 1658 654 Hiscde
1677 568 1899 624 caeteris
1923 581 2049 654 quas

403 673 562 744 piget
583 653 852 730 retexere,
885 661 1100 734 quibus
1123 658 1255 744 licet
1284 657 1371 710 vis
1399 653 1648 744 insolita
1664 656 1865 707 contra
1887 653 2049 744 na‘t‘u-

402 727 525 807 i331
558 751 748 804 inesse
778 727 1054 808 videatur,
1086 739 1201 794 alia
1233 746 1426 792 tamen
1459 736 1529 790 de
1569 733 1686 788 illis
1719 748 1831 786 non
1867 727 2054 783 reddi-

400 838 500 887 tur
529 829 696 893 ratio,
727 825 837 881 nisi
873 829 934 879 ut
974 822 1222 888 dicatur,
1258 818 1408 872 hanc
1457 830 1659 870 eorum
1708 827 1836 893 esse
1888 815 2056 863 natu-

401 928 548 967 ram.
581 891 771 964 Brevis
801 919 941 960 sane
970 904 1078 958 ista
1107 907 1193 955 est
1214 899 1380 967 ratio,
1416 897 1593 951 fateor
1636 891 2056 959 sufﬁciensque

399 990 720 1060 responsio.
778 985 891 1042 Sed
923 999 1053 1039 cum
1109 988 1261 1036 Deus
1315 982 1518 1034 auctor
1585 975 1659 1030 sit
1707 977 2051 1060 naturarum

400 1048 690 1138 omnium,
721 1084 822 1123 cur
852 1064 1056 1120 nolunt
1091 1065 1107 1098 ί
1143 1061 1433 1118 fortiorem
1466 1071 1571 1111 nos
1614 1055 1854 1138 reddere
1885 1048 2056 1104 ratio-

401 1169 556 1219 nem,
590 1132 821 1222 quando
853 1145 1072 1215 aliquid
1107 1145 1264 1196 velut
1297 1135 1651 1209 impossibile
1694 1132 1904 1222 nolunt
1932 1144 2052 1182 cre—

401 1213 557 1300 dere,
589 1213 788 1301 eisque
845 1213 1231 1282 redditionem
1282 1221 1525 1275 rationis
1559 1213 1932 1301 poscentibus
1966 1224 2053 1301 re-

401 1292 782 1382 spondemus,
831 1308 976 1362 hanc
1038 1320 1162 1358 esse
1217 1303 1576 1355 voluntatem
1635 1292 2055 1381 omnipotentis

400 1372 540 1455 tisi;
572 1391 672 1462 qui
695 1372 851 1444 certe
881 1404 994 1442 non
1023 1389 1094 1440 ob
1152 1382 1308 1437 aliud
1361 1385 1602 1434 vocatur
1652 1372 2054 1462 omnipotens,

403 1452 826 1543 nisi'quoniam
868 1465 1150 1538 quidquid
1177 1463 1296 1516 vult
1326 1465 1510 1543 potest
1542 1477 1556 1524 ;
1590 1456 1685 1526 qui
1722 1452 1908 1543 potuit
1936 1463 2058 1543 cre-

403 1568 501 1611 are
522 1540 640 1606 tam
674 1550 880 1615 multa,
931 1564 1055 1616 quis
1089 1546 1200 1598 nisi
1250 1540 1716 1616 ostenderentur,
1749 1542 1901 1616 auia
1931 1542 2058 1583 cre-

401 1631 605 1688 dendis
627 1613 911 1697 hodieque
943 1613 1188 1680 testibus
1210 1623 1561 1676 dicerentur,
1579 1615 1829 1697 proiecto
1846 1613 2059 1697 impos-

405 1709 599 1766 sibilia
654 1690 1014 1779 putarentur,
1065 1720 1178 1758 non
1253 1703 1444 1756 solum
1502 1713 1624 1779 qua!
1688 1690 2058 1779 ignotissima

406 1791 560 1862 apud
594 1767 719 1857 nos,
760 1802 955 1842 verum
998 1767 1166 1838 etiam
1209 1797 1334 1852 quae
1380 1778 1690 1833 notissima
1735 1771 1918 1862 posui.
1952 1767 2060 1862 Illa

406 1848 564 1926 enim
597 1848 722 1940 quae
763 1867 914 1937 apud
950 1882 1056 1919 nos
1088 1848 1293 1933 praeter
1313 1876 1431 1923 eos,
1470 1871 1710 1926 quorum
1764 1853 1833 1906 de
1860 1851 1952 1904 his
1987 1848 2059 1902 li-

409 1952 547 2008 bros
596 1934 870 2021 legimus,
905 1963 1015 2000 non
1048 1945 1265 1998 habent
1317 1947 1550 2004 testem,
1583 1947 1636 1990 et
1677 1935 1749 2021 ab
1779 1934 1862 2021 eis
1891 1945 2058 2021 cons-

406 2033 592 2102 cripta
623 2013 763 2084 sunt
795 2027 893 2097 qui
943 2043 1054 2080 non
1089 2033 1223 2078 sunt
1255 2021 1532 2102 divinitus
1563 2019 1712 2070 docti
1740 2020 1917 2102 atque
1952 2013 2057 2102 hu-

408 2092 666 2167 manitus
715 2092 831 2163 falli
897 2112 1041 2160 torte
1092 2108 1419 2174 patuerunt,
1477 2100 1609 2152 licet
1661 2098 1872 2166 cuique
1933 2092 2059 2147 sine

408 2198 557 2247 recta
590 2186 1040 2258 reprehensione
1069 2202 1181 2240 non
1215 2184 1468 2238 credere.

475 2278 530 2327 2.
567 2271 708 2326 Nam
762 2284 868 2324 nec
899 2284 1000 2336 ego
1045 2268 1171 2320 volo
1217 2272 1434 2319 temere
1475 2261 1630 2316 credi
1688 2259 1899 2312 cuncta
1931 2270 2057 2324 quae

409 2352 598 2425 posui,
633 2351 771 2422 quia
801 2364 908 2404 nec
939 2365 972 2402 a
1019 2363 1111 2400 me
1141 2347 1266 2415 ipso
1315 2344 1390 2398 ita
1440 2341 1752 2396 creduntur
1784 2345 2061 2425 tanquam

411 2416 571 2490 nulla
602 2416 670 2486 de
703 2431 819 2484 illis
851 2430 928 2484 sit
975 2428 1034 2482 in
1074 2442 1201 2480 mea
1241 2422 1588 2495 cogitatione
1620 2416 1928 2481 dubitatio,
1964 2431 2061 2468 ex-

410 2514 592 2583 ceptis
625 2513 715 2566 his
757 2527 886 2580 quae
936 2509 1023 2564 vel
1087 2508 1213 2578 ipse
1258 2494 1388 2559 sum
1440 2506 1738 2583 expertus,
1772 2503 1827 2583 et
1878 2494 2062 2583 cuivis

411 2577 575 2649 facile
614 2601 701 2649 est
730 2577 974 2662 esperiri
1011 2605 1024 2655 ;
1058 2577 1208 2642 sicut
1265 2587 1336 2639 de
1383 2583 1556 2646 calce,
1587 2581 1740 2662 quod
1799 2579 1976 2662 tervet
2003 2577 2063 2662 in

411 2691 585 2746 aqua,
619 2678 675 2728 in
709 2657 833 2726 oleo
864 2671 1068 2740 l’rtgida
1098 2675 1223 2735 est;
1258 2670 1327 2720 de
1359 2661 1881 2746 miagnete-lapide,
1910 2657 2062 2727 quod

414 2744 608 2810 nescio
631 2769 742 2822 qua
773 2750 1092 2806 sorbitione
1123 2745 1448 2802 insensibili
1481 2744 1757 2814 stipulam
1794 2755 1904 2794 non
1940 2752 2065 2790 ino-

412 2841 564 2897 veat,
597 2821 655 2886 et
683 2834 898 2886 ferrum
951 2835 1172 2899 rapiat;
1208 2828 1276 2882 de
1306 2841 1480 2880 carne
1530 2839 1643 2878 non
1701 2821 2066 2899 putrescente

417 2913 684 2986 pavonis,
716 2927 850 2966 cum
899 2898 1185 2979 putruerit
1231 2913 1288 2963 et
1318 2906 1578 2962 Platonis
1611 2919 1626 2969 ;
1667 2903 1738 2986 de
1788 2899 1953 2986 palea
1982 2898 2066 2986 sic

417 2980 665 3065 lrigente
688 2996 748 3047 ut
780 2991 1057 3046 ﬂuescere
1091 2990 1275 3043 nivem
1311 3004 1427 3042 non
1450 2986 1623 3050 sinat,
1643 2982 1725 3036 sic
1747 2980 1972 3036 calente
2004 2980 2068 3065 ut

418 3058 800 3131 maturescere
829 3088 1001 3145 poma
1025 3069 1326 3139 compellat
1348 3068 1450 3134 ;de
1474 3067 1606 3135 igne
1634 3061 1875 3145 fulgido,
1909 3058 2064 3129 quod

415 3156 738 3213 secundum
773 3141 947 3209 suum
1002 3151 1286 3221 fulgorem
1319 3147 1538 3219 lapides
1588 3141 1887 3213 coquendo
1928 3155 2069 3221 can-

417 3238 634 3304 diﬁcet,
668 3239 726 3290 et
774 3238 972 3289 contra
1002 3219 1271 3285 eumdem
1312 3243 1487 3282 suum
1524 3224 1806 3296 fulgorem
1848 3219 2068 3304 urendo

420 3301 673 3391 plurima
705 3315 987 3370 obfuscet.
1034 3311 1172 3367 Tale
1202 3315 1291 3364 est
1339 3307 1491 3391 quod
1523 3315 1575 3362 et
1601 3306 1783 3391 nigrae
1827 3301 2068 3389 macula:

420 3381 807 3454 oll'unduntur
862 3411 930 3449 ex
986 3392 1110 3448 oleo
1173 3390 1502 3463 splendido,
1566 3384 1838 3441 similiter
1895 3381 2068 3453 nigrae

420 3478 586 3534 lineae
617 3479 688 3532 de
719 3475 967 3531 candido
1008 3471 1427 3544 imprimuntur
1459 3471 1717 3539 argento.
1751 3464 1830 3518 De
1875 3463 2074 3517 carbo-

423 3559 598 3615 nibus
631 3557 826 3626 etiam,
858 3555 1013 3626 quod
1057 3554 1406 3608 accendente
1428 3550 1449 3583 ¹
1482 3551 1614 3619 igne
1663 3547 1744 3600 sic
1777 3547 2073 3626 vertantur

423 3641 484 3696 in
517 3623 894 3705 contrarium,
920 3640 985 3690 ut
1015 3635 1085 3690 de
1114 3633 1292 3704 lignis
1323 3627 1732 3705 pulcherrimis
1772 3623 2072 3705 tetri,_fra-

426 3720 572 3790 giles
605 3720 674 3772 de
705 3701 890 3781 duris,
922 3701 1315 3785 imputribiles
1370 3709 1444 3790 de
1498 3703 1868 3790 putribilibus
1908 3701 2070 3754 ﬁant.

426 3786 559 3854 Iiaec
597 3798 722 3868 ipse
752 3796 1016 3867 quasdam
1048 3808 1181 3847 cum
1216 3786 1439 3855 multis,
1473 3787 1739 3868 quasdam
1791 3799 1922 3838 cum
1955 3794 2072 3834 om-

429 3864 791 3946 nibus—novi,
824 3886 877 3932 et
899 3875 1012 3930 alia
1035 3871 1306 3944 plurima,
1327 3885 1453 3940 quas
1485 3867 1618 3920 huic
1643 3864 1790 3919 libro
1821 3865 2074 3918 inserere

429 3959 671 4031 longum
704 3945 832 4012 fuit.
867 3955 947 4010 De
970 3955 1060 4008 his
1091 3957 1444 4031 autemgqiias
1479 3945 1643 4031 posui
1673 3962 1786 4001 non
1819 3947 2073 4031 experta,

433 4025 714 4096 sedwlecta
738 4042 944 4108 praeter
975 4033 1044 4087 de
1069 4033 1223 4087 fonte
1245 4029 1365 4095 illo,
1392 4028 1487 4082 ubi
1520 4028 1669 4081 faces
1692 4025 2074 4108 exstinguun-

425 4125 525 4175 tur
557 4102 822 4174 ardentes
851 4119 908 4170 et
938 4115 1330 4169 accenduntur
1359 4107 1671 4163 exstinctae.
1703 4111 1759 4160 et
1789 4106 1858 4160 de
1891 4102 2078 4175 pomis

431 4207 590 4256 terrae
614 4199 996 4256 Sodomorum
1030 4195 1353 4250 forinsecus
1382 4188 1550 4260 quasi
1579 4186 1842 4253 maturis,
1876 4185 2079 4238 intrin-

427 4297 596 4336 secus
635 4281 862 4345 fumeis,
895 4294 1000 4332 nec
1036 4283 1214 4331 testes
1247 4274 1476 4341 aliquos
1525 4268 1761 4322 idoneos
1791 4284 1822 4319 a
1863 4265 2078 4336 quibus

431 4367 622 4415 utrum
655 4377 786 4415 vera
809 4368 996 4413 essent
1016 4356 1299 4416 audirem,
1331 4350 1485 4420 potui
1523 4349 1790 4420 reperire.
1814 4348 1884 4402 Et
1913 4345 2078 4401 illum

433 4442 670 4510 quidem
707 4441 926 4494 lontem
961 4452 1076 4490 non
1110 4432 1326 4496 inveni,
1359 4431 1458 4502 qui
1491 4430 1550 4484 in
1581 4429 1751 4498 Epiro
1781 4427 1989 4482 vidisse
2017 4442 2080 4482 se

428 4521 704 4584 dicerent,
739 4518 839 4572 sed
873 4517 972 4587 qui
1023 4516 1083 4570 in
1144 4513 1328 4569 Gallia
1387 4511 1640 4567 similem
1693 4513 1933 4565 nossent
1965 4525 2078 4563 non

427 4599 600 4672 longe
630 4594 1066 4666 aGratianopoli
1088 4594 1314 4648 civitate
1348 4593 1445 4663 (a).
1469 4590 1547 4645 De
1572 4589 1855 4672 fructibus
1885 4592 2079 4672 autem

428 4667 861 4736 Sodvomitarum
920 4676 1217 4742 arborum,
1269 4689 1380 4728 non
1427 4673 1649 4724 tantum
1704 4668 1912 4722 litterae
1969 4667 2079 4719 (ide

430 4761 616 4832 dignis
651 4759 931 4827 indicant,
956 4773 1154 4811 verum
1189 4755 1362 4810 etiam
1389 4757 1505 4806 tam
1534 4749 1702 4804 multi
1735 4765 1795 4832 se
1826 4746 2080 4832 loquun-

427 4830 526 4898 tur
557 4852 841 4914 expertos,
867 4845 927 4895 ut
957 4839 1093 4894 hinc
1142 4836 1410 4892 dubitare
1444 4848 1555 4886 non
1589 4830 1834 4902 possim.
1867 4830 2082 4914 Caetera

428 4941 561 4979 vero
584 4911 666 4978 sic
699 4923 983 4981 habeo,ut
1007 4935 1193 4990 neque
1207 4916 1574 4979 affirmando,
1599 4927 1785 4982 neque
1816 4911 2082 4982 neganda

429 5003 784 5059 decreverim
822 5019 835 5056 :
880 5002 980 5056 sed
1027 4999 1157 5055 ideo
1215 4999 1391 5053 etiam
1425 4996 1549 5066 ipsa
1581 4990 1767 5065 posui,
1802 4991 2077 5063 quoniam

494 5256 683 5306 iEditl
734 5253 944 5302 volunt.
1003 5251 1187 5300 Plures
1231 5263 1358 5299 vero
1412 5246 1778 5311 manusci'lptl,
1829 5243 2031 5311 uolant
2063 5261 2081 5294 .'

426 5321 618 5372 melius
648 5332 775 5367 sane
806 5331 819 5375 ;
850 5329 976 5364 nam
1023 5315 1087 5362 de
1133 5313 1418 5362 incredulis
1459 5309 1701 5374 queritur
1733 5309 2062 5375 Augustinus

427 5346 618 5372 uluuua
648 5346 774 5367 nunc
807 5354 819 5375 ,
853 5346 976 5364 nam
1023 5346 1087 5362 υυ
1133 5346 1418 5362 ιμυινυυιιιο
1459 5346 1692 5374 “uta”...
1733 5346 2062 5370 .-μυμυυιμυυ

426 5383 568 5447 quod
598 5377 1245 5447 eam,_quam_1or_tiorem
1295 5375 1756 5447 appellathnolint
1802 5346 2084 5447 sibi

425 5435 705 5558 rgatiionem,
724 5435 877 5491 "hanc
905 5441 1150 5489 videlicet
1185 5452 1300 5487 esse
1329 5435 1662 5486 voluntatem
1707 5435 2084 5497 omnipotentis

471 5524 500 5558 e
527 5544 537 5555 .

471 5510 537 5558 ei.

489 5571 511 5604 ²
544 5571 628 5620 Sic
655 5571 774 5618 Mss.
808 5569 876 5616 At
902 5567 1048 5621 editi,
1081 5565 1371 5615 accedente.

493 5632 565 5700 (α)
596 5631 784 5694 Nempe
815 5628 1102 5679 Grenoble.

1436 355 1540 417 DE
1581 348 1947 414 CIVITATE
1989 344 2144 409 DEI.
2190 349 2258 409 S.
2301 344 2722 410 AUGUSTINI

3687 341 3806 404 ’120

2157 483 2314 554 apud
2343 499 2565 550 eorum,
2598 486 2800 538 contra
2828 496 2978 554 quos
3009 478 3270 551 agimus,
3302 477 3617 535 historicos
3646 477 3759 547 legi
3796 493 3812 532 :

2158 573 2215 618 ut
2258 565 2626 619 ostenderem
2679 561 2874 634 qualia
2931 562 3142 625 multa,
3202 559 3491 632 multique
3557 559 3813 623 illorum,

2159 643 2316 700 nulla
2349 646 2572 700 reddita
2594 646 2837 709 ratione,
2864 643 2922 698 in
2946 658 3188 697 suorum
3214 639 3598 698 litteratorum
3635 640 3817 710 scrip-

2158 729 2218 780 ta
2251 724 2458 781 litteris
2516 725 2774 790 credant,
2809 723 2908 794 qui
2945 721 3114 778 nobis
3175 721 3430 786 credere,
3463 720 3702 791 quando
3753 718 3811 772 id

2161 806 2314 877 quod
2339 821 2540 859 eorum
2563 803 3338 874 experientiamsensumque
3360 799 3815 870 transgreditur,

2160 885 2616 954 omnipotentem
2653 888 2832 938 Deum
2881 882 3146 938 decimus
3177 897 3303 936 esse
3356 881 3671 945 facturum,
3709 893 3814 933 nec

2159 965 2383 1020 reddita
2415 965 2636 1020 ratione
2667 963 3003 1035 dignantur.
3035 961 3176 1016 Nam
3211 977 3336 1031 quae
3362 959 3566 1015 melior
3586 964 3645 1014 et
3672 957 3814 1013 vali-

2158 1045 2288 1100 dior
2318 1045 2464 1099 ratio
2497 1045 2567 1099 de
2613 1043 2790 1098 rebus
2842 1042 3061 1098 talibus
3117 1041 3401 1106 redditur,
3459 1055 3637 1111 quam
3674 1054 3810 1093 cum

2161 1125 2541 1197 Omnipotens
2572 1140 2639 1179 ea
2662 1140 2829 1195 posse
2863 1124 3049 1177 facere
3078 1121 3429 1193 perhibetur,
3463 1126 3519 1174 et
3550 1119 3810 1174 facturus

2161 1207 2390 1270 dicitur,
2417 1222 2544 1276 quae
2577 1202 3088 1273 prmnuntiasseibi
3107 1202 3335 1272 legitur,
3362 1200 3460 1256 ubi
3483 1200 3599 1254 alia
3630 1198 3814 1254 multa

2163 1286 2591 1357 praanuntiavit,
2625 1303 2750 1356 quas
2776 1286 2975 1339 fecisse
3007 1281 3410 1338 monstratur?
3439 1281 3568 1352 Ipse
3599 1280 3812 1351 quippe

2161 1368 2350 1430 faciet,
2383 1367 2522 1438 quia
2539 1384 2599 1421 se
2633 1369 2922 1421 facturum
2955 1381 3085 1421 esse
3117 1364 3398 1432 praedixit,
3429 1379 3556 1433 qua;
3589 1362 3813 1432 impos-

2162 1449 2356 1504 sibilia
2380 1453 2677 1517 putantur,
2718 1447 2814 1517 qui
2850 1447 3121 1516 promisit
3149 1456 3202 1500 et
3261 1445 3393 1498 fecit
3427 1449 3491 1499 ut
3519 1444 3592 1499 ab
3624 1444 3814 1498 incre-

2165 1528 2318 1583 dulis
2349 1530 2618 1600 gentibus
2649 1527 3014 1581 incredibilia
3041 1525 3435 1580 crederentur.

2164 1689 2394 1746 CAPUT
2427 1690 2583 1745 VIII.
2631 1722 2702 1729 —
2730 1689 2845 1745 Non
2876 1704 2990 1744 esse
3025 1689 3214 1743 contra
3241 1691 3532 1756 naturam,
3581 1703 3709 1743 cum
3760 1689 3817 1742 in

2235 1773 2430 1844 aliqua
2454 1789 2530 1839 re,
2557 1774 2713 1842 cujus
2736 1780 2941 1825 natura
2963 1772 3231 1834 innotuit,
3256 1769 3470 1841 aliquid
3499 1769 3574 1824 ab
3601 1785 3661 1825 eo
3684 1768 3824 1841 quod

2235 1865 2352 1908 erat
2379 1860 2588 1920 notum,
2623 1852 2817 1923 incipit
2846 1867 2958 1908 esse
2987 1851 3283 1906 diversum.

2241 1989 2289 2043 1.
2326 1989 2382 2044 Si
2417 1994 2611 2043 autem
2639 1993 2943 2060 propterea
2966 1986 3342 2057 respondent,
3376 2002 3437 2040 se
3457 2002 3570 2040 non
3587 1985 3820 2040 credere

2166 2085 2292 2140 quas
2324 2070 2394 2123 de
2423 2068 2698 2123 humanis
2723 2084 2954 2138 semper
2971 2067 3192 2122 arsuris
3223 2083 3326 2121 nec
3349 2081 3606 2136 unquam
3642 2065 3819 2119 mori-

2166 2148 2316 2203 turis
2343 2150 2685 2218 corporibus
2717 2149 2993 2216 dicimus,
3028 2148 3165 2218 quia
3197 2147 3586 2202 humanorum
3619 2161 3823 2216 corpo-

2167 2246 2298 2284 rum
2351 2235 2616 2284 naturam
2679 2229 2948 2284 novimus
2997 2229 3163 2294 longe
3212 2228 3382 2282 aliter
3434 2228 3762 2282 institutam
3804 2243 3820 2295 ;

2171 2313 2325 2364 unde
2359 2327 2461 2364 nec
2489 2311 2586 2365 illa
2623 2311 2769 2365 ratio
2822 2310 2959 2365 hinc
2989 2308 3153 2364 reddi
3193 2314 3402 2379 potest,
3437 2323 3568 2379 qua:
3598 2311 3667 2362 de
3699 2308 3819 2365 illis

2171 2391 2399 2444 naturis
2435 2391 2826 2456 mirabilibus,
2858 2390 3230 2457 reddebatur,
3261 2388 3457 2443 utdici
3495 2389 3703 2457 possit,
3726 2391 3832 2444 Vis

2170 2476 2282 2526 ista
2333 2473 2614 2527 naturalis
2643 2478 2756 2532 est.
2790 2472 2868 2526 rei
2902 2471 3076 2540 hujus
3100 2471 3209 2524 ista
3271 2475 3478 2524 natura
3509 2475 3598 2523 est
3631 2486 3645 2534 ;
3678 2486 3830 2539 quo-

2175 2553 2327 2606 niam
2363 2555 2579 2607 scimus
2621 2553 2888 2606 humanze
2921 2549 3115 2604 carnis
3147 2549 3311 2602 istam
3349 2564 3461 2602 non
3493 2564 3618 2603 esse
3652 2556 3826 2603 natu-

2174 2648 2339 2685 ram:
2404 2633 2684 2686 habemus
2735 2633 2973 2701 quidem
3023 2630 3174 2698 quod
3240 2628 3698 2697 respondeamus
3757 2630 3828 2684 de

2176 2711 2402 2766 Litteris
2433 2714 2638 2778 sacris,
2670 2711 2822 2765 hanc
2854 2712 3041 2779 ipsam
3093 2707 3308 2763 scilicet
3351 2708 3667 2763 humanam
3702 2723 3834 2763 car-

2176 2808 2306 2846 nem
2331 2791 2496 2846 aliter
2532 2793 2862 2846 institutam
2899 2791 3075 2845 fuisse
3116 2796 3248 2844 ante
3279 2796 3602 2859 peccatum,
3635 2787 3696 2842 id
3719 2794 3832 2855 est,

2177 2879 2241 2926 ut
2272 2880 2463 2943 posset
2494 2889 2792 2942 nunquam
2832 2873 3048 2944 perpeti
3101 2875 3347 2925 mortem
3384 2885 3398 2936 ;
3431 2871 3602 2923 aliter
3629 2875 3833 2924 autem

2178 2960 2306 3021 post
2339 2963 2660 3025 peccatum,
2693 2952 2883 3022 qualis
2938 2953 2996 3006 in
3046 2967 3304 3005 erumna
3364 2949 3541 3018 hujus
3573 2949 3838 3003 mortali-

2176 3034 2312 3088 tatis
2342 3033 2617 3100 innotuit,
2652 3037 2716 3087 ut
2739 3038 3033 3104 perpetem
3049 3033 3225 3085 vitam
3253 3035 3448 3085 tenere
3478 3046 3591 3084 non
3625 3029 3834 3100 possit.

2175 3114 2268 3170 Sic
2297 3129 2434 3184 ergo
2466 3113 2636 3168 aliter
2666 3130 2840 3184 quam
2875 3112 3042 3168 nobis
3074 3115 3209 3166 nota
3238 3115 3348 3176 est,
3392 3109 3735 3165 instituatur
3768 3109 3828 3164 in

2177 3194 2598 3250 resurrectione
2653 3203 3036 3249 mortuorum.
3071 3192 3178 3248 Sed
3223 3191 3499 3262 quoniam
3534 3189 3664 3245 istis
3717 3206 3832 3244 non

2179 3274 2420 3329 credunt
2457 3273 2687 3339 litteris,
2721 3273 2816 3328 ubi
2839 3273 3048 3345 legitur
3079 3271 3270 3343 qualis
3303 3272 3362 3326 in
3385 3271 3657 3343 paradiso
3683 3268 3835 3324 vixe-

2181 3356 2255 3410 rit
2285 3355 2480 3422 homo,
2510 3361 2911 3427 quantumque
2959 3354 3139 3410 fuerit
3166 3371 3200 3408 a
3232 3354 3578 3409 necessitate
3627 3349 3834 3407 mortis

2181 3435 2428 3500 alienus,
2463 3436 2678 3506 quibus
2709 3437 2906 3504 utique
2949 3435 2995 3490 si
3046 3431 3371 3496 crederent,
3404 3449 3519 3488 non
3543 3447 3679 3487 cum
3712 3429 3834 3486 illis

2182 3533 2352 3587 paena
2419 3519 2849 3583 damnatorum,
2909 3532 3036 3587 quis
3107 3515 3300 3569 futura
3373 3519 3482 3576 est,
3532 3512 3839 3582 Operosius

2184 3613 2489 3668 ageremus
2523 3614 2536 3664 ;
2575 3598 2645 3651 de
2677 3595 2885 3651 litteris
2927 3611 3149 3662 eorum,
3183 3594 3284 3666 qui
3325 3593 3646 3649 doctissimi
3681 3593 3836 3662 apud

2183 3676 2315 3731 illos
2347 3679 2600 3743 fuerunt,
2621 3675 2840 3746 aliquid
2867 3673 3274 3745 proferendum
3305 3679 3411 3740 est,
3429 3689 3541 3743 quo
3564 3679 3846 3744 appareat

2185 3772 2356 3827 posse
2389 3757 2529 3821 ﬁeri,
2567 3761 2632 3810 ut
2661 3755 2825 3811 aliter
2873 3772 2936 3811 se
2985 3755 3196 3811 habeat
3227 3769 3468 3825 quaeque
3508 3769 3623 3818 res,
3659 3768 3842 3825 quam

2187 3843 2350 3909 prius
2376 3838 2435 3892 in
2467 3837 2641 3892 rebus
2687 3837 3021 3892 inuotuerat
3049 3853 3172 3892 sum
3221 3834 3708 3890 determinatione
3740 3850 3848 3890 na-

2186 3923 2354 3973 turis.

2255 3999 2310 4052 2.
2345 3998 2445 4053 Est
2473 3999 2529 4053 in
2562 3997 2740 4053 Marci
2769 3995 3046 4052 Varronis
3087 3995 3273 4063 libris,
3306 4011 3555 4068 quorum
3591 3993 3846 4065 inscrip-

2189 4079 2266 4133 tio
2297 4084 2406 4147 est,
2441 4083 2516 4132 De
2542 4086 2705 4148 gente
2727 4077 2924 4149 populi
2945 4077 3372 4148 Romani,quod
3391 4077 3608 4131 eisdem
3623 4075 3847 4143 verbis,

2190 4159 2500 4230 quibusibi
2523 4157 2757 4228 legitur,
2780 4164 2836 4213 et
2856 4157 2952 4214 hic
2987 4173 3192 4225 ponam
3230 4173 3242 4211 :
3280 4179 3302 4209 ι
3341 4156 3401 4211 In
3434 4155 3598 4221 caelo,
3631 4153 3846 4224 inquit,

2190 4239 2458 4294 mirabile
2489 4239 2711 4293 exstitit
2743 4245 3068 4309 portentum
3105 4254 3117 4291 :
3153 4252 3287 4291 nam
3313 4237 3369 4290 in
3405 4236 3569 4292 stella
3601 4235 3848 4289 Veneris

2191 4320 2579 4384 nobilissima,
2603 4335 2774 4388 quam
2792 4318 3030 4373 Plautus
3054 4317 3510 4386 Vesperuginem
3546 4316 3734 4386 (Amph
3747 4315 3848 4370 ilr.

2191 4403 2315 4454 actu
2357 4401 2406 4465 1,
2438 4414 2604 4452 scena
2639 4400 2688 4466 1,
2723 4413 2858 4453 vers.
2891 4397 3034 4467 419),
3076 4396 3362 4452 Homerus
3413 4400 3708 4467 Hesperon
3742 4413 3848 4463 ap-

2191 4482 2389 4553 pellat,
2425 4480 2879 4551 pulcherrimam
2929 4479 3132 4534 dicens
3162 4477 3384 4548 (Iliadis
3415 4494 3470 4546 x,
3523 4492 3661 4532 vers.
3693 4477 3851 4547 318),

2192 4564 2393 4617 Castor
2413 4561 2616 4616 scribit
2645 4563 2872 4615 tantum
2908 4563 3237 4630 portentum
3271 4558 3584 4624 exstitisse,
3618 4563 3684 4610 ut
3715 4573 3850 4610 mu-

2192 4646 2338 4696 taret
2383 4641 2656 4707 colorem,
2702 4638 3188 4712 magnitudinem,
3231 4639 3505 4709 ﬁguram,
3557 4651 3850 4692 cursum:

2193 4723 2346 4792 quod
2397 4723 2611 4777 factum
2657 4721 2737 4775 ita
2782 4735 2966 4790 neque
3014 4724 3204 4783 antea,
3241 4733 3344 4774 nec
3376 4721 3576 4788 postea
3606 4716 3697 4772 sit.
3732 4716 3853 4771 Hoc

2193 4802 2408 4858 factum
2431 4805 2624 4873 Ogyge
2649 4804 2666 4836 ί
2701 4815 2834 4870 rege
2864 4799 3132 4854 dicebant
3165 4798 3455 4852 Adrastus
3484 4797 3802 4868 Cyzicenus
3833 4793 3856 4828 ί

2192 4887 2249 4938 et
2278 4883 2422 4939 Dion
2466 4880 2813 4954 Neapolites,
2847 4877 3241 4934 mathematici
3292 4876 3517 4933 nobiles
3552 4899 3581 4927 ››
3611 4877 3705 4948 (α).
3733 4875 3852 4932 Hoc

2260 5184 2277 5217 ί
2309 5180 2453 5235 Mss.
2481 5177 2682 5243 Ogyge.
2708 5179 2861 5227 Vind.
2887 5180 3008 5243 iAm.
3040 5179 3093 5226 et
3118 5176 3203 5226 Er.
3251 5174 3476 5240 Ogygio.
3508 5172 3638 5222 Vide
3668 5185 3851 5237 supra.

2194 5244 2288 5292 lib.
2322 5242 2397 5298 18.
2429 5257 2541 5305 cap.
2563 5242 2620 5298 ’8’,
2657 5243 2709 5291 et
2735 5243 2810 5288 ibi
2838 5242 3109 5291 adnotata.

2227 5308 2280 5417 h‘l
2314 5307 2373 5355 In
2390 5297 2658 5368 plerisque
2699 5305 2841 5362 Mss,
2885 5305 3153 5352 Adrasto:
3195 5301 3506 5365 Cyzicenos,
3554 5299 3661 5358 vel,
3695 5297 3859 5362 Cyzi-

2261 5384 2408 5417 82103.

2297 5386 2326 5416 η
2334 5386 2391 5417 0.9
2398 5407 2408 5417 .

2197 5384 2552 5493 cntedgoéonter
2569 5444 2709 5541 quae
2739 5431 2802 5478 de
2830 5431 2931 5478 hoc
2958 5430 3199 5491 portento
3233 5427 3444 5491 scripsit
3462 5424 3862 5474 eruditissimus

2197 5494 2391 5541 Freret.
2421 5496 2478 5541 in
2508 5495 2569 5541 M
2600 5493 2799 5540 moircs
2829 5494 2891 5540 de
2914 5490 3243 5540 l'Académie
3271 5491 3363 5539 de:
3409 5488 3862 5538 Bella-Laur“.

2196 5488 2391 5553 Freret,
2421 5496 2478 5542 in
2508 5488 2799 5542 MJmoircs
2829 5494 2891 5540 de
2914 5488 3243 5540 Z'Kcadémie
3271 5488 3363 5539 de}
3409 5488 3863 5538 Bella-Laur“.

2199 5560 2341 5608 tomo
2370 5558 2588 5620 decimo,
2617 5569 2737 5620 pag.
2767 5554 2995 5606 357-376.
3027 5555 3260 5605 Lucana.
