4146 6198
338 334 452 394 ’121

335 482 487 530 certe
503 474 684 531 Varro
705 477 902 531 tantus
927 478 1127 531 auctor
1148 477 1480 546 portentum
1512 487 1626 528 non
1651 470 1989 542 appellaret,

337 555 450 610 nisi
482 571 611 610 esse
643 562 848 612 contra
881 562 1144 610 naturam
1183 553 1493 609 videretur.
1528 553 1740 608 Omnia
1771 551 1990 622 quippe

334 639 599 708 portenta
616 641 816 691 contra
837 642 1101 691 naturam
1123 634 1372 689 dicimus
1386 650 1541 689 esse:
1568 634 1666 688 sed
1693 650 1804 686 non
1830 636 1988 696 sunt,

337 716 639 782 Quomodo
669 720 758 771 est
797 716 951 771 enim
983 720 1186 770 contra
1217 719 1512 780 naturam,
1572 714 1726 784 quod
1783 711 1875 766 Dei
1929 710 1992 766 ﬁt

336 795 660 862 voluntate,
714 811 844 850 cum
900 795 1166 850 voluntas
1214 793 1360 849 tanti
1411 793 1613 864 utique
1661 791 1989 846 Conditoris

339 877 585 932 conditae
620 875 700 931 rei
734 876 1022 947 cujusque
1055 880 1266 931 natura
1295 875 1418 930 sit?
1461 875 1804 929 Portentum
1854 888 1991 944 ergo

339 957 426 1024 ﬁt,
462 973 575 1012 non
609 961 810 1012 contra
841 962 1132 1023 naturam,
1166 956 1267 1012 sed
1302 960 1506 1012 contra
1537 972 1712 1028 quam
1736 959 1824 1010 est
1855 957 1993 1008 nota

342 1042 577 1092 natura.
613 1035 753 1104 Quis
785 1042 978 1093 autem
1033 1040 1438 1108 portentorum
1477 1040 1744 1091 numerat
1783 1035 1994 1088 multi-

343 1117 628 1184 tudinem,
681 1134 808 1188 qute
849 1117 1096 1173 historia
1155 1117 1414 1189 gentium
1461 1114 1836 1172 continetur?
1878 1114 1989 1170 Sed

342 1214 499 1253 nunc
530 1197 586 1252 in
625 1198 730 1252 hoc
764 1214 880 1253 uno
911 1198 1304 1265 attendamus,
1337 1196 1490 1266 quod
1525 1195 1594 1249 ad
1629 1211 1749 1248 rem
1775 1193 1844 1247 de
1875 1208 1992 1263 qua

342 1278 579 1350 agimus
609 1278 886 1349 pertinet.
917 1278 1064 1344 Quid
1100 1277 1178 1331 ita
1209 1277 1560 1345 dispositum
1610 1279 1697 1330 est
1745 1273 1816 1328 ab
1858 1287 1991 1327 auc-

344 1363 470 1414 tore
512 1363 730 1414 natura:
766 1358 894 1414 cceli
928 1365 985 1414 et
1015 1363 1204 1426 terrae,
1254 1354 1745 1429 quemadmodum
1780 1369 1991 1410 cursus

341 1439 817 1496 ordinatissimus
865 1440 1121 1495 siderum
1153 1438 1180 1492 ?
1209 1438 1350 1510 quid
1412 1442 1530 1491 tam
1567 1436 1706 1491 ratis
1765 1433 1993 1505 legibus

343 1516 590 1588 ﬁxisque
631 1518 925 1573 ﬁrmatum
956 1520 983 1571 ‘I
1022 1517 1092 1572 Et
1121 1521 1311 1572 tamen
1361 1517 1596 1587 quando
1647 1515 1742 1571 ille
1787 1513 1990 1578 voluit,

338 1599 440 1671 qui
471 1614 704 1654 summo
737 1600 878 1670 regit
911 1599 1155 1670 imperio
1187 1615 1251 1653 ac
1284 1603 1564 1668 potestate
1613 1597 1768 1668 quod
1801 1593 1995 1650 condi-

338 1681 444 1747 dit,
477 1678 643 1734 stella
677 1695 788 1749 prae
813 1681 1029 1734 caeteris
1047 1679 1454 1750 magnitudine
1486 1683 1660 1748 atque
1687 1676 1994 1747 splendore

338 1761 665 1821 notissima.
687 1759 931 1816 colorem
952 1760 1438 1829 magnitudinem,
1455 1758 1720 1829 ﬁguram,
1743 1762 1798 1812 et
1818 1753 1992 1826 (quod

338 1849 420 1896 est
455 1840 798 1911 mirabilius)
831 1839 922 1894 sui
963 1856 1174 1894 cursus
1204 1839 1466 1894 ordinem
1501 1838 1802 1910 legemque
1852 1851 1992 1888 mu-

338 1920 498 1974 tavit.
534 1921 814 1975 Turbavit
845 1921 1096 1990 profecto
1145 1925 1302 1984 tunc,
1339 1919 1388 1973 si
1449 1917 1700 1987 ullijam
1759 1918 1994 1969 fuerunt

339 2016 591 2056 canones
623 1999 1078 2071 astrologorum,
1103 2016 1250 2071 quos
1282 1999 1439 2054 velut
1471 1997 1764 2052 inerrabili
1794 1996 1808 2029 ¹
1842 2009 1996 2050 com-

337 2081 641 2152 putatione
671 2080 743 2134 de
768 2081 1076 2151 praeteritis
1107 2095 1173 2134 ac
1196 2079 1406 2133 futuris
1427 2082 1714 2131 astrorum
1743 2076 1994 2128 molibus

335 2161 694 2230 conscriptos
744 2160 984 2228 habent,
1038 2176 1180 2229 quos
1228 2174 1480 2213 canones
1520 2155 1817 2228 sequendo
1867 2152 1996 2207 ausi

335 2245 477 2296 sunt
533 2240 722 2295 dicere
775 2240 885 2295 hoc
943 2240 1094 2310 quod
1127 2239 1198 2294 de
1253 2238 1516 2293 Lucifero
1563 2237 1827 2307 contigit,
1891 2247 1996 2288 nec

337 2327 530 2388 antea,
566 2336 670 2375 nec
699 2325 900 2390 postea
929 2320 1265 2390 contigisse.
1298 2318 1415 2372 Nos
1447 2321 1642 2371 autem
1677 2317 1734 2370 in
1781 2313 1997 2368 divinis

337 2400 506 2456 libris
538 2399 812 2472 legimus,
845 2399 1019 2456 etiam
1047 2401 1226 2454 solem
1260 2399 1446 2466 ipsum
1481 2402 1538 2452 et
1567 2396 1829 2462 stetisse;
1863 2410 1997 2449 cum

336 2481 448 2536 hoc
478 2498 511 2536 a
528 2480 774 2535 Domino
797 2479 910 2535 Deo
936 2478 1230 2549 petivisset
1250 2478 1336 2532 vir
1361 2485 1598 2533 sanctus
1617 2475 1789 2531 Jesus
1817 2475 1994 2548 Nave,

336 2562 518 2617 donec
547 2565 801 2631 coeptum
838 2559 1094 2630 praelium
1128 2559 1370 2613 victoria
1422 2557 1758 2612 terminaret
1821 2557 1998 2625 (Jesus

335 2659 393 2709 ι,
430 2641 552 2709 13);
582 2646 641 2694 et
672 2648 987 2695 retrorsum
1021 2639 1259 2705 redisse,
1295 2647 1357 2692 ut
1387 2637 1506 2707 regi
1541 2636 1793 2691 Ezechiae
1826 2637 1996 2707 quin-

340 2722 524 2776 decim
560 2721 695 2774 anni
721 2721 790 2774 ad
824 2719 1130 2774 vivendum
1153 2719 1354 2781 additi,
1377 2717 1486 2772 hoc
1513 2718 1684 2772 etiam
1721 2716 1986 2788 prodigio

337 2798 708 2872 promissioni
731 2800 822 2854 Dei
838 2799 1585 2869 signiﬁcarenturadjuncto
1598 2797 1998 2868 (Isai.xxxvm,

333 2881 409 2940 8).
444 2880 554 2936 Sed
589 2880 696 2934 ista
744 2895 976 2950 quoque
1021 2877 1322 2944 miracula,
1383 2894 1508 2949 quae
1567 2878 1792 2933 meritis
1851 2882 1991 2932 sunt

337 2973 617 3016 concessa
668 2965 1032 3022 sanctorum,
1065 2958 1307 3028 quando
1367 2958 1612 3014 credunt
1672 2957 1766 3012 isti
1829 2958 1994 3026 facta,

340 3038 585 3108 magicis
618 3037 844 3093 artibus
871 3037 1157 3092 tribuunt.
1193 3035 1357 3092 Unde
1397 3035 1541 3090 illud
1574 3041 1662 3091 est
1707 3037 1862 3108 quod
1893 3053 1996 3091 su-

341 3121 539 3194 perius
569 3119 1016 3174 commemoravi
1041 3118 1256 3174 dixisse
1285 3116 1620 3189 Virgilium,

305 3330 310 3334 .
394 3284 593 3334 Sistere
619 3296 813 3347 aquam
841 3281 1044 3342 ﬂuviis,
1075 3282 1128 3347 et
1133 3283 1374 3347 ger-tere
1390 3281 1569 3347 sidera
1596 3281 1756 3347 retro.

1083 3344 1320 3405 (.Eneid.
1357 3343 1448 3394 lib.
1479 3345 1527 3399 4,
1561 3358 1611 3390 υ.
1642 3341 1775 3400 489.)

333 3491 478 3546 Nam
511 3493 568 3544 et
598 3488 839 3544 ﬂuvium
872 3488 1104 3544 stetisse
1135 3488 1424 3558 superius,
1478 3486 1839 3556 interiusque
1889 3486 1995 3540 ﬁu-

337 3572 586 3640 xisse,cu
599 3587 652 3625 m
677 3569 928 3642 populus
950 3571 1047 3625 Dei
1060 3571 1319 3637 ,ductore
1335 3587 1397 3624 su
1410 3587 1512 3640 pra
1527 3575 1846 3624 memorato
1860 3571 1996 3624 Jesu

337 3651 511 3717 Nave,
544 3652 696 3706 viam
731 3655 991 3720 carperet
1023 3652 1208 3721 (Iosue
1236 3667 1312 3717 iv,
1340 3651 1448 3720 18),
1484 3656 1540 3704 et
1570 3649 1696 3704 Elia
1720 3650 1996 3721 prapbeta

341 3736 701 3800 transeunte,
732 3747 796 3785 ac
833 3735 1031 3802 postea
1061 3731 1350 3801 discipulo
1381 3733 1512 3800 ejus
1549 3731 1750 3786 Elissac
1782 3732 1836 3784 id
1870 3746 1997 3786 esse

343 3813 564 3869 factum
594 3813 652 3866 in
684 3813 865 3868 sacris
889 3811 1116 3868 Litteris
1149 3811 1398 3883 legimus
1422 3811 1520 3883 (IV
1542 3813 1674 3884 Reg.
1702 3828 1762 3879 ιι,
1785 3812 1840 3878 8,
1867 3811 1952 3882 14)
1978 3827 1992 3879 ;

344 3899 402 3949 et
445 3902 596 3949 retro
637 3909 876 3949 versum
911 3894 1087 3948 fuisse
1128 3893 1449 3947 maximum
1499 3893 1666 3947 sidus
1716 3897 1996 3962 regnante

342 3974 607 4041 Ezechia,
668 3974 837 4028 modo
888 3972 1494 4028 commemoravimus.
1551 3973 1713 4038 Quod
1763 3987 1893 4026 vero
1925 3973 1994 4026 de

339 4055 604 4110 Lucifero
636 4056 820 4107 Varro
853 4053 1106 4123 scripsit,
1139 4069 1253 4106 non
1287 4057 1376 4106 est
1405 4051 1526 4108 illic
1561 4053 1780 4107 dictum
1812 4051 1988 4106 alicui

348 4136 572 4192 homini
597 4134 812 4206 petenti
837 4133 893 4188 id
920 4134 1100 4188 fuisse
1127 4149 1495 4189 concessum.

415 4217 470 4272 3.
504 4215 630 4271 Non
663 4231 797 4285 ergo
827 4215 898 4269 de
931 4214 1134 4268 notitia
1165 4222 1499 4269 naturarum
1543 4212 1846 4284 caliginem
1879 4212 1991 4268 sibi

342 4297 561 4353 faciant
590 4294 875 4362 inﬁdeles,
911 4293 1079 4366 quasi
1103 4310 1216 4349 non
1248 4295 1428 4363 possit
1451 4295 1508 4348 in
1533 4293 1731 4365 aliqua
1761 4310 1821 4349 re
1853 4293 1996 4348 divi-

339 4377 505 4432 nitus
537 4375 659 4431 ﬁeri
692 4374 877 4440 aliud,
911 4391 1086 4446 quam
1126 4374 1183 4429 in
1217 4374 1345 4442 ejus
1391 4378 1599 4428 natura
1648 4391 1749 4444 per
1779 4373 1991 4430 buma-

337 4474 476 4513 nam
511 4472 681 4511 suam
715 4454 1129 4526 experientiam
1168 4459 1562 4525 cognoverunt
1593 4470 1606 4509 :
1643 4455 1907 4524 quamvis
1938 4459 1993 4510 et

337 4538 468 4609 ipsa
498 4554 627 4610 quae
661 4537 720 4590 in
745 4552 938 4590 rerum
971 4540 1179 4590 natura
1209 4535 1486 4590 omnibus
1519 4540 1652 4591 nota
1683 4540 1841 4603 sunt,
1876 4552 1990 4591 non

338 4619 537 4672 minus
568 4617 717 4671 mira
749 4617 907 4684 sint;
942 4619 1253 4685 essentque
1284 4615 1574 4685 stupenda
1617 4616 1990 4671 consideran-

335 4698 496 4753 tibus
525 4696 772 4764 cunctis,
805 4696 855 4751 si
888 4695 1144 4752 solerent
1173 4694 1439 4750 homines
1470 4693 1663 4749 mirari
1696 4695 1846 4749 mira
1877 4697 1990 4751 nisi

335 4796 486 4834 rara.
520 4779 661 4842 Quis
709 4777 887 4842 enim,
941 4777 1208 4832 consulta
1239 4777 1481 4844 ratione,
1533 4793 1647 4831 non
1701 4779 1888 4831 videat
1931 4777 1989 4832 in

340 4859 646 4914 hominum
680 4858 1100 4913 innumerabili
1136 4857 1575 4922 numerositate,
1608 4865 1661 4910 et
1692 4861 1855 4910 tanta
1883 4873 1990 4910 na-

335 4950 476 4994 turae
509 4939 913 5008 similitudine,
953 4938 1120 4994 valde
1152 4938 1498 4992 mirabiliter
1519 4940 1603 4992 sic
1627 4937 1838 4992 habere
1867 4937 1988 4992 sin-

334 5019 505 5092 gulos
537 5019 802 5092 singulas
826 5018 1022 5088 facies,
1048 5021 1111 5073 ut
1138 5018 1249 5073 nisi
1272 5018 1421 5072 inter
1442 5033 1505 5072 se
1528 5016 1750 5071 similes
1773 5021 1987 5086 essent,

332 5118 452 5158 non
502 5102 938 5159 discerneretur
980 5100 1202 5173 species
1260 5114 1458 5155 eorum
1512 5099 1584 5154 ab
1633 5096 1990 5156 animalibus

397 5391 414 5455 ᾳ
448 5389 530 5455 Er,
566 5394 632 5455 et,
653 5391 903 5455 plerique,
923 5390 1069 5455 Mss.,
1101 5391 1492 5440 inenarrabili.
1524 5391 1687 5442 Vetus
1713 5392 1850 5442 liber
1870 5391 1990 5442 Cor«

333 5453 582 5513 beiensis,
613 5453 947 5504 ἱτῖηενάὸίιί.

1518 331 1748 393 LIBER
1791 326 2216 393 VlGESIMUS
2260 331 2588 397 PRIMUS.

3634 343 3748 404 722

2103 471 2323 526 caeteris
2349 496 2364 539 ;
2395 476 2452 528 et
2481 489 2683 530 rursus
2714 474 2824 530 nisi
2877 474 3024 531 inter
3069 491 3132 531 se
3161 476 3482 534 dissimiles
3528 486 3744 548 essent,

2102 566 2218 605 non
2251 551 2721 608 discernerentur
2751 553 2968 623 singuli
3001 556 3072 607 ab
3103 554 3440 612 hominibus
3481 559 3749 614 caeteris?

2101 627 2257 690 Quos
2289 647 2426 702 ergo
2477 631 2700 688 similes
2731 634 3101 700 conﬁtemur,
3153 644 3388 688 eosdem
3435 636 3747 693 dissimiles

2101 708 2454 767 invenimus.
2487 715 2591 767 Sed
2620 712 2940 767 mirabilior
2961 720 3050 768 est
3078 715 3466 770 consideratio
3495 717 3750 772 dissimi-

2103 787 2400 859 litudinis;
2448 794 2716 864 quoniam
2767 793 3214 848 similitudinem
3254 795 3477 863 justius
3521 797 3750 852 videtur

2100 886 2408 941 exposcere
2470 879 2676 929 natura
2707 873 3055 929 communis.
3103 877 3171 930 Et
3211 879 3406 931 tamen
3466 877 3748 948 quoniam

2103 965 2228 1021 quae
2266 957 2407 1007 sunt
2439 969 2589 1018 rara,
2626 953 2752 1024 ipsa
2783 959 2922 1009 sunt
2955 955 3123 1025 mira,
3158 956 3344 1010 multo
3373 957 3625 1027 amplius
3655 958 3750 1011 ad-

2101 1031 2383 1087 miramur
2413 1035 2647 1104 quando
2698 1034 2846 1090 duos
2894 1035 2977 1089 ita
3009 1035 3232 1092 similes
3281 1037 3633 1107 reperimus,
3686 1041 3749 1092 ut

2101 1110 2161 1165 in
2191 1111 2275 1167 eis
2306 1112 2706 1169 discernendis
2739 1120 2838 1169 aut
2869 1131 3117 1186 semper,
3154 1120 3256 1170 aut
3285 1117 3616 1188 frequenter
3655 1133 3745 1172 er-

2101 1207 2323 1246 remus.

2173 1273 2222 1325 4.
2258 1273 2366 1327 Sed
2400 1275 2554 1344 quod
2578 1276 2691 1330 dixi
2716 1275 2999 1346 scriptum
3023 1293 3056 1331 a
3076 1275 3357 1346 Varrone,
3381 1275 3518 1333 licet
3547 1294 3747 1334 eorum

2100 1352 2177 1406 sit
2198 1352 2512 1411 historicus
2535 1357 2802 1427 idemque
2823 1357 3220 1426 doctissimus,
3247 1358 3487 1414 fortasse
3510 1374 3641 1414 vere
3668 1360 3750 1414 fa-

2101 1439 2258 1488 ctum
2287 1451 2412 1490 esse
2461 1453 2575 1491 non
2619 1438 2903 1505 credunt;
2939 1443 3039 1493 aut
3069 1439 3208 1508 quia
3239 1454 3354 1494 non
3402 1438 3500 1493 diu
3536 1440 3749 1494 mansit

2100 1515 2234 1570 talis
2267 1519 2280 1552 ¹
2315 1517 2578 1585 ejusdem
2624 1519 2832 1574 sideris
2864 1534 3093 1588 cursus,
3137 1521 3235 1574 sed
3270 1520 3518 1575 reditum
3550 1530 3636 1574 est
3673 1522 3746 1576 ad

2101 1594 2361 1664 solitum,
2389 1599 2583 1652 minus
2607 1600 2716 1653 isto
2737 1605 3039 1654 moventur
3056 1601 3342 1669 exemplo.
3367 1600 3591 1655 Habent
3612 1617 3748 1672 ergo

2101 1676 2280 1743 aliud,
2314 1679 2466 1748 quod
2502 1681 2674 1733 etiam
2708 1695 2864 1733 nunc
2896 1680 3081 1748 possit
3109 1681 3356 1744 ostendi,
3379 1681 3582 1750 eisque
3615 1686 3749 1749 puto

2101 1757 2310 1812 debere
2341 1759 2625 1827 sufﬁcere,
2657 1775 2770 1828 quo
2792 1765 3274 1815 commoueantur
3294 1759 3336 1827 ³,
3361 1776 3491 1815 cum
3528 1760 3747 1831 aliquid

2101 1838 2453 1892 adverterint
2485 1839 2542 1892 in
2595 1839 2788 1906 aliqua
2821 1839 3184 1894 institutione
3233 1845 3469 1906 naturae,
3502 1855 3748 1911 eamque

2101 1917 2214 1972 sibi
2246 1920 2611 1974 notissimam
2649 1920 2906 1986 fecerint,
2951 1937 3064 1974 non
3115 1936 3176 1975 se
3223 1919 3360 1974 inde
3392 1919 3506 1974 Deo
3537 1921 3748 1976 debere

2103 1997 2498 2068 praescribere,
2540 1999 2708 2068 quasi
2741 2015 2862 2054 eam
2895 2016 3008 2054 non
3051 2001 3236 2069 possit
3267 2001 3322 2053 in
3365 1998 3536 2070 longe
3566 2002 3745 2067 aliud,

2103 2092 2277 2144 quam
2320 2078 2400 2131 eis
2431 2079 2658 2147 cognita
2688 2087 2794 2144 est,
2828 2088 3044 2133 vertere
3073 2083 3248 2147 atque
3295 2083 3540 2132 mutare.
3573 2085 3748 2134 Terra

2103 2155 2485 2212 Sodomorum
2519 2173 2634 2212 non
2669 2157 2772 2211 fuit
2806 2158 3009 2228 utique
3033 2161 3095 2210 ut
3119 2173 3276 2211 nunc
3306 2164 3432 2211 est:
3468 2157 3570 2212 sed
3592 2158 3750 2226 jace-

2103 2235 2203 2290 bat
2221 2234 3157 2306 similicaeterisfacie,eademque
3180 2236 3266 2290 vel
3288 2237 3463 2291 etiam
3487 2236 3748 2292 uberiore

2107 2317 2462 2371 fecunditate
2495 2315 2746 2387 pollebat
2777 2335 2792 2384 ;
2829 2333 2962 2371 nam
2997 2315 3098 2370 Dei
3147 2315 3414 2384 paradiso
3444 2315 3503 2370 in
3537 2315 3748 2371 divinis

2104 2396 2352 2467 eloquiis
2399 2402 2731 2466 comparata
2763 2404 2852 2452 est
2882 2396 3029 2467 (Gen.
3061 2413 3186 2462 xm,
3223 2396 3330 2467 10).
3364 2395 3493 2450 Haec
3528 2402 3744 2464 postea-

2105 2493 2280 2548 quam
2314 2483 2464 2533 tacta
2494 2480 2563 2532 de
2593 2477 2736 2532 ccelo
2757 2483 2866 2543 est,
2893 2479 3046 2532 sicut
3067 2476 3298 2530 illorum
3317 2493 3549 2547 quoque
3572 2481 3750 2532 attes-

2105 2563 2265 2613 tatur
2296 2559 2558 2624 bistoria,
2591 2563 2645 2614 et
2680 2575 2836 2613 nunc
2867 2559 2939 2613 ab
2971 2558 3055 2612 eis
3103 2557 3204 2628 qui
3246 2558 3484 2611 veniunt
3514 2557 3584 2610 ad
3624 2558 3751 2611 loca

2105 2639 2200 2694 illa
2230 2640 2610 2710 conspicitur,
2646 2639 2973 2709 prodigiosa
3014 2637 3256 2708 fuligine
3301 2636 3524 2691 horrori
3555 2642 3664 2701 est,
3695 2641 3751 2692 et

2106 2736 2272 2792 poma
2304 2723 2429 2789 ejus
2471 2719 2802 2774 interiorem
2841 2717 3092 2774 favillam
3136 2717 3400 2772 mendaci
3443 2718 3752 2787 superﬁcie

2106 2801 2460 2856 maturitatis
2493 2801 2821 2855 includunt.
2857 2800 2998 2855 Ecce
3030 2815 3144 2854 non
3195 2803 3321 2853 erat
3353 2796 3502 2865 talis,
3533 2803 3590 2851 et
3621 2796 3753 2852 talis

2105 2885 2211 2935 est.
2247 2881 2388 2935 Ecce
2449 2897 2482 2935 a
2513 2881 2821 2935 Conditore
2872 2884 3218 2934 naturarum
3263 2882 3471 2932 natura
3518 2878 3643 2946 ejus
3691 2877 3749 2931 in

2105 2959 2253 3014 hanc
2287 2960 2668 3015 foedissimam
2701 2959 3095 3015 diversitatem
3142 2957 3394 3013 mirabili
3429 2956 3751 3011 mutatione

2105 3058 2382 3097 conversa
2429 3048 2560 3098 est:
2610 3047 2666 3096 et
2703 3043 2858 3113 quod
2900 3046 3028 3111 post
3074 3050 3191 3096 tam
3244 3040 3484 3112 longum
3545 3039 3752 3095 accidit

2105 3128 2352 3191 tempus,
2387 3126 2503 3176 tam
2538 3120 2711 3191 longo
2743 3127 3004 3192 tempore
3045 3125 3392 3192 perseverat.
3711 3179 3716 3186 ,

2170 3202 2224 3255 5.
2259 3201 2419 3257 Sicut
2449 3218 2582 3268 ergo
2617 3219 2730 3258 non
2768 3203 2873 3256 fuit
2903 3201 3266 3272 impossibile
3297 3200 3434 3269 Deo,
3469 3217 3617 3271 quas
3651 3216 3748 3255 vo-

2102 3280 2232 3345 luit,
2267 3282 2610 3341 instituere;
2647 3283 2731 3336 sic
2753 3281 2803 3336 ei
2829 3298 2939 3335 non
2971 3287 3059 3335 est
3080 3281 3458 3348 impossibile,
3487 3279 3546 3334 in
3574 3279 3746 3350 quid-

2104 3361 2243 3431 quid
2275 3361 2543 3424 voluerit,
2567 3378 2710 3431 quas
2736 3361 3012 3427 instituit,
3042 3367 3265 3414 mutare
3288 3367 3546 3413 naturas.
3585 3359 3746 3414 Unde

2103 3439 2334 3494 illorum
2367 3455 2598 3511 quoque
2643 3439 3055 3492 miraculorum
3105 3440 3414 3493 multitudo
3466 3437 3745 3506 silvescit,

2105 3538 2230 3592 quae
2261 3526 2542 3588 monstra,
2585 3524 2832 3584 ostenta,
2877 3525 3160 3588 portenta,
3211 3517 3471 3588 prodigia
3521 3533 3749 3572 nuncu-

2107 3607 2317 3671 pantur
2351 3617 2364 3655 :
2416 3616 2544 3669 quae
2576 3597 2828 3653 recolere
2859 3604 2914 3652 et
2961 3613 3419 3652 commemorare
3449 3597 3498 3650 si
3549 3597 3744 3662 velim,

2106 3681 2279 3750 hujus
2327 3681 2516 3750 operis
2559 3681 2692 3752 quis
2723 3679 2832 3734 erit
2883 3677 3058 3733 ﬁnis?
3106 3681 3356 3733 Monstra
3398 3693 3538 3732 sane
3595 3677 3749 3731 dicta

2103 3761 2413 3832 perhibent
2438 3778 2470 3815 a
2493 3761 2886 3828 monstrando,
2913 3761 3060 3829 quod
3097 3759 3312 3829 aliquid
3340 3757 3749 3828 signiﬁcando,

2103 3843 2540 3908 demonstrent;
2564 3848 2622 3896 et
2651 3847 2872 3896 ostenta
2895 3841 2965 3894 ab
2989 3839 3378 3905 ostendendo;
3404 3842 3460 3893 et
3484 3842 3750 3907 portenta

2103 3941 2135 3978 a
2169 3923 2592 3994 portendendo,
2626 3924 2681 3977 id
2707 3925 2816 3990 est,
2853 3921 3430 3991 praaostendendo;et
3462 3920 3743 3991 prodigia,

2103 4003 2254 4074 quod
2279 4019 2443 4070 porro
2460 4004 2676 4071 dicant,
2694 4002 2750 4055 id
2771 4009 2877 4069 est,
2899 4002 3093 4055 futura
3119 4000 3570 4068 praedicant.Sed
3598 3999 3746 4052 vide-

2102 4083 2217 4138 rint
2242 4098 2440 4140 eorum
2461 4083 2837 4152 coniectores,
2863 4082 3154 4152 quomodo
3185 4095 3252 4134 ex
3272 4079 3356 4134 eis
3387 4079 3503 4134 sive
3537 4076 3743 4132 fallan-

2102 4169 2218 4232 tur,
2251 4167 2368 4219 sive
2419 4165 2702 4219 instinctu
2738 4163 3072 4232 spirituum,
3097 4159 3315 4231 quibus
3352 4175 3490 4213 cura
3519 4166 3606 4214 est
3636 4157 3738 4212 tali

2102 4261 2274 4318 ptena
2303 4244 2510 4316 dignos
2550 4244 2777 4298 animos
2810 4242 3112 4298 hominum
3165 4239 3348 4294 noxiae
3389 4237 3741 4294 curiositatis

2102 4326 2322 4382 retibus
2343 4323 2666 4394 implicare,
2690 4323 2860 4378 etiam
2880 4337 3015 4376 vera
3036 4318 3371 4391 praedicant,
3406 4318 3524 4373 sive
3559 4318 3747 4373 multa

2100 4406 2350 4460 dicendo
2384 4403 2696 4474 aliquando
2729 4403 2788 4458 in
2839 4401 3059 4472 aliquid
3103 4399 3365 4454 veritatis
3421 4398 3744 4454 incurrant.

2100 4486 2278 4542 Nobis
2308 4491 2501 4539 tamen
2534 4486 2643 4538 ista
2665 4500 2793 4554 quae
2819 4484 2977 4538 velut
2998 4486 3195 4536 contra
3215 4486 3478 4534 naturam
3498 4478 3670 4549 ﬁunt,
3693 4483 3750 4534 et

2100 4572 2306 4622 contra
2329 4571 2599 4620 naturam
2634 4565 2757 4620 ﬁeri
2789 4565 3066 4618 dicuntur
3095 4563 3234 4633 (quo
3263 4576 3421 4617 more
3443 4559 3747 4615 hominum

2097 4645 2331 4703 locutus
2363 4650 2450 4701 est
2482 4650 2539 4701 et
2571 4645 2896 4717 Apostolus,
2938 4642 3200 4710 dicendo,
3238 4646 3438 4696 contra
3480 4649 3747 4693 naturam

2098 4729 2157 4782 in
2191 4729 2318 4782 olea
2349 4728 2592 4782 insitum
2625 4726 2944 4780 oleastrum
2979 4723 3195 4776 factum
3229 4736 3357 4774 esse
3407 4717 3746 4788 participem

2099 4807 2478 4879 pinguedinis
2525 4806 2662 4861 olere
2721 4805 2893 4876 [Itom.
2927 4819 3003 4868 ιιι,
3039 4801 3126 4867 17,
3153 4799 3245 4869 24]
3280 4803 3320 4868 ),
3367 4805 3423 4850 et
3463 4798 3748 4879 monstra,

2099 4874 2341 4951 oste‘nta.
2380 4892 2667 4958 portenta,
2714 4874 2973 4954 prodigia
3003 4884 3439 4949 nuncupantur,
3473 4874 3582 4958 hoc
3622 4890 3746 4958 mo-

2100 4979 2329 5026 nstrare
2343 4955 2577 5032 debent,
2593 4968 2701 5020 hoc
2717 4964 3042 5029 ostendere,
3066 4959 3150 5015 vel
3178 4957 3620 5030 preostendere,
3637 4955 3745 5012 hoc

2099 5053 2438 5123 predicero,
2471 5049 2624 5119 quod
2660 5049 2920 5100 facturus
2948 5045 3026 5098 sit
3048 5047 3220 5106 Deus,
3247 5057 3371 5113 quin
3402 5040 3472 5094 de
3494 5037 3748 5123 corpori-

2101 5114 2208 5186 bus
2239 5114 2548 5186 hominum
2575 5143 2638 5182 se
2661 5123 3072 5197 prtenuntiavit
3092 5137 3217 5177 esse
3241 5123 3558 5185 facturum,
3583 5114 3747 5171 nulla

2160 5400 2178 5435 ι
2209 5397 2363 5447 Vind.
2388 5395 2507 5445 Am.
2537 5394 2622 5444 Er.
2652 5395 2705 5444 et
2731 5391 2876 5450 Mss.,
2906 5389 3078 5439 alius.

2160 5461 2182 5496 ³
2211 5461 2298 5512 Sic
2324 5459 2447 5510 Mss.
2469 5458 2610 5510 Editi
2636 5458 2832 5514 autem,
2861 5458 3328 5506 commoveantur.
