4134 6198
397 355 516 415 723

396 487 747 559 impediente
777 483 1137 550 difficultate,
1170 482 1330 538 nulla
1365 480 1772 553 praescribente
1798 478 1919 545 lege
1941 495 2038 559 nia-

395 558 562 625 turae.
595 566 893 632 Quomodo
925 570 1116 620 autem
1157 562 1656 636 praenuntiaverit,
1690 560 1834 614 satis
1865 559 1925 613 in
1976 558 2038 612 li-

397 650 501 704 bro
532 646 826 718 superiore
848 645 1122 702 docuisse
1144 661 1238 700 me
1268 644 1554 713 existimo,
1579 640 1939 710 decerpendo
1970 640 2041 694 de

399 727 722 797 Scripturis
745 727 966 780 sanctis
991 732 1047 781 et
1071 725 1233 781 novis
1251 730 1307 780 et
1329 725 1642 789 veteribus,
1666 735 1781 774 non
1803 719 2040 789 quidem

396 807 593 863 omnia
631 807 701 862 ad
746 806 850 861 hoc
886 806 1251 877 pertinentia,
1284 808 1384 862 sed
1429 821 1556 878 qua:
1588 801 1852 857 sufﬁcere
1906 800 2039 857 huic

396 888 553 960 operi
580 886 861 958 judicavi.

396 1057 626 1117 CAPUT
655 1058 754 1114 IX.
788 1086 856 1099 -
893 1059 965 1114 De
1011 1064 1282 1128 gehenna,
1315 1064 1367 1115 et
1415 1063 1754 1116 internarum
1784 1057 2045 1129 qualitate

1067 1156 1374 1211 poenarum.

472 1275 523 1330 1.
559 1275 718 1342 Quod
750 1275 928 1345 igitur
957 1277 1027 1331 de
1057 1276 1412 1347 sempiterno
1440 1276 1727 1349 supplicio
1750 1276 2045 1330 damnato-

401 1371 528 1410 rum
575 1369 673 1423 per
702 1371 874 1410 suum
913 1357 1250 1426 prophetam
1283 1361 1431 1412 Deus
1470 1358 1616 1411 dixit
1655 1357 1769 1422 fiet,
1809 1355 2046 1409 omnino

401 1435 538 1494 ﬁet:
571 1439 785 1490 Vermis
815 1451 1004 1491 eorum
1035 1453 1147 1491 non
1169 1440 1462 1506 morietur,
1481 1446 1532 1494 et
1554 1440 1705 1510 ignis
1724 1453 1917 1493 eorum
1939 1452 2049 1491 non

401 1520 794 1586 exstinguetur
818 1517 969 1588 (tsai.
996 1535 1144 1587 ιχνι,
1168 1520 1278 1590 24).
1309 1521 1390 1575 Ad
1429 1520 1536 1575 hoc
1566 1520 1720 1574 enim
1745 1519 2053 1576 vehemen-

403 1599 521 1654 tius
569 1601 1126 1667 commendandum,
1158 1602 1329 1655 etiam
1363 1602 1647 1656 Dominus
1676 1601 1870 1668 Jesus,
1914 1615 2047 1654 cum

409 1683 672 1736 membra
702 1697 832 1752 quae
861 1680 1156 1736 hominem
1190 1683 1581 1737 scandalizent
1615 1699 1716 1753 pro
1748 1682 1840 1736 his
1867 1681 2052 1735 homi-

407 1762 619 1815 nibust
653 1764 910 1830 poneret,
963 1777 1107 1831 quos
1152 1767 1215 1816 ut
1244 1779 1351 1816 sua
1403 1762 1661 1817 membra
1691 1763 1890 1815 dextra
1919 1760 2053 1831 quis

407 1840 623 1911 diligit,
672 1855 854 1910 eaque
916 1842 1246 1912 praeciperet
1298 1844 1637 1913 amputari:
1689 1844 1902 1896 Bonum
1957 1843 2053 1910 est,

409 1919 618 1990 inquit,
649 1920 751 1975 tibi
779 1919 1015 1975 debilem
1039 1924 1270 1977 introire
1289 1922 1346 1977 in
1378 1922 1571 1988 vitam,
1600 1939 1766 1992 quam
1788 1922 1922 1976 duas
1943 1936 2058 1975 ma-

407 2015 514 2054 nus
543 1999 829 2054 habentem
873 2003 957 2054 ire
987 1999 1045 2054 in
1095 2001 1421 2073 gehennam,
1453 2002 1511 2056 in
1545 2002 1730 2071 ignem
1777 2001 2060 2056 inexstin—

407 2079 698 2152 guibilem,
731 2081 828 2136 ubi
875 2084 1076 2136 vermis
1124 2098 1314 2138 eorum
1344 2098 1455 2138 non
1502 2081 1763 2148 moritur,
1813 2087 1868 2136 et
1916 2079 2061 2152 ignis

411 2174 603 2216 eorum
631 2177 741 2217 non
782 2162 1186 2231 exstinguitur.
1221 2163 1507 2218 Similiter
1536 2165 1608 2218 de
1638 2166 1817 2235 pede:
1851 2163 2062 2218 Bonum

412 2247 491 2297 est
519 2243 639 2307 tibi,
668 2243 877 2313 inquit,
909 2243 1168 2298 claudum
1199 2244 1434 2300 introire
1463 2245 1524 2298 in
1573 2246 1744 2298 vitam
1775 2253 2058 2308 zternam,

414 2339 577 2392 quum
606 2325 744 2377 duos
774 2323 932 2392 pedes
967 2325 1254 2379 habentem
1292 2327 1439 2378 mitti
1474 2327 1536 2380 in
1574 2325 1887 2396 gehennam
1918 2323 2063 2393 ignis

365 2439 370 2450 ι
415 2406 920 2476 inexstinguibilis,
948 2407 1042 2460 ubi
1081 2406 1286 2461 vermis
1326 2423 1515 2462 eorum
1545 2423 1656 2461 non
1711 2408 1971 2471 moritur,
2016 2406 2065 2459 et

416 2488 562 2556 ignis
594 2503 705 2540 non
735 2486 1133 2554 exstinguitur.
1177 2487 1300 2542 Non
1334 2487 1501 2542 aliter
1532 2489 1611 2542 ait
1659 2493 1709 2541 et
1756 2487 1826 2542 de
1856 2486 2062 2542 oculo:

419 2569 630 2623 Bonum
651 2571 728 2622 est
759 2569 864 2622 tibi
903 2569 1116 2622 luscum
1140 2570 1376 2623 introire
1407 2571 1470 2623 in
1500 2584 1726 2639 regnum
1750 2567 1869 2636 Dei,
1902 2583 2067 2639 quam

421 2650 555 2705 duos
594 2650 774 2704 oculos
824 2650 1109 2705 habentem
1141 2650 1293 2705 mitti
1324 2650 1383 2705 in
1421 2651 1724 2721 gehennam
1769 2649 1935 2720 ignis,
1971 2648 2069 2702 ubi

423 2732 625 2786 vermis
651 2746 836 2785 eorum
874 2746 984 2785 non
1014 2733 1271 2798 moritur,
1302 2734 1352 2787 et
1383 2732 1526 2802 ignis
1555 2747 1664 2786 non
1694 2731 2071 2799 exstinguitur

425 2812 609 2889 (Marc.
643 2827 722 2877 ix,
757 2810 966 2878 42-47).
999 2809 1123 2866 Non
1155 2827 1286 2866 eum
1312 2811 1333 2846 ²
1366 2812 1554 2882 piguit
1579 2826 1694 2865 uno
1715 2811 1839 2865 loco
1871 2814 2067 2866 eadem

420 2891 598 2946 verba
628 2895 715 2945 ter
745 2889 934 2945 dicere
965 2906 977 2944 :
1018 2907 1191 2961 quem
1228 2907 1341 2948 non
1394 2896 1606 2946 terreat
1635 2891 1748 2946 ista
1779 2891 2067 2961 repetitio,

423 2976 480 3026 et
509 2971 668 3026 illius
707 2987 892 3043 pinnas
922 2972 1300 3027 comminatio
1334 2981 1450 3028 tam
1496 2971 1805 3028 vehemens
1842 2987 1939 3026 ore
1986 2970 2070 3026 di-

419 3052 556 3107 vino
577 3052 606 3107 ‘t

489 3134 543 3188 2.
578 3132 905 3204 Utrumque
937 3138 1134 3189 autem
1197 3134 1426 3202 borum,
1463 3135 1654 3206 ignem
1707 3134 1931 3190 scilicet
1981 3141 2066 3190 at-

429 3230 542 3285 que
573 3230 849 3283 vermem,
902 3216 1001 3286 qui
1054 3213 1262 3270 volunt
1316 3218 1387 3270 ad
1440 3216 1621 3270 animi
1674 3233 1894 3286 pmnas,
1953 3231 2070 3271 non

424 3295 495 3349 ad
555 3299 815 3364 corporis
869 3295 1179 3366 pertinere,
1238 3294 1444 3350 dicunt
1502 3297 1678 3352 etiam
1735 3297 1821 3350 uri
1880 3295 2072 3352 dolore

423 3374 606 3429 animi
639 3391 763 3430 sero
823 3382 997 3446 atque
1039 3376 1401 3431 infructuose
1447 3376 1782 3448 paenitentis
1829 3393 1925 3432 eos
1972 3377 2070 3447 qui

420 3456 634 3510 fuerint
662 3473 693 3510 a
742 3472 921 3527 regno
973 3456 1072 3511 Dei
1125 3458 1373 3528 separati
1408 3474 1421 3512 :
1455 3463 1511 3513 et
1556 3458 1684 3513 ideo
1722 3457 1918 3529 ignem
1971 3475 2072 3529 pro

422 3537 534 3590 isto
568 3538 766 3592 dolore
792 3545 996 3593 urente
1019 3556 1132 3593 non
1157 3538 1476 3609 incongrue
1500 3541 1631 3608 poni
1666 3541 1918 3608 potuisse
1941 3556 2076 3593 con-

424 3617 698 3682 tendunt,
750 3618 903 3672 unde
937 3618 1077 3673 illud
1111 3621 1374 3688 Apostoli
1405 3624 1508 3684 est,
1547 3618 1680 3686 Quis
1717 3619 2069 3674 scandaliza-

425 3699 533 3761 tur,
566 3702 619 3751 el
649 3713 744 3764 ego
788 3715 895 3753 non
940 3715 1073 3753 uror
1102 3701 1172 3769 (Il
1226 3699 1345 3755 Cor.
1378 3717 1456 3767 χι,
1486 3702 1578 3768 29)
1604 3700 1631 3753 ‘t
1679 3699 1958 3752 Eumdem
1993 3698 2072 3769 (a)

425 3777 597 3829 etiam
654 3793 905 3832 vermem
959 3785 1167 3850 putant
1218 3778 1664 3849 intelligendum
1727 3793 1871 3833 esse.
1933 3778 2072 3832 Nam

427 3855 713 3926 scriptum
744 3864 852 3923 est,
911 3861 1204 3929 inquiunt,
1238 3859 1388 3914 Sicut
1429 3858 1580 3913 tinea
1609 3858 1991 3911 vestimentum
2020 3864 2072 3912 et

424 3939 626 3992 vermis
659 3939 894 4009 lignum,
945 3943 1024 3994 sic
1056 3954 1254 3994 maeror
1281 3942 1559 3994 excruciat
1591 3955 1683 3994 cor
1735 3940 1842 3992 viri
1888 3939 2072 4010 (Prov.

426 4035 556 4086 xxv,
587 4020 701 4086 20).
751 4020 857 4083 Qui
903 4037 1032 4075 vero
1089 4038 1290 4090 pinnas
1319 4027 1375 4075 et
1405 4020 1580 4076 animi
1636 4025 1690 4075 et
1727 4021 1985 4091 corporis
2018 4020 2074 4074 in

429 4099 527 4153 illo
561 4099 848 4171 supplicio
899 4101 1122 4154 futuras
1147 4117 1272 4156 esse
1305 4119 1416 4156 non
1466 4101 1762 4166 dubitant,
1804 4102 1938 4172 igne
1987 4101 2074 4155 uri

428 4195 663 4250 corpus,
701 4182 958 4235 animum
995 4187 1190 4235 autem
1244 4185 1365 4237 rodi
1400 4184 1834 4254 quodammodo
1885 4197 2077 4236 verme

431 4262 695 4314 mceroris
744 4261 1056 4314 affirmant.
1091 4261 1252 4322 Quod
1298 4264 1408 4315 etsi
1458 4262 1796 4316 credibilius
1827 4259 2074 4328 dicitur;

433 4342 568 4405 quia
592 4341 791 4406 utique
814 4340 1139 4392 absurdum
1163 4349 1270 4403 est,
1291 4340 1370 4392 ibi
1393 4341 1648 4394 dolorem
1674 4345 1774 4393 aut
1795 4343 2075 4411 corporis,

436 4422 536 4467 aut
566 4415 746 4467 animi
797 4415 1131 4468 defuturum
1162 4432 1177 4473 :
1207 4432 1312 4486 ego
1345 4426 1536 4472 tamen
1587 4417 1813 4474 facilius
1857 4420 1986 4475 est3
2017 4431 2076 4476 ut

433 4492 499 4544 ad
536 4507 746 4560 corpus
777 4492 967 4547 dicam
1004 4498 1319 4564 utrumque
1379 4498 1690 4567 pertinere,
1731 4515 1904 4569 quam
1936 4516 2076 4555 neu-

430 4573 627 4652 trum;
671 4576 749 4652 et;
777 4571 906 4627 ideo
956 4575 1199 4630 tacitum
1251 4578 1306 4630 in
1350 4577 1466 4633 illis
1514 4579 1721 4634 divinis
1767 4580 2075 4652 Scriptum

430 4651 618 4706 verbis
659 4650 838 4707 animi
884 4654 1164 4720 dolorem,
1223 4659 1500 4726 quoniam
1550 4650 1910 4729 consequens
1952 4679 2078 4718 esse

429 4731 800 4804 intelligitur,
834 4735 1067 4792 etiamsi
1101 4753 1214 4791 nou
1239 4738 1486 4807 dicatur,
1520 4744 1582 4794 ut
1604 4757 1840 4812 corpore
1863 4742 1945 4796 sic
1976 4743 2078 4795 do-

429 4814 584 4871 lente
613 4817 848 4871 animus
894 4834 1125 4889 quoque
1157 4818 1339 4875 sterili
1374 4822 1716 4892 paenitentia
1764 4825 2074 4878 crucietur.

428 4897 658 4965 Legitur
684 4899 896 4968 quippe
926 4903 982 4954 et
1012 4901 1068 4953 in
1115 4900 1405 4957 veteribus
1437 4902 1773 4974 Scripturis,
1833 4903 2077 4960 Vindicta

425 4979 630 5056 carnis,
654 4978 838 5048 impii,
870 4979 1014 5049 ignis
1043 4987 1096 5035 et
1121 4984 1322 5037 vermis
1351 4985 1543 5054 (Eccti.
1579 5001 1678 5051 νιι,
1718 4985 1822 5056 19).
1886 4985 2077 5041 Potuit

428 5055 657 5112 brevius
689 5059 824 5124 dici,
863 5059 1131 5116 Vindicta
1173 5063 1358 5133 impii.
1393 5063 1509 5118 Cur
1537 5080 1673 5134 ergo
1715 5055 1932 5119 dictum
1965 5070 2073 5133 est,

425 5138 610 5191 carnis
643 5139 830 5208 impii,
865 5141 978 5193 nisi
1011 5141 1148 5209 quia
1179 5151 1513 5212 utrumque,
1547 5146 1602 5198 id
1636 5153 1741 5210 est,
1765 5152 1818 5198 et
1842 5146 1992 5216 ignis
2019 5153 2076 5201 et

426 5218 663 5286 vermis,
699 5236 860 5288 pmna
893 5221 1004 5274 erit
1032 5224 1222 5276 carnis
1254 5221 1281 5275 ?
1308 5226 1417 5276 Aut
1447 5225 1497 5276 si
1548 5224 1856 5278 vindictam
1885 5227 2076 5280 carnis

427 5304 733 5368 propterea
766 5299 954 5354 dicere
987 5299 1190 5366 voluit,
1224 5303 1357 5370 quia
1391 5301 1498 5358 hoc
1532 5305 1585 5357 in
1621 5304 1856 5360 homine
1886 5305 2073 5359 vindi-

493 5477 507 5508 ¹
659 5473 810 5522 Vind.
862 5475 976 5524 Am.
1022 5476 1074 5524 et
1120 5475 1239 5526 Mss.
1289 5477 1357 5527 At
1416 5478 1499 5528 Er.
1546 5482 1598 5528 et
1641 5480 1785 5536 Lov.,
1835 5495 1941 5543 pro
1989 5480 2075 5528 his

427 5549 553 5582 omn
562 5535 678 5582 ibus
687 5575 697 5585 .

489 5596 510 5630 ²
542 5597 660 5646 Mss.
688 5599 862 5649 enim.

494 5659 516 5730 if
546 5657 633 5730 Sig
663 5660 783 5730 Mss.
815 5663 954 5730 Editi
983 5678 1128 5722 vero,
1157 5664 1393 5726 facilius
1422 5665 1652 5715 aestimo
1680 5675 1760 5730 ut,
1791 5669 1887 5718 etc.

493 5720 567 5782 (a)
595 5720 808 5784 Supple,
836 5726 1097 5780 dolorem.

1455 346 1557 406 DE
1600 342 1964 406 CIVITATE
2006 341 2162 412 DEI,
2207 341 2272 402 S.
2320 341 2748 405 AUGUSTINI

3675 339 3800 399 ἳὶὸ

2147 477 2394 546 cabitur,
2419 479 2568 546 quod
2595 478 2916 534 secundum
2933 493 3165 534 carnem
3191 476 3391 533 vixerit
3411 477 3670 547 (propter
3688 475 3800 530 hoc

2149 558 2306 613 enim
2340 558 2531 612 veniet
2561 558 2618 612 in
2671 566 2914 614 mortem
2939 560 2957 594 ί
2991 560 3331 627 secundam,
3364 573 3543 629 quam
3573 556 3801 628 signiﬁ-

2149 640 2300 694 cavit
2333 638 2642 709 Apostolus
2682 641 2901 707 dicens,
2953 643 3011 695 Si
3050 643 3197 695 enim
3233 639 3532 694 secundum
3574 652 3806 692 carnem

2149 719 2410 775 viceritis
2442 722 2767 776 moriemini
2795 723 2967 791 [Rom
2993 735 3124 785 'vm,
3153 721 3272 792 13])
3298 739 3312 788 ;
3345 719 3524 790 eligat
3549 719 3806 790 quisque

2152 799 2305 870 quod
2353 798 2555 869 placet,
2614 805 2714 855 aut
2761 801 2952 870 ignem
3003 801 3257 856 tribuere
3304 798 3551 869 corpori,
3602 799 3806 852 animo

2151 895 2406 936 vermem
2440 896 2453 934 :
2489 881 2597 936 hoc
2628 881 2881 953 proprie,
2909 881 3055 937 illud
3078 882 3334 951 trepice;
3366 885 3464 935 aut
3496 885 3809 948 utrumque

2154 961 2387 1033 prOprie
2407 963 2654 1032 corpori.
2685 962 2816 1017 Jam
2841 963 2995 1018 enim
3021 961 3160 1017 satis
3182 961 3451 1031 superius
3485 959 3806 1031 disputavi,

2154 1055 2328 1113 posse
2361 1040 2641 1094 animalia
2667 1041 2842 1096 etiam
2876 1044 2936 1096 in
2974 1042 3208 1110 ignibus
3238 1041 3447 1108 vivere,
3482 1040 3538 1094 in
3573 1039 3810 1094 ustione

2155 1123 2280 1179 sine
2312 1125 2778 1195 consumptione,
2801 1125 2861 1180 in
2890 1124 3085 1180 dolore
3115 1124 3242 1179 sine
3266 1127 3470 1189 morte,
3503 1137 3605 1191 per
3632 1120 3809 1176 mira-

2156 1204 2352 1259 culum
2387 1204 2940 1275 omnipotentissimi
2973 1204 3261 1259 Creatoris
3292 1218 3307 1258 :
3343 1203 3436 1257 cui
3467 1201 3575 1256 hoc
3611 1201 3812 1272 possi-

2157 1283 2272 1340 bile
2302 1300 2429 1339 esse
2470 1286 2568 1356 qui
2605 1293 2791 1356 negat,
2825 1301 2858 1339 a
2889 1301 3005 1357 quo
3036 1285 3114 1339 sit
3155 1282 3441 1355 quidquid
3476 1284 3533 1337 in
3581 1280 3811 1337 naturis

2157 1367 2433 1423 omnibus
2467 1367 2718 1422 minatur
2749 1368 2997 1436 ignorat.
3033 1367 3163 1439 Ipse
3193 1367 3350 1421 enim
3385 1368 3472 1420 est
3499 1363 3673 1432 Deus,
3705 1363 3813 1435 qui

2159 1447 2356 1505 omnia
2386 1448 2444 1502 in
2479 1447 2586 1502 hoc
2619 1451 2836 1503 mundo
2859 1463 3070 1519 magna
3101 1451 3158 1502 et
3184 1462 3352 1519 parva
3377 1445 3659 1519 miracula
3681 1459 3811 1515 qua:

2158 1519 2759 1587 commemoravimus,
2802 1525 2858 1574 et
2895 1516 3429 1590 incomparabiliter
3468 1516 3635 1588 plura
3679 1532 3811 1587 quae

2161 1617 2276 1656 non
2301 1601 2901 1668 commemoravimus,
2927 1599 3081 1668 fecit,
3105 1600 3571 1670 eademqueipso
3588 1596 3813 1651 mundo

2161 1697 2276 1736 uno
2292 1687 2465 1753 atque
2485 1681 2749 1736 omnium
2773 1680 3020 1736 maximo
3045 1680 3324 1735 miraculo
3346 1677 3602 1733 inclusit.
3626 1676 3819 1748 Eligat

2161 1777 2298 1833 ergo
2315 1776 2494 1816 unum
2521 1760 2590 1816 de
2613 1761 2846 1816 duobus
2861 1762 3112 1833 quisque
3135 1759 3288 1831 quod
3316 1759 3524 1830 placet,
3546 1761 3819 1812 utrumet

2164 1857 2418 1898 vermem
2465 1843 2536 1896 ad
2570 1857 2780 1911 corpus
2814 1842 3067 1912 proprie,
3108 1857 3181 1894 an
3213 1839 3283 1893 ad
3317 1839 3581 1892 animum
3617 1843 3814 1892 trans-

2163 1921 2278 1977 lato
2309 1939 2342 1976 a
2373 1923 2776 1994 corporalibus
2810 1924 2876 1977 ad
2931 1919 3317 1993 incorporalia
3349 1917 3629 1973 vocabulo
3658 1919 3814 1973 exis-

2165 2003 2332 2059 timet
2364 2006 2670 2074 pertinere.
2707 2003 2853 2066 Quid
2885 2009 3082 2057 autem
3117 2002 3324 2057 borum
3355 2015 3554 2055 verum
3588 1997 3688 2060 sit,
3723 2014 3816 2053 res

2166 2084 2292 2156 ipsa
2321 2083 2641 2155 expeditius
2662 2084 2961 2150 indicabit,
2987 2083 3218 2154 quando
3248 2082 3358 2136 erit
3377 2079 3621 2135 scientia
3648 2084 3818 2134 tanta

2169 2169 2528 2232 sanctorum,
2561 2169 2626 2219 ut
2657 2164 2740 2219 eis
2771 2163 3305 2235 cognoscendorum
3341 2160 3576 2216 illarum
3611 2176 3819 2230 paena-

2170 2263 2298 2301 rum
2351 2246 2678 2300 necessaria
2721 2262 2838 2300 non
2889 2247 2963 2300 sit
2995 2243 3372 2315 experientia,
3423 2241 3525 2296 sed
3557 2255 3626 2296 ea
3683 2257 3816 2311 qua:

2171 2331 2312 2382 tunc
2343 2325 2450 2382 erit
2475 2325 2639 2395 plena
2661 2335 2830 2396 atque
2854 2326 3123 2398 perfecta,
3147 2325 3217 2378 ad
3242 2323 3349 2378 hoc
3371 2337 3610 2393 quoque
3633 2322 3818 2375 scien-

2173 2408 2311 2462 dum
2359 2407 2646 2477 sapientia
2692 2406 2816 2462 sola
2845 2407 3123 2461 sufficiat.
3157 2409 3322 2461 Nunc
3352 2404 3506 2458 enim
3541 2419 3611 2457 ex
3652 2407 3820 2473 parte

2173 2489 2413 2556 scimus,
2445 2490 2628 2544 donec
2676 2489 2869 2543 veniat
2899 2487 3052 2559 quod
3101 2488 3417 2558 perfectum
3463 2489 3552 2539 est
3594 2484 3642 2550 (Ι
3693 2483 3817 2537 Cor.

2173 2585 2291 2633 xui,
2322 2569 2398 2640 9).
2434 2568 2581 2624 Dum
2615 2574 2805 2623 tamen
2838 2567 2997 2624 nullo
3047 2567 3219 2622 modo
3263 2564 3361 2620 illa
3408 2581 3652 2635 corpora
3680 2561 3823 2618 talia

2175 2650 2372 2704 futura
2401 2664 2522 2704 esse
2552 2650 2885 2719 credamus,
2920 2653 2984 2704 ut
3015 2647 3192 2704 nullis
3223 2648 3294 2702 ab
3324 2646 3458 2717 igne
3483 2645 3823 2701 afﬁciantur

2176 2730 2498 2787 doloribus.

2176 2907 2406 2964 CAPUT
2457 2907 2522 2963 X.
2555 2937 2623 2948 —-
2670 2907 2753 2963 An
2784 2907 2930 2975 ignis
2973 2903 3251 2974 gehennz,
3282 2905 3334 2959 si
3370 2901 3675 2973 corporalis
3717 2909 3824 2968 est,

2243 2989 2414 3061 possit
2445 2990 2716 3059 malignos
2753 2989 3004 3060 spiritus,
3045 2987 3112 3042 id
3142 2989 3218 3042 est
3257 2985 3530 3042 daemones
3568 2985 3830 3055 incorpo-

2247 3087 2387 3139 reos,
2420 3075 2570 3126 tactu
2598 3085 2696 3126 suo
2725 3069 2977 3125 adurere.

2250 3239 2300 3293 1.
2333 3237 2439 3292 Hic
2466 3234 2719 3297 occurrit
2742 3249 3019 3307 quaerere,
3050 3230 3097 3286 si
3121 3247 3236 3286 non
3259 3230 3367 3285 erit
3390 3229 3540 3302 ignis
3563 3229 3831 3298 incorpo-

2179 3321 2318 3377 ralis
2338 3322 2382 3387 ³,
2417 3317 2569 3374 sicut
2598 3321 2687 3372 est
2715 3315 2905 3372 animi.
2929 3311 3115 3377 dolor,
3157 3311 3256 3366 sed
3289 3309 3626 3382 corporalis,
3667 3314 3830 3364 tactu

2182 3402 2410 3468 noxius,
2442 3406 2505 3454 ut
2535 3415 2600 3453 eo
2626 3397 2847 3468 possint
2871 3411 3112 3466 corpora
3139 3394 3384 3448 cruciari
3412 3407 3426 3458 ;
3450 3391 3742 3461 quomodo
3765 3391 3828 3444 in

2177 3499 2244 3540 eo
2277 3483 2383 3536 erit
2414 3481 2586 3534 etiam
2637 3495 2806 3548 poena
2843 3478 3157 3547 spirituum
3191 3472 3637 3545 malignorum?
3667 3471 3831 3548 Idem

2181 3564 2398 3632 quippe
2432 3558 2606 3628 ignis,
2639 3547 2750 3610 erit
2768 3553 3055 3624 supplicio
3084 3550 3306 3632 scilicet
3335 3550 3642 3632 hominum
3665 3547 3836 3602 attri-

2183 3629 2356 3694 butus
2387 3646 2443 3693 et
2472 3639 2828 3698 demonum,
2861 3635 3090 3688 dicente
3112 3631 3356 3696 Christo,
3384 3629 3645 3685 Discedite
3664 3646 3702 3682 α
3725 3643 3835 3696 me,

2182 3719 2484 3782 maledicti,
2519 3719 2578 3772 in
2609 3719 2789 3785 ignem
2820 3723 3120 3778 aeternum,
3143 3713 3239 3782 qui
3259 3720 3484 3781 paratus
3505 3713 3582 3765 est
3612 3707 3836 3763 diabolo

2182 3810 2233 3856 et
2276 3801 2490 3867 angelis
2536 3799 2655 3869 ejus
2701 3795 2915 3868 (Matth.
2980 3810 3108 3858 xxv,
3155 3793 3271 3862 41).
3333 3790 3455 3845 Nisi
3502 3791 3639 3860 quia
3695 3793 3840 3842 sunt

2183 3882 2445 3952 quaedam
2478 3895 2582 3933 sua
2611 3880 2774 3933 etiam
2805 3874 3168 3931 daemonibus
3191 3887 3448 3943 corpora,
3468 3871 3625 3926 sicut
3643 3869 3838 3952 doctis

2183 3949 2518 4016 hominibus
2552 3959 2738 4013 visum
2771 3964 2881 4026 est,
2913 3972 2980 4011 ex
3012 3956 3122 4010 isto
3154 3968 3282 4009 aere
3305 3968 3499 4007 crasso
3522 3956 3692 4020 atque
3721 3949 3835 4003 bu-

2185 4040 2363 4107 mido,
2411 4039 2581 4109 cujus
2624 4036 2920 4108 impulsus
2976 4038 3146 4089 vento
3205 4031 3380 4088 ﬂante
3429 4031 3681 4087 sentitur
3728 4029 3835 4099 (a).

2184 4123 2342 4187 Quod
2376 4138 2564 4193 genus
2613 4119 2880 4176 elementi
2914 4118 2963 4174 ei
2990 4115 3138 4174 nihil
3171 4116 3303 4186 igne
3352 4111 3578 4193 perpeti.
3606 4116 3834 4181 posset,

2185 4220 2300 4259 non
2333 4191 2525 4260 ureret
2570 4202 2915 4259 fervefactus
2961 4199 3021 4254 in
3055 4197 3298 4253 balneis.
3345 4193 3417 4251 Ut
3463 4191 3620 4248 enim
3669 4197 3829 4258 urat,

2184 4285 2342 4356 prior
2369 4285 2578 4350 uritur,
2615 4283 2868 4353 facitque
2900 4280 3052 4353 quod
3087 4277 3314 4348 patitur.
3354 4275 3412 4331 Si
3443 4278 3639 4330 autem
3669 4272 3838 4344 quia-

2184 4382 2357 4436 quam
2408 4364 2570 4420 nulla
2612 4362 2821 4417 habere
2873 4375 3116 4432 corpora
3163 4359 3456 4413 daemones
3514 4357 3835 4436 asseverat,

2186 4434 2298 4500 non
2334 4451 2421 4500 est
2451 4446 2520 4500 de
2553 4443 2660 4498 hac
2689 4459 2750 4498 re
2779 4447 2880 4496 aut
2909 4440 3293 4495 laborandum
3315 4452 3559 4508 operosa
3583 4434 3837 4505 inquisi-

2185 4523 2362 4591 tione,
2397 4529 2498 4579 aut
2525 4521 2888 4579 contentiosa
2906 4520 3303 4590 disputatione
3327 4516 3690 4573 certandum.
3715 4513 3839 4569 Cur

2185 4607 2340 4660 enim
2387 4621 2497 4659 non
2547 4606 2837 4671 dicamus,
2888 4601 3152 4673 quamvis
3196 4598 3384 4663 miris,
3436 4604 3629 4652 tamen
3676 4595 3838 4651 veris

2184 4687 2376 4741 modis
2406 4687 2578 4741 etiam
2612 4685 2854 4756 spiritus
2893 4683 3262 4751 incorporeos
3295 4694 3466 4750 posse
3497 4693 3668 4748 praua
3697 4692 3840 4730 cor-

2185 4767 2396 4837 poralis
2441 4768 2591 4838 ignis
2635 4765 2836 4836 atﬂigi,
2886 4763 2936 4819 si
2984 4762 3224 4834 spiritus
3272 4760 3601 4826 hominum,
3653 4756 3836 4812 etiam

2246 5043 2264 5078 ί
2292 5045 2438 5100 Lov.,
2469 5050 2518 5090 et
2547 5041 2610 5088 in
2641 5040 2887 5104 martem.
2918 5037 3080 5104 Abest
3098 5037 3177 5104 et,_
3199 5047 3232 5084 a
3258 5029 3676 5104 cgetgrisﬁbris.
3735 5093 3749 5104 .

2247 5107 2268 5141 ²
2296 5107 2378 5154 Er.
2393 5095 2446 5155 et
2475 5107 2620 5163 Lov.,
2643 5100 3010 5162 incorporalis
3038 5099 3267 5147 noxius.
3290 5095 3584 5151 Redundat,
3607 5095 3842 5151 noxius,

2181 5183 2278 5219 nec
2306 5172 2385 5218 est
2413 5169 2468 5216 in
2493 5163 2882 5230 manuscriptis.
3103 5222 3129 5230 Α
3187 5222 3224 5230 ἢ
3303 5222 3314 5230 _
3419 5220 3434 5230 .
3560 5219 3610 5230 ..

2243 5233 2316 5293 (a)
2349 5232 2431 5278 Ita
2457 5230 2636 5293 sentit
2666 5219 2930 5286 Origenes,
2959 5223 3052 5272 lib.
3178 5220 3486 5293 feritur-ch”
3523 5219 3840 5293 ubinsolui‘n

2183 5282 2347 5343 Deum
2380 5294 2456 5340 ait
2483 5306 2597 5339 esse
2623 5282 3035 5350 incorporeum;
3083 5288 3137 5335 et
3181 5282 3738 5350 Tertullianus,_libpo
3777 5282 3842 5329 de

2184 5357 2351 5406 Carne
2383 5354 2592 5404 Christi.
2647 5344 2872 5411 Angelos
2916 5349 3046 5412 dicit
3089 5361 3220 5412 esse.
3248 5359 3548 5412 corporeo}.
3574 5344 3703 5412 licet
3730 5356 3840 5392 non

2182 5431 2339 5468 carne
2368 5417 2650 5479 praeditos.
2683 5407 2924 5467 Basilius,
2973 5411 3110 5479 libro
3152 5407 3838 5479 deSpii‘itti,Sancto._cap.

2185 5467 2260 5538 16,
2292 5467 2520 5541 Angelos
2563 5490 2669 5526 non
2701 5479 2909 5541 tantum
2933 5475 3056 5541 vult
3084 5487 3198 5522 esse
3225 5467 3520 5541 eoi-porcos,
3675 5467 3841 5541 etiam

2183 5531 2494 5606 in'pmpriis
2523 5539 2832 5606 co_rpori_bus
2859 5536 3028 5606 videri
3072 5548 3242 5606 posse,
3288 5531 3340 5606 et
3368 5531 3842 5606 vispspliquando

2183 5594 2344 5654 fuisse
2366 5594 2429 5652 in
2459 5594 2684 5666 septima
2711 5601 2926 5663 Synodo
2949 5594 3197 5666 generali,
3224 5598 3430 5666 actione
3445 5597 3492 5651 4,
3522 5594 3582 5666 in
3596 5594 3838 5642 eamdem

2185 5657 2535 5716 sententiam-
2558 5657 2860 5713 atteruntur
2913 5657 3065 5711 varia
3137 5659 3442 5710 testimonia
3517 5657 3842 5710 Graecorum

2185 5732 2480 5781 auctorum.
2510 5727 2766 5784 Cosanus.
