4146 6198
1281 70 1308 72 -
1369 70 1436 74 ——
1449 70 1970 78 —~.————————-————1
2003 71 2122 82 —--.-v-.—-v.
2141 70 2486 82 κ-κῇ-

349 431 470 504 725

349 579 464 652 ipsi
501 583 758 653 profecto
786 581 1132 656 incorporei,
1166 587 1221 638 et
1250 587 1406 639 nime
1440 587 1747 656 potuerunt
1781 579 1998 636 includi

349 661 758 731 corporalibus
793 663 1093 729 membris,
1129 669 1185 718 et
1218 673 1352 719 tunc
1395 668 1664 735 poterunt
1694 677 1997 732 corporum

351 753 592 796 suorum
627 743 874 798 vinculis
906 743 1294 799 insolubiliter
1316 743 2000 813 alligari?Adhaarebunt

351 821 511 892 ergo,
545 822 590 876 si
623 823 707 900 eis
738 823 894 878 nulla
927 826 1064 879 sunt
1095 841 1354 898 corpora,
1381 824 1621 897 spiritus
1643 825 1996 890 daemonum,

351 901 472 957 imo
504 901 748 974 spiritus
796 903 1111 973 daemones,
1143 904 1279 962 licet
1313 903 1657 977 incorporei,
1709 902 2000 973 corporeis

353 982 589 1053 ignibus
621 983 919 1038 cruciandi
948 1001 961 1040 :
1013 997 1127 1040 non
1160 990 1223 1041 ut
1272 985 1434 1057 ignes
1466 985 1599 1056 ipsi,
1651 983 1865 1054 quibus
1895 982 2000 1038 ad-

354 1060 681 1128 haerebunt,
716 1078 912 1119 eorum
943 1064 1617 1137 junctura‘inspirentur,
1647 1069 1701 1118 ct
1732 1061 2000 1118 animalia

353 1140 518 1212 ﬂant,
551 1158 680 1214 quae
711 1147 978 1199 constent
1005 1146 1214 1216 spiritu
1240 1152 1296 1200 et
1317 1161 1591 1214 corpore;
1625 1144 1746 1210 sed,
1771 1148 1836 1196 ut
1858 1141 1997 1209 dixi,

352 1222 519 1277 miris
548 1228 604 1276 et
634 1223 1029 1279 inei‘i‘abilibus
1062 1223 1250 1280 modis
1276 1223 1623 1280 adhaerendo
1647 1224 1996 1294 aecipientes

351 1317 418 1357 ex
471 1303 706 1373 ignibus
751 1320 1004 1376 pmnam,
1056 1322 1181 1367 non
1241 1307 1445 1361 dantes
1504 1305 1736 1372 ignibus
1794 1303 1994 1358 vitam.

349 1383 496 1448 Quia
521 1389 580 1439 et
609 1385 717 1440 iste
750 1385 896 1440 alius
927 1387 1156 1453 modus,
1189 1403 1302 1457 quo
1333 1387 1673 1458 corporibus
1702 1383 1998 1440 adhaerent

349 1464 614 1536 spiritus,
646 1471 697 1520 et
730 1466 1003 1522 animalia
1055 1467 1218 1538 iiunt,
1252 1467 1484 1523 omnino
1535 1468 1720 1522 mirus
1750 1471 1858 1534 est,
1892 1481 1998 1522 nec

347 1539 762 1618 comprehendi
794 1546 865 1602 ab
899 1546 1138 1602 homine
1170 1551 1380 1619 potest,
1437 1555 1488 1603 et
1523 1547 1632 1603 hoc
1663 1546 1789 1618 ipse
1821 1547 1994 1601 homo

345 1631 454 1682 est.

414 1709 470 1764 2.
503 1703 762 1763 Dicerem
785 1708 1018 1778 quidem
1053 1708 1136 1763 sic
1166 1725 1404 1766 arsuros
1427 1709 1557 1766 sine
1583 1709 1702 1765 ullo
1735 1725 1838 1763 suo
1869 1725 1992 1763 cor-

349 1793 488 1860 pore
520 1789 785 1860 Spiritus,
819 1789 971 1844 sicut
996 1789 1403 1860 ardebatapud
1438 1791 1652 1844 inferos
1684 1788 1778 1843 ille
1810 1789 1993 1853 dives,

345 1869 578 1941 quando
621 1869 872 1934 dicebat,
924 1869 1151 1925 Crucior
1179 1869 1238 1925 in
1263 1871 1366 1926 hac
1402 1871 1629 1941 ﬂamma
1679 1871 1831 1940 (Luc.
1878 1885 1991 1939 xvx,

343 1949 438 2019 24)
471 1965 486 2016 ;
520 1949 632 2005 nisi
669 1951 1081 2005 convenienter
1102 1952 1437 2022 responderi
1473 1957 1790 2020 cernerem,
1817 1950 1993 2005 talem

345 2029 522 2085 fuisse
543 2029 701 2085 illam
739 2030 1060 2100 flammam,
1092 2031 1291 2100 quales
1322 2032 1467 2088 oculi
1505 2049 1646 2100 quos
1678 2030 1905 2096 levavit,
1939 2034 1995 2084 et

346 2108 617 2165 Lazarum
676 2109 838 2176 vidit,
891 2111 1081 2182 qualis
1123 2111 1319 2183 lingua
1367 2111 1456 2166 cui
1509 2111 1815 2166 humorem
1870 2109 1992 2165 exi-

344 2203 525 2260 guum
558 2189 907 2244 desideravit
937 2189 1192 2258 infundi,
1225 2189 1418 2261 qualis
1450 2190 1668 2262 digitus
1698 2189 1891 2244 Lazari
1923 2190 1994 2244 de

347 2286 463 2340 quo
495 2268 553 2322 id
595 2269 704 2324 sibi
735 2270 857 2324 ﬁeri
896 2269 1206 2340 postulavit
1253 2287 1265 2324 :
1316 2271 1414 2326 ubi
1449 2276 1643 2325 tamen
1675 2273 1840 2324 erant
1868 2270 1994 2324 sine

346 2348 690 2420 corporibus
749 2349 980 2403 animae.
1032 2349 1128 2404 Sic
1177 2366 1314 2421 ergo
1367 2348 1747 2420 incorporalis
1794 2354 1851 2404 et
1896 2350 1996 2405 illa

346 2421 582 2483 ﬂamma
609 2443 720 2496 qua
750 2429 985 2496 exarsit,
1019 2429 1192 2483 etilla
1222 2428 1452 2501 guttula
1475 2441 1644 2500 quam
1691 2428 1950 2500 poposcit
1977 2447 1991 2497 ;

345 2507 539 2579 qualia
569 2507 744 2562 etiam
779 2511 918 2563 sunt
949 2511 1072 2564 visa
1101 2509 1519 2565 dormientium
1545 2510 1663 2565 sive
1694 2512 1750 2563 in
1783 2510 1992 2565 ecslasi

344 2589 706 2643 cernentium
755 2605 848 2644 res
898 2589 1311 2661 incorporales,
1357 2590 1638 2646 habentes
1687 2595 1884 2646 tamen
1914 2591 1992 2644 si-

347 2667 731 2725 militudinem
757 2686 1086 2743 corporum.
1114 2671 1258 2729 Nam
1281 2677 1338 2728 et
1361 2673 1483 2742 ipse
1525 2673 1695 2728 homo
1718 2688 1852 2726 cum
1883 2673 1992 2742 spi-

346 2749 487 2819 ritu,
519 2767 633 2804 non
673 2766 934 2822 corpore,
968 2751 1045 2807 sit
1075 2752 1132 2807 in
1163 2753 1378 2809 talibus
1403 2753 1560 2822 visis,
1593 2755 1674 2808 ita
1706 2769 1770 2809 se
1798 2758 1992 2810 tamen

346 2837 486 2885 tunc
516 2831 770 2885 similem
821 2848 926 2887 suo
952 2832 1177 2902 corpori
1209 2833 1388 2903 videt,
1431 2841 1490 2888 ut
1520 2834 1846 2889 discernere
1871 2850 1991 2888 om-

348 2910 490 2965 nino
524 2927 637 2966 non
674 2911 878 2982 possit.
910 2917 986 2968 At
1015 2929 1149 2968 vero
1179 2913 1441 2984 gehenna
1471 2913 1590 2982 illa,
1633 2915 1785 2984 quod
1818 2915 1990 2969 etiam

346 2994 627 3061 stagnum
679 2990 833 3061 ignis
879 2997 938 3047 et
966 2992 1266 3062 sulphuris
1297 2993 1520 3048 dictum
1564 2999 1650 3048 est
1677 2994 1858 3063 (Apoc.
1917 3009 1989 3048 xx

344 3069 425 3140 9),
460 3085 773 3140 corporeus
805 3071 956 3143 ignis
991 3071 1122 3136 erit,
1159 3077 1216 3126 et
1252 3071 1530 3127 cruciabit
1560 3088 1797 3144 corpora
1827 3072 1988 3128 dam-

347 3155 642 3217 natorum,
675 3155 777 3206 aut
805 3157 862 3206 et
896 3151 1194 3206 hominum
1227 3160 1281 3207 et
1306 3153 1663 3220 daemonum,
1685 3154 1871 3208 solida
1894 3154 1993 3209 ho-

345 3231 597 3295 minum,
645 3231 794 3287 aeria
841 3233 1176 3288 diemonum‘
1212 3249 1228 3300 ;
1287 3243 1384 3288 aut
1415 3238 1644 3288 tantum
1686 3234 1988 3290 hominum

341 3326 588 3382 corpora
629 3329 762 3366 cum
813 3312 1144 3384 spiritibus,
1189 3315 1478 3368 daemones
1521 3322 1713 3368 autem
1747 3314 1990 3386 spiritus

341 3391 472 3448 sine
520 3394 882 3462 corporibus,
933 3393 1210 3448 haerentes
1255 3395 1542 3448 sumendo
1593 3410 1840 3464 poenam,
1873 3412 1988 3450 non

339 3472 734 3545 impertiendo
792 3473 960 3529 vitam
1048 3472 1447 3543 corporalibus
1511 3473 1764 3544 ignibus.
1828 3474 1990 3530 Unus

341 3553 560 3624 quippe
575 3553 842 3625 utrisque
860 3551 1014 3625 ignis
1039 3553 1168 3619 erit,
1190 3553 1341 3608 sicut
1359 3553 1584 3608 Veritas
1606 3553 1750 3608 dixit
1777 3553 1988 3625 (Matth.

324 3650 460 3703 xxv,
495 3635 608 3706 41).

330 3801 572 3858 CAPUT
603 3801 693 3858 XI.
728 3831 795 3842 —
840 3800 921 3855 .in
957 3801 1055 3857 hoc
1082 3802 1226 3856 ratio
1265 3802 1505 3873 justitiae
1535 3800 1765 3868 habeat,
1791 3808 1852 3857 ut
1879 3817 1990 3858 non

405 3886 522 3938 sint
566 3884 880 3939 extensiora
920 3896 1210 3954 poenarum
1261 3891 1530 3955 tempora,
1573 3899 1740 3954 quam
1765 3886 1982 3956 fuerint

403 3970 774 4036 peccatorum.

407 4098 501 4155 Sic
533 4103 725 4154 antem
759 4096 999 4171 quidam
1028 4098 1261 4169 feorum,
1304 4101 1502 4155 contra
1533 4115 1680 4172 quos
1720 4100 1984 4156 defendi-

335 4197 472 4235 mus
504 4179 797 4235 civitatem
845 4178 966 4247 Dei,
1020 4178 1310 4249 injustum
1366 4185 1595 4250 putant,
1629 4185 1694 4236 ut
1725 4197 1824 4250 pro
1853 4198 1987 4252 pec--

335 4260 484 4315 catis
544 4257 867 4330 quamlibet
917 4260 1163 4331 magnis,
1199 4275 1370 4328 parvo
1447 4259 1668 4315 scilicet
1726 4266 1985 4332 tempore

336 4340 706 4410 perpetratis,
733 4356 899 4410 pcena
923 4341 1175 4411 quisque
1197 4341 1510 4395 damnetur
1540 4346 1753 4397 veterna
1777 4360 1790 4409 ;
1815 4343 1988 4413 quasi

333 4420 518 4475 ullius
559 4419 615 4474 id
663 4436 927 4490 unquam
968 4419 1199 4491 justitia
1230 4419 1374 4492 legis
1417 4424 1692 4490 attendat,
1727 4428 1790 4477 ut
1825 4429 1987 4478 tanta

331 4517 500 4555 mora
550 4501 834 4571 temporis
885 4500 1135 4572 quisque
1195 4505 1494 4571 puniatur,
1545 4508 1765 4574 quanta
1824 4519 1988 4558 mora

332 4582 615 4652 temporis
647 4583 801 4636 unde
829 4581 1138 4654 puniretur
1169 4578 1429 4636 admisit.
1465 4579 1602 4638 Octo
1633 4599 1841 4654 genera
1870 4602 1989 4655 pm-

332 4663 546 4717 narum
579 4662 639 4716 in
689 4659 917 4733 legibus
965 4678 1094 4717 esse
1133 4662 1330 4716 scribit
1379 4661 1630 4731 Tullius,
1682 4664 1986 4734 damnum,

329 4741 588 4808 vincula,
613 4742 869 4810 verbera,
908 4741 1210 4804 tationem,
1249 4742 1658 4812 ignominiam,
1690 4745 1982 4815 exsilium,

336 4827 611 4888 mortem,
631 4821 987 4876 servitutem.
1015 4821 1160 4888 Quid
1202 4821 1406 4876 horum
1435 4827 1524 4877 est
1551 4824 1704 4895 quod
1735 4825 1792 4879 in
1817 4825 1988 4882 breve

337 4907 572 4974 tempus
606 4917 707 4974 pro
739 4902 1026 4972 cujusque
1059 4901 1273 4972 peccati
1308 4901 1604 4956 celeritate
1635 4909 1984 4972 coarctetur,

336 4987 401 5037 nt
433 4988 595 5036 tanta
625 4980 950 5035 vindicetur
991 4979 1235 5048 morula,
1277 4989 1493 5052 quanta
1533 4981 1988 5052 deprehenditur

343 5068 764 5136 perpetratum,
797 5061 908 5116 nisi
960 5063 1102 5116 forte
1133 5061 1269 5116 talio
1319 5063 1395 5134 (a)
1428 5062 1454 5116 ?
1483 5063 1536 5116 id
1571 5065 1726 5119 enim
1760 5067 1898 5137 agit,
1926 5072 1989 5124 ut

334 5143 447 5200 hoc
479 5144 737 5216 patiatur
785 5143 1032 5214 quisque
1083 5144 1237 5212 quod
1292 5144 1446 5198 fecit.
1495 5143 1656 5199 Unde
1707 5144 1846 5201 illud
1901 5153 1988 5203 est

333 5225 520 5298 Legis,
564 5225 799 5284 Oculum
843 5241 942 5296 pro
980 5223 1154 5290 oculo,
1206 5223 1418 5279 dentem
1461 5241 1560 5296 pro
1593 5225 1753 5282 dente
1787 5228 1983 5299 (Exod.

388 5386 463 5444 (α)
508 5385 569 5432 In
615 5382 822 5443 legibus
863 5382 1148 5431 Duodecim
1191 5382 1512 5431 Tabularum
1543 5382 1618 5432 sic
1645 5383 1984 5433 habebatur:

325 5467 352 5493 α
383 5448 439 5495 Si
480 5447 781 5496 membrum
829 5445 994 5506 rupit.
1042 5447 1098 5493 ni
1141 5459 1263 5494 cum
1304 5459 1365 5494 eo
1409 5447 1567 5508 pacit,
1618 5447 1748 5496 talio
1794 5450 1920 5496 esto.
1962 5467 1986 5491 »

326 5511 602 5560 Talionem
645 5510 823 5557 autem
860 5507 1132 5561 vocabant.
1175 5507 1559 5570 quando’quis
1588 5510 1745 5570 quale
1775 5510 1986 5564 fecerat,

331 5574 436 5622 tale
468 5573 630 5622 etiam
661 5570 963 5632 patiebatur
993 5582 1004 5617 :
1058 5573 1120 5620 ut
1148 5570 1193 5618 si
1222 5571 1446 5620 emisset
1474 5572 1686 5621 oculum
1733 5573 1987 5627 alienum.

334 5636 600 5700 amitteret
629 5647 785 5700 suum
819 5647 830 5690 ;
863 5633 907 5682 si
937 5636 1267 5700 amputasset
1299 5635 1520 5700 alterius
1549 5647 1723 5692 nares.
1752 5636 1990 5700 perderet

333 5702 456 5761 quas
491 5712 504 5746 :
535 5696 601 5746 de
629 5696 782 5761 cuius
829 5696 1095 5761 aequitate
1143 5696 1604 5761 legisdisputatu'r
1627 5696 1772 5761 apud
1796 5700 1988 5748 Aulum

335 5758 587 5873 galliam,
635 5758 874 5812 Noctium
926 5759 1224 5808 Atticarum
1275 5758 1412 5808 libro
1464 5760 1546 5823 20,
1604 5758 1718 5825 cap.
1778 5761 1824 5812 1.
1869 5762 1985 5813 Lua.

1522 447 1756 508 LIBER
1799 425 2232 508 VIoEsI‘MUS
2275 421 2593 511 balbus.

3636 449 3755 516 726

2110 579 2227 648 xxi,
2257 581 2369 648 24).
2412 582 2554 638 Fieri
2605 584 2759 640 enim
2803 585 3010 658 potest,
3048 594 3108 642 ut
3158 595 3272 642 tam
3304 583 3464 643 brevi
3498 573 3759 661 tempore

2117 661 2365 733 quisque
2396 666 2626 719 amittat
2657 664 2886 720 oculum
2921 668 3227 722 severitate
3252 667 3539 737 vindictae,
3580 687 3757 741 quam

2116 741 2250 796 tulit
2281 743 2404 814 ipse
2437 745 2600 800 alteri
2651 747 3021 816 improbitate
3071 749 3312 818 peccati.
3362 750 3538 804 Porro
3568 749 3758 806 autem

2117 823 2164 877 si
2213 821 2410 878 alienas
2462 826 2691 882 femina:
2749 829 3011 883 osculum
3079 829 3349 894 inﬁxum,
3402 831 3647 884 rationis
3685 831 3761 886 sit

2115 903 2350 960 verbere
2386 905 2700 975 vindicare,
2737 924 2929 963 nonne
2971 910 3069 980 qui
3102 908 3246 963 illud
3290 916 3504 981 puncto
3535 914 3756 980 tempo-

2117 982 2200 1038 ris
2231 985 2444 1051 fecerit,
2485 985 2927 1058 incomparabili
2970 989 3250 1044 horarum
3277 989 3465 1060 spatio
3498 993 3759 1046 verbera-

2113 1067 2226 1131 tur,
2259 1070 2316 1119 et
2346 1069 2598 1123 suavitas
2630 1069 2945 1140 voluptatis
2992 1071 3208 1141 exiguae
3251 1071 3528 1125 diuturno
3561 1070 3760 1126 dolore

2115 1147 2577 1216 pUnitur?Quid,
2605 1150 2662 1202 in
2692 1148 2942 1205 vinculis
2968 1149 3254 1222 numquid
3280 1149 3299 1184 ί
3326 1156 3444 1204 tam
3473 1152 3570 1204 diu
3591 1151 3758 1221 quis-

2113 1223 2594 1295 quejudican‘dus
2617 1233 2704 1282 est
2725 1245 2850 1284 esse
2876 1228 3102 1297 debere,
3130 1245 3305 1301 quam
3331 1229 3428 1283 diu
3453 1230 3584 1284 fecit
3607 1232 3760 1286 unde

2113 1307 2325 1359 meruit
2351 1306 2574 1379 alligari
2603 1328 2615 1375 ;
2642 1310 3120 1378 cumjustissime
3147 1327 3396 1365 annosae
3415 1326 3615 1382 pmnas
3646 1328 3763 1366 ser-

2111 1397 2216 1439 vus
2242 1385 2298 1440 in
2323 1389 2692 1457 compedibus
2717 1391 2949 1460 pendat,
2985 1387 3079 1458 qui
3112 1389 3288 1444 verbo
3313 1383 3414 1444 aut
3445 1389 3561 1444 ictu
3587 1391 3760 1446 celer-

2110 1465 2256 1520 rime
2289 1471 2628 1523 transeunte
2678 1470 2761 1524 vel
2808 1469 3097 1525 lacessivit
3145 1469 3469 1539 dominum,
3513 1470 3600 1525 vel
3635 1472 3761 1542 pla-

2109 1546 2460 1614 gavit?Jam'
2484 1564 2611 1602 vero
2630 1549 2935 1616 damnum,
2957 1550 3300 1622 ignominia,
3339 1550 3602 1606 exsilium
3629 1567 3745 1606 ser-

2108 1625 2282 1694 vitus,
2316 1643 2448 1681 cum
2482 1627 2825 1700 plerumque
2852 1629 2934 1684 sic
2956 1629 3324 1700 inﬂiguntur,
3350 1635 3414 1686 ut
3444 1629 3568 1694 ulla,
3593 1631 3760 1685 venia

2107 1705 2458 1774 ralaxentur,
2503 1725 2694 1763 nonne
2719 1709 2822 1779 pro
2853 1710 3038 1780 hujus
3063 1711 3190 1765 vitae
3220 1711 3387 1765 modo
3407 1710 3623 1765 similia
3647 1709 3760 1781 pce-

2107 1786 2198 1841 nis
2221 1787 2494 1842 videntur
2514 1794 2745 1843 (sternis
2774 1790 2802 1843 ?
2839 1787 2970 1844 Ideo
3007 1791 3224 1861 quippe
3264 1795 3476 1844 aeterna
3497 1807 3617 1845 esse
3642 1807 3754 1844 non

2106 1869 2514 1941 possunt,quia
2539 1885 2642 1924 nec
2666 1870 2794 1941 ipsa
2823 1870 2961 1939 vita,
2985 1887 3112 1941 quae
3135 1871 3225 1926 his
3249 1869 3537 1942 plectitur,
3567 1871 3757 1942 porri-

2105 1949 2262 2022 gitur
2284 1948 2339 2002 in
2366 1955 2643 2005 aeternum
2666 1955 2750 2005 :et
2775 1956 2955 2005 tamen
2983 1956 3372 2023 peccata,qute
3388 1951 3759 2007 vindicantur

2105 2027 2430 2099 longissimi
2451 2031 2733 2100 temporis
2755 2030 2958 2097 pcenls,
2983 2031 3606 2102 brevis‘simo‘tempore
3633 2039 3757 2101 per-

2107 2113 2454 2176 petrantur;
2491 2124 2593 2162 nec
2627 2111 2942 2180 quisquam
2976 2111 3186 2164 exstitit
3228 2111 3325 2180 qui
3351 2114 3612 2166 censeret
3633 2107 3748 2166 tam

2107 2187 2220 2260 cito
2249 2188 2581 2241 nocentium
2615 2186 2871 2242 finienda
2911 2204 3038 2243 esse
3087 2193 3392 2257 tormenta,
3427 2200 3604 2260 qu‘am
3638 2191 3753 2244 cito

2107 2259 2325 2320 factum
2359 2270 2446 2321 est
2477 2266 2563 2321 vel
2587 2265 2990 2333 homicidium,
3017 2268 3106 2322 vel
3138 2259 3515 2335 adulterium,
3549 2266 3635 2322 vel
3666 2285 3760 2323 sa-

2107 2343 2552 2417 crile‘giumfvel
2584 2346 2882 2418 quodlibet
2913 2347 3067 2402 aliud
3111 2346 3326 2416 scelus,
3370 2364 3483 2401 non
3527 2354 3756 2419 tempo-

2106 2424 2188 2480 ris
2220 2424 2603 2496 longitudine,
2650 2425 2746 2480 sed
2801 2425 3129 2497 iniquitatis
3179 2427 3236 2480 et
3285 2422 3595 2496 impietatis
3637 2441 3756 2480 ma-

2105 2506 2412 2576 gnitudine
2436 2507 2814 2562 metiendum.
2847 2507 2952 2570 Qui
2986 2522 3121 2561 vero
3154 2521 3256 2576 pro
3306 2506 3503 2578 aliquo
3544 2507 3753 2577 grandi

2106 2584 2344 2640 crimine
2373 2594 2554 2641 marte
2587 2583 2924 2652 mulctatur,
2961 2583 3245 2656 numquid
3289 2583 3452 2640 mora
3487 2593 3604 2657 qua
3652 2587 3748 2642 oc-

2105 2665 2340 2734 ciditur,
2373 2677 2499 2739 quas
2537 2665 2827 2738 perbrevis
2875 2670 2982 2733 est,
3033 2667 3161 2737 ejus
3206 2663 3564 2736 supplicium
3596 2666 3751 2736 leges

2105 2748 2418 2814 astimant,
2451 2752 2508 2801 et
2542 2763 2653 2802 non
2687 2747 2840 2818 quod
2875 2762 3007 2801 eum
3040 2746 3098 2801 in
3138 2745 3560 2817 sempiternum
3589 2747 3751 2801 aufe-

2106 2831 2242 2882 runt
2270 2831 2338 2880 de
2367 2827 2643 2883 societate
2683 2827 3000 2881 viventium
3055 2825 3084 2880 7
3117 2828 3276 2893 Quod
3326 2831 3415 2881 est
3455 2831 3647 2881 autem
3681 2826 3752 2880 de

2102 2905 2215 2962 ista
2245 2907 2476 2962 civitate
2502 2907 2729 2962 mortali
2759 2907 3024 2962 homines
3053 2905 3335 2977 supplicio
3368 2906 3568 2976 prima:
3597 2921 3750 2959 mor-

2104 2986 2198 3053 tis,
2228 2988 2332 3042 hoc
2359 2996 2438 3042 est
2470 2988 2541 3042 de
2572 2987 2801 3042 civitate
2833 2987 2929 3041 illa
2965 2986 3278 3040 immortali
3315 2985 3579 3041 homines
3611 3002 3752 3055 sup-

2104 3067 2274 3138 plicio
2307 3067 2574 3122 secundm
2609 3068 2815 3122 mortis
2849 3067 3092 3122 auferre.
3123 3067 3285 3120 Sicut
3311 3065 3464 3121 enim
3513 3081 3630 3120 non
3662 3065 3749 3120 ef-

2103 3149 2303 3204 ﬁciunt
2333 3149 2486 3219 leges
2519 3149 2695 3218 huius
2720 3148 2994 3214 civitatis,
3029 3153 3090 3202 ut
3128 3148 3186 3202 in
3219 3163 3346 3202 eam
3376 3144 3628 3217 quisque
3661 3162 3746 3200 re-

2100 3236 2333 3284 vocetur
2361 3229 2590 3284 occisus
2623 3247 2638 3296 ;
2671 3227 2758 3282 sic
2783 3244 2885 3282 nec
2919 3227 3100 3291 illius,
3133 3230 3195 3280 ut
3225 3227 3284 3280 in
3317 3227 3490 3280 vitam
3524 3242 3748 3280 revoce-

2102 3316 2192 3362 tur
2219 3309 2447 3364 occisus
2483 3326 2498 3376 ;
2532 3308 2616 3364 sic
2665 3323 2770 3362 nec
2812 3307 2987 3375 illius,
3029 3307 3180 3361 utin
3231 3307 3403 3360 vitam
3448 3312 3747 3362 revocetur

2099 3393 2398 3452 aeternam,
2463 3389 2718 3443 secunda
2790 3393 2972 3442 morte
3033 3388 3370 3440 damnatus.
3447 3386 3744 3448 Quomodo

2099 3483 2234 3536 ergo
2265 3483 2464 3522 verum
2496 3473 2604 3532 est,
2628 3466 2922 3535 inquiunt,
2957 3467 3110 3536 quod
3136 3465 3217 3518 ait
3245 3465 3514 3519 Christus
3538 3471 3750 3532 vester,

2097 3548 2166 3601 In
2195 3559 2304 3616 qua
2331 3552 2590 3599 mensura
2621 3547 2802 3599 mensi
2833 3545 3082 3614 fueritis,
3113 3544 3176 3598 in
3212 3549 3282 3597 ea
3309 3543 3636 3597 remeti‘etu‘r
3658 3561 3752 3598 vo-

2099 3626 2181 3680 bis
2213 3625 2366 3695 (Luc.
2408 3623 2482 3692 vi,
2515 3622 2629 3694 38),
2669 3623 2716 3678 si
2765 3623 3082 3694 temporale
3127 3627 3428 3693 peCcatum
3461 3617 3750 3691 supplicio

2099 3706 2341 3778 punitur
2371 3711 2586 3761 aeterno
2634 3705 2709 3776 (a)
2759 3704 2786 3758 ‘I
2815 3703 2930 3759 Nec
2985 3704 3314 3771 attendunt,
3367 3718 3482 3756 non
3515 3706 3748 3772 propter

2098 3786 2318 3858 aequale
2347 3786 2628 3857 temporis
2660 3785 2942 3855 spatium,
2987 3783 3090 3839 sed
3121 3787 3357 3855 propter
3388 3780 3746 3858 vicissitudi-

2099 3855 2231 3923 nem
2266 3866 2434 3933 mali,
2457 3855 2522 3921 id
2545 3873 2654 3931 est",
2686 3869 2751 3920 ut
2804 3861 2904 3935 qui
2941 3865 3094 3920 male
3129 3861 3356 3929 iecerit-,-
3383 3855 3535 3915 mala
3568 3859 3747 3932 patia-

2095 3954 2212 4016 tur,
2262 3947 2528 4004 eamdem
2579 3947 2792 4002 dictam
2828 3947 3004 4001 fuisse
3053 3959 3414 4000 mensuram.
3469 3941 3745 4012 Quamvis

2093 4028 2203 4084 hoc
2234 4028 2292 4082 in
2323 4043 2391 4083 ea
2421 4043 2480 4080 re
2513 4027 2743 4098 proprie
2775 4027 2952 4095 possit
2982 4025 3186 4094 accipi,
3212 4024 3281 4077 de
3313 4039 3429 4095 qua
3460 4021 3744 4108 Dominus

2094 4121 2224 4165 cum
2259 4108 2364 4163 hoc
2404 4105 2638 4174 diceret,
2689 4105 3046 4174 loquebatur,
3082 4105 3136 4158 i'd
3172 4107 3279 4171 est,
3321 4105 3390 4158 de
3415 4102 3660 4175 judiciis'
3690 4108 3746 4158 et

2095 4186 2690 4244 condemnationibus.
2732 4184 2974 4241 Proinde
3006 4184 3105 4255 qui
3141 4184 3367 4255 judicat
3397 4187 3452 4237 et
3479 4183 3747 4260 condem-

2095 4273 2198 4324 nat
2228 4270 2465 4337 injuste,
2505 4269 2553 4322 si
2594 4266 2895 4335 judicatur
2941 4271 2999 4319 et
3019 4265 3446 4319 condemnatur
3470 4263 3650 4331 juste,
3683 4261 3741 4316 in

2095 4353 2294 4407 eadem
2357 4353 2630 4405 mensura
2679 4348 2905 4418 recipit,
2957 4345 3224 4416 quamvis
3267 4353 3380 4398 non
3432 4343 3541 4397 hoc
3584 4342 3737 4412 quod

2093 4432 2274 4486 dedit.
2306 4429 2536 4485 Judicio
2584 4426 2738 4482 enim
2793 4426 2949 4489 iecit,
2973 4425 3198 4495 j‘u'dicio
3231 4425 3450 4494 patitu'r'
3481 4437 3495 4476 :
3532 4425 3740 4491 quam-

2094 4513 2181 4566 vis
2213 4513 2407 4565 t'ecerit
2438 4509 2812 4564 damnatione
2845 4510 2996 4578 quod
3033 4506 3303 4576 iniquum
3345 4509 3454 4572 est,
3487 4503 3743 4572 patiatur

2094 4589 2465 4646 damnatione
2482 4591 2642 4660 quod
2661 4588 2890 4657 justum
2913 4591 3021 4643 est.

2094 4775 2324 4832 CAPUT
2354 4775 2476 4830 Xll.
2509 4805 2576 4815 --
2608 4774 2680 4829 De
2695 4771 3085 4842 magnitudine
3115 4767 3596 4841 praevaricationis
3616 4768 3742 4836 pri-

2163 4873 2288 4924 mae,
2319 4856 2384 4911 ob
2413 4871 2577 4928 quam
2605 4859 2816 4912 aeterna
2859 4869 3022 4924 paena
3052 4850 3306 4906 omnibus
3333 4848 3615 4913 debeatur,
3646 4844 3745 4916 qui

2164 4944 2332 4993 extra
2369 4935 2609 5006 gratiam
2638 4937 2849 5003 fuerint
2877 4931 3201 4987 Saluatoris.

2165 5127 2274 5184 Sed
2306 5127 2473 5195 poena
2515 5128 2729 5195 aeterna
2753 5121 2895 5195 ideo
2927 5120 3086 5195 dura
3123 5115 3182 5195 e_t'
3207 5116 3427 5195 iniusta
3466 5111 3739 5195 sensibus

2092 5186 2325 5255 videtur
2355 5194 2647 5262 humanis,
2671 5192 2806 5264 quia
2837 5192 2895 5246 in
2929 5190 3039 5246 hac
3072 5189 3410 5244 inﬁrmitate
3443 5186 3748 5240 moribun-‘

2093 5281 2298 5336 dorum
2333 5277 2615 5332 sensuum
2649 5275 2813 5330 deest
2841 5271 2938 5328 ille
2969 5286 3180 5327 sensus
3212 5267 3526 5324 altissima
3548 5266 3739 5338 puris-

2158 5571 2169 5603 ι
2208 5567 2364 5622 Editi,
2401 5566 2546 5622 Quid
2575 5566 2634 5614 in
2664 5561 2910 5614 vinculi:
2931 5562 2956 5609 ρ
2987 5555 3280 5621 Numquid
3311 5537 3404 5602 ibi.
3433 5553 3614 5606 Abest,
3644 5548 3740 5611 ibi,

2090 5645 2124 5681 a
2151 5631 2544 5690 manuscriptis.
3296 5679 3316 5690 ,.
3351 5679 3354 5686 .
3398 5673 3456 5690 η,
3526 5679 3539 5690 .
3623 5673 3628 5678 -

2155 5672 2574 5754 (amasene.
2627 5690 2733 5748 102.
2764 5691 2830 5741 ad
2862 5690 2964 5738 Deo
3007 5679 3223 5748 gratias,
3271 5673 3477 5745 quaest.
3517 5679 3564 5736 4,
3593 5673 3647 5727 ιι.
3679 5672 3742 5723 22

2090 5758 2144 5806 et
2171 5769 2318 5821 seqq.
