4146 6198
366 288 479 354 721

367 428 645 498 simmque
691 419 1008 494 sapientiae,
1058 435 1172 491 quo
1238 419 1442 474 sentiri
1491 420 1677 492 possit
1725 422 2009 490 quantum

370 509 533 565 nefas
563 509 622 560 in
652 505 752 560 illa
782 501 969 573 prima
1001 500 1466 570 praevaricatione
1499 501 1880 556 commissum
1911 501 2008 554 sit-

369 591 596 657 Quanto
658 585 814 641 enim
865 585 1049 656 magis
1097 583 1269 636 homo
1317 585 1617 638 fruebatur
1665 583 1802 649 Deo,
1853 585 2014 637 tanto

370 671 586 739 majore
630 665 929 736 impietate
978 663 1287 734 dereliquit
1344 664 1552 730 Deum,
1601 667 1657 718 et
1701 665 1892 718 factus
1931 667 2016 716 est

371 749 525 804 malo
551 747 764 818 dignus
797 753 1028 808 aeterno,
1054 745 1149 813 qui
1188 744 1296 799 hoc
1329 745 1386 798 in
1421 761 1482 800 se
1509 745 1751 816 peremit
1774 745 2014 810 bonum,

369 831 525 902 quod
558 846 685 884 esse
717 829 912 898 posset
946 832 1245 881 internum.
1299 827 1444 882 Hine
1491 832 1578 883 est
1612 829 1884 883 universa
1914 844 2015 900 ge-

367 911 522 967 neris
555 909 797 964 humani
841 924 1032 962 massa
1081 908 1404 964 damnata:
1461 911 1737 980 quoniam
1767 909 1865 981 qui
1910 909 2018 964 hoc

370 990 645 1060 primitus
679 989 692 1021 ¹
725 987 977 1053 admisit,
1011 1004 1143 1042 cum
1179 1006 1245 1043 ea
1273 1005 1394 1058 quae
1425 989 1483 1042 in
1517 991 1616 1046 illo
1651 992 1835 1045 fuerat
1866 989 2018 1045 radi-

370 1074 499 1125 cata
529 1087 637 1125 sua
666 1069 840 1138 stirpe
874 1070 1110 1138 punitus
1150 1074 1260 1131 est,
1295 1075 1358 1124 ut
1389 1069 1582 1124 nullus
1609 1073 1680 1126 ab
1715 1071 1821 1125 hoc
1855 1073 2018 1140 justo

369 1149 681 1219 debitoque
728 1148 1037 1219 supplicio,
1073 1148 1185 1202 nisi
1226 1150 1622 1205 misericordia
1679 1155 1734 1206 et
1761 1150 2020 1205 indebita

369 1229 550 1302 gratia
574 1228 852 1286 liberetur
894 1244 907 1295 ;
949 1234 1122 1298 atque
1153 1228 1234 1283 ita
1279 1229 1653 1299 dispertiatur
1697 1248 1880 1299 genus
1905 1231 2015 1285 hu-

372 1325 630 1375 manum,
667 1316 726 1363 ut
756 1308 817 1363 in
871 1309 1222 1380 quibusdam
1267 1309 1701 1364 demonstretur
1749 1310 1885 1381 quid
1920 1327 2017 1366 va-

372 1391 488 1446 leat
519 1390 847 1446 misericors
896 1389 1104 1462 gratia,
1160 1391 1218 1444 in
1253 1390 1472 1445 caeteris
1522 1390 1666 1461 quid
1703 1390 1869 1461 justa
1898 1390 2019 1446 vin-

374 1470 546 1525 dicta.
591 1469 782 1540 lNeque
831 1469 981 1524 enim
1036 1475 1348 1540 utrumque
1416 1471 1912 1526 demonstraretur
1959 1472 2018 1526 in

373 1550 648 1609 omnibus
689 1568 701 1605 :
747 1550 897 1620 quia,
951 1550 1000 1604 si
1038 1567 1241 1606 omnes
1286 1557 1650 1606 remanerent
1705 1553 1764 1606 in
1836 1554 2018 1623 pinnis

370 1635 540 1704 justas
583 1632 998 1699 damnationis,
1033 1632 1092 1686 in
1142 1631 1303 1687 nullo
1361 1637 1664 1702 appareret
1699 1633 2020 1688 misericors

369 1713 556 1785 gratia
595 1711 936 1766 redimentis
967 1712 988 1744 ²
1020 1727 1032 1766 :
1079 1727 1335 1777 rursum,
1391 1713 1436 1766 si
1471 1727 1671 1766 omnes
1703 1730 1736 1766 a
1764 1713 2020 1769 tenebris

328 1822 336 1870 χ
369 1792 826 1847 transferrentur
856 1793 913 1845 in
937 1791 1147 1857 lucem,
1184 1792 1240 1843 in
1276 1790 1436 1845 nullo
1467 1799 1769 1861 appareret
1799 1795 2017 1848 severi-

370 1876 460 1929 tas
485 1872 508 1907 ³
531 1873 792 1928 ultionis.
819 1875 883 1929 In
915 1889 1031 1943 qua
1063 1877 1363 1942 propterea
1403 1872 1582 1927 multo
1616 1873 1810 1942 plures
1841 1889 2019 1945 quam

372 1955 430 2012 in
461 1952 559 2007 illa
585 1958 742 2022 sunt,
774 1959 838 2008 ut
873 1953 953 2008 sic
985 1953 1325 2007 ostendatur
1363 1953 1500 2022 quid
1535 1953 1806 2008 omnibus
1839 1953 2020 2008 debe-

374 2037 552 2090 retur.
587 2034 746 2099 Quod
783 2033 828 2088 si
859 2032 1131 2089 omnibus
1171 2031 1524 2100 redderetur,
1569 2033 1860 2102 justitiam
1894 2037 2023 2089 vin-

377 2113 797 2181 dicantisjuste
829 2129 997 2167 nemo
1037 2112 1480 2182 reprehenderet
1519 2127 1533 2166 :
1568 2112 1708 2184 quia
1737 2129 1867 2168 vero
1903 2118 2020 2168 tam

378 2192 546 2249 multi
577 2194 783 2248 exinde
806 2193 1148 2258 liberantur,
1178 2199 1268 2248 est
1291 2195 1442 2247 unde
1474 2199 1727 2266 agantur
1757 2195 2022 2251 maximis

376 2274 571 2346 gratiis
596 2275 844 2342 gratuito
875 2275 1100 2330 muneri
1147 2273 1470 2329 liberantis.

378 2435 608 2492 CAPUT
638 2436 791 2494 Xlll.
826 2467 894 2478 —
943 2439 1146 2494 Contra
1183 2440 1500 2509 opinionem
1545 2455 1734 2495 eorum
1782 2443 1880 2512 qui
1923 2458 2025 2512 pu-

450 2523 568 2574 tant
597 2517 913 2574 criminosis
942 2520 1189 2591 supplica
1217 2529 1337 2592 post
1372 2527 1600 2576 mortem
1627 2537 1791 2578 causa
1810 2540 2027 2594 purga-

451 2595 615 2652 tionis
644 2596 896 2654 adhiberi
901 2632 922 2656 ι

445 2736 723 2792 Platonici
757 2736 1010 2806 quidem,
1035 2735 1298 2807 quamvis
1336 2735 1625 2804 impunita
1657 2738 1818 2794 nulla
1844 2739 2026 2794 velint

375 2833 506 2872 esse
534 2822 786 2887 peccata,
823 2822 1014 2870 tamen
1048 2831 1249 2869 omnes
1280 2833 1480 2886 poenas
1512 2819 1904 2872 emendationi
1928 2822 2025 2874 ad-

375 2896 564 2952 hiberi
624 2901 848 2966 putant,
900 2894 985 2948 vel
1038 2894 1317 2950 humanis
1374 2896 1624 2951 inﬂictas
1667 2897 1912 2966 legibus,
1937 2898 2024 2954 vel

381 2977 619 3044 divinis,
652 2975 771 3029 sive
800 2975 858 3028 in
909 2975 1018 3028 hac
1051 2974 1183 3040 vita,
1217 2977 1338 3031 sive
1380 2984 1507 3046 post
1557 2983 1815 3046 mortem,
1847 2979 1895 3032 si
1923 2985 2024 3034 aut

379 3062 649 3126 parcatur
667 3055 764 3108 hic
785 3054 1017 3124 cuique,
1043 3059 1145 3106 aut
1168 3055 1244 3107 ita
1270 3054 1552 3123 plectatur
1567 3061 1628 3110 ut
1651 3057 1740 3110 hic
1758 3074 1870 3112 non
1903 3075 2023 3113 cor-

377 3133 617 3200 rigatur.
653 3130 797 3184 Hinc
835 3136 924 3185 est
972 3131 1226 3184 Maronis
1273 3131 1373 3184 illa
1416 3135 1722 3202 sententia,
1755 3137 1852 3190 ubi
1886 3154 2022 3195 cum

372 3211 613 3266 dixisset
636 3209 961 3264 deterrenis
985 3210 1326 3281 corporibus
1350 3213 1828 3287 moribundisque
1848 3233 2024 3274 mem-

377 3290 512 3358 bris,
545 3291 693 3359 quod
725 3289 933 3344 animas

435 3417 566 3484 {line
575 3417 1175 3484 metuuntcupiuntque,
1189 3419 1370 3484 dolent
1381 3420 1732 3484 gaudentque.
1755 3437 1852 3475 nec
1861 3439 2020 3478 auras

434 3479 757 3543 Suspiciunt,
789 3481 999 3530 clausae
1031 3479 1260 3531 tenebris
1287 3486 1340 3531 et
1366 3479 1574 3533 carcere
1602 3479 1754 3536 caeco
1777 3501 1789 3536 :

369 3607 607 3658 secutus
638 3601 924 3672 adjunxit,
959 3605 1132 3671 atque
1172 3601 1252 3654 ait
1285 3616 1299 3654 :

432 3737 565 3795 Quia
591 3739 644 3787 et
671 3751 918 3802 supremo
947 3752 1068 3789 cum
1095 3739 1299 3790 lumine
1331 3740 1445 3790 vita
1471 3741 1688 3805 reliquit
1718 3757 1731 3803 ;

371 3852 428 3907 id
465 3857 572 3920 est,
607 3869 738 3909 cum
763 3855 856 3910 die
888 3857 1197 3910 novissimo
1230 3855 1464 3929 reliquit
1494 3875 1592 3914 eas
1613 3859 1725 3915 ista
1755 3861 1890 3919 vita.

431 3967 760 4036 Nongtamen
801 3968 1016 4032 (inquit)
1053 3983 1209 4021 omne
1253 3971 1456 4021 malum
1492 3973 1717 4036 miseris,
1759 3989 1856 4026 nec
1890 3977 2018 4026 tun-

494 4031 638 4079 ditus
667 4045 866 4080 omnes.

431 4092 690 4158 Corporae
718 4095 980 4142 excedunt
1007 4097 1196 4157 pestes,
1227 4098 1539 4158 penitusque
1568 4113 1776 4150 necesse
1805 4104 1885 4151 est

430 4155 596 4204 Multa
617 4157 710 4205 diu
739 4160 983 4206 concreta
1008 4155 1180 4207 modis
1201 4155 1484 4209 inolescere
1513 4163 1677 4211 miris.

430 4218 563 4284 Ergo
578 4221 1118 4284 exercenturipmnis.
1151 4225 1495 4284 veterumque
1528 4226 1791 4274 malorum

432 4281 700 4347 §upplicia
727 4283 1036 4347 expendunt
1065 4298 1076 4332 :
1109 4285 1244 4333 aliae
1277 4281 1586 4347 panduntur
1615 4288 1804 4337 inanes

432 4342 728 4408 ‘_Su_spensae
742 4342 821 4408 _ac_1
851 4348 1054 4408 ventos,
1091 4347 1212 4393 aliis
1238 4342 1337 4395 sub
1366 4350 1569 4408 gurgite
1598 4353 1751 4398 vasto

432 4404 689 4453 Infectum
710 4405 910 4454 eluitur
937 4407 1126 4472 scelu_s.
1158 4411 1252 4472 aut
1278 4404 1520 4472 exuritur
1543 4412 1669 4472 igni.

1007 4468 1239 4529 (Δῖησὶά.
1268 4471 1359 4520 lib.
1392 4472 1439 4530 6,
1471 4489 1520 4526 υ.
1551 4468 1801 4536 733-742.)

441 4579 549 4646 Qui
590 4580 699 4666 hoc
749 4583 1083 4654 opinantur,
1135 4587 1327 4644 nullas
1358 4606 1555 4661 poenas
1608 4592 1715 4646 nisi
1749 4597 2014 4666 purgato-

372 4660 485 4718 rias
514 4662 716 4718 volunt
763 4680 887 4719 esse
938 4671 1068 4736 post
1098 4660 1372 4737 mortem,
1411 4676 1474 4725 ut
1520 4660 1794 4741 quoniam
1844 4660 2014 4728 torris

368 4744 669 4814 superiora
701 4752 840 4800 sunt
869 4745 1178 4816 elementa,
1200 4765 1369 4820 aqua,
1405 4765 1525 4817 aer,
1557 4767 1624 4806 ex
1646 4751 1836 4820 aliquo
1869 4752 2014 4808 isto-

368 4840 500 4880 rum
529 4827 844 4881 mundetur
867 4844 969 4898 per
985 4829 1336 4901 expiatorias
1361 4848 1581 4902 pinnas,
1607 4835 1761 4904 quod
1785 4839 2014 4892 terrena

367 4904 710 4986 contagione
750 4914 1111 4965 contractum
1162 4915 1266 4966 est.
1319 4915 1427 4966 Aer
1475 4913 1692 4985 quippe
1734 4914 2016 4986 accipitur

367 4983 426 5039 in
463 5001 529 5039 eo
557 4988 704 5055 quod
750 4989 847 5055 ait,
887 4989 1179 5058 Suspensas
1230 4994 1302 5047 ad
1358 5000 1542 5048 ventos
1581 5011 1601 5049 :
1626 4983 1810 5066 aqua
1856 4983 1915 5050 in
1948 5013 2013 5052 eo

367 5066 517 5135 quod
553 5067 654 5134 ait,
685 5067 796 5122 Sub
837 5073 1049 5139 gurgite
1076 5082 1232 5126 vasto
1269 5090 1287 5126 :
1331 5073 1481 5144 ignis
1520 5080 1715 5130 autem
1754 5093 1862 5132 suo
1903 5095 2014 5134 no-

365 5146 524 5229 mine
553 5163 861 5218 expressus
899 5155 1006 5218 est,
1058 5167 1190 5206 cum
1242 5153 1406 5220 dixit,
1438 5156 1543 5210 Aut
1584 5158 1847 5211 exuritur
1875 5159 2012 5229 igni.

363 5226 480 5284 Nos
509 5245 645 5283 vero
674 5230 846 5286 etiam
897 5231 956 5286 in
1002 5233 1109 5290 hac
1157 5234 1390 5306 quidem
1435 5238 1666 5294 mortali
1722 5241 1839 5296 vita
1885 5226 2014 5298 esse

365 5307 648 5392 quaedam
694 5325 892 5378 pcenas
926 5315 1288 5381 purgatorias
1336 5317 1702 5387 confitemur,
1740 5335 1854 5374 non
1885 5321 2010 5392 qui-

364 5386 470 5444 bus
494 5388 836 5460 afﬂiguntur
857 5408 1097 5462 quorum
1131 5394 1248 5453 vita
1284 5395 1368 5452 vel
1393 5415 1506 5454 non
1529 5399 1665 5455 inde
1689 5402 1751 5456 fit
1785 5386 2008 5470 melior,

427 5548 444 5611 Ῑ
474 5543 721 5611 Eleaque
748 5547 892 5608 M85.,
914 5549 1160 5611 primus.

423 5605 446 5670 ξ
474 5605 723 5670 Yet-bum.
754 5605 1096 5670 rudimentis,
1125 5615 1277 5665 abest
1303 5630 1335 5665 a
1362 5617 1481 5666 Mss.

427 5668 447 5700 ³
479 5668 538 5714 In
570 5668 688 5717 Mss.
715 5672 996 5736 plerisque,
1027 5668 1254 5728 veritas.

1427 287 1528 349 DE
1571 285 1940 349 CIVITATE
1985 283 2140 359 DEI,
2187 287 2254 347 S.
2301 287 2723 351 AUGUSTINI

2047 4357 2053 4364 ·
2128 4338 2336 4391 artium
2371 4335 2551 4390 fuisse
2595 4335 2926 4404 perhibetur
2974 4336 3235 4390 inventor
3281 4352 3294 4390 :

3653 291 3772 358 728

2118 419 2205 474 vel
2240 420 2434 490 potius
2465 421 2599 478 inde
2631 423 2694 477 fit
2723 422 2885 493 pejor
2916 422 3056 487 :sed
3081 421 3198 478 illis
3229 427 3368 478 sunt
3398 429 3768 499 purgatoriaa,

2122 502 2219 574 qui
2251 503 2333 558 eis
2361 504 2596 559 coerciti
2639 505 3028 576 corriguntur.
3062 505 3293 562 Caetera:
3323 523 3523 566 omnes
3562 527 3769 582 pcsnw,
3837 526 3844 531 '

2120 582 2236 638 sive
2264 585 2648 655 temporaria,
2679 588 2799 642 sive
2847 586 3238 657 sempiternis,
3272 588 3425 644 sicut
3452 592 3770 663 unusquis-

2122 679 2234 735 que
2265 665 2457 721 divina
2490 667 2849 737 providentia
2879 669 3225 723 tractandus
3273 673 3380 738 est,
3415 671 3770 742 inferuntur,

2122 745 2207 799 vel
2244 762 2342 816 pro
2376 747 2626 817 peccatis
2658 747 2778 803 sive
2809 748 3134 820 praeteritis,
3168 749 3288 805 sive
3328 750 3386 806 in
3421 753 3637 823 quibus
3666 755 3774 809 ad-

2123 825 2239 880 huc
2268 826 2408 881 vivit
2437 827 2532 882 ille
2579 828 2676 898 qui
2711 827 2997 898 plectitur,
3030 827 3116 884 vel
3165 845 3267 900 pro
3299 835 3636 889 exercendis
3668 834 3772 890 de-

2123 903 2534 978 clarandisque
2572 908 2904 974 virtutibus,
2957 924 3059 978 per
3108 909 3376 966 homines
3427 917 3484 967 et
3511 913 3773 984 angelos,

2123 1002 2226 1040 seu
2261 986 2443 1041 bonos
2489 1004 2586 1044 seu
2639 988 2844 1043 malos.
2878 987 3019 1043 Nam
3071 989 3178 1044 etsi
3234 990 3546 1062 quisquam
3584 997 3600 1029 ⁸
3637 993 3774 1048 mali

2125 1065 2342 1136 aliquid
2372 1066 2994 1136 alteriusimprobitate
3024 1068 3109 1124 vel
3128 1085 3324 1125 errore
3347 1072 3622 1144 patiatur,
3645 1089 3775 1145 pec-

2125 1151 2218 1200 cat
2249 1147 2486 1216 quidem
2533 1147 2727 1215 homo,
2761 1147 2860 1220 qui
2902 1147 2990 1204 vel
3038 1148 3391 1220 ignorantia,
3423 1153 3510 1208 vel
3543 1153 3776 1224 injusti-
3816 1153 3844 1158 "

2125 1225 2203 1279 tia
2249 1227 2522 1298 cuiquam
2570 1229 2706 1283 mali
2756 1228 2971 1299 aliquid
3025 1228 3161 1284 facit
3212 1231 3358 1286 :sed
3411 1248 3524 1287 non
3573 1236 3777 1303 peccat

2125 1304 2297 1371 Deus,
2322 1307 2419 1378 qui
2440 1309 2618 1377 justo,
2641 1309 2912 1380 quamvis
2939 1308 3428 1379 occulto,judicio
3465 1313 3587 1368 fieri
3609 1312 3771 1368 sinit'

2125 1385 2234 1440 Sed
2283 1391 2663 1460 temporarias
2724 1406 2922 1460 pcsnas
2979 1389 3077 1444 alii
3118 1390 3176 1444 in
3210 1391 3318 1446 hac
3365 1394 3481 1447 vita
3511 1397 3772 1463 tantum,

2127 1467 2220 1521 alii
2257 1473 2387 1539 post
2442 1474 2706 1538 mortem,
2751 1470 2848 1526 alii
2898 1475 2955 1524 et
3000 1487 3154 1525 nunc
3189 1477 3246 1525 et
3300 1480 3457 1540 tunc,
3491 1479 3780 1529 verumta-

2127 1562 2258 1602 men
2281 1550 2715 1619 antejudicium
2743 1550 2884 1605 illud
2910 1550 3345 1606 severissimum
3371 1553 3779 1609 novissimum-

2127 1645 2238 1700 que
2271 1631 2591 1699 patiuntur.
2625 1631 2750 1686 Non
2787 1636 2979 1686 autem
3012 1647 3215 1687 omnes
3255 1634 3496 1689 veniunt
3527 1636 3583 1689 in
3618 1650 3773 1689 sem-

2127 1709 2380 1781 piternus
2404 1726 2623 1780 pinnas,
2677 1729 2800 1782 quae
2847 1717 2976 1783 post
3009 1711 3152 1767 illud
3187 1713 3475 1782 judicium
3507 1721 3648 1770 sunt
3678 1715 3770 1770 fu-

2128 1795 2270 1844 turae
2329 1789 2372 1856 ε,
2436 1791 2535 1861 qui
2591 1796 2720 1862 post
2768 1799 3018 1847 mortem
3069 1794 3362 1849 sustinent
3403 1795 3775 1865 temporales.

2126 1869 2269 1926 Nam
2305 1871 2683 1942 quibusdam,
2723 1873 2873 1943 quod
2925 1872 2983 1926 in
3015 1872 3127 1928 isto
3174 1890 3287 1929 non
3322 1875 3662 1940 remittitur,
3690 1891 3778 1931 re-

2129 1952 2278 2006 mitti
2327 1951 2384 2006 in
2426 1952 2620 2007 futuro
2649 1952 2862 2008 saeculo
2903 1952 3111 2020 (Matth.
3162 1970 3261 2023 xu,
3309 1955 3421 2024 32),
3473 1955 3530 2010 id
3562 1960 3674 2024 est,
3706 1972 3778 2011 ne

2130 2031 2312 2086 futuri
2351 2031 2544 2087 seaculi
2577 2038 2788 2089 aeterno
2835 2034 3118 2105 supplicio
3160 2037 3495 2106 puniantur,
3521 2036 3648 2107 jam
3681 2053 3779 2093 su-

2131 2129 2232 2185 pra
2262 2113 2540 2170 diximus.

2131 2273 2359 2329 CAPUT
2388 2272 2534 2331 XIV.
2566 2305 2634 2314 —
2683 2275 2754 2329 De
2780 2275 2956 2344 panis
2985 2273 3382 2343 temporalibus
3423 2276 3585 2333 istius
3623 2279 3777 2343 vita,

2379 2357 2577 2426 quibus
2605 2355 2842 2426 subjecta
2869 2359 2944 2412 est
2979 2355 3220 2412 humana
3251 2356 3515 2414 conditio.

2203 2490 2508 2546 Rarissimi
2542 2497 2680 2548 sunt
2710 2498 2899 2548 autem
2932 2494 3031 2564 qui
3065 2494 3253 2550 nullas
3293 2495 3350 2550 in
3386 2496 3490 2552 hac
3517 2497 3653 2565 vita,
3677 2498 3776 2554 sed

2130 2576 2356 2626 tantum
2387 2579 2515 2641 post
2553 2591 2679 2629 eam
2715 2591 2915 2642 poenas
2953 2575 3143 2630 luunt.
3188 2576 3388 2631 Fuisse
3439 2586 3633 2632 tamen
3669 2579 3780 2632 ali-

2132 2660 2298 2714 quos,
2329 2646 2427 2716 qui
2462 2662 2644 2717 usque
2693 2648 2761 2701 ad
2805 2646 3158 2714 decrepitam
3205 2655 3561 2705 senectutem
3598 2667 3670 2704 ne
3702 2649 3780 2705 le-

2131 2726 2425 2779 vissimam
2459 2728 2694 2796 quidem
2749 2727 3088 2783 febriculam
3139 2731 3455 2796 senserint,
3487 2732 3776 2802 quietam-

2132 2821 2246 2876 que
2277 2807 2760 2874 duxerintvitam,
2795 2809 2904 2878 ipsi
2937 2813 2994 2862 et
3018 2811 3288 2865 novimus
3311 2816 3368 2865 et
3397 2812 3728 2866 audivimus
3762 2827 3779 2866 :

2132 2902 2469 2956 quanquam
2493 2887 2609 2942 vita
2641 2888 2768 2958 ipsa
2809 2887 3144 2944 mortalium
3166 2894 3291 2946 tota
3321 2908 3486 2962 pcena
3517 2892 3609 2954 sit,
3636 2892 3780 2962 quia

2129 2968 2248 3020 tota
2291 2965 2533 3020 tentatio
2582 2972 2685 3034 est,
2733 2968 2887 3023 sicut
2934 2984 3112 3024 sacra:
3163 2969 3392 3025 Littera:
3438 2975 3782 3040 personant,

2131 3049 2230 3104 ubi
2282 3046 2566 3117 scripturn
2619 3054 2726 3114 est,
2778 3049 3058 3120 Numquid
3101 3065 3216 3106 non
3260 3051 3492 3107 tentatio
3539 3061 3615 3107 est
3660 3054 3780 3107 vita

2131 3130 2382 3185 humana
2409 3145 2574 3199 super
2601 3138 2804 3186 terram
2840 3133 2954 3200 (Job
2987 3149 3084 3200 vn,
3139 3134 3192 3199 1,
3221 3149 3325 3189 sec.
3379 3134 3555 3204 LXX)
3593 3134 3621 3188 ?
3650 3133 3779 3188 Non

2129 3213 2285 3268 enim
2317 3226 2491 3281 parva
2515 3227 2681 3281 pinna
2709 3218 2797 3266 est
2825 3213 2950 3281 ipsa
2971 3213 3310 3283 insipiente,
3341 3214 3428 3270 vel
3464 3213 3776 3285 imperitia,

2129 3309 2254 3363 quas
2284 3308 2465 3360 usque
2495 3293 2636 3348 adeo
2670 3293 2939 3365 fugienda
2983 3296 3186 3349 merito
3213 3295 3540 3364 judicatur,
3574 3299 3638 3349 ut
3680 3311 3781 3364 per

2129 3390 2327 3444 pinnas
2376 3373 2676 3428 doloribus
2729 3374 2932 3446 plenas
3003 3378 3156 3443 pueri
3199 3384 3482 3436 cogantur
3529 3391 3780 3445 quisque

2129 3453 2375 3508 artificia
2403 3452 2488 3508 vel
2521 3453 2744 3508 litteras
2776 3454 2998 3510 discere
3033 3470 3046 3508 :
3083 3455 3391 3525 ipsumque
3426 3455 3670 3520 discere,
3705 3454 3776 3509 ad

2128 3536 2277 3606 quod
2305 3535 2490 3606 poenis
2520 3535 2856 3605 adiguntur,
2882 3541 3000 3590 tam
3035 3536 3260 3606 pmnale
3289 3540 3378 3591 est
3400 3536 3509 3599 eis,
3544 3545 3604 3589 ut
3637 3551 3780 3591 non-

2128 3632 2429 3686 nunquam
2464 3615 2622 3685 ipsas
2655 3633 2853 3686 pinnas
2887 3633 2986 3686 per
3015 3633 3161 3686 quas
3191 3615 3623 3686 compelluntur
3654 3616 3778 3671 dis-

2127 3710 2274 3758 cere,
2307 3693 2515 3749 malint
2546 3695 2710 3759 ferre,
2757 3693 2932 3766 quam
2966 3697 3210 3752 disbere.
3260 3696 3401 3761 Quis
3428 3702 3623 3751 autem
3657 3711 3773 3750 non

2126 3775 2449 3841 exhorreat,
2498 3780 2555 3830 et
2595 3775 2738 3830 mori
2790 3775 2986 3846 eligat,
3045 3776 3090 3830 si
3149 3777 3199 3831 ei
3261 3784 3631 3846 proponatur,
3676 3784 3779 3830 aut

2127 3871 2285 3909 mors
2317 3855 2704 3924 perpetienda,
2755 3865 2852 3910 aut
2902 3872 3106 3911 rursus
3138 3857 3384 3911 infantia
3414 3857 3442 3912 ‘I
3472 3857 3605 3920 Quae
3638 3856 3776 3927 qui-

2125 3935 2257 3989 dem
2289 3933 2445 4006 quod
2481 3951 2593 3989 non
2617 3952 2650 3989 a
2681 3935 2825 4000 risu,
2859 3937 2957 3991 sed
3002 3953 3035 3990 a
3074 3936 3210 3990 fletu
3242 3936 3469 3991 orditur
3499 3936 3649 3991 hanc
3681 3936 3771 3990 lu-

2124 4031 2272 4084 cem,
2306 4016 2439 4086 quid
2477 4015 2762 4071 malorum
2794 4017 3058 4088 ingressa
3089 4017 3186 4084 sit,
3222 4018 3490 4071 nesciens
3533 4016 3776 4087 prOphe-

2125 4101 2206 4151 tul.
2254 4096 2705 4166 quodammodo.
2760 4095 2981 4162 Solum,
3031 4097 3268 4167 quando
3319 4101 3492 4150 natus
3535 4105 3642 4159 est,
3690 4095 3773 4149 fe-

2127 4182 2263 4231 runt
2311 4176 2505 4230 risisse
2549 4175 2908 4231 Zoroastrem
2958 4177 3057 4247 (a),
3118 4192 3221 4230 nec
3271 4175 3320 4229 ei
3372 4174 3507 4230 boni
3547 4174 3773 4245 aliquid

2128 4261 2493 4311 monstrosus
2525 4256 2674 4311 risus
2706 4255 2802 4310 ille
2852 4257 3160 4325 portendit.
3214 4255 3360 4311 Nam
3410 4255 3774 4326 magicarum

3346 4352 3476 4405 quae
3532 4334 3774 4408 quidem

2127 4416 2210 4475 illi
2243 4432 2347 4471 nec
2377 4416 2447 4470 ad
2502 4416 2802 4485 praesentis
2848 4416 2977 4471 vitae
3017 4431 3225 4470 vanam
3273 4415 3603 4471 felicitatem
3635 4431 3780 4469 con-

2126 4502 2215 4552 tra
2273 4512 2410 4551 suos
2471 4494 2742 4552 inimicos
2797 4497 3069 4567 prodesse
3141 4500 3476 4568 potuerunt.
3533 4496 3580 4550 Α
3627 4494 3777 4551 Nino

2127 4579 2342 4651 quippe
2373 4593 2504 4648 rege
2545 4577 2928 4650 Assyriorum,
2979 4593 3107 4633 cum
3160 4581 3315 4632 esset
3345 4578 3471 4649 ipse
3511 4576 3778 4632 Bactria-

2125 4675 2358 4726 norum,
2394 4657 2544 4713 bello
2592 4663 2898 4728 superatus
2939 4662 3044 4714 est.
3077 4659 3328 4714 Prorsus
3375 4657 3534 4728 quod
3584 4656 3779 4725 scrip-

2126 4745 2251 4796 tum
2286 4743 2392 4800 est.
2425 4740 2594 4796 Grave
2631 4740 2824 4810 iugum
2851 4754 3014 4809 super
3041 4739 3186 4809 ﬁlios
3231 4737 3422 4801 Adam,
3473 4753 3507 4793 a
3535 4736 3629 4792 die
3647 4737 3781 4792 exi-

2126 4830 2211 4878 tus
2232 4823 2294 4877 de
2322 4824 2506 4877 ventre
2535 4819 2736 4875 matris
2767 4836 2975 4886 eorum,
3006 4835 3179 4891 usque
3209 4818 3272 4874 in
3301 4817 3446 4874 diem
3475 4817 3783 4890 sepultura

2127 4905 2186 4959 in
2216 4901 2739 4958 matremomnium
2780 4899 2970 4972 (Eccli.
3005 4917 3096 4964 ιι,
3131 4901 3205 4970 1),
3251 4914 3440 4970 usque
3483 4898 3628 4953 adeo
3659 4898 3781 4952 im-

2128 4983 2269 5055 pleri
2302 4997 2537 5037 necesse
2567 4988 2672 5049 est,
2720 4987 2782 5035 ut
2813 4981 2922 5050 ipsi
2966 4979 3184 5051 parvuli
3235 4995 3331 5050 per
3365 4978 3662 5034 lavacrum
3696 4992 3784 5032 re-

2127 5063 2519 5136 generationis
2549 5061 2621 5116 ab
2668 5061 2969 5132 originalis
3023 5062 3262 5131 peccati,
3307 5075 3421 5123 quo
3469 5058 3591 5113 solo
3623 5063 3785 5113 tene-

2125 5151 2358 5209 bantur,
2381 5144 2615 5199 vinculo
2639 5145 2760 5213 jam
2799 5142 2989 5210 soluti,
3041 5141 3194 5196 mala
3237 5141 3420 5196 multa
3461 5141 3778 5211 patientes.

2125 5225 2394 5288 nonnulli
2425 5233 2478 5280 et
2526 5225 2795 5280 incursus
2841 5222 3154 5294 spirituum
3216 5219 3615 5293 malignorum
3672 5216 3781 5274 ali-

2191 5496 2206 5529 t
2239 5491 2392 5554 Vind,
2424 5491 2538 5554 Am.
2570 5490 2622 5537 et
2649 5485 3135 5554 Mss..‘quisque.‘_
3218 5546 3229 5554 _
3292 5543 3308 5554 ‘
3335 5542 3345 5554 ο
3454 5540 3479 5554 ,ν
3659 5541 3670 5554 _

2189 5554 2210 5587 ²
2258 5553 2417 5608 Editi,
2469 5551 2555 5598 his
2598 5559 2732 5599 sunt
2779 5540 3031 5608 fis-turus.
3076 5544 3254 5604 Abest,
3286 5542 3390 5604 his,
3421 5540 3489 5590 ab
3528 5540 3778 5591 omnibus

2125 5614 2548 5680 ωδιῳβθιζίριὶεξοη
2620 5675 2651 5680 ρ
2678 5674 2786 5680 ___
2913 5673 2924 5680 _
3153 5669 3202 5680 ...
3287 5666 3368 5680 ...

2193 5680 2212 5713 ³
2243 5667 2461 5727 Plinitis.
2492 5676 2590 5728 lib.
2619 5675 2651 5726 7
2678 5674 2812 5725 Hist.
2837 5673 2969 5731 nat.,
3001 5683 3113 5734 cap.
3147 5669 3222 5733 15,
3253 5669 3308 5718 et
3332 5667 3429 5716 fin.
