4134 6198
292 346 409 408 729

290 477 526 551 quando
564 476 873 549 patiantur.
911 476 1044 542 Quae
1077 473 1306 544 quidem
1342 471 1538 544 passio
1570 471 1721 525 absit
1761 471 1824 524 ut
1853 466 1936 551 eis

289 548 456 620 obsit,
481 558 532 612 si
562 548 711 612 hanc
732 558 904 611 vitam
936 556 993 609 in
1028 553 1127 610 illa
1147 558 1332 621 estate,
1357 553 1536 608 etiam
1568 552 1697 622 ipsa
1720 548 1933 621 passio-

290 655 362 697 ne
393 639 826 708 ingravescente
903 641 959 691 et
1010 633 1268 690 animam
1325 634 1397 688 de
1463 646 1698 704 corpore
1742 628 1939 684 exclu-

293 719 483 785 dente,
519 715 778 771 finierint
807 716 904 787 (a).

293 879 526 936 CAPUT
557 877 680 934 XV.
713 908 782 920 -—
811 877 963 947 Quod
991 893 1150 933 omne
1180 893 1312 950 Opus
1341 877 1535 948 gratim
1566 876 1662 930 Dei
1696 874 1940 929 eruentis

364 975 459 1016 nos
488 960 557 1014 de
586 959 961 1030 profunditate
989 958 1187 1014 veteris
1235 957 1395 1026 mali,
1427 957 1496 1013 ad
1539 957 1719 1027 futuri
1758 955 1942 1010 sanati

360 1043 632 1114 pertineat
660 1039 976 1097 novitatem.

363 1181 781 1234 Verumtamen
832 1178 889 1233 in
949 1179 1106 1250 gravi
1145 1179 1291 1250 jugo
1339 1177 1490 1250 quod
1542 1177 1797 1249 positum
1855 1179 1943 1230 est

286 1275 462 1331 super
498 1258 650 1314 filios
697 1260 903 1324 Adam,
954 1275 988 1314 a
1033 1259 1123 1313 die
1173 1259 1366 1314 exitus
1397 1259 1467 1314 de
1509 1262 1706 1312 ventre
1737 1254 1942 1312 matris

273 1355 511 1405 eorum,
546 1354 734 1410 usque
785 1338 845 1393 in
896 1339 1050 1394 diem
1083 1339 1394 1411 sepulturae
1445 1338 1506 1393 in
1547 1342 1792 1392 matrem
1826 1352 1945 1391 om-

288 1419 476 1485 nium,
536 1418 708 1474 etiam
765 1417 874 1473 hoc
933 1419 1150 1474 malum
1199 1417 1500 1474 mirabile‘
1537 1417 1844 1489 reperitur,
1879 1421 1942 1472 ut

285 1499 468 1554 sobrii
518 1499 726 1564 simus,
782 1505 956 1570 atque
1005 1499 1400 1571 intelligamus
1447 1498 1597 1553 hanc
1647 1497 1819 1552 vitam
1873 1499 1942 1552 de

288 1586 522 1652 peccato
552 1579 650 1634 illo
680 1579 856 1634 nimis
888 1581 1126 1649 nefario,
1161 1581 1315 1652 quod
1349 1579 1406 1633 in
1434 1579 1702 1650 paradiso
1736 1593 1938 1649 perpe-

283 1667 491 1717 tratum
523 1665 632 1729 est,
668 1661 873 1715 factam
909 1661 1075 1716 nobis
1125 1676 1254 1716 esse
1299 1658 1605 1728 pmnalem,
1640 1663 1941 1726 totumque

285 1741 441 1812 quod
477 1739 780 1796 nobiscum
829 1741 1022 1812 agitur
1078 1757 1179 1811 per
1225 1741 1659 1795 Testamentum
1702 1753 1938 1808 novum,

286 1836 405 1876 non
456 1820 741 1891 pertinere
803 1818 916 1873 nisi
969 1822 1039 1874 ad
1096 1819 1224 1874 novi
1285 1818 1480 1874 saeculi
1540 1817 1937 1872 hereditatem

285 1916 522 1978 novam,
575 1905 640 1954 ut
687 1899 783 1954 hic
823 1901 1058 1972 pignore
1106 1905 1361 1970 accepto,
1411 1897 1554 1954 illud
1614 1900 1783 1966 cujus
1834 1897 1940 1951 hoc

284 1985 496 2055 pignus
517 1986 604 2038 est
638 1999 742 2037 suo
771 1986 1031 2052 tempore
1052 1998 1517 2054 consequamur:
1554 1996 1710 2037 nunc
1742 1986 1938 2034 autem

280 2062 658 2120 ambulemus
689 2064 748 2118 in
780 2079 904 2134 spe,
937 2071 990 2118 et
1022 2064 1392 2134 proficientes
1440 2063 1511 2116 de
1544 2063 1634 2115 die
1667 2060 1724 2113 in
1760 2060 1936 2127 diem,

279 2144 492 2214 spiritu
544 2146 694 2198 facta
742 2143 936 2199 carnis
993 2144 1400 2198 mortificemus
1429 2142 1603 2213 (Rom.
1659 2149 1784 2195 vni.
1829 2140 1938 2207 13).

279 2221 442 2277 Novit
485 2221 640 2276 enim
674 2221 938 2276 Dominus
981 2223 1079 2292 qui
1115 2225 1243 2276 sunt
1290 2222 1407 2288 ejus
1437 2219 1508 2288 (ll
1542 2219 1676 2272 Tim.
1720 2233 1782 2281 II,
1815 2216 1940 2287 19);

279 2307 360 2366 et,
414 2302 679 2374 Quotquot
732 2301 945 2373 Spiritu
993 2302 1092 2356 Dei
1121 2306 1386 2369 aguntur,
1419 2299 1477 2352 hi
1523 2299 1634 2365 ﬁlii
1675 2301 1804 2352 sunt
1845 2295 1942 2351 Dei

277 2385 455 2454 (Rom.
490 2400 608 2452 vui,
641 2385 749 2454 14),
788 2383 896 2439 Sed
925 2384 1128 2452 gratia,
1155 2398 1270 2436 non
1291 2388 1519 2435 natura.
1546 2378 1761 2434 Unicus
1783 2379 1937 2432 enim

275 2470 485 2521 natura
534 2464 636 2519 Dei
683 2465 888 2530 Filius,
923 2469 1156 2534 prOpter
1190 2478 1292 2516 nos
1323 2459 1723 2515 misericordia
1756 2460 1940 2514 factus

276 2550 373 2600 est
406 2543 559 2600 illius
589 2545 865 2610 hominis,
900 2550 965 2598 ut
996 2559 1101 2598 nos
1151 2548 1358 2597 natura
1390 2540 1491 2594 filii
1523 2539 1802 2601 hominis,
1838 2537 1939 2594 filii

276 2623 384 2681 Dei
414 2638 512 2695 per
545 2623 709 2679 illum
744 2625 932 2696 gratia
961 2625 1234 2678 fieremus
1252 2622 1294 2679 ³.
1320 2622 1557 2677 Manens
1603 2621 1816 2692 quippe
1845 2620 1940 2676 ille

277 2703 692 2768 immutabilis,
727 2714 992 2758 naturam
1028 2709 1309 2768 nostram,
1340 2702 1399 2755 in
1449 2701 1584 2768 quia
1625 2718 1730 2755 nos
1759 2701 1941 2755 susci-

278 2793 466 2855 peret,
514 2785 770 2853 suscepit
802 2802 836 2840 a
866 2784 1071 2850 nobis;
1104 2789 1162 2838 et
1209 2789 1381 2838 tenax
1428 2781 1748 2835 divinitatis
1797 2798 1936 2847 suae,

277 2870 498 2919 nostris
547 2864 907 2920 infirmitatis
954 2865 1238 2936 particeps
1287 2867 1472 2918 factus
1499 2869 1618 2928 est;
1655 2869 1715 2917 ut
1745 2879 1851 2917 nos
1883 2863 1940 2916 in

274 2943 496 3000 melius
558 2949 924 3010 commutati,
963 2946 1114 3016 quod
1175 2949 1504 3012 peccatores
1553 2943 1942 3012 mortalesque

270 3039 512 3087 sumus,
566 3025 697 3094 ejus
743 3024 1093 3080 immortalis
1142 3019 1198 3079 et
1241 3020 1440 3092 justi8
1496 3023 1938 3092 participatione

274 3102 652 3172 amittamus,
686 3109 745 3160 et
775 3105 930 3175 quod
965 3104 1022 3158 in
1059 3107 1269 3158 natura
1303 3112 1501 3156 nostra
1532 3102 1749 3156 bonum
1785 3101 1938 3169 fecit,

269 3184 595 3254 impletum
648 3201 881 3241 summo
942 3184 1092 3240 bono
1141 3183 1202 3238 in
1243 3183 1368 3252 ejus
1415 3186 1639 3236 naturis
1685 3181 1940 3236 bonitate

273 3280 608 3320 servemus.
670 3264 834 3320 Sicut
869 3264 1023 3320 enim
1073 3280 1172 3334 per
1221 3279 1408 3318 unum
1454 3262 1748 3316 hominem
1811 3278 1942 3330 pec-

267 3355 520 3401 cantem
554 3345 659 3416 (1d.
689 3363 746 3414 ν,
783 3347 871 3418 i2)
911 3347 970 3401 in
1013 3347 1121 3400 hoc
1169 3349 1284 3399 tam
1319 3359 1491 3413 grave
1522 3342 1739 3396 malum
1777 3342 1941 3396 deve-

276 3425 490 3481 nimus
524 3443 538 3481 :
573 3428 648 3480 ita
681 3445 781 3498 per
813 3443 997 3481 unum
1021 3425 1312 3480 hominem
1338 3421 1728 3492 eumdemque
1760 3427 1940 3475 Deum

268 3506 709 3578 justificantem
743 3512 810 3562 ad
844 3507 984 3562 illud
1033 3506 1248 3561 bonum
1299 3509 1418 3558 tam
1467 3503 1718 3557 sublime
1749 3503 1943 3557 venie-

269 3603 430 3642 mus.
498 3587 613 3642 Nec
689 3588 995 3659 quisquam
1047 3602 1109 3641 se
1159 3586 1327 3640 debet
1365 3582 1436 3637 ab
1484 3583 1594 3637 isto
1644 3583 1714 3637 ad
1776 3582 1941 3636 illum

265 3669 568 3722 transisse
614 3669 926 3734 confidere,
970 3666 1082 3721 nisi
1142 3681 1273 3720 cum
1324 3663 1402 3717 ibi
1439 3662 1636 3728 fuerit,
1675 3661 1773 3716 ubi
1822 3667 1944 3717 ten-

269 3748 421 3804 tatio
455 3747 616 3802 nulla
647 3749 797 3816 erit;
849 3747 963 3802 nisi
1012 3761 1213 3818 pacem
1264 3741 1534 3808 tenuerit,
1585 3758 1762 3813 quam
1807 3741 1943 3797 belli

267 3829 488 3898 hujus,
521 3830 582 3884 in
615 3846 732 3900 quo
763 3845 894 3884 caro
937 3825 1299 3896 concupiscit
1350 3825 1624 3879 adversus
1670 3824 1941 3895 spiritum

265 3918 328 3966 et
363 3908 610 3980 spiritus
658 3911 935 3965 adversus
984 3925 1218 3964 carnem
1265 3905 1467 3975 (Galat.
1498 3921 1554 3972 ν,
1602 3904 1708 3976 17),
1746 3905 1943 3960 multis

266 3995 333 4048 et
365 3991 548 4046 variis
578 3990 999 4046 certaminibus
1039 3989 1267 4061 quaerit.
1309 3987 1424 4041 Hoc
1473 3991 1668 4040 autem
1721 3986 1940 4041 bellum

263 4088 581 4142 nunquam
617 4071 802 4126 ullum
835 4075 1009 4138 esset,
1042 4070 1092 4125 si
1125 4075 1332 4124 natura
1382 4067 1632 4120 humana
1666 4082 1766 4135 per
1795 4066 1940 4121 libe-

262 4167 406 4208 rum
460 4151 773 4206 arbitrium
824 4152 885 4206 in
943 4149 1313 4214 rectitudine,
1362 4147 1422 4201 in
1459 4161 1577 4215 qua
1623 4144 1775 4202 facta
1824 4152 1938 4208 est,

264 4231 650 4305 perstitisset.
685 4232 852 4287 Nunc
879 4248 1016 4288 vero
1047 4247 1176 4303 qum
1208 4245 1407 4302 pacem
1460 4225 1595 4280 felix
1643 4243 1776 4283 cum
1830 4229 1940 4284 Deo

262 4313 493 4368 habere
539 4311 744 4382 noluit,
795 4329 990 4368 secum
1047 4317 1262 4384 pugnat
1317 4307 1538 4376 infelix,
1588 4311 1645 4362 et
1691 4323 1823 4364 cum
1866 4310 1944 4375 sit

263 4395 390 4451 hoc
426 4393 647 4450 malum
704 4395 1097 4461 miserabile‘,
1134 4393 1340 4450 melius
1386 4395 1476 4446 est
1523 4392 1715 4446 tamen
1759 4409 1937 4464 quam

262 4476 479 4547 priora
509 4474 636 4529 vita;
668 4474 869 4542 huius.
913 4475 1121 4530 Melius
1170 4473 1503 4544 conﬂigitur
1549 4471 1764 4542 quippe
1802 4489 1938 4528 cum

258 4555 462 4621 vitiis,
493 4571 668 4626 quam
703 4571 836 4610 cum
858 4557 880 4592 ⁸
911 4557 1036 4611 sine
1077 4555 1197 4610 ulla
1227 4557 1591 4613 conﬂictione
1630 4555 1937 4611 dominan-

259 4641 395 4692 tur.
437 4635 644 4692 Melius
674 4641 785 4703 est,
812 4637 1073 4708 inquam,
1117 4635 1335 4692 bellum
1385 4653 1518 4693 cum
1563 4654 1665 4708 spe
1711 4640 1938 4692 mternte

260 4715 472 4789 pacis,
505 4732 681 4788 quam
715 4717 840 4774 sine
872 4717 990 4773 ulla
1018 4716 1380 4773 liberationis
1420 4717 1765 4789 cogitatione
1805 4731 1937 4786 cap-

258 4798 500 4853 tivitas.
545 4797 825 4869 Cupimus
855 4797 1102 4870 ;quidem
1143 4797 1317 4853 etiam
1364 4797 1473 4854 hoe
1521 4797 1673 4853 bello
1723 4811 1937 4859 carere,

334 5031 351 5064 ι
388 5025 556 5090 ίΕάὶιὶ,
587 5025 686 5090 hoc
713 5027 960 5090 medium
1003 5026 1338 5076 miserabile.
1386 5025 1629 5090 Plerique
1667 5026 1811 5083 Mss.,
1843 5027 1938 5077 hoc

256 5089 506 5166 malum.
539 5089 795 5166 mirabile
819 5106 828 5137 :
854 5089 1052 5166 scilicet
1074 5091 1132 5139 in
1159 5090 1402 5154 parvulis
1430 5090 1561 5153 ipsis
1592 5092 1932 5152 regeneratis,

253 5152 573 5263 deﬁqggigs
599 5158 1118 5280 ἓὲῧῗξιοῖιῖεῗρψίἳέί
1165 5215 1268 5266 Dei
1313 5231 1420 5278 per
1469 5215 1635 5264 illius
1689 5215 1939 5277 gratiam

252 5279 714 5390 #:8173351)”
759 5340 882 5389 Mss.
931 5340 999 5389 At
1043 5340 1190 5400 editi,
1236 5339 1361 5397 eius
1403 5341 1852 5391 immortalitatis
1890 5349 1940 5390 et

239 5401 545 5475 iustitiae
573 5404 837 5475 pauloque
880 5404 1002 5466 post
1039 5403 1175 5464 loco,
1218 5402 1532 5468 impletum,
1572 5405 1735 5455 iidem
1781 5404 1938 5455 habe-

251 5465 434 5520 bant,
469 5465 704 5526 impleti.

330 5528 358 5595 ξ
397 5525 492 5576 Sic
507 5525 638 5595 illisa.
667 5528 808 5578 Editi
836 5542 980 5586 vero,
1026 5538 1077 5580 et
1104 5529 1201 5580 hoc
1229 5544 1442 5595 quoque
1470 5545 1598 5582 cum
1627 5529 1837 5582 malum
1866 5529 1941 5584 sit

253 5589 626 5641 miserabile.

327 5655 354 5690 ⁸
390 5651 580 5714 Abest,
613 5667 762 5714 cum,
790 5667 825 5704 a
851 5653 1093 5714 pluribus
1120 5654 1242 5710 Mss.

321 5693 601 5782 (ai—633i.
614 5693 1102 5772 ⁷1Ξήἷέίῖίᾶἶῖῗᾶ

1476 336 1707 400 LIBER
1746 331 2172 397 VIGESIMUS
2214 333 2534 399 PRIMUS.

3570 341 3690 402 730

2045 469 2102 522 et
2156 468 2227 522 ad
2286 469 2702 539 capessendam
2777 468 3270 526 ordinatissimam
3321 486 3539 542 pacem,
3591 473 3691 528 ubi

2048 547 2390 605 firmissima
2419 549 2729 606 stabilitate
2771 551 3088 621 potioribus
3141 551 3411 606 inferiora
3442 554 3699 608 subdan-

2045 635 2162 698 tur,
2195 631 2327 703 igne
2358 631 2536 686 divini
2567 632 2780 688 amoris
2829 631 3224 688 accendimur.
3273 633 3381 688 Sed
3433 634 3502 697 si,
3539 636 3691 706 quod

2045 713 2214 780 absit,
2248 713 2406 768 illius
2438 714 2585 768 tanti
2620 714 2753 770 boni
2786 730 2918 784 spes
2949 712 3113 768 nulla
3166 721 3340 780 esset,
3394 713 3566 770 malle
3603 716 3698 770 de-

2045 794 2284 850 buimus
2315 795 2373 850 in
2405 795 2584 865 hujus
2625 795 3076 852 conﬂictationis
3119 796 3385 850 molestia
3433 811 3693 851 remane-

2045 891 2126 943 re,
2160 891 2336 946 quam
2386 876 2544 932 vitiis
2594 876 2652 932 in
2700 893 2804 932 nos
2851 875 3309 939 dominationem
3353 892 3468 932 non
3499 876 3584 931 eis
3611 893 3696 932 re-

2046 957 2308 1014 sistendo
2341 958 2676 1030 permittere
2709 958 2808 1030 (a).

2044 1117 2280 1175 CAPUT
2309 1117 2450 1172 XVI.
2487 1149 2552 1160 —
2598 1119 2708 1175 Sub
2748 1119 2946 1190 quibus
2990 1117 3187 1188 gratiae
3237 1118 3456 1192 legibus
3509 1133 3697 1175 omne:

2351 1204 2807 1270 regeneratorum
2836 1200 3143 1256 habeantur
3179 1207 3392 1258 aletes.

2119 1339 2332 1395 Verum
2364 1343 2524 1396 tanta
2561 1344 2646 1395 est
2678 1339 2778 1396 Dei
2810 1340 3214 1396 misericordia
3244 1339 3302 1394 in
3343 1355 3486 1396 vasa
3518 1338 3694 1394 mise-

2049 1419 2304 1476 ricordiaa
2329 1437 2456 1491 quae
2481 1421 2826 1493 praeparavit
2847 1422 2905 1475 in
2929 1420 3195 1492 gloriam,
3223 1425 3283 1475 ut
3303 1421 3476 1476 etiam
3507 1419 3698 1490 prima

2049 1499 2303 1556 hominis
2331 1507 2486 1569 astas,
2522 1502 2577 1556 id
2610 1505 2718 1569 est,
2746 1502 2996 1557 infantia
3025 1518 3153 1572 quas
3186 1501 3314 1556 sine
3347 1499 3462 1555 ullo
3496 1499 3695 1554 renisu

2047 1581 2312 1650 subjacet
2342 1581 2522 1646 carni,
2555 1589 2609 1636 et
2641 1581 2894 1635 secunda
2925 1597 3052 1651 quae
3094 1581 3339 1651 pueritia
3383 1595 3685 1648 nuncupa-

2045 1665 2160 1730 tur,
2193 1661 2292 1715 ubi
2344 1662 2604 1716 nondum
2649 1661 2797 1716 ratio
2839 1661 3099 1730 suscepit
3140 1662 3290 1714 hanc
3330 1675 3612 1731 pugnam,
3645 1665 3702 1711 et

2047 1741 2163 1797 fere
2211 1742 2321 1796 sub
2368 1743 2642 1796 omnibus
2691 1741 2913 1796 vitiosis
2975 1741 3469 1795 delectationibus
3511 1739 3697 1808 jacet,

2045 1823 2180 1894 quia
2210 1822 2337 1878 licet
2361 1824 2483 1893 jam
2530 1823 2637 1878 fari
2675 1821 2881 1886 valeat,
2913 1827 2972 1876 et
3002 1821 3131 1876 ideo
3177 1821 3488 1876 infantiam
3530 1826 3691 1874 tran-

2044 1905 2194 1958 sisse
2224 1905 2505 1967 videatur,
2541 1903 2801 1958 nondum
2832 1903 2888 1956 in
2932 1919 3000 1957 ea
3047 1908 3134 1958 est
3185 1902 3454 1972 praecepti
3505 1917 3690 1971 capax

2047 1985 2359 2040 infirmitas
2383 1985 2632 2050 mentis;
2665 1985 2714 2039 si
2746 1988 3113 2038 sacramenta
3145 1982 3479 2038 Mediatoris
3522 1997 3691 2036 acce-

2049 2067 2216 2136 perit,
2241 2065 2468 2119 etiamsi
2496 2065 2649 2118 hano
2671 2065 2727 2117 in
2759 2064 2842 2118 eis
2875 2064 3046 2118 annis
3068 2063 3244 2116 vitum
3280 2063 3467 2126 finiat,
3508 2066 3699 2116 trans-

2047 2144 2162 2201 lata
2209 2145 2432 2201 scilicet
2476 2162 2510 2199 a
2567 2148 2849 2214 potestate
2905 2143 3270 2198 tenebrarum
3337 2143 3396 2197 in
3455 2156 3692 2209 regnum

2046 2227 2280 2292 Christi,
2317 2243 2429 2282 non
2473 2226 2663 2281 solum
2701 2225 2882 2295 pcenis
2913 2241 3027 2279 non
3062 2225 3417 2294 praparetur
3447 2221 3696 2286 aeternis,

2047 2307 2148 2364 sed
2180 2324 2250 2363 ne
2302 2307 2421 2362 ulla
2450 2308 2686 2378 quidem
2724 2312 2854 2375 post
2901 2310 3148 2359 mortem
3200 2301 3526 2372 purgatoria
3575 2305 3726 2355 tor-l

2047 2394 2242 2444 menta
2273 2390 2541 2458 patiatur.
2575 2385 2803 2442 Sutficit
2841 2387 2994 2440 enim
3029 2384 3154 2439 sola
3183 2383 3502 2454 spiritualis
3536 2397 3694 2451 rege-

2046 2469 2292 2534 neratio,
2335 2485 2406 2523 ne
2437 2473 2566 2539 post
2599 2473 2840 2521 mortem
2873 2466 3197 2534 obsitquod
3235 2464 3490 2520 carnalis
3522 2477 3696 2533 gene-

2047 2549 2193 2605 ratio
2225 2566 2356 2604 cum
2393 2554 2578 2604 morte
2608 2549 2895 2602 contraxit
2921 2547 3018 2620 (b).
3053 2547 3194 2602 Cum
3225 2551 3418 2601 autem
3451 2549 3693 2597 ventum

2047 2630 2218 2684 fuerit
2257 2629 2330 2685 ad
2378 2634 2627 2692 atatem,
2670 2644 2800 2696 quas
2851 2633 3205 2698 praeceptum
3244 2626 3370 2695 jam
3421 2625 3594 2694 capit,
3637 2628 3696 2676 et

2047 2711 2214 2766 subdi
2248 2718 2435 2781 potest
2465 2709 2612 2780 legis
2659 2709 2928 2778 imperio,
2962 2709 3404 2778 suscipiendum
3437 2711 3527 2758 est
3576 2701 3695 2757 bel-

2047 2791 2165 2846 lum
2201 2802 2400 2846 contra
2429 2791 2587 2859 vitia,
2619 2795 2676 2844 et
2705 2790 3024 2860 gerendum
3056 2789 3287 2850 acriter,
3321 2802 3390 2840 ne
3423 2784 3493 2839 ad
3533 2783 3694 2837 dam-

2047 2872 2267 2927 nabilia
2319 2876 2547 2940 peccata
2598 2871 2894 2939 perducat.
2941 2868 3010 2922 Et
3059 2869 3103 2922 si
3149 2869 3388 2938 quidem
3437 2863 3694 2917 nondum

2047 2952 2420 3006 victoriarum
2471 2949 2896 3004 consuetudine
2947 2948 3212 3002 roborata
3262 2950 3420 3012 sunt,
3471 2941 3699 2998 facilius
3789 2946 3805 2964 ‘

2047 3031 2360 3086 vincuntur
2384 3034 2440 3084 et
2471 3029 2678 3084 cedunt
2707 3045 2719 3082 :
2748 3028 2797 3082 si
2829 3034 3024 3082 autem
3057 3028 3283 3082 vincere
3313 3031 3486 3097 atque
3515 3023 3699 3094 impe-

2047 3128 2172 3166 rare
2199 3117 2618 3166 consueverunt
2652 3111 2692 3170 ¹,
2726 3108 3010 3162 laboriosa
3041 3105 3386 3162 difficultate
3415 3119 3694 3174 superan-

2048 3200 2161 3246 tur.
2198 3191 2395 3262 Neque
2426 3191 2482 3245 id
2517 3189 2574 3243 fit
2606 3189 2890 3244 veraciter
2918 3199 3090 3259 atque
3121 3187 3446 3255 sinceriter,
3472 3184 3584 3241 nisi
3608 3199 3698 3239 ve-

2048 3287 2120 3326 ras
2150 3272 2170 3304 ¹
2201 3270 2585 3324 delectatione
2621 3268 2874 3338 justitias
2907 3282 2919 3322 :
2966 3267 3084 3322 haec
3115 3271 3203 3322 est
3233 3271 3428 3320 autem
3469 3266 3529 3322 in
3582 3269 3695 3323 fide

2048 3352 2286 3406 Christi.
2319 3351 2465 3404 Nam
2498 3351 2545 3403 si
2582 3349 2672 3402 lex
2695 3352 2912 3416 jubens
2947 3349 3102 3402 adsit
3131 3352 3187 3401 et
3215 3347 3456 3417 spiritus
3479 3348 3699 3417 juvans

2049 3432 2200 3486 desit
2233 3446 2331 3500 per
2361 3433 2547 3498 ipsam
2593 3428 3044 3496 prohibitionem
3084 3427 3374 3479 desiderio
3405 3438 3701 3483 crescente

2050 3517 2224 3583 atque
2253 3514 2521 3566 vincente
2563 3508 2806 3577 peccati,
2840 3507 3014 3560 etiam
3043 3510 3236 3560 reatus
3268 3507 3700 3574 praevaricatio-

2052 3594 2141 3649 nis
2183 3593 2426 3648 accedit.
2465 3588 2916 3659 Nonnumquam
2965 3603 3105 3642 sane
3145 3585 3514 3658 apertissima
3556 3587 3696 3642 vitia

2046 3675 2174 3731 aliis
2203 3674 2359 3729 vitiis
2407 3672 2718 3726 vincuntur
2761 3667 3027 3734 occultis,
3061 3685 3190 3738 quas
3238 3670 3520 3738 putantur
3566 3683 3696 3723 esse

2045 3759 2306 3819 virtutes,
2340 3755 2398 3808 in
2432 3753 2646 3825 quibus
2677 3753 2880 3820 regnat
2909 3747 3184 3818 superbia
3212 3753 3269 3802 et
3292 3747 3554 3818 quaedam
3581 3747 3694 3803 sibi

2047 3837 2316 3910 placendi
2347 3834 2593 3890 altitudo
2625 3830 2882 3887 ruinosa.
2935 3833 3095 3884 Tunc
3135 3829 3330 3910 itaque
3370 3829 3519 3885 victa
3563 3829 3697 3884 vitia

2049 3908 2384 3988 deputanda
2413 3917 2572 3982 sunt,
2607 3927 2738 3966 cum
2781 3911 2879 3964 Dei
2922 3925 3118 3964 amore
3147 3908 3476 3968 vincuntur.
3513 3925 3688 3980 quem

2049 3999 2162 4054 nisi
2195 3998 2348 4052 Deus
2377 3995 2504 4066 ipse
2534 4009 2646 4047 non
2679 3991 2878 4057 donat,
2914 4005 3019 4045 nec
3061 3989 3227 4044 aliter
3274 3988 3391 4043 nisi
3431 4003 3530 4058 per
3562 3989 3690 4044 Me-

2048 4081 2325 4135 diatorem
2363 4077 2460 4130 Dei
2492 4078 2550 4129 et
2576 4072 2880 4127 hominum
2912 4070 3212 4126 hominem
3244 4068 3448 4124 Jesum
3492 4068 3690 4123 Chris-

2048 4167 2193 4226 tum,
2225 4157 2326 4230 qui
2358 4159 2543 4212 factus
2581 4159 2671 4209 est
2708 4152 2997 4223 particeps
3039 4150 3411 4230 mortalitatis
3450 4154 3689 4230 nostris,

2048 4246 2112 4297 ut
2154 4228 2260 4295 nos
2311 4236 2626 4309 participes
2675 4232 2885 4287 faceret
2914 4228 3246 4309 divinitatis
3264 4243 3406 4283 suis.
3449 4228 3694 4282 Paucis—

2047 4321 2177 4377 simi
2204 4308 2396 4375 autem
2421 4321 2562 4372 sunt
2585 4318 2758 4369 tantas
2781 4310 3092 4376 felicitatis,
3119 4315 3180 4364 ut
3201 4308 3274 4363 ab
3299 4309 3424 4379 ipsa
3454 4309 3692 4363 ineunte

2044 4398 2434 4460 adolescentia
2458 4395 2618 4452 nulla
2647 4391 3010 4449 damnabilis
3040 4395 3277 4462 peccata
3299 4389 3690 4457 committant,

2046 4483 2135 4540 vel
2174 4481 2233 4536 in
2281 4477 2536 4550 ﬂagitiis,
2569 4473 2656 4530 vel
2689 4473 2750 4529 in
2795 4471 3173 4538 facinoribus,
3215 4469 3304 4526 vel
3344 4469 3404 4524 in
3457 4469 3692 4524 nefariae

2108 4715 2126 4748 1
2158 4712 2305 4767 Lov.,
2337 4701 2680 4771 inﬁrmiora.
2712 4700 2850 4750 Editi
2871 4699 2965 4749 alii
2991 4700 3046 4749 et
3061 4697 3299 4762 plerique
3325 4695 3692 4758 manuscripti,

2042 4774 2333 4824 inferiora.

2158 4821 2300 4895 Msa,
2331 4835 2673 4895 consuerunt
2696 4841 2708 4876 :
2727 4828 2785 4895 et
2812 4826 2889 4895 sic
2915 4822 3045 4895 alibi
3072 4821 3289 4884 passim.

2107 4901 2130 4934 ³
2159 4887 2313 4946 Vind.
2344 4898 2462 4944 Am.
2493 4896 2577 4942 Er.
2613 4893 2666 4940 et
2694 4889 2915 4949 aliquot.
2945 4887 3096 4949 Mss.,_
3123 4897 3270 4949 pera.

2107 4943 2186 5024 (ai
2203 4943 2530 5024 Ἧδοζβιξαω
2561 4943 2812 5024 αὶκφιιιιιμῑ
2843 4943 3514 5024 animante-311931113559:
3552 4955 3695 5024 3°}?

2042 5006 2175 5074 tales
2203 5006 2302 5072 aut
2322 5006 2606 5069 diuturnas
2665 5006 2878 5063 tantum
2922 5006 3226 5074 posuerunt.
3255 5007 3400 5074 Nam,
3431 5006 3518 5054 vel
3547 5007 3692 5074 omni

2041 5068 2233 5152 pretio“
2245 5068 2512 5152 seposito,
2543 5079 2676 5152 bene
2705 5068 3083 5152 "vivere—plus
3130 5068 3694 5152 juvatiqu‘amnmalq‘;

2041 5129 2510 5210 εις-ξιξεα-τςμίτωέ
2545 5143 2624 5210 es;
2678 5138 2777 5210 sibi
2803 5129 3218 5210 ..αωριῖξείωίξηει
3256 5129 3549 5210 praemii“
3581 5146 3592 5181 ε
3629 5129 3702 5177 ίθ·

2039 5195 2354 5272 Ῐὶἒὶὁῖέεῳιθ
2408 5208 2553 5272 sunt
2589 5202 2715 5272 boni
2762 5195 2939 5272 etiam~
2986 5197 3113 5272 dum
3151 5195 3496 5272 hic_vivunt,
3533 5205 3694 5272 quam

2041 5255 2628 5335 mali—"(fuantumlibet
2675 5261 2979 5335 fortunati:
3041 5261 3201 5335 atque
3254 5257 3527 5335 hochqs‘tﬂ
3551 5255 3694 5335 quod

2043 5319 2700 5387 (Thﬁstugivsectatoribus
2771 5325 2882 5375 suis
2955 5319 3192 5387 amplam
3242 5319 3536 5387 mercedem
3586 5330 3696 5387 non

2042 5380 2284 5450 ἕλ’ἷᾶὖῖιῖ
2318 5380 2501 5446 futura
2527 5389 2790 5457 promittit
2835 5387 2966 5444 vita,
3007 5380 3099 5434 sed
3127 5385 3288 5434 etiam
3322 5383 3380 5431 in
3408 5380 3691 5444 praesenti.

2044 5464 2162 5514 Lun.
2193 5462 2357 5509 VIVBS.

2110 5507 2178 5589 (ὁ)
2206 5507 2505 5589 meatibus
2553 5521 2605 5589 et
2639 5515 2824 5589 pueris
2868 5513 3138 5589 praeesse-
3159 5507 3694 5589 θείειὲεέειιιξιξξξιξὶοεεε

2045 5570 2514 5653 «sinebam
2556 5570 2761 5653 iisdem.
2778 5570 3364 5653 venisseesse

2045 5632 2303 5707 36535
2331 5632 2418 5697 hic
2443 5632 2632 5710 aperit.
2665 5632 2914 5692 Sed‘vide
2958 5635 3248 5701 Epistulam
3274 5632 3354 5696 98,
3386 5633 3454 5684 ad
3481 5632 3695 5683 Bonifa-

2048 5715 2208 5766 cium.
2239 5712 2527 5765 maeniana.
