4146 6198
328 374 448 443 733

394 518 431 572 2
461 515 555 572 Sic
585 531 718 584 ergo
749 512 846 569 isti
881 507 1298 579 voluntjudicii
1337 506 1434 562 Dei
1455 508 1969 564 comminationem

325 602 441 652 non
474 610 598 652 esse
635 596 995 656 mendacem,
1027 589 1293 661 quamvis
1315 588 1393 643 sit
1416 589 1708 644 neminem
1737 591 1976 644 damna-

323 682 514 747 turus,
565 674 1065 748 quemadmodum
1100 670 1229 740 ejus
1276 671 1813 739 comminationem,
1859 687 1975 742 qua

321 758 467 814 dixit
495 771 835 814 eversurum
883 769 944 809 se
976 767 1102 809 esse
1148 750 1412 806 Ninivem
1455 751 1744 806 civitatem
1792 752 1975 821 (lanae

321 855 406 908 III,
440 839 514 910 4),
549 837 888 892 mendacem
920 848 1035 887 non
1069 847 1385 903 possumus
1428 831 1652 898 dicere;
1688 834 1746 887 et
1772 836 1968 887 tamen

320 934 441 978 non
477 921 692 975 factum
718 921 824 984 est,
848 914 1146 986 inquiunt,
1173 911 1325 981 quod
1350 911 1477 966 sine
1497 911 1616 966 ulla
1638 912 1970 968 conditiOne

318 999 608 1072 praedixit.
643 997 767 1053 Non
811 995 966 1050 enim
1017 994 1120 1061 ait,
1172 992 1376 1048 Ninive
1405 998 1714 1060 evertetur,
1771 993 1967 1050 sinon

318 1079 542 1150 egerint
591 1076 1013 1149 paenitentiam,
1064 1089 1239 1144 seque
1281 1072 1673 1130 correxerint:
1707 1074 1806 1128 sed
1859 1073 1967 1132 hoc

317 1177 432 1216 non
461 1158 657 1214 addito
688 1155 1097 1228 praenuntiavit
1126 1155 1383 1210 futuram
1417 1155 1773 1211 eversionem
1808 1154 1966 1212 illius

315 1238 591 1296 civitatis.
619 1240 802 1305 Quam
833 1236 1347 1292 comminationem
1373 1238 1669 1306 pr0pterea
1700 1249 1963 1290 veracem

323 1322 560 1391 putant,
610 1317 744 1388 quia
774 1316 884 1372 hoc
933 1315 1196 1384 predixit
1244 1314 1395 1370 Deus
1427 1315 1580 1384 quod
1628 1329 1756 1368 vere
1805 1314 1963 1383 digni

313 1405 482 1455 erant
513 1399 651 1469 pati,
683 1397 966 1470 quamvis
997 1395 1106 1450 hoc
1148 1412 1259 1449 non
1305 1398 1459 1449 esset
1507 1394 1632 1465 ipse
1679 1395 1959 1452 facturus.

310 1479 458 1536 Nam
504 1480 616 1534 etsi
667 1477 1085 1551 pmnitentibus
1131 1475 1720 1547 pepercit,inquiunt,
1762 1474 1962 1546 utique

313 1559 448 1616 illos
480 1559 877 1630 paenitentiam
907 1573 1022 1612 non
1054 1556 1361 1626 ignorabat
1391 1559 1647 1622 acturos,
1679 1559 1735 1609 et
1765 1559 1958 1610 tamen

311 1643 576 1698 absolute
629 1657 694 1696 ac
744 1639 980 1694 deﬁnite
1029 1652 1224 1692 eorum
1282 1636 1641 1692 eversionem
1702 1636 1957 1691 futuram

307 1737 436 1778 esse
469 1720 752 1793 praedixit.
790 1719 906 1773 Hoc
945 1733 1078 1784 ergo
1113 1720 1256 1784 erat,
1289 1716 1586 1786 inquiunt,
1617 1715 1675 1769 in
1718 1716 1959 1770 veritate

309 1801 661 1867 severitatis,
696 1798 834 1871 quia
863 1799 917 1852 id
951 1802 1119 1853 erant
1148 1797 1306 1868 digni
1333 1816 1348 1866 ς
1382 1797 1478 1851 sed
1514 1795 1572 1850 in
1605 1796 1826 1850 ratione
1857 1795 1961 1850 mi-

310 1881 616 1938 serationis
650 1896 765 1936 non
797 1883 940 1948 erat,
974 1894 1148 1948 quam
1182 1893 1297 1932 non
1321 1876 1686 1932 continuitin
1711 1876 1799 1932 ira
1827 1892 1955 1944 sua,

307 1967 374 2018 ut
404 1965 475 2017 ab
508 1978 574 2016 ea
609 1977 775 2031 pmna
819 1958 1181 2030 supplicibus
1231 1963 1509 2027 parceret,
1560 1971 1736 2028 quam
1772 1958 1958 2013 fuerat

308 2043 760 2101 contumacibus
791 2039 1207 2096 comminatus.
1239 2039 1299 2094 Si
1340 2055 1476 2110 ergo
1508 2043 1646 2092 tunc
1679 2037 1954 2107 pepercit,

310 2125 494 2192 aiunt,
547 2124 781 2196 quando
822 2129 1086 2178 sanctum
1139 2137 1314 2176 suum
1363 2120 1707 2189 Prophetam
1769 2120 1957 2174 fuerat

310 2205 602 2275 parcendo
632 2203 1104 2270 contristaturus,
1136 2204 1356 2271 quanto
1400 2200 1587 2270 magis
1611 2203 1754 2254 tunc
1786 2199 1956 2254 mise-

306 2283 552 2339 rabilius
593 2281 1064 2352 supplicantibus
1110 2285 1326 2351 parcet,
1369 2280 1603 2350 quando
1653 2283 1717 2334 ut
1755 2282 1957 2350 parcat

308 2378 512 2418 omnes
545 2364 731 2418 sancti
761 2363 888 2432 eius
919 2361 1220 2416 orabunt?
1247 2361 1354 2416 Sed
1384 2361 1492 2415 hoc
1514 2360 1668 2430 quod
1691 2359 1802 2430 ipsi
1833 2360 1955 2416 suis

308 2442 584 2498 cordibus
636 2443 1031 2513 suspicantur,
1083 2441 1209 2495 ideo
1243 2445 1448 2512 putant
1478 2440 1804 2511 Scripturas
1859 2445 1952 2495 ta-

299 2522 496 2579 cuisse
525 2522 775 2588 divinas,
812 2526 876 2576 ut
909 2520 1077 2576 multi
1111 2537 1170 2577 se
1201 2521 1518 2592 corrigunt,
1566 2522 1654 2576 vel
1701 2522 1950 2592 prolixa-

297 2619 427 2659 rum
458 2603 545 2659 vel
596 2611 943 2658 internarum
995 2604 1202 2657 timore
1233 2617 1556 2672 pmnarum,
1599 2606 1655 2656 et
1702 2601 1821 2656 sint
1849 2602 1950 2673 qui

297 2685 527 2755 possint
556 2699 719 2738 orare
749 2700 852 2755 pro
885 2683 988 2748 eis,
1024 2683 1124 2754 qui
1157 2698 1218 2737 se
1262 2698 1378 2737 non
1410 2682 1763 2737 correxerint
1796 2697 1809 2737 :
1845 2699 1948 2739 nec

293 2766 494 2818 tamen
531 2767 850 2833 opinantur
879 2764 1039 2818 omni
1073 2763 1246 2818 modo
1277 2762 1340 2816 id
1368 2762 1595 2833 eloquia
1627 2763 1823 2818 divina
1855 2768 1950 2818 ta-

307 2843 522 2897 cuisse.
547 2846 671 2898 Non
703 2858 818 2913 quo
848 2843 1114 2913 pertinet,
1145 2841 1442 2912 inquiunt,
1476 2842 1629 2914 quod
1663 2844 1944 2911 scriptum

291 2924 405 2987 est,
435 2924 617 2993 Quam
647 2923 820 2976 multa
868 2921 1163 2976 multitudo
1193 2921 1497 2976 dulcedinis
1535 2931 1660 2991 tute,
1696 2923 1943 2992 Domine,

286 3017 460 3074 quam
487 3001 820 3057 abscondisti
846 3002 1211 3056 metuentibus
1233 3011 1286 3056 te
1307 3003 1478 3072 (Psal.
1509 3019 1639 3071 xxx,
1663 3004 1756 3074 20)
1781 3002 1794 3058 l
1829 3004 1943 3062 nisi

290 3085 358 3136 ut
379 3079 778 3152 intelligamus
801 3088 1038 3153 propter
1060 3083 1329 3138 timorem
1350 3083 1532 3137 fuisse
1549 3084 1943 3140 absconditam

287 3160 704 3216 misericordiae
736 3161 940 3217 divinae
969 3165 1088 3218 tam
1118 3161 1362 3216 multam
1389 3165 1789 3234 secretamque
1814 3167 1942 3220 dul-

283 3241 553 3297 cedinem
579 3241 607 3296 ?
634 3241 868 3297 Addunt
897 3242 1073 3299 etiam
1113 3246 1417 3314 propterea
1447 3243 1664 3298 dixisse
1693 3247 1937 3315 Aposto-

278 3329 434 3387 lum,
469 3321 744 3378 Conclusit
772 3324 924 3376 enim
985 3324 1126 3377 Deus
1153 3337 1343 3377 omnes
1386 3325 1444 3376 in
1477 3323 1826 3394 inﬁdelitate,
1877 3333 1940 3382 ut

281 3404 536 3460 omnium
565 3405 894 3460 misereatur
943 3406 1118 3475 (Rom.
1149 3420 1229 3468 ιιι,
1259 3405 1373 3473 3'2),
1409 3421 1522 3476 quo
1562 3407 1938 3476 signiﬁcaret,

282 3485 444 3556 quod
481 3485 550 3540 ab
582 3484 680 3540 illo
713 3501 880 3541 nemo
912 3485 1299 3539 damnabitur.
1337 3483 1448 3538 Nec
1481 3486 1575 3539 isti
1607 3491 1805 3540 tamen
1837 3489 1935 3558 qui

283 3565 397 3620 hoc
428 3565 708 3633 sentiunt,
745 3565 896 3620 hanc
917 3565 1250 3637 opinionem
1285 3580 1451 3620 suam
1487 3579 1672 3635 usque
1701 3567 1772 3620 ad
1796 3567 1938 3622 libe-

282 3646 572 3701 rationem
604 3645 692 3702 vel
743 3644 968 3702 nullam
1016 3645 1449 3700 damnationem
1500 3646 1717 3702 diaboli
1764 3651 1937 3719 atque

280 3726 627 3797 angelorum
679 3729 809 3796 ejus
841 3727 1181 3782 extendunt.
1216 3726 1484 3780 Humana
1522 3727 1737 3798 quippe
1784 3728 1937 3784 circa

278 3805 438 3861 solos
490 3807 756 3862 homines
803 3813 1110 3862 moventur
1142 3806 1560 3874 misericordia,
1611 3814 1668 3862 et
1697 3823 1933 3864 causam

281 3887 544 3943 maxime
576 3893 760 3959 agunt
790 3904 974 3955 suam,
1021 3903 1120 3960 per
1150 3886 1478 3958 generalem
1519 3887 1577 3942 in
1609 3903 1793 3958 genus
1825 3889 1936 3945 hu-

277 3983 526 4022 manum
559 3970 725 4038 quasi
758 3967 859 4023 Dei
901 3968 1332 4023 miserationem
1380 3967 1795 4038 impunitatem
1830 3970 1932 4024 fal-

279 4063 410 4103 sam
434 4047 554 4101 suis
586 4047 829 4117 perditis
861 4048 1121 4103 moribus
1171 4045 1506 4117 pollicentes
1533 4063 1547 4102 :
1587 4063 1653 4102 ac
1694 4064 1796 4118 per
1825 4049 1934 4111 hoc

279 4125 650 4195 superabunt
691 4142 789 4182 eos
838 4128 896 4180 in
948 4126 1318 4197 praedicanda.
1361 4125 1460 4180 Dei
1512 4127 1930 4193 misericordia,

280 4206 382 4278 qui
415 4205 566 4261 hanc
600 4207 1008 4278 impunitatem
1041 4208 1217 4264 etiam
1243 4206 1490 4278 principi
1522 4209 1850 4264 daemonum
1875 4215 1934 4266 et

280 4289 416 4359 ejus
447 4287 796 4344 satellitibus
828 4288 1194 4360 pollicentur.

278 4446 518 4504 CAPUT
543 4446 781 4504 XlX.-—-
823 4449 895 4504 De
941 4449 1024 4504 his
1079 4449 1183 4519 qui
1239 4449 1630 4522 impunitatem
1685 4451 1932 4507 omnium

348 4537 698 4600 peccatorum
741 4528 1073 4601 promittunt
1147 4531 1313 4584 etiam
1368 4531 1657 4602 haereticis,
1713 4541 1933 4605 propter

348 4607 838 4681 participationem
866 4610 1112 4682 corporis
1145 4609 1368 4667 Christi.

349 4746 494 4801 Item
529 4749 670 4801 sunt
700 4743 820 4815 alii,
851 4745 924 4802 ab
953 4750 1169 4801 aeterno
1191 4745 1483 4817 supplicio
1507 4746 1928 4818 liberationem,

279 4841 388 4882 nec
415 4826 564 4895 ipsis
592 4825 799 4882 saltem
832 4827 1107 4882 omnibus
1139 4826 1480 4881 hominibus
1506 4829 1929 4899 promittentes,

278 4906 382 4962 sed
409 4907 821 4962 tantummodo
865 4907 1080 4963 Christi
1132 4906 1492 4979 Baptismate
1540 4907 1779 4977 ablutis,
1833 4911 1930 4980 qui

279 4987 600 5058 participes
632 4989 779 5044 fiunt
809 4989 1068 5060 corporis
1097 4989 1244 5058 ejus,
1291 4989 1722 5059 quomodolibet
1772 4991 1930 5045 vixe-

280 5067 420 5137 rint,
454 5066 515 5123 in
538 5083 907 5140 quacumque
956 5069 1162 5126 haeresi
1211 5069 1297 5124 vel
1346 5069 1650 5141 impietate
1696 5069 1928 5139 fuerint,

279 5155 520 5221 propter
549 5151 690 5206 illud
725 5153 876 5220 quod
909 5152 992 5206 ait
1018 5151 1228 5208 Jesns:
1261 5153 1362 5208 Hic
1398 5161 1490 5208 est-
1519 5154 1682 5224 panis
1727 5153 1824 5227 qui
1865 5154 1934 5210 de

278 5228 420 5286 culo
445 5229 740 5296 descendit,
766 5239 829 5287 ut
857 5234 905 5288 si
923 5235 1049 5305 quis
1077 5249 1148 5290 ea:
1185 5235 1302 5304 ipso
1341 5235 1782 5298 manducauerit,
1820 5251 1930 5291 non

279 5310 583 5368 moriatur.
618 5314 723 5384 Ego
753 5328 874 5369 sum
902 5316 1064 5385 panis
1093 5317 1260 5381 visus,
1292 5318 1391 5388 qui
1409 5315 1474 5371 de
1493 5317 1623 5371 caelo
1643 5317 1929 5373 descendi:

275 5389 327 5444 si
354 5395 477 5462 quis
499 5392 920 5450 manducaverit
946 5410 1016 5450 ea:
1042 5395 1140 5450 hoc
1166 5411 1329 5467 pane,
1372 5395 1514 5452 vivet
1558 5396 1623 5452 in
1658 5406 1930 5454 aeternum

279 5470 456 5538 (Joan.
488 5489 566 5541 vr,
589 5473 661 5527 50
690 5474 803 5545 52).
839 5473 918 5529 Ab
949 5483 1159 5531 aeterna
1193 5491 1327 5547 ergo
1375 5485 1579 5547 morte,
1630 5477 1928 5550 inquiunt,

276 5565 513 5631 necesse
541 5559 632 5610 est
661 5553 810 5610 istos
841 5553 988 5624 erui,
1016 5560 1074 5612 et
1104 5556 1174 5613 ad
1207 5556 1382 5614 vitam
1419 5561 1694 5616 aeternam
1741 5574 1925 5631 quan-

277 5630 606 5707 documque
637 5635 894 5708 perduci.

1504 371 1740 433 LIBER
1779 365 2209 437 VIGESIMUS
2255 378 2590 444 PRIMUS.

2671 12 3368 36 —-—..—--—_4.W\.-“~~~.a--:
3377 12 3586 39 "vix-
3601 24 3664 36 ..ξ-ι
3679 29 3716 38 ..ν
3729 33 3742 38 -
3761 33 3764 35 λ

3614 407 3736 471 734

2081 509 2316 603 CAPUT
2357 515 2467 603 X_X.
2500 549 2573 603 -—-_
2600 521 2671 603 lle
2699 521 2785 577 his
2816 525 2913 596 qui
2935 542 3046 582 non
3075 531 3348 603 omnibus,
3379 539 3474 594 sed
3511 543 3580 596 iis
3606 549 3732 598 tan-

2153 596 2400 694 tumqui
2427 600 2574 694 apud
2607 600 2912 694 catholicos
2939 615 3069 664 sunt
3101 615 3302 682 renati,
3335 596 3560 676 etiamsi
3605 596 3728 694 pos-

2155 680 2247 772 tea.
2271 675 2330 730 in
2365 679 2546 772 multa
2575 685 2814 772 crimina
2860 703 3172 762 erroresque
3220 675 3731 772 proruperint,rin-

2152 754 2493 824 dulgentiam
2523 763 2874 832 pollicentur.

2150 920 2292 1008 Item
2354 930 2492 981 sunt
2548 930 2647 999 qui
2700 931 2807 987 hoc
2880 951 2985 990 nec
3043 941 3319 998 omnibus
3377 946 3725 1008 habentibus

2077 998 2455 1095 Raptis-matis
2481 1007 2701 1095 Christi
2733 1017 2789 1068 et
2819 1015 2946 1085 ejus
2979 1021 3238 1090 corporis
3269 998 3725 1095 sacEaEéBilfzIf,

2075 1081 2346 1182 sedAsolis
2373 1088 2708 1178 catholicis,
2742 1081 3009 1182 quamvis
3041 1081 3192 1156 male
3214 1081 3728 1182 viventibusﬂpolli:

2074 1167 2316 1264 centqr;
2352 1167 2488 1235 quia
2531 1186 2643 1224 non
2691 1174 2810 1229 solo
2833 1190 3254 1264 -sacramento,
3315 1186 3417 1241 sed
3468 1205 3527 1244 re
3562 1167 3727 1264 ‘ipsa

2074 1243 2567 1344 manducaverunt
2597 1268 2806 1320 corpus
2827 1256 3062 1328 Christi,
3096 1262 3154 1317 in
3177 1243 3305 1334 ipso
3333 1269 3461 1337 ejus
3484 1243 3724 1344 corpbre

2071 1327 2393 1394 constituti,
2445 1330 2514 1385 de
2571 1348 2682 1422 qui)
2740 1335 2883 1390 dicit
2926 1327 3279 1422 _Apostolus,
3341 1327 3483 1405 (ulnus

2067 1417 2243 1492 unum
2276 1422 2471 1492 corpus
2499 1413 2665 1467 multi
2683 1431 2872 1471 sumus
2901 1419 2947 1488 (Ι
2981 1419 3101 1477 Cor.
3149 1441 3203 1492 x,
3241 1429 3346 1484 17:
3382 1436 3447 1485 ut
3489 1413 3723 1490 etiamsi

2069 1488 2269 1582 postea
2300 1487 2358 1582 in
2392 1489 2644 1582 aliquam
2680 1487 2948 1553 haeresim
2984 1503 3067 1555 vel
3101 1487 3276 1562 etiam
3317 1509 3376 1564 in
3418 1487 3719 1582 gentilium

2067 1563 2455 1664 idololatriam
2488 1572 2634 1664 lapsi
2668 1577 2906 1646 fuerint,
2939 1585 3170 1640 tantum
3216 1563 3721 1664 quia

2066 1645 2301 1744 Christi,
2336 1651 2387 1706 id
2431 1655 2642 1744 θείη-ἰη-
2677 1659 2936 1744 Ecclesia
2984 1645 3288 1735 catholica,
3340 1645 3720 1744 sumpseiunt

2066 1725 2425 1827 Baptismum
2513 1735 2761 1827 Christi.
2809 1746 2866 1794 et
2901 1725 3717 1827 _manducave’runtrcorpus

2064 1805 2301 1897 Christi,
2362 1828 2476 1868 non
2521 1818 2842 1874 moriantur
2897 1822 2955 1877 in
3018 1830 3325 1897 aeternum,
3378 1805 3478 1888 sed
3540 1805 3717 1891 vittam

2064 1891 2424 1984 quandoque
2471 1904 2955 1985 consequantur,
3012 1891 3327 1980 aiternam';
3387 1917 3564 1985 atque
3623 1915 3720 1972 illa

2062 1971 2252 2052 omnis
2285 1973 2556 2041 impietas
2587 1984 2810 2047 quanto
2845 1984 3030 2051 major
3060 1986 3254 2050 fuerit,
3289 1971 3404 2046 non
3427 1971 3511 2048 eis
3533 1996 3716 2052 valeat

2062 2049 2134 2102 ad
2167 2052 2572 2122 aeternitatem,
2607 2059 2708 2113 sed
2742 2060 2815 2114 ad
2857 2049 3316 2124 diuturnitatem
3361 2049 3719 2144 magnitudi;

2065 2142 2316 2199 nemque
2349 2147 2677 2203 pinnarum.

2060 2339 2460 2428 CAPUT_XXI.
2494 2376 2562 2387 —
2593 2348 2665 2403 De
2693 2349 2781 2406 his
2827 2354 2924 2423 qui
2977 2369 3064 2410 eos
3123 2357 3222 2428 qui
3273 2370 3593 2428 permanent
3649 2369 3712 2422 in

2127 2426 2394 2480 catholica
2408 2428 2535 2496 ﬁde,
2565 2429 2781 2486 etiamsi
2807 2435 3039 2503 pessime
3067 2426 3332 2508 viderint,
3362 2445 3492 2499 etob
3506 2445 3608 2500 hoc
3621 2451 3713 2502 ari

2127 2509 2436 2590 meruerint
2464 2513 2650 2565 tamen
2694 2523 2920 2584 propter
2959 2516 3093 2588 ﬁdei
3131 2521 3554 2590 fundamentum
3601 2530 3712 2585 sal-

2131 2587 2332 2643 vandos
2359 2603 2475 2645 esse
2503 2590 2798 2661 deﬁniunt.

2128 2748 2276 2838 Sunt
2308 2756 2504 2807 autem
2539 2755 2635 2838 qui
2668 2765 2903 2828 prapter
2948 2760 3005 2815 id
3056 2764 3208 2833 quod
3257 2766 3544 2837 scriptum
3595 2774 3705 2838 est,

2056 2828 2164 2914 qui
2185 2836 2582 2914 peseveraveril
2613 2849 2783 2908 usque
2838 2841 2896 2893 in
2961 2828 3148 2910 ﬁnem,
3213 2845 3306 2899 hic
3361 2828 3542 2902 salvus
3605 2828 3715 2914 erit

2054 2908 2264 2977 (Matth.
2315 2915 2632 2985 xxiv,13):
2675 2934 2792 2972 non
2853 2908 2968 2974 nisi
3021 2923 3078 2976 in
3115 2923 3368 2980 Ecclesia
3424 2908 3707 2985 catholica

2051 2994 2580 3075 perseverantibus,
2635 2999 2901 3067 quamvis
2931 3001 2990 3055 in
3041 3017 3107 3057 ea
3157 3005 3308 3059 male
3359 3008 3704 3075 viventibus,

2047 3067 2160 3124 hoc
2189 3071 2556 3142 promittunt,
2583 3091 2681 3146 per
2702 3076 2894 3148 ignem
2927 3080 3188 3138 videlicet
3218 3084 3512 3142 salvandis
3535 3067 3704 3144 meri;

2047 3155 2102 3204 to
2134 3150 2516 3232 fundamenti,
2540 3154 2611 3211 de
2642 3173 2757 3226 quo
2788 3158 2869 3213 ait
2897 3161 3236 3232 Apostolus,
3260 3167 3700 3225 Fundamentum

2047 3231 2198 3320 enim
2229 3232 2394 3288 aliud
2420 3251 2578 3323 nemo
2609 3244 2779 3323 pqtest
2805 3231 3032 3311 ponere,
3077 3254 3280 3315 prater
3306 3247 3364 3303 id
3411 3254 3556 3321 quod
3606 3269 3701 3323 pa-

2044 3310 2212 3398 sAitum
2238 3321 2332 3380 est,
2366 3316 2604 3398 quodest
2633 3319 2885 3375 Christus
2913 3310 3090 3380 Iesus;
3124 3326 3185 3381 Si
3210 3331 3334 3398 quis
3360 3310 3545 3387 autem
3567 3310 3702 3389 aedi-

2045 3392 2175 3479 fient
2194 3408 2358 3479 super
2383 3397 2807 3479 fundamentum
2837 3402 2936 3457 hoc
2963 3421 3186 3470 aurum,
3210 3392 3527 3479 argentum,
3557 3414 3700 3479 lapi-

2045 3469 2134 3523 a'es
2153 3471 2437 3540 pretiosus,
2471 3473 2645 3543 ligna,
2674 3481 2890 3546 fenum,
2933 3482 3220 3552 stipulam,
3268 3469 3702 3559 uniuscuiusque

2045 3564 2174 3618 opus
2204 3553 2674 3621 manifestabilur.
2716 3557 2839 3611 Dies
2867 3562 3017 3614 enim
3054 3561 3361 3619 declarabit
3380 3582 3402 3627 ;
3441 3553 3704 3638 quoniam

2044 3630 2108 3684 in
2137 3632 2263 3700 igne
2292 3634 2652 3700 revelabitur,
2685 3641 2735 3692 et
2767 3637 3203 3712 uniuscujusque
3230 3661 3368 3716 opus
3412 3630 3576 3718 quale
3604 3651 3700 3714 sit,

2047 3709 2499 3798 ign-is‘probabit.
2530 3715 2591 3770 Si
2619 3718 2776 3787 cuius
2805 3735 2938 3789 opus
2965 3709 3334 3790 permanserit
3361 3709 3510 3797 quod
3539 3709 3702 3798 supe;

2044 3791 2392 3860 raediﬁcavit,
2422 3797 2726 3852 mercedem
2754 3803 2985 3869 accipiet
3014 3819 3032 3856 :
3082 3805 3134 3857 si
3156 3806 3311 3874 cujus
3350 3791 3482 3877 opus
3511 3791 3698 3864 autem

2041 3875 2264 3939 arserit,
2296 3873 2562 3930 damnum
2591 3879 2838 3944 patietur
2857 3896 2878 3940 ;
2911 3880 3025 3950 ipse
3054 3873 3237 3938 autem
3258 3873 3452 3942 salvus
3470 3892 3596 3952 erit,
3620 3893 3700 3944 sic

2040 3959 2227 4007 tamen
2250 3958 2409 4038 quasi
2437 3973 2536 4027 per
2566 3959 2744 4029 ignem
2795 3960 2846 4030 (Ι
2895 3960 3019 4016 Cor.
3064 3979 3144 4030 ιιι,
3205 3967 3428 4038 11-15).
3491 3968 3699 4024 Dicunt

2041 4050 2176 4105 ergo
2250 4036 2566 4109 cujuslibet
2648 4042 2776 4094 vita:
2873 4042 3224 4099 catholicum
3301 4036 3697 4103 Christianum

2041 4115 2336 4171 Christum
2375 4118 2586 4174 habere
2617 4119 2674 4174 in
2701 4119 3104 4192 fundamento,
3139 4127 3294 4196 quod
3351 4129 3698 4184 fundamen-

2040 4199 2164 4252 tum
2198 4198 2358 4252 nulla
2390 4199 2630 4257 hmresis
2682 4202 2850 4258 habet
2898 4220 2932 4259 a
2982 4209 3244 4277 corporis
3294 4209 3423 4279 ejus
3477 4211 3698 4266 unitate

2042 4279 2304 4358 praecisa.
2340 4280 2406 4334 Et
2438 4281 2564 4336 ideo
2596 4287 2832 4352 propter
2855 4283 2966 4342 hoc
2998 4285 3467 4358 fundamentum,
3491 4290 3698 4346 etiam-

2041 4357 2086 4412 si
2119 4357 2290 4440 malai'
2329 4360 2454 4413 vitae
2504 4360 2675 4417 fuerit
2727 4363 3054 4421 catholicus
3102 4357 3495 4440 Christianus,
3546 4369 3698 4426 velut

2041 4439 2138 4509 qui
2220 4441 2774 4511 superaediticaverit
2850 4445 3027 4517 ligna,
3106 4448 3326 4516 fenum,
3388 4453 3693 4522 stipulam,

2041 4523 2247 4590 putant
2277 4535 2412 4602 eum
2445 4522 2672 4602 salvum
2705 4523 2829 4580 ﬁeri
2861 4542 2964 4598 per
3005 4527 3222 4599 ignem,
3282 4530 3339 4585 id
3399 4539 3509 4599 est,
3567 4540 3699 4602 post

2041 4615 2243 4681 poenas
2275 4600 2425 4672 ignis
2466 4601 2628 4658 illius
2673 4603 2930 4675 liberari,
2999 4623 3116 4678 quo
3176 4609 3316 4681 igne
3369 4611 3428 4666 in
3490 4600 3695 4669 ultimo

2033 4680 2257 4751 judicio
2289 4682 2609 4754 punientur
2642 4684 2778 4740 mali
2805 4687 2901 4758 (a).

2041 4895 2273 4951 CAPUT
2304 4894 2472 4951 XXII.
2504 4926 2576 4936 -—
2604 4895 2678 4950 De
2707 4893 2791 4949 his
2819 4897 2915 4966 qui
2941 4904 3144 4962 putant
3174 4912 3240 4953 ea
3268 4898 3530 4966 crimina,
3573 4917 3691 4971 quae

2112 4975 2260 5031 inter
2287 4978 2758 5045 eteemosynarum
2787 4990 2950 5045 opera
2978 4979 3417 5048 committuntur,
3449 4979 3519 5035 ad
3534 4982 3692 5036 dam-

2111 5055 2351 5110 nationis
2380 5055 2652 5123 judicium
2680 5069 2790 5110 non
2821 5057 3026 5111 vocari.

2111 5218 2378 5290 Comperi
2409 5219 2583 5276 etiam
2615 5208 2902 5292 quosdam
2936 5228 3140 5293 putare
3162 5241 3260 5282 eos
3283 5229 3688 5286 tantummodo

2040 5315 2275 5356 arsuros
2300 5299 2456 5357 illius
2488 5302 2803 5359 mternitate
2829 5303 3125 5377 supplicii,
3158 5308 3257 5379 qui
3288 5325 3390 5381 pro
3437 5311 3685 5380 peccatis

2096 5585 2352 5650 (a)Con1.
2383 5585 2650 5637 Enchirid.
2681 5597 2734 5636 η.
2769 5584 2846 5650 18,
2875 5585 3049 5638 initio.
