4146 6198
435 316 553 381 735

434 458 558 513 suis
627 455 814 512 facere
863 452 1069 524 dignas
1100 449 1500 520 eleemosynas
1551 449 1872 521 negligant,
1917 450 2081 518 juxta

432 537 576 594 illud
613 534 857 606 apostoli
887 532 1124 587 Jacobi:
1158 530 1445 587 Judicium
1483 542 1667 586 autem
1711 529 1832 585 sine
1873 531 2084 584 miseri-

432 617 619 674 cordia
648 615 744 670 illi
773 616 870 685 qui
889 629 996 666 non
1029 614 1161 683 fecit
1192 610 1631 666 misericordiam
1653 610 1862 681 (Jacobi
1883 626 1944 675 tt,
1973 610 2082 680 13).

436 700 543 765 Qui
575 715 711 769 ergo
745 698 966 761 fecerit,
1002 697 1296 764 inquiunt,
1329 696 1597 764 quamvis
1622 710 1812 749 mores
1851 693 1911 746 in
1964 707 2087 746 me-

438 782 552 837 lius
586 796 699 834 non
734 778 1066 842 mutaverit,
1102 776 1205 831 sed
1238 776 1390 830 inter
1420 775 1579 846 ipsas
1611 791 1750 829 suas
1780 773 2086 840 eleemosy-

439 880 545 918 nas
578 860 794 916 nefarie
824 876 888 914 ac
915 858 1178 930 nequiter
1206 857 1433 919 vixerit,
1473 857 1765 926 judicium
1816 853 1901 908 illi
1951 870 2086 909 cum

440 941 838 999 misericordia
865 940 1123 995 futuram
1158 945 1265 1005 est,
1302 943 1364 992 ut
1395 946 1494 993 aut
1525 937 1686 992 nulla
1716 936 2089 992 damnatione

440 1023 747 1096 plectatur,
782 1024 882 1076 aut
913 1026 1043 1092 post
1092 1019 1332 1090 aliquod
1376 1028 1602 1089 tempus
1649 1019 1769 1074 sive
1826 1032 2088 1089 parvam,

440 1107 560 1161 sive
594 1105 908 1176 prolixum,
941 1103 1011 1158 ab
1045 1101 1144 1157 illa
1184 1103 1558 1157 damnatione
1599 1100 1898 1156 liberetur.
1957 1101 2089 1155 Ideo

443 1186 707 1243 Judicem
736 1185 928 1256 ipsum
957 1183 1216 1238 vivorum
1252 1187 1430 1254 atque
1453 1186 1814 1237 mortuorum
1838 1179 2092 1236 noluisse

442 1266 781 1323 existimant
811 1264 965 1320 aliud
1000 1279 1457 1320 commemorare
1497 1279 1559 1318 se
1599 1278 1728 1317 esse
1774 1262 2089 1328 dicturum,

438 1348 556 1404 sive
589 1346 808 1402 dextris
858 1346 1070 1418 quibus
1126 1350 1216 1400 est
1270 1343 1448 1398 vitam
1500 1343 1746 1398 daturas
1795 1347 2091 1408 aeternam,

441 1430 564 1486 sive
596 1427 853 1484 sinistris
913 1443 1061 1499 quos
1105 1431 1319 1481 aeterno
1365 1423 1653 1496 supplicio
1711 1424 2094 1478 damnaturus

440 1509 654 1580 (Matth.
690 1525 819 1573 xxv,
853 1508 922 1562 33
950 1509 1112 1579 sqq.),
1146 1506 1257 1562 nisi
1301 1506 1699 1576 eleemosynas
1735 1505 1854 1560 sive
1895 1504 2093 1565 factas,

439 1589 559 1645 sive
589 1606 704 1643 non
738 1590 932 1642 factas.
972 1589 1050 1640 Ad
1080 1588 1186 1641 hoc
1221 1587 1507 1656 pertinere
1545 1587 1710 1639 aiant
1754 1590 1810 1638 et
1853 1583 1913 1638 in
1963 1599 2094 1638 ora-

445 1671 603 1722 tione
627 1669 926 1722 Dominica
949 1667 1342 1735 quotidianam
1369 1665 1818 1736 postulationem
1851 1680 1863 1718 :
1893 1665 2094 1718 Dimit-

441 1752 491 1803 te
520 1749 673 1801 nobis
702 1747 889 1801 debita
917 1753 1125 1812 nostra,
1156 1748 1295 1801 sicut
1325 1751 1375 1800 et
1424 1761 1522 1801 nos
1552 1744 1888 1800 dimittimus
1940 1742 2099 1797 debi-

443 1828 658 1884 toribus
685 1826 889 1882 nostris
922 1827 1021 1897 (Id.
1054 1843 1128 1894 Vt,
1166 1828 1274 1898 12).
1309 1825 1587 1896 Quisquis
1619 1826 1772 1879 enim
1796 1823 1878 1878 illi
1913 1822 2094 1894 quiin

442 1925 573 1964 eum
607 1910 880 1980 peccavit,
905 1907 1151 1962 dimittit
1181 1907 1535 1978 ignoscendo
1560 1901 2096 1976 peccatum,procal

444 1989 624 2045 dubio
655 1989 1079 2061 eleemosynam
1125 1989 1276 2042 facit.
1313 1991 1496 2051 Quam
1531 2003 1653 2040 rem
1696 1985 1973 2040 Dominus
2015 1984 2098 2039 sic

445 2071 571 2142 ipse
602 2069 1048 2137 commendavit,
1090 2075 1154 2124 ut
1182 2069 1436 2124 diceret:
1497 2068 1561 2124 Si
1600 2069 1746 2122 enim
1779 2066 2100 2121 dimiseritis

444 2160 668 2223 peccata
697 2149 1036 2219 hominibus,
1059 2149 1298 2204 dimittet
1329 2149 1476 2204 vobis
1497 2158 1548 2204 et
1568 2149 1733 2202 Pater
1776 2153 1951 2202 vester
1976 2161 2099 2217 pec-

448 2235 572 2287 cata
602 2235 780 2286 vestra
829 2247 848 2285 :
889 2234 939 2285 si
993 2240 1176 2285 autem
1217 2247 1326 2284 non
1385 2228 1716 2284 dimiseritis
1761 2226 2096 2293 hominibus,

453 2327 629 2382 neque
660 2312 829 2365 Pater
855 2316 1035 2366 vester
1071 2312 1167 2383 qui
1202 2310 1264 2365 in
1310 2310 1460 2364 caelis
1509 2318 1606 2374 est,
1654 2308 1894 2363 dimittet
1947 2308 2100 2361 vobis

449 2391 634 2463 (Ibid,
678 2391 764 2457 14,
799 2393 909 2463 15).
945 2392 1089 2463 Ergo
1119 2396 1174 2446 et
1203 2391 1273 2446 ad
1306 2391 1414 2446 hoc
1469 2406 1655 2462 genus
1709 2389 2103 2457 eleetnosyna-

454 2488 584 2526 ram
615 2473 864 2543 pertinet
891 2474 1043 2541 quod
1077 2472 1160 2526 ait
1190 2472 1486 2542 apostolus
1514 2468 1788 2536 Jacobus,
1809 2467 2096 2537 judicium

451 2555 716 2609 futurum
749 2557 876 2609 sine
907 2553 1310 2610 misericordia
1340 2553 1390 2607 ei
1421 2552 1519 2623 qui
1552 2568 1667 2607 non
1701 2551 1833 2606 fecit
1872 2549 2098 2605 miseri-

451 2635 734 2691 cordiam.
768 2635 882 2690 Nec
914 2634 1058 2690 dixit
1091 2633 1398 2702 Dominus,
1434 2633 1728 2703 inquiunt,
1761 2647 1972 2699 magna
2009 2629 2099 2685 vel

447 2732 666 2786 parva;
723 2717 848 2784 sed,
911 2717 1155 2770 Dimittet
1209 2712 1362 2769 vobis
1421 2715 1588 2768 Pater
1653 2716 1831 2767 vester
1878 2713 2100 2782 peccata

454 2803 658 2863 vestra,
702 2797 756 2851 si
801 2803 854 2851 et
899 2813 989 2852 vos
1020 2795 1344 2851 dimiseritis
1367 2794 1702 2850 hominibus.
1736 2797 1815 2848 Ac
1847 2809 1948 2864 per
1992 2790 2099 2848 hoc

463 2881 668 2945 putant
706 2877 879 2930 etiam
914 2877 995 2930 eis
1025 2877 1124 2946 qui
1150 2876 1369 2945 perdite
1397 2874 1666 2938 vixerint,
1711 2874 1891 2928 donec
1931 2871 2093 2926 clau-

455 2954 598 3008 dant
611 2954 763 3009 diem
778 2954 907 3009 vitae
923 2955 1095 3026 hujus
1109 2961 1564 3024 extremam,per
1587 2953 1732 3008 hanc
1745 2951 2067 3007 orationem
2080 2997 2096 3024 ,

451 3033 906 3104 qualiacumque
963 3040 1018 3088 et
1093 3041 1559 3106 quantacumque
1619 3034 1851 3097 fuerint,
1911 3029 2098 3086 omnia

445 3115 710 3186 quotidie
741 3119 976 3186 peccata
1005 3115 1243 3182 dimitti,
1294 3116 1446 3169 sicut
1494 3115 1622 3185 ipsa
1679 3112 1938 3184 quotidie
1988 3113 2097 3166 fre-

449 3200 762 3266 quentatur
806 3195 1011 3263 oratio,
1072 3196 1120 3250 si
1179 3196 1286 3250 hoc
1343 3196 1742 3250 tantummodo
1802 3193 2094 3248 custodire

454 3273 850 3341 meminerint,
884 3280 947 3329 ut
977 3276 1208 3346 quando
1231 3275 1301 3330 ab
1342 3275 1426 3330 eis
1455 3275 1681 3331 veniam
1725 3278 1946 3346 petant,
1992 3270 2094 3342 qui

441 3369 544 3408 eos
581 3361 817 3425 peccato
849 3356 1266 3427 qualicumque
1309 3354 1606 3423 laeserunt,
1660 3370 1728 3409 ex
1777 3357 1948 3410 corde
2007 3354 2094 3407 di-

441 3433 699 3489 mittant.
733 3434 868 3490 Cam
899 3438 968 3490 ad
1006 3437 1123 3492 haec
1154 3438 1371 3499 omnia,
1409 3441 1519 3491 Deo
1556 3437 1830 3501 donante,
1860 3450 2097 3506 respon-

441 3515 603 3582 dero,
635 3516 780 3572 liber
810 3517 915 3575 iste
945 3518 1306 3574 claudendas
1338 3525 1427 3573 est
1465 3518 1566 3589 ().

434 3679 668 3736 CAPUT
698 3680 888 3736 XXIII.
1024 3683 1228 3737 Contra
1252 3679 1568 3750 opinionem
1617 3694 1811 3734 eorum
1869 3679 1967 3749 qui
2011 3678 2096 3734 di-

503 3769 650 3830 cunt,
674 3778 771 3817 nec
800 3762 1027 3828 diaboli,
1059 3778 1156 3816 nec
1180 3762 1468 3816 hominum
1500 3758 1785 3814 malorum
1831 3767 2094 3831 perpetua

514 3840 711 3913 futura
746 3844 906 3914 suppl
913 3841 1041 3898 icio.

509 3977 590 4034 Ac
622 3976 874 4046 primum
928 3974 1105 4046 quaeri
1149 3978 1375 4044 oportet
1422 3978 1600 4047 atque
1645 3976 1937 4047 cognosci,
1989 3993 2093 4032 cur

441 4056 699 4113 Ecclesia
731 4057 877 4111 ferre
909 4054 1234 4128 nequiverit
1267 4056 1574 4112 hominum
1609 4057 2089 4127 disputationem,

441 4137 670 4194 diabolo
698 4137 870 4192 etiam
905 4143 1035 4209 post
1060 4137 1343 4194 maximas
1382 4147 1434 4195 et
1466 4139 1945 4195 diutarnissimas
1978 4157 2092 4210 pcn-

440 4236 570 4288 nas,
616 4219 1022 4290 purgationem
1075 4219 1159 4274 vel
1217 4219 1640 4287 indulgentiam
1694 4220 2086 4290 pollicentem.

442 4301 637 4369 Neque
668 4300 827 4354 enim
859 4303 943 4354 tot
974 4300 1159 4354 sancti
1190 4309 1243 4353 et
1273 4301 1448 4355 sacris
1479 4300 1764 4356 veteribus
1809 4315 1876 4356 ac
1927 4302 2087 4357 novis

440 4379 672 4432 Litteris
713 4379 947 4443 eruditi,
1007 4379 1441 4435 inundationem
1495 4385 1550 4434 et
1611 4381 1773 4451 regni
1811 4381 2086 4437 caelorum

439 4456 856 4511 beatitudinem
901 4463 1030 4525 post
1049 4459 1498 4529 qualiacumque
1528 4468 1582 4515 et
1622 4468 2089 4532 quantacumque

437 4534 741 4606 supplicia,
776 4535 1308 4610 qualibuscumque
1337 4547 1390 4594 et
1446 4541 1937 4612 quantiscumque
1980 4558 2087 4596 an-

441 4613 584 4684 gelis
644 4614 1027 4670 inviderunt:
1086 4618 1184 4672 sed
1247 4617 1439 4690 potius
1486 4619 1760 4674 viderant
1825 4621 2086 4674 divinam

441 4697 673 4753 vacuari
707 4700 792 4752 vel
825 4696 1112 4753 infirmari
1144 4716 1256 4754 non
1293 4716 1461 4770 posse
1504 4702 1876 4767 sententiam,
1910 4717 2088 4771 quam

440 4795 503 4834 se
553 4778 837 4834 Dominus
893 4780 1298 4848 praenuntiavit
1355 4782 1411 4834 in
1454 4780 1676 4850 judicio
1728 4780 2087 4851 prolaturum

444 4867 619 4930 atque
677 4862 988 4927 dicturum,
1075 4861 1339 4916 Discedite
1402 4878 1436 4915 a
1492 4877 1600 4924 me,
1660 4860 1966 4925 maledicti,
2029 4865 2088 4916 in

441 4943 630 5013 ignem
659 4945 953 5004 mter-num,
999 4941 1097 5012 qui
1141 4947 1368 5012 paratus
1416 4951 1493 4996 est
1541 4941 1755 4996 diabolo
1785 4947 1833 4997 et
1864 4943 2088 5015 angelis

436 5022 554 5091 ejus
607 5021 816 5090 (Matth.
854 5037 983 5087 xxv,
1043 5021 1154 5091 41).
1218 5023 1312 5077 Sic
1344 5023 1560 5093 quippe
1587 5023 1839 5077 ostendit
1867 5031 2080 5078 aeterno

429 5102 566 5173 igne
602 5100 895 5155 diabolum
931 5106 988 5155 et
1044 5102 1284 5172 angelos
1343 5103 1471 5171 ejus
1523 5120 1779 5158 arsuros.
1835 5106 1900 5157 Et
1933 5106 2083 5174 quod

431 5181 714 5250 scriptam
767 5185 855 5234 est
902 5179 960 5234 in
1009 5180 1371 5252 Apocalypsi,
1421 5183 1686 5238 Diabolus
1744 5188 1841 5255 qui
1867 5186 2089 5238 seduce-

434 5261 529 5316 bat
581 5276 688 5324 eos,
740 5259 938 5314 missus
981 5266 1060 5315 est
1092 5261 1148 5316 in
1190 5266 1446 5332 stagnum
1487 5263 1635 5330 ignis
1681 5270 1734 5319 et
1779 5265 2084 5334 sulphuris,

435 5357 539 5410 quo
571 5346 621 5395 et
649 5341 814 5396 bestia
845 5345 893 5395 et
923 5343 1428 5413 pseudoprOpheta.
1469 5347 1523 5398 et
1562 5345 1960 5400 cruciabuntur
1997 5345 2089 5402 die

494 5604 573 5664 ()
601 5604 748 5655 Cont.
779 5605 1045 5658 Enchirld.
1076 5620 1168 5657 nn.
1207 5605 1283 5667 19,
1313 5605 1392 5658 20.

1484 310 1586 370 DE
1626 308 1994 372 CIVITATE
2037 310 2193 388 DEI,
2239 312 2305 372 S.
2351 313 2786 378 AUGUSTlNI

3727 322 3851 384 736

2200 464 2266 502 ac
2304 456 2462 504 nocte
2511 451 2570 505 in
2612 453 2819 509 saecula
2873 452 3203 509 saeculorum
3239 454 3422 524 (Apoc.
3482 473 3578 524 xx,
3625 457 3684 528 9,
3744 460 3854 529 10).

2200 530 2364 594 Quod
2397 532 2472 586 ibi
2507 532 2726 588 dictum
2759 540 2868 604 est,
2899 541 3172 591 mter-num
3193 557 3214 603 ,-
3237 535 3327 591 hic
3359 538 3584 594 dictum
3631 546 3741 607 est,
3792 543 3858 596 in

2197 614 2407 669 saecula
2436 615 2812 672 swculorum:
2857 619 3071 688 quibus
3116 619 3311 673 verbis
3359 619 3504 675 nihil
3552 621 3856 691 Scriptura

2200 691 2396 748 divina
2425 694 2756 765 significare
2787 697 3108 764 consuevit,
3161 698 3274 753 nisi
3322 702 3475 769 quod
3516 701 3691 755 nem
3735 719 3854 758 non

2200 772 2375 828 habet
2405 775 3094 846 temporis.Qaamobrem
3121 795 3361 849 prorsus
3390 796 3496 836 nec
3517 779 3628 836 alia
3648 797 3851 848 causa,

2202 869 2305 907 nec
2340 854 2555 922 iustior
2592 861 2764 924 atque
2813 857 3178 914 manifestior
3225 859 3472 915 inveniri
3503 866 3714 931 potest,
3747 879 3856 917 cur

2201 934 2506 988 verissima
2581 936 2792 1006 pietate
2851 945 3110 993 teneatur
3180 939 3360 995 xam
3415 945 3472 996 et
3527 941 3851 1010 immobile,

2204 1013 2428 1069 nullum
2454 1031 2784 1086 regressum
2819 1019 2891 1072 ad
2940 1018 3228 1090 justitiam
3275 1021 3570 1094 vitamque
3618 1029 3852 1080 sancto-

2201 1111 2332 1176 rum
2363 1096 2661 1152 diabolum
2691 1103 2747 1154 et
2777 1099 3016 1170 angelos
3043 1102 3173 1170 ejus
3204 1101 3530 1170 habituros,
3565 1104 3677 1160 nisi
3709 1107 3852 1176 quia

2203 1175 2522 1247 Scriptura,
2571 1195 2699 1249 quae
2749 1183 3044 1235 neminem
3103 1180 3272 1248 fallit,
3323 1183 3466 1238 dicit
3520 1184 3606 1239 eis
3669 1175 3851 1241 Deam

2206 1273 2320 1311 non
2353 1260 2672 1328 pepercisse
2704 1260 2776 1330 (II
2803 1261 2950 1317 Petr.
2974 1277 3035 1327 tt,
3067 1262 3146 1332 4),
3177 1267 3234 1317 et
3261 1263 3348 1318 sic
3369 1263 3562 1319 abillo
3594 1279 3724 1321 esse
3768 1266 3857 1321 in-

2203 1338 2369 1393 terim
2406 1341 2847 1410 prasdamnatos,
2885 1346 2947 1395 ut
2978 1343 3304 1398 carceribus
3335 1344 3604 1414 caliginis
3643 1347 3849 1402 inferi

2207 1421 2414 1476 retrusi
2444 1422 2809 1478 traderentur
2838 1424 3122 1491 servandi,
3157 1429 3330 1498 atque
3377 1427 3586 1482 ultimo
3617 1428 3845 1498 judicio

2205 1503 2509 1573 puniendi,
2545 1504 2778 1573 quando
2809 1521 2904 1560 eos
2934 1510 3186 1562 aeternas
3237 1507 3390 1578 ignis
3439 1507 3704 1576 accipiet,
3753 1509 3854 1565 ubi

2207 1583 2626 1639 craciabuntur
2656 1586 2714 1640 in
2756 1587 2971 1642 saacala
3009 1587 3379 1642 saeculorum.
3440 1589 3604 1652 Quod
3664 1591 3714 1645 si
3777 1591 3856 1646 ita

2207 1667 2316 1730 est,
2349 1666 2643 1734 quomodo
2675 1665 2744 1720 ab
2773 1667 2950 1736 hujus
2982 1670 3300 1724 aaternitate
3332 1685 3534 1739 ptenai,
3569 1670 3655 1724 vel
3719 1672 3851 1725 uni-

2205 1743 2378 1802 versi.
2402 1745 2487 1800 vel
2522 1746 2760 1815 qaidam
2795 1745 3061 1803 homines
3099 1753 3232 1820 post
3261 1750 3695 1818 quantumlibet
3717 1759 3857 1806 tem-

2208 1824 2364 1895 poris
2383 1824 2824 1893 subtrahentur,
2843 1844 2909 1882 ac
2935 1844 3050 1884 non
3074 1829 3269 1884 statim
3293 1830 3667 1884 enervabitur
3685 1830 3850 1897 fides,

2208 1919 2323 1973 qua
2345 1904 2601 1960 creditur
2630 1908 3047 1976 sempiternum
3073 1908 3404 1963 daemonum
3433 1909 3702 1966 futuram
3725 1927 3851 1967 esse

2208 1984 2565 2056 supplicium
2589 1986 2617 2040 2
2645 1986 2705 2042 Si
2737 1987 2893 2042 enim
2945 1987 3160 2060 quibus
3221 1987 3467 2060 dicetur,
3503 1991 3776 2047 Discedite
3821 2009 3855 2047 a

2205 2081 2311 2134 me,
2343 2067 2644 2132 maledicti,
2675 2070 2734 2121 in
2774 2069 2958 2138 ignem
3001 2076 3294 2138 aeternum,
3343 2071 3445 2142 qui
3495 2075 3729 2143 paratus
3778 2082 3856 2128 est

2207 2148 2422 2205 diabolo
2451 2157 2500 2205 et
2528 2151 2738 2221 angelis
2769 2151 2886 2221 eius
2915 2150 3129 2223 (Matth.
3165 2170 3292 2221 xxv,
3328 2153 3439 2222 41),
3472 2153 3561 2209 vel
3593 2155 3858 2211 universi

2207 2230 2295 2284 vel
2325 2229 2503 2301 aliqui
2531 2246 2729 2286 eorum
2763 2248 2878 2287 non
2907 2248 3138 2304 semper
3165 2233 3244 2288 ibi
3267 2239 3440 2288 erant
3464 2251 3478 2302 ;
3502 2236 3644 2306 quid
3669 2252 3859 2290 causa

2210 2316 2300 2365 est
2328 2325 2428 2366 car
2457 2309 2722 2366 diabolus
2751 2316 2808 2366 et
2854 2311 3048 2383 angeli
3095 2313 3223 2383 ejus
3271 2329 3498 2386 semper
3546 2314 3626 2368 ibi
3678 2316 3858 2370 futuri

2209 2407 2333 2446 esse
2359 2391 2710 2446 credantur?
2731 2409 2802 2447 an
2840 2393 2984 2447 forte
3012 2393 3110 2447 Dei
3143 2395 3449 2462 sententia,
3482 2412 3609 2466 quae
3640 2397 3700 2451 in
3743 2413 3866 2451 ma-

2209 2471 2299 2528 los
2328 2477 2385 2528 et
2409 2474 2648 2545 angelos
2679 2478 2735 2527 et
2774 2472 3042 2530 homines
3101 2476 3445 2545 proferetur,
3499 2476 3560 2530 in
3617 2477 3861 2548 angelos

2209 2569 2342 2610 vera
2371 2554 2502 2618 erit,
2537 2555 2594 2607 in
2628 2553 2895 2610 homines
2927 2555 3111 2610 falsa?
3147 2558 3230 2611 Ita
3265 2555 3432 2626 plane
3475 2557 3582 2612 hoc
3629 2558 3762 2625 erit,
3813 2560 3860 2612 si

2211 2651 2327 2690 non
2354 2635 2504 2703 quod
2537 2634 2690 2690 Deus
2721 2636 2886 2702 dixit,
2918 2637 3016 2691 sed
3050 2637 3201 2704 quod
3244 2637 3620 2708 suspicantur
3667 2639 3856 2693 homi-

2211 2733 2313 2771 nes
2344 2716 2477 2786 plus
2505 2715 2735 2771 valebit.
2771 2718 2928 2782 Quod
2972 2717 3096 2772 eri
3128 2717 3263 2789 quia
3314 2735 3429 2773 non
3481 2725 3689 2788 potest,
3741 2736 3856 2774 non

2205 2796 2598 2870 argumentari
2659 2799 2934 2853 adversus
2977 2797 3184 2868 Deam,
3241 2799 3339 2854 sed
3397 2799 3591 2855 divino
3640 2800 3860 2870 potius,

2205 2879 2347 2933 dum
2383 2883 2616 2949 tempus
2647 2882 2754 2948 est,
2779 2879 2989 2934 debent
3017 2895 3218 2950 parere
3252 2884 3557 2949 praecepto,
3582 2879 3682 2950 qui
3703 2897 3863 2935 sem-

2206 2960 2432 3032 piterno
2465 2960 2710 3031 cupiant
2739 2976 2934 3016 carere
2963 2959 3271 3031 supplicio.
3307 2960 3515 3014 Deinde
3545 2959 3717 3030 quale
3765 2966 3862 3015 est

2205 3048 2479 3097 internum
2522 3041 2874 3112 sapplicium
2922 3059 3024 3112 pro
3074 3042 3208 3112 igne
3254 3040 3511 3096 diuturni
3568 3043 3860 3112 temporis

2205 3121 2602 3187 existimare,
2635 3126 2692 3176 et
2735 3121 2907 3176 vitam
2948 3126 3220 3176 mternam
3268 3123 3501 3176 credere
3539 3122 3666 3176 sine
3720 3121 3860 3186 fine,

2206 3219 2338 3258 cam
2363 3201 2626 3257 Christus
2656 3203 2861 3258 eodem
2893 3203 3020 3272 ipso
3073 3203 3218 3267 loco,
3268 3202 3326 3256 in
3371 3219 3489 3256 una
3537 3203 3863 3272 eademque

2205 3283 2494 3340 sententia
2520 3283 2729 3338 dixerit
2749 3289 3052 3353 utramque
3073 3281 3434 3354 complexus,
3458 3281 3552 3337 Sic
3582 3282 3742 3337 ibunt
3764 3282 3864 3337 isti

2204 3366 2264 3422 in
2295 3365 2637 3437 supplicium
2669 3369 2969 3427 wternum;
2990 3364 3137 3436 justi
3160 3370 3364 3428 autem,
3397 3366 3458 3419 in
3488 3364 3672 3419 vitam
3701 3374 3863 3419 eter-

2202 3464 2334 3502 nam
2356 3446 2516 3513 (Ibid.
2549 3447 2686 3519 46)?
2715 3447 2773 3501 Si
2808 3452 3124 3514 atrumque
3154 3452 3455 3512 internum,
3481 3444 3737 3515 profecto
3761 3451 3863 3501 aut

2207 3532 2520 3596 atramque
2550 3543 2677 3581 cum
2699 3525 2814 3581 fine
2836 3527 3209 3591 diuturnum,
3240 3533 3343 3580 aut
3376 3533 3694 3598 atramque
3725 3527 3854 3583 sine

2202 3606 2317 3661 ne
2349 3614 2694 3678 perpetuam
2728 3607 2897 3662 debet
2926 3606 3198 3677 intelligi.
3242 3605 3346 3660 Par
3389 3607 3510 3676 pari
3565 3609 3727 3662 enim
3772 3624 3858 3664 re-

2207 3689 2323 3743 lata
2379 3694 2536 3754 sunt,
2595 3687 2732 3742 hinc
2783 3686 3139 3756 supplicium
3196 3692 3501 3754 internum,
3559 3688 3694 3742 inde
3738 3688 3856 3744 vita

2201 3775 2434 3824 aeterna.
2469 3768 2666 3824 Dicere
2695 3774 2890 3823 autem
2923 3768 2980 3821 in
3003 3767 3114 3822 hoc
3145 3784 3260 3823 uno
3290 3769 3612 3838 eodemque
3649 3785 3854 3837 sensa,

2201 3848 2334 3902 Vita
2361 3852 2576 3903 aeterna
2607 3847 2732 3902 sine
2792 3847 2906 3902 line
2963 3848 3090 3912 erit,
3150 3845 3500 3918 supplicium
3561 3852 3846 3903 aeternum

2201 3928 2371 3983 tinem
2407 3928 2660 3996 habebit,
2692 3927 2941 3982 multum
2975 3929 3294 3982 absurdum
3325 3931 3433 3982 est.
3476 3925 3660 3991 Unde,
3705 3928 3849 3998 quia

2197 4009 2315 4064 vita
2341 4015 2555 4063 aeterna
2594 4013 2930 4064 sanctorum
2973 4008 3101 4062 sine
3150 4007 3259 4061 fine
3302 4006 3433 4074 erit,
3489 4006 3844 4076 sapplicium

2198 4106 2424 4161 quoque
2455 4095 2738 4143 aeternum
2771 4088 2988 4159 quibus
3033 4088 3160 4156 erit,
3196 4086 3371 4142 nem
3414 4087 3616 4157 procul
3667 4087 3850 4143 dubio

2201 4189 2314 4228 non
2347 4171 2606 4228 habebit.

2195 4329 2439 4386 CAPUT
2468 4328 2671 4385 XXIV.
2702 4359 2769 4369 -
2801 4329 3002 4386 Contra
3031 4344 3222 4384 eorum
3249 4343 3491 4385 sensum.
3522 4326 3620 4399 qui
3666 4326 3730 4382 in
3761 4329 3853 4390 iu-

2267 4411 2409 4464 dicio
2441 4411 2536 4464 Dei
2565 4409 2823 4466 omnibus
2863 4409 2974 4465 reis
3017 4421 3244 4482 propter
3295 4414 3608 4466 sanctorum
3661 4426 3860 4482 preces

2265 4493 2471 4562 putant
2496 4505 2611 4545 esse
2633 4490 2992 4560 parcendum.

2271 4628 2321 4683 1.
2355 4628 2473 4684 Hoc
2502 4631 2690 4684 autem
2723 4631 2779 4682 et
2826 4627 3105 4681 adversus
3163 4643 3264 4682 eos
3323 4627 3491 4696 valet,
3554 4627 3659 4699 qui
3719 4643 3863 4682 suas

2200 4715 2440 4778 agentes
2470 4723 2675 4762 causas
2707 4710 2910 4760 contra
2950 4705 3049 4761 Dei
3081 4706 3277 4760 venire
3310 4707 3503 4774 verba,
3543 4705 3698 4759 velut
3749 4706 3861 4760 mi-

2199 4789 2518 4843 sericordia
2549 4789 2768 4856 majore
2799 4793 3124 4856 conantur;
3160 4791 3220 4840 at
3251 4786 3379 4842 ideo
3419 4785 3689 4841 videlicet
3729 4802 3865 4840 vera

2200 4868 2340 4938 sint,
2373 4867 2508 4938 quia
2538 4884 2604 4923 ea
2636 4885 2761 4938 que
2788 4868 2934 4922 dixit
2966 4867 3232 4922 homines
3261 4883 3390 4922 esse
3421 4883 3726 4937 passuros,
3761 4883 3862 4938 pa-

2198 4947 2242 5003 ti
2274 4949 2436 5020 digni
2469 4956 2626 5013 sunt,
2661 4965 2774 5003 non
2808 4948 2942 5015 quia
2973 4947 3205 5018 passuri
3237 4953 3393 5002 sunt.
3421 4947 3676 5002 Donabit
3698 4949 3856 5002 enim

2198 5046 2318 5097 eos,
2353 5030 2651 5101 inquiunt,
2688 5029 2951 5098 precibus
2985 5037 3318 5083 sanctorum
3367 5043 3628 5096 suorum,
3677 5027 3854 5082 etiam

2199 5113 2341 5164 tunc
2375 5118 2529 5164 tanto
2561 5111 2747 5180 magis
2777 5111 3067 5164 orantium
3092 5125 3193 5179 pro
3217 5107 3470 5163 inimicis
3493 5107 3642 5174 suis,
3668 5123 3858 5179 quan

2198 5193 2256 5245 to
2287 5195 2428 5246 sunt
2457 5192 2660 5262 utique
2689 5191 3028 5260 sanctiores,
3060 5205 3380 5262 eorumque
3419 5191 3717 5248 efficacior
3766 5193 3858 5245 est

2312 5483 2398 5534 Sic
2427 5483 2549 5532 Mss.
2578 5481 2717 5533 Editi
2746 5497 2889 5544 vero,
2921 5482 3160 5546 inferni.

2307 5546 2392 5595 Er.
2423 5547 2477 5594 et
2506 5545 2656 5602 Lov.,
2685 5562 2801 5596 non
2837 5541 3181 5598 escistimare.
3210 5543 3392 5608 Abest,
3421 5558 3555 5603 non,
3595 5543 3665 5594 ab
3692 5541 3848 5594 editis

2195 5609 2316 5658 aliis
2341 5610 2394 5658 et
2420 5610 2816 5674 manuscriptis.
