4134 6198
271 320 385 382 73⁵1

275 451 484 517 oratio,
515 453 571 507 et
600 449 964 507 exauditiane
995 447 1090 505 Dei
1124 445 1377 520 dignior,
1403 447 1526 518 jam
1558 445 1784 503 nullum
1817 445 1922 500 ha-

277 532 545 588 bentium
580 533 818 588 omnino
849 528 1448 603 peccatum.Curergo
1470 530 1670 583 eadem
1701 527 1924 600 perfec-

279 614 510 668 tissima
551 613 877 677 sanctitate,
909 620 963 666 et
992 616 1200 666 cuncta
1248 611 1554 680 impetrare
1594 608 1923 664 valentibus

284 691 697 748 mundissimis
720 697 778 748 et
809 691 1371 746 misericordissimis
1411 691 1704 759 precibus,
1746 688 1920 742 etiam

287 789 390 845 pro
419 771 644 842 angelis
674 788 788 827 non
812 773 1078 838 orabunt,
1127 771 1340 841 quibus
1390 779 1622 842 paratus
1653 774 1743 824 est
1772 769 1925 839 ignis

287 861 560 923 aeternus,
597 863 657 908 ut
687 853 840 910 Deus
867 854 1216 910 sententiam
1249 869 1416 909 suam
1459 852 1706 920 mitiget,
1731 855 1789 905 et
1835 863 1926 902 re-

287 935 478 990 ﬂectat
509 936 566 990 in
601 935 832 1002 melius,
861 950 1077 1006 easque
1108 935 1180 989 ab
1208 933 1451 1003 illoigne
1475 933 1646 988 faciat
1667 927 1928 987 alienos?

289 1021 379 1071 An
410 1017 520 1070 erit
549 1014 808 1072 forsitam
840 1015 1173 1086 quisquam,
1228 1014 1328 1084 qui
1389 1019 1445 1068 et
1493 1014 1603 1069 hac
1661 1014 1926 1067 futurum

289 1112 419 1154 esse
457 1105 792 1167 presumat,
829 1096 1129 1151 affirmans
1178 1097 1353 1151 etiam
1404 1098 1642 1150 sanctos
1690 1090 1930 1160 Angelos

288 1177 468 1233 simul
501 1193 624 1231 cum
656 1177 875 1231 sanctis
919 1177 1276 1245 hominibus,
1335 1177 1430 1246 qui
1493 1184 1624 1231 tunc
1677 1172 1930 1244 aequales

293 1263 465 1314 erunt
495 1256 732 1327 Angelis
763 1256 885 1324 Dei,
933 1274 1034 1328 pro
1091 1257 1443 1312 damnandis
1495 1265 1548 1311 et
1605 1255 1831 1325 angelis
1876 1257 1932 1308 et

290 1337 628 1394 hominibus
658 1342 946 1404 oraturos,
993 1341 1057 1392 ut
1106 1336 1497 1393 misericordia
1545 1352 1654 1391 non
1713 1335 1932 1407 patian-

287 1425 402 1486 tur,
437 1420 590 1490 quod
624 1421 863 1473 veritate
895 1425 1190 1474 merentur
1225 1419 1332 1489 pati
1355 1418 1383 1472 ?
1410 1417 1566 1482 Quod
1618 1433 1789 1472 nemo
1835 1432 1929 1470 sa-

290 1518 377 1556 na:
412 1500 543 1554 fidei
572 1499 737 1564 dixit,
792 1515 958 1554 nemo
1008 1501 1273 1554 dicturus
1331 1503 1437 1554 est.
1490 1498 1716 1570 Alioqui
1772 1496 1932 1551 nulla

293 1596 468 1635 causa
496 1586 601 1646 est,
620 1595 857 1634 ournon
876 1581 1049 1634 etiam
1076 1595 1228 1634 nunc
1254 1596 1352 1648 pro
1373 1578 1602 1633 diabolo
1616 1584 1673 1634 et
1707 1577 1932 1648 angelis

290 1661 420 1731 ejus
449 1665 574 1715 aret
605 1659 876 1724 Ecclesia,
908 1676 1085 1731 quam
1118 1659 1394 1731 Magister
1421 1664 1568 1714 Deus
1597 1676 1699 1731 pro
1731 1659 1936 1712 inimi-

294 1740 378 1795 cis
409 1739 536 1794 suis
561 1740 742 1809 jussit
772 1757 955 1794 orare.
994 1739 1122 1794 Haec
1153 1741 1329 1811 igitur
1354 1756 1551 1807 causa,
1591 1756 1715 1810 quae
1766 1739 1826 1792 fit
1871 1743 1936 1792 ut

290 1837 446 1876 nunc
482 1819 727 1875 Ecclesia
761 1837 874 1877 non
924 1828 1046 1876 oret
1105 1839 1205 1893 pro
1266 1822 1438 1877 malis
1491 1822 1736 1892 angelis,
1790 1836 1934 1889 quas

283 1919 426 1958 suos
455 1917 582 1956 esse
631 1901 786 1955 novit
835 1902 1125 1971 inimicos,
1173 1903 1373 1957 eadem
1426 1903 1556 1972 ipsa
1599 1919 1779 1957 causa
1827 1909 1932 1966 est,

279 2000 397 2055 qua
428 1982 524 2036 fiet
555 1981 695 2036 utin
720 1981 818 2038 illo
855 1988 989 2038 tunc
1011 1983 1239 2052 judicio
1273 1984 1447 2038 etiam
1467 2000 1567 2054 pro
1592 1984 1933 2038 hominibus

281 2072 497 2119 aeterna
527 2063 660 2135 igne
687 2064 1042 2130 cruciandis,
1076 2067 1347 2134 quamvis
1381 2069 1631 2135 perfecta
1663 2066 1740 2118 sit
1763 2080 1932 2118 sanc-

284 2147 472 2214 titate,
507 2161 620 2200 non
654 2151 795 2200 oret.
820 2144 983 2200 Nunc
1015 2147 1166 2200 enim
1199 2153 1502 2216 propterea
1534 2162 1634 2216 pro
1666 2146 1750 2199 eis
1792 2151 1935 2212 orat,

288 2244 439 2298 quos
470 2228 527 2280 in
559 2242 768 2297 genere
798 2226 1054 2280 humano
1085 2224 1256 2281 habet
1290 2226 1580 2293 inimicos,
1614 2225 1756 2296 quia
1787 2231 1938 2280 tem-

291 2320 395 2379 pus
426 2314 512 2362 est
545 2307 894 2376 paenitentia;
929 2307 1258 2361 fructuosas.
1309 2306 1455 2361 Nam
1499 2306 1638 2377 quid
1691 2305 1941 2360 maxime

294 2405 400 2459 pro
429 2391 514 2444 eis
541 2397 687 2456 arat,
720 2385 832 2441 nisi
865 2391 925 2442 ut
944 2386 1029 2441 det
1051 2385 1169 2440 illis
1203 2387 1360 2453 Deus,
1383 2388 1532 2442 sicut
1571 2387 1710 2442 dicit
1751 2389 1938 2454 Apos-

294 2467 471 2534 tolus,
501 2466 910 2537 paenitentiam,
948 2473 996 2520 et
1027 2467 1350 2536 resipiscant
1381 2465 1446 2520 de
1475 2466 1684 2521 diaboli
1709 2467 1941 2536 laqueis,

288 2564 325 2601 a
355 2563 459 2618 quo
487 2546 696 2616 captivi
741 2556 996 2600 tenentur
1051 2547 1352 2601 secundum
1398 2550 1568 2616 ipsius
1609 2547 1943 2602 voluntatem

290 2629 366 2700 (ll
400 2631 532 2683 Tim.
564 2645 622 2694 ιι,
656 2627 748 2693 25,
779 2627 922 2695 26)?
962 2626 1221 2697 Denique
1269 2628 1320 2682 si
1379 2629 1450 2682 de
1509 2627 1804 2698 aliquibus
1864 2627 1946 2682 ita

288 2714 452 2764 certa
471 2712 649 2769 esset,
683 2710 746 2759 ut
777 2706 876 2775 qui
904 2705 1022 2760 sint
1051 2705 1156 2775 illi,
1190 2707 1366 2761 etiam
1417 2712 1636 2776 nosset,
1681 2707 1776 2779 qui
1811 2706 1948 2761 licet

289 2786 488 2842 adhuc
521 2785 578 2839 in
612 2785 719 2839 hac
741 2786 858 2840 vita
887 2786 1006 2840 sint
1036 2785 1362 2854 constituti,
1413 2791 1609 2843 tamen
1649 2786 1946 2859 praedesti-

295 2866 422 2922 nati
456 2871 596 2920 sunt
627 2865 686 2920 in
737 2871 1018 2920 aeternum
1083 2865 1277 2936 ignem
1339 2868 1425 2922 ire
1481 2884 1615 2923 cum
1675 2867 1944 2935 diabolo;

295 2952 422 3002 tam
457 2962 558 3016 pro
590 2944 674 3000 eis
707 2963 820 3001 non
853 2951 1063 3013 oraret,
1110 2963 1285 3016 quam
1322 2964 1424 3003 nec
1476 2965 1580 3019 pro
1629 2948 1774 3018 ipso.
1837 2946 1951 3004 Sed

298 3027 443 3097 quia
472 3028 540 3081 de
570 3025 733 3080 nulla
765 3031 918 3081 certa
949 3031 1054 3093 est,
1087 3032 1212 3080 arat
1246 3044 1348 3098 pro
1370 3030 1647 3084 omnibus
1669 3030 1952 3084 duntaxat

300 3105 646 3162 hominibus
677 3105 936 3161 inimicis
957 3107 1082 3162 suis
1105 3105 1160 3160 in
1182 3107 1290 3162 hoc
1313 3123 1552 3180 corpore
1575 3109 1951 3165 constitutis:

304 3203 413 3243 nec
444 3193 639 3242 tamen
675 3203 776 3256 pro
807 3186 1082 3242 omnibus
1110 3188 1440 3244 exauditur.
1492 3189 1599 3246 Pro
1652 3192 1739 3245 his
1797 3190 1953 3245 enim

305 3268 452 3324 solis
482 3269 803 3335 exauditur,
836 3267 954 3338 qui,
979 3268 1082 3323 etsi
1136 3269 1517 3325 adversantur
1551 3270 1839 3336 Ecclesiae,
1877 3271 1956 3324 ita

309 3355 452 3406 sunt
489 3359 680 3404 tamen
741 3348 1157 3419 prtedestinati,
1217 3358 1276 3404 ut
1331 3367 1434 3420 pro
1491 3351 1574 3406 eis
1615 3353 1960 3406 exaudiatur

309 3429 588 3493 Ecclesia,
619 3437 671 3484 et
703 3429 807 3482 filii
830 3428 1162 3483 efficiantur
1190 3428 1481 3484 Ecclesiaa.
1515 3431 1570 3484 Si
1623 3432 1722 3502 qui
1765 3436 1957 3484 autem

311 3526 502 3581 usque
549 3510 618 3563 ad
655 3513 898 3564 mortem
931 3509 1231 3563 habebunt
1288 3526 1386 3564 cor
1433 3510 1822 3580 impaenitens,
1859 3524 1964 3564 nec

310 3608 383 3647 ex
416 3590 668 3645 inimicis
713 3595 1119 3645 convertentur
1157 3591 1213 3644 in
1267 3589 1437 3658 filios,
1499 3591 1784 3663 numquid
1840 3589 1964 3660 jam

313 3688 420 3744 pro
451 3671 557 3738 eis,
589 3670 645 3724 id
679 3678 788 3735 est,
823 3686 921 3738 pro
953 3669 1160 3724 talium
1194 3671 1601 3725 defunctorum
1636 3670 1966 3742 spiritibus,

310 3757 442 3808 orat
473 3749 770 3806 Ecclesia?
800 3750 946 3813 Quid
982 3750 1084 3815 ita,
1145 3750 1257 3804 nisi
1317 3753 1454 3820 quia
1501 3753 1626 3822 jam
1688 3753 1747 3806 in
1806 3754 1971 3822 parte

312 3830 540 3887 diaboli
573 3836 945 3900 computatur
1001 3829 1121 3898 qui,
1184 3831 1320 3885 dum
1381 3836 1536 3887 esset
1592 3832 1651 3886 in
1711 3846 1969 3906 corpore,

321 3929 440 3969 non
474 3915 564 3966 est
592 3911 913 3966 translatus
947 3909 1005 3964 in
1029 3911 1320 3965 Christum
1341 3910 1368 3966 ‘2

388 3993 444 4046 2.
479 3991 693 4046 Eadem
729 3991 928 4061 itaque
978 4007 1156 4045 causa
1186 3997 1294 4055 est,
1327 4007 1433 4046 cnr
1464 4008 1576 4046 non
1605 3996 1805 4047 oretur
1837 3996 1974 4046 tunc

323 4088 430 4145 pro
464 4071 801 4126 hominibus
832 4076 1044 4126 aeterno
1095 4071 1228 4141 igne
1261 4073 1594 4142 puniendis,
1642 4089 1768 4143 quae
1802 4087 1980 4126 causa

322 4158 436 4222 est,
472 4156 535 4207 ut
567 4168 752 4222 neque
785 4169 963 4221 nunc,
996 4167 1181 4222 neque
1211 4157 1352 4206 tunc
1395 4157 1594 4208 oretur
1624 4169 1726 4223 pro
1757 4154 1980 4224 angelis

328 4233 533 4289 malis:
564 4249 692 4303 quae
725 4233 925 4287 itidem
959 4249 1134 4288 causa
1175 4237 1280 4298 est,
1315 4239 1378 4287 ut
1426 4234 1694 4304 quamvis
1745 4250 1842 4304 pro
1876 4235 1978 4290 ho-

329 4314 646 4378 minibusl,
683 4319 875 4369 tamen
899 4315 1024 4384 jam
1073 4330 1177 4370 nec
1223 4331 1378 4370 nunc
1409 4322 1607 4371 oretur
1639 4332 1742 4387 pro
1774 4316 1981 4371 infide-

328 4395 487 4451 libus
540 4394 854 4466 impiisque
913 4395 1265 4450 defunctis’.
1325 4399 1472 4452 Nam
1539 4413 1642 4467 pro
1693 4395 1984 4452 defunctis

393 4497 410 4531 1
468 4494 604 4543 Editi
661 4497 798 4556 post,
841 4509 944 4556 pro
991 4493 1328 4555 hominibus,
1381 4495 1602 4555 addunt,
1642 4511 1798 4544 nunc
1843 4494 1987 4544 vivis

329 4565 522 4605 oretur
546 4557 715 4607 etiam
743 4557 911 4605 malis
948 4571 960 4607 :
991 4558 1269 4618 glossema,
1300 4559 1443 4619 quod
1479 4571 1512 4607 a
1538 4559 1808 4608 veteribus
1837 4559 1988 4607 libris

329 4620 554 4732 “giae
580 4683 694 4732 loco
722 4682 925 4733 inserta
952 4684 1078 4731 sunt
1121 4682 1176 4730 in
1218 4682 1422 4730 Erasmi
1449 4682 1680 4732 editione
1706 4685 1986 4745 quaedam,

330 4758 471 4809 quae
515 4746 734 4794 minime
787 4746 1123 4808 reperiuntur
1167 4744 1391 4809 in_aliis
1436 4745 1590 4809 libris
1645 4744 1816 4806 nerine
1870 4760 1993 4795 cum

330 4807 768 4880 antecedentibus
815 4807 870 4880 et
913 4807 1371 4880 subsequentibus
1406 4807 1584 4880 verbis
1623 4809 1754 4880 satis
1785 4809 1994 4880 cohae-

331 4873 455 4920 rent
485 4885 497 4920 :
529 4871 730 4921 scilicet
759 4873 898 4934 post,
942 4870 1244 4932 impiisque
1281 4870 1578 4934 defunctis.
1612 4871 1686 4920 sic
1715 4871 1873 4919 habet
1900 4872 1996 4919 illa

333 4934 543 4984 editio:
594 4952 620 4978 α
666 4932 794 4982 Nam
837 4947 932 4996 pro
983 4934 1270 4996 defunctis,
1305 4932 1642 4994 quibusdam.
1695 4934 1782 4982 vel
1827 4933 1995 4995 ipsius

331 4997 616 5055 Ecclesiae,
671 4997 758 5045 vel
812 4995 1164 5058 quorumdam
1223 4995 1433 5058 piorum
1487 4996 1773 5044 exauditur
1827 4997 1996 5046 oratio

337 5061 474 5121 eius,
502 5060 625 5108 licet
653 5059 745 5121 qui
777 5060 834 5108 in
855 5059 1062 5108 Christo
1081 5059 1253 5107 renati
1285 5071 1391 5106 non
1421 5059 1551 5107 adeo
1580 5059 1657 5106 ita
1684 5058 1820 5107 male
1845 5059 1997 5107 vixe-

340 5123 452 5170 rint
479 5122 538 5169 in
569 5135 802 5184 corpore,
833 5125 895 5170 ut
925 5122 1018 5171 tali
1045 5121 1404 5170 misericordia
1445 5121 1743 5169 habeantur
1772 5121 1996 5182 indigni,

341 5197 441 5234 nec
493 5185 654 5232 iidem
703 5186 778 5234 sic
821 5185 970 5243 bene,
1002 5187 1062 5233 ut
1111 5185 1456 5233 inveniantur
1499 5184 1594 5232 tali
1641 5184 2000 5233 misericordia

346 5260 454 5295 non
491 5261 661 5309 egere.
731 5247 882 5296 Tales
941 5247 1098 5296 etiam
1168 5249 1376 5296 constat
1435 5249 1558 5295 ante
1626 5246 1810 5307 iudicii
1860 5247 1999 5295 diem

341 5323 440 5372 per
493 5323 680 5372 pinnas
720 5311 1055 5372 temporales,
1103 5323 1237 5370 quas
1296 5323 1478 5358 eorum
1529 5309 1748 5371 spiritus
1793 5310 2000 5371 patiun-

346 5375 436 5421 tur
506 5376 759 5433 purgatos
841 5373 1063 5433 receptis
1145 5373 1468 5433 corporibus.
1561 5371 1761 5420 aeterni
1862 5371 2002 5432 ignis

346 5387 436 5421 tur
506 5387 759 5434 purgatos
841 5387 1063 5434 receptis
1145 5387 1468 5433 corporibus.
1561 5387 1761 5420 aeterni
1862 5387 2002 5432 ignis

346 5436 622 5497 suppliciis
678 5449 787 5484 non
817 5437 1114 5484 tradendos.
1149 5435 1295 5492 Quod
1336 5437 1381 5483 si
1426 5435 1504 5482 ita
1546 5439 1642 5488 est.
1674 5435 1804 5496 quid
1831 5435 2004 5482 dicen-

344 5498 475 5544 dum
536 5501 617 5544 est
673 5499 736 5544 de
792 5499 893 5544 his-
953 5499 1044 5544 aui
1100 5499 1157 5544 in
1205 5497 1367 5544 simili
1407 5497 1519 5544 vita
1546 5498 1902 5544 inveniuntur
1947 5497 2004 5544 in

344 5498 475 5546 dum
536 5501 617 5546 est
673 5499 736 5546 de
792 5499 893 5557 his,
953 5499 1044 5560 qui
1100 5499 1157 5544 in
1205 5498 1367 5545 simili
1407 5498 1519 5544 vita
1546 5498 1902 5546 inveniuntur
1947 5498 2004 5545 in

340 5559 429 5608 die
477 5561 680 5620 iudicii,
740 5561 795 5609 id
859 5563 956 5621 est,
1032 5574 1164 5622 quas
1242 5559 1547 5620 huiusmodi
1605 5560 1717 5609 dies
1782 5561 1872 5608 ille
1928 5558 2005 5607 vi-

341 5625 532 5686 ventes
589 5623 873 5684 invenerit,
913 5636 1036 5672 cum
1089 5623 1320 5686 quodam
1361 5622 1516 5686 modo
1571 5635 1679 5672 uno
1736 5624 2004 5672 momenta

341 5685 643 5737 moriantur
696 5687 750 5737 et
801 5684 1125 5750 resurgant;
1155 5687 1211 5738 et
1252 5697 1364 5739 non
1409 5684 1481 5737 sit
1530 5686 1783 5751 spatium,
1812 5687 1876 5738 ut
1907 5697 2004 5751 pro

1446 310 1676 374 LIBER
1721 304 2042 374 VIGESIM
2053 310 2147 372 US
2189 306 2522 371 PRIMUS.

3554 315 3670 376 738

2033 443 2409 516 quibusdam,
2459 443 2544 500 vel
2590 443 2778 516 ipsius
2822 444 3107 517 Ecclesia,
3157 446 3246 503 vel
3281 451 3671 521 quarumdam

2039 528 2262 597 piarum
2296 525 2600 581 exauditur
2657 527 2875 584 oratio:
2908 529 3008 584 sed
3060 546 3162 602 pro
3212 528 3304 586 his
3342 548 3585 601 quorum
3618 534 3676 588 in

2039 606 2267 662 Christo
2300 612 2770 680 regeneratorum
2804 626 2908 665 nec
2942 627 3120 682 usque
3159 612 3300 667 adeo
3333 613 3445 668 vita
3473 614 3534 668 in
3565 631 3686 669 cor-

2043 704 2176 755 pore
2217 688 2366 742 male
2389 696 2550 759 gesta
2571 697 2678 757 est,
2707 697 2772 744 ut
2795 690 2894 746 tali
2926 691 3326 748 misericordia
3346 695 3688 764 judicentur

2041 769 2203 840 digni
2264 785 2380 826 non
2437 787 2583 837 esse,
2615 788 2720 826 nec
2779 789 2962 843 usque
3019 775 3160 829 adeo
3211 776 3375 842 bene,
3408 781 3472 829 ut
3511 775 3684 830 talem

2042 848 2503 906 misericordiam
2538 851 2899 921 reperiantur
2943 855 3327 910 necessariam
3363 871 3474 910 non
3509 855 3689 910 habe-

2042 946 2122 986 re.
2158 931 2319 986 Sicut
2349 931 2521 988 etiam
2556 934 2708 989 facta
2730 937 3150 991 resurrectione
3175 941 3537 991 mortuorum
3573 953 3689 992 non

2043 1012 2286 1067 deerunt
2317 1013 2525 1084 quibus
2565 1019 2695 1085 post
2746 1032 2967 1085 poenas,
3003 1032 3146 1088 quas
3190 1018 3490 1088 patiuntur
3513 1017 3691 1088 spiri-

2045 1098 2137 1146 tus
2186 1097 2570 1161 mortuorum,
2620 1096 2985 1164 impertiatur
3045 1098 3462 1167 misericordia,
3513 1106 3575 1152 ut
3632 1097 3693 1152 in

2045 1171 2236 1243 ignem
2292 1191 2404 1230 non
2468 1177 2771 1231 mittantur
2825 1185 3128 1237 teternum.
3186 1179 3383 1252 Neque
3435 1179 3590 1234 enim
3623 1180 3694 1234 de

2046 1255 2392 1323 quibusdam
2449 1257 2724 1312 veraciter
2781 1257 3090 1326 diceretur,
3149 1262 3299 1329 quod
3331 1276 3445 1315 non
3491 1260 3576 1314 eis
3609 1273 3696 1312 re-

2047 1335 2314 1389 mittatur
2372 1352 2557 1406 neque
2612 1336 2666 1391 in
2731 1337 2839 1393 hoc
2893 1339 3124 1405 saeculo,
3161 1355 3348 1411 neque
3406 1339 3463 1394 in
3499 1341 3693 1394 futuro

2046 1416 2266 1486 (Matth.
2301 1435 2402 1485 ιιι,
2435 1419 2548 1485 32),
2610 1419 2719 1474 nisi
2775 1425 2971 1475 essent
3033 1421 3267 1492 quibus,
3321 1421 3427 1476 etsi
3471 1437 3586 1475 non
3635 1420 3693 1473 in

2048 1496 2182 1556 ista.
2210 1504 2407 1554 tamen
2440 1500 2766 1555 remittetur
2797 1503 2855 1555 in
2889 1502 3104 1557 futuro.
3151 1503 3260 1556 Sed
3310 1517 3445 1556 cum
3479 1502 3698 1554 dictum

2045 1576 2218 1632 fuerit
2249 1597 2280 1632 a
2309 1579 2514 1634 Judice
2543 1583 2804 1636 vivorum
2855 1589 3028 1652 atque
3061 1587 3448 1648 mortuorum,
3481 1582 3697 1644 Venite,

2049 1657 2316 1713 benedicti
2338 1661 2526 1715 Patris
2555 1663 2687 1728 mei,
2713 1661 2981 1730 possidete
3000 1668 3264 1732 paratum
3295 1661 3443 1716 vobis
3473 1676 3706 1731 regnum

2046 1755 2080 1793 α
2101 1743 2484 1796 constitutione
2511 1741 2708 1795 mundi
2735 1759 2754 1794 .·
2788 1747 2846 1796 et
2877 1741 3006 1796 aliis
3044 1759 3073 1797 e
3104 1742 3415 1809 contrario,
3440 1741 3704 1796 Discedite

2046 1838 2078 1877 α
2108 1837 2212 1887 me,
2245 1822 2546 1888 maledicti,
2579 1823 2637 1877 in
2687 1822 2866 1894 ignem
2919 1828 3215 1890 aeternum,
3246 1823 3344 1894 qui
3371 1832 3602 1892 paratus
3632 1823 3712 1876 est

2047 1902 2287 1971 diabolo,
2320 1913 2369 1958 et
2399 1905 2605 1974 angelis
2644 1906 2764 1973 ejus
2785 1920 2806 1964 ,°
2838 1910 2912 1969 et,
2960 1907 3123 1959 Ibunt
3159 1905 3251 1958 isti
3283 1907 3346 1959 in
3375 1903 3708 1974 supplicium

2049 1987 2338 2052 mternum,
2361 1983 2502 2053 justi
2530 1989 2716 2038 autem
2740 1987 2799 2037 in
2833 1988 3000 2039 vitam
3021 1989 3287 2040 wternam
3318 1984 3417 2052 (Id.
3451 2000 3578 2048 xxv,
3607 1983 3698 2051 34,

2052 2062 2140 2129 41,
2173 2063 2294 2132 46);
2331 2065 2524 2117 nimim
2557 2065 3034 2134 praesumptionis
3066 2072 3151 2118 est
3184 2064 3393 2127 dicere,
3427 2064 3704 2133 cuiquam

2049 2157 2250 2198 eorum
2312 2147 2592 2198 aeternum
2641 2143 2994 2214 supplicium
3046 2159 3160 2198 non
3223 2143 3507 2208 futurum,
3559 2157 3707 2210 quos

2052 2222 2206 2278 Deus
2255 2225 2440 2278 ituros
2499 2222 2556 2278 in
2590 2223 2940 2294 supplicium
2982 2223 3126 2278 dixit
3174 2228 3478 2286 aeternum,
3513 2225 3576 2274 ut
3607 2237 3709 2291 per

2053 2302 2230 2372 hujus
2279 2303 2750 2374 praesumptionis
2807 2305 3238 2374 persuasionem
3291 2302 3497 2368 facere,
3543 2305 3607 2354 ut
3635 2300 3706 2354 de

2053 2385 2179 2454 ipsa
2210 2399 2441 2454 quoque
2471 2382 2588 2439 vita
2616 2384 2698 2439 vel
2731 2385 3065 2456 desperatur
3094 2383 3182 2438 vel
3213 2383 3507 2438 dubitetur
3537 2387 3710 2437 aeter-

2055 2481 2150 2519 na.

2126 2547 2179 2600 3.
2221 2544 2401 2600 Nemo
2451 2546 2644 2616 itaque
2691 2544 2774 2600 sic
2806 2543 3094 2616 intelligat
3141 2541 3439 2599 Psalmum
3487 2558 3702 2599 canen-

2055 2631 2196 2693 tem,
2229 2625 2507 2697 Numquid
2536 2627 2881 2681 obliviscetur
2927 2629 3176 2681 misereri
3207 2625 3368 2691 Deus,
3401 2634 3499 2678 aut
3526 2625 3705 2678 conti-

2056 2708 2204 2761 nebit
2238 2709 2297 2762 in
2326 2707 2414 2762 ira
2442 2724 2545 2762 sua
2572 2707 2963 2763 miserationes
2994 2723 3123 2762 suas
3154 2705 3327 2778 (Psat.
3361 2722 3544 2770 LXXVI,
3581 2703 3712 2776 10)?

2059 2793 2125 2842 ut
2155 2791 2426 2860 opinetur
2471 2791 2541 2844 de
2590 2787 2928 2844 hominibus
2973 2789 3139 2842 bonis
3190 2803 3404 2855 veram,
3438 2789 3509 2841 de
3543 2785 3714 2840 malis

2060 2871 2292 2935 falsam,
2339 2876 2441 2925 aut
2491 2872 2561 2926 de
2610 2870 2782 2925 bonis
2835 2868 3176 2925 hominibus
3205 2876 3262 2923 et
3295 2866 3466 2923 malis
3497 2864 3718 2935 angelis

2059 2967 2276 3018 veram,
2312 2953 2381 3006 de
2412 2951 2585 3007 malis
2615 2957 2811 3006 autem
2847 2950 3185 3006 hominibus
3217 2947 3424 3003 falsam
3458 2947 3557 3002 Dei
3589 2961 3718 3002 esse

2062 3031 2437 3088 sententiam.
2491 3031 2606 3087 Hoc
2641 3031 2797 3087 enim
2846 3032 3003 3102 quod
3035 3030 3118 3084 ait
3149 3028 3439 3094 Psalmus,
3474 3028 3543 3083 ad
3579 3043 3718 3083 vasa

2064 3111 2475 3168 misericordias
2527 3113 2793 3182 pertinet,
2843 3121 2895 3167 et
2953 3111 3024 3166 ad
3073 3110 3223 3166 filias
3287 3108 3719 3180 promissionis,

2065 3210 2312 3265 quorum
2362 3198 2486 3249 erat
2535 3209 2686 3249 unus
2732 3195 2900 3249 etiam
2935 3192 3059 3263 ipse
3107 3191 3428 3261 Propheta;
3460 3189 3556 3258 qui
3588 3203 3719 3242 cum

2067 3277 2328 3341 dixisset,
2361 3275 2646 3346 Numquid
2693 3275 3048 3329 obliviscetur
3107 3272 3362 3327 misereri
3411 3271 3572 3332 Deus,
3622 3271 3726 3323 aut

2069 3355 2364 3410 continebit
2414 3353 2474 3408 in
2524 3355 2611 3407 ira
2657 3369 2760 3407 sua
2809 3354 3192 3407 miserationes
3240 3352 3406 3404 suas?
3452 3349 3729 3402 continuo

2071 3434 2344 3504 subjecit,
2377 3436 2446 3487 Et
2475 3433 2616 3494 diri.
2653 3433 2806 3488 Nunc
2827 3431 2985 3502 coepi,
3020 3431 3134 3486 haec
3159 3434 3234 3485 est
3265 3429 3576 3483 immutatio
3605 3427 3734 3482 dex-

2073 3524 2197 3570 tera
2260 3514 2473 3568 Βίεεείδί
2537 3512 2704 3580 (lbid.
2765 3513 2872 3582 11).
2938 3512 3218 3582 Exposuit
3277 3509 3530 3580 profecto
3588 3506 3727 3578 quid

2075 3593 2302 3659 dixerit,
2334 3591 2610 3665 Numquid
2654 3591 2957 3646 continebit
3007 3592 3066 3644 in
3097 3591 3186 3644 ira
3214 3605 3316 3643 sua
3347 3588 3730 3641 miserationes

2075 3691 2203 3728 suas
2223 3677 2248 3728 7
2281 3673 2365 3728 ira
2394 3671 2549 3728 enim
2587 3671 2683 3726 Dei
2712 3675 2800 3726 est
2821 3671 2993 3725 etiam
3023 3669 3132 3725 ista
3163 3669 3280 3723 vita
3311 3665 3592 3733 mortalis,
3628 3665 3728 3720 ubi

2077 3754 2254 3810 homo
2289 3752 2526 3808 vanitati
2557 3751 2768 3807 similis
2808 3751 2993 3806 factus
3044 3754 3149 3816 est,
3178 3753 3235 3803 et
3264 3749 3390 3803 dies
3420 3749 3542 3817 ejus
3573 3745 3731 3801 velut

2081 3836 2291 3891 umbra
2341 3839 2694 3907 praetereunt
2741 3832 2913 3903 (Psal.
2966 3846 3158 3899 cxnur,
3191 3829 3266 3900 4).
3298 3830 3360 3883 In
3393 3845 3509 3898 qua
3539 3836 3733 3882 tamen

2083 3917 2167 3974 ira
2199 3933 2313 3972 non
2345 3915 2703 3971 obliviscitur
2737 3913 3000 3968 misereri
3047 3911 3222 3970 Deus.
3256 3909 3518 3965 facienda
3549 3907 3733 3963 salem

2084 4014 2257 4054 suum
2290 3998 2426 4053 oriri
2460 4012 2634 4067 super
2663 3995 2848 4050 bonos
2879 3998 2938 4048 et
2961 3992 3166 4059 malos,
3200 3994 3256 4046 et
3280 3989 3531 4061 pluendo
3562 4003 3740 4059 super

2078 4080 2274 4151 justas
2308 4083 2363 4132 et
2392 4077 2643 4146 injustas
2673 4095 2688 4143 ;
2723 4090 2789 4129 ac
2839 4075 2924 4129 sic
2975 4089 3089 4128 non
3139 4070 3396 4128 continet
3431 4069 3488 4124 in
3518 4069 3604 4124 ira
3634 4083 3740 4123 sua

2089 4160 2494 4215 miserationes
2525 4173 2663 4212 suas
2695 4155 2904 4227 (Matth.
2937 4171 2992 4222 v,
3027 4153 3118 4224 45)
3146 4169 3159 4207 :
3183 4152 3550 4222 maximeque
3579 4151 3640 4204 in
3672 4163 3738 4204 eo

2089 4241 2244 4311 quod
2277 4239 2560 4310 expressit
2607 4237 2694 4292 hic
2737 4236 3026 4299 Psalmus,
3078 4234 3350 4299 dicendo,
3391 4237 3551 4311 Nunc
3578 4231 3737 4311 caepi,

2091 4310 2202 4375 liaec
2232 4329 2307 4375 est
2338 4323 2628 4376 immutata
2662 4317 2910 4372 dextere
2939 4312 3197 4379 Excelsi;
3229 4311 3508 4383 quoniam
3540 4310 3597 4366 in
3631 4310 3740 4364 hac

2092 4402 2217 4472 ipsa
2269 4397 2766 4456 aerumnosissima
2821 4396 2960 4462 vita,
2991 4411 3118 4466 quae
3179 4394 3266 4448 ira
3323 4392 3419 4448 Dei
3463 4396 3571 4472 est,
3604 4405 3743 4472 vasa

2095 4469 2506 4538 misericordia:
2539 4484 2726 4534 mutat
2774 4478 2829 4532 in
2881 4476 3120 4546 melius,
3151 4473 3423 4547 quamvis
3464 4471 3655 4528 adhuc
3685 4469 3747 4525 in

2094 4564 2269 4635 hujus
2317 4561 2709 4634 corruptionis
2761 4559 2998 4614 miseria
3050 4561 3285 4612 maneat
3316 4556 3399 4610 ira
3425 4556 3571 4624 ejus,
3611 4551 3751 4625 quia

2097 4663 2202 4702 nec
2246 4645 2307 4700 in
2354 4645 2482 4715 ipsa
2529 4644 2616 4698 ira
2666 4658 2776 4697 sua
2829 4640 3088 4695 continet
3136 4635 3541 4715 miserationes
3591 4648 3753 4687 suas.

2099 4729 2241 4784 Cum
2285 4714 2421 4797 ergo
2467 4726 2581 4782 ista
2625 4723 2795 4778 modo
2827 4718 3183 4790 compleatur
3215 4715 3391 4771 divini
3425 4714 3597 4797 illius
3622 4728 3756 4797 can-

2100 4811 2196 4864 tici
2230 4792 2458 4876 veritas,
2491 4824 2608 4863 non
2651 4809 2737 4860 est
2783 4819 2911 4858 eam
2945 4814 3180 4856 necesse
3227 4797 3401 4851 etiam
3436 4794 3554 4876 illic
3585 4792 3757 4876 intel-

2100 4888 2222 4960 ligi,
2257 4890 2354 4944 ubi
2398 4871 2512 4942 non
2565 4885 2921 4955 pertinentes
2964 4880 3032 4935 ad
3074 4877 3369 4960 civitatem
3408 4873 3514 4960 Dei
3544 4871 3755 4960 sempi-

2102 4955 2266 5026 tevrna
2288 4967 2576 5038 supplicia
2608 4963 2944 5035 punientur.
2977 4959 3088 5014 Sed
3121 4959 3334 5029 quibus
3367 4957 3551 5028 placet
3585 4955 3755 5010 istam

2104 5048 2452 5104 sententiam
2488 5059 2674 5115 usque
2705 5041 2775 5096 ad
2824 5040 2923 5094 illa
2955 5040 3272 5109 impiarum
3313 5039 3602 5091 tormenta
3632 5050 3760 5105 pro-

2105 5183 2181 5233 eis
2231 5183 2325 5230 aut
2381 5179 2551 5229 oratio
2604 5179 2907 5242 sanctorum
2960 5172 3128 5236 possit
3181 5171 3385 5242 audiri,_
3429 5171 3541 5242 aut
3581 5181 3765 5242 eorum

2106 5247 2230 5294 ante
2287 5243 2544 5304 judicium
2600 5239 2893 5305 temporali
2947 5233 3105 5298 poena
3175 5235 3440 5305 purg_ari_?
3502 5233 3766 5305 Numquid

2106 5295 2314 5356 dicendi
2361 5309 2488 5354 sunt
2533 5295 2900 5368 aeternoigni
2941 5295 3215 5368 nunquam
3273 5295 3583 5368 absolvendi
3630 5295 3769 5368 tradi

2108 5383 2260 5432 posse
2321 5371 2554 5431 tempore
2610 5360 2836 5432 iudicii:
2865 5364 3066 5432 quibus
3140 5362 3307 5432 vitam
3343 5423 3354 5432 _
3383 5360 3541 5409 talem
3572 5360 3769 5432 _egisse

2109 5423 2460 5484 concedimus.
2506 5433 2566 5478 ut
2602 5423 2647 5478 si
2699 5430 2822 5477 ante
2860 5423 3119 5487 judicium
3167 5423 3360 5487 mortui
3414 5424 3606 5487 essent.
3641 5423 3764 5468 tem-

2109 5496 2288 5557 porali
2322 5494 2584 5557 supplicior
2625 5505 2687 5539 ac
2733 5484 3039 5557 sanctorum
3083 5484 3767 5557 orationibus‘mundaren-

2111 5547 2200 5606 tur
2229 5567 2248 5604 ?
2279 5547 2450 5620 Ipsius
2499 5552 2996 5620 quippe‘Ecclesiae
3038 5550 3124 5598 vel
3164 5547 3518 5620 quarumdam
3539 5547 3768 5620 .piarum

2111 5609 2394 5669 exauditur
2416 5609 2614 5673 oratio:
2630 5609 2730 5665 sed
2757 5629 2852 5679 pro
2880 5614 2964 5663 his
3010 5609 3239 5676 quorum
3282 5611 3341 5661 in
3382 5609 3590 5662 Christo
3619 5620 3769 5672 rege-

2112 5683 2439 5734 nsratarum.
2477 5699 2504 5727 »
2536 5681 2636 5732 etc.
