4146 6198
419 309 535 372 739

420 445 674 510 tendere,
707 439 912 496 saltem
958 435 1042 492 sic
1087 432 1439 505 intelligant,
1474 435 1557 499 ut,
1591 435 1865 488 manente
1895 431 1955 487 in
1985 430 2068 488 eis

419 526 507 580 ira
536 523 658 589 Dei,
691 536 816 592 qua!
865 518 924 572 in
974 521 1190 570 aeterno
1239 522 1322 570 est
1356 512 1723 584 pronuntiata
1755 512 2065 583 supplicio,

419 622 533 659 non
585 601 877 658 contineat
935 597 1082 650 Deus
1140 595 1196 648 in
1244 593 1351 648 hac
1400 593 1482 647 ira
1529 609 1634 648 sua
1671 592 2070 648 miserationes

418 699 579 746 suae,
611 685 668 736 et
724 679 894 734 faciat
926 693 1023 732 eos
1074 691 1186 730 non
1247 678 1412 729 tanta
1471 678 1687 743 quanta
1735 673 1896 744 digni
1930 677 2069 728 sunt

417 776 721 834 pmnarum
773 756 1072 814 atrocitate
1120 754 1406 819 cruciari;
1462 770 1572 808 non
1625 760 1687 808 ut
1737 769 1834 809 eas
1875 769 2071 834 pcenas

416 833 503 898 vel
552 855 848 911 nunquam
901 839 1168 904 subeant,
1215 835 1299 890 vel
1351 834 1666 905 aliquando
1713 835 1936 899 finiant,
1969 833 2070 888 sed

418 929 481 978 ut
512 938 607 977 eas
640 920 901 974 mitiores
933 933 1102 988 quam
1155 917 1359 970 merita
1399 925 1528 970 sunt
1560 931 1757 970 eorum
1796 914 2070 970 leviores-

417 1020 529 1074 que
561 1002 881 1075 patiantur.
918 999 1008 1052 Sic
1040 997 1194 1052 enim
1240 1001 1296 1051 et
1353 996 1438 1049 ira
1473 995 1568 1050 Dei
1612 995 1891 1062 manebit,
1924 999 1980 1049 et
2010 994 2069 1048 in

416 1086 545 1155 ipsa
603 1084 688 1138 ira
735 1099 843 1138 sua
901 1079 1310 1135 miserationes
1363 1094 1499 1132 suas
1558 1094 1670 1131 non
1729 1076 2070 1132 continebit.

418 1167 579 1232 Quod
612 1164 850 1236 quidem
885 1179 996 1217 non
1031 1161 1160 1217 ideo
1192 1160 1494 1227 conﬁrmo,
1529 1157 1803 1230 quoniam
1836 1174 1950 1212 non
1983 1173 2068 1212 τρ-

417 1248 585 1304 sisto.

485 1329 539 1383 4.
604 1329 887 1384 Caeterum
947 1341 1045 1379 eos
1099 1323 1201 1394 qui
1251 1327 1457 1392 putant
1515 1321 1821 1377 minaciter
1878 1320 2071 1389 potius

416 1424 585 1479 quam
614 1406 894 1462 veraciter
943 1405 1189 1469 dictum,
1244 1402 1508 1457 Discedite
1555 1419 1588 1455 a
1633 1418 1734 1467 me,
1768 1400 2070 1472 maledicti,

415 1492 472 1544 in
501 1491 684 1557 ignem
714 1497 1014 1546 mternum;
1047 1490 1121 1551 et,
1157 1483 1320 1538 Ibunt.
1354 1484 1413 1536 in
1445 1482 1775 1553 supplicium
1805 1486 2074 1535 aeternum

416 1569 621 1639 (Matth.
657 1584 788 1634 xxv,
817 1567 908 1629 41,
943 1566 1060 1631 46);
1103 1567 1178 1630 et,
1213 1563 1622 1618 Cruciabuntur
1651 1563 1708 1615 in
1741 1561 1941 1615 saecula
1971 1577 2074 1615 sw-

415 1649 670 1703 culorum
703 1647 884 1717 (Apoc.
920 1662 1012 1710 χχ,
1066 1644 1177 1712 10),
1217 1648 1296 1708 et,
1343 1642 1546 1696 Vermis
1585 1657 1773 1695 eorum
1818 1657 1926 1694 non
1957 1655 2073 1695 mo-

414 1731 614 1796 rietur,
646 1735 697 1782 et
731 1729 876 1794 ignis
924 1741 1033 1778 non
1066 1724 1450 1788 exstinguetur
1494 1722 1645 1792 (Isai.
1692 1737 1840 1790 LXVI,
1871 1720 1984 1788 24),
2017 1725 2075 1774 et

415 1815 622 1864 caetera
655 1805 1012 1878 hujusmodi,
1045 1819 1159 1858 non
1194 1808 1313 1856 tam
1351 1818 1478 1874 ego,
1514 1818 1690 1872 quam
1724 1801 1847 1872 ipsa
1877 1800 2073 1871 Scrip~

416 1899 544 1944 tura
573 1887 766 1943 divina
809 1884 1152 1957 planissime
1200 1888 1372 1953 atque
1407 1882 1748 1952 plenissime
1781 1881 2077 1953 redarguit

417 1987 482 2025 ac
515 1967 739 2025 refellit.
774 1967 1037 2022 Ninivitae
1069 1964 1283 2036 quippe
1312 1964 1367 2017 in
1407 1965 1512 2017 hac
1542 1963 1657 2016 vita
1690 1969 1929 2031 egerunt
1960 1978 2081 2031 pa:-

417 2050 718 2105 nitentiam
762 2049 960 2119 (Jonas,
1009 2062 1095 2110 ιιι,
1126 2046 1214 2115 7);
1248 2051 1303 2098 et
1333 2043 1460 2098 ideo
1508 2043 1888 2108 fructuosam,
1918 2041 2077 2097 velut

417 2131 475 2184 in
509 2130 617 2184 hoc
650 2145 788 2201 agro
829 2127 1216 2193 seminantes,
1261 2125 1318 2179 in
1371 2141 1485 2195 quo
1535 2123 1688 2178 Deus
1734 2123 1914 2176 voluit
1943 2138 2076 2178 cum

418 2210 691 2280 lacrymis
723 2208 1024 2272 seminari,
1056 2206 1210 2277 quod
1269 2211 1463 2272 postea
1495 2220 1624 2258 cum
1660 2203 1859 2256 laetitia
1893 2208 2078 2256 mete-

420 2287 770 2359 retur(Psal.
805 2303 967 2354 cxxv,
1001 2287 1095 2358 6):
1130 2290 1186 2340 et
1234 2293 1427 2339 tamen
1472 2284 1601 2352 quis
1634 2281 1889 2353 negabit,
1923 2281 2078 2352 quod

420 2371 702 2428 Dominus
750 2368 1039 2440 praedixit,
1089 2367 1144 2420 in
1196 2366 1280 2421 eis
1329 2364 1510 2419 fuisse
1553 2362 1928 2433 completum,
1963 2361 2078 2418 nisi

421 2467 628 2524 parum
677 2451 950 2515 advertat,
994 2445 1485 2517 quemadmodum
1538 2448 1871 2524 peccatores
1924 2441 2077 2524 Deus

423 2521 536 2589 non
571 2531 763 2588 solum
795 2530 997 2597 iratus,
1030 2543 1229 2584 verum
1265 2527 1434 2580 etiam
1471 2523 1782 2579 miseratus
1814 2521 2079 2576 evertat?

421 2614 771 2669 Evertuntur
801 2608 955 2664 enim
992 2613 1325 2679 peccatores
1371 2606 1598 2660 duobus
1633 2603 1841 2674 modis,
1876 2608 1973 2658 aut
1999 2603 2079 2657 si-

423 2701 521 2750 cut
553 2692 882 2759 Sodomitaa,
919 2696 981 2744 ut
1030 2705 1131 2760 pro
1182 2690 1434 2759 peccatis
1483 2685 1604 2740 suis
1655 2685 1764 2756 ipsi
1816 2684 2078 2738 homines

426 2775 763 2844 puniantur,
800 2776 900 2825 aut
950 2769 1100 2824 sicut
1149 2767 1436 2832 Ninivitze,
1489 2775 1548 2820 ut
1597 2766 1724 2835 ipsa
1773 2763 2076 2819 hominum

430 2857 660 2923 peccata
705 2849 1031 2918 pcenitendo
1077 2847 1468 2902 destruantur.
1519 2845 1750 2900 Factum
1798 2850 1887 2900 est
1943 2859 2075 2912 ergo

430 2931 583 3001 quod
617 2929 881 3000 praedixit
917 2928 1104 2982 Deus:
1139 2944 1338 2982 eversa
1390 2933 1479 2982 est
1525 2926 1730 2980 Ninive
1760 2941 1883 2996 quae
1922 2924 2076 2978 mala

429 3015 572 3076 erat,
607 3015 665 3065 et
693 3009 846 3064 bona
875 3008 1156 3062 aedificata
1178 3015 1267 3062 est
1288 3025 1413 3078 quae
1447 3024 1562 3062 non
1596 3011 1737 3060 erat.
1771 3005 2075 3060 Stantibus

429 3091 586 3145 enim
623 3088 910 3143 mcenibus
959 3092 1128 3156 atque
1172 3087 1467 3154 domibus,
1501 3103 1699 3140 eversa
1743 3090 1830 3139 est
1870 3085 2074 3139 civitas

426 3167 756 3239 imperditis
831 3165 1089 3220 moribus
1113 3167 1210 3235 (a).
1257 3167 1334 3219 Ac
1383 3165 1428 3218 si
1473 3163 1740 3234 quamvis
1787 3163 2077 3233 Propheta

427 3251 602 3304 fuerit
633 3246 1034 3310 contristatus,
1067 3245 1206 3316 quia
1238 3260 1349 3300 non
1394 3249 1484 3298 est
1524 3245 1739 3298 factum
1793 3244 1941 3312 quod
1991 3241 2077 3299 illi

423 3329 690 3384 homines
723 3327 1049 3382 timuerunt
1078 3325 1175 3380 illo
1208 3325 1590 3397 prophetante
1635 3327 1943 3378 venturum
1967 3323 2075 3390 (Jo-

421 3429 506 3468 nz
564 3410 820 3481 1v,1-3):
857 3410 1075 3462 factum
1136 3413 1452 3462 esttamen
1503 3406 1652 3475 quod
1719 3408 1903 3464 fuerat
1959 3404 2074 3460 Deo

423 3493 760 3564 presciente
794 3489 1128 3560 praedictum
1156 3506 1171 3555 ;
1204 3487 1472 3557 quoniam
1525 3489 1764 3540 noverat
1793 3484 1890 3556 qui
1924 3502 2077 3555 prae-

422 3574 588 3641 dixit,
630 3571 916 3644 quomodo
945 3568 1005 3622 in
1040 3568 1252 3623 melius
1285 3573 1440 3622 esset
1469 3565 1850 3634 implendum.

491 3656 544 3708 5.
580 3653 653 3708 Ut
679 3657 875 3707 autem
926 3649 1191 3704 noverint
1235 3647 1332 3703 isti
1382 3647 1438 3700 in
1494 3661 1825 3717 perversum
1861 3645 2077 3700 miseri-

421 3735 620 3789 cordes
679 3749 792 3804 quo
854 3731 1141 3802 pertineat
1199 3729 1352 3800 quod
1414 3726 1696 3796 scriptum
1749 3734 1855 3790 est,
1903 3726 2076 3794 Quam

423 3815 594 3868 multa
623 3813 916 3867 multitudo
945 3810 1255 3866 dulcedinis
1302 3817 1430 3875 tua’,
1468 3809 1713 3870 Domine,
1757 3825 1920 3881 quam
1949 3809 2072 3862 abs-

420 3894 657 3953 condisti
686 3894 1004 3950 timentibus
1043 3898 1128 3948 te!
1161 3891 1352 3962 legant
1387 3889 1540 3962 quod
1584 3889 1868 3958 sequitur,
1902 3891 2073 3958 pet-fe.

418 3979 541 4035 cisti
573 3985 757 4032 autem
798 3974 1145 4044 sperantibus
1188 3973 1242 4027 in
1289 3978 1339 4027 te
1370 3969 1543 4040 (Psal.
1589 3985 1718 4034 xxx,
1762 3969 1874 4032 20).
1928 3968 2072 4032 Quid

417 4064 527 4125 est,
575 4055 920 4112 Abscondisti
966 4053 1302 4116 timentibus,
1361 4049 1648 4121 per/ecisti
1706 4050 2071 4122 sperantibus,

417 4141 526 4196 nisi
561 4139 700 4209 quia
759 4136 875 4191 illis
901 4136 998 4206 qui
1054 4137 1260 4190 timore
1311 4148 1615 4205 pmnarum
1651 4147 1817 4186 suam
1871 4131 2073 4186 volunt

409 4220 699 4292 justitiam
733 4217 1085 4274 constituere
1117 4231 1244 4287 quae
1277 4214 1337 4268 in
1389 4213 1512 4283 lege
1542 4217 1650 4276 est,
1687 4228 1796 4267 non
1831 4215 1918 4266 est
1943 4212 2069 4292 jus:

417 4289 544 4356 titia
601 4300 702 4355 Dei
753 4297 941 4352 dulcis
992 4298 1167 4366 (Rom.
1193 4311 1250 4359 χ,
1283 4294 1360 4362 3),
1413 4295 1550 4364 quia
1599 4294 1863 4347 nesciunt
1896 4289 2074 4346 eam?

420 4383 542 4435 Non
569 4381 725 4432 enim
752 4380 1133 4447 gustaverunt
1164 4390 1310 4428 eam.
1349 4373 1409 4425 In
1443 4389 1505 4427 se
1538 4387 1788 4443 namque
1813 4375 2069 4443 sperant,

418 4476 532 4514 non
567 4459 626 4512 in
657 4457 821 4526 ipso:
856 4461 913 4510 et
941 4455 1069 4508 ideo
1101 4454 1185 4508 eis
1227 4452 1568 4507 abconditur
1600 4452 1911 4508 multitudo
1942 4452 2073 4507 dul-

419 4537 642 4594 cedinis
689 4535 830 4601 Dei;
867 4535 1139 4604 quoniam
1191 4533 1400 4589 timent
1447 4533 1679 4604 quidem
1732 4533 1936 4600 Deum,
1967 4533 2069 4589 sed

419 4619 520 4675 illo
551 4617 762 4673 timore
814 4613 1031 4682 servili,
1079 4614 1180 4685 qui
1230 4630 1342 4669 non
1394 4619 1481 4668 est
1513 4613 1570 4667 in
1601 4613 1907 4680 charitate,
1938 4612 2071 4682 quia

416 4701 671 4772 perfecta
699 4697 958 4755 charitas
991 4697 1145 4751 foras
1191 4696 1367 4750 mittit
1420 4694 1686 4749 timorem
1723 4693 1765 4765 (l
1797 4695 1956 4748 Joan.
1991 4709 2070 4762 ιν,

416 4782 528 4855 18).
562 4782 696 4838 Ideo
747 4776 1113 4850 sperantibus
1156 4777 1212 4831 in
1248 4792 1380 4831 eum
1427 4774 1650 4845 perlicit
1697 4774 2068 4855 dulcedinem

417 4853 610 4929 suam,
642 4859 984 4934 inspirando
1032 4858 1116 4914 eis
1167 4857 1511 4913 charitatem
1541 4871 1730 4925 suam,
1768 4859 1830 4909 ut
1860 4853 2070 4911 timore

417 4950 596 5012 casto,
629 4959 742 4998 non
779 4958 952 5015 quem
986 4939 1241 4996 charitas
1274 4939 1427 4994 foras
1470 4935 1669 5004 mittit,
1704 4936 1802 4991 sed
1839 4951 2071 5008 perma-

414 5031 590 5080 nente
647 5025 707 5079 in
739 5024 1020 5078 saeculum
1081 5021 1278 5077 saeculi
1336 5019 1513 5091 (Psal.
1572 5033 1734 5087 xvm,
1784 5019 1892 5089 l0),
1937 5033 2068 5074 cum

415 5106 760 5178 gloriantur,
795 5104 853 5158 in
899 5102 1142 5157 Domino
1191 5103 1537 5174 glorientur.
1581 5099 1824 5154 Justitia
1854 5099 2067 5170 quippe

415 5187 516 5244 Dei
567 5186 832 5242 Christus
885 5187 994 5253 est,
1044 5183 1140 5254 qui
1183 5184 1366 5251 [actus
1409 5189 1488 5237 est
1534 5181 1715 5247 nobis,
1748 5180 1901 5236 sicut
1931 5181 2072 5242 dicit

415 5266 751 5341 Apostolus,
781 5263 1056 5336 sapientia
1084 5280 1120 5319 α
1147 5264 1274 5333 Dea,
1306 5267 1358 5318 et
1375 5262 1646 5337 justitia;
1675 5270 1726 5317 et
1753 5260 2068 5330 sanctiﬁca-

474 5504 548 5567 (a)
581 5502 730 5558 Com.
761 5503 944 5556 Enarr.
975 5499 1115 5554 Psal.
1147 5517 1189 5562 ι,
1219 5515 1274 5555 n.
1307 5499 1385 5554 11.

1469 296 1571 356 DE
1615 293 1982 362 CIVITATE
2024 290 2174 367 DEI,
2224 296 2289 356 S.
2336 295 2761 362 AUGUSTINI

3712 305 3836 368 740

2170 436 2278 519 tio,
2297 438 2351 489 et
2370 436 2679 519 redemptio
2695 455 2716 501 .°
2772 444 2835 495 ut
2893 441 3342 512 quemadmodum
3399 447 3670 517 scriptum
3723 452 3833 519 est,

2173 515 2278 582 Qui
2323 517 2616 588 glariatur,
2669 523 2729 573 in
2776 520 3005 578 Domino
3050 523 3327 591 glarietur
3368 527 3414 592 (l
3449 515 3570 581 σόν.
3606 544 3649 594 ι,
3677 529 3751 583 30
3776 515 3827 584 et

2171 596 2206 649 3
2246 597 2283 666 ).
2319 596 2476 653 Hanc
2507 599 2604 655 Dei
2650 602 2970 670 justitiam,
3028 621 3201 673 quam
3247 606 3429 662 donat
3475 612 3668 678 gratia
3706 611 3836 666 sine

2176 679 2417 746 meritis,
2473 681 2742 736 nesciunt
2789 682 2868 737 illi
2920 685 3015 752 qui
3069 702 3239 740 suam
3285 688 3578 757 justitiam
3630 690 3836 746 volunt

2174 758 2545 827 constituere,
2597 766 2653 818 et
2703 763 2829 817 ideo
2873 765 3116 834 justitiae
3165 767 3286 832 Dei,
3339 771 3492 838 quod
3561 770 3834 828 Christus

2173 846 2280 908 est,
2313 856 2424 921 non
2455 846 2596 896 sunt
2647 844 2894 914 subjecti
2947 846 3122 910 (Rom.
3156 863 3211 913 χ,
3243 848 3320 918 3).
3356 851 3417 904 In
3446 867 3563 921 qua
3603 852 3833 920 iustitia

2173 920 2480 1003 estmulta
2511 923 2822 978 multitudo
2876 925 3203 983 dulcedinis
3233 929 3350 996 Dei,
3385 920 3620 1001 prepter
3650 947 3828 1003 quam

2174 1000 2384 1054 dicitur
2410 1002 2464 1056 in
2500 1003 2754 1072 Psalmo,
2790 1006 3034 1072 Gustate,
3066 1016 3116 1063 et
3142 1009 3319 1064 videte
3348 1000 3508 1081 quam
3538 1000 3723 1067 dulcis
3751 1021 3835 1069 est

2174 1083 2437 1136 Dominus
2483 1083 2650 1156 (Psal.
2703 1101 2907 1151 χχχιιι,
2941 1088 3021 1157 9).
3073 1089 3143 1143 Et
3191 1089 3337 1145 hanc
3362 1092 3599 1160 quidem
3631 1092 3690 1148 in
3728 1093 3835 1148 hac

2177 1162 2639 1233 peregrinatione
2685 1169 3012 1236 gustantes,
3065 1184 3181 1224 non
3231 1170 3302 1225 ad
3349 1170 3681 1226 satietatem
3726 1189 3834 1228 sn-

2176 1247 2422 1309 mentes,
2482 1244 2777 1300 esurimus
2839 1262 2966 1302 eam
3021 1251 3215 1318 potius
3263 1266 3330 1304 ac
3378 1251 3636 1321 sitimus,
3671 1257 3834 1310 utea

2176 1326 2375 1393 postea
2404 1329 2756 1394 saturemur,
2801 1343 2934 1380 cum
2985 1328 3314 1384 videbimus
3354 1345 3490 1385 eum
3542 1332 3713 1386 sicuti
3745 1341 3833 1389 est

2177 1401 2400 1473 ([Joan.
2435 1419 2518 1471 ιιι,
2553 1406 2628 1474 2),
2660 1410 2718 1459 et
2779 1404 3120 1476 implebitur
3178 1409 3328 1478 quod
3370 1409 3658 1480 scriptum
3716 1418 3827 1477 est,

2178 1481 2499 1550 Saturabor,
2558 1500 2680 1538 cum
2738 1488 3194 1555 mani/estabitur
3247 1489 3431 1558 gloria
3485 1495 3590 1545 tua
3647 1492 3824 1561 (Psat.

2175 1563 2432 1634 xv1.15).
2493 1566 2577 1620 Ita
2628 1565 2850 1633 perficit
2893 1566 3162 1622 Christus
3212 1569 3450 1624 multam
3501 1570 3832 1627 multitudi-

2179 1658 2312 1696 nem
2374 1643 2702 1698 dulcedinis
2759 1662 2879 1700 suaa
2942 1649 3317 1718 sperantibus
3363 1648 3420 1702 in
3454 1665 3612 1706 eum.
3659 1656 3836 1706 Porro

2179 1729 2374 1776 autem
2405 1722 2454 1777 si
2487 1739 2636 1792 eam,
2672 1741 2844 1796 quam
2876 1725 2959 1782 illi
3006 1734 3229 1797 putant,
3262 1729 3632 1786 dulcedinem
3666 1748 3834 1787 suam

2179 1801 2332 1858 Deus
2363 1803 2668 1860 abscondit
2717 1805 3062 1862 timentibus
3111 1824 3243 1863 eum
3278 1808 3420 1879 qua‘
3452 1827 3567 1866 non
3602 1816 3691 1866 est
3725 1813 3838 1866 im-

2180 1883 2303 1952 pios
2362 1884 2772 1952 damnaturus,
2807 1891 2872 1943 ut
2937 1887 3046 1944 hoc
3105 1889 3428 1946 nescientes
3479 1898 3536 1947 et
3561 1892 3834 1947 damnari

2180 1966 2449 2020 timentes
2482 1971 2634 2022 recte
2665 1968 2876 2037 vivant,
2911 1985 2978 2026 ac
3009 1971 3091 2028 sic
3123 1970 3348 2039 possint
3377 1986 3502 2028 esse
3532 1973 3634 2043 qui
3669 1977 3837 2030 orent

2181 2063 2282 2116 pro
2342 2063 2456 2101 non
2516 2056 2667 2106 recte
2711 2050 3073 2119 viventibus;
3107 2053 3397 2122 quomodo
3436 2069 3566 2110 eam
3609 2055 3840 2125 perﬁcit

2179 2127 2555 2198 sperantibus
2610 2128 2665 2183 in
2721 2147 2880 2197 eum,
2935 2133 3429 2202 quandoquidem,
3480 2135 3635 2189 sicut
3675 2151 3831 2190 so-

2181 2206 2366 2272 niant,
2403 2223 2503 2277 per
2550 2207 2700 2263 hanc
2748 2209 3115 2266 dulcedinem
3162 2230 3277 2268 non
3327 2213 3716 2270 damnaturus
3745 2215 3833 2272 est

2179 2303 2298 2353 eos,
2332 2287 2433 2358 qui
2466 2305 2578 2344 non
2611 2297 2848 2360 sperant
2896 2291 2952 2346 in
2985 2293 3164 2348 eum?
3194 2293 3297 2348 Illa
3327 2293 3503 2361 igitur
3539 2297 3668 2365 ejus
3696 2296 3828 2351 dul-

2179 2368 2318 2422 cedo
2367 2375 2664 2438 quteratur
2708 2386 2884 2440 quam
2917 2372 3141 2441 perficit
3170 2376 3544 2444 sperantibus
3577 2377 3634 2430 in
3669 2392 3826 2443 eum,

2184 2465 2295 2502 non
2329 2465 2505 2519 quam
2570 2450 2842 2517 perlicere
2903 2457 3146 2522 putatur
3205 2457 3717 2512 contemnentibus
3774 2461 3830 2512 et

2179 2529 2723 2600 blasphemantibus
2771 2547 2924 2588 eum.
2975 2537 3208 2596 Frustra
3255 2535 3447 2606 itaque
3496 2535 3668 2593 homo
3702 2543 3833 2608 post

2179 2608 2288 2664 hoc
2320 2627 2526 2682 corpus
2557 2611 2820 2682 inquirit,
2854 2612 3006 2682 quod
3039 2615 3094 2669 in
3127 2614 3238 2671 hoc
3267 2632 3506 2686 corpore
3536 2617 3648 2674 sibi
3679 2633 3834 2674 com-

2179 2707 2384 2760 parare
2416 2693 2666 2763 neglexit
2684 2691 2725 2748 ².

2249 2773 2300 2824 6.
2338 2770 2481 2826 Illud
2519 2788 2748 2844 quoque
2779 2774 3182 2846 apostolicum,
3207 2774 3487 2834 Conclusit
3513 2779 3666 2835 enim
3692 2778 3838 2834 Deus

2177 2868 2361 2907 omnes
2408 2852 2468 2908 in
2517 2853 2863 2923 inﬁdelitate,
2911 2860 2970 2910 ut
3012 2859 3258 2912 omnium
3309 2861 3689 2913 misereatur:
3723 2874 3842 2914 non

2178 2931 2308 2988 ideo
2341 2934 2558 2988 dictum
2593 2945 2706 3001 est;
2755 2935 2908 3006 quod
2952 2939 3245 2993 neminem
3295 2937 3374 2993 sit
3403 2939 3832 2994 damnaturus:

2177 3014 2275 3067 sed
2309 3014 2577 3083 superius
2607 3024 2843 3086 apparet
2875 3017 3030 3072 unde
3061 3018 3134 3072 sit
3159 3019 3402 3074 dictum.
3427 3017 3568 3075 Nam
3598 3033 3734 3074 cum
3759 3016 3834 3073 de

2176 3094 2388 3148 Iudaeis
2447 3103 2646 3165 postea
2675 3096 2982 3152 credituris
3036 3099 3343 3168 Apostolus
3397 3099 3730 3170 loqueretur
3758 3101 3828 3155 ad

2179 3171 2408 3242 Gentes,
2443 3175 2513 3230 ad
2547 3191 2684 3245 quas
2715 3177 2912 3246 utique
2933 3177 3060 3248 jam
3102 3180 3401 3235 credentes
3429 3179 3831 3235 conscribebat

2178 3252 2491 3324 epistolas:
2547 3255 2702 3310 Sicut
2755 3255 2903 3312 enim
2960 3273 3071 3324 vos,
3121 3258 3330 3329 inquit,
3372 3258 3672 3329 aliquando
3720 3275 3829 3314 non

2177 3334 2490 3390 credidistis
2528 3340 2661 3403 Deo,
2695 3353 2840 3391 nunc
2871 3344 3054 3392 autem
3074 3338 3524 3396 misericordiam
3554 3342 3830 3396 consecuti

2177 3416 2304 3470 estis
2334 3415 2594 3471 illorum3
2641 3417 3070 3481 incredulitate;
3117 3421 3196 3475 sic
3223 3424 3272 3477 et
3319 3421 3380 3474 hi
3408 3437 3554 3476 nunc
3584 3436 3692 3476 non
3713 3435 3831 3476 cre-

2177 3495 2443 3552 diderunt
2472 3499 2533 3552 in
2565 3506 2738 3553 vestra
2768 3499 3168 3566 misericordia,
3201 3503 3257 3556 ut
3287 3511 3340 3556 et
3371 3499 3484 3570 ipsi
3513 3503 3829 3556 misericor-

2177 3576 2326 3631 diam
2356 3583 2759 3648 consequantur
2788 3578 2960 3650 (Rom.
3015 3597 3092 3648 χι,
3122 3580 3214 3650 31,
3241 3582 3345 3648 32).
3399 3581 3618 3637 Deinde
3647 3580 3832 3650 subji-

2179 3658 2275 3722 cit,
2308 3657 2461 3712 unde
2493 3659 2586 3712 isti
2638 3659 2744 3713 sibi
2782 3661 3028 3715 errando
3062 3661 3464 3728 blandiuntur,
3503 3667 3678 3732 atque
3727 3662 3832 3729 ait,

2181 3736 2456 3794 Conclusit
2487 3741 2638 3794 enim
2669 3741 2803 3796 Deus
2835 3756 3019 3796 omnes
3040 3741 3104 3797 in
3135 3741 3459 3808 inﬁdelitate
3489 3751 3549 3798 ut
3580 3744 3829 3798 omnium

2175 3819 2523 3875 misereatur.
2559 3820 2709 3883 Quos
2731 3837 2951 3890 omnes,
2988 3824 3097 3878 nisi
3121 3825 3190 3877 de
3222 3824 3435 3891 quibus
3461 3822 3829 3894 loquebatur,

2178 3906 2460 3972 tanquam
2493 3901 2714 3968 dicens,
2742 3908 2800 3958 et
2830 3920 2928 3958 vos
2954 3909 3010 3958 et
3030 3903 3205 3959 illos?
3233 3903 3386 3960 Deus
3417 3921 3550 3976 ergo
3586 3914 3637 3959 et
3672 3904 3832 3960 Gen-

2177 3980 2308 4037 tiles
2355 3985 2412 4037 et
2461 3981 2713 4050 Judasos,
2765 3999 2910 4054 quos
2960 3983 3247 4055 praecivit
3289 3989 3347 4040 et
3397 3983 3830 4056 praedestinavit

2176 4063 2540 4119 conformes‘
2569 4064 2840 4136 imaginis
2890 4065 3014 4119 Filii
3067 4067 3154 4120 sui
3185 4065 3286 4136 (td.
3323 4082 3445 4130 νιιι,
3475 4067 3590 4137 29),
3622 4082 3830 4121 omnes

2175 4143 2231 4196 in
2267 4143 2608 4200 inﬁdelitate
2633 4144 2952 4202 conclusit:
2988 4151 3048 4201 ut
3081 4145 3151 4201 de
3201 4147 3589 4202 amaritudine
3619 4146 3830 4201 inlide-

2177 4224 2362 4280 litatis
2394 4241 2504 4280 suae
2556 4226 2890 4296 pmnitendo
2952 4227 3198 4294 confusi,
3229 4232 3286 4283 et
3333 4229 3402 4283 ad
3456 4226 3829 4282 dulcedinem

2178 4306 2589 4360 misericordia:
2651 4306 2748 4360 Dei
2816 4307 3103 4362 credendo
3162 4307 3446 4371 conversi,
3506 4306 3834 4363 clamarent

2178 4384 2317 4439 illud
2351 4385 2407 4438 in
2441 4384 2694 4452 Psalmo,
2741 4387 2913 4455 Quam
2961 4387 3137 4442 multa
3182 4387 3492 4443 multitudo
3520 4386 3834 4442 dulcedinis

2175 4474 2305 4520 ture.
2337 4465 2586 4530 Domine,
2617 4482 2783 4537 quam
2827 4467 3158 4523 abscondisti
3197 4468 3522 4522 timentibus
3550 4476 3619 4533 te,
3649 4471 3832 4537 perfe-

2174 4545 2302 4600 cisti
2329 4555 2510 4601 autem
2551 4545 2922 4618 sperantibus,
2969 4565 3082 4604 non
3133 4548 3191 4604 in
3239 4565 3322 4615 se,
3355 4548 3458 4604 sed
3495 4549 3558 4602 in:
3584 4551 3665 4603 te!
3695 4547 3834 4603 0m-

2176 4625 2338 4679 nium
2418 4627 2612 4697 itaque
2686 4628 2998 4682 miseretur
3067 4645 3332 4683 vasorum
3395 4626 3831 4683 misericordiae.

2175 4707 2318 4772 Quid
2351 4713 2458 4776 est,
2493 4707 2803 4763 omnium?
2834 4708 2902 4764 Et
2931 4724 3132 4765 eorum
3157 4708 3380 4768 scilicet
3411 4725 3558 4786 quos
3590 4724 3660 4765 ex
3681 4707 3831 4766 Gen-

2173 4788 2354 4858 tibus,
2387 4793 2444 4845 et
2474 4805 2674 4846 eorum
2705 4805 2853 4861 quos
2883 4806 2950 4846 ex
2987 4789 3210 4847 Judaeis
3254 4788 3707 4860 prsidestinavit,
3735 4806 3834 4851 vos

2235 5066 2251 5126 ε
2284 5062 2406 5112 Sola
2427 5064 2589 5115 editio
2618 5065 2764 5118 Lov..
2798 5063 2934 5126 quia
2963 5080 2975 5123 ;
3010 5065 3192 5114 minus
3218 5066 3368 5116 bene.

2234 5125 2255 5160 2
2285 5126 2437 5175 Vind.
2470 5128 2584 5176 Am.
2617 5129 2670 5177 et
2700 5125 3087 5191 ErJFr-uetra-
3112 5128 3300 5191 itaque
3328 5130 3489 5177 homo
3520 5128 3742 5191 positu:
3770 5126 3832 5176 in

2169 5186 2265 5236 hoc
2297 5204 2538 5251 corpore,
2568 5190 2910 5239 occultorum
2928 5186 3286 5250 judiciorum
3313 5191 3415 5240 Dei
3441 5186 3835 5241 sibi’nolitim

2169 5265 2304 5300 arra
2307 5268 2443 5314 gare
2465 5252 2802 5314 praesumit.

2235 5315 2256 5348 ³
2283 5315 2441 5378 Εᾱὶιὶ,
2473 5315 2534 5363 in
2565 5314 2818 5365 illorum.
2849 5315 3026 5372 Abest,
3060 5315 3141 5375 in,
3170 5331 3204 5366 a
3231 5316 3630 5378 manuscriptis.

2234 5378 2254 5440 ξ
2305 5377 2399 5426 Hic
2457 5378 2586 5427 editi
2643 5379 2742 5427 soli
2798 5378 3004 5427 addunt
3058 5380 3185 5440 ﬁeri
3211 5393 3230 5426 :
3283 5379 3426 5440 quod
3486 5377 3714 5428 verbum
3774 5379 3832 5428 in

2168 5439 2403 5551 Ξὲἱῗιοια
2455 5441 2523 5490 ad
2577 5441 2859 5497 Romanos,
2919 5456 2999 5499 vn,
3053 5439 3133 5500 29,
3197 5439 3485 5505 praeterire
3539 5441 3676 5492 solet
3729 5443 3834 5492 An-

2242 5516 2267 5551 s
2291 5517 2433 5551 mus.

2170 5515 2433 5566 gusunus.
