4134 6198
285 300 396 364 741

283 434 455 503 cavit,
483 431 845 504 justificavit,
878 429 1258 504 gloriﬁcavit;
1311 447 1427 488 non
1459 429 1718 488 omnium
1756 429 1941 490 homi-

286 532 452 583 num,
477 515 574 570 sed
607 513 852 580 istorum
902 512 1163 578 omnium
1197 512 1484 574 neminem
1525 512 1932 572 damnaturus.

285 727 513 786 CAPUT
543 727 703 784 XXV.
735 758 802 768 —
831 727 912 782 An
934 727 991 782 hi
1019 729 1116 799 qui
1143 726 1289 783 inter
1339 727 1618 782 haereticos
1667 725 1934 796 baptizati

354 814 507 875 sunt,
547 819 598 865 et
625 808 924 866 deteriores
948 814 1135 878 postea
1166 809 1311 862 male
1351 808 1578 863 vivendo
1607 808 1743 875 facti
1788 809 1938 874 sunt,

358 893 439 950 vel
470 891 529 946 hi
551 892 647 962 qui
665 889 810 962 apud
823 889 1124 944 Catholicos
1147 891 1326 946 renati
1339 891 1413 943 ad
1432 890 1657 943 haereses
1679 896 1776 942 aut
1792 886 1940 941 schi-

357 977 534 1029 smata
563 971 928 1038 transierunt,
956 970 1043 1026 vel
1064 971 1123 1024 hi
1134 973 1230 1042 qui
1249 989 1281 1025 a
1314 969 1606 1024 Catholicis
1636 967 1779 1039 apud
1809 982 1941 1040 quos

358 1053 538 1108 renati
581 1053 729 1116 sunt,
761 1065 871 1104 non
902 1054 1230 1117 recedentes,
1262 1052 1553 1104 criminose
1584 1053 1762 1106 vivere
1783 1063 1942 1117 pers-

358 1134 611 1195 titerunt,
641 1131 852 1200 possint
880 1130 1171 1200 privilegio
1210 1129 1695 1188 Sacramentorum
1742 1128 1942 1182 remis-

356 1215 566 1269 sionem
601 1213 794 1267 teterni
821 1226 1044 1282 sperare
1068 1211 1349 1285 supplicii.

358 1379 410 1436 1.
443 1379 552 1445 Sed
599 1378 726 1448 jam
776 1379 1238 1448 respondeamus
1267 1377 1440 1433 etiam
1487 1375 1624 1444 illis,
1685 1376 1785 1450 qui
1825 1391 1938 1434 non

283 1460 472 1524 solum
508 1458 738 1520 diabolo
769 1464 824 1514 et
872 1458 1095 1530 angelis
1143 1460 1296 1532 ejus,
1346 1459 1498 1513 sicut
1532 1475 1632 1513 nec
1681 1457 1803 1523 isti,
1837 1455 1942 1511 sed

283 1559 354 1598 ne
377 1541 520 1612 ipsis
539 1540 768 1609 quidem
795 1539 1067 1596 omnibus
1083 1538 1421 1595 hominibus
1440 1537 1838 1594 liberationem
1867 1538 1938 1592 ab

281 1632 492 1684 aeterno
530 1621 664 1692 igne
724 1619 1115 1692 promittunt;
1150 1637 1349 1676 verum
1410 1619 1492 1674 eis
1559 1624 1787 1680 tantum
1839 1615 1939 1690 qui

281 1701 495 1758 Christi
529 1699 882 1771 Baptismate
916 1701 1102 1756 abluti
1133 1708 1186 1756 et
1235 1701 1491 1771 corporis
1523 1699 1651 1770 ejus
1700 1703 1755 1754 et
1813 1715 1943 1753 san-

282 1783 480 1856 guinis
511 1781 815 1852 participes
850 1782 981 1836 facti
1013 1785 1170 1848 sunt,
1206 1780 1646 1853 quomodolibet
1672 1779 1938 1848 vixerint,

281 1865 341 1918 in
367 1878 734 1934 quacumque
765 1863 966 1917 hteresi
998 1861 1084 1917 vel
1117 1861 1416 1932 impietate
1448 1861 1659 1917 fuerint
1690 1860 1796 1930 (a).
1825 1859 1936 1916 Sed

283 1942 629 2000 contradicit
659 1944 742 1997 eis
773 1943 1108 2013 Apostolus,
1141 1943 1340 1998 dicens
1373 1959 1387 1998 :
1433 1944 1731 2012 Mani/esto
1757 1945 1942 1996 autem

281 2027 414 2079 sunt
445 2040 608 2096 opera
636 2025 848 2089 carnis,
877 2040 994 2094 quae
1032 2032 1158 2078 sunt
1206 2024 1522 2094 fornicatio,
1556 2021 1938 2088 immunditia,

282 2104 821 2170 luxuria,idolorum
843 2103 1098 2164 servitus.
1123 2101 1409 2166 veneﬁcia,
1440 2101 1782 2168 inimicitiae,
1813 2116 1943 2154 con-

282 2187 572 2250 tentiones,
639 2184 1046 2251 semuiationes,
1093 2181 1493 2246 animositates,
1555 2181 1941 2256 dissensiones,

279 2266 536 2328 haereses,
572 2265 832 2332 invidiae,
867 2264 1180 2330 ebrietates,
1229 2264 1723 2326 commessationes,
1767 2265 1819 2315 et
1851 2260 1941 2317 his

274 2344 499 2400 similia
533 2363 552 2399 .·
584 2359 709 2416 quae
737 2343 986 2416 μνῶάίεο
1019 2342 1190 2408 vobis,
1220 2345 1360 2396 sicut
1390 2343 1659 2408 praui-iri,
1682 2340 1943 2410 quoniam

276 2432 375 2496 qui
407 2425 546 2480 talia
575 2434 768 2494 agunt,
801 2440 1031 2492 regnum
1063 2422 1160 2477 Dei
1206 2438 1317 2478 non
1343 2419 1696 2492 possidebunt
1735 2419 1938 2486 (Galat.

271 2522 332 2571 ν,
367 2506 584 2575 19-21).
622 2504 755 2560 Hec
790 2506 1043 2576 profecto
1069 2501 1388 2574 apostolica
1418 2501 1565 2555 t'alsa
1597 2509 1681 2554 est
1712 2504 1944 2555 senten-

268 2587 378 2652 tia,
405 2587 451 2640 si
473 2586 622 2639 tales
647 2591 777 2655 post
795 2580 1676 2654 quantalibettemporaliberati
1696 2594 1939 2647 regnum

269 2667 373 2720 Dei
411 2665 818 2737 possidebunt.
853 2664 963 2719 Sed
1013 2661 1291 2734 quoniam
1325 2660 1470 2716 falsa
1502 2678 1614 2716 non
1666 2667 1773 2727 est,
1811 2675 1932 2730 pro-

275 2747 429 2800 fecto
463 2760 701 2814 regnum
734 2743 832 2798 Dei
867 2760 980 2800 non
1029 2741 1434 2814 possidebunt.
1471 2745 1534 2796 Et
1583 2739 1632 2795 si
1664 2740 1724 2795 in
1773 2738 1933 2810 regni

281 2824 385 2880 Dei
419 2825 782 2894 possessione
813 2840 1117 2896 nunquam
1159 2828 1351 2889 erunt,
1403 2830 1613 2877 aeterno
1654 2819 1940 2892 supplicio

281 2903 642 2958 tenebuntur
675 2920 688 2958 :
749 2904 1021 2975 quoniam
1057 2920 1170 2958 non
1203 2909 1289 2959 est
1320 2907 1481 2958 locus
1534 2901 1781 2968 medius,
1842 2898 1941 2954 ubi

280 2999 402 3038 non
443 2982 521 3040 sit
551 2983 609 3037 in
643 2983 950 3056 supplicio,
983 2982 1201 3054 quiillo
1235 2999 1350 3038 non
1383 2983 1556 3040 fuerit
1586 2981 1941 3042 constitutus

281 3062 344 3118 in
381 3078 582 3131 regno.

357 3143 409 3197 2.
444 3143 830 3208 Quamobrem
889 3143 1040 3214 quod
1087 3143 1167 3199 ait
1196 3143 1477 3200 Dominus
1514 3144 1702 3209 Iesus,
1733 3142 1832 3198 Hic
1863 3143 1942 3196 est

275 3225 444 3295 panis
468 3225 568 3294 qui
587 3225 653 3280 de
687 3224 822 3281 cazlo
853 3223 1145 3291 descendit,
1169 3228 1229 3279 ut
1277 3226 1328 3279 si
1363 3226 1487 3295 quis
1515 3240 1586 3278 ea:
1641 3224 1757 3293 ipso
1789 3239 1945 3276 man-

273 3304 583 3373 ducaverii,
638 3319 749 3359 non
806 3307 1104 3360 moriatur.
1145 3305 1260 3376 Ego
1288 3320 1412 3358 sum
1451 3304 1620 3374 panis
1649 3304 1823 3369 vivus,
1846 3299 1946 3372 qui

273 3383 348 3439 de
377 3384 512 3442 caelo
541 3383 790 3440 descendi
814 3401 828 3452 ;
859 3387 909 3442 si
938 3385 1062 3456 quis
1087 3383 1503 3439 manducaverit
1544 3397 1612 3440 ea:
1642 3381 1742 3436 hoc
1777 3396 1944 3450 pane,

272 3466 426 3519 vivet
458 3465 513 3522 in
536 3469 807 3520 aeternum
847 3465 1024 3536 (Joan.
1068 3480 1144 3526 vr,
1176 3464 1389 3533 50-52),
1422 3462 1717 3533 quomodo
1749 3461 1827 3516 sit
1857 3476 1948 3514 ac-

273 3545 860 3616 cipiendum,merito
893 3543 1264 3616 quaeritanEt
1293 3545 1365 3599 ab
1396 3544 1527 3598 istis
1561 3542 1796 3613 quidem
1821 3539 1945 3610 qui-

273 3627 393 3681 bus
428 3643 581 3682 nunc
613 3627 1049 3696 respondemus,
1080 3623 1238 3680 hunc
1280 3623 1640 3680 intellectum
1673 3621 1948 3678 auferunt

273 3706 372 3763 illi
397 3706 611 3779 quibus
633 3707 844 3763 deinde
870 3707 1334 3777 respondendum
1361 3711 1446 3760 est
1469 3721 1482 3759 :
1509 3705 1567 3760 hi
1591 3707 1731 3759 sunt
1753 3707 1946 3757 autem

278 3789 385 3860 qui
419 3788 565 3844 hanc
596 3786 1024 3849 liberationem,
1058 3801 1163 3841 nec
1194 3786 1468 3841 omnibus
1492 3783 1842 3844 habentibus
1863 3799 1946 3838 sa-

287 3871 660 3924 cramentum
686 3865 1062 3937 Baptismatis
1084 3871 1141 3922 et
1159 3864 1420 3936 corporis
1437 3863 1780 3931 Christi,sed
1806 3861 1949 3918 solis

279 3946 625 4015 Catholicis,
662 3946 933 4018 quamvis
966 3947 1116 4002 male
1166 3947 1516 4013 viventibus,
1551 3944 1899 4016 pollicentur
1931 3960 1945 3992 τ

283 4029 432 4101 quia
463 4045 576 4084 non
625 4028 772 4091 solo.
806 4029 1098 4100 inquiunt,
1164 4033 1547 4092 sacramento,
1580 4028 1676 4082 sed
1709 4041 1770 4080 re
1823 4023 1952 4096 ipsa

299 4109 804 4165 manducaverunt
833 4124 1042 4180 corpus
1068 4106 1302 4176 Christi,
1334 4107 1391 4161 in
1426 4105 1553 4176 ipso
1585 4104 1809 4160 scilicet
1825 4105 1952 4173 ejus

288 4206 537 4261 corpore
568 4191 866 4245 constituti
903 4205 916 4244 :
947 4189 1015 4243 de
1049 4205 1164 4259 quo
1215 4203 1456 4257 corpore
1501 4187 1580 4241 ait
1609 4184 1950 4255 Apostolus,

289 4272 444 4328 Unus
471 4273 660 4341 panis,
688 4286 858 4324 unum
890 4285 1084 4337 corpus
1113 4268 1280 4323 multi
1306 4285 1495 4323 sumus
1517 4266 1561 4338 (Ι
1594 4267 1713 4321 Cor.
1746 4282 1801 4332 x,
1837 4264 1949 4336 17).

286 4351 398 4414 Qui
434 4367 569 4424 ergo
616 4349 788 4405 estin
822 4351 948 4419 ejus
1002 4351 1260 4419 corporis
1314 4349 1557 4416 unitate,
1617 4345 1677 4401 id
1733 4351 1841 4411 est,
1893 4347 1954 4408 in

283 4430 760 4488 Christianorum
811 4445 1088 4501 compage
1133 4429 1551 4498 membrorum,
1601 4427 1771 4497 cujus
1820 4443 1952 4483 cor-

280 4512 456 4576 Poris
486 4517 917 4568 sacramentum
952 4509 1149 4566 fideles
1181 4511 1682 4566 communicantes
1713 4509 1784 4564 de
1813 4509 1956 4563 alta-

292 4594 346 4646 ri
381 4608 614 4648 sumere
672 4596 1128 4658 consueverunt,
1183 4591 1308 4661 ipse
1337 4606 1466 4645 vere
1524 4590 1808 4644 dicendus
1865 4592 1955 4643 est

290 4674 656 4739 manducare
704 4690 914 4744 corpus
971 4672 1203 4737 Christi,
1262 4675 1319 4726 et
1354 4671 1549 4726 bibere
1605 4669 1951 4740 sanguinem

287 4752 536 4809 Christi.
569 4758 647 4808 Ac
681 4769 782 4825 per
810 4752 921 4808 hoc
947 4750 1192 4806 haeretici
1217 4755 1273 4806 et
1304 4749 1664 4808 schismatiei
1688 4749 1758 4802 ab
1783 4749 1952 4816 hujus

288 4833 519 4888 unitate
551 4832 810 4904 corporis
839 4833 1086 4903 separati
1145 4835 1394 4902 possunt
1451 4831 1604 4884 idem
1659 4828 1953 4900 percipere

289 4921 761 4982 sacramentum,
792 4913 896 4969 sed
943 4929 1054 4968 non
1088 4913 1197 4967 sibi
1250 4911 1412 4978 utile,
1462 4911 1580 4966 imo
1615 4927 1742 4966 vero
1777 4911 1951 4964 etiam

292 4997 565 5064 noxium,
596 5013 712 5068 quo
744 4996 1082 5066 judicentur
1114 4997 1367 5066 gravius,
1401 5010 1576 5064 quam
1609 4996 1692 5048 vel
1723 4995 1950 5048 tardius

284 5075 636 5133 liberentur.
673 5079 791 5132 Non
824 5081 963 5134 sunt
1021 5077 1235 5147 quippe
1266 5076 1324 5130 in
1363 5091 1428 5130 eo
1488 5073 1718 5130 vinculo
1770 5073 1947 5146 pacis,

287 5159 456 5230 quod
490 5157 589 5213 illo
619 5158 962 5230 exprimitur
991 5161 1374 5212 sacramento.

369 5239 422 5295 3.
454 5237 565 5295 Sed
598 5254 799 5298 rursus
817 5239 990 5294 etiam
1014 5237 1108 5292 isti
1134 5237 1232 5309 qui
1255 5242 1402 5292 recte
1432 5234 1795 5308 intelligunt,
1827 5252 1939 5291 non

363 5509 436 5579 (α)
468 5511 598 5568 vide
623 5512 718 5564 lib.
752 5511 818 5566 de
848 5512 960 5566 Fid.
989 5513 1043 5566 et
1069 5510 1219 5578 Oper.

1465 294 1700 364 LIBER
1740 293 2161 360 VlGESlMUS
2205 294 2530 358 PRIMUS.

3577 300 3690 366 742

2051 427 2360 488 dicendum
2393 442 2524 486 esse
2571 443 2707 486 eum
2735 429 3115 490 manducare
3144 429 3164 464 ί
3213 445 3426 504 corpus
3454 431 3692 502 Christi,

2045 509 2143 578 qui
2174 509 2230 564 in
2263 525 2502 580 corpore
2526 526 2641 565 non
2663 515 2748 565 est
2769 509 2998 574 Christi,
3027 527 3135 566 non
3167 520 3318 568 recte
3350 513 3698 582 promittunt

2048 589 2132 645 eis
2163 591 2262 660 qui
2295 590 2380 645 vel
2410 589 2468 644 in
2503 590 2791 655 haeresim,
2825 591 2908 646 vel
2942 592 3118 646 etiam
3167 592 3225 646 in
3256 592 3562 661 gentilium
3595 610 3697 648 su-

2048 670 2472 739 perstitionem,
2515 686 2583 726 ex
2622 669 2782 726 illius
2825 673 3087 742 corporis
3136 671 3358 726 unitate
3399 671 3701 744 labuntur,

2053 750 2449 808 liberationem
2489 753 2853 823 quandoque
2886 753 2958 808 ab
2989 752 3186 810 aeterni
3219 753 3348 823 igne
3405 754 3706 824 supplicii.

2047 830 2332 897 Primum,
2366 831 2505 901 quia
2535 831 2758 886 debent
2789 833 3296 904 attendere,quam
3330 833 3405 889 sit
3436 835 3710 896 intolera-

2045 911 2161 967 bile
2189 920 2358 982 atque
2389 929 2422 966 a
2445 929 2591 967 sana
2623 913 2893 968 doctrina
2925 913 3102 968 nimis
3150 915 3406 983 devium,
3443 923 3506 968 ut
3539 914 3710 970 multi

2045 1009 2110 1048 ac
2151 1009 2296 1064 pene
2355 1009 2582 1062 omnes,
2621 995 2714 1064 qui
2763 995 3009 1050 haereses
3058 994 3269 1066 impias
3319 995 3708 1050 condiderunt

2046 1079 2325 1128 exeuntes
2356 1076 2426 1128 de
2455 1074 2748 1130 catholica
2782 1075 3059 1141 Ecclesia,
3089 1079 3147 1130 et
3173 1075 3301 1130 facti
3336 1082 3477 1130 sunt
3525 1076 3713 1130 haere-

2047 1153 2314 1221 siarchas,
2376 1155 2653 1210 meliores
2710 1155 2966 1210 habeant
3018 1172 3249 1224 causas,
3280 1173 3452 1226 quam
3504 1157 3563 1212 hi
3612 1157 3714 1228 qui

2046 1250 2351 1304 nunquam
2382 1236 2621 1290 fuerunt
2651 1235 2942 1301 catholici,
2974 1252 3105 1290 cum
3149 1237 3205 1290 in
3239 1251 3439 1291 eorum
3473 1236 3712 1306 laqueos

2050 1315 2402 1371 incidissent
2433 1333 2446 1383 ;
2475 1317 2522 1371 si
2555 1316 2688 1372 illos
2720 1316 3132 1372 haeresiarchas
3173 1317 3282 1373 hoc
3315 1317 3445 1373 facit
3476 1318 3709 1374 liberari

2049 1412 2082 1450 a
2121 1395 2410 1466 supplicio
2443 1396 2828 1468 sempiterno,
2867 1398 3021 1468 quod
3056 1399 3112 1452 in
3146 1398 3430 1454 catholica
3458 1398 3715 1454 Ecclesia

2049 1477 2324 1544 baptizati
2361 1483 2522 1544 sunt,
2548 1484 2605 1531 et
2636 1485 3068 1533 sacramentum
3111 1481 3371 1550 corporis
3401 1479 3617 1534 Christi
3650 1479 3709 1534 in

2048 1571 2177 1611 vero
2223 1556 2431 1611 Christi
2491 1573 2732 1628 corpore
2784 1558 3058 1626 primitus
3117 1565 3511 1629 acceperunt:
3573 1575 3706 1614 cum

2051 1637 2210 1707 pejor
2243 1638 2445 1708 utique
2475 1638 2551 1691 sit
2574 1637 2836 1692 desertor
2854 1638 2988 1692 {idsi
3020 1647 3072 1692 et
3104 1655 3170 1693 ex
3201 1639 3500 1694 desertore
3529 1656 3711 1709 oppu-

2047 1722 2254 1788 gnator
2276 1717 2404 1788 ejus
2461 1717 2722 1785 effectus,
2757 1734 2933 1789 quam
2990 1718 3086 1773 ille
3133 1717 3233 1790 qui
3293 1735 3405 1775 non
3455 1720 3713 1775 deseruit

2050 1813 2228 1868 quam
2271 1815 2572 1868 nunquam
2599 1798 2807 1853 tenuit.
2834 1799 3048 1855 Deinde
3080 1799 3214 1870 quia
3245 1805 3301 1855 et
3324 1800 3415 1854 his
3463 1799 3714 1859 occurrit

2049 1877 2361 1948 Apostolus
2391 1880 2588 1933 eadem
2639 1879 2812 1933 verba
2873 1880 3192 1948 proferens,
3242 1885 3299 1934 et
3355 1878 3712 1935 enumeratis

2049 1957 2166 2010 illis
2223 1961 2416 2012 carnis
2477 1959 2754 2027 operibus
2811 1964 3008 2014 eadem
3069 1962 3308 2014 veritate
3365 1959 3706 2030 praedicens,

2049 2039 2322 2106 Quoniam
2356 2039 2457 2107 qui
2486 2037 2622 2092 talia
2641 2045 2811 2107 agunt
2842 2053 3068 2109 regnum
3097 2040 3196 2092 Dei
3218 2055 3327 2094 non
3359 2040 3711 2110 possidebunt

2050 2117 2258 2187 (Galat.
2283 2135 2338 2184 v,
2367 2118 2484 2188 21).

2120 2199 2173 2251 4.
2210 2196 2372 2252 Unde
2431 2213 2535 2252 nec
2584 2197 2668 2252 illi
2728 2198 2787 2252 in
2848 2198 3093 2269 perditis
3149 2203 3207 2255 et
3263 2199 3706 2255 damnabilibus

2051 2278 2313 2333 moribus
2344 2278 2560 2333 debent
2587 2295 2716 2333 esse
2759 2280 2971 2345 securi,
3031 2281 3131 2350 qui
3191 2297 3377 2352 usque
3407 2280 3464 2336 in
3525 2280 3703 2335 finem

2050 2359 2285 2428 quidem
2319 2359 2477 2412 velut
2534 2358 2591 2414 in
2638 2361 3048 2415 communione
3087 2359 3352 2416 Ecclesia:
3409 2359 3708 2416 catholica

2050 2445 2442 2510 perseverant,
2476 2439 2774 2496 intuentes
2807 2441 2960 2510 quod
3004 2442 3225 2496 dictum
3258 2446 3368 2511 est,
3395 2443 3500 2510 Qui
3527 2457 3710 2513 perse-

2048 2521 2320 2573 veraverit
2347 2535 2515 2590 usque
2536 2520 2592 2574 in
2615 2517 2899 2588 ﬁnem,hie
2923 2522 3108 2576 salvus
3125 2522 3231 2576 erit
3250 2521 3454 2590 (Matth.
3493 2538 3547 2589 χ,
3579 2525 3703 2590 22);

2048 2602 2105 2653 et
2140 2614 2240 2665 per
2269 2599 2392 2653 vitae
2419 2600 2805 2670 iniquitatem,
2829 2600 3017 2670 ipsam
3047 2601 3513 2674 vitasjustitiam,
3547 2604 3703 2672 quod

2050 2679 2134 2733 eis
2166 2677 2428 2734 Christus
2474 2686 2581 2747 est,
2634 2680 2930 2746 deserunt,
2983 2682 3103 2736 sive
3166 2681 3529 2744 fornicando,
3589 2682 3706 2737 sive

2051 2757 2191 2813 alias
2221 2757 2637 2814 immunditias
2669 2759 3042 2831 ﬂagitiorum,
3073 2777 3222 2833 quas
3255 2778 3356 2817 nec
3386 2762 3700 2833 Apostolus

2050 2837 2376 2909 exprimere
2409 2839 2618 2905 voluit,
2651 2841 2710 2894 in
2743 2857 2849 2895 suo
2867 2858 3106 2913 corpore
3138 2843 3539 2912 perpetrando,
3581 2843 3702 2896 sive

2051 2914 2418 2989 turpitudine
2452 2921 2688 2976 luxurie
2730 2919 3067 2989 dililuendo,
3098 2922 3218 2978 sive
3248 2921 3471 2992 aliquid
3503 2939 3704 2978 eorum

2052 2998 2277 3068 agendo
2313 3000 2383 3054 de
2441 3001 2659 3070 quibus
2709 2999 2808 3065 ait,
2843 3000 3114 3068 Quoniam
3169 3000 3266 3072 qui
3319 3001 3467 3056 talia
3514 3011 3706 3071 agunt,

2052 3094 2282 3149 regnum
2312 3079 2409 3135 Dei
2427 3097 2538 3134 non
2564 3079 2940 3151 possidebunt.
2973 3084 3052 3136 Ac
3084 3098 3184 3152 per
3215 3082 3322 3137 hoc
3353 3082 3711 3154 quicumque

2051 3162 2230 3228 agunt
2256 3158 2621 3228 talia,uisiin
2654 3160 3007 3232 sempiterno
3034 3160 3320 3233 supplicio
3361 3177 3475 3216 non
3507 3167 3698 3221 erant.

2054 3238 2193 3308 quia
2223 3238 2281 3292 in
2318 3240 2412 3294 Dei
2447 3255 2624 3311 regno
2654 3255 2778 3297 esse
2813 3258 2927 3297 non
2961 3247 3248 3312 poterunt.
3304 3242 3368 3296 In
3418 3241 3510 3297 his
3549 3243 3705 3298 enim

2056 3319 2476 3386 perseverando
2491 3336 2674 3391 usque
2698 3321 2754 3374 in
2779 3321 2958 3391 hujus
2979 3323 3106 3375 vita:
3136 3323 3334 3389 finem,
3359 3338 3472 3376 non
3507 3323 3710 3392 utique

2055 3396 2286 3450 dicendi
2346 3403 2486 3452 sunt
2538 3398 2596 3452 in
2655 3399 2882 3453 Christo
2937 3415 3336 3468 perseverasse
3394 3416 3582 3470 usque
3647 3402 3707 3455 in

2058 3475 2446 3546 ﬁnem:quia
2487 3477 2548 3532 in
2600 3477 2826 3533 Christo
2887 3495 3274 3548 perseverare,
3333 3484 3422 3532 est
3476 3480 3538 3534 in
3587 3480 3713 3548 ejus

2058 3555 2170 3610 fide
2207 3571 2593 3625 perseverare.
2643 3557 2776 3620 Quae
2829 3559 2982 3627 ﬁdes,
3019 3564 3080 3613 ut
3109 3575 3236 3613 eam
3294 3558 3498 3613 deﬁnit
3553 3558 3710 3614 idem

2059 3637 2376 3706 apostolus,
2434 3653 2531 3708 per
2559 3639 2910 3694 dilectionem
2967 3642 3224 3708 aperatur
3281 3639 3572 3710 (Gaiat.v,
3630 3640 3709 3708 6).

2059 3717 2288 3771 Ditectio
2316 3724 2535 3788 autem,
2582 3718 2890 3790 sicutipse
2940 3720 3079 3774 alibi
3138 3719 3300 3787 dicit,
3359 3721 3567 3775 malum
3603 3735 3714 3775 non

2057 3804 2325 3868 operatur
2356 3800 2403 3866 (Ι
2435 3800 2560 3856 Cor.
2605 3816 2766 3864 xvm,
2818 3800 2894 3866 είς
2929 3801 3080 3855 Rom.
3132 3816 3258 3870 xm,
3314 3801 3420 3872 10).
3464 3801 3580 3856 Nec
3617 3800 3716 3854 isti

2059 3893 2194 3945 ergo
2225 3879 2457 3934 dicendi
2481 3889 2616 3934 sunt
2647 3881 3012 3936 manducare
3044 3897 3256 3952 corpus
3285 3879 3500 3936 Christi
3535 3898 3550 3948 ;
3578 3897 3726 3951 quo-~

2061 3959 2218 4014 niam
2251 3975 2356 4015 nec
2385 3959 2445 4015 in
2479 3962 2758 4016 membris
2790 3963 3170 4033 computandi
3204 3969 3339 4018 sunt
3377 3962 3610 4017 Christi.
3646 3961 3716 4018 Ut

2061 4039 2215 4092 enim
2247 4039 2359 4093 alia
2391 4048 2631 4109 taceam,
2668 4057 2780 4096 non
2824 4046 3073 4112 possunt
3103 4042 3281 4096 simul
3312 4058 3440 4098 esse
3470 4047 3526 4097 et
3558 4058 3720 4098 men-

2064 4119 2168 4173 bra
2216 4119 2455 4187 Christi,
2489 4124 2546 4175 et
2595 4123 2860 4177 membra
2927 4122 3246 4177 meretricis
3287 4125 3430 4193 (Cor.
3481 4141 3558 4190 v1,
3599 4124 3713 4191 15).

2063 4199 2322 4268 Denique
2350 4201 2476 4271 ipse
2506 4201 2728 4266 dicens,
2760 4202 2872 4272 Qui
2925 4204 3218 4258 manducat
3259 4220 3484 4260 carnem
3511 4220 3710 4273 meam,

2065 4285 2115 4335 et
2164 4280 2301 4335 bibit
2328 4284 2655 4349 sanguinem
2683 4299 2886 4351 meum,
2920 4282 2981 4338 in
3012 4300 3099 4338 me
3129 4294 3330 4354 manet,
3353 4294 3404 4340 et
3435 4301 3530 4356 ego
3560 4285 3620 4340 in
3650 4302 3714 4341 eo

2065 4361 2242 4430 (Joan.
2277 4378 2353 4429 νι,
2382 4362 2474 4431 57)
2507 4380 2520 4430 ;
2565 4365 2820 4418 ostendit
2875 4365 3014 4434 quid
3049 4365 3122 4420 sit
3181 4382 3297 4420 non
3349 4372 3713 4422 sacramento

2066 4445 2358 4503 tenus,sed
2392 4459 2452 4498 re
2481 4459 2614 4498 vera
2639 4459 2848 4515 corpus
2870 4445 3081 4500 Christi
3118 4448 3483 4516 manducare,
3507 4453 3565 4502 et
3589 4449 3718 4517 ejus

2067 4521 2414 4592 sanguinem
2446 4523 2652 4580 libere:
2691 4525 2795 4580 hoc
2815 4532 2905 4581 est
2932 4526 3085 4580 enim
3113 4525 3173 4580 in
3206 4525 3432 4583 Christo
3461 4544 3717 4597 manere,

2069 4609 2132 4658 ut
2163 4604 2223 4658 in
2247 4602 2346 4659 illo
2380 4614 2605 4660 maneat
2635 4611 2694 4660 et
2739 4605 3026 4662 Christus.
3075 4607 3172 4662 Sic
3201 4610 3356 4662 enim
3414 4609 3521 4664 hoc
3552 4610 3718 4674 dixit,

2071 4693 2349 4755 tanquam
2384 4685 2614 4755 diceret,
2657 4686 2764 4751 Qui
2799 4704 2910 4741 non
2945 4687 3004 4742 in
3052 4704 3145 4742 me
3176 4696 3388 4756 manet,
3416 4693 3472 4742 et
3516 4689 3573 4742 in
3607 4705 3720 4756 quo

2068 4780 2173 4834 ego
2206 4781 2318 4821 non
2353 4782 2578 4829 maneo,
2615 4783 2727 4822 non
2759 4783 2822 4820 se
2843 4767 2995 4820 dicat
3017 4771 3121 4820 aut
3149 4766 3444 4820 existimet
3477 4767 3720 4820 mandu-

2068 4860 2200 4898 care
2230 4861 2440 4916 corpus
2472 4862 2689 4912 meum,
2733 4850 2834 4900 aut
2876 4845 3072 4900 bibere
3121 4845 3462 4914 sanguinem
3499 4861 3715 4900 meum.

2066 4922 2190 4978 Non
2223 4924 2416 4994 itaque
2447 4929 2688 4979 manent
2717 4924 2773 4977 in
2799 4924 3048 4990 Christo,
3079 4925 3180 4994 qui
3213 4941 3325 4979 non
3366 4930 3508 4980 sunt
3539 4942 3718 4982 mem-

2067 5005 2168 5059 bra
2197 5004 2345 5071 ejus.
2379 5008 2503 5059 Non
2525 5009 2662 5059 sunt
2689 5010 2886 5059 autem
2923 5008 3190 5060 membra
3245 5006 3480 5074 Christi,
3526 5007 3625 5077 qui
3658 5022 3722 5062 se

2067 5085 2286 5140 iaciunt
2317 5084 2579 5140 membra
2626 5085 2970 5154 meretricis,
3012 5085 3124 5140 nisi
3158 5089 3378 5142 malum
3409 5086 3553 5142 illud
3597 5104 3721 5158 poc-

2136 5387 2336 5453 1_Vind.
2367 5387 2482 5437 Am.
2514 5388 2600 5440 Er.
2641 5403 2754 5438 non
2810 5389 3104 5441 dicendum
3161 5406 3290 5441 eum
3343 5393 3722 5453 manducare;

2067 5451 2284 5514 omisso,
2316 5465 2444 5526 esse.
2475 5453 2596 5502 Mss.
2631 5466 2776 5516 vero,
2824 5467 2939 5504 non
2985 5455 3281 5506 dicendum
3322 5470 3434 5505 esse
3486 5451 3724 5508 mandu-

2063 5527 2190 5563 care
2225 5527 2239 5574 ;
2260 5526 2454 5565 omisso
2484 5529 2631 5566 eum.
