4146 6198
435 323 552 384 743

436 455 675 513 nitendo
705 468 833 510 esse
861 449 1210 517 destiterint,
1242 449 1300 504 et
1324 447 1395 503 ad
1427 446 1535 502 hoc
1557 446 1778 502 bonum
1830 440 2083 500 reconci-

436 539 674 596 liatione
702 533 997 590 redierint.

439 696 666 754 CAPUT
695 693 891 750 XXVI.
945 692 1194 761 —Quid
1220 689 1294 746 sit
1351 689 1411 746 in
1461 687 1822 758 fundamento
1888 686 2093 740 habere

450 809 452 812 ν
510 777 807 844 Christum,
856 778 909 830 et
963 772 1163 846 quibus
1219 772 1547 843 spondeatur
1588 769 1736 824 salus
1783 767 1942 840 quasi
1992 781 2095 838 per

506 860 651 929 ignis
677 861 951 912 usturam.

509 999 559 1051 1.
591 995 700 1051 Sed
749 994 986 1063 habent,
1018 990 1316 1062 inquiunt,
1376 986 1688 1044 Christiani
1719 982 1980 1040 catholici
2031 981 2090 1036 in

437 1077 816 1132 fundamento
837 1075 1145 1140 Christum,
1181 1089 1213 1126 a
1243 1071 1413 1142 cujus
1446 1069 1667 1124 unitate
1697 1083 1810 1122 non
1845 1068 2097 1120 recesse-

440 1164 599 1227 runt,
648 1157 880 1212 tametsi
913 1155 1050 1210 huic
1073 1153 1450 1208 fundamento
1483 1148 2093 1221 superasditicaverunt

439 1239 766 1310 quamlibet
818 1238 1136 1308 pessimam
1195 1234 1397 1298 vitam,
1425 1231 1580 1286 velut
1626 1229 1804 1300 ligna,
1868 1229 2090 1310 fenum,

436 1307 709 1392 stipulam
734 1319 782 1390 (1
805 1307 924 1373 Cor.
949 1333 1034 1383 ιιι,
1061 1316 1149 1380 11,
1183 1315 1266 1382 12)
1301 1330 1313 1368 :
1348 1322 1502 1368 recta
1532 1311 1728 1381 itaque
1755 1310 1896 1392 fides
1928 1307 1969 1376 ί,
1989 1325 2092 1379 per

439 1389 612 1470 quam
671 1389 937 1452 Christus
995 1400 1086 1450 est
1136 1395 1604 1456 fundamentum,
1637 1389 1895 1458 quamvis
1954 1405 2089 1444 cum

437 1482 674 1545 damno,
710 1479 980 1548 quoniam
1012 1476 1112 1530 illa
1142 1492 1270 1542 quae
1291 1472 1748 1543 snperaaditicata
1779 1476 1915 1525 sunt
1948 1487 2088 1524 exu-

438 1567 657 1625 rentur,
684 1568 873 1614 tamen
906 1555 1116 1629 poterit
1139 1572 1238 1609 eos
1269 1554 1620 1623 quandoque
1644 1554 1714 1604 ab
1746 1551 1902 1606 illius
1935 1553 2086 1621 ignis

439 1640 822 1708 perpetuitate
858 1637 1102 1692 salvere.
1134 1632 1503 1703 Respondeat
1531 1632 1616 1686 eis
1648 1630 1898 1684 breviter
1921 1648 2089 1702 apos-

435 1719 590 1773 tolus
616 1719 870 1772 Jacobus
905 1715 997 1770 :Si
1025 1716 1148 1784 quis
1176 1713 1325 1766 dicat
1369 1728 1425 1766 se
1458 1710 1617 1778 ﬁdem
1660 1710 1874 1778 habere,
1917 1728 2084 1782 opera

435 1803 622 1854 autem
652 1811 758 1851 non
791 1797 1007 1860 haheat,
1033 1792 1305 1863 numquid
1322 1793 1526 1862 poterit
1544 1792 1681 1860 ﬁdes
1721 1792 1934 1846 salvere
1964 1808 2089 1846 eum

437 1877 650 1946 (Jacobi
671 1894 735 1944 ιι,
772 1878 856 1945 14)
886 1876 912 1929 ‘l
937 1875 1002 1928 Et
1031 1875 1163 1944 quis
1196 1876 1306 1940 est,
1356 1871 1650 1939 inquiunt,
1684 1871 1754 1926 de
1793 1888 1908 1942 quo
1950 1871 2092 1925 dicit

439 1955 739 2027 apostolus
774 1955 1004 2015 Paulus,
1041 1955 1156 2022 Ipse
1185 1959 1376 2006 autem
1406 1951 1589 2004 salvus
1637 1952 1762 2017 erit,
1794 1955 1876 2006 sic
1908 1958 2091 2006 tamen

440 2040 597 2109 quasi
614 2053 708 2097 per
730 2039 910 2105 ignem
937 2035 978 2103 (l
1016 2035 1141 2088 Cor.
1175 2048 1257 2096 III,
1292 2030 1378 2102 15)
1409 2031 1435 2084 ?
1469 2031 1654 2085 Simul
1699 2036 1830 2102 quis
1854 2031 1962 2086 iste
1992 2033 2088 2098 sit,

438 2118 836 2187 inquiramus:
866 2116 1020 2168 hunc
1047 2120 1241 2166 tamen
1277 2112 1954 2176 nonesse,certissimum
1979 2118 2088 2178 est,

439 2214 510 2252 ne
533 2198 779 2251 duorum
813 2194 1220 2265 Apostolorum
1246 2192 1563 2247 sententias
1587 2192 1890 2246 mittamus
1923 2193 1978 2246 in
2013 2191 2088 2246 ri-

436 2295 594 2346 xam,
631 2279 677 2330 si
715 2294 865 2332 unus
888 2276 1048 2341 dicit,
1066 2274 1477 2328 Etiamsimala
1508 2289 1681 2344 opera
1703 2274 1837 2342 quis
1870 2273 2091 2328 habue-

435 2359 530 2427 rit,
565 2359 814 2413 satvabit
835 2373 967 2411 eum
1005 2357 1148 2410 fides
1199 2369 1299 2424 per
1340 2352 1572 2425 ignem;
1609 2353 1754 2407 alius
1783 2362 2000 2416 autem,
2028 2352 2088 2407 Si

439 2456 614 2510 opera
645 2454 758 2494 non
806 2438 1034 2505 habeat,
1069 2433 1348 2504 numquid
1402 2435 1612 2502 poterit
1669 2433 1812 2489 ﬁdes
1869 2433 2091 2496 salvere

437 2535 568 2574 eum
595 2519 623 2572 ?

500 2600 552 2652 2.
592 2597 960 2654 Inveniemus
992 2613 1124 2668 ergo
1149 2596 1280 2667 quis
1313 2594 1498 2665 possit
1520 2594 1727 2649 salvari
1749 2611 1842 2663 per
1877 2597 2089 2672 ignem,

431 2681 480 2734 si
517 2682 677 2749 prius
707 2677 1094 2734 invenerimus
1117 2677 1254 2747 quid
1279 2677 1352 2730 sit
1374 2675 1586 2729 habere
1616 2675 1673 2729 in
1707 2676 2088 2733 fundamento

432 2759 754 2814 Christum.
790 2760 948 2824 Quod
985 2762 1047 2813 ut
1077 2759 1146 2811 de
1170 2757 1292 2827 ipsa
1323 2754 1712 2810 similitudine
1740 2758 2088 2827 quantocius

434 2837 992 2894 advertamuszNihil
1018 2839 1075 2891 in
1091 2835 1336 2891 aediﬁcio
1362 2835 1718 2908 praeponitur
1741 2837 2086 2893 fundamen-

432 2923 490 2972 to
525 2938 539 2985 ;
574 2918 840 2987 quisquis
862 2917 1062 2987 itaque
1087 2917 1167 2973 sic
1190 2917 1363 2971 habet
1387 2915 1448 2970 in
1479 2917 1650 2972 corde
1680 2916 2000 2986 Christum,
2027 2926 2088 2972 ut

432 2996 483 3051 ei
517 3003 746 3050 terrena
779 3002 834 3050 et
864 2997 1208 3065 temporalia
1244 3011 1346 3050 nec
1378 3010 1443 3048 ea
1475 3012 1602 3066 quas
1634 2995 1791 3051 licita
1839 3002 1978 3051 sunt
2005 3006 2088 3051 at-

436 3091 547 3146 que
579 3090 855 3130 concessa
886 3074 1651 3144 praeponat,fundamentum
1687 3075 1861 3130 habet
1891 3077 2085 3131 Chris-

432 3162 577 3211 tum.
611 3155 668 3210 Si
703 3158 896 3209 autem
931 3153 1350 3225 praeponit,etsi
1372 3155 1635 3210 videatur
1667 3156 1878 3210 habere
1910 3156 2085 3212 fidem

429 3235 666 3302 Christi,
698 3250 814 3291 non
843 3238 929 3291 est
944 3240 1136 3289 tamen
1169 3236 1306 3292 ineo
1327 3236 1770 3293 fundamentum
1797 3235 2084 3306 Christus,

430 3318 520 3374 cui
552 3317 690 3373 talia
721 3323 1176 3389 praeponuntur:
1220 3324 1435 3389 quanto
1471 3317 1674 3388 magis,
1709 3318 1758 3372 si
1809 3317 2088 3374 salutaria

430 3406 712 3471 praecepta
743 3404 1124 3454 contemnens
1172 3401 1501 3456 committat
1531 3398 1751 3466 illicita,
1787 3416 1900 3454 non
1939 3416 2082 3470 pra:-

429 3482 692 3553 posuisse
735 3480 1056 3547 Christum,
1107 3481 1211 3537 sed
1259 3482 1657 3553 postposutsse
1697 3481 2085 3550 convincitur,

427 3580 595 3632 quem
665 3562 1002 3633 posthabuit
1054 3562 1433 3632 imperantem
1479 3561 1600 3615 sive
1648 3562 2083 3630 concedentem,

426 3645 567 3700 dum
594 3649 793 3699 contra
825 3644 953 3713 ejus
985 3642 1267 3713 imperata
1318 3644 1438 3697 sive
1470 3657 1744 3696 concessa
1783 3658 1949 3696 suam
1985 3657 2087 3711 per

426 3724 641 3795 ﬂagitia
671 3723 882 3794 delegit
911 3722 1142 3794 explere
1201 3722 1502 3776 libidinem
1528 3721 1553 3775 Ἰ
1583 3721 1642 3776 Si
1701 3721 1834 3792 quis
1888 3722 2084 3791 itaque

427 3805 782 3860 christianus
797 3802 1556 3875 diligitmeretricem,eique
1580 3801 1880 3857 adhaerens
1899 3818 2080 3857 unum

427 3900 636 3956 corpus
664 3882 912 3939 efficitur
941 3882 1050 3951 (Id.
1078 3897 1154 3950 v1,
1180 3881 1286 3953 16),
1315 3881 1434 3951 jam
1468 3883 1526 3936 in
1559 3880 1941 3937 fundamento
1969 3899 2083 3938 non

425 3963 598 4020 habet
627 3962 949 4019 Christum.
973 3961 1028 4015 Si
1054 3961 1186 4032 quis
1201 3966 1394 4015 autem
1412 3962 1604 4032 diligit
1628 3977 1861 4016 uxorem
1886 3978 2084 4028 suam,

425 4046 473 4101 si
529 4045 848 4101 secundum
915 4042 1208 4098 Christum
1299 4042 1614 4113 (Ephesv,
1673 4041 1787 4113 25),
1841 4043 1971 4114 quis
2030 4046 2081 4098 ei

424 4126 654 4182 dubitet
684 4125 741 4180 in
776 4125 1158 4180 fundamento
1184 4140 1314 4180 esse
1348 4123 1646 4179 Christum
1677 4125 1705 4178 Ῥ
1735 4125 1794 4180 Si
1824 4142 1956 4182 vero
1989 4142 2081 4180 se-

424 4207 685 4262 cundum
722 4207 826 4260 hoc
875 4205 1176 4273 saeculum,
1209 4204 1258 4260 si
1317 4205 1645 4271 carnaliter,
1680 4206 1730 4260 si
1763 4207 1817 4260 in
1880 4206 2082 4262 morbo

425 4286 1050 4356 concupiscentiarum,
1084 4284 1239 4340 sicut
1286 4293 1338 4340 et
1395 4294 1593 4356 gentes
1634 4301 1764 4357 quae
1810 4285 2086 4357 ignorant

424 4366 608 4420 Deum
641 4367 687 4434 (l
723 4365 896 4421 Thess.
933 4382 1007 4431 ιν,
1040 4365 1118 4435 5),
1147 4365 1323 4420 etiam
1358 4364 1466 4420 hoc
1497 4366 1818 4421 secundum
1850 4367 2080 4422 veniam

426 4445 691 4501 consedit
729 4445 1065 4516 Apostolus,
1100 4445 1218 4499 imo
1255 4461 1353 4514 per
1405 4447 1740 4516 Apostolum
1790 4447 2077 4505 Christus.

426 4525 622 4580 Potest
652 4537 787 4596 ergo
810 4529 866 4579 et
894 4523 1005 4579 iste
1027 4523 1240 4578 habere
1263 4525 1320 4578 in
1345 4525 1724 4582 fundamento
1755 4527 2076 4586 Christum.

426 4611 486 4669 Si
518 4609 672 4666 enim
697 4611 746 4666 ei
775 4608 922 4666 nihil
954 4609 1090 4665 talis
1113 4609 1438 4667 affectionis
1467 4613 1896 4684 voluptatisque
1929 4631 2077 4686 prie-

423 4697 621 4766 ponat,
664 4692 932 4764 quamvis
961 4691 1382 4762 superaditicet
1417 4692 1600 4764 ligna,
1633 4695 1852 4763 fenum,
1887 4694 2078 4765 stipu-

423 4776 563 4844 lam,
597 4774 864 4830 Christus
885 4778 970 4830 est
993 4774 1463 4840 fundamentum,
1492 4778 1727 4845 propter
1743 4775 1853 4830 hoc
1884 4774 2080 4832 salvus

423 4858 534 4911 erit
565 4872 666 4926 per
695 4855 906 4926 ignem.
942 4854 1192 4911 Delicias
1249 4854 1465 4926 quippe
1495 4854 1834 4924 hujusinodi
1865 4855 1888 4889 ²
1916 4872 2079 4911 amo-

425 4951 632 5006 resque
662 4939 946 5005 terrenos,
982 4943 1215 5006 propter
1243 4934 1611 5006 conjugalem
1651 4936 1886 5006 quidem
1909 4953 2081 5009 copu-

426 5015 542 5070 lam
579 5032 692 5071 non
722 5016 1108 5080 damnabiles,
1131 5016 1522 5072 tribulationis
1547 5018 1697 5090 ignis
1727 5024 1926 5074 exuret
1957 5036 1970 5075 :
2006 5020 2076 5075 ad

425 5115 595 5169 quem
634 5099 826 5169 ignem
863 5099 1153 5169 pertinent
1184 5102 1241 5153 et
1280 5099 1575 5162 orbitates,
1607 5105 1664 5153 et
1695 5116 2078 5172 quaecumque

425 5179 784 5236 calamitates
813 5195 940 5250 qua
973 5179 1240 5234 auferunt
1289 5178 1427 5234 haec.
1459 5181 1539 5234 Ac
1579 5197 1678 5250 per
1735 5181 1842 5236 hoc
1894 5181 1944 5236 ei
1977 5181 2079 5251 qui

426 5527 437 5538 .
490 5466 621 5515 iEr.
655 5470 708 5516 et
735 5469 880 5538 L_ov.,
932 5469 1066 5532 ﬁdes
1105 5476 1199 5517 est.
1245 5468 1541 5527 Redundat,
1585 5478 1681 5530 est,
1731 5485 1827 5523 nec
1853 5472 2081 5522 habetur

423 5531 479 5576 in
509 5531 900 5579 manuscrintis.

489 5591 510 5625 ³
541 5592 722 5642 Plures
751 5591 893 5653 Hes,
925 5593 1100 5654 hujus
1127 5594 1347 5645 mundi.

1496 313 1598 372 DE
1639 306 2004 372 CIVITATE
2047 303 2201 375 DEI,
2251 308 2317 369 S.
2364 307 2785 372 AUGUSTINI

3721 316 3851 376 744

2197 441 2522 511 aediﬁcavit,
2555 444 2662 500 erit
2689 445 2993 500 aedificatio
3035 444 3151 501 ista
3200 446 3484 504 damnosa
3516 466 3530 518 ς
3567 448 3706 520 quia
3736 465 3851 504 non

2195 523 2433 578 habebit
2462 526 2612 595 quod
2661 526 3165 597 superadiﬁcavit,
3198 533 3257 582 et
3286 543 3489 584 eorum
3533 530 3852 585 amissione

2197 605 2570 672 cruciabitur,
2616 606 2832 676 quibus
2880 607 3120 662 fruendo
3153 609 3351 679 utique
3380 610 3708 664 laetabatur.
3742 609 3857 664 Sed

2200 701 2297 756 per
2339 687 2493 742 hunc
2549 687 2741 758 ignem
2793 687 2989 742 salvus
3039 688 3150 743 erit
3201 691 3405 745 merito
3460 691 3852 752 fundamenti,

2199 765 2337 837 quia
2369 767 2473 820 etsi
2522 774 2719 822 utrum
2752 767 2831 836 id,
2866 785 2938 824 an
2971 767 3265 825 Christum
3310 771 3514 827 habere
3548 771 3777 840 mallet,
3825 790 3858 828 a

2199 851 2567 916 persecutore
2597 853 3017 918 proponeretur
3073 848 3214 904 illud
3274 849 3503 906 Christo
3555 868 3670 906 non
3705 868 3855 922 pras-

2198 931 2532 997 poneretur.
2564 925 2707 981 Vide
2763 928 2820 982 in
2852 929 3111 998 Apostoli
3145 930 3336 986 verbis
3371 931 3668 986 hominem
3709 931 3852 986 aedi-

2195 1004 2471 1059 ﬁcantem
2539 1021 2717 1076 super
2783 1007 3226 1062 fundamentum
3268 1007 3288 1041 ί
3340 1026 3576 1074 aurum,
3634 1026 3852 1082 argen-

2199 1092 2344 1152 tum,
2395 1084 2619 1156 lapides
2672 1088 2997 1156 pretiosos:
3060 1088 3167 1156 Qui
3216 1089 3337 1145 sine
3393 1107 3566 1145 uxore
3609 1097 3711 1157 est,
3759 1091 3854 1145 in-

2199 1165 2344 1235 quit,
2367 1167 2568 1236 cogitat
2592 1181 2716 1238 quae
2742 1172 2875 1222 sunt
2910 1168 3292 1239 Dei,quomodo
3323 1171 3538 1240 placeat
3574 1171 3853 1228 Deo.Vide

2198 1248 2377 1301 alium
2438 1249 2816 1304 aedificantem
2870 1249 3044 1320 ligna,
3107 1251 3327 1319 fenum,
3386 1252 3699 1324 stipulam:
3747 1254 3856 1320 Qui

2195 1333 2383 1382 autem
2422 1329 2779 1384 matrimonio
2813 1331 3044 1399 junctus
3069 1339 3147 1386 est
3179 1374 3192 1401 ,
3225 1333 3436 1404 inquit,
3494 1336 3698 1404 cogitat
3728 1347 3859 1404 qua

2194 1413 2322 1462 sunt
2357 1408 2586 1475 mundi,
2612 1410 2876 1480 quomodo
2903 1413 3118 1482 placeat
3175 1415 3340 1466 uxori
3376 1413 3424 1484 (Ι
3461 1414 3596 1468 Cor.
3629 1429 3727 1481 vii,
3760 1413 3854 1478 32,

2194 1487 2306 1558 33).
2355 1487 2784 1560 Uniuscuiusque
2832 1507 2968 1560 opus
2991 1491 3011 1524 ²
3041 1493 3494 1559 manifestabilur
3522 1492 3677 1547 :dies
3702 1495 3856 1546 enim

2197 1568 2502 1622 declarabit
2531 1585 2552 1630 ;
2585 1571 2708 1624 dies
2739 1571 2939 1640 utique
2971 1571 3367 1626 tribulationis
3397 1573 3419 1606 ³
3461 1578 3756 1644 :quoniam
3790 1572 3854 1628 in

2199 1649 2349 1716 igne,
2383 1649 2595 1719 inquit,
2630 1651 3078 1722 revelabiturUd.
3114 1667 3198 1722 tu,
3234 1652 3634 1723 13).Eamdem
3668 1653 3853 1708 tribu-

2197 1726 2468 1783 lationem
2503 1730 2695 1800 ignem
2715 1738 2899 1796 vocat,
2921 1732 3067 1786 sicut
3097 1732 3235 1787 alibi
3255 1733 3487 1803 legitur,
3514 1733 3646 1788 Vasa
3673 1733 3841 1802 ﬁguli

2194 1808 2387 1876 probat
2417 1811 2625 1876 fornaa:
2653 1815 2702 1866 et
2735 1811 2980 1867 homines
2995 1817 3184 1883 justas
3213 1823 3436 1869 lentatio
3466 1814 3855 1870 tribulationis

2198 1890 2386 1954 (Eccli.
2420 1892 3210 1964 xxvuﬁ).Et,Uniuscuiusque
3229 1911 3362 1964 opus
3383 1894 3552 1966 quale
3579 1898 3672 1958 sit,
3701 1895 3847 1964 ignis

2193 1970 2536 2039 probabit.Si
2565 1975 2722 2042 cujus
2752 1987 2884 2042 Opus
2917 1976 3282 2044 permanserit
3315 1975 3641 2046 (permanet
3688 1977 3841 2030 enim

2197 2053 2346 2119 quod
2383 2052 2630 2121 quisque
2660 2058 2866 2124 cogitat
2892 2070 3015 2124 quas
3067 2061 3205 2108 sunt
3241 2054 3358 2120 Dei,
3393 2057 3686 2126 quomodo
3723 2057 3850 2124 pla-

2197 2135 2320 2183 ceat
2367 2130 2527 2203 Deo),
2561 2132 2700 2202 quod
2721 2133 3204 2202 supersediﬁcavit,
3237 2137 3530 2190 mercedem
3563 2136 3798 2206 accipiet
3829 2154 3850 2193 :

2196 2210 2252 2264 id
2282 2219 2387 2278 est,
2422 2213 2575 2266 unde
2624 2214 2916 2282 cogitavit,
2948 2215 3056 2270 hoc
3087 2227 3292 2271 sumet.
3341 2217 3408 2270 Si
3462 2217 3616 2287 cujus
3647 2223 3846 2271 autem

2193 2305 2330 2360 Opus
2359 2294 2578 2358 arserit,
2615 2293 2877 2348 damnum
2917 2297 3162 2366 patietur
3188 2312 3210 2357 ;
3243 2297 3518 2367 quoniam
3555 2297 3710 2366 quod
3757 2297 3853 2350 di-

2195 2369 2426 2436 lexerat,
2463 2390 2575 2428 non
2621 2373 2878 2429 habebit.
2929 2377 3046 2446 Ipse
3075 2379 3258 2432 autem
3297 2377 3483 2430 salvus
3525 2378 3630 2432 erit
3661 2393 3684 2438 ;
3714 2377 3855 2448 quia

2196 2451 2356 2506 nulla
2382 2469 2512 2507 eum
2537 2455 2835 2510 tribulatio
2866 2457 2935 2510 ab
2958 2456 3114 2512 illius
3139 2457 3502 2511 fundamenti
3533 2457 3858 2512 stabilitate

2197 2533 2373 2586 movit
2407 2549 2420 2586 :
2461 2536 2540 2589 sic
2565 2539 2746 2590 tamen
2769 2537 2928 2607 quasi
2953 2552 3052 2607 per
3082 2536 3258 2608 ignem
3287 2539 3331 2608 (Ι
3366 2538 3486 2592 Cor.
3522 2553 3604 2606 in,
3643 2538 3846 2609 13-15).

2196 2615 2353 2678 Quod
2390 2617 2542 2669 enim
2587 2617 2711 2671 sine
2761 2617 3037 2672 illiciente
3068 2634 3265 2674 amore
3299 2634 3413 2674 non
3455 2619 3679 2686 habuit,
3725 2619 3853 2674 sine

2197 2701 2400 2750 urente
2442 2695 2640 2751 dolore
2700 2714 2813 2753 non
2874 2698 3080 2768 perdit.
3142 2699 3302 2763 Ecce,
3361 2704 3642 2769 quantum
3707 2698 3854 2754 mihi

2197 2775 2444 2844 videtur,
2479 2775 2748 2832 inventus
2770 2783 2858 2832 est
2890 2777 3413 2849 ignis,quinullum
3446 2794 3642 2833 eorum
3679 2783 3846 2834 dam-

2195 2858 2314 2920 net,
2339 2857 2436 2910 sed
2471 2873 2654 2911 unum
2706 2857 2869 2925 ditet,
2920 2856 3163 2913 alterum
3215 2858 3576 2926 damniﬁcet,
3637 2859 3853 2914 ambos

2195 2936 2420 3006 probeL

2264 3015 2316 3068 3.
2352 3016 2410 3069 Si
2439 3021 2635 3072 autem
2687 3017 2885 3088 ignem
2939 3017 3102 3074 illum
3139 3019 3251 3074 isto
3303 3018 3428 3074 loco
3481 3015 3856 3076 voluerimus

2195 3094 2475 3164 accipere,
2508 3097 2579 3152 de
2611 3112 2725 3167 quo
2757 3097 3042 3154 Dominus
3079 3098 3230 3154 dicet
3278 3097 3555 3165 sinistris,
3583 3099 3860 3155 Discedite

2193 3191 2226 3229 a
2257 3190 2363 3241 me,
2387 3176 2666 3232 maledicti
2698 3179 2758 3232 in
2788 3181 2968 3249 ignem
2995 3186 3278 3236 aeternum
3309 3179 3518 3251 (Matth.
3549 3196 3682 3247 xxv,
3712 3181 3804 3246 41)
3840 3195 3855 3246 ;

2196 3262 2253 3308 ιιι
2295 3255 2352 3308 in
2387 3255 2472 3310 eis
2504 3257 2681 3312 etiam
2733 3256 2830 3312 isti
2882 3275 3010 3314 esse
3070 3260 3402 3323 credantur,
3427 3258 3526 3328 qui
3564 3259 3855 3314 aediﬁcant

2193 3351 2371 3405 super
2401 3337 2846 3393 fundamentum
2879 3339 3058 3410 ligna,
3114 3341 3336 3406 fenum,
3394 3339 3689 3411 stipulam,
3722 3356 3852 3395 eos-

2194 3430 2305 3485 que
2335 3431 2402 3470 ex
2423 3415 2520 3471 illo
2553 3417 2686 3488 igne
2726 3424 2852 3490 post
2883 3425 3112 3491 tempus
3155 3437 3256 3492 pro
3289 3419 3462 3475 malis
3501 3419 3722 3476 meritis
3748 3421 3856 3474 im-

2193 3495 2468 3561 pertitum
2501 3497 2706 3553 liberet
2747 3500 2882 3554 boni
2935 3500 3205 3555 meritum
3257 3501 3620 3556 fundamenti
3657 3515 3671 3555 :
3707 3499 3849 3571 quid

2191 3577 2610 3632 arbitrabimur
2641 3580 2865 3635 dextros
2898 3582 3108 3652 quibus
3152 3582 3399 3649 dicetur,
3435 3581 3639 3648 Venite,
3676 3582 3844 3638 bene-

2189 3654 2328 3710 dicti
2338 3657 2520 3712 Patris
2537 3662 2644 3714 mei
2650 3661 2930 3730 ,possidete
2951 3665 3210 3732 paratum
3226 3663 3377 3718 vobis
3398 3679 3630 3731 regnum
3645 3662 3819 3734 (Ibid.
3838 3704 3854 3731 ,

2188 3738 2302 3808 34),
2337 3740 2447 3795 nisi
2478 3757 2576 3796 eos
2599 3741 2694 3813 qui
2727 3743 3160 3798 saditicaverunt
3189 3760 3366 3813 super
3395 3744 3852 3798 fundamentum

2191 3837 2419 3888 aurum,
2451 3829 2779 3894 argentum,
2813 3824 3034 3896 lapides
3069 3825 3352 3894 pretiosos
3382 3823 3410 3878 ?
3441 3825 3549 3881 Sed
3584 3827 3643 3879 in
3676 3824 3845 3879 illum

2189 3901 2405 3974 ignem,
2428 3903 2628 3975 dequo
2655 3905 2874 3960 dictum
2901 3912 3005 3973 est,
3028 3908 3104 3960 sic
3125 3911 3304 3961 tamen
3336 3908 3496 3978 quasi
3522 3921 3620 3976 per
3641 3908 3853 3975 ignem,

2191 3981 2239 4036 si
2290 3981 2397 4038 hoc
2446 3985 2618 4040 modo
2669 3990 2757 4040 est
2803 3985 3241 4056 intelligendus,
3303 3986 3531 4057 utrique
3575 3987 3853 4042 mittendi

2190 4069 2350 4131 sunt,
2376 4069 2434 4120 et
2464 4066 2647 4121 dextri
2689 4066 2923 4134 scilicet,
2958 4072 3014 4122 et
3055 4067 3293 4122 sinistri.
3329 4067 3432 4122 Illo
3464 4068 3678 4139 quippe
3710 4069 3846 4138 igne

2191 4145 2423 4215 utrique
2456 4145 2736 4217 probandi
2763 4152 2920 4211 sunt,
2947 4148 3016 4202 de
3048 4164 3161 4219 quo
3181 4146 3400 4202 dictum
3429 4152 3535 4212 est,
3558 4149 3679 4202 Dies
3701 4149 3850 4202 enim

2190 4224 2776 4298 dectarabit,quoniam
2806 4228 2868 4282 in
2889 4226 3014 4298 igne
3044 4227 3464 4295 revelabitur,et
3492 4229 3852 4299 uniuscujus-

2191 4319 2293 4374 que
2323 4321 2455 4376 Opus
2485 4306 2646 4376 quale
2673 4309 2766 4376 sit,
2785 4308 2930 4377 ignis
2981 4308 3234 4379 probabit
3281 4307 3329 4377 (Ι
3360 4308 3482 4364 Cor.
3538 4321 3619 4372 ιιι,
3653 4307 3764 4377 l3).
3789 4301 3853 4362 Si

2190 4405 2325 4460 ergo
2359 4393 2666 4460 utrumque
2723 4389 2989 4460 probabit
3038 4388 3208 4461 ignis,
3267 4395 3334 4444 ut
3385 4389 3434 4444 si
3487 4389 3650 4459 cujus
3707 4405 3858 4460 opus

2191 4470 2598 4541 permanserit,
2633 4469 2687 4523 id
2723 4478 2829 4537 est,
2871 4486 2984 4525 non
3019 4469 3193 4524 fuerit
3223 4471 3358 4542 igne
3398 4476 3847 4542 consumptum,

2192 4550 2348 4620 quod
2381 4548 2882 4620 supermdiﬂcavit,
2908 4551 3230 4606 mercedem
3264 4550 3513 4623 accipiat
3547 4569 3563 4620 ;
3596 4551 3646 4607 si
3680 4552 3850 4620 cujus

2191 4635 2386 4685 autem
2419 4647 2566 4702 opus
2617 4631 2846 4699 arserit,
2908 4631 3188 4686 damnum
3251 4631 3554 4703 patiatur:
3592 4632 3852 4703 profecto

2191 4727 2305 4766 non
2330 4715 2418 4766 est
2450 4711 2572 4783 ipse
2599 4715 2850 4767 aeternus
2879 4711 2978 4766 ille
3025 4711 3200 4783 ignis.
3246 4711 3308 4766 In
3341 4711 3510 4767 illum
3544 4712 3705 4767 enim
3739 4709 3852 4767 soli

2188 4793 2410 4848 sinistri
2443 4792 2762 4850 novissima
2793 4797 2850 4849 et
2882 4799 3161 4866 perpetua
3201 4793 3575 4850 damnatione
3600 4794 3846 4850 mitten-

2250 5100 2267 5133 ί
2481 5114 2648 5162 super
2677 5101 3114 5161 fundamentum
3153 5102 3264 5150 hoc.
3313 5102 3494 5157 Abest.
3531 5103 3648 5158 hoc.
3685 5115 3717 5152 a
3741 5113 3850 5152 ma-

2184 5165 2624 5297 nussfiiiiﬁiéaqi,
2684 5225 2969 5297 veteribus
2992 5226 3144 5276 libris
3190 5227 3586 5297 dissentientes,
3619 5230 3845 5297 addunt,

2223 5285 2519 5352 uatesitL
2556 5287 2763 5352 Necnon
2833 5289 3084 5338 continuo
3154 5292 3290 5352 post,
3365 5285 3848 5352 manifestabitur,

2185 5302 2343 5397 gnate
2397 5302 2487 5334 sit.
2556 5302 2763 5336 necnon
2833 5302 3084 5338 continuo
3154 5302 3290 5352 post,
3365 5302 3847 5352 manifestabitur,

2186 5349 2415 5428 habent,
2630 5349 3068 5428 {nimii-Domini
3120 5353 3432 5428 (declarabit
3473 5366 3485 5398 :
3544 5369 3652 5428 quo
3732 5355 3847 5404 loco

2185 5425 2311 5479 vox,
2343 5411 2604 5479 Domini,
2637 5426 2744 5461 non
2789 5417 2870 5462 est
2917 5415 2974 5462 in
3012 5416 3388 5478 manuscriptis
3415 5428 3513 5465 nec
3557 5411 3614 5465 in
3659 5429 3846 5479 graeco

2185 5475 2334 5522 textu
2374 5473 2625 5536 Apostoli.

2192 5537 2450 5647 la:'ViIild.
2482 5538 2598 5587 An.
2653 5539 2707 5587 et
2751 5537 2855 5596 Er.,
2905 5539 3035 5588 Dies
3082 5541 3276 5603 utique
3323 5541 3461 5605 irae,
3505 5541 3621 5590 dies
3675 5541 3852 5592 tribu-

2271 5614 2358 5647 ion
2391 5614 2434 5647 s.

2211 5607 2358 5648 ation
2368 5607 2434 5650 is.
