4146 6198
357 293 475 353 745

354 435 469 492 tur,
502 427 613 483 iste
643 429 839 482 autem
869 425 1098 481 dextros
1135 424 1352 494 probat.
1383 424 1491 480 Sed
1527 424 1672 480 alios
1695 441 1895 480 eorum
1927 426 2012 482 sic

358 508 588 580 probat,
623 513 685 562 ut
713 507 1018 562 aadiﬁcium
1051 505 1200 577 quod
1235 522 1411 577 super
1452 505 1748 561 Christum
1809 507 2011 561 funda-

358 592 621 644 mentum
646 587 715 642 ab
730 589 811 642 eis
833 585 1113 641 invenerit
1133 601 1259 640 esse
1275 590 1698 653 constructum,
1727 603 1839 640 non
1870 603 2008 642 exu-

355 675 448 724 rat
477 673 652 738 atque
684 672 993 722 consumat
1026 683 1040 721 :
1073 666 1214 721 alios
1248 672 1442 721 autem
1490 668 1676 728 aliter,
1708 668 1764 723 id
1807 674 1915 735 est,
1950 670 2010 723 ut

356 750 507 820 quod
542 748 1175 818 superasdiﬁcaverunt,
1219 748 1665 809 ardeat,damnu
1678 765 1850 820 mque
1872 748 2010 803 inde

356 831 683 901 patiantur;
720 827 860 884 salvi
897 829 1040 882 {iant
1068 834 1282 897 autem,
1316 831 1588 900 quoniam
1623 829 1914 884 Christum
1948 829 2008 883 in

356 911 737 966 fundamento
769 909 1052 964 stabiliter
1079 909 1330 978 positum
1353 909 1697 980 praecellenti
1728 911 2009 966 charitate

353 989 748 1046 tenuerunt.Si
778 998 971 1044 autem
1006 987 1146 1042 salvi
1183 989 1343 1050 fient,
1380 991 1634 1059 profecto
1678 995 1734 1044 et
1769 990 1838 1044 ad
1871 994 2008 1045 dex-

353 1077 537 1127 teram
570 1071 1052 1130 stabunl,etcum
1085 1070 1309 1124 caeteris
1324 1071 1585 1132 audient,
1627 1072 1826 1136 Venite,
1851 1072 2007 1126 bene-

355 1152 493 1207 dicti
521 1151 703 1206 Patris
727 1151 1129 1218 mei,possidete
1150 1155 1406 1220 paratum
1425 1153 1574 1206 vobis
1606 1168 1835 1222 regnum
1857 1170 1876 1206 :
1893 1167 2006 1206 non

356 1234 426 1288 ad
461 1234 780 1300 sinistram,
808 1231 903 1286 ubi
932 1231 1014 1284 illi
1051 1235 1246 1298 erunt,
1283 1231 1381 1302 qui
1413 1232 1554 1286 salvi
1590 1249 1703 1287 non
1736 1238 1925 1300 erunt,
1954 1238 2010 1287 et

356 1313 484 1368 ideo
527 1312 786 1372 audient,
838 1311 1115 1366 Discedite
1143 1328 1177 1365 a
1219 1327 1328 1380 me,
1383 1312 1684 1378 maledicti,
1717 1315 1773 1366 in
1823 1312 2010 1380 ignem

355 1398 649 1448 elernum.
684 1391 866 1448 Nemo
917 1391 1133 1463 quippe
1175 1395 1190 1427 ί
1237 1393 1307 1446 ab
1359 1391 1454 1447 illo
1486 1394 1620 1464 igne
1669 1393 2005 1453 salvabitur,

357 1473 494 1546 quia
565 1473 624 1527 in
684 1473 1034 1542 supplicium
1098 1483 1376 1528 internum
1438 1475 1609 1529 ibunt
1667 1473 1744 1528 illi
1803 1489 2008 1528 omnes

357 1553 570 1625 (Matth.
603 1569 733 1613 xxv,
762 1554 876 1620 46),
912 1552 1010 1606 ubi
1042 1554 1253 1608 vermis
1300 1571 1501 1609 eorum
1545 1572 1658 1610 non
1705 1556 2005 1622 morietur,

357 1641 412 1690 et
444 1633 596 1706 ignis
628 1651 741 1688 non
775 1632 1175 1700 exstinguetur
1205 1633 1360 1702 (lsai.
1400 1652 1546 1700 va1,
1579 1635 1693 1705 24),
1728 1651 1843 1706 quo
1873 1651 2007 1689 cru-

358 1715 666 1778 ciabuntur
697 1713 790 1768 die
822 1729 887 1768 ac
919 1719 1087 1768 nocte
1117 1713 1174 1767 in
1206 1713 1418 1769 saacula
1441 1715 1788 1770 saeculorum
1821 1715 2004 1785 (Apoc.

359 1813 451 1860 xx,
485 1795 595 1866 10).

431 1876 483 1928 4.
518 1878 651 1929 Post
681 1874 850 1930 istius
881 1890 1020 1929 sane
1042 1875 1302 1946 corporis
1327 1879 1597 1942 mortem,
1628 1877 1808 1931 donec
1838 1876 1908 1931 ad
1940 1875 2008 1930 il-

359 1955 482 2011 lum
514 1956 800 2024 veniatur,
829 1956 929 2026 qui
961 1960 1089 2026 post
1112 1958 1555 2012 resurectionem
1582 1973 1890 2027 corporum
1926 1957 2008 2012 fu-

356 2045 519 2090 turus
567 2040 656 2090 est
687 2034 1076 2091 damnationis
1106 2041 1162 2090 et
1210 2035 1706 2091 remunerationis
1761 2036 2008 2090 ultimus

357 2115 502 2182 dies,
536 2115 586 2170 si
618 2115 725 2170 hoc
759 2115 1037 2184 temporis
1078 2115 1375 2169 intervallo
1425 2115 1665 2178 spiritus
1704 2116 2006 2169 defuncto-

357 2213 486 2251 rum
537 2197 825 2266 ejusmodi
861 2198 1054 2265 ignem
1097 2195 1373 2251 dicuntur
1405 2195 1650 2267 perpeti,
1683 2211 1853 2265 quem
1892 2211 2008 2250 non

361 2277 617 2330 sentiant
663 2275 746 2330 illi
797 2276 891 2345 qui
951 2292 1066 2329 non
1125 2275 1458 2330 habuerunt
1513 2276 1657 2331 tales
1705 2293 1895 2332 mores
1952 2280 2010 2331 et

361 2372 588 2411 amores
635 2355 692 2410 in
747 2357 923 2425 hujus
972 2355 1231 2426 corporis
1278 2358 1416 2420 vita,
1463 2361 1527 2412 ut
1572 2373 1774 2412 eorum
1824 2357 2010 2428 ligna,

360 2438 584 2504 fenum,
619 2436 835 2507 stipula
867 2445 1288 2505 consumatur;
1323 2437 1419 2491 alii
1461 2453 1592 2493 vero
1624 2438 1882 2493 sentiant
1912 2436 2011 2506 qui

359 2516 651 2588 ejusmodi
684 2533 885 2572 secum
917 2517 1163 2572 aediﬁcia
1193 2522 1587 2589 portaverunt,
1619 2520 1738 2573 sive
1770 2519 1848 2573 ibi
1881 2523 2011 2574 tan-

358 2603 511 2665 tum,
539 2598 660 2653 sive
681 2602 732 2652 et
766 2597 859 2652 hic
891 2603 946 2653 et
973 2596 1072 2663 ibi,
1105 2597 1224 2652 sive
1257 2598 1386 2653 ideo
1415 2598 1509 2653 hic
1543 2604 1605 2652 ut
1639 2616 1750 2654 non
1784 2598 1884 2664 ibi,
1910 2615 2014 2653 sae-

359 2678 583 2734 cularia
604 2678 646 2746 2,
691 2678 954 2747 quamvis
987 2695 1021 2732 a
1060 2678 1436 2734 damnatione
1485 2679 1731 2734 venialia
1770 2695 2013 2734 concre-

359 2765 612 2816 mantem
647 2760 842 2828 ignem
874 2759 1228 2814 transitoria
1258 2759 1656 2815 tribulationis
1688 2761 2010 2827 inveniant,

360 2856 474 2894 non
543 2839 842 2909 redarguo,
903 2839 1038 2909 quia
1097 2838 1338 2894 forsitan
1398 2856 1592 2895 verum
1644 2844 1752 2894 est.
1814 2841 2014 2894 Potest

361 2920 578 2991 quippe
635 2919 706 2972 ad
761 2919 932 2972 istam
995 2917 1430 2973 tribulationem
1491 2920 1781 2989 pertinere
1833 2919 2011 2974 etiam

354 3002 487 3072 ipsa
539 3015 692 3054 mors
725 2997 939 3064 carnis,
972 3015 1099 3069 qua;
1152 3000 1222 3054 de
1253 3000 1474 3069 peccati
1507 2999 1681 3070 primi
1716 3009 2010 3069 perpetra-

356 3082 515 3138 tione
538 3085 818 3152 concepta
843 3084 954 3146 est,
981 3085 1043 3134 ut
1064 3086 1382 3135 secundum
1405 3081 1689 3152 cujusque
1710 3080 2010 3137 aediﬁcium

355 3167 594 3233 tempus
626 3161 781 3232 quod
827 3177 955 3216 eam
991 3161 1254 3232 sequitur
1284 3162 1354 3216 ab
1400 3177 1754 3233 unoquoque
1795 3162 2014 3217 sentia-

357 3247 478 3299 tur.
521 3241 966 3297 Persecutiones
998 3257 1228 3311 quoque
1259 3241 1468 3312 quibus
1503 3249 1780 3314 martyres
1805 3243 1824 3276 ³
1856 3258 2012 3298 coro-

359 3325 484 3379 nati
515 3326 674 3387 sunt,
708 3326 765 3377 et
785 3337 933 3392 quas
967 3321 1269 3392 patiuntur
1291 3322 1652 3391 quicumque
1674 3321 2010 3382 Christiani.

361 3405 614 3477 probant
646 3407 891 3473 utraque
921 3402 1166 3457 aedificia
1203 3401 1361 3455 velut
1405 3403 1582 3471 ignis,
1623 3407 1680 3456 et
1729 3401 1842 3455 alia
1881 3417 2016 3456 con-

359 3488 608 3541 sumunt
643 3499 776 3538 cum
829 3482 973 3552 ipsis
1023 3481 1499 3549 aedificatoribus,
1531 3481 1576 3533 si
1613 3479 1908 3535 Christum
1957 3480 2016 3534 in

361 3567 452 3622 eis
481 3581 594 3620 non
641 3563 952 3619 inveniunt
993 3563 1436 3618 fundamentum
1471 3579 1486 3630 ;
1526 3560 1639 3616 alia
1671 3563 1798 3616 sine
1854 3562 2017 3630 ipsis,

363 3652 419 3709 si
451 3650 775 3716 inveniunt,
827 3650 988 3720 quia,
1041 3649 1170 3703 licet
1201 3665 1335 3703 cum
1387 3649 1622 3713 damno,
1671 3647 1812 3702 salvi
1847 3651 2020 3702 erunt

362 3732 483 3803 ipsi
515 3746 528 3797 :
559 3730 671 3784 alia
701 3746 832 3785 vero
857 3747 970 3785 non
997 3733 1372 3791 consumunt,
1403 3729 1537 3798 quia
1559 3729 1698 3784 talia
1723 3729 2022 3799 reperiunt

365 3828 500 3882 quae
533 3817 811 3865 maneant
840 3811 898 3864 in
930 3815 1212 3865 aeternum
1245 3809 1288 3863 ⁴.
1322 3809 1442 3864 Erit
1481 3811 1657 3866 etiam
1685 3810 1740 3863 in
1774 3810 1886 3863 fine
1917 3825 2022 3864 sas-

368 3892 487 3946 culi
545 3889 843 3945 tribulatio
897 3895 1157 3960 tempore
1205 3889 1571 3954 Antichristi,
1623 3889 1816 3960 qualis
1868 3906 2022 3943 nun-

374 3987 556 4042 quam
588 3975 757 4026 antea
797 3971 924 4026 fuit.
961 3974 1144 4036 Quam
1180 3971 1363 4024 multa
1387 3977 1562 4024 erunt
1590 3975 1730 4024 tune
1757 3971 2021 4031 mdiﬁcia,

375 4055 499 4108 sive
531 4067 730 4116 aurea,
763 4050 880 4106 sive
922 4051 1087 4105 fenea
1118 4067 1294 4122 super
1339 4051 1626 4120 optimum
1673 4051 2023 4104 fundamen-

373 4137 530 4198 tum,
562 4132 715 4202 quod
750 4136 834 4186 est
875 4131 1141 4186 Christus
1172 4133 1366 4199 .lesus,
1419 4135 1484 4185 ut
1515 4130 1668 4200 ignis
1701 4130 1796 4186 ille
1829 4131 2028 4198 probet

376 4218 649 4285 utraque,
677 4219 730 4267 et
762 4212 833 4266 de
862 4212 992 4266 aliis
1021 4212 1331 4281 gaudium,
1366 4214 1434 4267 de
1465 4212 1596 4267 aliis
1619 4213 1832 4266 inierat
1862 4213 2026 4266 dam-

377 4310 515 4350 num
544 4313 558 4360 ;
587 4300 822 4348 neutros
846 4299 1041 4348 tamen
1064 4294 1270 4363 perdat
1291 4292 1348 4346 in
1373 4293 1586 4363 quibus
1610 4292 1730 4348 haec
1752 4293 2025 4359 inveniet,

378 4382 614 4446 propter
643 4372 850 4428 stabile
881 4374 1352 4428 fundamentum.
1399 4373 1765 4444 Quicumque
1807 4378 2026 4441 autem,

379 4473 495 4512 non
530 4455 657 4510 dico
710 4471 969 4523 uxorem,
1003 4455 1172 4524 cujus
1219 4456 1394 4509 etiam
1441 4455 1856 4511 commixtione
1903 4472 2028 4510 car-

381 4538 475 4593 nis
503 4537 572 4591 ad
617 4535 908 4591 carnalem
951 4535 1132 4590 utitur
1187 4536 1566 4604 voluptatem,
1603 4536 1703 4590 sed
1735 4535 1860 4606 ipsa
1901 4552 2028 4608 qua

380 4619 454 4672 ab
488 4615 826 4684 huiusmodi
868 4615 1352 4671 delectationibus
1395 4614 1582 4674 aliena
1630 4623 1767 4669 sunt
1798 4616 2034 4671 nomina

382 4697 636 4769 pietatis,
671 4697 926 4752 humano
977 4712 1136 4751 more
1183 4696 1489 4751 carnaliter
1547 4695 1845 4766 diligendo
1877 4697 2034 4750 Chri-

383 4782 478 4834 sto
537 4776 864 4847 anteponit,
933 4791 1045 4833 non
1102 4791 1232 4831 eum
1292 4774 1465 4830 habet
1524 4776 1584 4830 in
1635 4775 2032 4844 fundamento,

449 5042 468 5076 ί
502 5039 648 5096 Lov.,
677 5038 845 5086 Nemo
866 5037 1070 5100 quippe
1097 5051 1308 5088 eorum.
1338 5037 1517 5093 Abest,
1549 5050 1759 5092 eorum,
1784 5034 1852 5086 ab
1879 5034 2038 5085 editis

387 5102 511 5152 aliis
541 5103 595 5150 et
624 5101 892 5150 manuscri
898 5101 1021 5163 ptis.

448 5164 472 5198 2
504 5164 756 5212 Beraldus
788 5163 843 5211 in
874 5162 969 5213 suo
997 5162 1174 5212 codice
1205 5164 1466 5219 emendat,
1493 5163 1724 5211 seclusa.

452 5230 474 5262 3
532 5226 618 5276 Sic
669 5229 875 5275 veteres
944 5226 1083 5274 libri.
1148 5228 1215 5274 At
1269 5227 1412 5286 editi,
1470 5235 1520 5275 et
1581 5225 1881 5273 secundum
1939 5237 2040 5271 eu-

374 5291 590 5353 jusque
638 5288 954 5353 aedi/icium
1013 5297 1253 5348 tempore
1301 5304 1404 5353 suo
1460 5288 1536 5353 ab,
1583 5301 1909 5353 unoquoque
1930 5300 2044 5353 su-

390 5348 592 5412 saepta.
650 5348 897 5400 Possunt
941 5360 991 5400 et
1030 5351 1438 5413 persecutiones
1494 5348 2042 5411 Ecclesiaefquibus

391 5425 692 5463 martyres.

454 5477 477 5510 ι
527 5470 684 5540 Vind.
742 5478 856 5524 Am.
907 5479 960 5526 et
987 5478 1091 5534 Er.,
1142 5477 1276 5540 quia
1331 5475 1455 5524 licet
1498 5491 1623 5524 cum
1655 5477 1859 5540 damno
1896 5470 2042 5540 salvi

394 5547 561 5588 erunt
597 5555 614 5588 :
658 5539 764 5601 ipsi
813 5555 926 5587 non
976 5534 1389 5602 consuinentur,
1437 5547 1666 5599 propter
1728 5537 1933 5602 Christi
1969 5534 2044 5581 ri-

393 5602 873 5716 ?elicettemeritum
907 5603 965 5650 in
999 5601 1440 5662 fundamentum
1470 5603 1693 5664 reperti,
1725 5601 1828 5665 qui
1857 5604 2047 5648 manet

420 5679 459 5715 η
486 5680 549 5715 ae
605 5679 798 5714 rnum.

420 5679 459 5715 η
486 5671 798 5715 aeternum.

720 5752 991 5816 Paraon.
1040 5754 1194 5818 XLI.

1537 287 1770 350 LIBER
1813 287 2231 351 VlGESlMUS
2275 290 2594 352 PRIMUS.

3650 298 3766 357 746

2123 431 2179 482 et
2210 427 2335 483 ideo
2380 445 2492 484 non
2528 445 2627 499 per
2657 429 2850 500 ignem
2884 427 3080 484 salvus
3112 429 3240 498 erit,
3274 431 3376 487 sed
3407 431 3598 488 salvus
3652 449 3765 488 non

2117 510 2247 575 erit,
2280 512 2420 581 quia
2458 527 2585 566 esse
2631 526 2764 565 cum
2797 509 3098 565 Salvatore
3140 528 3253 566 non
3288 513 3514 580 poterit,
3548 512 3644 585 qui
3696 513 3768 568 de

2120 588 2228 646 hac
2259 608 2318 646 re
2375 590 2742 662 apertissime
2784 589 3026 661 loquens
3071 590 3172 658 ait,
3215 591 3320 657 Qui
3375 601 3524 647 amat
3550 597 3767 663 patrem

2117 673 2219 724 aut
2266 679 2499 726 matrem
2545 670 2671 740 plus
2699 687 2866 739 quam
2909 685 3011 737 me,
3043 686 3154 725 non
3203 675 3280 724 est
3310 687 3396 725 me
3427 670 3668 739 dignus:
3714 674 3768 727 et

2117 749 2215 819 qui
2243 754 2394 804 amat
2444 750 2624 804 ﬁlium
2678 757 2772 803 aut
2819 749 2998 818 ﬁliam
3044 765 3207 819 super
3249 766 3356 817 me,
3390 765 3497 803 non
3547 754 3626 804 est
3682 766 3770 805 me

2116 830 2314 901 dignus
2345 829 2558 898 (Matth.
2594 847 2648 892 κ,
2673 830 2783 898 37).
2817 828 3026 884 Verum
3053 831 3153 901 qui
3177 829 3283 884 has
3306 830 3768 885 necessitudines

2117 909 2197 965 sic
2225 915 2385 965 amat
2423 909 2749 976 carnaliter,
2784 914 2847 962 ut
2877 917 3066 964 tamen
3113 926 3210 964 eas
3249 910 3479 964 Christo
3520 909 3768 966 Domino

2119 1009 2233 1046 non
2270 997 2582 1062 priaponat,
2609 991 2886 1061 malitque
2924 991 3069 1060 ipsis
3092 1007 3284 1045 carere
3306 1007 3481 1061 quam
3518 990 3764 1060 Christo,

2117 1073 2163 1126 si
2199 1071 2271 1127 ad
2303 1071 2459 1126 hunc
2511 1072 2677 1126 fuerit
2711 1070 3018 1126 articulum
3071 1070 3409 1126 temtationis
3449 1072 3763 1142 adductus,

2118 1169 2218 1222 per
2255 1153 2452 1224 ignem
2502 1151 2700 1208 salvus
2729 1154 2836 1208 erit
2870 1168 2883 1205 :
2917 1151 3057 1222 quia
3099 1167 3166 1206 ex
3197 1168 3398 1206 earum
3451 1152 3768 1209 amissione

2119 1240 2344 1288 tantum
2377 1249 2614 1288 necesse
2643 1238 2731 1287 est
2781 1237 2908 1286 urat
2947 1231 3132 1297 dolor,
3181 1237 3471 1302 quantum
3523 1234 3768 1288 haeserat

2119 1329 2301 1367 amor.
2337 1313 2510 1367 Porro
2543 1313 2642 1382 qui
2693 1316 2940 1382 patrem,
2976 1317 3242 1377 matrem,
3277 1311 3449 1378 filios,
3500 1311 3647 1367 ﬁlias
3677 1329 3768 1367 se-

2118 1395 2378 1450 cundum
2410 1394 2705 1449 Christum
2739 1393 3025 1461 dilexerit,
3056 1397 3118 1447 ut
3147 1394 3217 1448 ad
3244 1394 3369 1462 ejus
3394 1409 3637 1464 regnum
3672 1393 3768 1448 ob-

2119 1473 2423 1530 tinendum
2457 1473 2627 1544 eique
2647 1472 3055 1528 cobaarendum
3081 1474 3196 1528 illis
3227 1474 3518 1538 consulat,
3545 1474 3630 1529 vel
3658 1474 3766 1529 hoc

2118 1558 2176 1610 in
2210 1558 2293 1612 eis
2325 1555 2551 1625 diligat,
2587 1556 2740 1626 quod
2777 1557 3040 1609 membra
3071 1559 3212 1611 sunt
3241 1554 3478 1620 Christi,
3510 1555 3664 1609 absit
3702 1561 3767 1609 ut

2117 1639 2232 1693 ista
2260 1637 2493 1692 dilectio
2545 1636 2864 1706 reperiatur
2910 1637 2968 1690 in
3018 1635 3215 1705 lignis,
3267 1636 3397 1690 feno
3448 1641 3505 1690 et
3549 1635 3767 1706 stipula

2117 1717 2536 1781 consumenda,
2570 1717 2668 1770 sed
2706 1732 2944 1785 prorsus
2976 1714 3215 1769 aadiﬁcio
3237 1731 3432 1780 aureo,
3466 1721 3763 1786 argenteo,

2117 1813 2376 1867 gemmeo
2432 1796 2829 1867 deputabitur.
2864 1795 3163 1859 Quomodo
3205 1804 3399 1850 autem
3432 1799 3625 1864 potest
3667 1810 3766 1850 eos

2118 1879 2252 1948 plus
2298 1892 2494 1931 amare
2554 1892 2727 1944 quam
2786 1874 3083 1930 Christum
3144 1891 3290 1946 quos
3348 1879 3506 1930 amat
3564 1875 3769 1946 utique

2119 1961 2355 2026 propter
2385 1955 2678 2010 Christum
2703 1955 2804 2025 (a).

2120 2142 2348 2198 CAPUT
2376 2141 2611 2198 XXVII.
2646 2173 2713 2182 —
2755 2141 2962 2196 Contra
2990 2157 3177 2196 eorum
3219 2141 3632 2212 persuasionem
3673 2141 3771 2212 qui

2190 2227 2388 2294 putant
2415 2221 2526 2278 sibi
2558 2238 2666 2278 non
2696 2223 2966 2292 obfutura
3005 2230 3255 2292 peccata,
3289 2222 3349 2276 in
3379 2220 3595 2291 quibus,
3645 2236 3770 2275 cum

2192 2306 2560 2375 eleemosynas
2595 2305 2863 2370 facerent,
2892 2304 3268 2373 perstiterunt.

2196 2473 2244 2522 1.
2278 2471 2474 2523 Restat
2504 2469 2586 2521 eis
2617 2466 2985 2537 respondere,
3021 2465 3116 2536 qui
3158 2467 3359 2521 dicunt
3391 2470 3603 2521 aeterno
3634 2464 3771 2536 igne

2121 2548 2255 2604 illos
2287 2547 2685 2602 tantummodo
2717 2562 2966 2613 arsuros,
3001 2546 3098 2616 qui
3125 2562 3223 2614 pro
3255 2544 3504 2615 peccatis
3535 2545 3658 2601 suis
3692 2545 3771 2599 fa-

2123 2645 2251 2684 cere
2281 2630 2488 2699 dignas
2535 2627 2936 2698 eleemosynas
2983 2626 3309 2696 negligunt,
3364 2629 3596 2694 propter
3624 2623 3771 2678 illud

2123 2711 2277 2782 quod
2311 2710 2391 2765 ait
2448 2707 2748 2779 apostolus
2795 2707 3046 2762 Jacobus
3073 2723 3086 2760 :
3117 2707 3396 2762 Iudicium
3425 2715 3608 2760 autem
3651 2704 3775 2759 sine

2123 2789 2501 2845 misericordia
2532 2789 2626 2843 illi
2656 2789 2750 2857 qui
2779 2803 2885 2842 non
2923 2789 3059 2854 fecit
3096 2785 3530 2841 misericordiam
3562 2782 3773 2854 (Jacobi

2125 2888 2188 2938 II,
2224 2871 2331 2940 13).
2367 2868 2473 2934 Qui
2505 2883 2637 2940 ergo
2670 2867 2822 2932 fecit,
2856 2866 3156 2937 inquiunt,
3189 2864 3451 2936 quamvis
3482 2879 3596 2917 non
3647 2878 3773 2916 cor-

2125 2951 2336 3006 rexerit
2383 2949 2640 3020 perditos
2701 2963 2912 3014 mores,
2973 2947 3072 3000 sed
3132 2945 3349 3000 nefarie
3397 2960 3462 2998 ac
3514 2942 3775 3013 nequiter

2125 3032 2278 3085 inter
2307 3032 2467 3100 ipsas
2497 3046 2636 3084 suas
2675 3028 3076 3099 eleemosynas
3123 3026 3348 3094 vixerit,
3383 3041 3518 3080 cum
3553 3024 3777 3079 miseri-

2125 3110 2324 3166 cordia
2352 3109 2437 3164 illi
2484 3110 2748 3164 futurum
2789 3111 2875 3163 est
2899 3107 3214 3177 judicium,
3251 3110 3316 3161 ut
3346 3111 3447 3161 aut
3473 3121 3585 3160 non
3619 3106 3778 3158 dam-

2126 3195 2300 3246 netur
2330 3189 2590 3257 omnino,
2625 3197 2723 3243 aut
2763 3191 2894 3259 post
2933 3187 3170 3258 aliquod
3209 3191 3443 3257 tempus
3475 3203 3505 3238 a
3537 3185 3774 3239 damna-

2126 3272 2284 3326 tione
2321 3269 2641 3324 novissima
2672 3267 2972 3321 liberetur.
3006 3267 3120 3320 Nec
3143 3265 3216 3320 ob
3258 3267 3415 3320 aliud
3442 3265 3778 3319 existimant

2127 3349 2424 3405 Christum
2457 3348 2527 3400 de
2558 3347 2681 3400 solo
2710 3345 2924 3399 dilectu
2954 3349 3124 3413 atque
3154 3342 3420 3412 neglectu
3453 3343 3778 3410 eleemosy-

2131 3443 2338 3482 narum
2369 3426 2775 3480 discretionem
2809 3424 2957 3477 inter
2977 3425 3238 3476 dexteros
3267 3427 3323 3475 et
3348 3422 3616 3476 sinistros
3649 3435 3779 3474 esse

2135 3509 2446 3571 facturum,
2477 3520 2728 3575 quorum
2761 3501 2907 3556 alios
2947 3502 3005 3556 in
3041 3517 3306 3571 regnum,
3338 3499 3482 3555 alios
3514 3500 3571 3553 in
3626 3515 3778 3569 sup-

2135 3587 2372 3658 plicium
2409 3585 2600 3638 mittat
2632 3589 2936 3638 aeternum.
2971 3584 3257 3635 Utautem
3295 3580 3636 3650 quotidiana
3667 3577 3778 3658 sibi

2135 3657 2467 3738 opinentur,
2502 3680 2622 3733 qua:
2657 3664 2842 3718 facere
2873 3661 3112 3716 omnino
3142 3677 3256 3714 non
3288 3665 3534 3722 cessant,
3562 3657 3781 3727 qualia-

2136 3762 2391 3817 cumque
2440 3750 2497 3800 et
2528 3753 2998 3814 quantacumque
3041 3741 3182 3810 sint,
3233 3755 3334 3812 per
3379 3739 3778 3808 eleemosynas

2137 3829 2352 3884 dimitti
2387 3841 2558 3897 posse
2591 3829 2841 3892 peccata,
2879 3825 3197 3878 orationem
3231 3836 3397 3889 quam
3432 3821 3627 3874 docuit
3655 3819 3780 3889 ipse

2143 3910 2440 3973 Dominus,
2469 3913 2524 3961 et
2556 3904 3017 3974 suifragatricem
3053 3901 3157 3956 sibi
3181 3900 3453 3955 adbibere
3474 3904 3783 3962 conantur,

2139 3996 2196 4046 et
2223 3994 2455 4043 testem.
2505 3989 2670 4042 Sicut
2702 3987 2856 4040 enim
2908 3983 3104 4038 nullus
3156 3987 3266 4046 est,
3310 3981 3608 4052 inquiunt,
3641 3979 3785 4042 dies,

2141 4087 2254 4141 quo
2287 4087 2319 4124 a
2349 4068 2698 4124 Christianis
2731 4067 2851 4121 haec
2884 4065 3064 4121 oratio
3099 4080 3212 4118 non
3247 4062 3506 4117 dicatur:
3543 4060 3620 4113 ita
3651 4056 3789 4141 nul-_-

2142 4137 2258 4206 lum
2292 4155 2382 4204 est
2404 4148 2808 4218 quotidianum
2833 4146 3260 4216 qualecumque
3286 4147 3606 4211 peccatum,
3632 4137 3788 4208 quod

2143 4248 2241 4302 per
2272 4230 2435 4284 illam
2487 4245 2603 4283 non
2649 4227 2999 4293 dimittatur,
3051 4241 3185 4280 cum
3232 4223 3506 4286 dicimus,
3568 4219 3791 4273 Dimitte

2142 4311 2299 4366 nobis
2328 4309 2506 4363 debita
2554 4314 2793 4370 nostra;
2825 4306 2874 4362 si
2905 4306 3059 4376 quod
3101 4307 3367 4375 sequitur
3399 4303 3584 4356 facere
3623 4313 3793 4353 cure-

2145 4406 2300 4456 mus,
2353 4391 2494 4444 sicul
2547 4396 2598 4442 et
2666 4402 2763 4442 nos
2815 4386 3141 4440 dimittimus
3197 4381 3531 4438 debitoribus
3586 4379 3792 4432 nostris

2149 4470 2357 4542 (Matth.
2391 4485 2466 4538 vx,
2501 4469 2612 4530 12).
2644 4469 2766 4522 Non
2817 4465 2972 4521 enim
3025 4466 3105 4520 ait
3146 4463 3456 4529 Dominus,
3493 4459 3792 4542 inquiunt,

2146 4539 2205 4609 Si
2255 4551 2596 4607 dimiseritis
2654 4553 2888 4620 peccata
2943 4546 3302 4612 hominibus,
3347 4542 3602 4599 dimittet
3633 4539 3796 4620 vobis

2148 4634 2316 4689 Pater
2345 4638 2535 4687 vester
2555 4618 2889 4701 quotidiana
2913 4643 3091 4698 parva
3113 4631 3347 4697 peccata
3368 4619 3602 4701 vestra,1
3631 4639 3645 4686 ;
3670 4618 3798 4701 sed,

2149 4715 2388 4770 dimittet
2435 4696 2608 4779 vobis,
2669 4710 2884 4781 inquit,
2914 4696 3149 4778 peccata
3196 4712 3382 4760 vestra
3439 4700 3644 4786 (Ibid,
3685 4696 3797 4784 id),

2151 4797 2609 4862 Qualiscumque
2641 4806 2777 4860 ergo
2810 4788 2892 4842 vel
2917 4795 3384 4862 quantacumque
3404 4782 3545 4862 sint.
3569 4782 3801 4862 etiamsi

2153 4851 2405 4946 quotidie
2457 4851 2889 4943 perpetrantur,
2918 4851 3022 4920 nec
3055 4865 3126 4946 ab
3177 4865 3260 4916 eis
3291 4851 3408 4914 vita
3452 4851 3802 4946 discedant2

2153 4938 2214 5010 in
2247 4938 2859 5013 melius-commutata,
2889 4962 2988 5016 per
3019 4945 3449 5013 eleemosynam
3473 4938 3652 4994 venias
3684 4951 3801 4991 non

2155 5042 2373 5106 negatas
2405 5030 2648 5089 remittit
2678 5031 2790 5085 sibi
2831 5043 2998 5099 posse
3029 5028 3408 5098 praesumunt.

2225 5332 2238 5364 ί
2273 5327 2449 5383 Abest,
2483 5331 2680 5380 vestra,
2710 5321 2768 5370 in
2798 5320 3064 5370 codicibus
3095 5316 3318 5383 nostris._
3341 5313 3406 5363 M.

2224 5390 2244 5423 ²
2273 5371 2619 5437 Sicinelioris
2646 5371 2804 5434 notae
2832 5385 2952 5432 Mss.
2986 5385 3054 5431 At
3081 5382 3227 5434 editi,
3259 5376 3502 5426 discedat
3526 5388 3537 5423 :
3567 5375 3622 5422 et
3649 5371 3808 5428 intra,

2160 5469 2257 5516 per
2287 5454 2690 5516 eleemos_y_:i.am
2724 5447 3024 5516 penia_non
3055 5451 3276 5516 negata:
3307 5443 3405 5490 etc.
3443 5500 3499 5516 Μ
3559 5502 3602 5516 Α
3634 5498 3666 5516 Π

2226 5496 2479 5575 (ai-Cont.
2509 5496 2600 5559 lib.
2621 5511 2697 5575 de
2727 5510 2850 5558 Mor.
2874 5509 3062 5558 Eccles.
3097 5496 3323 5562 Cathol.,
3357 5517 3410 5551 n.
3440 5500 3520 5554 63.
3553 5502 3606 5548 et
3633 5498 3726 5547 lib.
3749 5496 3814 5544 de

2161 5573 2290 5627 Ver.
2314 5577 2496 5637 Relig.,
2527 5588 2579 5622 n.
2611 5573 2672 5622 86
2700 5575 2754 5622 et
2772 5585 2918 5634 seqq.

2977 5726 3486 5808 (Viam-quave.)
