4146 6198
372 315 492 379 747

433 453 489 507 2.
541 451 648 507 Sed
681 450 843 513 bene,
876 446 1027 517 quod
1061 444 1158 500 isti
1189 443 1399 516 dignas
1425 459 1526 514 pro
1559 441 1810 514 peccatis
1849 455 2012 496 com-

365 536 606 590 monent
653 530 1050 599 eleemosynas
1081 541 1208 581 esse
1251 525 1590 579 faciendas:
1644 522 1920 594 quoniam
1964 520 2013 575 si

369 614 630 667 dicerent
658 610 1114 679 qualescumque
1135 605 1532 676 eleemosynas
1557 619 1655 672 pro
1689 601 1936 671 peccatis
1958 604 2017 654 et

369 685 730 761 quotidianis
761 692 815 741 et
866 686 1092 756 magnis
1120 691 1178 740 et
1221 690 1694 752 quantacumque
1732 679 2014 761 scelerum

371 758 798 826 consuetudine
837 763 1297 821 misericordiam
1334 779 1502 831 posse
1533 764 1845 832 impetrare
1875 758 2016 813 divi-

371 866 523 916 nam,
547 855 610 903 ut
631 864 698 903 ea
720 847 1062 918 quotidiana
1083 844 1349 900 remissio
1377 848 1733 913 sequeretur,
1756 842 2018 894 viderent

368 947 489 986 rem
516 947 576 985 se
606 928 796 984 dicere
817 927 1132 982 absurdam
1175 931 1347 996 atque
1379 922 1703 978 ridiculam.
1740 921 1828 974 Sic
1858 921 2014 974 enim

369 1015 716 1083 cogerentur
730 1009 890 1064 fateri
919 1009 1037 1064 fieri
1059 1023 1248 1077 posse,
1267 1012 1330 1061 ut
1343 1003 1824 1076 opulentissimus
1839 1003 2009 1056 homo

368 1095 568 1150 decem
603 1091 931 1146 nummulis
953 1091 1179 1146 diurnis
1203 1091 1258 1144 in
1292 1088 1689 1157 eleemosynas
1711 1084 2016 1153 impensis,

370 1173 710 1240 homicidia,
741 1178 797 1228 et
829 1172 1135 1238 adulteria,
1164 1176 1219 1225 et
1251 1169 1471 1224 nefaria
1493 1183 1736 1238 qumque
1759 1169 1910 1220 facta
1933 1181 2019 1219 re-

371 1256 642 1311 dimeret.
675 1253 837 1316 Quod
875 1253 924 1308 si
955 1253 1448 1307 absurdissimum
1485 1259 1537 1302 et
1569 1248 2015 1302 insanissimum

370 1342 458 1392 est
490 1335 680 1391 dicere
714 1351 726 1388 :
778 1336 1033 1405 profecto
1067 1335 1112 1387 si
1166 1338 1481 1403 quaeratur,
1516 1346 1641 1399 quas
1683 1330 1866 1393 dignae
1898 1328 2020 1381 sint

374 1432 478 1486 pro
513 1415 763 1486 peccatis
821 1413 1184 1481 elemosynae,
1237 1415 1307 1466 de
1338 1413 1553 1482 quibus
1601 1412 1774 1463 etiam
1806 1407 2016 1462 Christi

376 1511 700 1565 prmcursor
735 1494 837 1548 ille
884 1494 1130 1557 dicebat,
1183 1494 1370 1547 Facite
1400 1507 1523 1562 ergo
1570 1493 1781 1560 fructus
1829 1487 2021 1558 dignos

375 1579 709 1648 ptenitentiae
739 1575 947 1643 (Matth.
997 1592 1080 1641 ιιι,
1112 1575 1205 1643 8);
1243 1574 1436 1644 procul
1479 1573 1656 1625 dubio
1699 1586 1810 1624 non
1860 1570 2015 1622 inve-

377 1657 616 1709 nientur
641 1671 738 1708 eas
769 1656 972 1719 facere,
1008 1653 1104 1722 qui
1141 1655 1315 1706 vitam
1352 1668 1516 1705 suam
1555 1665 1740 1719 usque
1771 1649 1839 1701 ad
1876 1661 2023 1700 mor-

377 1739 493 1790 tem
526 1733 1000 1803 quotidianorum
1034 1730 1341 1785 criminum
1382 1730 1804 1800 perpetratione
1834 1726 2022 1780 confo-

378 1814 548 1869 diunt
569 1812 669 1882 (a).
706 1811 984 1876 Primum,
1014 1810 1153 1880 quia
1184 1809 1243 1863 in
1266 1808 1596 1863 auferendis
1620 1809 1792 1861 rebus
1813 1804 2022 1859 alienis

376 1895 548 1964 longe
579 1894 748 1964 plura
777 1891 1079 1962 diripiunt,
1111 1907 1178 1944 ex
1220 1889 1437 1960 quibus
1473 1897 1782 1960 perexigua
1809 1901 2025 1956 paupe-

378 1975 542 2028 ribus
605 1971 924 2042 largiendo,
985 1971 1279 2026 Christum
1350 1986 1411 2024 se
1468 1969 1540 2023 ad
1603 1970 1707 2022 hoc
1791 1980 2025 2037 pascere

379 2052 734 2115 existimant,
771 2057 834 2103 ut
879 2050 1175 2104 licentiam
1229 2049 1664 2102 malefactorum
1715 2048 1787 2100 ab
1821 2046 1918 2098 illo
1960 2061 2024 2098 se

380 2132 608 2198 emisse,
643 2131 724 2183 vel
759 2131 1016 2200 quotidie
1040 2130 1230 2198 potius
1253 2145 1442 2183 emere
1479 2131 1802 2188 credentes,
1834 2125 2024 2180 securi

384 2211 742 2266 damnabilis
774 2219 934 2263 tanta
965 2212 1356 2264 committant.
1391 2209 1496 2273 Qui
1525 2209 1572 2262 si
1614 2224 1712 2275 pro
1755 2223 1869 2260 uno
1903 2222 2025 2259 sce-

385 2294 503 2346 lere
534 2293 732 2345 omnia
762 2309 868 2344 sua
891 2291 1306 2344 distribuerent
1328 2291 1722 2352 indigentibus
1749 2287 2026 2340 membris

386 2373 621 2438 Christi,
655 2373 765 2424 nisi
815 2371 1161 2425 desisterent
1191 2391 1221 2424 a
1271 2371 1484 2424 talibus
1517 2370 1706 2430 factis,
1761 2367 2028 2420 habendo

384 2458 748 2517 charitatein,
784 2471 910 2521 quae
945 2470 1056 2506 non
1093 2452 1213 2522 agit
1245 2469 1537 2521 perperam
1570 2451 1618 2520 (ι
1656 2450 1775 2504 Cor.
1801 2465 1918 2515 xiii,
1953 2447 2029 2517 4),

381 2535 602 2605 aliquid
638 2549 722 2586 eis
779 2534 1050 2603 prodesse
1084 2549 1194 2586 nun
1233 2543 1446 2600 posset.
1480 2532 1584 2594 Qui
1639 2547 1771 2600 ergo
1821 2531 2031 2598 dignas

384 2633 484 2683 pro
508 2617 629 2668 suis
657 2614 908 2683 peccatis
932 2621 1332 2680 eleeniosynas
1359 2615 1511 2676 facit,
1541 2615 1698 2682 prius
1723 2628 1818 2665 eas
1847 2615 2032 2663 tacere

380 2700 619 2765 incipiat
644 2697 658 2730 ι
684 2713 716 2748 a
747 2712 807 2748 se
833 2698 981 2762 ipso.
1008 2697 1315 2756 indignum
1349 2704 1436 2747 est
1457 2709 1635 2756 enim,
1667 2700 1727 2745 ut
1750 2694 1804 2744 in
1832 2708 1892 2745 se
1917 2706 2032 2743 non

381 2777 556 2829 faciat
597 2777 697 2845 qui
725 2776 858 2828 facit
893 2777 950 2828 in
979 2776 1325 2844 proximum,
1354 2789 1485 2828 cum
1513 2775 1710 2826 audiat
1746 2771 2032 2824 dicentem

380 2854 715 2916 Dominum,
749 2855 957 2922 Diliges
985 2857 1474 2924 proximumtuum
1495 2864 1757 2924 tanquam
1785 2856 1835 2904 te
1859 2865 2032 2919 ipsum

393 2933 600 3001 (Matth.
625 2948 761 2996 XXII,
779 2933 1041 2998 39).Item
1062 2950 1172 3004 que
1188 2934 1404 2996 audiat,
1422 2933 1676 2987 Miserere
1697 2936 1809 2986 tua:
1833 2932 2039 2985 animae

393 3013 615 3083 placens
647 3013 750 3065 Deo
774 3013 968 3082 (Eccli.
991 3029 1119 3078 xxx,
1151 3013 1261 3076 24).
1288 3013 1448 3067 Hanc
1489 3013 1938 3081 eleemosynam,
1981 3008 2036 3062 id

397 3099 507 3155 est,
523 3098 586 3146 ut
609 3091 724 3146 Deo
744 3093 1108 3161 placeat,non
1128 3093 1347 3148 faciens
1362 3093 1566 3148 animm
1591 3109 1735 3157 suae,
1752 3090 2039 3162 quomodo

399 3173 607 3244 dignas
639 3187 742 3242 pro
776 3173 1028 3240 peccatis
1059 3171 1183 3227 suis
1213 3171 1614 3243 eleemosynas
1647 3173 1830 3226 facere
1852 3172 2042 3225 dicen-

395 3253 506 3306 dus
545 3252 683 3306 est?
713 3253 792 3305 Ad
829 3253 935 3306 hoc
979 3252 1135 3307 enim
1167 3257 1225 3307 et
1267 3252 1404 3306 illud
1439 3252 1718 3322 scriptum
1758 3256 1845 3306 est
1879 3267 1891 3305 :
1937 3251 2043 3318 Qui

395 3331 506 3387 sibi
538 3331 820 3403 malignus
849 3345 946 3399 est,
1001 3335 1093 3388 cui
1123 3333 1294 3388 bonus
1335 3335 1442 3388 erit
1483 3333 1579 3404 (td.
1615 3349 1727 3400 xiv,
1760 3333 1811 3396 5)
1835 3330 1862 3384 ?
1901 3330 2040 3385 Ora.

397 3415 584 3469 tiones
615 3415 826 3485 quippe
869 3414 1149 3483 adjuvant
1178 3414 1579 3485 eleemosynae.
1614 3415 1680 3468 Et
1715 3413 1909 3483 utique
1959 3415 2042 3466 in-

393 3496 671 3550 tuendum
704 3501 794 3549 est
824 3495 979 3565 quod
1012 3495 1296 3566 legimus:
1330 3496 1457 3562 Fili,
1499 3495 1750 3564 peccasti,
1782 3511 1852 3547 ne
1896 3492 2040 3560 adji-

397 3578 513 3630 cias
542 3576 770 3640 iterum,
802 3585 852 3630 et
879 3581 945 3630 de
970 3576 1270 3646 prateritis
1297 3575 1616 3643 deprecare,
1650 3579 1707 3628 ut
1725 3573 1826 3629 tibi
1854 3573 2042 3627 dimit-

393 3660 591 3718 tantur
634 3656 734 3723 (Id.
764 3673 880 3724 χιιι,
935 3658 1007 3725 1).
1045 3657 1282 3726 Propter
1331 3657 1438 3710 hoc
1486 3671 1622 3726 ergo
1671 3655 2044 3722 eleemusynaa

399 3737 679 3790 facienda
706 3748 865 3803 sunt,
900 3742 962 3790 ut
993 3753 1124 3790 cum
1151 3737 1221 3790 de
1245 3737 1548 3806 preteritis
1582 3733 1825 3805 peccatis
1851 3737 2046 3802 depre-

393 3833 617 3885 camur,
647 3821 1054 3888 exaudiamur,
1106 3835 1221 3874 non
1254 3824 1318 3874 ut
1367 3819 1423 3873 in
1474 3819 1556 3872 eis
1588 3820 2044 3886 perseverantes,

393 3896 689 3953 licentiam
738 3898 1141 3954 malefaciendi
1178 3916 1283 3954 nos
1318 3915 1416 3968 per
1457 3897 1856 3968 eleemosynas
1887 3911 2045 3950 com-

397 3995 601 4048 parare
648 3979 982 4035 credamus.

467 4059 519 4114 3.
557 4061 685 4116 Ideo
734 4069 925 4117 autem
963 4061 1242 4116 Dominus
1290 4064 1346 4116 et
1394 4061 1612 4115 dextris
1653 4059 2051 4129 eleemosynas

399 4141 472 4194 ab
514 4141 598 4195 eis
640 4141 839 4210 factas,
872 4149 924 4197 et
953 4141 1210 4197 sinistris
1242 4158 1356 4196 non
1409 4141 1588 4196 tactas
1637 4156 1698 4195 se
1730 4139 2050 4210 imputatu-

400 4237 530 4276 rum
589 4237 716 4278 esse
758 4223 1039 4294 praedixit,
1088 4227 1152 4278 ut
1191 4222 1329 4278 hinc
1370 4222 1702 4278 ostenderet
1760 4223 2048 4291 quantum

397 4301 628 4356 valeant
658 4302 1040 4374 eleemosyna:
1072 4303 1141 4356 ad
1170 4302 1361 4372 priora
1382 4301 1646 4366 delenda,
1682 4315 1795 4354 non
1820 4299 1891 4354 ad
1927 4313 2053 4368 per-

398 4390 571 4450 petua
625 4383 864 4449 impune
910 4383 1335 4438 committenda
1367 4387 1622 4452 peccata.
1657 4379 1825 4435 Tales
1857 4383 2052 4433 autem

401 4460 798 4530 eleemosynas
827 4479 943 4516 non
976 4462 1203 4516 dicendi
1238 4471 1373 4517 sunt
1402 4463 1587 4516 facere
1615 4463 1712 4531 qui
1745 4461 1919 4514 vitam
1951 4474 2053 4513 no-

400 4537 527 4594 lunt
556 4557 589 4594 a
637 4542 1068 4597 consuetudine
1109 4542 1393 4598 scelerum
1427 4543 1485 4598 in
1545 4543 1756 4598 melius
1787 4556 2053 4598 commu-

399 4625 542 4676 tare.
577 4621 718 4685 Quia
752 4629 808 4676 et
839 4623 897 4678 in
933 4624 1036 4679 hoc
1067 4626 1220 4694 quod
1249 4624 1350 4693 ait,
1384 4623 1609 4692 Quando
1639 4626 1742 4677 uni
1770 4639 1839 4678 ea:
1867 4622 2052 4676 mini-

399 4703 502 4758 mis
541 4704 677 4758 meis
707 4719 816 4760 non
853 4707 1080 4774 fecistis,
1116 4706 1254 4760 mihi
1286 4722 1392 4760 non
1433 4703 1638 4771 fecistis
1669 4703 1884 4773 (Matth.
1920 4718 2048 4768 xxv,

403 4784 534 4854 45);
569 4785 826 4840 ostendit
848 4801 947 4842 eos
972 4803 1084 4841 non
1115 4789 1298 4842 facere
1324 4785 1497 4840 etiam
1525 4785 1756 4854 quando
1781 4800 1840 4837 se
1874 4784 2054 4838 facere

405 4865 774 4920 existimant.
829 4865 888 4921 Si
935 4870 1089 4922 enim
1151 4867 1452 4920 Chistiano
1509 4865 1787 4920 esurienti
1847 4879 2052 4934 panem

409 4951 684 5016 tanquam
732 4948 1102 5003 Christiano2
1134 4949 1361 5014 darent,
1397 4949 1670 5018 profecto
1701 4945 1808 5000 sibi
1843 4961 2052 5016 panem

399 5035 665 5106 justitie,
708 5039 863 5108 quod
913 5038 1039 5108 ipse
1087 5039 1353 5094 Christus
1404 5045 1512 5107 est,
1559 5054 1674 5094 non
1724 5040 2051 5108 negarent:

402 5121 676 5189 quoniam
709 5119 883 5188 Deus,
936 5135 1051 5174 non
1081 5119 1176 5172 cui
1217 5119 1405 5182 detur,
1441 5119 1538 5174 sed
1572 5135 1687 5189 quo
1722 5120 1916 5174 animo
1951 5116 2056 5172 de-

468 5477 482 5512 1
521 5473 703 5524 Plures
730 5473 872 5530 Mss,
906 5472 1123 5530 incipit.

466 5535 490 5570 ²
517 5537 602 5586 Sic
629 5550 813 5586 omnes
843 5538 962 5586 Mss.
995 5534 1134 5584 Editi
1167 5547 1311 5588 vero,
1343 5542 1632 5597 tanquam.
1665 5534 1899 5586 Christo.

472 5601 540 5662 (α)
572 5600 720 5650 Cant.
750 5599 845 5650 lib.
873 5598 937 5650 22
964 5602 1106 5651 cont.
1137 5598 1313 5648 Faust.
1343 5598 1570 5650 Manlch.
1601 5611 1715 5663 cap.
1747 5597 1828 5650 29.

1424 305 1526 369 DE
1567 301 1934 369 CIVITATE
1977 301 2128 382 DEI,
2177 301 2240 363 S.
2286 302 2708 366 AUGUSTINI

3651 298 3771 361 ’148

2120 442 2237 504 tur,
2285 440 2550 495 attendit.
2592 440 2698 505 Qui
2745 457 2879 510 ergo
2910 441 3210 498 Christum
3243 441 3438 514 diligit
3480 440 3540 496 in
3572 441 3772 499 Chris-

2119 519 2300 586 tiano,
2351 519 2459 575 hoc
2517 521 2712 575 animo
2773 524 2824 576 ei
2885 523 3126 594 porrigit
3166 521 3598 595 eleemosynam
3657 538 3775 595 quo

2119 600 2342 655 accedit
2373 602 2443 654 ad
2480 600 2800 668 Christum,
2833 619 2946 657 non
2981 620 3097 674 quo
3127 601 3252 657 vult
3284 604 3548 658 recedere
3575 603 3773 675 impu-

2121 679 2280 735 nitus
2312 698 2345 734 a
2366 680 2617 736 Christo.
2651 683 2830 736 Tanto
2861 683 3018 738 enim
3053 685 3238 755 magis
3275 685 3528 754 quisque
3559 684 3778 738 deserit

2120 759 2439 826 Christum,
2499 771 2716 831 quanto
2775 764 2962 834 magis
3022 763 3216 834 diligit
3265 765 3419 836 quod
3487 764 3777 836 improbat

2121 842 2414 897 Christus.
2449 842 2589 897 Nam
2642 845 2780 914 quid
2824 845 3096 915 cuiquam
3148 847 3411 916 prodest,
3444 847 3597 916 quod
3632 847 3776 914 bap-

2119 922 2347 989 tizatur,
2381 924 2429 976 si
2463 939 2576 978 non
2619 923 3031 994 justiticatur?
3061 925 3268 980 Nonne
3297 926 3393 996 qui
3441 926 3604 994 dixit,
3655 925 3778 982 Nisi

2121 1005 2243 1073 quis
2275 1008 2502 1059 renatus
2545 1006 2718 1075 fuerit
2746 1021 2819 1059 ea:
2866 1022 3012 1076 aqua
3051 1009 3104 1061 et
3150 1007 3365 1075 Spiritu
3411 1007 3630 1072 Sancto,
3664 1021 3777 1061 non

2122 1084 2361 1138 intrabit
2400 1085 2460 1138 in
2495 1101 2729 1154 regnum
2758 1085 2854 1140 Dei
2882 1085 3060 1155 (Joan.
3097 1101 3183 1151 in,
3207 1088 3263 1156 5)
3291 1103 3306 1154 ;
3340 1087 3462 1157 ipse
3478 1086 3654 1142 etiam
3684 1086 3780 1141 di-

2121 1167 2225 1231 xit,
2259 1165 2372 1218 Nisi
2403 1165 2764 1221 abundaverit
2795 1165 3018 1234 iustitia
3050 1175 3224 1222 vestra
3253 1183 3417 1236 super
3456 1167 3776 1222 Scribarum

2123 1252 2173 1298 et
2203 1244 2628 1309 Pharisworum,
2680 1262 2790 1300 non
2824 1247 3111 1301 intrabitis
3142 1246 3200 1302 in
3252 1265 3479 1318 regnum
3509 1250 3772 1302 calorum

2126 1326 2349 1392 (Matth.
2384 1342 2437 1391 v,
2479 1327 2616 1394 20)?
2644 1325 2759 1382 Cur
2795 1326 2936 1381 illud
2987 1329 3252 1382 timendo
3303 1329 3471 1382 multi
3531 1331 3776 1383 currunt

2126 1405 2419 1474 baptizari,
2471 1414 2526 1460 et
2560 1406 2667 1461 hoc
2717 1423 2829 1462 non
2881 1407 3140 1462 timendo
3186 1425 3298 1462 non
3351 1409 3518 1462 multi
3569 1416 3774 1462 curant

2119 1485 2480 1555 justificari?
2510 1485 2670 1540 Sicut
2713 1503 2848 1558 ergo
2897 1504 3011 1541 non
3035 1487 3174 1542 dicit
3215 1489 3380 1542 fratri
3422 1506 3550 1556 suo,
3582 1490 3770 1554 Fatue,

2125 1567 2222 1636 qui
2273 1583 2401 1621 cum
2433 1566 2540 1622 hoc
2589 1567 2748 1635 dicit,
2785 1584 2894 1622 non
2945 1568 3057 1639 ipsi
3090 1569 3454 1636 fraternitati,
3508 1570 3607 1624 sed
3645 1585 3772 1637 pec-

2127 1654 2252 1700 cato
2277 1648 2400 1714 ejus
2430 1647 2695 1702 infensus
2749 1653 2856 1713 est,
2888 1647 3144 1719 alioquin
3181 1665 3314 1703 reus
3344 1649 3452 1704 erit
3493 1649 3770 1720 gehennae

2125 1725 2280 1796 ignis
2312 1727 2503 1795 (Ibid.,
2535 1728 2627 1798 22)
2662 1745 2674 1782 :
2712 1727 2789 1782 ita
2821 1745 2850 1783 e
2874 1727 3184 1794 contrario,
3213 1729 3309 1796 qui
3346 1729 3608 1800 porrigit,
3633 1729 3778 1783 elec-

2129 1824 2431 1878 mosynam
2465 1809 2812 1870 Christiano,
2850 1827 2961 1864 non
3006 1811 3336 1865 Christiano
3383 1810 3642 1880 porrigit,
3676 1809 3777 1880 qui

2127 1904 2240 1942 non
2287 1889 2344 1942 in
2403 1904 2469 1943 eo
2519 1889 2706 1961 diligit
2761 1889 3096 1956 Christum;
3153 1906 3268 1944 non
3324 1896 3520 1944 autem
3581 1890 3778 1959 diligit

2128 1967 2449 2035 Christum,
2501 1969 2600 2039 qui
2639 1970 2946 2038 justificari
3009 1976 3238 2024 recusat
3286 1969 3342 2024 in
3409 1969 3662 2024 Christo.
3711 1969 3780 2025 Et

2130 2050 2628 2118 quemadmodum
2664 2051 2707 2104 si
2737 2052 2867 2121 quis
2893 2057 3328 2121 praeoccupatus
3352 2052 3524 2104 fuerit
3548 2051 3654 2104 hoc
3684 2050 3781 2104 ds-

2130 2132 2286 2194 liclo,
2323 2136 2384 2184 ut
2424 2132 2585 2185 fratri
2637 2148 2741 2185 suo
2774 2131 2946 2200 dicat,
2998 2133 3189 2199 Fatue,
3246 2133 3298 2186 id
3331 2138 3438 2198 est,
3489 2148 3601 2186 non
3651 2132 3780 2200 eius

2135 2219 2423 2282 peccatum
2449 2212 2644 2267 volens
2667 2215 2896 2268 auferre
2917 2213 3269 2267 convicietur
3291 2214 3538 2282 injuste;
3572 2228 3773 2283 parum

2135 2299 2224 2345 est
2272 2293 2352 2346 illi
2403 2294 2472 2347 ad
2526 2293 2633 2347 hoc
2675 2293 3078 2348 redimendum
3130 2293 3523 2364 eleemosynas
3570 2295 3782 2357 lacere,

2135 2372 2244 2426 nisi
2280 2372 2450 2427 etiam
2484 2375 2635 2444 quod
2670 2373 2745 2428 ibi
2782 2374 3048 2444 sequitur
3089 2373 3410 2429 remedium
3446 2373 3783 2428 reconcilia-

2136 2453 2310 2506 tionis
2398 2455 2700 2524 adjungat.
2763 2454 2882 2514 Ibid
2939 2455 3091 2508 enim
3153 2456 3415 2525 sequitur
3467 2471 3478 2508 :
3543 2453 3604 2507 Si
3658 2469 3785 2520 ergo

2135 2535 2297 2605 offers
2323 2534 2336 2565 ¹
2368 2551 2566 2588 munus
2587 2542 2741 2590 tuum
2764 2535 2834 2589 ad
2852 2535 3050 2598 altare,
3075 2545 3124 2589 et
3147 2535 3228 2589 ibi
3249 2537 3565 2589 recordatus
3587 2538 3786 2600 fueris,

2136 2633 2268 2686 quia
2296 2622 2469 2681 [mter
2499 2629 2622 2670 tuus
2657 2618 2811 2670 habet
2841 2615 3059 2686 aliquid
3101 2617 3392 2670 adversum
3431 2625 3501 2680 te,
3533 2614 3792 2684 relinque

2139 2700 2217 2750 ibi
2252 2713 2448 2749 munus
2480 2705 2638 2752 tuum
2671 2697 2746 2749 ad
2775 2697 2950 2750 altare
2969 2705 3018 2750 et
3051 2696 3202 2762 vade,
3236 2698 3394 2762 prius
3427 2696 3790 2749 reconciliare

2137 2776 2309 2844 fratri
2337 2783 2449 2844 tuo,
2481 2782 2532 2830 et
2561 2786 2691 2831 tunc
2726 2777 2946 2830 veniens
2967 2777 3155 2846 oﬂeres
3185 2791 3390 2830 munus
3417 2785 3570 2829 tuum
3601 2773 3792 2842 (Ibid.,

2139 2857 2229 2922 23,
2269 2859 2381 2924 24).
2433 2856 2510 2911 Ita
2563 2873 2764 2927 parum
2823 2865 2906 2911 est
2964 2857 3362 2928 eleemosynas
3395 2855 3788 2926 quantaslibet

2147 2939 2332 2991 facere
2366 2954 2467 3007 pro
2510 2953 2880 3008 quocumque
2919 2938 3156 3004 scelere,
3181 2943 3239 2991 et
3277 2936 3336 2993 in
3368 2935 3792 2992 consuetudine

2145 3017 2456 3082 scelerum,
2490 3035 2851 3090 permanere.

2215 3097 2266 3153 4.
2326 3098 2519 3154 Oratio
2567 3115 2701 3152 vero
2767 3098 3128 3169 quotidiana,
3185 3113 3363 3168 quam
3421 3097 3615 3152 docuit
3669 3095 3797 3166 ipse

2147 3179 2428 3233 Dominus
2468 3178 2509 3247 ³,
2564 3179 2715 3234 unde
2775 3184 2830 3234 et
2887 3178 3192 3234 Dominica
3244 3177 3597 3243 nominatur,
3649 3176 3800 3231 delet

2146 3259 2379 3331 quidem
2413 3259 2754 3330 quotidiana
2787 3264 3038 3330 peccata,
3072 3275 3206 3314 cum
3267 3257 3526 3329 quotidie
3559 3257 3793 3321 dicitur,

2147 3341 2372 3395 Dimitte
2429 3340 2584 3395 nobis
2635 3339 2815 3395 debita
2880 3345 3130 3401 nostra;
3181 3343 3358 3410 atque
3405 3339 3460 3392 id
3507 3339 3658 3407 quod
3707 3352 3799 3391 se-

2146 3421 2348 3492 quitur
2383 3437 2494 3476 non
2527 3422 2713 3475 solum
2746 3419 2977 3486 dicitur,
3013 3420 3112 3474 sed
3137 3420 3315 3473 etiam
3345 3419 3430 3482 lit,
3461 3419 3600 3472 sicut
3629 3426 3681 3471 et
3706 3433 3806 3471 nos

2147 3501 2481 3557 dimittimus
2511 3501 2855 3556 debitoribus
2876 3500 3078 3556 nostris
3107 3500 3210 3572 (Id.
3245 3517 3323 3563 γι,
3362 3501 3448 3572 12)
3478 3516 3492 3554 :
3525 3499 3626 3554 sed
3668 3500 3807 3569 quia

2152 3584 2298 3638 liunt
2356 3589 2607 3653 peccata,
2657 3581 2782 3636 ideo
2824 3582 3076 3648 dicitur;
3151 3597 3262 3634 non
3323 3583 3388 3634 ut
3457 3580 3586 3633 ideo
3637 3578 3805 3639 fiant,

2151 3663 2288 3733 quia
2347 3663 2561 3716 dicitur
2617 3662 2709 3729 (a).
2765 3661 2869 3716 Per
2947 3662 3089 3714 banc
3160 3661 3314 3713 enim
3391 3659 3554 3713 nobis
3623 3657 3808 3712 voluit

2153 3742 2417 3796 Salvator
2464 3742 2796 3806 ostendere,
2829 3739 3268 3810 quantumlibet
3319 3739 3480 3808 justo
3533 3739 3592 3791 in
3635 3737 3808 3805 hujus

2152 3824 2277 3875 vitae
2310 3820 2558 3890 caligine
2590 3830 2758 3890 atque
2788 3819 3136 3874 inﬁrmitate
3168 3819 3454 3884 vivamus,
3491 3834 3606 3871 non
3645 3817 3812 3871 nobis

2154 3903 2352 3956 deesse
2403 3907 2635 3972 peccata
2667 3918 2766 3974 pro
2814 3902 3029 3971 quibus
3070 3900 3438 3954 dimittendis
3487 3899 3806 3953 debeamus

2154 3999 2338 4050 orare,
2369 3992 2423 4036 et
2453 3982 2537 4036 eis
2571 3984 2669 4052 qui
2703 3983 2760 4036 in
2797 3998 2902 4036 nos
2934 3989 3192 4050 peccant,
3229 3983 3376 4034 utet
3409 3978 3577 4034 nobis
3610 3979 3806 4047 ignos-

2154 4069 2339 4128 catur,
2393 4064 2713 4133 ignoscere.
2749 4061 2872 4118 Non
2923 4064 3120 4132 itaque
3167 4067 3466 4133 propterea
3520 4057 3806 4114 Dominus

2156 4147 2254 4211 ait,
2292 4145 2351 4199 Si
2379 4142 2704 4198 dimiseritis
2741 4148 2957 4214 peccata
3007 4141 3348 4206 hominibus,
3381 4141 3620 4195 dimittet
3667 4138 3813 4193 vobis

2155 4229 2204 4282 et
2230 4226 2396 4280 Pater
2441 4235 2618 4280 vester
2644 4231 2861 4296 peccata
2911 4227 3085 4279 vestra
3124 4221 3312 4293 (Ibid.,
3347 4223 3458 4288 14),
3491 4227 3551 4274 ut
3591 4219 3661 4274 de
3705 4219 3816 4274 hac

2155 4306 2416 4363 oratione
2449 4306 2674 4373 confisi,
2710 4303 2900 4360 securi
2950 4303 3290 4374 quotidiana
3321 4301 3538 4356 scelera
3593 4299 3819 4353 facere-

2159 4403 2308 4452 mus,
2339 4385 2427 4440 vel
2481 4385 2740 4455 potentia
2788 4400 2903 4454 qua
2953 4400 3067 4439 non
3113 4384 3453 4437 timeremus
3501 4379 3812 4434 hominum

2158 4466 2335 4537 leges,
2366 4463 2454 4520 vel
2503 4465 2717 4519 astutia
2747 4481 2862 4534 qua
2898 4464 3058 4534 ipsos
3100 4461 3370 4517 homines
3423 4459 3809 4516 falleremus:

2157 4548 2255 4601 sed
2292 4550 2355 4599 ut
2385 4560 2488 4615 per
2533 4543 2694 4599 illam
2728 4545 3113 4608 disceremus,
3172 4557 3286 4597 non
3322 4544 3525 4613 putare
3552 4555 3658 4594 nos
3690 4554 3818 4594 esse

2157 4627 2283 4681 sine
2316 4624 2593 4697 peccatis,
2625 4624 2849 4679 etiamsi
2884 4641 2916 4677 a
2945 4622 3286 4678 criminibus
3309 4636 3570 4677 essemus
3603 4619 3814 4674 immu-

2159 4724 2263 4763 nes
2295 4724 2306 4761 :
2335 4707 2488 4762 sicut
2509 4705 2680 4760 etiam
2710 4705 2878 4777 Legis
2901 4704 3110 4759 veteris
3134 4704 3460 4758 sacerdotes
3483 4701 3590 4754 hoc
3613 4699 3813 4769 ipsum

2159 4789 2314 4843 Deus
2345 4789 2416 4842 de
2447 4787 2750 4841 sacrificiis
2782 4785 3106 4851 admonuit,
3159 4800 3288 4856 quae
3327 4781 3513 4852 jussit
3556 4796 3656 4835 eos
3692 4781 3813 4850 pri-

2161 4887 2322 4924 mum
2359 4886 2458 4940 pro
2491 4868 2635 4933 suis,
2669 4867 2881 4921 deinde
2923 4883 3023 4935 pro
3057 4865 3254 4935 populi
3297 4862 3503 4918 offerre
3555 4860 3810 4940 peccatis

2160 4939 2370 5019 (Leuit;
2407 4965 2523 5012 xw,
2550 4948 2584 5000 6
2613 4966 2628 5014 ;
2674 4946 2832 5001 Hebr.
2877 4962 2977 5007 vn,
3009 4945 3124 5010 27).
3157 4942 3302 4997 Nam
3337 4946 3394 4995 et
3448 4939 3580 5008 ipsa
3640 4939 3817 4993 verba

2159 5031 2307 5087 tanti
2340 5027 2598 5100 Magistri
2628 5032 2686 5082 et
2719 5026 2942 5081 Domini
2976 5023 3160 5079 nostri
3193 5021 3498 5092 vigilanter
3529 5019 3819 5100 intuenda

2161 5115 2316 5167 sunt.
2348 5098 2473 5165 Non
2504 5109 2659 5164 enim
2701 5108 2804 5176 ait,
2835 5105 2893 5161 Si
2919 5101 3261 5160 dimiseritis
3292 5105 3528 5175 peccata
3561 5098 3819 5156 homini-

2229 5475 2242 5509 ι
2275 5467 2518 5531 Plerique
2543 5464 2710 5531 Mss.._
2719 5461 2934 5528 σθένω.

2227 5536 2247 5569 ³
2278 5529 2469 5583 Omnes
2495 5531 2641 5589 Mss.,
2668 5529 2851 5578 Jesue.

2226 5596 2296 5659 (α)
2327 5595 2478 5647 Cont.
2508 5584 2773 5646 Enchirid.
2804 5604 2898 5643 nn.
2930 5588 3009 5648 19,
3035 5584 3116 5638 20.
