4134 6198
297 374 418 434 ⁸749

300 511 434 576 bus,
469 511 526 563 et
551 507 725 563 Pater
756 509 944 563 vester
993 503 1246 560 dimittet
1279 505 1441 561 vobis
1500 507 1948 578 qualiacumque

304 599 556 660 peccata:
578 591 678 644 sed
703 590 804 656 ait,
827 592 1049 658 peccata
1073 597 1275 643 vestra.
1297 588 1704 653 Quotidianam
1729 591 1945 661 quippe

301 673 618 726 orationem
651 669 911 736 docebat,
947 668 1361 737 etjustiﬁcatis
1408 669 1609 740 utique
1639 669 1946 740 discipulis

300 750 662 820 loquebatur.
696 749 840 812 Quid
869 752 1134 818 estergo,
1163 758 1386 819 peccata
1424 761 1620 815 vestra,
1657 750 1769 803 nisi
1813 765 1945 818 pec-

299 837 430 887 cata
459 830 587 884 sine
617 829 832 900 quibus
872 845 978 884 nec
1020 845 1122 883 vos
1172 828 1354 896 eritis,
1389 831 1488 901 qui
1532 829 1846 900 justiﬁcati
1892 836 1946 884 et

300 908 647 966 sanctiﬁcati
679 909 819 963 estis
840 908 868 962 ?
901 907 1007 963 Ubi
1048 924 1180 975 ergo
1241 907 1347 972 illi,
1380 910 1478 980 qui
1512 926 1610 976 per
1637 909 1788 963 hanc
1819 925 1948 963 ora—

301 992 520 1047 tionem
553 990 918 1045 occasionem
954 990 1477 1060 perpetrandorum
1529 989 1792 1061 quotidie
1823 1004 1947 1044 sce-

299 1073 485 1128 lerum
511 1074 804 1143 quaerunt,
829 1071 1033 1126 dicunt
1060 1072 1365 1125 Dominum
1387 1072 1752 1142 signiﬁcasse
1774 1071 1947 1124 etiam

303 1169 513 1224 magna
544 1159 799 1223 peccata,
831 1152 1108 1221 quoniam
1151 1168 1263 1206 non
1299 1150 1460 1216 dixit,
1494 1151 1754 1206 Dimittet
1783 1149 1949 1205 vobis

302 1250 502 1306 parva,
545 1235 642 1288 sed
684 1241 907 1303 peccata
953 1237 1174 1287 vestra:
1207 1232 1286 1286 ibi
1349 1248 1451 1287 nos
1510 1233 1948 1288 considerantes

302 1314 577 1386 qualibus
629 1312 990 1383 loquebatur,
1023 1321 1082 1369 et
1121 1313 1426 1368 audientes
1461 1315 1702 1379 dictum,
1733 1316 1951 1384 peccata

301 1405 497 1460 vestra,
532 1393 675 1448 nihil
709 1393 869 1448 aliud
893 1393 1173 1449 debemus
1195 1394 1526 1450 existimare
1547 1410 1721 1465 quam
1751 1409 1948 1463 parva,

301 1475 576 1546 quoniam
604 1473 798 1528 talium
825 1476 948 1543 jam
991 1491 1106 1530 non
1156 1478 1323 1529 erant
1354 1491 1586 1546 magna.
1636 1473 1950 1528 Verumta-

303 1575 436 1614 men
473 1573 574 1611 nec
605 1557 730 1626 ipsa
770 1573 1001 1626 magna,
1035 1573 1068 1612 a
1115 1557 1328 1626 quibus
1357 1558 1594 1612 omnino
1628 1554 1949 1611 mutatisin

305 1639 514 1694 melius
551 1637 808 1692 moribus
833 1637 1217 1692 recedendum
1242 1647 1351 1704 est,
1384 1638 1756 1692 dimittuntur
1785 1653 1953 1691 oran-

303 1719 478 1783 tibus,
513 1717 626 1772 nisi
662 1717 758 1770 ﬁat
789 1717 942 1786 quod
974 1717 1049 1772 ibi
1086 1719 1317 1784 dicitur,
1341 1719 1478 1772 sicut
1505 1730 1554 1772 et
1588 1733 1680 1772 nos
1709 1716 1953 1770 dimitti-

300 1815 422 1853 mus
470 1796 806 1852 debitoribus
844 1799 1063 1852 nostris.
1097 1797 1157 1852 Si
1206 1796 1361 1850 enim
1396 1798 1641 1852 minima
1693 1802 1948 1866 peccata.

301 1881 427 1934 sine
459 1879 672 1948 quibus
706 1895 815 1932 non
850 1888 935 1932 est
966 1879 1141 1933 etiam
1166 1879 1279 1932 vita
1301 1878 1622 1947 justorum,
1647 1879 1813 1932 aliter
1836 1893 1949 1930 non

303 1960 718 2015 remittuntur:
755 1964 965 2028 quanto
1008 1958 1196 2029 magis
1231 1960 1430 2013 multis
1461 1964 1519 2013 et
1563 1958 1789 2029 magnis
1839 1957 1950 2011 cri-

304 2039 848 2102 minibusinvoluti,
883 2040 1113 2094 etiamsi
1144 2055 1211 2093 ea
1259 2044 1588 2110 perpetrare
1622 2041 1746 2107 jam
1796 2037 1951 2094 desi-

309 2126 469 2185 nant,
524 2121 751 2174 nullam
802 2118 1224 2189 indulgentiam
1276 2125 1734 2189 consequuntur.
1785 2119 1832 2171 si
1879 2117 1952 2172 ad
2037 2159 2064 2169 τ

309 2202 724 2257 remittendum
769 2200 900 2254 aliis
932 2202 1083 2270 quod
1119 2199 1176 2253 iu
1209 2215 1304 2253 eos
1333 2200 1581 2270 quisque
1614 2196 1952 2269 peccaverit,

304 2281 693 2337 inexorabiles
728 2281 962 2345 fuerint,
995 2296 1127 2334 cum
1161 2280 1315 2333 dicat
1347 2280 1652 2344 Dominus,
1681 2280 1742 2334 Si
1771 2283 1956 2333 autem

304 2382 410 2420 non
432 2364 762 2419 dimiseritis
786 2362 1106 2416 hominibus
1129 2360 1170 2425 ί,
1193 2377 1367 2430 neque
1387 2362 1554 2415 Pater
1581 2363 1752 2414 vester
1774 2360 1958 2413 dimit-

300 2450 374 2500 tet
403 2445 551 2500 vobis
592 2443 804 2514 (Matth.
843 2459 918 2507 νι,
975 2442 1109 2510 15)?
1139 2443 1216 2495 Ad
1251 2441 1360 2495 hoc
1409 2441 1564 2495 enim
1597 2440 1750 2495 valet
1799 2439 1954 2510 quod

302 2526 481 2580 etiam
515 2525 761 2578 Jacobus
787 2521 1090 2592 apostolus
1111 2521 1211 2585 ait,
1235 2522 1526 2588 judicium
1550 2522 1804 2575 futurum
1828 2521 1956 2574 sine

304 2602 704 2660 misericordia
739 2603 820 2655 illi
856 2602 954 2670 qui
1005 2617 1121 2655 non
1161 2602 1292 2656 fecit
1324 2600 1781 2655 misericordiam
1835 2600 1956 2669 (Ja-

299 2685 419 2740 cobi
449 2701 509 2749 ιι,
542 2683 652 2751 13).
687 2680 896 2734 Venire
941 2682 1154 2751 quippe
1187 2681 1360 2735 debet
1393 2684 1448 2734 in
1495 2686 1745 2734 mentem
1781 2681 1956 2734 etiam

301 2763 652 2826 servusille,
690 2777 782 2815 cui
832 2761 1081 2815 debitori
1136 2762 1407 2815 dominus
1455 2761 1625 2830 ejus2
1686 2759 1960 2814 relaxavit

303 2846 502 2899 decem
538 2842 719 2897 millia
749 2841 1137 2908 talentorum;
1172 2859 1300 2913 quae
1328 2843 1716 2912 posteajussit
1747 2853 1806 2896 ut
1833 2842 1960 2896 red-

306 2925 496 2990 deret,
522 2924 658 2992 quia
691 2924 813 2994 ipse
845 2939 955 2977 non
994 2922 1264 2977 misertus
1290 2928 1377 2977 est
1415 2926 1677 2978 conservi
1711 2923 1823 2988 sui,
1857 2922 1958 2992 qui

303 3003 356 3058 ei
389 3003 638 3056 debebat
671 3012 903 3058 centum
945 3002 1215 3057 denarios
1255 3003 1468 3072 (Hatth.
1503 3019 1660 3068 xvm,
1691 3004 1760 3056 23
1799 3003 1960 3072 sqq.).

307 3086 370 3140 ln
405 3082 496 3138 bis
527 3098 663 3152 ergo
696 3083 794 3153 qui
830 3082 934 3136 ﬁlii
982 3088 1120 3136 sunt
1154 3084 1558 3153 promissionis
1589 3088 1646 3137 et
1692 3100 1825 3137 vasa
1858 3082 1964 3137 mi-

303 3164 652 3229 sericordiae,
688 3163 838 3220 valet
886 3165 1042 3234 quod
1077 3164 1157 3219 ait
1201 3165 1351 3219 idem
1391 3164 1706 3234 apostolus,
1759 3181 1962 3220 conse-

299 3252 542 3316 quenter
573 3246 920 3315 adjungens,
969 3245 1388 3314 Superexsultat
1428 3251 1619 3302 autem
1652 3245 1964 3301 misericor-

317 3324 641 3396 diajudicio
669 3324 690 3358 ⁸
718 3323 932 3394 (Jacobi
954 3341 1016 3390 ιι,
1052 3326 1156 3389 13).
1183 3325 1468 3391 Quoniam
1504 3333 1556 3379 et
1580 3325 1665 3380 illi
1689 3327 1836 3393 justi
1863 3325 1963 3395 qui

318 3409 483 3461 tanta
511 3403 823 3460 sanctitate
851 3404 1140 3469 vixerunt,
1165 3410 1226 3459 ut
1247 3404 1392 3459 alios
1429 3421 1663 3475 quoque
1686 3406 1964 3474 recipiant

318 3485 378 3540 in
411 3483 788 3541 tabernacula
818 3494 1051 3547 aeterna,
1091 3485 1306 3554 quibus
1347 3484 1521 3539 amici
1571 3485 1698 3538 facti
1731 3493 1866 3540 sunt
1896 3485 1968 3540 de

319 3582 660 3622 mammona
708 3564 1029 3634 iniquitatis
1082 3566 1237 3633 (Luc.
1271 3581 1386 3629 xvx,
1445 3565 1522 3635 9),
1584 3570 1644 3619 ut
1691 3565 1836 3619 tales
1875 3581 1968 3618 es-

316 3650 472 3709 sent,
506 3645 908 3701 misericordia
940 3645 1163 3699 liberati
1197 3654 1324 3700 sunt
1358 3644 1428 3700 ab
1469 3661 1534 3699 eo
1556 3647 1653 3715 qui
1680 3645 1970 3714 justiﬁcat

315 3727 590 3797 impium,
621 3725 918 3796 imputans
971 3726 1294 3779 mercedem
1343 3726 1665 3781 secundum
1701 3725 1966 3794 gratiam,

318 3823 433 3862 non
466 3807 791 3862 secundum
824 3805 1110 3860 debitum.
1143 3804 1205 3859 In
1238 3821 1435 3861 eorum
1479 3805 1691 3874 quippe
1725 3820 1968 3859 numero

316 3891 405 3942 est
451 3886 786 3956 Apostolus,
819 3885 918 3956 qui
967 3885 1148 3939 dicit:
1199 3885 1626 3941 Misericordia»:
1655 3889 1970 3940 consecutus

320 3985 463 4034 sum,
496 3971 556 4021 ut
585 3967 766 4036 ﬁdelis
796 3982 968 4021 essem
995 3965 1039 4036 (Ι
1076 3966 1196 4021 Cor.
1228 3982 1328 4032 v11,
1360 3965 1472 4036 25).

393 4047 454 4104 5.
492 4046 791 4101 llliautem
815 4045 910 4114 qui
945 4045 1585 4114 recipiunturatalibus
1615 4044 1672 4098 in
1707 4044 1972 4099 taberna-

323 4125 458 4184 cula
489 4133 719 4192 aeterna,
745 4125 1046 4180 fatendum
1075 4133 1160 4180 est
1191 4125 1344 4194 quod
1379 4141 1491 4178 non
1521 4125 1640 4178 sint
1667 4123 1756 4178 his
1791 4124 1971 4179 mori-

324 4207 435 4262 bus
471 4207 710 4277 praaditi,
746 4210 807 4260 ut
849 4205 934 4260 eis
980 4204 1302 4259 liberandis
1332 4204 1458 4258 sine
1492 4203 1770 4274 suffragio
1801 4219 1973 4258 sanc-

326 4294 522 4342 torum
555 4303 663 4341 sua
695 4287 877 4356 possit
925 4285 1040 4338 vita
1081 4285 1369 4349 sufﬁcere,
1425 4299 1492 4339 ac
1524 4300 1622 4353 per
1653 4283 1760 4338 hoc
1794 4283 1973 4338 multo

321 4366 575 4437 amplius
606 4367 660 4420 in
713 4367 796 4422 eis
845 4363 1239 4434 superexultat
1290 4364 1686 4419 misericordia
1726 4364 1970 4432 judicio.

319 4447 436 4502 Nec
468 4451 659 4502 tamen
691 4445 821 4500 ideo
854 4446 1152 4516 putandus
1184 4449 1272 4500 est
1301 4445 1615 4516 quisquam
1647 4445 1975 4500 sceleratis-

320 4530 513 4585 simus
562 4543 934 4599 nequaquam
979 4525 1098 4581 vita
1134 4525 1220 4582 vel
1272 4532 1421 4581 bona
1453 4525 1536 4580 vel
1582 4525 1974 4582 tolerabiliora

320 4614 608 4676 mutatus,
662 4609 836 4680 recipi
881 4609 938 4662 in
985 4605 1364 4662 tabernacula
1405 4610 1641 4674 aeterna,
1693 4607 1972 4676 quoniam

320 4691 632 4746 obsecutus
663 4694 751 4744 est
781 4689 999 4744 sanctis
1051 4689 1115 4741 de
1157 4701 1492 4741 mammona
1532 4685 1880 4756 iniquitatis,
1915 4687 1973 4742 id

320 4776 433 4837 est,
467 4771 536 4825 de
573 4771 838 4842 pecunia,
873 4767 960 4824 vel
993 4766 1234 4834 divitiis,
1269 4783 1396 4837 quae
1437 4765 1588 4821 male
1618 4767 1850 4820 fuerant
1873 4781 1974 4821 ac-

322 4851 598 4923 quisita;
651 4855 753 4906 aut
781 4847 1013 4904 etiamsi
1064 4848 1227 4913 bene,
1284 4863 1397 4900 non
1443 4850 1638 4900 tamen
1680 4845 1849 4911 veris,
1873 4846 1974 4901 sed

324 4950 472 5004 quas
497 4932 776 5004 iniquitas
809 4935 978 5003 putat
1011 4945 1139 4986 esse
1182 4927 1428 4995 divitias,
1481 4927 1758 4999 quoniam
1792 4927 1974 4983 nescit

325 5031 454 5088 quis
487 5014 603 5069 sint
630 5028 776 5068 verte
808 5011 1038 5077 divitiae,
1066 5009 1282 5080 quibus
1315 5009 1399 5064 illi
1435 5009 1758 5076 abundant,
1791 5008 1891 5079 qui
1922 5015 1979 5064 et

389 5304 410 5340 ί
439 5301 618 5378 Hic
644 5298 800 5351 editis
829 5298 1058 5355 additur,
1090 5302 1315 5358 peccata
1345 5309 1364 5354 ,-
1402 5291 1544 5355 quod
1592 5291 1742 5340 abest
1796 5301 1830 5339 a
1871 5300 1980 5338 ma-

325 5365 635 5426 nuscriptis.

386 5429 407 5463 ³
438 5427 523 5477 Sic
551 5427 675 5476 Mss.
705 5427 776 5474 At
802 5424 946 5478 editi,
977 5421 1237 5471 dominus
1267 5434 1422 5466 suus.

386 5491 405 5524 ³
452 5475 1072 5550 Βδὶιὶξίεαρενεωὰῑιαε
1123 5480 1504 5550 misericordia
1539 5475 1850 5550 judicium.
1893 5475 1977 5524 Al-

318 5554 437 5601 tera
483 5541 726 5603 veterum
760 5541 1173 5612 ‘quorumdam_
1209 5545 1495 5612 librorum
1541 5541 1708 5612 lectio
1757 5552 1975 5612 consen-

317 5617 477 5727 teges
533 5602 636 5666 est
705 5602 906 5676 graeco,
982 5611 1077 5660 hat
1150 5605 1584 5659 katahauohdtai
1656 5603 1795 5652 éleos
1852 5602 1976 5652 kri—

320 5692 380 5729 88
413 5693 456 5728 ε.

1482 371 1713 434 LIBER
1755 368 2176 433 VIGESIMUS
2222 373 2540 439 PRIMUS.

3587 390 3706 454 750

2059 505 2204 598 alios
2235 508 2524 598 recipiunt
2555 511 2617 598 in_
2666 515 2878 570 aeterna
2907 515 3303 598 tabernacula.
3354 522 3455 578 Est
3510 525 3705 598 itaque

2061 587 2716 676 quidam_vitaa-m_odus.
2753 611 2855 649 nec
2881 601 2997 651 tam
3025 597 3210 668 malae,
3249 606 3310 654 ut
3337 601 3427 658 bis
3453 605 3553 676 qui
3575 587 3700 662 eam

2061 668 2258 756 vivunt
2310 672 2350 737 ί,
2393 670 2571 756 _nibil
2626 677 2808 756 prosit
2856 679 2925 731 ad
2977 679 3400 746 capessendum
3466 668 3703 756 regnum

2063 750 2337 833 omlorum
2393 751 2632 821 largitas
2695 755 3213 826 eleemosynarum.
3265 766 3479 833 quibus
3532 750 3703 822 svitiam

2061 829 2354 917 justo-rum
2406 839 2771 917 sustentatur
2828 838 3040 905 in0pia,
3093 845 3148 895 et
3206 829 3355 897 ﬁu—nt
3401 845 3572 900 amici
3607 853 3706 917 qui

2063 908 2122 962 in
2159 912 2529 969 tabernacula
2570 922 2787 971 aeterna
2829 920 3153 990 suscipiant
3185 939 3198 988 ;
3236 939 3338 978 nec
3374 933 3486 980 tam
3521 908 3705 992 bonae,

2063 992 2252 1076 utad‘
2277 999 2496 1076 tantam
2547 997 2962 1053 beatitudinem
3005 1001 3434 1071 adipiscendam
3466 1007 3549 1060 eis
3583 1007 3708 1076 ipsa

2063 1071 2340 1156 sufﬁciat,
2375 1075 2486 1156 nisi
2517 1093 2719 1132 eorum
2757 1080 2976 1134 meritis
3009 1098 3156 1151 quos
3199 1085 3416 1139 amicos
3450 1071 3705 1156 fecerint,

2067 1151 2523 1210 misericordiam
2569 1166 3022 1229 consequantur.
3078 1162 3297 1230 (Mirari
3328 1171 3520 1220 autem
3554 1151 3707 1222 soleo

2063 1231 2235 1315 etiam
2270 1235 2421 1315 apud
2449 1237 2770 1315 AVirgilium
2823 1241 2994 1294 istam
3040 1243 3267 1297 Domini
3313 1246 3550 1315 reperiri
3583 1263 3709 1302 sen-

2063 1309 2327 1376 tentiam,
2363 1313 2461 1368 ubi
2493 1318 2573 1370 ait
2606 1333 2619 1370 :
2652 1318 2835 1372 Facite
2865 1319 3012 1373 vobis
3041 1323 3243 1376 amicos
3291 1322 3356 1376 de
3378 1309 3711 1381 'mammona

2063 1387 2397 1461 iniquitatis,
2451 1401 2514 1449 ut
2548 1405 2600 1450 et
2651 1399 2758 1466 ipsi
2799 1397 3076 1468 recipiant
3124 1416 3213 1456 vos
3243 1403 3299 1456 in
3340 1399 3711 1462 tabernacula

2061 1475 2275 1553 atteraa
2298 1475 2448 1540 (Luc.
2483 1492 2600 1543 xvi,
2623 1477 2697 1538 9).
2722 1478 2903 1546 Cujus
2924 1484 3010 1534 est
3039 1485 3096 1534 et
3124 1481 3224 1536 illa
3258 1483 3578 1551 simillima,
3603 1487 3712 1553 Qui

2063 1549 2262 1630 recipit
2315 1555 2629 1626 prophetam
2677 1557 2736 1610 in
2782 1562 3004 1614 nomine
3041 1561 3347 1630 pmphetw,
3407 1549 3712 1620 mercedem

2063 1628 2338 1699 prophetae
2383 1635 2631 1700 accipiet,
2681 1641 2730 1690 et
2770 1640 2865 1707 qui
2914 1628 3108 1708 recipit
3135 1642 3353 1710 justum
3400 1645 3460 1697 in
3490 1647 3714 1698 nomine

2055 1710 2220 1780 justi,
2271 1715 2564 1769 mercedem
2601 1717 2741 1783 justi
2783 1719 3017 1786 accipiet
3060 1720 3273 1788 (Matth.
3308 1739 3362 1786 x,
3409 1723 3518 1793 41).
3563 1723 3708 1778 Nam

2064 1805 2197 1844 cum
2231 1793 2454 1874 Elysios
2487 1811 2724 1866 campos
2760 1805 2922 1866 poeta
2948 1799 3042 1852 ille
3074 1801 3449 1868 describeret,
3482 1804 3576 1857 ubi
3615 1820 3713 1874 pu-

2062 1874 2190 1924 tant
2244 1871 2505 1929 habitare
2571 1877 2798 1932 animas
2852 1879 3172 1948 beatorum,
3234 1899 3346 1938 non
3394 1883 3579 1938 solum
3615 1871 3711 1939 Vibi

2066 1953 2255 2035 posuit
2286 1970 2406 2024 eos,
2439 1956 2538 2026 qui
2575 1959 2822 2029 propriis
2857 1961 3078 2014 meritis
3125 1964 3193 2016 ad
3229 1963 3358 2018 illas
3390 1966 3556 2019 sedes
3589 1981 3712 2035 per-

2065 2034 2258 2086 venire
2285 2041 2615 2103 potuerunt,
2651 2039 2750 2090 sed
2785 2037 3020 2106 adjecit,
3053 2046 3227 2109 atque
3258 2044 3358 2106 ait,

2188 2156 2393 2219 Quique
2426 2157 2508 2207 sui
2539 2173 2795 2209 memores
2823 2162 2956 2211 alios
2983 2163 3149 2212 fecere
3173 2165 3458 2223 merendo,-

2679 2224 2914 2286 (Enetd.
2947 2226 3044 2274 lib.
3087 2226 3136 2284 6,
3168 2242 3306 2276 vers.
3333 2227 3464 2292 664.)

2065 2331 2124 2387 id
2154 2339 2262 2398 est,
2297 2336 2395 2406 qui
2443 2345 2886 2407 promeruerunt
2917 2341 3078 2408 alios,
3129 2357 3346 2415 eosque
3376 2343 3460 2397 sui
3499 2359 3718 2402 memo-

2068 2429 2158 2467 res
2211 2418 2593 2483 promerendo
2645 2420 2920 2474 fecerunt.
2985 2423 3228 2475 Prorsus
3279 2426 3561 2493 tanquam
3628 2425 3713 2480 eis

2067 2493 2327 2549 dicerent
2357 2494 2398 2563 ε,
2438 2498 2585 2566 quod
2621 2498 3022 2569 frequentatur
3061 2517 3156 2556 oro
3189 2501 3543 2564 Christiano.
3575 2519 3710 2559 cum

2067 2589 2130 2627 se
2160 2574 2369 2644 cuique
2403 2583 2736 2630 sanctorum
2769 2578 3008 2633 humilis
3041 2580 3286 2650 quisque
3317 2585 3708 2650 commendat,

2069 2660 2124 2708 et
2154 2654 2316 2720 dicit,
2351 2655 2572 2710 Memor
2609 2657 2718 2712 mei
2751 2669 2873 2714 esto
2907 2676 2920 2713 :
2955 2666 3127 2731 atque
3161 2667 3222 2715 ut
3253 2661 3307 2714 id
3341 2678 3469 2717 esse
3500 2666 3708 2733 possit,

2072 2737 2451 2803 promerendo
2486 2739 2708 2807 efficit.)
2765 2739 2874 2793 Sed
2928 2741 3055 2810 quis
3105 2741 3215 2796 iste
3267 2742 3344 2795 sit
3403 2741 3629 2807 modus,
3663 2747 3720 2797 et

2071 2830 2198 2886 quas
2231 2816 2349 2870 sint
2378 2815 2498 2886 ipsa
2532 2825 2784 2887 peccata,
2828 2836 2956 2890 quas
2989 2823 3069 2874 ita
3111 2820 3437 2889 impediunt
3479 2838 3718 2890 perven-

2072 2897 2286 2950 tionem
2321 2897 2388 2949 ad
2426 2913 2664 2968 regnum
2701 2899 2820 2968 Dei,
2872 2907 2932 2954 ut
2962 2905 3154 2955 tamen
3199 2908 3534 2956 sanctorum
3569 2903 3720 2956 ami-

2072 2993 2273 3032 corum
2315 2981 2536 3034 meritis
2584 2979 2898 3050 impetrent
2947 2982 3394 3052 indulgentiam,
3445 2983 3718 3037 difﬁcilli-

2074 3075 2233 3112 mum
2259 3066 2344 3114 est
2386 3061 2663 3127 invenire,
2701 3062 3260 3133 periculosissimum
3304 3063 3562 3120 deﬁnire.
3599 3066 3716 3137 Ego

2073 3145 2222 3195 certe
2254 3157 2439 3212 usque
2471 3141 2544 3197 ad
2597 3142 2700 3197 hoc
2753 3151 2982 3214 tempus
3013 3161 3145 3200 cum
3197 3145 3331 3200 inde
3371 3152 3714 3213 satagerem,

2073 3221 2140 3272 ad
2175 3236 2376 3274 eorum
2410 3221 2739 3292 indaginem
2791 3223 3084 3293 pervenire
3117 3242 3229 3280 non
3265 3225 3448 3296 potui.
3510 3225 3578 3279 Et
3605 3225 3716 3280 for-

2073 3300 2251 3353 tassis
2285 3306 2586 3370 propterea
2633 3301 2829 3369 latent,
2877 3321 2948 3358 ne
2979 3304 3239 3358 studium
3275 3305 3612 3374 proﬁciendi
3645 3305 3716 3360 ad

2075 3379 2271 3433 omnia
2305 3388 2535 3450 peccata
2567 3382 2820 3436 cavenda
2853 3383 3162 3454 pigrescat.
3197 3388 3480 3449 Quoniam
3523 3387 3567 3440 si
3603 3387 3718 3440 sci-

2077 3464 2276 3513 rentur
2319 3475 2445 3528 quae
2493 3461 2579 3514 vel
2642 3463 2837 3530 qualia
2885 3465 3003 3517 sint
3053 3464 3283 3530 delicta,
3339 3481 3440 3534 pro
3505 3465 3719 3534 quibus

2077 3540 2251 3594 etiam
2291 3539 2767 3608 permanentibus
2826 3558 2926 3597 nec
2983 3545 3235 3612 profectu
3290 3545 3414 3597 vita:
3465 3545 3720 3599 melioris

2077 3619 2408 3686 absumptis
2440 3619 2778 3674 intercessio
2817 3622 2892 3676 sit
2940 3620 3315 3692 iniquirenda
3346 3628 3399 3676 et
3433 3623 3722 3694 speranda

2071 3699 2389 3768 justorum,
2412 3699 2495 3753 eis
2525 3717 2726 3755 secura
2771 3718 2829 3755 se
2876 3703 3207 3756 obvolveret
3240 3703 3494 3758 humana
3526 3703 3721 3773 segni-

2077 3778 2208 3846 ties,
2242 3795 2344 3833 nec
2375 3780 2558 3834 evolvi
2605 3781 2821 3836 talibus
2855 3781 3309 3852 implicamentis
3345 3783 3520 3838 ullius
3551 3785 3721 3838 virtu.

2076 3859 2152 3913 tis
2181 3860 2540 3928 expeditione
2579 3868 2830 3927 curaret,
2863 3864 2963 3917 sed
3011 3864 3416 3918 tantummodo
3448 3871 3726 3932 quaereret

2078 3939 2323 3995 aliorum
2359 3942 2581 3996 meritis
2606 3941 2858 4012 liberari,
2891 3960 3035 4014 quos
3067 3946 3285 3999 amicos
3307 3944 3415 3999 sibi
3443 3945 3511 4000 de
3545 3961 3726 3999 mam-

2081 4040 2246 4077 mona
2266 4023 2592 4094 iniquitatis
2607 4024 3103 4096 eleemosynarum
3119 4026 3461 4097 largitione3
3477 4027 3725 4082 fecisset.

2079 4105 2242 4160 Nunc
2273 4122 2404 4161 vero
2457 4108 2594 4160 dum
2638 4107 2880 4163 venialis
2931 4108 3282 4180 iniquitatis,
3334 4109 3562 4165 etiamsi
3597 4126 3725 4180 per-

2080 4193 2322 4250 severet,
2354 4187 2657 4256 ignoratur
2707 4191 2937 4257 modus,
2982 4191 3235 4260 profecto
3287 4194 3342 4244 et
3373 4191 3626 4244 studium
3671 4192 3728 4245 in

2081 4267 2320 4322 meliora
2360 4269 2692 4338 proﬁciendi
2739 4269 2985 4324 orationi
3027 4269 3297 4324 instando
3343 4269 3366 4302 ⁴
3395 4270 3730 4342 vigilantius

2079 4346 2406 4414 adhibetur,
2454 4353 2508 4403 et
2563 4349 2808 4404 faciendi
2881 4353 2949 4404 de
3001 4366 3338 4406 mammona
3406 4351 3732 4422 iniquitatis

2081 4433 2314 4482 sanctos
2346 4427 2565 4484 amicos
2598 4445 2732 4483 cura
2765 4444 2880 4484 non
2913 4429 3230 4500 spernitur.

2151 4508 2203 4560 6.
2237 4505 2446 4563 Verum
2479 4507 2588 4563 ista
2618 4508 2886 4564 liberatio
2919 4526 3042 4580 qua:
3086 4510 3150 4564 ﬁt
3179 4509 3298 4566 sive
3328 4511 3454 4566 suis
3486 4510 3731 4582 quibus-

2081 4603 2194 4658 que
2233 4589 2613 4656 orationibus,
2665 4590 2783 4644 sive
2849 4591 3346 4646 intercedentibus
3399 4592 3640 4656 sanctis,
3675 4591 3733 4646 id

2083 4667 2195 4738 agit
2230 4672 2292 4722 ut
2323 4668 2380 4722 in
2433 4667 2629 4740 ignem
2672 4669 2923 4741 quisque
2956 4687 3070 4725 non
3103 4670 3370 4725 mittatur
3400 4677 3680 4725 mternum
3718 4685 3731 4725 :

2084 4764 2198 4802 non
2233 4753 2295 4802 ut
2335 4765 2466 4806 cum
2517 4749 2688 4805 fuerit
2734 4749 2970 4818 missus,
3018 4755 3148 4820 post
3195 4755 3734 4818 quantumcumque

2081 4831 2314 4898 tempus
2345 4829 2480 4884 inde
2508 4835 2765 4884 eruatur.
2802 4829 2941 4884 Nam
2975 4833 3030 4883 et
3061 4827 3145 4882 illi
3173 4830 3273 4898 qui
3306 4832 3512 4898 putant
3542 4829 3626 4882 sic
3653 4828 3739 4882 in-

2085 4909 2464 4980 telligendum
2513 4925 2660 4976 esse,
2711 4909 2865 4980 quod
2898 4909 3181 4978 scriptum
3221 4913 3328 4974 est,
3362 4908 3568 4964 afferre
3615 4913 3736 4964 ter-

2083 5007 2207 5044 ram
2261 4989 2471 5044 bonam
2532 4989 2768 5043 uberem
2842 4987 3114 5053 fructum,
3183 4988 3358 5043 aliam
3423 4988 3737 5057 tricenum,

2082 5069 2259 5125 aliam
2299 5085 2679 5143 sexagenum,
2739 5067 2913 5124 aliam
2984 5073 3297 5125 centenum
3347 5068 3562 5139 (Matth.
3608 5085 3734 5140 xm,

2146 5352 2318 5426 ξιον.
2349 5350 2451 5425 qui
2492 5365 2556 5426 ea
2593 5350 2810 5399 vivunt.
2839 5349 2978 5399 Editi
3027 5349 3120 5399 alii
3165 5362 3286 5400 cum
3337 5349 3734 5413 manuscriptis,

2079 5422 2181 5480 qu}
2197 5429 2319 5480 eam
2350 5422 2569 5480 vivunt.

2143 5477 2164 5510 ²
2195 5477 2275 5526 Ita
2303 5490 2486 5526 omnes
2515 5475 2636 5526 Mss.
2671 5477 2739 5536 At
2767 5477 2913 5536 editi,
2944 5476 3162 5525 diceret.

2142 5541 2164 5602 β
2192 5541 2261 5602 In,
2283 5540 2427 5599 Mss.,
2460 5539 2742 5602 largitate.

2141 5601 2196 5714 4t
2435 5599 2568 5655 AmI
2610 5604 2664 5652 et
2721 5602 2901 5667 plures
2962 5599 3328 5666 manuscripti,
3401 5601 3612 5662 orando
3684 5607 3738 5653 et

2141 5681 2172 5712 is
2199 5680 2234 5714 a
2350 5700 2363 5714 .

2105 5680 2363 5714 nstanao.
