4146 6198
424 319 536 380 ’751

417 456 472 525 8)
507 469 518 508 :
551 455 614 507 ut
657 451 840 508 sancti
892 467 991 521 pro
1023 466 1267 506 suorum
1308 451 1644 506 diversitate
1693 452 2055 520 meritorum,

418 533 518 590 alii
547 533 801 587 tricenos
833 531 1098 586 homines
1149 530 1412 599 liberent,
1446 531 1542 586 alii
1592 549 1934 603 sexagenos,
1969 532 2066 587 alii

417 619 690 669 centenos
724 629 738 666 :
773 614 882 667 hoc
927 613 984 666 in
1020 613 1342 682 diejudieii
1390 613 1637 668 futurun
1671 613 1958 683 suspicari
1981 631 2069 668 so-

416 693 555 763 lent,
581 710 692 748 non
728 698 856 762 post
875 693 1187 761 judicium.
1213 694 1330 758 Qua
1367 694 1640 764 opinione
1666 695 1902 764 quidam
1929 710 2062 748 cum

414 773 630 828 videret
675 772 944 828 homines
1005 773 1414 843 impunitatem
1467 774 1578 827 sibi
1634 775 2065 844 perversissime

414 854 779 925 pollicentes,
811 869 876 908 eo
909 855 1062 924 quod
1087 871 1292 908 omnes
1321 853 1430 908 isto
1463 855 1629 910 modo
1662 856 1729 908 ad
1770 854 2061 909 liberatio-

413 951 545 990 nem
581 935 867 1003 pertinere
899 951 1065 1004 posse
1103 935 1432 1000 videantur,
1465 934 1894 1004 elegantissime
1938 951 2060 990 res-

412 1015 686 1084 pondisse
731 1013 1089 1084 perhibetur,
1144 1014 1291 1069 bene
1341 1014 1536 1084 potius
1569 1028 1696 1068 esse
1727 1014 2056 1081 vivendum,

413 1097 480 1148 ut
509 1093 654 1148 inter
683 1109 778 1158 eos
805 1096 1057 1164 quisque
1090 1093 1432 1164 reperiatur,
1466 1094 1564 1164 qui
1601 1111 1702 1164 pro
1726 1093 1856 1148 aliis
1887 1094 2060 1148 inter-

413 1173 632 1227 cessuri
663 1177 801 1228 sunt
831 1173 1147 1228 liberandis
1182 1191 1196 1241 ;
1229 1190 1301 1228 ne
1331 1179 1452 1228 tam
1486 1173 1655 1244 pauci
1687 1175 1824 1240 sint,
1853 1181 1909 1227 ut
1942 1174 2058 1228 cito

414 1251 484 1307 ad
519 1267 828 1306 numerum
861 1269 1035 1308 suum
1080 1253 1166 1312 vel
1201 1254 1508 1322 tricenum,
1553 1252 1641 1308 vel
1676 1268 2054 1324 sexagenum,

411 1330 498 1389 vel
528 1337 838 1388 centenum
861 1348 1210 1404 unoquoque
1239 1349 1438 1388 eorum
1464 1333 1852 1404 perveniente,
1887 1331 2054 1387 multi

1492 316 1593 377 DE
1638 315 2006 379 CIVITATE
2050 316 2203 389 DEI,
2249 318 2314 379 S.
2361 315 2788 379 AUGUSTINI

3713 315 3826 377 752

2172 456 2514 506 remaneant
2561 451 2662 522 qui
2713 449 2837 507 erui
2866 450 2993 520 jam
3044 447 3116 504 de
3155 447 3342 520 poenis
3381 448 3615 504 illorum
3649 449 3834 506 inter-

2176 533 2442 588 cessione
2474 549 2586 587 non
2621 531 2869 603 possint,
2899 535 2957 586 et
2982 529 3045 584 in
3077 531 3163 585 eis
3197 530 3528 586 inveniatur
3558 530 3833 602 quisquis

2174 615 2285 670 sibi
2310 629 2472 686 spem
2519 614 2744 668 fructus
2775 611 2948 667 alieni
2987 611 3316 667 temeritate
3346 612 3670 668 vanissima
3700 613 3831 684 pol-

2172 695 2397 750 licetur.
2434 693 2564 748 Haec
2599 709 2688 748 me
2719 692 3088 764 respondisse
3120 691 3238 746 illis
3269 691 3582 760 suffecerit,
3617 694 3718 763 qui
3745 711 3835 747 sa-

2171 793 2398 832 crarum
2458 777 2823 839 Litterarum,
2895 789 3046 844 quas
3120 789 3465 830 communes
3517 775 3833 842 habemus,

2169 858 2576 911 auctoritatem
2630 872 2742 911 non
2794 858 3103 925 spernunt,
3137 853 3240 908 sed
3275 870 3376 909 eas
3420 855 3570 910 male
3605 854 3835 911 intelli-

2167 938 2377 1007 gendo,
2414 953 2526 992 non
2583 937 2735 1008 quod
2769 935 2879 990 illas
2939 933 3284 1003 loquuntur,
3336 935 3441 990 sed
3487 936 3594 990 hoc
3636 936 3831 1005 potius

2167 1022 2374 1088 putant
2407 1017 2666 1072 futurum
2699 1031 2823 1071 esse
2855 1015 3006 1086 quod
3039 1014 3150 1084 ipsi
3195 1013 3398 1069 volunt
3431 1015 3529 1086 (a).
3566 1015 3682 1070 Hac
3715 1016 3830 1070 ita-

2165 1113 2276 1167 que
2307 1097 2682 1168 responsione
2705 1094 2952 1162 reddita,
2974 1093 3213 1162 librum,
3239 1096 3391 1150 sicut
3420 1096 3831 1168 promisimus,

2164 1180 2574 1234 terminamus.

2226 1342 2296 1400 (α)
2332 1340 2479 1390 Conf.
2512 1339 2678 1402 Epist.
2712 1337 2820 1396 120,
2852 1351 2907 1388 ιι.
2943 1337 3018 1387 13.

676 1550 1245 1683 LIBER
1343 1544 2335 1686 VIGESIMUS
2432 1543 3381 1684 SECUNDUS
3429 1542 3548 1678 (α).

409 1754 482 1804 De
507 1755 614 1804 fine
643 1755 819 1804 debito
847 1755 1083 1804 civitatis
1112 1756 1220 1814 Dei,
1252 1757 1351 1806 hoc
1379 1758 1458 1804 est
1487 1757 1552 1804 de
1582 1758 1799 1804 aeterna
1832 1755 2084 1804 felicitate
2128 1754 2801 1818 sanctornmLAdstruitur
2842 1754 2976 1818 fides
3004 1755 3405 1804 resurrectionis
3437 1767 3737 1818 corporum.
3768 1757 3821 1804 et

469 1818 767 1879 explicatur
799 1819 974 1880 qualis
1007 1821 1189 1868 futura
1217 1821 1304 1868 sit.
1335 1820 1467 1868 Tum
1497 1819 1636 1868 dicto
1664 1818 1793 1878 quid
1827 1818 2000 1866 acturi
2037 1817 2145 1867 sint
2173 1817 2230 1866 in
2259 1816 2564 1880 corporibus
2590 1817 2981 1866 immortalibus
3019 1819 3178 1880 atque
3206 1816 3573 1880 spiritualiths
3602 1818 3817 1872 sanctis.

469 1893 604 1942 Opus
626 1882 957 1930 terminatur.

1739 1967 1801 1996 δ

409 2100 640 2158 CAPUT
683 2102 993 2160 PRIMUM.
1045 2133 1112 2142 ——
1162 2102 1236 2156 De
1278 2101 1583 2157 cond-itione
1629 2100 1968 2172 Angelorum
2009 2108 2061 2154 et

993 2183 1298 2240 hominum.

483 2346 530 2399 1.
565 2343 721 2400 Sicut
751 2343 808 2399 in
847 2346 1110 2416 proximo
1150 2345 1298 2400 libro
1329 2344 1625 2415 superiore
1656 2343 2056 2416 promisimus,

407 2422 518 2478 iste
549 2424 723 2494 huius
763 2426 942 2481 totius
979 2426 1164 2494 operis
1199 2424 1439 2479 ultimus
1483 2425 1942 2494 disputationem
1982 2425 2055 2476 de

406 2503 658 2559 civitatis
701 2505 799 2559 Dei
849 2512 1067 2560 aeterna
1118 2505 1477 2560 beatitudine
1524 2504 1862 2559 continebit.
1920 2503 2054 2566 Qua

405 2600 519 2638 non
547 2587 977 2655 propteraatatis
1015 2603 1115 2656 per
1150 2585 1331 2640 multa
1361 2584 1574 2640 saecula
1607 2585 2053 2655 longitudinem,

402 2669 598 2719 tamen
647 2667 1138 2737 quandocumque
1189 2667 1530 2731 finiendam,
1583 2665 1920 2720 aeternitatis
1952 2680 2055 2717 no-

402 2760 535 2798 men
569 2745 829 2816 accepit;
879 2748 980 2801 sed
1015 2747 1507 2816 quemadmodum
1557 2745 1840 2816 scriptum
1873 2749 1957 2798 est
1996 2743 2051 2796 in

399 2825 732 2896 Evangelia,
757 2826 928 2893 Regni
956 2827 1074 2896 ejus
1102 2843 1210 2881 non
1247 2828 1352 2881 erit
1389 2827 1518 2895 ﬁnis
1541 2826 1684 2891 (Luc.
1720 2842 1756 2893 ι,
1792 2825 1906 2895 33).
1940 2823 2054 2877 Nec

398 2903 480 2958 ita
511 2910 574 2959 ut
603 2904 732 2958 aliis
764 2905 1066 2959 moriendo
1102 2905 1543 2964 decedentibus.
1579 2905 1710 2959 aliis
1741 2904 2054 2958 succeden-

397 2984 557 3038 tibus
586 2983 847 3049 oriendo,
883 2986 1104 3053 species
1137 2986 1194 3038 in
1227 3003 1290 3040 ea
1322 2984 1722 3055 perpetuitatis
1755 2989 2051 3054 appareat,

396 3063 551 3119 sicut
582 3063 640 3115 in
670 3063 874 3116 arbore
901 3079 1023 3132 quae
1060 3065 1294 3130 perenni
1323 3067 1520 3117 fronde
1558 3063 1822 3128 vestitur,
1847 3063 2049 3116 eadem

397 3142 627 3195 videtur
657 3140 899 3195 virilitas
947 3158 1301 3210 permanere,
1337 3143 1475 3196 dum
1509 3141 1836 3196 labentibus
1869 3147 1925 3195 et
1955 3159 2052 3197 ca-

400 3221 674 3275 dentibus
725 3219 903 3285 foiiis,
965 3220 1214 3275 subinde
1272 3221 1384 3276 alia
1423 3238 1547 3290 quas
1596 3227 1933 3285 nascuntur,
1967 3221 2025 3276 fa

399 3298 545 3353 ciem
575 3305 920 3354 conservant
950 3301 1256 3370 opacitatis
1289 3317 1301 3356 :
1337 3301 1438 3356 sed
1489 3318 1690 3356 omnes
1724 3303 1780 3356 in
1809 3319 1876 3356 ea
1899 3304 2050 3358 cives

398 3376 759 3435 immortales
815 3385 1003 3445 erunt,
1068 3382 1520 3453 adipiscenlibus
1565 3389 1622 3439 et
1694 3383 2050 3452 hominibus,

400 3461 554 3530 quod
603 3477 908 3532 nunquam
943 3464 1126 3517 sancti
1179 3462 1383 3534 Augeli
1427 3465 1820 3535 perdiderunt.
1858 3464 2054 3519 Faciet

399 3539 509 3595 hoc
557 3540 707 3596 Deus
761 3543 1373 3613 omnipotentissimus
1425 3545 1552 3614 ejus
1593 3544 1876 3600 conditor.
1913 3545 2050 3599 Pro-

398 3621 564 3677 misit
595 3621 771 3684 enim,
825 3639 932 3677 nec
983 3623 1218 3677 mentiri
1268 3629 1463 3694 potest
1505 3630 1603 3690 ;et
1634 3627 1844 3695 quibus
1876 3626 2048 3680 fidem

397 3700 535 3755 hinc
557 3718 791 3771 quoque
823 3703 1058 3769 faceret,
1106 3702 1289 3758 multa
1333 3720 1462 3771 sua,
1494 3709 1550 3758 et
1596 3721 1707 3760 non
1743 3705 2048 3774 promissa,

397 3783 454 3836 et
484 3781 773 3851 promissa
791 3783 916 3850 jam
962 3784 1116 3838 fecit.

464 3860 516 3914 2.
557 3861 683 3929 ipse
721 3867 806 3917 est
836 3863 1014 3929 enim,
1048 3862 1151 3933 qui
1191 3864 1248 3918 in
1279 3862 1564 3933 principio
1595 3863 1856 3917 condidit
1889 3881 2052 3918 mun-

399 3938 563 4006 dum,
598 3941 835 4011 plenum
885 3942 1050 3996 bonis
1081 3943 1358 3998 omnibus
1387 3942 1716 3997 visibilibus
1757 3949 1930 4014 atque
1963 3945 2051 3999 in-

399 4019 803 4088 telligibilibus
846 4021 1041 4085 rebus,
1093 4021 1151 4076 in
1183 4037 1299 4091 quo
1353 4022 1494 4075 nihil
1549 4023 1756 4076 melius
1804 4021 2053 4077 instituit

399 4117 574 4170 quam
609 4101 876 4172 spiritus,
910 4103 1124 4170 quibus
1157 4102 1597 4174 intelligentiam
1637 4104 1814 4172 dedit,
1847 4109 1902 4158 et
1933 4121 2049 4158 suae

400 4182 913 4250 contemplationis
960 4182 1182 4238 habiles
1232 4199 1584 4254 capacesque
1636 4183 1728 4236 sui
1772 4185 2050 4253 praestitit,

401 4266 575 4332 atque
601 4279 717 4316 una
743 4263 1019 4317 societate
1042 4263 1498 4334 devinxit,quam
1518 4270 2054 4332 sanctametsuper-

401 4354 536 4393 nam
554 4340 801 4395 dicimus
823 4342 1136 4407 civitatem,
1161 4343 1218 4396 in
1251 4360 1366 4414 qua
1399 4360 1484 4398 res
1506 4361 1622 4414 qua
1652 4349 2053 4399 sustentantur

400 4419 664 4488 beatique
694 4421 833 4483 sint,
866 4421 1016 4476 Deus
1050 4423 1174 4492 ipse
1204 4424 1323 4478 illis
1346 4431 1455 4488 est,
1490 4433 1767 4495 tanquam
1801 4427 1914 4480 vita
1939 4427 2052 4480 vic-

399 4503 612 4568 tusque
659 4502 1007 4557 communis.
1060 4504 1166 4568 Qui
1217 4503 1458 4559 liberum
1511 4505 1816 4560 arbitrium
1867 4505 2052 4562 eidem

400 4579 776 4635 intellectuali
814 4590 1030 4637 natura:
1063 4585 1270 4638 tribuit
1317 4587 1451 4648 tale,
1487 4593 1549 4640 ut
1586 4587 1634 4640 si
1667 4586 1853 4652 vellet,
1889 4589 2051 4641 dese-

399 4670 542 4716 reret
571 4662 774 4729 Deum,
826 4663 1240 4721 beatitudinem
1274 4666 1496 4722 scilicet
1537 4683 1724 4733 suam,
1775 4668 2051 4722 continuo

401 4742 629 4798 miseria
687 4752 958 4801 secutura
1009 4749 1046 4798 ¹.
1111 4747 1219 4811 Qui
1278 4765 1407 4802 cum
1470 4750 1761 4818 praesciret
1819 4750 2052 4818 angelos

401 4826 687 4893 quosdam
729 4844 827 4898 per
857 4827 1192 4894 elationem,
1242 4847 1359 4901 qua
1403 4830 1508 4898 ipsi
1562 4831 1672 4884 sibi
1722 4830 1794 4884 ad
1827 4831 2050 4887 beatam

401 4903 575 4958 vitam
610 4907 872 4962 suflicere
905 4908 1138 4975 vellent,
1178 4912 1315 4963 tanti
1364 4910 1496 4964 boni
1530 4913 1852 4964 desertores
1893 4911 2053 4966 futu-

403 5000 522 5049 ros,
559 5003 672 5041 non
705 4988 788 5042 eis
823 4989 1045 5042 ademit
1087 4989 1234 5043 hanc
1268 4995 1638 5060 potestatem,
1673 4991 1966 5062 potentius
1995 4998 2053 5048 et

403 5063 612 5120 melius
652 5082 777 5119 esse.
818 5067 1090 5135 judicans
1122 5070 1296 5123 etiam
1340 5071 1410 5124 de
1461 5071 1628 5125 malis
1669 5072 1814 5126 bene
1847 5073 2048 5134 facere,

401 5161 571 5216 quam
609 5145 758 5200 mala
782 5163 910 5203 esse
941 5163 1054 5204 non
1099 5150 1290 5204 sinere
1321 5153 1418 5218 (ὁ).
1453 5150 1587 5214 Quae
1618 5153 1856 5207 omnino
1890 5153 2052 5208 nulla

465 5403 478 5436 ι
514 5400 593 5448 Ite
621 5401 798 5461 plures
830 5415 859 5451 e
879 5403 1148 5466 veteribus
1181 5403 1348 5454 libris.
1379 5404 1517 5453 Editi
1541 5421 1684 5466 vero,
1722 5416 1780 5455 ut
1810 5408 1859 5454 si
1889 5408 2048 5456 vellet

400 5460 642 5526 deserere
672 5466 865 5517 Deum.
897 5465 1287 5514 beatitudinem
1333 5469 1542 5517 scilicet
1572 5460 1752 5526 sua'm,
1785 5471 2049 5519 continuo

399 5525 631 5572 miseria
659 5535 795 5574 esset
823 5539 1102 5576 secutura.

466 5588 537 5644 (αι)
569 5585 806 5644 Scriptus
834 5592 1040 5640 circiter
1067 5590 1279 5640 initium
1315 5593 1442 5640 anni
1465 5591 1574 5643 427.

460 5647 542 5709 (ὸ)
572 5647 718 5701 Οοιιί.
753 5651 845 5700 lib.
875 5652 931 5702 11
962 5654 1027 5704 de
1057 5654 1185 5705 Gen.
1217 5655 1285 5703 ad
1317 5656 1460 5715 Litt.,
1491 5669 1546 5707 n.
1580 5656 1637 5706 12
1666 5660 1718 5707 et
1747 5670 1892 5721 seqq.

1802 1959 2463 2013 mw

2170 2104 2385 2166 essent,
2418 2097 2526 2154 nisi
2579 2105 2787 2153 natura
2819 2097 3137 2167 mutabilis,
3192 2100 3462 2170 quamvis
3493 2100 3663 2162 bona,
3697 2102 3756 2154 et
3785 2115 3819 2153 a

2171 2194 2404 2233 summo
2445 2180 2559 2236 Deo
2591 2185 2767 2250 atque
2802 2181 3267 2235 incommutabili
3318 2181 3488 2249 bono,
3538 2181 3638 2252 qui
3671 2179 3818 2235 bona

2169 2259 2367 2314 omnia
2411 2261 2687 2325 condidit,
2736 2260 3025 2329 instituta,
3091 2263 3381 2331 peccando
3429 2278 3498 2316 ea
3541 2260 3652 2316 sibi
3703 2260 3818 2330 ipsi

2169 2339 2419 2394 fecisset.
2453 2341 2574 2404 Quo
2607 2339 2780 2395 etiam
2833 2346 3064 2410 peccato
3113 2357 3221 2396 suo
3253 2346 3398 2397 teste
3428 2340 3816 2408 convincitur,

2168 2417 2375 2473 bonam
2421 2421 2714 2475 conditam
2748 2436 2811 2475 se
2859 2437 2984 2475 esse
3017 2426 3302 2477 naturam.
3350 2420 3472 2476 Nisi
3515 2421 3671 2476 enim
3703 2436 3820 2476 ma-

2166 2515 2346 2570 gnum
2376 2505 2433 2554 et
2469 2501 2618 2571 ipsa,
2656 2500 2794 2554 licet
2826 2518 2941 2554 non
2991 2501 3210 2571 aequale
3241 2502 3556 2568 Conditori,
3595 2503 3814 2556 bonum

2166 2584 2341 2645 esset,
2385 2586 2638 2650 profecto
2693 2582 2942 2636 desertio
2977 2582 3075 2636 Dei
3125 2593 3399 2653 tanquam
3451 2582 3692 2637 luminis
3724 2583 3813 2636 sui

2167 2659 2386 2714 malum
2419 2663 2546 2730 ejus
2578 2677 2706 2716 esse
2743 2678 2855 2716 non
2883 2667 3078 2730 posset
3107 2662 3208 2732 (ιι).
3235 2662 3376 2716 Nam
3412 2662 3816 2717 sicutcaacitas

2164 2741 2314 2795 oculi
2369 2742 2572 2796 vitium
2605 2748 2710 2810 est,
2748 2750 2800 2797 et
2833 2742 2984 2796 idem
3023 2743 3207 2812 ipsum
3262 2742 3483 2797 indicat
3513 2746 3580 2798 ad
3617 2743 3814 2798 lumen

2163 2822 2480 2877 videndum
2537 2825 2770 2878 oculum
2803 2840 2926 2878 esse
2957 2830 3240 2888 creatum,
3272 2841 3337 2878 ac
3371 2841 3469 2894 per
3499 2825 3606 2879 hoc
3637 2826 3816 2880 etiam

2163 2901 2290 2971 ipso
2322 2903 2458 2957 vitio
2492 2921 2597 2958 suo
2619 2902 2997 2958 excellentius
3025 2904 3350 2958 ostenditur
3379 2905 3601 2958 caeteris
3623 2920 3815 2959 mem-

2160 2981 2283 3036 bris
2334 2986 2664 3037 membrum
2709 3000 2891 3054 eapax
2969 2983 3216 3038 luminis
3276 2984 3417 3053 (non
3481 2983 3632 3038 enim
3695 2983 3815 3039 alia

2162 3075 2340 3115 causa
2370 3071 2514 3117 esset
2539 3064 2743 3118 vitium
2775 3065 2900 3133 ejus
2934 3079 3128 3120 carere
3157 3061 3404 3133 lumine)
3438 3080 3451 3118 :
3483 3065 3560 3119 ita
3599 3069 3818 3118 natura

2163 3157 2288 3210 qua)
2335 3142 2630 3197 fruebatur
2665 3145 2795 3210 Deo,
2843 3146 3119 3214 optimam
3173 3161 3235 3200 se
3275 3145 3604 3200 institutam
3645 3146 3819 3201 docet

2161 3219 2334 3274 etiam
2380 3221 2507 3292 ipso
2562 3222 2719 3288 vitio,
2761 3241 2876 3294 quo
2921 3225 3048 3280 ideo
3096 3225 3304 3280 misera
3353 3230 3462 3294 est,
3515 3226 3650 3295 quia
3699 3241 3813 3280 non

2163 3299 2376 3354 fruitur
2414 3301 2529 3355 Deo
2579 3302 2725 3373 ;qui
2776 3320 2977 3358 casum
3029 3303 3368 3375 angelorum
3417 3304 3813 3360 voluntarium

2161 3379 2486 3448 justissima
2520 3397 2683 3448 pmna
2733 3383 3104 3454 sempiterna:
3149 3384 3511 3440 infelicitatis
3561 3384 3817 3439 obstrin-

2162 3458 2265 3527 xit,
2299 3466 2474 3532 atque
2505 3463 2562 3515 in
2604 3479 2670 3516 eo
2702 3479 2933 3518 summo
2982 3465 3134 3518 bono
3189 3466 3672 3535 permanantibus
3702 3481 3816 3520 caa-

2161 3539 2320 3604 teris,
2356 3547 2418 3593 ut
2443 3540 2513 3594 de
2544 3559 2650 3596 sua
2680 3543 2806 3597 sine
2841 3544 2954 3599 fine
3005 3545 3400 3614 permansione
3433 3546 3571 3600 certi
3597 3549 3818 3612 essent,

2161 3626 2437 3690 tanquam
2481 3623 2667 3691 ipsius
2700 3624 3001 3694 praemium
3048 3627 3472 3694 permansionis
3502 3626 3682 3680 dedit.
3705 3627 3819 3691 Qui

2161 3699 2294 3753 fecit
2325 3702 2619 3757 hominem
2654 3704 2849 3774 ipsum
2882 3706 3053 3759 etiam
3090 3713 3310 3760 rectum
3337 3722 3470 3762 cum
3503 3708 3708 3761 eodem
3743 3707 3816 3760 li-

2161 3779 2296 3833 bero
2321 3781 2582 3848 arbitrio,
2601 3788 2898 3838 terrenum
2925 3785 3154 3854 quidem
3180 3785 3419 3850 animal,
3439 3790 3532 3841 sed
3557 3788 3701 3841 ccelo
3723 3787 3819 3840 di-

2160 3874 2363 3929 gnum,
2396 3862 2444 3915 si
2477 3878 2584 3917 suo
2605 3863 2915 3920 cohmreret
2954 3867 3167 3920 auctori
3203 3883 3215 3920 :
3253 3867 3481 3922 miseria
3521 3866 3818 3932 similiter,

2161 3939 2211 3994 si
2238 3957 2368 3994 cum
2399 3941 2709 4008 desereret,
2736 3951 3026 4006 secutura,
3052 3945 3239 4016 qualis
3271 3953 3493 4002 naturae
3515 3948 3822 4018 hujusmo-

2163 4019 2218 4073 di
2251 4022 2601 4079 conveniret.
2637 4027 2810 4089 Quem
2859 4027 3126 4080 similiter
3168 4043 3298 4081 cum
3351 4028 3818 4096 praevaricatione

2161 4097 2304 4170 legis
2345 4101 2445 4154 Dei
2489 4119 2588 4174 per
2646 4104 2746 4158 Dei
2793 4106 3181 4162 desertionem
3255 4116 3632 4180 peccaturum
3691 4124 3818 4165 esse

2163 4183 2478 4265 praiseiret,
2504 4201 2607 4239 nec
2640 4187 2723 4241 illi
2757 4189 2975 4242 ademit
3009 4189 3172 4244 liberi
3199 4193 3420 4246 arbitrii
3446 4199 3816 4265 potestatem,

2161 4263 2336 4346 simul
2364 4266 2706 4346 prmvidens,
2740 4268 2880 4338 quid
2916 4270 3050 4324 boni
3078 4271 3146 4326 de
3171 4272 3324 4327 malo
3356 4263 3484 4341 ejus
3513 4281 3669 4330 esset
3694 4278 3820 4346 ipse

2164 4342 2444 4426 facturus,
2478 4345 2576 4414 qui
2609 4348 2678 4400 de
2724 4349 2953 4403 mortali
3007 4353 3276 4422 progenie
3310 4355 3515 4408 merito
3538 4342 3819 4426 justeque

2162 4422 2439 4507 damnata
2486 4432 2710 4507 tantum
2767 4433 3044 4500 pepulum
3097 4433 3282 4502 gratia
3331 4451 3439 4489 sua
3480 4422 3736 4507 colligit,
3759 4439 3820 4490 ut

2163 4502 2634 4586 indeisuppleat,
2665 4513 2720 4563 et
2751 4511 3033 4566 instauret
3080 4518 3298 4581 partem
3349 4531 3477 4585 quae
3522 4502 3683 4586 lapsa
3730 4521 3821 4571 est

2162 4585 2538 4665 angelorum;
2563 4606 2628 4642 ac
2655 4589 2736 4644 sic
2761 4590 2856 4645 illa
2880 4593 3087 4648 dilecta
3109 4599 3164 4649 et
3187 4613 3439 4665 superna
3479 4585 3681 4652 civitas
3707 4615 3819 4653 non

2163 4664 2466 4720 fraudetur
2496 4685 2732 4724 suorum
2768 4689 3012 4727 numero
3043 4664 3283 4742 civium,
3315 4677 3460 4747 quin
3500 4680 3676 4733 etiam
3714 4679 3822 4734 for-

2164 4747 2342 4801 tassis
2371 4754 2428 4802 et
2459 4749 2722 4806 uberiore
2752 4750 2975 4808 lietetur
3003 4754 3103 4826 (ὁ).

2162 4911 2397 5047 ΟιῖΡιυΤ
2421 4914 2491 4971 Il.
2515 4947 2583 4958 --
2613 4917 2689 4974 De
2710 4927 2917 4976 aeterna
2940 4921 3034 4976 Dei
3066 4926 3120 4976 et
3150 4923 3598 4981 incommutabili
3625 4928 3820 4984 volun-

2255 5008 2288 5046 a
2314 5010 2362 5047 e.

2255 5008 2362 5048 ale.

2234 5156 2282 5210 1.
2318 5155 2498 5211 Multa
2540 5158 2693 5214 enim
2742 5161 2887 5217 fiunt
2919 5163 3156 5235 quidem
3189 5184 3222 5223 a
3255 5167 3426 5223 malis
3459 5179 3667 5226 contra
3714 5189 3821 5228 vo-

2158 5233 2444 5326 luntatem
2480 5239 2575 5326 Dei
2603 5257 2615 5295 :
2640 5241 2738 5295 sed
2773 5233 3054 5326 tantreest
3078 5245 3177 5302 ille
3207 5249 3503 5317 sapientia
3529 5257 3820 5324 tantaeque

2158 5319 2407 5385 virtutis,
2441 5323 2504 5373 ut
2533 5319 2588 5374 in
2641 5337 2739 5376 eos
2770 5324 2958 5380 exitus
3009 5324 3128 5381 sive
3159 5327 3326 5396 fines,
3361 5346 3508 5401 quos
3553 5319 3744 5390 bonos
3763 5333 3821 5391 et

2223 5598 2292 5666 (ᾳ)
2320 5599 2438 5666 vis.
2472 5601 2760 5666 Enchirid.,
2791 5618 2845 5656 ιι.
2876 5608 2922 5656 4.

2225 5660 2286 5725 (ὁ)
2318 5662 2470 5722 Ibid.,
2492 5678 2545 5716 n.
2576 5666 2624 5717 9.
