4134 6198
345 380 463 440 753

336 517 533 587 justos
553 512 678 584 ipse
710 515 1014 583 praescivit,
1041 512 1284 569 tendant
1312 513 1530 576 omnia,
1554 530 1680 586 quae
1713 513 1998 568 voluntati

345 597 472 665 ejus
495 598 762 649 videntur
791 598 1047 650 adversa.
1073 597 1151 650 Ac
1184 611 1282 665 per
1305 593 1412 648 hoc
1444 611 1572 648 cum
1595 594 1745 648 Deus
1772 600 1997 647 mutare

345 679 561 731 dicitur
589 677 966 745 voluntatem,
997 681 1058 730 ut
1090 677 1300 747 quibus
1334 677 1480 731 lenis
1511 682 1653 743 erat,
1686 677 1839 729 verbi
1871 692 1997 746 gra-

345 757 442 820 tia,
474 753 751 809 reddatur
800 757 997 821 iratus,
1031 755 1112 809 illi
1165 756 1354 826 potius
1387 773 1559 828 quam
1604 757 1727 827 ipse
1760 762 1994 810 mutan-

346 842 464 903 tur,
499 841 556 889 et
582 851 714 889 eum
750 837 1180 906 quodammodo
1213 843 1506 892 mutatum
1538 837 1595 890 in
1629 837 1720 890 his
1747 852 1873 906 quae
1902 854 1997 906 pa-

348 915 573 969 tiuntur
603 915 946 969 inveniunt:
973 917 1123 970 sicut
1155 921 1411 972 mutatur
1435 915 1518 972 sol
1555 915 1741 970 oculis
1775 915 1998 970 saucia-

347 995 441 1061 tis,
476 1000 531 1048 et
562 1011 729 1066 asper
761 997 1190 1066 quodammodo
1222 1012 1288 1051 ex
1322 995 1467 1063 miti,
1491 1001 1546 1050 et
1575 1013 1643 1050 ex
1673 995 1996 1050 delectabili

351 1074 630 1131 molestus
660 1075 929 1142 efficitur,
954 1092 1086 1132 cum
1121 1077 1244 1147 ipse
1267 1077 1417 1148 apud
1453 1093 1510 1131 se
1540 1076 1734 1148 ipsum
1771 1082 1997 1131 maneat

348 1157 497 1212 idem
544 1156 645 1226 qui
694 1155 819 1210 fuit.
858 1156 1078 1211 Dicitur
1120 1157 1293 1212 etiam
1344 1159 1610 1211 voluntas
1665 1158 1780 1219 Dei,
1818 1172 1991 1227 quam

348 1238 486 1293 facit
517 1238 573 1291 in
596 1236 869 1291 cordibus
889 1238 1278 1292 obedientium
1307 1238 1593 1292 mandatis
1616 1237 1763 1307 ejus,
1788 1239 1856 1290 de
1877 1253 1996 1307 qua

348 1319 490 1373 dicit
514 1317 845 1388 Apostolus,
883 1319 1015 1372 Deus
1044 1325 1120 1372 est
1147 1321 1314 1385 enim,
1338 1320 1430 1389 qui
1461 1328 1725 1388 operatur
1755 1320 1814 1372 in
1848 1318 1994 1372 vobis

345 1404 397 1454 et
426 1399 564 1452 velle
594 1399 862 1469 (Philipp.
885 1415 948 1462 ιι,
977 1400 1083 1469 13).
1110 1400 1268 1454 Sicut
1291 1401 1522 1469 justitia
1555 1399 1571 1432 ί
1607 1398 1727 1464 Dei,
1763 1415 1874 1454 non
1908 1413 1991 1451 so-

342 1479 465 1533 lum
491 1494 600 1548 qua
621 1479 959 1548 ipsejustus
986 1485 1072 1533 est
1103 1478 1339 1543 dicitur,
1364 1481 1462 1534 sed
1489 1479 1586 1534 illa
1609 1479 1780 1533 etiam
1818 1493 1993 1548 quam

345 1562 402 1616 in
438 1558 694 1624 homine,
729 1559 830 1630 qui
863 1560 934 1612 ab
965 1558 1457 1630 illojustificatur,
1494 1561 1623 1614 facit
1660 1576 1671 1613 :
1705 1558 1788 1614 sic
1820 1565 1874 1613 et
1904 1558 1994 1613 lex

345 1642 473 1710 ejus
502 1645 758 1708 vocatur,
791 1655 917 1710 quae
952 1639 1148 1710 potius
1178 1645 1268 1694 est
1310 1641 1635 1706 hominum,
1669 1639 1768 1694 sed
1803 1639 1874 1692 ab
1908 1639 1992 1709 ip-

345 1737 410 1776 so
459 1721 586 1774 data
616 1720 657 1774 ³.
689 1719 832 1774 Nam
876 1721 1075 1790 utique
1123 1719 1384 1774 homines
1429 1726 1616 1782 erant,
1649 1718 1862 1788 quibus
1913 1717 1995 1774 ait

343 1801 535 1866 Jesus,
567 1803 631 1854 In
680 1801 796 1869 lege
841 1807 1030 1856 vestra
1081 1804 1348 1871 scriptum
1378 1807 1456 1855 est
1488 1803 1665 1872 (loan.
1694 1817 1815 1863 vur,
1854 1802 1940 1867 17)
1976 1815 1989 1854 :

345 1899 479 1936 cum
515 1881 626 1936 alio
649 1880 771 1936 loco
807 1881 1086 1950 legamus,
1110 1886 1224 1937 Lex
1255 1883 1351 1937 Dei
1371 1885 1487 1949 eius
1518 1885 1577 1936 in
1606 1887 1768 1938 corde
1790 1881 1987 1951 ipsius.

347 1961 520 2032 (Psal.
544 1977 733 2024 xxxvr,
757 1961 863 2029 31).
890 1961 1225 2015 Secundum
1250 1961 1396 2016 hanc
1419 1961 1793 2027 voluntatem,
1819 1977 1989 2032 quam

346 2043 495 2099 Deus
539 2048 814 2114 operatur
844 2044 899 2097 in
952 2042 1310 2109 hominibus,
1343 2044 1512 2098 etiam
1566 2043 1712 2098 velle
1755 2043 1990 2108 dicitur,

345 2124 498 2195 quod
533 2122 656 2193 ipse
687 2140 799 2178 non
832 2123 978 2191 vult,
1013 2122 1115 2176 sed
1147 2138 1283 2176 suos
1315 2123 1371 2176 id
1407 2122 1664 2176 volentes
1697 2122 1832 2176 facit
1864 2137 1878 2175 :
1912 2122 1992 2175 si-

344 2213 438 2259 cut
463 2205 678 2259 dicitur
698 2203 1062 2276 cognovisse,
1088 2204 1240 2274 quod
1278 2208 1339 2257 ut
1364 2210 1806 2270 cognosceretur
1838 2201 1991 2268 fecit,

343 2303 375 2342 a
403 2286 618 2357 quibus
651 2284 1043 2355 ignorabatur.
1069 2283 1266 2354 Neque
1299 2283 1454 2338 enim
1487 2283 1716 2337 dicente
1751 2285 1992 2352 Aposto-

341 2365 417 2432 lo,
465 2366 618 2419 Nunc
663 2374 850 2419 autem
894 2368 1268 2426 cognoscentes
1320 2364 1508 2427 Deum,
1561 2362 1670 2416 imo
1717 2363 1931 2434 cogniti
1961 2379 1995 2417 α

339 2447 445 2502 Deo
491 2446 802 2516 (Galat.1v,
833 2446 911 2513 9),
946 2446 1032 2500 fas
1083 2450 1171 2500 est
1224 2454 1279 2500 ut
1331 2445 1660 2509 credamus,
1696 2445 1846 2514 quod
1895 2460 1994 2498 eos

343 2534 482 2581 tunc
503 2524 833 2588 cognoverit
864 2523 1016 2578 Deus
1049 2523 1434 2594 praecognitus
1467 2528 1599 2578 ante
1632 2521 1992 2578 constitutio-

343 2621 476 2661 nem
507 2605 708 2659 mundi
741 2604 785 2674 (I
809 2605 954 2657 Petr.
987 2619 1026 2668 ι,
1058 2603 1188 2673 20):
1218 2603 1315 2657 sed
1343 2608 1479 2657 tunc
1511 2602 1849 2674 cognovisse
1871 2603 1996 2656 dic-

347 2693 441 2740 tus
471 2690 582 2748 est,
615 2684 764 2754 quod
799 2688 938 2737 tunc
971 2688 1032 2736 ut
1080 2687 1524 2754 cognosceretur
1553 2684 1758 2738 effecit.
1795 2682 1873 2737 De
1903 2682 1996 2737 his

343 2765 706 2821 locutionum
743 2763 923 2818 modis
945 2765 1070 2832 jam
1093 2768 1150 2818 et
1171 2766 1226 2816 in
1260 2764 1662 2834 superioribus
1689 2763 1851 2817 libris
1882 2779 2000 2818 me-

349 2845 494 2900 mini
541 2844 919 2914 disputatum.
951 2844 1282 2899 Secundum
1333 2843 1482 2899 hanc
1548 2860 1684 2916 ergo
1735 2843 1996 2899 volunta-

346 2928 487 2989 tem,
539 2940 654 2994 qua
714 2922 897 2978 Deum
947 2922 1089 2978 velle
1132 2922 1385 2978 dicimus
1425 2925 1575 2994 quod
1625 2922 1771 2978 alios
1821 2923 1998 2978 efficit

344 3001 510 3069 velle,
543 3017 576 3055 a
607 3000 820 3072 quibus
853 3002 1050 3056 fntura
1100 3001 1463 3070 nesciuntur,
1497 3001 1682 3057 multa
1714 3002 1857 3067 vult,
1892 3018 1996 3057 nec

344 3082 502 3138 facit.

412 3164 466 3218 2.
501 3162 620 3235 [IL]
651 3160 831 3216 Multa
860 3161 1014 3216 enim
1049 3161 1252 3217 volunt
1281 3162 1402 3217 fieri
1436 3162 1623 3218 sancti
1647 3165 1772 3233 ejus
1795 3164 1866 3218 ab
1893 3162 1995 3220 illo

341 3244 629 3314 inspirata
660 3247 864 3298 sancta
893 3241 1204 3310 voluntate,
1240 3258 1342 3298 nec
1396 3243 1576 3310 fiunt;
1629 3245 1784 3300 sicut
1824 3248 1996 3299 orant

342 3340 444 3394 pro
476 3322 833 3394 quibusdam
867 3322 958 3392 pie
989 3326 1327 3392 sancteque,
1361 3326 1419 3376 et
1457 3323 1607 3391 quod
1659 3328 1830 3377 orant
1879 3340 1993 3378 non

339 3405 496 3469 facit,
530 3419 662 3458 cum
693 3403 819 3472 ipse
851 3403 908 3456 in
939 3402 1023 3456 eis
1048 3401 1198 3457 hanc
1229 3403 1430 3457 orandi
1455 3403 1809 3460 voluntatem
1833 3419 1995 3458 sanc-

342 3489 401 3540 to
430 3483 646 3554 Spiritu
679 3500 782 3538 suo
819 3482 1032 3538 fecerit.
1069 3485 1146 3537 Ac
1179 3498 1280 3554 per
1327 3482 1456 3549 hoc,
1509 3485 1740 3554 quando
1785 3499 1995 3538 secun-

347 3564 488 3620 dum
521 3566 706 3619 Deum
738 3562 941 3619 volunt
973 3569 1029 3618 et
1057 3569 1226 3618 orant
1251 3563 1460 3630 sancti,
1512 3569 1573 3618 ut
1619 3563 1872 3634 quisque
1919 3563 1996 3618 sit

347 3647 562 3713 salvus,
597 3659 910 3714 possumus
941 3643 1040 3697 illo
1073 3643 1243 3698 modo
1266 3642 1574 3698 locutionis
1605 3643 1816 3711 dicere,
1857 3642 1996 3698 Vult

350 3726 505 3782 Deus
536 3731 593 3780 et
624 3741 738 3779 non
769 3725 936 3791 facit;
974 3729 1037 3778 ut
1066 3723 1258 3793 ipsum
1293 3723 1562 3778 dicamus
1584 3723 1749 3793 velle,
1793 3724 1891 3794 qui
1933 3731 1995 3779 ut

345 3807 528 3862 velint
559 3807 652 3861 isti
688 3804 842 3860 facit.
880 3805 1214 3860 Secundum
1257 3805 1415 3858 illam
1462 3821 1595 3860 vero
1634 3804 1993 3860 voluntatem

343 3903 688 3958 suam,qusa
721 3901 851 3940 cum
897 3887 1025 3955 ejus
1068 3883 1430 3956 praescientia
1479 3888 1832 3956 sempiterna
1882 3891 1991 3953 est,

344 3969 598 4038 profecto
631 3968 689 4021 in
721 3967 863 4021 ccelo
911 3971 966 4020 et
1026 3965 1085 4020 in
1142 3969 1296 4019 terra
1354 3967 1552 4020 omnia
1610 3983 1992 4037 quaecumque

341 4049 547 4116 voluit,
595 4063 708 4101 non
760 4047 950 4101 solum
1011 4045 1300 4117 praeterita
1358 4047 1444 4100 vel
1506 4049 1828 4116 prasentia.
1889 4048 1989 4101 sed

340 4130 515 4184 etiam
546 4129 740 4182 futura
765 4128 886 4196 jam
921 4127 1053 4182 fecit
1086 4124 1260 4197 (Psal.
1305 4142 1465 4192 cxut,
1519 4127 1552 4181 3
1601 4128 1725 4199 bis).
1779 4128 1989 4183 Verum

341 4219 652 4281 antequam
684 4209 875 4264 veniat
905 4213 1158 4279 tempus,
1194 4225 1308 4280 quo
1338 4209 1520 4263 voluit
1545 4214 1607 4263 ut
1631 4211 1810 4274 fieret,
1836 4210 1988 4279 quod

340 4297 475 4346 ante
507 4298 768 4359 tempora
801 4290 1070 4343 universa
1112 4290 1398 4358 praseivit
1448 4296 1621 4360 atque
1674 4289 1986 4359 disposuit,

339 4372 615 4435 dicimus,
649 4369 770 4424 Fiet
803 4371 1034 4439 quando
1068 4369 1222 4424 Deus
1255 4371 1518 4426 voluerit.
1552 4370 1608 4424 Si
1643 4375 1837 4423 autem
1874 4386 1986 4423 non

337 4451 528 4508 solum
553 4459 786 4520 tempus
809 4465 926 4520 quo
952 4450 1210 4503 futurum
1235 4455 1342 4516 est,
1371 4465 1564 4504 verum
1591 4449 1762 4504 etiam
1789 4456 1985 4504 utrum

338 4531 602 4587 futurum
638 4531 715 4584 sit
745 4530 1103 4599 ignoramus,
1138 4529 1408 4596 dicimus,
1441 4530 1582 4594 Fiet,
1617 4530 1662 4584 si
1698 4529 1848 4584 Deus
1879 4547 1987 4585 vo-

338 4611 552 4666 luerit:
586 4626 700 4664 non
733 4611 874 4679 quia
926 4609 1080 4663 Deus
1112 4624 1316 4662 novam
1370 4608 1747 4676 voluntatem,
1808 4626 1985 4680 quam

337 4709 454 4747 non
489 4691 715 4754 habuit,
750 4700 889 4744 tunc
930 4689 1203 4754 habebit;
1246 4689 1347 4743 sed
1405 4690 1539 4758 quia
1598 4690 1653 4742 id
1709 4693 1858 4759 quod
1919 4707 1989 4744 ex

337 4773 659 4828 aeternitate
692 4772 749 4825 in
784 4772 914 4841 ejus
946 4769 1296 4824 immutabili
1332 4774 1720 4841 prteparatum
1763 4777 1850 4824 est
1888 4787 1985 4826 vo-

337 4852 586 4918 luntate,
622 4858 764 4908 tunc
793 4853 920 4908 erit.

337 5015 570 5072 CAPUT
610 5015 704 5070 IlI.
737 5045 804 5055 —-
833 5015 908 5070 De
954 5015 1316 5084 promissione
1362 5019 1582 5066 eterna
1631 5011 1991 5067 beatitudinis

498 5100 815 5152 sanctorum
844 5101 894 5151 et
911 5097 1184 5166 perpetuis
1203 5092 1488 5164 suppliciis
1519 5095 1836 5165 impiorum.

413 5233 796 5303 Quapropter,
848 5234 912 5284 ut
963 5234 1160 5284 cetera
1226 5235 1343 5282 tam
1403 5229 1584 5282 multa
1631 5233 1989 5298 praeteream,

345 5314 501 5369 sicut
531 5329 684 5367 nunc
718 5313 771 5366 in
805 5311 1033 5366 Christo
1065 5309 1326 5363 videmus
1360 5310 1586 5380 impleri
1639 5311 1794 5380 quod
1851 5326 1990 5378 pro-

413 5546 430 5579 ¹
466 5543 551 5593 Sic
581 5545 702 5592 Mss.
750 5546 818 5592 At
845 5543 992 5602 editi,
1042 5543 1100 5592 in
1152 5543 1305 5591 nobis
1352 5552 1401 5591 et
1431 5543 1584 5591 velle.
1637 5543 1797 5591 Sicut
1842 5543 1992 5592 enim

344 5606 606 5666 justitta,
640 5610 736 5655 etc.

413 5669 435 5702 ²
466 5671 580 5717 Am.
614 5669 698 5717 Er.
730 5671 783 5718 et
814 5669 958 5724 Lov.,
995 5670 1128 5718 data
1176 5667 1506 5717 hominibus.
1537 5668 1717 5725 Abest,
1748 5667 1993 5718 homini-

355 5730 474 5791 bus,
505 5743 540 5781 δ
564 5732 720 5784 Vind.
748 5734 802 5782 et
827 5732 949 5781 Mss.

1437 378 1666 439 LIBER
1708 374 2138 440 VIGESIMUS
2186 380 2620 444 SECUNDUS.

3641 383 3760 442 754

2110 515 2266 570 misit
2293 517 2558 581 Abrahae,
2611 516 2831 580 dicens,
2875 516 2935 570 In
2985 515 3196 570 semine
3241 522 3332 570 tuo
3373 516 3760 572 benedicentur

2113 611 2298 650 omnes
2323 595 2678 663 gentes(Gen.
2713 612 2848 658 χχιι,
2874 595 2962 666 18)
2989 610 3000 647 :
3036 596 3114 648 ita
3153 594 3309 665 quod
3339 597 3522 650 eidem
3547 593 3760 650 semini

2113 675 2241 745 ejus
2283 677 2568 746 promisit,
2611 675 2975 745 implebitur,
3013 675 3109 728 ubi
3143 677 3224 729 ait
3265 691 3362 743 per
3395 677 3756 746 prephetam,

2114 757 2413 823 Resurgent
2443 757 2540 826 qui
2569 761 2726 810 erant
2779 758 2837 809 in
2893 756 3303 816 monumentis;
3358 760 3414 810 et
3462 757 3615 825 quod
3659 758 3760 824 ait,

2115 839 2234 891 Erit
2261 837 2457 892 caelum
2486 853 2682 890 novum
2705 841 2755 890 et
2787 843 2937 889 terra
2968 851 3124 903 nova,
3157 842 3208 890 et
3239 852 3347 891 non
3367 847 3527 890 erunt
3557 852 3763 893 memo-

2110 935 2193 974 res
2220 919 2498 988 priorum,
2531 934 2630 972 nec
2661 918 2952 972 ascendent
2982 917 3039 971 in
3071 933 3163 972 cor
3193 918 3468 987 ipsorum;
3498 916 3589 971 sed
3620 918 3760 972 laeti-

2113 998 2243 1053 tiam
2278 1004 2328 1053 et
2359 999 2792 1053 exsultationem
2827 998 3105 1052 invenient
3136 999 3195 1052 in
3225 1013 3305 1052 ea.
3343 990 3506 1052 Ecce‘
3536 1013 3629 1067 ego
3667 1001 3758 1066 fa-

2109 1080 2254 1134 ciam
2282 1079 2582 1135 .Ierusalem
2611 1080 3033 1134 exsultationem
3053 1082 3104 1132 et
3131 1078 3395 1148 populum
3415 1095 3594 1133 meum
3617 1077 3758 1134 (xti-

2111 1160 2281 1221 tiam;
2312 1169 2362 1215 et
2392 1160 2680 1214 exsultabo
2702 1162 2758 1212 in
2789 1159 3117 1224 Jerusalem,
3151 1163 3202 1212 et
3232 1159 3464 1215 letabor
3496 1160 3553 1213 in
3575 1173 3754 1229 papu-

2111 1243 2160 1297 ιο
2191 1258 2306 1297 meo
2322 1259 2341 1302 ;
2371 1251 2420 1296 et
2450 1242 2599 1295 ultra
2629 1257 2737 1294 non
2769 1241 3029 1294 audietur
3061 1241 3117 1292 in
3146 1255 3209 1294 ea
3247 1255 3350 1293 vox
3377 1241 3541 1308 ﬂetus
3588 1239 3752 1300 ,Isai.

2110 1340 2264 1386 xxvr,
2298 1323 2384 1388 19,
2417 1337 2523 1377 sec.
2556 1320 2737 1386 LXX;
2782 1337 2906 1385 va,
2944 1319 3127 1374 17-19.
3161 1335 3265 1376 sec.
3309 1319 3501 1388 LXX).
3536 1318 3604 1373 Et
3655 1335 3756 1389 per

2109 1404 2290 1458 alium
2326 1403 2689 1472 prophetam,
2721 1401 2869 1471 quod
2903 1399 3528 1468 prmnuntiavitdicens
3563 1397 3751 1453 eidem

2109 1483 2423 1554 prophetae,
2456 1483 2518 1536 In
2547 1487 2793 1545 tempore
2840 1479 2945 1534 illo
2991 1480 3298 1534 salvabitur
3339 1481 3578 1548 papulas
3625 1483 3753 1532 tuus

2107 1566 2284 1619 omnis
2313 1565 2410 1634 qui
2439 1566 2692 1616 inventus
2711 1559 2885 1630 fuerit
2914 1562 3150 1630 scriptus
3189 1562 3248 1614 in
3292 1560 3466 1615 libro:
3512 1563 3562 1613 et
3593 1560 3756 1613 multi

2106 1645 2492 1699 dormientium
2516 1642 2577 1696 in
2609 1647 2769 1696 terrae
2795 1641 3022 1710 puluere
3046 1640 3206 1709 (sive,
3230 1644 3290 1693 ut
3312 1640 3553 1709 quidam
3586 1639 3758 1693 inter-

2108 1724 2310 1794 pretati
2345 1730 2504 1788 sunt,
2536 1723 2755 1790 aggere)
2803 1724 3138 1790 exsurgent;
3173 1720 3231 1773 hi
3283 1719 3342 1773 in
3387 1722 3556 1773 vitam
3605 1721 3760 1772 eter-

2106 1821 2258 1870 nam,
2282 1811 2331 1858 et
2367 1803 2431 1858 hi
2461 1805 2516 1858 in
2561 1801 2914 1871 opprobrium
2973 1803 3023 1854 et
3079 1798 3453 1868 confusionem
3499 1806 3758 1853 aeternam

2107 1886 2270 1956 (Dan.
2304 1899 2402 1950 xu,
2433 1885 2458 1937 1
2491 1891 2544 1935 et
2572 1884 2646 1950 2).
2678 1881 2744 1935 Et
2775 1879 2886 1934 alio
2920 1880 3043 1933 loco
3078 1895 3174 1949 per
3204 1879 3473 1933 eumdem
3509 1878 3759 1948 prophe-

2106 1969 2225 2018 tam
2264 1979 2275 2015 :
2311 1963 2587 2030 Accipient
2618 1976 2849 2027 regnum
2871 1960 3049 2012 sancti
3088 1957 3380 2022 Altissimi,
3435 1961 3483 2011 et
3540 1959 3754 2012 obtine-

2108 2043 2240 2097 bunt
2274 2043 2424 2096 illud
2456 2055 2619 2110 usque
2641 2043 2696 2092 in
2728 2040 3007 2092 saeculum.
3058 2042 3109 2091 et
3164 2053 3333 2108 usque
3379 2037 3440 2090 in
3495 2039 3756 2092 saeculum

2104 2123 2431 2178 saeculomm
2463 2119 2564 2190 (Id.
2614 2135 2707 2183 vn,
2761 2119 2870 2188 18).
2921 2117 2990 2170 Et
3047 2116 3214 2187 paulo
3270 2122 3423 2187 post,
3485 2119 3750 2184 Regnum,

2105 2203 2320 2273 inquit,
2379 2201 2498 2271 ejus
2550 2214 2779 2267 regnum
2829 2200 3220 2267 sempiternum
3276 2195 3463 2266 (Ibid.,
3511 2196 3624 2264 27).
3683 2196 3754 2250 Et

2107 2282 2217 2338 alia
2250 2298 2376 2354 quae
2406 2281 2476 2334 ad
2510 2279 2617 2334 hoc
2649 2277 3000 2349 pertinentia
3023 2277 3079 2330 in
3113 2275 3262 2331 libro
3286 2275 3562 2330 vicesimo
3584 2273 3753 2345 posui

2107 2368 2247 2434 (cap.
2277 2363 2342 2416 2t
2376 2363 2538 2433 sqq.),
2587 2361 2703 2415 sive
2758 2376 2886 2430 qua:
2935 2375 3048 2413 non
3099 2357 3286 2428 posui,
3328 2365 3382 2411 et
3441 2362 3633 2411 tamen
3690 2357 3751 2411 in

2107 2445 2322 2502 eisdem
2358 2441 2591 2497 Litteris
2623 2441 2839 2511 scripta
2869 2443 3010 2493 sunt
3036 2454 3048 2492 :
3073 2438 3308 2492 venient
3336 2441 3393 2491 et
3422 2436 3564 2503 hac,
3602 2436 3756 2492 sicut

2108 2529 2164 2581 et
2194 2524 2301 2578 ista
2333 2525 2639 2589 venerunt,
2672 2536 2803 2592 quas.
2833 2517 3120 2574 increduli
3153 2532 3270 2572 non
3303 2516 3585 2588 putabant
3623 2533 3753 2571 esse

2107 2609 2371 2660 ventura.
2431 2603 2590 2656 Idem
2669 2599 2885 2671 quippe
2955 2599 3102 2653 Deus
3159 2602 3405 2665 utraque
3465 2595 3754 2666 promisit,

2111 2691 2356 2756 utraque
2382 2688 2629 2738 ventura
2659 2697 2788 2737 esse
2834 2679 3113 2751 praedixit,
3178 2693 3348 2748 quem
3407 2677 3756 2748 perhorres-

2110 2770 2249 2822 cunt
2282 2764 2526 2820 numina
2572 2763 2962 2834 Paganorum,
3013 2764 3158 2814 teste
3205 2757 3379 2814 etiam
3419 2756 3755 2828 Porphyrio,

2112 2846 2479 2903 nobilissimo
2511 2841 2862 2914 philosopho
2893 2840 3282 2912 Paganorum.

2108 3007 2341 3064 CAPUT
2391 3004 2482 3061 IV.
2531 3034 2598 3044 —
2648 3003 2852 3060 Contra
2875 3001 3150 3074 sapientes
3179 2999 3393 3068 mundi,
3436 2999 3534 3071 qui
3560 3002 3758 3072 putant

2180 3096 2396 3143 terrena
2425 3083 2710 3140 hominum
2737 3099 2968 3155 corpora
2995 3083 3069 3138 ad
3121 3082 3331 3138 caeleste
3381 3080 3756 3136 habitaculum

2179 3183 2287 3223 non
2315 3181 2470 3238 posse
2499 3166 2818 3235 transferri.

2179 3303 2289 3357 Sed
2317 3300 2582 3355 videlicet
2613 3299 2879 3353 homines
2905 3297 3055 3352 docti
3077 3301 3254 3367 atque
3285 3296 3582 3366 sapientes
3614 3313 3755 3351 con-

2108 3389 2196 3436 tra
2226 3382 2341 3434 vim
2375 3386 2549 3434 tanta
2583 3379 2969 3442 auctoritatis,
3003 3394 3130 3446 qua:
3159 3377 3358 3430 omnia
3398 3392 3611 3445 genera
3651 3377 3753 3430 ho-

2108 3463 2360 3527 minum,
2394 3461 2548 3514 sicut
2582 3463 2745 3511 tanto
2781 3457 3063 3526 praedixit,
3111 3457 3167 3510 in
3229 3457 3338 3509 hoc
3397 3457 3752 3509 credendum

2108 3542 2583 3612 sperandumque
2623 3537 2925 3597 convertit.
2977 3540 3145 3590 acute
3192 3536 3302 3589 sibi
3357 3535 3755 3604 argumentari

2105 3623 2376 3678 videntur
2408 3621 2688 3673 adversus
2720 3631 3026 3686 corporum
3053 3614 3554 3681 resurrectionem,
3587 3618 3645 3668 et
3674 3614 3756 3668 di-

2106 3719 2232 3759 cere
2263 3701 2416 3773 quod
2451 3699 2508 3754 in
2542 3697 2712 3752 tertio
2745 3698 2813 3750 de
2854 3693 3160 3763 Republica
3207 3693 3355 3748 libro
3404 3712 3435 3747 a
3483 3694 3755 3749 Cirerone

2106 3783 2628 3840 commemoratum
2662 3782 2768 3832 est.
2816 3775 2958 3830 Nam
3013 3791 3145 3829 cum
3198 3773 3499 3828 Herculem
3536 3778 3592 3827 et
3639 3773 3756 3828 Ro-

2107 3864 2334 3918 mulum
2368 3877 2432 3914 ex
2475 3857 2813 3913 hominibus
2843 3856 2982 3909 deos
3015 3870 3140 3909 esse
3164 3855 3344 3908 factos
3363 3857 3753 3908 asseveraret:

2107 3946 2343 4012 Quorum
2375 3957 2486 3995 non
2515 3954 2766 4008 corpora,
2802 3936 3010 4006 inquit,
3054 3939 3179 3990 sunt
3224 3934 3282 3988 in
3327 3935 3525 3988 cretum
3571 3934 3756 3995 elata:

2103 4039 2280 4095 neque
2307 4023 2460 4077 enim
2480 4028 2681 4073 natura
2713 4021 3018 4084 pateretur,
3048 4024 3108 4068 ut
3131 4015 3187 4069 id
3211 4017 3355 4085 quod
3375 4022 3511 4068 esset
3531 4029 3559 4067 e
3582 4022 3750 4095 terra,

2101 4093 2219 4160 nisi
2249 4105 2309 4157 in
2340 4109 2491 4158 terra
2521 4108 2779 4154 maneret.
2820 4102 2948 4152 Haec
2982 4101 3068 4150 est
3103 4112 3314 4164 magna
3346 4096 3492 4149 ratio
3516 4093 3754 4164 sapien-

2103 4185 2248 4239 tium
2293 4184 2391 4253 (a),
2423 4195 2670 4251 quorum
2751 4177 3037 4231 Dominus
3115 4175 3270 4228 novit
3345 4173 3751 4244 cogitationes,

2103 4265 2378 4338 quoniam
2409 4278 2568 4315 vanae
2590 4263 2726 4314 sunt
2751 4257 2926 4330 (Psal.
2957 4273 3119 4322 xcm,
3148 4257 3254 4324 11).
3280 4255 3337 4309 Si
3362 4255 3514 4308 enim
3542 4254 3751 4308 animae

2101 4333 2506 4400 tantummodo
2530 4355 2812 4403 essemus,
2865 4339 2918 4392 id
2981 4342 3091 4402 est,
3149 4336 3275 4389 sine
3335 4333 3453 4388 ullo
3512 4349 3750 4403 corpore

2101 4427 2360 4496 spiritus,
2411 4431 2462 4478 et
2516 4421 2573 4475 in
2635 4419 2778 4474 cmlo
2831 4418 3155 4471 habitantes
3195 4421 3424 4469 terrena
3470 4413 3750 4468 animalia

2103 4495 2482 4569 nesciremus,
2515 4502 2802 4569 nobisque
2846 4499 3107 4552 futurum
3159 4511 3288 4550 esse
3330 4495 3638 4561 diceretur,
3679 4497 3744 4548 ut

2099 4585 2344 4642 terrenis
2377 4582 2710 4654 corporibus
2743 4579 3074 4634 animandis
3105 4577 3353 4648 quodam
3388 4573 3616 4629 vinculo
3645 4575 3748 4628 mi-

2101 4666 2271 4722 rabili
2305 4671 2702 4726 necteremur;
2745 4676 2935 4714 nonne
2970 4659 3153 4711 multo
3188 4658 3394 4710 fortius
3435 4670 3744 4722 argumen-

2099 4755 2360 4802 taremur
2390 4745 2446 4800 id
2478 4745 2710 4799 credere
2743 4749 3096 4801 recusantes,
3129 4743 3184 4790 et
3214 4739 3538 4790 diceremus
3570 4739 3745 4785 natu-

2099 4844 2223 4881 ram
2258 4843 2369 4880 non
2405 4827 2540 4896 pati,
2577 4829 2638 4874 ut
2670 4838 2759 4875 res
2788 4821 3128 4884 incorporea
3178 4815 3492 4884 ligamento
3540 4826 3744 4879 corpo-

2098 4923 2197 4961 reo
2229 4903 2590 4959 vinciretur?
2621 4901 2686 4953 Et
2714 4906 2909 4952 tamen
2945 4897 3113 4962 plena
3143 4899 3231 4947 est
3275 4898 3428 4946 terra
3477 4898 3745 4957 vegetan-

2100 4986 2258 5041 tibus
2289 4983 2502 5036 animis
2535 4981 2654 5034 haec
2688 4977 2949 5031 membra
2980 4982 3227 5039 terrena,
3265 4973 3407 5026 miro
3439 4969 3550 5024 sibi
3577 4970 3746 5025 modo

2101 5062 2395 5120 connexaa
2431 5070 2480 5116 el
2514 5057 2812 5129 implicita.
2847 5055 2960 5110 Cur
2981 5070 3113 5123 ergo
3136 5053 3336 5108 eodem
3362 5049 3590 5104 volente
3615 5051 3746 5118 Deo,

2166 5296 2180 5327 ί
2217 5291 2372 5344 Editi,
2411 5291 2484 5338 Et
2528 5303 2657 5338 ecce.
2710 5285 2992 5344 Particulo,
3041 5293 3107 5339 et,
3156 5283 3325 5345 abest,
3379 5297 3411 5334 a
3456 5282 3584 5332 Mss.
3621 5283 3674 5331 et
3721 5297 3753 5334 α

2100 5357 2226 5405 LXX
2277 5353 2404 5401 Vide
2434 5365 2610 5414 supra,
2643 5352 2716 5399 lib
2767 5349 2846 5403 20,
2878 5361 2974 5410 cap
3023 5346 3103 5403 21,
3133 5360 3187 5394 n.
3220 5346 3267 5394 2.

2167 5417 2186 5451 ²
2218 5417 2372 5468 Editi.
2408 5416 2474 5462 Et
2499 5407 2688 5463 tamen
2715 5414 2888 5474 plena
2931 5407 3006 5459 est
3039 5419 3188 5458 terra
3222 5408 3599 5474 vegetantibus
3627 5407 3754 5456 ani-

2103 5480 2231 5533 mis,
2263 5477 2464 5540 quibus
2505 5478 2630 5524 haec
2679 5471 2922 5523 niembra
2969 5481 3195 5540 terrena
3242 5473 3389 5540 miro
3430 5471 3584 5540 modo
3613 5477 3750 5519 sunt

2105 5533 2372 5593 connexa,
2390 5543 2483 5588 etc.
2508 5540 2846 5600 Castigantur
2860 5536 3175 5586 auctoritate
3202 5537 3440 5600 veterum
3469 5533 3748 5600 librorum,

2103 5607 2198 5670 qui
2227 5604 2580 5670 non_l_1abent,
2611 5596 2829 5664 quibus.
2860 5612 2974 5658 nec,
3009 5606 3143 5645 sunt
3173 5609 3185 5644 :
3217 5597 3306 5646 sed
3335 5609 3517 5645 omnes
3549 5596 3748 5656 terunt,

2104 5665 2251 5716 miro
2279 5667 2385 5714 sibi
2417 5665 2574 5714 modo
2603 5678 2871 5713 connexa.

2167 5732 2244 5794 (a)
2279 5729 2427 5780 Cont.
2457 5728 2550 5780 lib.
2582 5729 2647 5778 de
2673 5727 2798 5777 Fide
2823 5728 2877 5776 st
2906 5722 3176 5788 Symbolo,
3209 5734 3264 5771 n.
3299 5719 3376 5772 13.
