4134 6198
393 324 516 400 735..

394 462 495 536 qui
530 460 666 517 fecit
694 458 804 515 hoc
835 454 1074 526 animal,
1108 471 1222 536 non
1256 455 1465 536 poterit
1495 457 1787 536 terrenum
1831 467 2039 523 corpus

393 534 453 599 in
489 544 722 597 caeleste
753 554 965 608 corpus
997 535 1202 603 attolli,
1236 538 1284 589 si
1334 534 1562 589 animus
1598 535 1776 601 omni,
1828 549 1894 587 ac
1945 549 2044 602 per

395 624 504 679 hoc
551 623 728 677 etiam
782 617 1001 673 cmlesti
1035 631 1272 686 corpore
1323 613 1766 685 praestabilior',
1817 617 2042 668 terreno

394 702 618 773 corpori
659 700 845 769 potuit
887 697 1150 769 illigari?
1192 703 1273 750 An
1324 703 1552 751 terrena
1603 693 1889 767 particula
1930 698 2044 749 tam

395 782 608 852 exigua
631 779 821 850 potuit
851 777 1071 848 aliquid
1107 775 1324 832 caelesti
1356 791 1595 846 corpore
1644 774 1850 828 melius
1887 773 2041 842 apud

393 880 457 919 se
489 868 706 927 tenere,
745 863 806 914 ut
837 875 1075 914 sensum
1108 859 1346 912 haberet
1377 862 1432 911 et
1461 857 1658 923 vitam,
1684 859 1739 910 et
1759 870 1887 909 eam
1912 870 2044 909 sen-

393 943 636 1000 tientem
673 946 846 1010 atque
878 940 1163 994 viventem
1195 938 1607 1008 dedignabitur
1628 937 1835 990 coelum
1863 934 2044 989 susci-

393 1038 548 1094 pere,
576 1025 676 1076 aut
698 1030 1024 1089 susceptam
1055 1037 1165 1073 non
1194 1019 1398 1090 poterit
1420 1018 1869 1083 sustinere,cum
1889 1016 1957 1068 de
1985 1030 2047 1069 re

393 1102 610 1159 sentiat
640 1107 696 1157 et
728 1101 882 1155 vivat
906 1101 1016 1155 ista
1048 1100 1307 1166 meliore,
1329 1114 1501 1169 quam
1536 1102 1624 1152 est
1645 1113 1857 1166 corpus
1875 1110 2046 1150 omne

392 1182 671 1240 caeleste?
701 1182 806 1236 Sed
840 1181 968 1235 ideo
1002 1195 1155 1234 nunc
1188 1197 1301 1234 non
1335 1179 1420 1242 ﬁt,
1468 1178 1607 1248 quia
1647 1178 1909 1231 nondum
1960 1179 2048 1229 est

394 1268 627 1333 tempus
661 1278 774 1334 quo
809 1261 875 1315 sd
910 1260 1034 1315 fieri
1064 1259 1270 1326 voluit,
1303 1260 1403 1330 qui
1445 1258 1552 1312 hoc
1602 1258 1751 1326 quod
1797 1256 2044 1310 videndo

385 1343 510 1416 jam
543 1341 728 1408 viluit,
772 1341 950 1395 multo
983 1338 1310 1394 mirabilius
1343 1355 1517 1410 quam
1576 1337 1716 1392 illud
1768 1337 1922 1408 quod
1975 1336 2044 1390 ab

393 1426 520 1479 istis
554 1440 668 1478 non
700 1422 978 1487 creditur,
1014 1423 1168 1474 fecit.
1203 1420 1316 1474 Cur
1367 1419 1518 1472 enim
1571 1435 1684 1474 non
1734 1417 2046 1470 vehemen-

394 1506 515 1560 tius
559 1504 925 1558 admiramur
985 1501 1354 1572 incorporeos
1401 1501 1624 1554 animos
1657 1498 1874 1553 caelesti
1920 1513 2042 1552 cor-

393 1601 532 1656 pore
575 1585 850 1654 potiores,
883 1583 1138 1638 terrenis
1186 1583 1399 1652 illigari
1459 1583 1819 1652 corporibus,
1867 1597 2042 1651 quam

392 1682 656 1736 corpora,
693 1667 824 1718 licet
846 1670 1096 1727 terrena,
1127 1662 1365 1717 sedibus
1399 1663 1668 1732 quamvis
1709 1663 2043 1716 cmlestibus

393 1749 608 1812 tamen,
643 1745 937 1815 corporeis
969 1742 1294 1810 sublimari,
1351 1743 1462 1796 nisi
1514 1744 1650 1812 quia
1700 1743 1807 1796 hoc
1853 1743 2046 1795 videre

398 1825 832 1890 consuevimus,
867 1828 922 1877 et
954 1823 1059 1876 hoc
1112 1838 1344 1888 sumus,
1397 1822 1544 1877 illud
1595 1839 1727 1876 vero
1788 1823 2045 1875 nondum

394 1922 624 1974 sumus,
649 1921 753 1960 nec
784 1904 1094 1975 aliquando
1130 1903 1320 1957 adhuc
1365 1903 1669 1957 vidimus?
1718 1903 1858 1958 Nam
1913 1918 2047 1972 pro-

393 1988 542 2043 fecto
574 1987 765 2041 sobria
800 1986 1018 2039 ratione
1048 1983 1312 2038 consulla
1347 1982 1716 2037 mirabilioris
1748 1999 1874 2038 esse
1907 1983 2049 2037 divi-
2086 2005 2091 2010 ’

396 2066 451 2122 ni
479 2067 671 2136 operis
704 2065 1009 2136 reperitur,
1045 2063 1510 2134 incorporalibus
1541 2064 1861 2134 corporalia
1895 2079 2047 2134 quo-

393 2149 708 2204 dammodo
739 2154 1014 2214 attexere,
1048 2162 1226 2217 quam
1284 2146 1421 2200 licet
1471 2146 1719 2212 diversa,
1770 2148 1903 2214 quia
1949 2145 2047 2200 illa

393 2230 672 2294 ccelestia,
707 2229 818 2284 ista
849 2228 1168 2295 terrestria,
1204 2234 1400 2282 tamen
1443 2244 1682 2298 corpora
1713 2234 1769 2282 et
1806 2245 2046 2299 corpora

393 2311 663 2382 cepulare
692 2310 796 2382 (α).

394 2477 629 2534 CAPUT
662 2480 730 2532 V.
765 2505 834 2517 —
864 2477 937 2531 De
965 2475 1368 2530 resurrectione
1391 2474 1597 2542 carnis,
1629 2488 1791 2544 quam
1821 2471 2045 2544 quidam

774 2558 982 2612 mundo
1003 2555 1248 2610 credente
1267 2569 1376 2607 non
1398 2553 1646 2609 credunt.

466 2699 575 2754 Sed
610 2697 718 2752 hoc
768 2694 1111 2752 incredibile
1161 2693 1329 2748 fuerit
1361 2692 1713 2763 aliquando:
1765 2705 1895 2745 ecce
1923 2691 2042 2759 jam

394 2779 641 2833 credidit
674 2781 924 2832 mundus
955 2775 1248 2830 sublatum
1286 2783 1576 2829 terrenum
1598 2771 1812 2828 Christi
1837 2787 2045 2842 corpus

394 2859 454 2912 in
484 2858 732 2924 omium;
768 2856 1256 2911 resurrectionem
1291 2854 1483 2908 carnis
1539 2859 1596 2906 et
1643 2854 2042 2906 ascensionem

392 2936 454 2992 in
485 2953 770 3006 supernas
802 2938 992 2999 sedes,
1045 2935 1418 3004 paucissimis
1472 2931 1907 2987 remanentibus
1957 2935 2044 2985 at-

396 3031 508 3086 que
540 3015 940 3085 stupentibus,
972 3014 1059 3067 vel
1092 3013 1300 3078 doctis,
1335 3011 1421 3065 vel
1449 3012 1727 3076 indoctis,
1754 3013 1874 3079 jam
1915 3025 2046 3063 cre—

393 3094 668 3148 diderunt
697 3099 753 3147 et
809 3092 959 3146 docti
1019 3096 1074 3145 et
1130 3092 1367 3144 indocti.
1423 3089 1480 3143 Si
1542 3107 1654 3144 rem
1711 3086 2043 3142 credibilem

392 3173 785 3238 crediderunt,
819 3170 1048 3224 videant
1075 3185 1255 3238 quam
1314 3169 1436 3221 sint
1493 3168 1710 3234 stolidi,
1771 3167 1870 3237 qui
1926 3183 2042 3222 non

393 3252 686 3308 credunt:
722 3251 772 3304 si
831 3259 1020 3304 autem
1082 3263 1171 3302 res
1229 3246 1592 3302 incredibilis
1652 3247 1874 3301 credita
1931 3252 2040 3314 est,

393 3331 566 3388 etiam
602 3332 707 3386 hoc
735 3331 934 3400 utique
967 3329 1305 3384 incredibile
1335 3335 1440 3395 est,
1471 3329 1555 3382 sic
1585 3327 1867 3382 creditum
1893 3345 2040 3396 esse,

395 3415 546 3484 quod
581 3411 920 3466 incredibile
952 3415 1060 3464 est.
1096 3408 1224 3464 Ilaec
1268 3409 1448 3479 igitur
1490 3409 1606 3462 duo
1659 3408 2043 3479 incredibilia,

395 3491 874 3548 resurrectionem
908 3490 1131 3546 scilicet
1164 3489 1344 3544 nostri
1368 3490 1630 3559 corporis
1654 3490 1711 3542 in
1739 3494 2044 3556 aeternum,

395 3580 452 3628 et
474 3590 593 3628 rem
627 3579 745 3628 tam
770 3570 1169 3626 incredibilem
1197 3576 1482 3624 mundum
1514 3585 1638 3624 esse
1660 3571 2044 3638 crediturum,

402 3655 552 3710 idem
589 3659 759 3719 Deus,
792 3660 1105 3724 antequam
1139 3653 1222 3706 vel
1257 3667 1434 3706 unum
1469 3651 1672 3705 horum
1710 3652 1888 3719 fieret,
1921 3669 2043 3707 am-

395 3735 469 3792 bo
503 3736 696 3788 futura
725 3750 852 3789 esse
892 3733 1157 3804 praadixit
1205 3731 1424 3803 (Matth.
1474 3747 1628 3795 xxvr,
1680 3731 1790 3800 i3).
1853 3731 2045 3787 Unum

397 3815 646 3868 duorum
700 3814 1134 3869 incredibilium
1171 3813 1297 3881 jam
1360 3814 1580 3866 factum
1639 3811 1922 3875 videmus,
1985 3815 2050 3867 ut

395 3895 549 3964 quod
579 3899 702 3948 erat
739 3894 1101 3960 incredibile,
1152 3893 1414 3946 crederet
1475 3891 1771 3945 mundus:
1829 3907 1932 3945 cur
1989 3890 2047 3944 id

395 3976 548 4046 quod
584 3976 869 4045 reliquum
903 3979 992 4028 est
1023 3974 1386 4043 desperatur,
1411 3976 1474 4025 ut
1497 3973 1674 4026 etiam
1704 3971 1810 4026 hoc
1834 3971 2045 4036 veniat,

397 4059 550 4128 quod
577 4057 916 4112 incredibile
947 4055 1197 4110 credidit
1225 4055 1503 4118 mundus,
1536 4053 1834 4122 sicutjam
1871 4053 2046 4118 venit,

396 4139 548 4207 quod
579 4137 852 4190 similiter
881 4133 1221 4190 incredibile
1254 4133 1380 4197 fuit,
1417 4138 1477 4188 ut
1510 4149 1628 4187 rem
1664 4137 1777 4187 tam
1804 4133 2049 4188 incredi-

396 4215 568 4272 bilem
601 4219 858 4272 crederet
881 4217 1155 4278 mundus,
1187 4213 1660 4285 quandoquidem
1691 4212 1799 4267 hoc
1823 4219 2048 4268 utrum-

397 4313 511 4366 que
542 4295 901 4360 incredibile,
936 4309 1188 4364 quorum
1223 4293 1486 4346 videmus
1535 4310 1740 4359 unum,
1797 4292 2045 4348 alterum

400 4376 714 4435 credimus,
733 4377 787 4428 in
805 4376 1023 4428 eisdem
1051 4373 1283 4427 Litteris
1305 4372 1645 4441 praedictum
1673 4373 1768 4440 sit,
1791 4389 1889 4442 per
1905 4389 2050 4444 quas

400 4456 645 4508 credidit
665 4455 921 4508 mundus
941 4453 969 4507 ?
997 4453 1064 4507 Et
1084 4453 1207 4521 ipse
1226 4453 1432 4505 modus
1455 4469 1569 4522 quo
1595 4456 1849 4507 mundus
1871 4455 2052 4510 credi-

403 4534 568 4596 dit,si
593 4535 1004 4599 consideretur,
1033 4531 1427 4587 incredibilior
1449 4533 1756 4588 invenitur.
1785 4535 2046 4590 Inerudi-

402 4617 493 4669 tos
532 4613 874 4668 liberalibus
905 4612 1251 4682 disciplinis,
1284 4620 1340 4667 et
1369 4613 1626 4680 omnino,
1661 4620 1942 4684 quantum
1976 4615 2049 4668 ad

401 4695 649 4750 istorum
691 4693 981 4749 doctrinas
1027 4693 1254 4756 attinet,
1286 4691 1603 4763 impolitus,
1663 4709 1774 4747 non
1828 4695 2049 4761 peritos

399 4775 809 4846 grammatica,
841 4790 956 4830 non
988 4778 1244 4830 armatos
1273 4773 1593 4839 dialectica,
1617 4788 1730 4827 non
1758 4771 2050 4829 rhetorica

401 4855 652 4922 inﬂatos,
687 4855 1008 4927 piscatores
1041 4855 1308 4910 Christus
1341 4869 1472 4908 cum
1523 4852 1747 4908 retibus
1797 4852 1928 4909 ﬁdei
1976 4855 2046 4910 ad

471 5171 486 5204 ί
519 5165 674 5216 Vind.
705 5166 821 5215 Am.
853 5167 906 5215 et
931 5165 1039 5228 Er.,
1068 5165 1119 5213 si
1150 5164 1393 5228 animus,
1429 5163 1622 5214 omnia
1663 5165 1796 5213 haec
1824 5173 2050 5215 terrena

407 5229 824 5291 transcenderis,
848 5243 946 5291 per
973 5229 1069 5277 hoc
1097 5228 1262 5276 etiam
1299 5227 1502 5276 caelesti
1539 5242 1763 5291 corpore
1803 5238 2049 5290 praesta-

409 5289 594 5341 bilior.
627 5292 689 5340 Et
722 5289 985 5354 post—octo
1012 5305 1219 5344 versus,
1249 5291 1517 5354 loco,_qiii
1537 5290 1631 5354 lioc
1650 5289 2049 5354 quodlvidendo

393 5355 521 5414 jam
554 5352 769 5402 vilui't':
800 5354 959 5403 iidem
986 5353 1115 5401 editi
1144 5354 1338 5400 ferunt.
1375 5352 1518 5404 Quid
1542 5352 1638 5400 hoc
1683 5353 1828 5414 quod
1864 5353 2048 5415 provi-

405 5418 593 5465 dentia
636 5417 735 5464 Dei
783 5416 960 5464 multo
1004 5415 1346 5469 mirabilius,
1385 5430 1554 5476 quam
1619 5415 1765 5462 illud
1813 5416 1955 5476 quod
1983 5417 2047 5462 ab

404 5480 527 5527 istis
555 5494 662 5527 non
694 5479 962 5536 creditur,
991 5477 1122 5538 fecit
1145 5478 1357 5526 fminus
1384 5481 1505 5540 apte
1533 5481 1584 5527 et
1612 5477 2048 5528 dissentientibus

405 5543 797 5604 manuscriptis.

467 5605 540 5663 (α)
574 5602 719 5652 Con}.
755 5604 919 5666 Epist.
951 5602 1062 5662 137,
1089 5617 1145 5654 n.
1178 5602 1256 5658 11,
1283 5615 1440 5664 prope
1470 5603 1565 5650 fin.

1449 319 1552 378 DE
1594 315 1955 378 CIVITATE
1996 317 2152 386 DEI,
2200 317 2265 378 S.
2311 316 2729 381 AUGUSTINI

3673 319 3795 381 756

2151 468 2311 507 mare
2344 453 2520 522 hujus
2551 453 2747 509 saeculi
2781 453 3164 523 paucissimos
3198 453 3373 524 misit,
3417 458 3594 526 atque
3625 455 3705 509 ita
3742 458 3801 508 et

2155 548 2222 588 ex
2253 533 2409 588 omni
2445 549 2656 604 genere
2689 539 2805 588 tam
2841 536 3060 590 multos
3094 535 3304 606 pisces,
3337 540 3393 590 et
3425 540 3587 590 tanto
3620 535 3799 590 mira-

2155 612 2405 676 biliores,
2441 619 2657 683 quanto
2691 615 2938 670 rariores
2984 616 3157 669 etiam
3205 615 3361 684 ipsos
3407 614 3794 686 philosophos

2153 694 2320 762 cepit.
2356 693 2597 748 Duobus
2646 693 2763 748 illis
2811 693 3267 762 incredibilibus,
3314 695 3362 750 si
3416 695 3623 765 placet,
3677 696 3796 750 imo

2153 779 2291 848 quia
2324 776 2550 846 placere
2593 777 2783 843 debet,
2833 775 3121 830 addamus
3180 774 3288 832 hoc
3346 777 3608 831 tertium.
3667 776 3800 832 Jam

2151 873 2288 927 ergo
2321 856 2433 910 tria
2462 865 2601 910 sunt
2632 855 3018 926 incredibilia,
3050 873 3173 926 quae
3207 860 3399 912 tamen
3447 857 3598 911 facta
3637 861 3802 911 sunt.

2155 935 2501 992 Incredibile
2532 945 2618 991 est
2649 937 2946 992 Christum
2982 938 3367 992 resurrexisse
3399 938 3454 992 in
3503 953 3698 1002 carne,
3747 942 3808 992 et

2152 1017 2209 1071 in
2245 1017 2450 1071 cmlum
2495 1018 2828 1072 ascendisse
2871 1033 3001 1072 cum
3061 1033 3271 1072 carne:
3319 1017 3665 1072 incredibile
3712 1023 3806 1072 est

2155 1099 2442 1152 mundum
2477 1114 2598 1152 rem
2625 1104 2738 1152 tam
2773 1096 3172 1152 incredibilem
3204 1098 3526 1153 credidisse
3559 1115 3571 1152 :
3612 1099 3803 1154 incre-

2152 1177 2332 1232 dibile
2365 1186 2448 1232 est
2507 1177 2773 1232 homines
2817 1177 3124 1249 ignobiles,
3170 1178 3464 1248 inﬁmos‘,
3518 1178 3806 1250 paucissi-

2151 1276 2303 1324 mos,
2336 1260 2633 1330 imperitos
2664 1275 2784 1313 rem
2817 1265 2934 1314 tam
2964 1259 3394 1326 incredibilem,
3439 1265 3558 1316 tam
3603 1261 3804 1316 efﬁca-

2153 1342 2297 1397 citer
2329 1341 2569 1407 mundo,
2599 1350 2651 1396 et
2684 1341 2742 1394 in
2775 1339 2873 1395 illo
2904 1340 3080 1396 etiam
3114 1341 3301 1396 doctis
3325 1341 3676 1412 persuadere
3706 1357 3807 1412 po-

2155 1423 2352 1478 tuisse.
2386 1421 2603 1476 Horum
2639 1422 2812 1475 trium
2841 1421 3269 1476 incredibilium
3307 1421 3558 1490 primum
3593 1423 3806 1476 nolunt

2153 1503 2274 1568 isti,
2355 1518 2489 1556 cum
2559 1501 2774 1572 quibus
2825 1501 3079 1571 agimus,
3140 1500 3414 1568 credere;
3473 1501 3803 1556 secundum

2150 1586 2437 1653 coguntur
2467 1589 2522 1638 et
2551 1597 2815 1647 cernere;
2851 1583 3001 1653 quod
3035 1598 3148 1636 non
3181 1581 3485 1636 inveniunt
3519 1583 3674 1637 unde
3721 1584 3802 1636 sit

2155 1665 2390 1730 factum,
2426 1663 2472 1717 si
2509 1679 2620 1716 non
2667 1663 2910 1717 credunt
2959 1661 3192 1716 tertium
3244 1662 3610 1717 Resurrectio
3648 1673 3805 1717 certe

2152 1744 2388 1811 Christi,
2421 1749 2478 1798 et
2508 1744 2565 1796 in
2598 1743 2808 1798 ccelum
2842 1759 2975 1796 cum
3002 1758 3177 1798 carne
3207 1743 3266 1796 in
3315 1759 3434 1814 qua
3481 1745 3804 1798 resurrexit

2153 1826 2442 1891 ascensio,
2478 1829 2593 1878 toto
2619 1826 2744 1893 jam
2781 1825 2994 1878 mundo
3029 1825 3375 1894 praedicatur
3408 1829 3463 1878 et
3507 1823 3810 1878 creditur:

2153 1906 2202 1960 si
2234 1905 2530 1961 credibilis
2565 1921 2676 1958 non
2711 1911 2822 1972 est,
2856 1905 3008 1958 unde
3041 1911 3162 1959 toto
3195 1910 3482 1959 terrarum
3515 1904 3653 1959 orbe
3674 1904 3802 1973 jam

2153 1987 2370 2040 credita
2399 1992 2485 2039 est
2509 1983 2536 2038 ‘?
2567 1983 2624 2038 Si
2653 1983 2809 2038 multi
2843 1983 3091 2047 nobiles,
3124 1983 3429 2051 sublimes,
3476 1983 3630 2038 docti
3675 1999 3808 2038 eam

2152 2083 2215 2121 se
2246 2067 2456 2119 vidisse
2506 2065 2794 2130 dixerunt,
2837 2068 2895 2119 et
2945 2065 3094 2134 quod
3146 2064 3440 2132 viderunt,
3500 2063 3813 2118 diﬂ‘amare

2153 2152 2448 2212 curarunt,
2483 2146 2564 2200 eis
2597 2147 2883 2198 mundum
2917 2146 3240 2200 credidisse
3271 2162 3385 2198 non
3415 2147 3630 2199 mirum
3663 2149 3754 2199 est
3793 2164 3809 2212 ;

2151 2230 2249 2282 sed
2286 2232 2428 2281 istos
2459 2227 2646 2280 adhuc
2678 2225 2909 2280 credere
2943 2225 3094 2280 nolle
3127 2227 3441 2295 perdurum
3473 2236 3594 2280 est:
3629 2225 3678 2278 si
3707 2242 3811 2279 au-

2151 2313 2291 2372 tem,
2327 2319 2386 2361 ut
2419 2323 2618 2360 verum
2652 2313 2761 2373 est,
2798 2307 3023 2376 paucis,
3055 2308 3348 2374 obscuris,
3394 2305 3679 2370 minimis,
3713 2305 3809 2358 in-

2151 2388 2339 2443 doctis
2369 2404 2497 2442 eam
2544 2403 2600 2441 se
2647 2387 2860 2441 vidisse
2908 2389 3238 2440 dicentibus
3303 2391 3361 2440 et
3413 2385 3809 2440 scribentibus

2149 2468 2396 2522 credidit
2420 2467 2674 2521 mundus
2704 2483 2716 2520 :
2751 2483 2856 2520 cur
2887 2467 3055 2536 pauci
3088 2466 3560 2533 obstinatissimi,
3586 2466 3685 2538 qui
3714 2481 3810 2519 re-

2151 2558 2514 2614 manserunt,
2547 2548 2656 2616 ipsi
2692 2548 2910 2602 mundo
2933 2549 3058 2616 jam
3092 2545 3350 2602 credenti
3393 2547 3588 2602 adhuc
3621 2563 3810 2616 usque

2151 2645 2264 2684 non
2299 2626 2590 2682 credunt?
2621 2627 2725 2691 Qui
2764 2635 3064 2697 propterea
3098 2643 3343 2682 numero
3383 2629 3590 2698 exiguo
3638 2627 3809 2696 igno-

2150 2709 2376 2773 bilium,
2408 2708 2800 2772 infirmorum,
2855 2707 3258 2777 imperitorum
3311 2709 3620 2761 hominum
3671 2723 3802 2761 cre-

2151 2793 2316 2855 didit,
2348 2790 2485 2862 quia
2515 2791 2572 2845 in
2605 2796 2725 2844 tam
2750 2789 3292 2861 conteniptibilibus
3324 2790 3568 2844 testibus
3613 2789 3802 2844 multo

2152 2872 2476 2928 mirabilius
2552 2869 2824 2925 divinitas
2880 2887 2941 2925 se
2997 2874 3125 2941 ipsa
3186 2872 3494 2942 persuasit.
3554 2869 3804 2940 Eloquia

2149 2968 2400 3022 namque
2423 2953 2901 3021 persuadentium
2922 2968 3052 3022 qua:
3073 2952 3366 3020 dicebant,
3390 2953 3537 3006 mira
3560 2951 3803 3006 fuerunt

2150 3032 2324 3099 facta,
2357 3047 2473 3086 non
2524 3031 2718 3085 verba.
2776 3030 2880 3094 Qui
2943 3032 3098 3086 enim
3159 3031 3452 3086 Christum
3509 3031 3567 3085 in
3626 3047 3805 3086 carne

2149 3111 2559 3175 resurrexisse,
2591 3115 2808 3167 etcum
2844 3111 2944 3166 illa
2974 3112 3031 3165 in
3065 3111 3270 3167 coelum
3305 3112 3642 3167 ascendisse
3685 3127 3804 3166 non

2151 3192 2432 3260 viderant,
2460 3193 2513 3246 id
2539 3207 2599 3247 se
2621 3192 2833 3248 vidisse
2859 3194 3250 3258 narrantibus,
3277 3210 3392 3248 non
3420 3192 3802 3265 loquentibus

2147 3279 2395 3340 tantum,
2429 3273 2527 3327 sed
2562 3273 2734 3327 etiam
2770 3273 3014 3328 mirifica
3057 3274 3404 3328 facientibus
3452 3275 3627 3343 signa
3673 3288 3801 3326 cre-

2151 3355 2388 3409 debant.
2427 3354 2696 3408 Homines
2727 3355 2962 3424 quippe,
2995 3371 3140 3426 quos
3173 3355 3371 3420 unius,
3402 3353 3491 3408 vel
3543 3360 3605 3407 ut
3653 3351 3800 3408 mul-

2149 3440 2300 3502 tum,
2334 3436 2582 3488 duarum
2625 3435 2960 3505 linguarum
3005 3435 3184 3489 fuisse
3225 3438 3520 3500 noverant,
3562 3445 3803 3504 repente

2149 3516 2366 3587 linguis
2395 3516 2659 3569 omnium
2691 3515 2949 3585 gentium
2985 3515 3291 3586 loquentes
3324 3514 3670 3570 mirabiliter
3702 3531 3808 3568 au-

2151 3597 2387 3650 diebant
2417 3597 2550 3665 (Act.
2587 3597 2672 3665 ii).
2706 3595 2986 3649 Claudum
3038 3597 3110 3650 ab
3157 3597 3435 3650 uberibus
3484 3595 3692 3650 matris
3731 3595 3804 3649 ad

2151 3693 2352 3734 eorum
2382 3677 2618 3730 verbum
2653 3676 2710 3728 in
2762 3675 2980 3730 Christi
3043 3677 3276 3730 nomine
3335 3681 3466 3746 post
3517 3677 3806 3745 quadrin-

2151 3759 2316 3827 ginta
2345 3771 2530 3810 annos
2585 3755 2931 3809 incolumem
2993 3757 3371 3822 constitisse;
3430 3753 3672 3808 sudaria
3733 3755 3806 3810 de

2153 3836 2495 3907 corporibus
2526 3851 2725 3890 eorum
2771 3835 2964 3890 ablata
3009 3834 3290 3890 sanandis
3340 3835 3634 3905 profuisse
3681 3835 3806 3888 lan-

2151 3916 2503 3986 guentibus;
2539 3918 2596 3970 in
2629 3914 2720 3970 via
2748 3932 2865 3986 qua
2898 3918 3122 3970 fuerant
3150 3914 3456 3969 transituri
3489 3913 3709 3986 positos
3742 3915 3800 3970 in

2151 3997 2349 4050 ordine
2381 3995 2841 4050 innumerabiles
2867 3996 3088 4050 morbis
3121 3997 3297 4050 variis
3345 3995 3696 4060 laborantes,
3742 3999 3807 4049 ut

2151 4074 2579 4130 ambulantium
2614 4091 2791 4146 super
2821 4092 2920 4130 eos
2954 4077 3164 4130 umbra
3193 4075 3488 4143 transiret,
3527 4076 3804 4130 continuo

2151 4155 2398 4211 salutem
2434 4155 2619 4210 solere
2648 4157 2936 4226 recipere;
2968 4163 3023 4211 et
3053 4156 3165 4211 alia
3196 4157 3380 4211 multa
3410 4157 3700 4229 stupenda
3746 4156 3804 4209 in

2149 4245 2364 4301 Christi
2397 4247 2632 4300 nomine
2690 4261 2794 4314 per
2833 4261 2933 4299 eos
2991 4245 3210 4310 facta’,
3273 4249 3564 4316 postremo
3623 4244 3802 4298 etiam

2151 4334 2408 4382 mortuos
2440 4327 2830 4381 resurrexisse
2860 4326 3176 4381 cernebant
3205 4324 3370 4396 (ibid.
3398 4341 3482 4394 In,
3516 4325 3615 4396 iv).
3664 4326 3808 4390 Quae

2151 4408 2224 4473 si,
2257 4413 2315 4462 ut
2344 4408 2638 4478 leguntur,
2669 4413 2833 4480 gesta
2863 4423 2990 4462 esse
3020 4408 3369 4476 concedunt,
3397 4423 3530 4463 ecce
3577 4412 3665 4462 tot
3709 4406 3804 4461 in-

2151 4488 2452 4544 credibilia
2483 4489 2670 4543 tribus
2701 4489 2817 4544 illis
2849 4488 3287 4544 incredibilibus
3316 4489 3625 4554 addimus;
3651 4492 3712 4542 et
3743 4494 3811 4542 ut

2153 4567 2424 4623 credatur
2447 4583 2628 4622 unum
2662 4569 3022 4637 incredibile,
3055 4569 3207 4637 quod
3253 4569 3325 4624 de
3369 4569 3560 4624 carnis
3608 4583 3810 4622 resur-

2152 4652 2405 4704 rectione
2436 4659 2609 4720 atque
2637 4651 2696 4704 in
2729 4652 2938 4705 coelum
2973 4650 3319 4705 ascensione
3363 4651 3600 4718 dicitur,
3655 4648 3809 4702 mul-

2151 4737 2342 4786 torum
2371 4730 2805 4785 incredibilium
2839 4730 3174 4786 testimonia
3202 4734 3364 4784 tanta
3405 4728 3808 4800 congerimus,

2151 4818 2207 4869 et
2236 4813 2500 4867 nondum
2534 4812 2605 4866 ad
2637 4813 2988 4867 credendum
3023 4812 3312 4866 horrenda
3355 4812 3573 4866 duritia
3613 4814 3811 4867 incre-

2150 4892 2320 4948 dulos
2349 4891 2658 4948 ﬂectimus.
2691 4892 2750 4947 Si
2782 4908 2917 4949 vero
2965 4907 3069 4964 per
3111 4891 3417 4963 Apostolus
3458 4891 3697 4958 Christi,
3747 4899 3809 4948 ut

2149 4974 2234 5029 eis
2263 4974 2612 5040 crederetur,
2643 4972 3127 5029 resurrectionem
3179 4975 3355 5042 atque
3399 4971 3805 5027 ascensionem

2149 5051 2604 5125 praedicantibus
2651 5051 2888 5121 Christi,
2941 5052 3119 5108 etiam
3170 5051 3284 5107 ista
3328 5051 3613 5108 miracula
3654 5051 3810 5106 facta

2214 5417 2228 5448 ι
2278 5413 2525 5462 Nonnulli
2574 5415 2696 5463 Mss.
2749 5427 2868 5462 cum
2921 5414 3074 5461 Vind.
3121 5413 3243 5475 Am,
3274 5411 3378 5469 Er.,
3422 5411 3714 5475 inﬁrmos:
3749 5415 3806 5462 et

2149 5475 2291 5524 intra
2317 5477 2450 5526 loco.
2485 5477 2825 5537 inﬁmorum,
2855 5476 3070 5528 habent,
3105 5474 3494 5537 inﬁrmorum.

2214 5538 2234 5570 2
2269 5538 2353 5586 Sic
2382 5540 2503 5588 Mss.
2535 5541 2603 5586 At
2629 5539 2784 5586 Vind.
2818 5540 2948 5601 ,Am.
2997 5542 3049 5586 et
3087 5539 3197 5596 Er.,
3226 5539 3380 5601 facta
3435 5547 3568 5585 sunt
3614 5538 3801 5600 signa.

2148 5601 2296 5653 Lov..
2328 5606 2481 5662 facta.
2508 5602 2692 5664 signa.
2724 5600 2936 5658 omisso,
2958 5609 3111 5649 sunt.
