4146 6198
395 358 515 419 757

387 507 514 548 esse
545 507 663 546 non
695 491 984 561 credunt;
1022 492 1126 549 hoc
1155 490 1322 547 nobis
1355 507 1536 548 unum
1587 493 1808 566 grande
1857 494 2045 549 mira-

387 576 586 630 culum
620 574 863 643 sufticit,
897 576 1050 645 quod
1073 590 1197 630 eam
1230 578 1518 631 terrarum
1550 576 1708 631 orbis
1742 576 1867 631 sine
1898 575 2036 636 ullis

388 654 693 712 miraculis
733 655 996 711 credidit.

387 828 623 886 CAPUT
656 828 742 885 Vl.
776 858 844 869 —
873 827 1024 894 Quod
1073 827 1244 882 Roma
1281 827 1620 882 conditorem
1649 843 1811 882 suum
1843 827 2040 881 Romu-

461 910 577 964 lum
605 908 882 978 diligendo
925 909 1084 963 deum
1115 911 1350 978 fecerit;
1391 909 1631 964 Ecclesia
1659 915 1831 963 autem
1865 907 2042 962 Chris-

459 999 576 1047 tum
608 991 815 1046 Deum‘
850 989 1115 1045 credendo
1145 989 1416 1044 dilexerit.

457 1131 509 1182 1.
545 1127 888 1184 Recolamus
919 1128 1094 1182 etiam
1143 1127 1253 1182 hoc
1302 1126 1428 1183 loco
1459 1126 1604 1182 illud
1641 1129 1797 1200 quod
1829 1131 1900 1184 de
1930 1130 2042 1186 Ro-

385 1209 532 1264 muli
563 1209 780 1265 credita
838 1208 1138 1264 divinitate
1180 1206 1404 1262 Tullius
1464 1207 1806 1263 admiratur.
1855 1209 2044 1267 Verba

381 1290 513 1361 ejus
557 1294 624 1344 ut
669 1289 887 1360 scripta
938 1293 1098 1355 sunt,
1147 1289 1434 1343 inseram:
1468 1289 1639 1357 Magis
1687 1294 1783 1357 est,
1828 1290 2041 1362 inquit,

381 1372 441 1425 in
477 1369 697 1425 Romulo
724 1369 1136 1434 admirandum,
1164 1369 1307 1440 quod
1332 1371 1520 1424 caeteri
1540 1371 1635 1439 qui
1659 1370 1739 1423 dii
1760 1387 1832 1424 ea:
1861 1370 2038 1425 homi-

375 1449 542 1504 nibus
583 1449 718 1517 facti
762 1465 875 1504 esse
913 1451 1194 1516 dicuntur,
1243 1449 1429 1503 minus
1483 1448 1710 1503 eruditis
1748 1449 2038 1504 hominum

375 1530 594 1584 saeculis
642 1531 890 1598 luerunt,
935 1532 991 1583 ut
1023 1527 1268 1597 ﬁngendi
1309 1528 1658 1599 procliviorSi
1699 1535 1837 1584 esset
1869 1532 2041 1598 ratio,

378 1626 500 1665 cum
558 1610 810 1678 imperiti
865 1609 1042 1679 facile
1097 1609 1168 1663 ad
1224 1609 1553 1663 credendum
1594 1608 2037 1675 impellerentur.

377 1691 596 1746 Romuli
623 1695 810 1744 autem
857 1696 1078 1744 aetatem
1121 1689 1304 1743 minus
1343 1690 1425 1743 his
1454 1691 1722 1744 sexcentis
1759 1691 1923 1744 annis
1953 1691 2041 1762 (η)

364 1772 489 1842 jam
517 1771 837 1826 inveteratis
867 1769 1070 1824 litteris
1100 1779 1260 1840 atque
1287 1769 1575 1836 doctrinis,
1609 1768 1912 1841 omnique3
1943 1773 2040 1825 illo

372 1853 604 1922 antiquo
621 1867 690 1906 ex
706 1851 916 1905 inculta
948 1852 1235 1906 hominum
1273 1854 1385 1905 vita
1411 1867 1600 1905 errore
1629 1851 1845 1905 sublato
1875 1855 2039 1921 fuisse

374 1931 672 1987 cernimus.
708 1931 776 1985 Et
809 1932 980 2001 paulo
1037 1937 1162 1998 post
1207 1932 1277 1985 de
1308 1932 1509 1986 eodem
1564 1931 1810 1985 Romulo
1845 1933 1926 1987 ita
1961 1933 2040 1986 lo-

375 2012 600 2082 quitur,
634 2012 791 2082 quod
830 2014 896 2065 ad
933 2011 1087 2065 hunc
1120 2012 1369 2082 pertinet
1400 2028 1637 2064 sensum
1667 2027 1679 2064 :
1714 2013 1794 2065 Ea:
1822 2028 1924 2082 quo
1957 2014 2042 2066 in-

373 2092 573 2162 telligit
601 2096 793 2161 potest,
829 2092 1038 2161 inquit,
1063 2093 1359 2160 permultis
1392 2090 1560 2144 annis
1581 2095 1708 2144 anle
1740 2095 2040 2146 Homerum

372 2173 564 2238 fuisse,
618 2187 784 2241 quam
833 2171 1142 2234 Romulum,
1185 2181 1244 2223 ut
1276 2174 1399 2240 jam
1428 2169 1596 2223 doctis
1635 2169 1948 2223 hominibus
1978 2186 2042 2223 ac

375 2253 712 2321 temporibus
741 2250 876 2320 ipsis
893 2252 1132 2305 eruditis
1161 2250 1232 2304 ad
1262 2250 1586 2321 ﬁngendum
1617 2251 1714 2302 vix
1740 2249 2040 2319 quidquam

375 2336 510 2386 esset
541 2333 665 2388 loci.
718 2333 1030 2401 Antiquitas
1088 2331 1236 2385 enim
1293 2327 1535 2399 recepit‘
1588 2328 1835 2401 fabulas,
1880 2330 2040 2398 ﬁctas

374 2414 540 2466 etiam
569 2428 970 2482 nonnunquam
1017 2411 1292 2464 incondite
1313 2426 1333 2465 .°
1373 2410 1488 2464 hac
1517 2415 1657 2466 aetas
1703 2418 1891 2463 autem
1915 2411 2038 2481 jam

371 2495 601 2547 exculta
631 2492 936 2562 praesertim
967 2491 1190 2547 eludens
1241 2506 1398 2546 omne
1421 2492 1562 2562 quod
1586 2491 1709 2559 ﬁeri
1740 2506 1846 2545 non
1869 2495 2040 2561 potest

376 2576 588 2641 respuit
639 2574 738 2635 (De
768 2571 1094 2642 Republica,
1145 2571 1286 2626 libro
1314 2572 1369 2639 2,
1402 2588 1521 2641 cap.
1567 2571 1633 2625 10
1661 2571 1789 2624 hinc
1818 2571 2036 2641 supple-

377 2654 476 2725 to).
543 2653 708 2710 Unus
763 2670 792 2708 e
869 2669 1111 2708 numero
1165 2653 1640 2707 doctissimorum
1705 2653 2035 2718 hominum,

377 2735 653 2803 idemque
682 2733 1199 2802 eloquentissimus
1247 2733 1507 2787 omnium
1563 2733 1635 2787 M.
1687 2731 1914 2786 Tullius
1947 2732 2037 2786 Ci-

377 2829 536 2876 cero,
573 2821 876 2882 propterea
927 2812 1066 2867 dicit
1100 2812 1462 2867 divinitatem
1500 2810 1729 2867 Romuli
1761 2811 2036 2866 mirabili-

368 2896 459 2946 ter
490 2893 792 2957 creditam,
824 2894 977 2964 qucd
1031 2892 1261 2947 erudita
1309 2893 1428 2960 jam
1464 2899 1724 2961 tempora
1775 2893 2030 2958 fuerunt,

371 2986 501 3040 quae
534 2971 850 3025 falsitatem
887 2987 1000 3026 non
1036 2972 1356 3040 reciperent
1387 2972 1734 3026 fabularum.
1761 2971 1902 3034 Quis
1934 2988 2034 3024 au-

370 3056 489 3105 tem
523 3050 830 3105 Romulum
883 3052 1052 3105 deum
1106 3052 1216 3106 nisi
1249 3053 1428 3106 Roma
1462 3051 1730 3117 credidit,
1764 3059 1938 3120 atque
1970 3051 2027 3105 id

372 3147 545 3202 parva
565 3135 623 3185 et
652 3130 970 3199 incipiens?
989 3131 1132 3185 Tum
1165 3131 1375 3184 deinde
1396 3131 1647 3201 posteris
1665 3147 1892 3184 servare
1915 3126 2030 3185 l'he-

375 3216 717 3266 ratnecesse
733 3214 884 3282 quod
904 3215 1243 3281 acceperant
1259 3227 1290 3266 a
1308 3211 1651 3280 majoribus,
1685 3214 1748 3264 ut
1765 3227 1896 3264 cum
1917 3210 2031 3265 ista

375 3293 755 3362 supertltione
798 3293 854 3346 in
903 3291 1054 3348 lacte
1103 3293 1524 3362 quodammodo
1577 3293 1783 3346 matris
1814 3292 2031 3346 ebibita

378 3378 659 3428 cresceret
689 3372 917 3438 civitas,
957 3380 1128 3443 atque
1156 3375 1225 3426 ad
1253 3380 1371 3426 tam
1406 3388 1679 3442 magnum
1711 3372 2034 3441 perveniret

379 3452 713 3523 imperium,
749 3459 813 3507 ut
842 3469 910 3507 ex
940 3453 1065 3522 ejus
1114 3453 1344 3521 fastigio
1384 3451 1537 3505 velut
1562 3467 1630 3505 ex
1654 3453 1856 3506 altiore
1886 3467 2032 3520 quo-

376 3533 512 3587 dam
544 3532 669 3588 loco
719 3533 866 3588 alias
898 3549 1129 3603 quoque
1176 3538 1400 3603 gentes,
1447 3531 1661 3602 quibus
1705 3532 2033 3584 dominare-

371 3617 488 3680 tur,
525 3613 632 3668 hac
664 3630 771 3668 sua
818 3613 1090 3683 opinione
1110 3613 1520 3683 perfunderet;
1556 3621 1613 3665 ut
1648 3627 1758 3665 non
1793 3610 2030 3680 quidem

375 3693 697 3761 crederent,
741 3693 842 3748 sed
871 3698 1064 3748 tamen
1096 3693 1351 3747 dicerent
1399 3692 1570 3746 deum
1600 3690 1933 3755 Romulum,
1968 3705 2036 3745 ne

376 3772 697 3843 civitatem,
729 3774 823 3828 cui
873 3774 1221 3840 serviebant,
1255 3774 1326 3828 de
1373 3771 1670 3827 conditore
1700 3772 1828 3839 ejus
1854 3769 2033 3824 offen-

377 3853 605 3920 derent,
639 3854 807 3908 aliter
849 3870 980 3908 eum
1032 3853 1389 3908 nominando
1441 3867 1616 3921 quam
1655 3851 1874 3916 Roma;
1908 3867 2034 3920 quae

375 3932 434 3988 id
470 3950 585 3988 non
646 3950 846 3988 amore
896 3934 1133 4005 quidem
1183 3933 1358 4002 huius
1407 3932 1641 3999 erroris,
1694 3931 1792 3986 sed
1840 3936 2033 3984 tamen

376 4017 596 4071 amoris
646 4030 840 4070 errore
883 4015 1226 4070 crediderat.
1278 4013 1543 4070 Christus
1601 4021 1789 4067 autem
1850 4028 2034 4082 quan-

379 4114 551 4168 quam
584 4098 658 4152 sit
689 4097 942 4153 coalestis
983 4105 1041 4153 et
1071 4098 1444 4169 sempiternas
1474 4097 1734 4152 conditor
1760 4095 2034 4154 civitatis,

379 4193 500 4234 non
548 4183 764 4234 tamem
823 4194 975 4248 eum,
1027 4179 1302 4248 quoniam
1369 4178 1442 4232 ab
1500 4176 1600 4231 illo
1659 4175 1891 4230 condita
1928 4179 2042 4242 est,

385 4259 562 4313 Deum
597 4258 882 4314 credidit:
915 4257 1020 4314 sed
1048 4259 1177 4314 ideo
1211 4257 1400 4329 potius
1440 4263 1528 4312 est
1554 4254 1874 4320 condenda,
1905 4254 2042 4324 quia

383 4337 648 4394 credidit.
687 4342 875 4396 Roma
918 4339 1274 4394 conditorem
1319 4353 1492 4392 suum
1531 4338 1656 4406 jam
1706 4339 2042 4390 constructa

382 4425 440 4476 et
468 4421 734 4477 dedicata
772 4425 1051 4492 tanquam
1099 4424 1272 4475 deum
1323 4418 1502 4474 coluit
1544 4418 1602 4472 in
1637 4415 1888 4487 templo:
1922 4415 2043 4470 hinc

381 4507 574 4557 autem
631 4501 953 4558 Jerusalem
1014 4501 1374 4556 conditorem
1423 4514 1596 4553 suum
1631 4497 1815 4551 Deum
1850 4495 2043 4551 Chris-

386 4593 534 4653 tum,
570 4589 633 4640 ut
660 4584 924 4641 construi
974 4589 1169 4656 posset
1197 4591 1250 4637 et
1281 4582 1558 4647 dedicari,
1594 4581 1786 4650 posuit
1816 4578 1875 4633 in
1908 4577 2042 4633 ﬁdei

457 4740 488 4813 1_
516 4739 577 4813 In
605 4739 922 4813 argumento
950 4737 1114 4813 huius
1159 4734 1348 4813 capitis
1384 4733 1522 4813 sexti
1553 4732 1837 4813 Amelio'res-
1859 4743 2045 4813 manu-

391 4802 576 4864 scripti
605 4795 822 4860 habent,
862 4795 1114 4848 Ecclesia
1163 4795 1351 4846 au'tem
1383 4796 1686 4869 Christum.
1725 4795 1900 4868 Qeum
1931 4807 2042 4840 cre-

390 4865 569 4912 dendo
597 4863 859 4911 dilexerit
889 4877 921 4926 ;_
951 4863 1094 4926 quod
1134 4861 1321 4926 Patres
1366 4859 1691 4926 Benedictmi
1737 4869 1793 4926 ip
1839 4856 2044 4926 textum

390 4927 555 5036 recipi
582 4927 873 4986 iusserunt.
893 4919 1179 4988 {Ecclesia
1207 4932 1393 4972 autem
1427 4921 1716 4971 Christum
1736 4919 2043 4967 Dominum

393 5005 484 5036 ore
523 4989 662 5036 endo
684 4986 988 5036 dilexerit].

393 5003 662 5038 credendo
684 5003 949 5036 αιιεπενιτ
959 5003 966 5038 Ι
977 5024 988 5035 .

458 4986 662 5037 edendo
684 4986 988 5053 dilexerit].

457 5051 479 5085 ²
511 5053 571 5099 In
597 5053 740 5112 MSS,
766 5051 1057 5113 proclivis.

460 5116 482 5148 3
514 5116 574 5162 In
603 5115 747 5170 Mss,
779 5113 1156 5174 omniumque.

457 5177 479 5210 ⁴
507 5177 684 5226 Nostri
711 5177 915 5226 codices
936 5170 1115 5224 253st
1141 5172 1251 5224 258.
1282 5171 1495 5231 recipit.
1531 5170 1597 5217 M.

456 5241 537 5300 (a)
601 5238 708 5288 Hoc
762 5252 908 5303 non“
941 5239 1010 5303 _de
1079 5250 1135 5286 se
1171 5229 1784 5303 Manisve—“temporibus
1849 5229 2043 5303 Cicero,

396 5303 488 5364 qui
518 5295 688 5350 ranno
746 5303 813 5348 ab
868 5301 1010 5364 Urbe
1057 5296 1524 5364 conditacirciter
1584 5295 2049 5364 septingentesimo

396 5355 698 5424 scribebat;
747 5364 834 5412 sed
883 5364 945 5412 de
993 5363 1233 5424 Scipione
1276 5359 1522 5424 Africano
1571 5355 1794 5424 minore
1830 5357 1883 5404 et
1913 5355 2051 5424 liae-

394 5427 468 5475 lio
514 5418 695 5482 dixit;
732 5440 867 5489 quos
933 5418 1252 5489 disserentes
1329 5424 1385 5470 in
1440 5422 1595 5489 illis___
1624 5422 1718 5489 de“
1763 5418 2052 5489 Republica

397 5489 551 5538 libris
608 5479 896 5540 inducebat
956 5502 1023 5537 ex
1078 5486 1234 5535 dictis
1291 5498 1467 5548 supra.
1540 5483 1633 5548 lib.
1674 5480 1738 5548 _2,
1796 5494 1909 5548 cap.
1967 5479 2045 5528 2t.

401 5551 565 5601 Porro
617 5551 787 5614 Scipio
835 5551 1080 5599 floruisse
1125 5550 1294 5596 fertur
1336 5545 1375 5595 sf
1397 5545 1876 5614 seacentesimohad
1929 5555 2052 5614 sex-

403 5605 752 5664 centesimum
803 5614 1122 5674 vigesimum
1165 5624 1367 5674 annum
1423 5609 1579 5674 Urbis
1635 5607 1895 5674 conditae:
1929 5605 2048 5674 Lae-

401 5677 506 5725 lius
565 5680 746 5726 autem
790 5669 932 5725 anno
988 5673 1370 5726 sexcentesimo
1437 5672 1661 5735 septimo
1714 5669 2048 5720 consulatum

407 5739 628 5801 gessisse
655 5739 908 5790 trahitur.

1515 360 1750 422 LIBER
1790 360 2210 426 VIGESIMUS
2255 364 2690 428 SECUNDUS.

3685 372 3808 434 758

2157 497 2556 555 fundamento.
2611 499 2716 555 Illa
2767 499 2934 556 illum
2983 501 3230 556 amando
3263 518 3389 558 esse
3419 503 3592 560 deum
3617 505 3808 559 credi-

2161 578 2263 646 dit,
2297 578 2410 634 ista
2438 580 2615 636 istum
2651 581 2833 636 Deum
2884 597 3011 637 esse
3043 582 3328 637 credendo
3379 585 3616 640 amavit.
3649 585 3808 641 Sicut

2159 683 2296 739 ergo
2329 670 2616 738 praecessit
2644 670 2794 726 unde
2825 687 2990 725 amar
3023 675 3077 725 et
3126 671 3245 739 illa,
3287 676 3343 725 et
3371 674 3439 725 de
3464 678 3656 727 amato
3687 674 3805 742 iam

2159 747 2409 803 libenter
2438 752 2612 805 etiam
2649 750 2859 804 falsum
2895 752 3106 805 bonum
3140 752 3438 819 crederet;
3472 751 3553 806 ita
3577 769 3810 824 praeces-

2160 829 2237 882 sit
2289 830 2440 884 unde
2498 828 2612 884 ista
2665 831 2940 898 crederet,
2994 835 3054 884 ut
3101 836 3257 885 recta
3283 831 3415 897 ﬁde,
3450 847 3560 885 non
3590 837 3806 888 temere

2161 910 2317 978 quod
2353 910 2586 973 falsum,
2621 911 2720 965 sed
2756 911 2904 981 quod
2930 927 3129 964 verum
3161 917 3282 965 erat
3325 915 3564 966 amaret.
3599 911 3807 982 Excep-

2160 988 2236 1043 tis
2263 989 2413 1044 enim
2449 997 2528 1045 tot
2558 997 2613 1044 et
2644 991 2821 1045 tantis
2868 990 3184 1059 miraculis,
3236 1007 3366 1063 quae
3400 998 3810 1060 persuaserunt

2163 1072 2340 1124 Deum
2375 1087 2501 1125 esse
2526 1071 2837 1138 Christum,
2866 1071 3174 1142 prophetia
3208 1088 3439 1143 quoque
3468 1071 3674 1127 divina:
3698 1073 3809 1128 ﬁde

2159 1150 2519 1220 dignissima:
2572 1157 3008 1222 praacesserunt.
3044 1168 3166 1219 qua:
3200 1153 3258 1205 in
3292 1151 3412 1218 illo,
3447 1169 3559 1208 non
3593 1153 3744 1208 sicut
3775 1170 3809 1208 a

2161 1229 2428 1300 patribus
2461 1233 2653 1287 adhuc
2683 1233 3352 1301 credunturimplendte,
3386 1233 3483 1288 sed
3531 1234 3658 1302 jam
3708 1233 3808 1288 de-

2160 1317 2568 1366 monstrantur
2598 1312 2869 1382 impletae.
2903 1313 2981 1367 De
3015 1312 3257 1368 Romulo
3283 1318 3480 1367 autem
3512 1313 3651 1383 quia
3680 1330 3812 1368 con-

2159 1391 2307 1447 didit
2340 1393 2605 1458 Romam,
2635 1393 2695 1448 in
2728 1410 2906 1462 eaque
2937 1394 3219 1464 regnavit,
3274 1392 3535 1459 auditur,
3570 1393 3809 1465 legitur-

2158 1488 2224 1526 ve
2255 1473 2407 1542 quod
2446 1473 2660 1528 factum
2694 1477 2800 1538 est,
2835 1490 2947 1528 non
2972 1473 3122 1542 quod
3156 1476 3288 1528 ante
3321 1473 3533 1527 fuerat‘
3568 1473 3810 1544 pr0phe-

2158 1555 2388 1618 tatum;
2424 1553 2523 1606 sed
2558 1551 2715 1622 quod
2766 1552 2843 1606 sit
2893 1557 3158 1622 receptus
3211 1552 3268 1605 in
3309 1551 3468 1617 deos,
3521 1553 3805 1606 creditum

2157 1631 2608 1696 tenentlittersa,
2663 1648 2774 1686 non
2814 1634 3024 1686 factum
3077 1632 3306 1686 docent.
3361 1629 3550 1685 Nullis
3591 1632 3807 1700 quippe

2158 1727 2352 1766 rerum
2406 1711 2763 1765 mirabilium
2827 1715 3008 1776 signis
3062 1712 3116 1764 id
3183 1712 3233 1765 ei
3282 1727 3412 1765 vere
3476 1711 3808 1781 provenisse

2158 1798 2532 1847 monstratur.
2570 1792 2726 1862 Lupa
2755 1793 2969 1862 quippe
2994 1791 3093 1846 illa
3116 1791 3368 1860 nutrix”,
3393 1792 3544 1861 quod
3579 1791 3810 1846 videtur

2157 1873 2327 1942 quasi
2379 1887 2659 1941 magnum
2733 1872 3024 1925 exstitisse
3076 1872 3426 1942 portentum,
3478 1871 3643 1940 quale
3709 1875 3810 1925 aut

2157 1964 2438 2024 quantum
2507 1959 2597 2006 est
2665 1953 2736 2006 ad
2805 1953 3326 2006 demonstrandum
3379 1950 3600 2004 deum?
3647 1951 3811 2006 Certe

2157 2033 2311 2086 enim
2345 2032 2450 2085 etsi
2483 2048 2596 2086 non
2634 2030 2902 2084 meretrix
2925 2033 3062 2100 lupa
3096 2032 3196 2083 fuit
3220 2031 3339 2096 illa,
3372 2031 3470 2083 sed
3499 2031 3682 2084 bestia
3706 2031 3808 2101 (a),

2157 2127 2287 2165 cum
2325 2127 2636 2164 commune
2685 2110 2858 2164 fuerit
2907 2109 3215 2178 ambobus,
3251 2111 3422 2163 frater
3452 2116 3648 2162 tamen
3683 2111 3808 2178 ejus

2156 2209 2269 2247 non
2299 2191 2546 2245 habetur
2577 2192 2742 2245 deus.
2773 2189 2913 2254 Quis
2962 2195 3154 2243 autem
3207 2189 3533 2259 prohibitus
3572 2193 3682 2255 est,
3712 2198 3807 2244 aut

2155 2273 2492 2333 Romulum.
2526 2277 2627 2326 aut
2657 2271 2986 2336 Herculem,
3037 2276 3135 2325 aut
3165 2271 3310 2325 alios
3359 2268 3504 2324 tales
3536 2268 3804 2324 homines

2155 2355 2296 2408 deos
2345 2352 2556 2417 dicere,
2605 2359 2659 2405 et
2708 2351 2853 2405 mori
2908 2350 3136 2416 maluit,
3188 2366 3364 2420 quam
3417 2366 3531 2404 non
3577 2349 3807 2404 dicere?

2154 2437 2267 2488 Aut
2296 2449 2427 2488 vero
2475 2433 2671 2502 aliqua
2714 2431 2974 2502 gentium
3026 2430 3237 2486 coleret
3283 2431 3436 2484 inter
3487 2430 3619 2484 deos
3669 2447 3804 2486 suos

2157 2512 2490 2578 Romulum,
2547 2512 2654 2565 nisi
2707 2511 2951 2566 Romani
2992 2511 3247 2565 nominis
3296 2517 3487 2564 metus
3527 2509 3803 2580 cogeret?

2154 2597 2292 2662 Quis
2327 2611 2494 2665 porro
2528 2601 2817 2660 numeret,
2849 2609 3020 2663 quam
3056 2591 3222 2647 multi
3257 2593 3616 2662 quantalibet
3646 2591 3805 2646 saevi-

2154 2677 2230 2730 tia
2280 2675 2636 2730 crudelitatis
2685 2673 2894 2738 occidi,
2928 2689 3097 2744 quam
3150 2673 3444 2726 Christum
3481 2672 3663 2726 Deum
3701 2688 3806 2727 ne-

2150 2773 2288 2828 gare
2329 2754 2703 2810 maluerunt?
2751 2754 2996 2808 Proinde
3059 2765 3242 2808 melus
3290 2753 3614 2824 quamlibet
3665 2752 3804 2808 levis

2151 2838 2592 2908 indignationis,
2627 2851 2750 2905 qua
2798 2836 2869 2889 ab
2899 2833 3111 2888 animis
3161 2834 3571 2899 Romanorum,
3604 2834 3652 2887 si
3685 2849 3801 2887 non

2151 2918 2331 2987 ﬁeret,
2357 2933 2524 2986 posse
2548 2919 2860 2987 putabatur
2881 2915 3142 2983 existere,
3166 2912 3544 2985 compellebat
3573 2912 3804 2983 aliquas

2149 2999 2411 3054 civitates
2441 2997 2665 3068 positas
2695 2997 2809 3051 sub
2835 2995 2966 3064 jure
2997 2995 3256 3050 Romano
3290 3003 3591 3065 tamquam
3623 2995 3798 3049 deum

2146 3079 2336 3133 colere
2369 3078 2684 3133 Romulum
2714 3093 2727 3131 :
2763 3093 2796 3130 a
2825 3075 3055 3130 Christo
3087 3081 3281 3130 autem
3319 3075 3435 3130 Deo
3464 3091 3577 3130 non
3610 3073 3801 3130 solum

2147 3160 2411 3226 colendo,
2481 3174 2680 3212 verum
2745 3159 2920 3211 etiam
2990 3157 3340 3222 conﬁtendo,
3407 3160 3631 3210 tantam
3703 3170 3804 3224 per

2147 3240 2346 3295 orbem
2376 3245 2540 3293 terra;
2573 3241 2899 3308 martyrum
2937 3236 3374 3290 multitudinem
3418 3239 3609 3290 metus
3641 3250 3804 3289 revo-

2148 3337 2276 3376 care
2308 3336 2422 3373 non
2474 3320 2682 3388 potuit,
2728 3334 2843 3370 non
2896 3316 3030 3370 levis
3080 3316 3418 3370 offensionis
3449 3319 3801 3379 animorum,

2148 3401 2248 3454 sed
2280 3399 2699 3450 immensarum
2729 3396 3134 3464 variarumque
3161 3394 3510 3463 pmnarum’,
3542 3400 3598 3447 et
3624 3394 3806 3464 ipsius

2153 3478 2381 3543 mortis,
2413 3493 2540 3545 qua:
2587 3474 2716 3542 plus
2769 3474 2989 3526 caeteris
3041 3476 3404 3526 formidatur.
3438 3473 3634 3543 Neque
3663 3479 3802 3528 tunc

2151 3559 2354 3614 civitas
2404 3553 2642 3617 Christi,
2677 3552 2944 3622 quamvis
2992 3551 3180 3604 adhuc
3232 3550 3696 3620 peregrinaretur
3743 3551 3803 3605 in

2153 3638 2339 3701 terris,
2380 3640 2434 3690 et
2469 3633 2706 3688 haberet
2737 3637 2930 3684 tamen
2965 3646 3308 3700 magnorum
3354 3631 3590 3697 agmina
3623 3646 3803 3700 popu-

2155 3721 2343 3774 lorum
2377 3715 2659 3770 adversus
2692 3711 2902 3781 impios
2935 3716 3334 3781 persecutores
3358 3725 3497 3764 suos
3531 3724 3633 3779 pro
3660 3715 3806 3764 tem-

2156 3797 2337 3869 porali
2396 3793 2579 3851 salute
2633 3792 2952 3863 pugnavit;
3005 3791 3105 3844 sed
3163 3791 3353 3860 potius
3410 3794 3473 3844 ut
3521 3790 3809 3846 obtineret

2152 3887 2448 3945 aeternam,
2473 3893 2584 3930 non
2620 3873 2980 3943 repugnavit.
3012 3873 3382 3940 Ligabantur,
3424 3869 3806 3926 includeban-

2153 3967 2272 4028 tur,
2321 3958 2709 4021 caedebantur,
2751 3955 3192 4024 torquebantur,
3241 3953 3571 4017 urebantur,
3620 3953 3806 4008 lania-

2152 4043 2388 4108 bantur,
2445 4037 2910 4102 trucidabantur,
2961 4041 3016 4089 et
3063 4034 3622 4102 multiplicabuntur.
3677 4033 3804 4089 Non

2155 4130 2279 4180 erat
2296 4122 2393 4190 eis
2427 4136 2528 4190 pro
2576 4117 2764 4172 salute
2809 4131 3083 4188 pugnare,
3118 4116 3230 4171 nisi
3264 4115 3516 4171 salutem
3550 4131 3647 4185 pro
3680 4113 3806 4170 Sal-

2157 4211 2349 4260 vatore
2379 4204 2774 4256 contemnere.

2226 4284 2282 4338 2.
2315 4283 2446 4339 Scio
2478 4281 2536 4334 in
2589 4279 2737 4333 libro
2785 4275 3075 4331 Ciceronis
3123 4276 3311 4342 tertio,
3358 4275 3467 4330 nisi
3519 4275 3705 4342 fallor,
3739 4276 3809 4332 de

2160 4363 2500 4437 Republica,
2532 4359 2842 4431 disputari,
2893 4356 3118 4412 nullum
3168 4356 3384 4412 bellum
3417 4357 3632 4429 suscipi
3665 4374 3698 4412 a
3728 4358 3813 4412 ci—

2158 4446 2332 4500 vitate
2389 4441 2631 4514 optima,
2694 4437 2806 4493 nisi
2855 4444 2953 4492 aut
2999 4453 3099 4508 pro
3146 4437 3277 4505 fide,
3323 4443 3420 4492 aut
3468 4454 3571 4508 pro
3603 4437 3807 4494 salute.

2159 4527 2304 4593 Quid
2363 4532 2554 4579 autem
2614 4521 2769 4575 dicat
2824 4535 2924 4590 pro
2971 4520 3180 4582 salute,
3231 4517 3316 4572 vel
3357 4518 3600 4591 intelligi
3632 4534 3809 4590 quam

2160 4608 2412 4662 salutem
2444 4602 2603 4666 velit,
2652 4599 2765 4655 alio
2815 4598 2938 4654 loco
2989 4601 3416 4664 demonstrans,
3447 4598 3549 4653 Sed
3579 4598 3664 4653 his
3693 4616 3813 4666 pte-

2159 4705 2269 4755 nts,
2303 4686 2517 4756 inquit,
2551 4699 2686 4754 quas
2717 4681 2880 4736 etiam
2913 4680 3231 4735 stultissimi
3257 4682 3521 4744 sentiunt,
3555 4685 3809 4748 egestate,

2159 4769 2380 4837 exsilio,
2417 4764 2671 4830 vinculis,
2703 4763 3043 4831 verberibus,
3075 4760 3370 4815 elabuntur
3407 4773 3550 4828 sepe
3577 4757 3806 4828 privati,

2225 4981 2240 5012 1
2273 4976 2350 5023 Ex
2378 4971 2648 5022 veteribus
2675 4968 2827 5016 libris
2862 4965 2954 5015 alii
3005 4965 3222 5024 habent,
3273 4972 3573 5025 antequam
3602 4965 3759 5026 ﬁeret
3788 4977 3803 5022 ;

2160 5039 2271 5092 alii,
2302 5045 2432 5084 ante
2460 5037 2635 5097 fieret.

2223 5087 2270 5133 2⁷
2305 5099 2397 5147 llic
2452 5087 2583 5144 editi
2637 5094 2856 5141 addunt.
2928 5095 3182 5150 fratrum
3241 5090 3500 5138 duorum.
3573 5087 3636 5136 Et
3687 5090 3807 5149 post

2162 5167 2269 5213 tres
2323 5172 2530 5217 versus,
2586 5157 2653 5205 ad
2709 5156 2890 5210 verba,
2948 5167 3074 5217 cum
3125 5166 3409 5200 commune
3470 5152 3646 5202 fuerit
3692 5166 3806 5198 am-

2165 5226 2347 5279 bobus,
2395 5214 2613 5277 habent,
2662 5233 2787 5266 eum
2827 5214 3108 5279 fratribus
3152 5223 3476 5277 portentum
3519 5225 3807 5262 commune

2159 5286 2338 5350 fuerit
2373 5283 2648 5350 ambobus.

2227 5353 2246 5385 8
2299 5349 2437 5396 Editi
2502 5345 2656 5393 Vind.
2729 5344 2844 5392 Am.
2913 5346 2966 5393 et
3018 5342 3101 5390 Er.
3175 5341 3325 5389 nulla
3389 5340 3511 5388 freti
3569 5341 3810 5388 veterum

2164 5413 2402 5462 codicum
2457 5408 2790 5467 auctoritate,
2864 5416 3042 5454 metus
3116 5405 3272 5452 ullus
3349 5413 3447 5452 aut
3511 5418 3698 5467 error_
3729 5417 3812 5467 re-

2165 5489 2354 5523 vocare
2411 5486 2523 5519 non
2589 5464 2790 5532 potuit,
2874 5467 3159 5532 blanditae
3229 5467 3449 5532 nullae,
3492 5464 3810 5532 promissio

2164 5538 2330 5586 nulla
2384 5528 2640 5591 demovit,
2689 5533 2781 5579 sed
2839 5546 2933 5580 nec
2989 5529 3334 5593 facultatum
3394 5528 3637 5593 violenta
3691 5529 3813 5577 sub-

2165 5600 2356 5652 ractio,
2436 5611 2532 5644 nec
2609 5595 2878 5644 acerbitas
2947 5592 3347 5642 universarum
3405 5592 3811 5655 variarumque

2159 5675 2493 5727 poenarum.

2228 5727 2299 5789 (a)
2329 5722 2460 5776 Vide
2487 5735 2667 5786 supra,
2695 5720 2790 5779 lib.
2827 5719 2904 5781 18,
2933 5733 3047 5783 cap.
3067 5716 3146 5767 21.
