4134 6198
347 382 466 445 759

347 517 544 574 oblata
580 513 769 570 mortis
791 509 1089 567 celeritate.
1137 509 1459 566 Civitatibus
1490 520 1675 567 autem
1706 527 1848 566 mors
1880 512 2001 581 ipsa

343 615 504 672 paena
535 600 631 659 est,
664 608 783 664 quas
838 593 1051 647 videtur
1107 609 1142 647 a
1195 607 1358 663 paena
1403 593 1648 660 singulos
1696 592 2001 646 vindicare.

347 679 512 734 Debet
538 678 687 730 enim
725 674 1021 729 constituta
1051 674 1132 728 sic
1174 689 1286 728 esse
1329 673 1545 741 civitas,
1576 676 1637 726 ut
1667 683 1874 726 aeterna
1904 672 1998 726 sit.

348 760 537 829 Itaque
564 755 752 810 nullus
806 754 1069 809 interitus
1116 763 1192 809 est
1244 753 1569 824 reipublicae
1616 753 1908 815 naturalis,
1942 754 2002 805 ut

349 839 608 902 hominis,
643 838 704 890 in
735 850 838 906 quo
867 850 1013 890 mors
1057 850 1166 890 non
1215 836 1382 890 modo
1430 835 1741 890 necessaria
1779 839 1878 899 est,
1913 847 2001 886 re-

355 935 482 975 rum
513 916 677 972 etiam
707 916 952 986 optanda
978 932 1234 987 persa’pe.
1269 916 1474 971 Civitas
1502 924 1683 969 autem
1711 930 1835 968 cum
1867 911 2006 967 tolli-

357 1007 472 1068 tur,
512 997 745 1062 deletur,
795 998 1202 1064 exstinguitur:
1251 997 1435 1051 simile
1484 1001 1560 1050 est
1608 992 2008 1066 quodammodo

355 1081 438 1152 (ut
467 1093 638 1150 parva
663 1080 880 1147 magnis
920 1077 1288 1147 conferamus)
1335 1094 1396 1131 ac
1422 1078 1478 1131 si
1506 1076 1684 1131 omnis
1731 1075 1818 1129 hic
1845 1090 2007 1127 mun-

355 1169 456 1225 dus
489 1170 726 1222 intereat
755 1174 809 1220 et
842 1166 1113 1221 concidat.
1148 1166 1264 1220 Hoc
1289 1166 1414 1221 ideo
1447 1166 1593 1220 dixit
1624 1165 1843 1232 Cicero,
1877 1162 2011 1233 quia

360 1246 649 1304 mundum
703 1263 815 1302 non
870 1246 1240 1300 interiturum
1293 1261 1425 1301 cum
1461 1244 1773 1300 Platonicis
1814 1243 2011 1297 sentit.

356 1329 598 1385 Constat
649 1342 784 1397 ergo
829 1343 962 1380 eum
1014 1342 1116 1395 pro
1165 1341 1233 1380 ea
1281 1325 1465 1380 salute
1511 1325 1729 1379 bellum
1763 1322 2014 1378 voluisse

357 1406 576 1478 suscipi
609 1422 643 1460 a
685 1405 936 1471 civitate,
988 1421 1103 1476 qua
1151 1405 1218 1460 ﬁt
1266 1409 1329 1460 ut
1385 1409 1611 1459 maneat
1666 1404 1759 1456 hic
1789 1404 2012 1462 civitas,

361 1489 518 1545 eicut
565 1487 727 1551 dicit,
779 1492 1016 1555 aeterna,
1062 1488 1330 1557 quamvis
1379 1485 1760 1541 morientibus
1791 1489 1849 1540 et
1880 1499 2013 1538 nas-

363 1568 631 1624 centibus
664 1566 912 1638 singulis
941 1592 954 1633 ;
989 1567 1143 1622 sicut
1174 1567 1446 1639 perennis
1477 1571 1565 1622 est
1587 1565 1848 1636 Opacitas
1881 1563 2016 1619 oleas

361 1649 451 1704 vel
501 1646 668 1709 lauri,
723 1654 899 1719 atque
947 1647 1285 1717 hujusmodi
1335 1656 1672 1702 caeterarum
1719 1647 2016 1710 arborum,

365 1725 730 1798 singulorum
782 1726 950 1796 lapsu
985 1733 1227 1797 ortuque
1260 1726 1532 1782 ﬁliorum.
1569 1726 1744 1792 Mors,
1781 1724 2020 1795 quippe,

366 1815 433 1866 ut
479 1809 640 1876 dicit,
673 1824 790 1863 non
831 1808 1133 1863 hominum
1187 1808 1556 1878 singulorum
1609 1808 1709 1861 sed
1746 1807 2021 1859 universae

372 1906 547 1962 poena
569 1893 657 1943 est
687 1888 956 1952 civitatis,
992 1905 1118 1959 quae
1152 1905 1184 1941 a
1233 1905 1401 1956 pmna
1433 1887 1780 1959 plerumque
1814 1885 2026 1955 singu-

376 1969 466 2024 los
498 1968 774 2023 vindicat.
813 1967 973 2024 Unde
1023 1967 1226 2022 merito
1276 1969 1575 2038 quaeritur,
1628 1972 1824 2021 utrum
1873 1969 2027 2020 recte

371 2048 619 2105 fecerint
665 2048 990 2119 Saguntini,
1030 2048 1262 2118 quando
1307 2047 1632 2102 universam
1684 2061 1848 2100 suam
1885 2044 2022 2100 civi-

370 2134 551 2186 tatem
597 2128 837 2184 interire
886 2129 1235 2196 maluerunt,
1287 2145 1464 2198 quam
1514 2127 1686 2182 ﬁdem
1740 2128 2025 2196 frangere,

381 2225 496 2282 qua
541 2225 671 2264 cum
723 2209 851 2278 ipsa
901 2209 1158 2263 Romana
1202 2208 1502 2277 republica
1549 2207 1934 2261 tenebantur:
1971 2205 2028 2258 in

374 2306 490 2362 quo
537 2305 643 2345 suo
690 2289 843 2343 facta
882 2289 1197 2343 laudantur
1245 2290 1316 2342 ab
1369 2285 1738 2342 hominibus‘
1788 2291 2028 2342 terrente

373 2369 708 2442 reipublicze
740 2369 963 2425 civibus
993 2370 1096 2441 (a).
1127 2370 1235 2425 Sed
1273 2372 1560 2441 quomodo
1593 2369 1727 2422 huic
1760 2368 2034 2438 disputa-

373 2452 517 2508 tioni
570 2455 805 2521 possent
854 2450 1112 2515 obedire,
1147 2466 1258 2504 non
1293 2451 1479 2517 video,
1515 2448 1613 2502 ubi
1664 2447 1876 2503 dicitur
1902 2447 2031 2501 nul-

374 2531 496 2586 lum
550 2528 989 2601 suscipiendum
1037 2545 1162 2584 esse
1213 2528 1452 2595 bellum,
1491 2527 1603 2584 nisi
1633 2536 1728 2582 aut
1762 2544 1864 2599 pro
1898 2526 2031 2595 ﬁde,

378 2616 476 2666 aut
506 2627 607 2682 pro
639 2610 860 2665 salute:
906 2626 1008 2664 nec
1050 2609 1282 2674 dicitur,
1315 2609 1366 2664 si
1417 2609 1474 2663 in
1508 2625 1692 2664 unum
1726 2608 1904 2663 simul
1939 2622 2032 2676 pe-

378 2691 628 2748 riculum
663 2691 742 2746 ita
782 2690 896 2746 duo
948 2691 1061 2746 ista
1110 2691 1533 2756 concurrerint,
1566 2695 1628 2744 ut
1678 2689 1860 2744 teneri
1893 2688 2038 2743 alte-

381 2788 514 2827 rum
565 2773 690 2826 sine
735 2770 978 2826 alterius
1025 2771 1338 2827 amissione
1387 2788 1502 2826 non
1550 2771 1748 2840 possit,
1783 2769 1917 2838 quid
1964 2767 2040 2824 sit

382 2852 578 2919 potius
610 2851 968 2921 eligendum.
1023 2851 1281 2907 Profecto
1328 2854 1482 2906 enim
1516 2849 1828 2922 Saguntini
1861 2849 1911 2904 si
1945 2865 2040 2904 sa-

383 2927 567 2984 lutem
600 2928 900 3000 eligerent,
935 2929 1078 2984 ﬁdes
1097 2932 1178 2986 eis
1204 2934 1391 2986 fuerat
1415 2932 1777 2986 deserenda:
1813 2931 1862 2984 si
1895 2930 2040 2983 ﬁdes

384 3008 660 3074 tenenda,
707 3009 1024 3063 amittenda
1076 3012 1277 3080 utique
1317 3012 1501 3078 salus,
1543 3013 1691 3065 sicut
1735 3014 1790 3063 et
1822 3011 2040 3062 factum

386 3091 496 3143 est.
529 3087 704 3141 Salus
735 3092 925 3140 autem
961 3088 1214 3142 civitatis
1247 3091 1342 3142 Dei
1370 3090 1501 3143 talis
1533 3096 1638 3155 est,
1675 3094 1739 3143 ut
1767 3104 1900 3142 cum
1934 3087 2044 3141 ﬁde

387 3181 456 3221 ac
488 3181 589 3236 per
619 3165 790 3219 ﬁdem
824 3166 1027 3230 teneri,
1058 3165 1146 3218 vel
1195 3167 1384 3236 potius
1415 3167 1637 3237 acquiri
1682 3166 1899 3235 possit;
1934 3165 2044 3220 ﬁde

386 3251 581 3301 autem
611 3245 852 3316 perdita,
902 3244 974 3297 ad
1005 3260 1132 3299 eam
1186 3247 1435 3317 quisque
1465 3245 1664 3301 venire
1694 3262 1809 3301 non
1838 3245 2046 3316 possit.

390 3325 524 3388 Qua
575 3325 844 3396 cogitatio
893 3324 1219 3380 ﬁrmissimi
1263 3343 1329 3380 ac
1381 3325 1788 3396 patientissimi
1831 3325 2042 3392 cordis,

390 3409 480 3461 tot
508 3422 573 3460 ac
605 3412 796 3461 tantos
829 3411 1113 3477 martyres
1147 3407 1303 3474 fecit,
1338 3407 1570 3478 qualem
1605 3423 1675 3461 ne
1707 3423 1889 3461 unum
1923 3406 2048 3477 qui-

393 3487 526 3542 dem
571 3485 798 3553 habuit,
848 3486 936 3541 vel
987 3487 1198 3543 habere
1243 3488 1453 3559 potuit,
1504 3488 1733 3558 quando
1777 3496 1861 3543 est
1908 3489 2047 3542 deus

393 3565 652 3622 creditus
695 3565 1000 3620 Romulus.

395 3717 630 3774 CAPUT
677 3720 800 3774 VII.
852 3747 916 3759 —
965 3718 1121 3789 Quod
1154 3727 1213 3774 ut
1256 3718 1494 3774 mundus
1520 3718 1582 3774 in
1613 3718 1899 3775 Christum
1927 3736 2048 3776 cre-

469 3797 638 3864 deret,
673 3797 895 3853 virtutis
925 3797 1096 3868 fuerit
1127 3798 1357 3862 divinae,
1389 3813 1499 3854 non
1525 3801 1912 3870 persuasionis
1941 3800 2048 3854 hu-

469 3892 673 3934 manas.

469 4000 583 4056 Sed
614 4001 778 4056 valde
809 4003 1116 4058 ridiculum
1149 4006 1254 4070 est,
1300 4003 1369 4057 de
1402 4003 1632 4057 Romuli
1667 4003 1813 4058 falsa
1845 4003 2050 4057 divini-

397 4085 538 4146 tate,
573 4097 705 4138 cum
738 4082 812 4136 de
852 4082 1080 4138 Christo
1117 4082 1424 4153 loquimur,
1460 4084 1644 4139 facere
1677 4087 2052 4141 mentionem.

399 4160 817 4216 Verumtamen
853 4179 984 4216 cum
1020 4165 1304 4218 sexcentis
1338 4164 1515 4218 ferme
1545 4163 1713 4218 annis
1743 4173 1873 4218 ante
1903 4164 2056 4218 Cice-

400 4258 600 4296 ronem
636 4245 716 4311 (b)
768 4242 1043 4297 Romulus
1103 4244 1300 4308 fuerit,
1359 4250 1536 4314 atque
1590 4245 1690 4298 illa
1739 4250 1877 4298 tetas
1929 4245 2054 4314 jam

401 4321 584 4374 fuisse
617 4323 898 4376 doctrinis
943 4323 1172 4376 dicatur
1219 4323 1468 4390 exculta,
1502 4328 1564 4377 ut
1606 4324 1756 4393 quod
1791 4324 1912 4378 ﬁeri
1943 4340 2056 4377 non

388 4403 614 4474 potest,
647 4401 848 4453 omne’
880 4407 1209 4469 respueret:
1253 4407 1473 4471 quanto
1524 4403 1712 4474 magis
1764 4408 1890 4472 post
1930 4420 2059 4458 sex-

404 4484 604 4533 centos
637 4495 822 4533 annos
854 4480 1036 4551 ipsius
1064 4485 1326 4550 tempore
1347 4483 1658 4552 Ciceronis,
1694 4485 2061 4556 maximeque

405 4561 605 4627 postea
636 4557 744 4612 sub
797 4562 1063 4628 Augusto
1113 4565 1288 4630 atque
1337 4561 1589 4631 Tiberio,
1642 4564 2061 4618 eruditioribus

408 4636 611 4709 utique
653 4639 1037 4708 temporibus,
1083 4641 1571 4696 resurrectionem
1614 4644 1805 4696 carnis
1847 4644 2059 4697 Christi

407 4724 583 4788 atque
633 4719 690 4773 in
740 4717 944 4773 cretum
997 4720 1418 4785 ascensionem,
1473 4731 1749 4791 tanquam
1799 4723 1854 4776 id
1907 4726 2061 4794 quod

406 4799 531 4853 ﬂeri
585 4817 700 4854 non
751 4804 958 4870 potest,
993 4817 1159 4856 mens
1207 4799 1468 4856 humana
1516 4802 1661 4855 ferre
1695 4817 1806 4856 non
1842 4810 2060 4872 posset,

411 4879 770 4950 eludensque
803 4878 874 4933 ab
903 4880 1145 4935 auribus
1178 4880 1563 4950 cordibusque
1595 4886 1917 4951 respueret,
1951 4885 2063 4938 nisi

407 4974 538 5013 eam
573 4959 694 5014 ﬁeri
729 4959 1010 5030 potuisse,
1047 4968 1223 5032 atque
1273 4961 1483 5016 factam
1517 4977 1642 5015 esse
1671 4960 1946 5018 divinitas
1979 4963 2067 5035 ip-

411 5040 532 5095 sius
563 5041 840 5107 veritatis,
866 5040 951 5097 vel
980 5043 1301 5098 divinitatis
1329 5043 1559 5113 veritas,
1591 5046 1647 5096 et
1678 5046 2067 5100 contestantia

475 5187 684 5297 ξὸνὶηά.
718 5187 836 5236 Am.
867 5187 950 5236 Er.
982 5191 1036 5238 et
1061 5203 1224 5253 prepe
1252 5203 1436 5240 omnes
1458 5191 1825 5252 manuscripti,
1857 5191 1923 5239 ab
1954 5207 2064 5241 om~

475 5267 486 5297 ι
525 5266 608 5297 us.

414 5265 454 5299 η
469 5265 608 5299 tous.

476 5312 498 5346 ²
549 5313 707 5368 Editi,
760 5327 918 5361 omne
985 5313 1230 5363 eludens.
1309 5315 1486 5374 Abest,
1561 5315 1809 5371 eludens,
1869 5330 1901 5366 a
1961 5331 2068 5366 ma.-

414 5376 590 5424 nuscri
594 5377 717 5438 ptis.

479 5438 556 5501 (a)
588 5439 719 5501 Vide
747 5451 924 5501 supra,
955 5437 1047 5486 lib.
1079 5437 1128 5497 3,
1159 5451 1272 5500 cap.
1304 5437 1384 5486 20.

478 5500 550 5560 (b)
609 5500 907 5551 LudoviCus
975 5501 1132 5548 Vives
1205 5501 1484 5560 legendum
1540 5503 1713 5563 putat,
1772 5513 1904 5554 ante
1961 5505 2071 5554 Sci-

410 5559 658 5625 pionem,
725 5577 912 5625 nempe
977 5559 1335 5621 Aimilianuin,
1415 5564 1508 5625 qui
1540 5559 1850 5614 _indu’citur
1910 5569 2070 5617 disse-

419 5634 542 5690 rens
601 5624 656 5671 in
715 5624 867 5674 libris
923 5628 986 5675 de
1043 5625 1368 5690 Republica._
1402 5624 1758 5679 Lovanienses
1809 5630 1922 5690 ejus
1951 5645 2068 5679 con-

419 5683 701 5750 jecturam_
735 5690 899 5737 secuti
953 5683 1135 5738 locum
1185 5687 1465 5738 emendare
1534 5691 1762 5750 tentant,
1831 5683 1924 5741 sed
1988 5707 2066 5741 re-

422 5747 788 5807 pugnantibus
817 5751 972 5800 editis
1001 5751 1122 5800 aliis
1151 5753 1204 5800 et
1233 5750 1480 5802 omnibus
1508 5747 1904 5816 manuscriptis.

1400 376 1501 438 DE
1547 374 1913 437 ClVlTATE
1957 375 2107 451 DEI,
2159 375 2220 438 S.
2269 377 2699 441 AUGUSTINI

3636 375 3758 438 760

2113 511 2529 567 miraculorum
2562 510 2725 582 signa
2756 513 3174 578 monstrarent;
3211 513 3273 566 ut
3321 511 3674 568 terrentibus
3706 517 3764 568 et

2112 593 2643 648 contradicentibus
2673 598 2790 648 tam
2829 593 3030 647 multis
3055 599 3292 664 tamque
3318 594 3546 665 magnis
3570 610 3762 664 perse-

2111 674 2462 740 cutionibus,
2495 674 2902 744 praecedensin
2921 673 3173 742 Christo,
3207 673 3415 728 deinde
3443 674 3514 728 ad
3549 691 3764 731 novum

2111 754 2387 810 saculum
2440 755 2497 808 in
2564 758 2786 810 caeteris
2840 759 3114 809 secutura
3176 754 3528 811 resurrectio
3573 759 3632 810 at
3653 773 3772 827 que

2111 833 2530 890 immortalitas
2579 835 2776 889 carnis
2825 839 2882 889 et
2930 834 3270 890 ﬁdelissime
3311 835 3664 904 crederetur,
3711 842 3772 891 et

2115 917 2531 988 praedicaretur
2565 915 2852 987 intrepide
2880 921 2935 971 et
2967 933 3064 987 per
3085 915 3284 972 orbem
3319 924 3479 970 terra
3521 916 3774 988 pullula-

2115 1002 2248 1052 tura
2281 996 2585 1050 fecundius
2617 1013 2749 1051 cum
2788 1003 3110 1068 martyrum
3144 996 3431 1066 sanguine
3461 1002 3772 1051 sereretur.

2119 1076 2482 1147 Legebantur
2532 1077 2687 1130 enim
2735 1077 3019 1146 preconia
3059 1075 3478 1146 pramedentia‘
3509 1075 3774 1146 Prophe-

2118 1159 2340 1220 tarum,
2372 1155 2799 1211 concurrebant
2847 1163 3075 1212 ostenta
3103 1156 3411 1220 virtutum,
3444 1160 3498 1211 et
3529 1171 3777 1226 persua-

2122 1233 2364 1290 debatur
2412 1235 2621 1290 veritas
2675 1252 2819 1291 nova
2858 1234 3282 1302 consuetudini,
3338 1251 3451 1289 non
3483 1235 3778 1290 contraria

2122 1314 2350 1382 rationi,
2374 1316 2555 1371 donec
2575 1317 2732 1373 orbis
2762 1323 2924 1373 terra;
2953 1316 3052 1387 qui
3078 1316 3529 1388 persequebatur
3560 1319 3779 1382 furore,

2124 1401 2460 1465 sequeretur
2482 1395 2651 1451 ﬁde”.

2127 1558 2359 1616 CAPUT
2418 1558 2564 1614 Vlll.
2621 1587 2688 1598 --
2745 1557 2817 1612 De
2874 1557 3162 1612 miraculis
3207 1575 3325 1630 qua:
3366 1567 3424 1614 ut
3455 1559 3691 1615 mundus
3723 1561 3785 1615 in

2205 1639 2487 1696 Christum
2520 1637 2762 1694 crederet
2805 1640 2952 1707 facta
2998 1645 3146 1705 sunt,
3193 1643 3241 1693 et
3279 1639 3406 1708 ﬁeri
3434 1641 3633 1696 mundo
3663 1654 3785 1695 cre-

2201 1721 2354 1776 dente
2380 1735 2488 1775 non
2520 1721 2798 1775 desinunt.

2209 1859 2257 1912 1.
2290 1859 2422 1924 Cur,
2457 1856 2752 1927 inquiunt,
2789 1871 2946 1911 nunc
2998 1854 3100 1910 illa
3144 1856 3446 1926 miracula,
3480 1873 3604 1930 quas
3635 1876 3794 1930 pre—

2135 1937 2340 1992 dicatis
2372 1937 2518 1989 facta
2547 1952 2694 2002 esse,
2731 1951 2843 1989 non
2880 1935 3072 1989 ﬁunt?
3103 1934 3331 1991 Possem
3367 1937 3600 2008 quidem
3629 1939 3792 1993 dice-

2137 2033 2218 2081 re,
2256 2016 2584 2072 necessaria
2631 2015 2812 2070 fuisse
2854 2017 3188 2088 priusquam
3217 2018 3479 2073 crederet
3509 2021 3795 2086 mundus,

2139 2099 2208 2154 ad
2245 2099 2352 2152 hoc
2382 2102 2444 2152 ut
2494 2098 2750 2151 crederet
2802 2099 3080 2153 mundus.
3130 2098 3403 2168 Quisquis
3437 2099 3628 2154 adhuc
3655 2118 3794 2173 pro-

2141 2178 2295 2249 digia
2328 2181 2392 2230 ut
2443 2177 2638 2231 credat
2687 2177 2950 2248 inquirit,
3001 2194 3273 2247 magnum
3316 2183 3406 2234 est
3443 2179 3569 2250 ipse
3600 2181 3799 2251 prodi-

2139 2260 2326 2332 gium,
2362 2258 2457 2328 qui
2491 2258 2708 2312 mundo
2740 2259 3010 2313 credente
3055 2275 3170 2314 non
3204 2261 3405 2314 credit.
3435 2260 3650 2316 Verum
3685 2262 3800 2316 hoc

2141 2340 2268 2394 ideo
2303 2340 2528 2403 dicunt,
2561 2343 2625 2392 ut
2656 2353 2761 2392 nec
2813 2343 2950 2393 tunc
2989 2338 3089 2393 illa
3122 2338 3406 2395 miracula
3433 2340 3585 2396 facta
3617 2342 3805 2396 fuisse

2143 2419 2474 2474 credantur.
2507 2417 2673 2474 Unde
2719 2435 2856 2490 ergo
2905 2423 3066 2473 tanta
3114 2419 3228 2474 ﬁde
3276 2419 3544 2476 Christus
3586 2437 3806 2493 usque-

2146 2515 2377 2571 quaque
2408 2504 2682 2552 cantatur
2731 2499 2790 2552 in
2840 2498 3046 2554 coelum
3097 2515 3230 2555 cum
3279 2515 3448 2556 carne
3489 2500 3808 2556 sublatus?

2147 2579 2299 2635 unde
2332 2579 2688 2650 temporibus
2718 2580 2981 2647 eruditis,
3032 2585 3089 2634 et
3135 2596 3309 2635 omne
3339 2582 3493 2651 quod
3526 2581 3651 2636 ﬁeri
3688 2599 3809 2637 non

2147 2665 2334 2732 potest
2383 2659 2808 2730 respuentibus,
2859 2660 2982 2714 sine
3027 2659 3162 2716 ullis
3211 2661 3511 2716 miraculis
3551 2662 3810 2717 nimium

2151 2740 2499 2796 mirabiliter
2527 2739 2893 2796 incredibilia
2945 2741 3189 2796 credidit
3218 2743 3518 2797 mundus?
3545 2745 3632 2797 An
3668 2745 3814 2798 forte

2152 2821 2452 2875 credibilia
2480 2821 2684 2887 fuisse,
2715 2826 2772 2875 et
2799 2821 2927 2877 ideo
2959 2823 3176 2877 credita
3207 2838 3335 2877 esse
3367 2823 3579 2878 dicturi
3623 2824 3816 2878 sunt?

2151 2902 2266 2957 Cur
2297 2916 2433 2972 ergo
2465 2902 2575 2972 ipsi
2603 2917 2719 2956 non
2751 2901 3043 2956 credunt?
3063 2901 3258 2957 Brevis
3289 2911 3374 2957 est
3405 2903 3583 2973 igitur
3613 2909 3812 2959 nostra

2155 2981 2474 3051 complexio
2501 2998 2514 3036 :
2546 2985 2656 3036 Aut
2688 2982 3053 3038 incredibilis
3086 2983 3222 3050 rei”,
3254 3001 3380 3055 quas
3429 3001 3541 3040 non
3574 2986 3813 3041 videba-

2153 3067 2268 3138 tur‘
2307 3061 2422 3116 alia
2471 3062 2850 3129 incredibilia,
2897 3080 3020 3134 qum
3072 3071 3262 3119 tamen
3306 3065 3520 3120 ﬁebant
3565 3071 3620 3120 et
3652 3066 3813 3120 vide-

2156 3141 2395 3207 bantur,
2426 3141 2686 3196 fecerunt
2720 3143 2894 3197 ﬁdem
2922 3161 2935 3211 ;
2969 3151 3065 3198 aut
3089 3149 3240 3199 certe
3263 3161 3352 3200 res
3385 3147 3462 3199 ita
3485 3144 3813 3213 credibilis,

2159 3228 2221 3277 ut
2253 3222 2435 3277 nullis
2485 3223 2699 3293 quibus
2749 3226 3188 3294 persuaderetur
3238 3225 3538 3281 miraculis
3586 3226 3818 3297 indige-

2160 3309 2266 3369 ret,
2304 3303 2549 3357 istorum
2602 3303 2838 3358 nimiam
2892 3305 3187 3376 redarguit
3237 3306 3659 3361 inﬁdelitatem.
3696 3307 3816 3361 Hoc

2159 3385 2228 3438 ad
2264 3382 2612 3437 refellendos
2644 3383 2995 3440 vanissimos
3025 3386 3292 3441 dixerim.
3325 3385 3472 3441 Nam
3503 3387 3651 3442 facta
3683 3402 3819 3441 esse

2163 3462 2350 3517 multa
2382 3464 2685 3531 miracula,
2736 3480 2861 3532 quas
2913 3469 3327 3520 attestarentur
3356 3466 3441 3520 illi
3476 3467 3572 3521 uni
3605 3467 3818 3540 grandi

2160 3541 2494 3612 salubrique
2543 3543 2849 3611 miraculo,
2900 3560 3016 3615 quo
3047 3543 3318 3601 Christus
3353 3545 3410 3600 in
3439 3546 3644 3601 coelum
3678 3563 3818 3603 cum

2163 3638 2335 3677 carne
2367 3623 2422 3677 in
2445 3639 2558 3691 qua
2589 3624 2922 3688 resurrexit,
2972 3625 3258 3690 ascendit,
3291 3641 3498 3695 negare
3531 3643 3645 3681 non
3682 3643 3820 3697 pos-

2162 3719 2391 3758 sumus.
2427 3703 2485 3757 In
2521 3704 2737 3758 eisdem
2768 3707 2984 3774 quippe
3015 3705 3405 3761 veracissimis
3430 3707 3613 3761 Libris
3645 3723 3826 3762 cune-

2162 3787 2222 3837 ta
2253 3783 2585 3854 conscripta
2634 3791 2788 3851 sunt,
2820 3790 2876 3839 et
2924 3802 3051 3856 quae
3095 3787 3244 3842 facta
3293 3797 3440 3855 sunt,
3491 3792 3547 3843 et
3579 3794 3824 3858 propter

2167 3866 2319 3934 quod
2373 3865 2730 3918 credendum
2784 3865 2931 3920 facta
2963 3872 3117 3923 sunt.
3169 3867 3322 3932 Haec,
3357 3875 3416 3922 ut
3459 3867 3628 3923 ﬁdem
3665 3869 3825 3924 face-

2165 3949 2315 4013 rent,
2351 3945 2772 4012 innotuerunt;
2811 3947 2929 4000 hac
2961 3962 3062 4016 per
3106 3948 3299 4014 ﬁdem,
3335 3964 3510 4020 quam
3543 3950 3830 4018 fecerunt,

2168 4025 2352 4081 multo
2385 4025 2598 4081 clarius
2633 4026 3029 4082 innotescunt.
3065 4028 3359 4100 Leguntur
3389 4030 3602 4101 quippe
3628 4030 3690 4085 in
3725 4047 3830 4102 po-

2166 4107 2346 4177 pulis,
2398 4112 2460 4160 ut
2500 4108 2853 4174 credantur;
2909 4125 3013 4164 nec
3061 4109 3118 4163 in
3175 4110 3406 4182 populis
3455 4114 3648 4165 tamen
3711 4113 3827 4167 nisi

2169 4187 2390 4242 credita
2418 4186 2773 4258 legerentur.
2807 4187 2952 4242 Nam
2985 4189 3159 4244 etiam
3195 4206 3350 4245 nunc
3394 4190 3538 4246 ﬁunt
3571 4190 3836 4247 miracu-

2168 4265 2226 4321 la
2254 4267 2310 4320 in
2341 4268 2469 4335 ejus
2501 4268 2757 4333 nomine,
2809 4267 2927 4323 sive
2969 4285 3069 4340 per
3109 4277 3473 4326 sacramenta
3521 4272 3668 4340 ejus,
3704 4274 3841 4329 sive

2174 4364 2272 4418 per
2322 4349 2608 4402 orationes
2657 4349 2741 4403 vel
2805 4353 3114 4405 memorias
3146 4358 3476 4407 sanctorum
3523 4353 3692 4423 eius;
3727 4354 3835 4408 sed

2174 4445 2288 4482 non
2321 4429 2521 4482 eadem
2557 4427 2812 4484 claritate
2849 4429 3247 4500 illustrantur,
3288 4440 3349 4486 ut
3397 4438 3561 4487 tanta
3609 4440 3840 4503 quanta

2174 4508 2276 4561 illa
2332 4508 2514 4578 gloria
2571 4509 2964 4565 diﬁ'amcntur.
3025 4513 3221 4567 Canon
3272 4511 3492 4584 quippe
3533 4529 3838 4569 sacrarum

2179 4591 2542 4654 Litterarum,
2595 4607 2766 4663 quem
2812 4591 3160 4648 deﬁnitum‘
3191 4607 3320 4648 esse
3361 4594 3686 4664 oportebat,
3735 4593 3842 4649 illa

2179 4671 2311 4724 facit
2335 4669 2552 4740 ubique
2598 4672 2848 4739 recitari,
2872 4677 2929 4726 et
2969 4675 3256 4728 memoriae
3281 4675 3840 4730 cunctoruminhte‘

2177 4768 2299 4806 rere
2332 4754 2712 4823 populorum:
2751 4753 2868 4807 haec
2900 4759 3090 4809 autem
3143 4754 3499 4825 ubicumque
3547 4757 3720 4821 ﬁunt,
3754 4756 3840 4811 ibi

2179 4835 2447 4887 sciuntur
2501 4833 2592 4887 vix
2650 4850 2682 4888 a
2732 4837 2851 4888 tota
2899 4833 3028 4904 ipsa
3069 4835 3303 4890 civitate
3341 4835 3430 4889 vel
3461 4852 3843 4906 quocumque

2179 4915 2677 4968 commanentium
2737 4915 2881 4969 loco.
2944 4919 3086 4970 Nam
3147 4915 3493 4988 plerumque
3537 4917 3716 4972 etiam
3758 4917 3841 4972 ibi

2181 4993 2521 5066 paucissimi
2556 4994 2766 5061 sciunt,
2799 4994 3205 5066 ignorantibus
3230 4998 3471 5063 caeteris,
3502 4997 3762 5052 maxime
3791 4998 3840 5052 si

2182 5089 2397 5144 magna
2428 5074 2497 5128 sit
2531 5074 2766 5142 civitas;
2803 5080 2858 5130 et
2881 5075 3117 5145 quando
3149 5075 3288 5130 alibi
3321 5076 3568 5146 aliisque
3602 5093 3842 5132 narran-

2185 5161 2300 5222 tur,
2333 5170 2446 5208 non
2490 5159 2650 5209 tanta
2707 5170 2774 5210 ea
2831 5157 3195 5211 commendat
3241 5157 3582 5223 auctoritas,
3617 5165 3679 5212 ut
3709 5157 3838 5212 sine

2189 5385 2266 5492 ἰοί
2345 5380 2500 5431 Vind.
2578 5381 2694 5430 Am.
2769 5381 2852 5429 Er.
2932 5382 2986 5431 et
3052 5380 3233 5444 plures
3307 5380 3430 5429 Mss.
3498 5378 3837 5438 praecedat-

2213 5458 2350 5492 tum.

2213 5458 2350 5492 tum.

2183 5506 2271 5630 ﬁ;
2340 5507 2418 5555 lta
2477 5507 2682 5555 veteres
2729 5505 2868 5554 libri.
2927 5505 3068 5554 Editi
3135 5506 3335 5559 autem,
3408 5514 3839 5565 prosequeretur

2269 5583 2311 5616 ε.

2269 5583 2311 5616 e.

2249 5633 2269 5664 ³
2301 5630 2384 5680 Sic
2412 5632 2515 5680 Mss
2562 5632 2631 5679 At
2659 5630 2806 5684 editi,
2839 5630 3155 5678 incredibili
3188 5629 3288 5677 rei.

2187 5762 2208 5804 ι
2243 5692 2265 5725 ⁸
2320 5694 2474 5750 Editi,
2535 5693 2802 5743 veteribus
2871 5693 3024 5742 libris
3093 5690 3486 5748 dissentientes,
3561 5689 3837 5753 diﬂama-

2208 5769 2324 5804 um.
