4134 6198
276 368 385 429 ’161

277 501 621 559 difﬁcultate
672 504 760 559 vel
831 505 1194 562 dubitatione
1251 507 1582 575 credantur,
1654 507 1924 580 quamvis

276 583 622 640 Christianis
655 584 924 641 fidelibus
947 604 980 642 a
1011 586 1281 642 fidelibus
1313 587 1657 644 iudicentur.

347 666 401 720 2.
437 663 783 719 Miraculum
820 669 967 737 quod
1016 665 1323 722 Mediolani
1367 669 1584 723 factum
1631 673 1742 737 est,
1782 684 1915 724 cum

280 743 404 800 illic
449 761 736 812 essemus,
784 749 1014 816 quando
1063 747 1433 802 illuminatus
1478 755 1566 804 est
1605 766 1812 817 caecus,
1850 749 1918 802 ad

283 825 602 880 multorum
634 825 894 881 notitiam
931 826 1113 897 potuit
1140 831 1454 899 pervenire,
1483 829 1616 900 quia
1647 836 1704 884 et
1744 846 1924 900 gran-

284 907 375 961 dis
405 909 494 961 est
532 905 750 973 civitas,
793 912 849 961 et
885 907 961 962 ibi
1006 913 1126 963 erat
1160 914 1298 963 tunc
1349 911 1687 980 Imperator,
1723 915 1776 964 et
1807 912 1924 964 im—

284 1002 488 1042 menso
528 985 741 1057 populo
785 991 929 1042 teste
977 1004 1068 1044 res
1109 995 1268 1059 gesta
1304 996 1411 1056 est,
1443 998 1822 1045 concurrente
1853 990 1921 1043 ad

284 1083 520 1138 corpora
553 1072 872 1138 martyrum
912 1068 1152 1123 Protasii
1185 1073 1242 1123 et
1279 1069 1539 1124 Gervasii
1574 1085 1586 1123 :
1631 1087 1756 1140 quae
1791 1085 1924 1123 cum

283 1148 550 1211 laterent,
574 1153 630 1201 et
652 1147 881 1216 penitus
913 1150 1296 1216 nescirentur,
1321 1150 1591 1220 episcopo
1617 1149 1926 1204 Ambrosio

284 1247 386 1303 per
417 1228 712 1284 somnium
747 1229 996 1284 revelata
1029 1236 1256 1300 reperta
1285 1237 1447 1298 sunt;
1482 1232 1578 1286 ubi
1614 1247 1800 1286 caseus
1831 1230 1926 1285 ille

283 1310 547 1379 depulsis
580 1308 865 1364 veteribus
897 1311 1154 1366 tenebris
1185 1311 1336 1366 diem
1369 1311 1512 1367 vidit
1544 1313 1643 1384 (a).

355 1393 408 1446 3.
443 1391 606 1462 Apud
651 1391 1057 1462 Carthaginem
1109 1398 1302 1447 autem
1347 1394 1480 1463 quis
1512 1394 1688 1459 novit,
1724 1397 1930 1463 praeter

287 1473 606 1527 admodum
657 1471 1070 1542 paucissimos,
1124 1472 1396 1538 salutem,
1456 1490 1579 1544 qua:
1639 1474 1788 1527 facta
1844 1475 1932 1526 est

288 1551 621 1609 Innocentio
645 1566 712 1606 ex
737 1551 1016 1606 advocato
1046 1553 1268 1606 vicaria
1301 1554 1673 1624 prmfecturze,
1694 1553 1788 1606 ubi
1824 1567 1930 1606 nos

289 1633 684 1700 interfuimus,
703 1636 759 1686 et
779 1631 962 1687 oculis
984 1636 1315 1703 aspeximus
1339 1633 1592 1689 nostris?
1623 1633 1931 1687 Venientes

290 1716 446 1772 enim
493 1715 564 1769 de
612 1713 1042 1778 transmarinis,
1077 1731 1168 1770 me
1207 1721 1263 1770 et
1307 1715 1543 1770 fratrem
1577 1730 1770 1770 meum
1801 1711 1933 1782 Aly-

289 1796 456 1868 pium
495 1794 590 1865 (b),
625 1794 883 1848 nondum
933 1793 1167 1864 quidem
1210 1795 1468 1860 clericos,
1502 1795 1602 1849 sed
1646 1795 1770 1863 jam
1814 1793 1930 1847 Deo

291 1875 630 1940 servientes,
654 1878 718 1928 ut
748 1878 873 1929 erat
899 1890 1033 1928 cum
1064 1879 1183 1930 tota
1213 1876 1384 1930 domo
1417 1892 1521 1930 sua
1550 1873 1934 1944 religiosissi—

293 1973 446 2020 mus,
478 1956 603 2024 ipse
633 1959 990 2025 susceperat,
1027 1960 1084 2011 et
1111 1956 1268 2028 apud
1299 1972 1428 2011 eum
1461 1962 1600 2010 tunc
1630 1953 1932 2010 habitaba-

293 2053 447 2093 mus.
482 2035 806 2090 Curabatur
834 2053 866 2089 a
897 2035 1138 2091 medicis
1173 2053 1186 2090 :
1225 2037 1446 2091 ﬁstulas
1481 2040 1522 2103 ί,
1546 2052 1693 2107 quas
1727 2049 1930 2089 nume-

293 2134 456 2175 rosas
488 2122 663 2188 atque
707 2116 1009 2187 perplexas
1048 2116 1253 2172 habuit
1301 2117 1359 2170 in
1408 2116 1722 2187 posteriore
1763 2120 1936 2184 atque

293 2198 412 2253 ima
443 2196 698 2266 corporis
737 2201 916 2265 parte,
943 2196 1064 2266 jam
1106 2200 1412 2251 secuerant
1443 2195 1517 2262 ei,
1549 2203 1602 2249 et
1643 2193 1785 2248 artis
1822 2208 1936 2246 suae

297 2283 498 2335 cratera
527 2274 968 2332 medicamentis
999 2277 1268 2346 agebant.
1294 2278 1508 2331 Passus
1531 2279 1722 2329 autem
1753 2274 1937 2328 fuerat

297 2359 355 2415 in
403 2357 657 2414 sectione
701 2355 799 2410 illa
838 2360 894 2412 et
935 2355 1244 2411 diuturnos
1288 2360 1344 2411 et
1394 2357 1631 2411 acerbos
1687 2353 1934 2409 dolores.

295 2441 404 2496 Sed
455 2455 607 2494 unus
651 2439 802 2492 inter
847 2437 1065 2492 multos
1113 2439 1281 2492 sinus
1331 2435 1610 2492 fefellerat
1661 2435 1936 2501 medicos,

296 2525 470 2591 atque
514 2519 594 2573 ita
642 2517 903 2586 latuerat,
945 2521 1010 2570 ut
1061 2533 1192 2570 eum
1235 2533 1349 2571 non
1398 2521 1718 2587 tangerent,
1764 2529 1938 2584 quem

299 2602 449 2655 ferro
490 2596 714 2668 aperire
754 2596 1092 2650 debuerant.
1127 2595 1386 2667 Denique
1417 2595 1639 2649 sanatis
1669 2595 1940 2649 omnibus

299 2695 430 2750 qua
479 2682 680 2748 aperta
717 2677 1017 2739 curabant,
1062 2676 1173 2731 iste
1213 2681 1576 2732 remanserat
1618 2675 1799 2742 solus,
1850 2674 1941 2727 cui

300 2762 517 2815 frustra
567 2757 1018 2827 impendebatur
1054 2756 1239 2815 labor.
1275 2757 1428 2820 Quas
1464 2773 1656 2812 moras
1688 2755 1783 2809 ille
1813 2771 1945 2809 sus-

303 2842 502 2911 pectas
544 2837 787 2904 habens,
838 2836 1211 2908 multumque
1257 2837 1578 2892 formidans
1623 2851 1695 2890 ne
1733 2837 1943 2890 iterum

303 2923 616 2985 secaretur,
659 2919 812 2987 quod
857 2917 908 2972 ei
955 2919 1293 2988 praedixerat
1335 2916 1487 2972 alius
1531 2915 1793 2972 medicus
1838 2916 1947 2969 do—

300 2998 577 3054 mesticus
597 2998 746 3067 ejus,
771 3014 944 3069 quem
979 3014 1094 3052 non
1127 2997 1486 3053 admiserant
1515 2996 1620 3062 illi,
1647 3001 1710 3050 ut
1739 2995 1946 3050 saltem

298 3079 533 3146 videret,
567 3094 702 3133 cum
733 3079 990 3150 primum
1024 3084 1214 3134 sectus
1240 3083 1348 3143 est,
1383 3079 1672 3146 quomodo
1705 3077 1759 3129 id
1796 3075 1946 3130 face-

302 3167 515 3226 cerent,
568 3160 867 3228 iratusque
925 3157 1090 3213 illum
1150 3159 1322 3214 domo
1373 3158 1682 3228 abiecerat,
1738 3155 1948 3224 vixque

302 3241 624 3309 receperat,
664 3236 878 3310 erupit,
927 3243 1103 3310 atque
1142 3239 1224 3293 ait
1263 3255 1277 3293 :
1343 3239 1552 3292 lterum
1603 3253 1694 3291 me
1734 3233 1949 3289 secturi

303 3318 490 3375 estis?
532 3319 614 3374 Ad
659 3317 835 3386 illius,
881 3334 1056 3388 quem
1095 3318 1368 3373 noluistis
1407 3333 1536 3372 esse
1583 3319 1947 3385 prmsentem,

302 3400 480 3456 verba
510 3407 785 3456 venturus
818 3415 946 3453 sum
969 3399 997 3453 ?
1041 3399 1285 3454 Irridere
1317 3398 1399 3451 illi
1435 3397 1725 3452 medicum
1757 3396 1951 3463 impe—

303 3481 505 3548 ritum,
540 3484 882 3549 metumque
913 3477 1169 3534 hominis
1199 3478 1365 3533 bonis
1393 3477 1581 3531 verbis
1615 3474 1952 3546 promissio-

305 3560 600 3631 nibusque
631 3559 826 3614 lenire.
855 3558 1256 3613 Prasterierunt
1305 3562 1361 3612 et
1393 3555 1491 3610 alii
1535 3556 1660 3611 dies
1692 3553 1947 3625 plurimi,

306 3639 572 3711 nihilque
611 3638 954 3711 proficiebat
993 3654 1166 3692 omne
1205 3638 1356 3708 quod
1408 3636 1599 3692 ﬁebat.
1634 3633 1838 3690 Medici
1869 3637 1951 3687 ta-

308 3738 440 3777 men
493 3724 550 3776 in
611 3737 719 3776 sua
776 3719 1190 3791 pollicitatione
1249 3719 1652 3790 persistebant,
1717 3733 1831 3772 non
1889 3731 1951 3770 se

308 3801 474 3856 illum
508 3801 705 3857 sinum
739 3800 912 3868 ferro,
945 3801 1043 3854 sed
1077 3799 1518 3854 medicamentis
1550 3813 1678 3853 esse
1717 3796 1951 3851 clausu-

307 3898 420 3937 ros.
454 3883 856 3937 Adhibuerunt
886 3879 1139 3935 etalium
1190 3882 1560 3951 grandaevum
1597 3881 1720 3948 jam
1767 3877 1949 3932 medi-

308 3979 466 4030 cum,
502 3961 764 4032 satisque
795 3962 852 4015 in
883 3959 979 4014 illa
1023 3965 1146 4016 arte
1192 3961 1488 4015 laudatum
1540 3960 1753 4028 (adhuc
1795 3957 1951 4012 enim

304 4043 560 4114 vivebat)
619 4043 995 4097 Ammonium
1048 4041 1090 4108 ³,
1141 4041 1238 4112 qui
1288 4041 1410 4096 loco
1454 4041 1738 4111 inspecto,
1797 4039 1950 4092 idem

307 4126 463 4195 quod
507 4123 588 4178 illi
633 4139 701 4178 ex
740 4139 939 4178 eorum
980 4121 1283 4193 diligentia
1314 4121 1630 4194 peritiaque
1665 4119 1949 4191 promisit.

305 4205 485 4275 Cujus
535 4203 633 4259 ille
686 4203 873 4258 factus
925 4203 1268 4258 auctoritate
1317 4217 1580 4266 securus,
1635 4199 1954 4255 domestico

305 4301 415 4340 suo
448 4285 692 4354 medico,
737 4285 835 4354 qui
870 4284 1121 4339 futuram
1164 4282 1505 4354 praedixerat
1536 4281 1708 4336 aliam
1745 4280 1955 4336 sectio-

307 4380 442 4420 nem
497 4366 684 4421 faceta
733 4364 1042 4430 hilaritate,
1095 4363 1253 4419 velut
1299 4365 1420 4434 jam
1481 4364 1702 4429 salvus,
1750 4359 1950 4415 illusit.

306 4448 451 4511 Quid
486 4447 703 4520 plura?
741 4447 848 4502 Tot
892 4447 1015 4501 dies
1063 4455 1262 4518 postea
1312 4446 1564 4500 inaniter
1601 4442 1952 4513 comsumpti

308 4531 692 4594 transierunt,
728 4535 793 4583 ut
825 4527 956 4582 fessi
997 4533 1170 4596 atque
1209 4526 1436 4581 confusi
1472 4528 1786 4581 faterentur
1816 4540 1952 4579 eum

308 4609 423 4666 nisi
469 4609 616 4663 ferro
665 4608 826 4662 nullo
868 4607 1040 4662 modo
1094 4622 1264 4676 posse
1314 4607 1526 4661 sanari.
1560 4604 1819 4674 Expavit,
1852 4621 1952 4658 ex-

308 4688 517 4759 palluit
539 4686 717 4743 nilnio
741 4689 945 4742 timore
967 4687 1269 4742 turbatus:
1297 4691 1471 4756 atque
1494 4683 1592 4739 ubi
1615 4699 1676 4740 se
1698 4683 1950 4755 collegit,

307 4768 534 4840 farique
564 4767 774 4840 potuit,
799 4767 958 4822 abire
989 4765 1120 4820 illos
1142 4765 1348 4836 jussit,
1379 4768 1435 4820 et
1478 4765 1549 4818 ad
1595 4780 1654 4820 se
1702 4763 1953 4834 amplius

308 4864 423 4904 non
447 4850 738 4914 accedere,
773 4861 878 4903 nec
908 4845 1068 4902 aliud
1106 4845 1355 4901 occurrit
1399 4844 1634 4914 fatigato
1677 4841 1953 4914 lacrymis

372 5065 388 5100 ¹
420 5062 576 5119 Editi,
609 5062 926 5111 Curabatur
965 5075 1001 5110 α
1038 5058 1262 5108 medicis
1309 5067 1539 5120 propter
1587 5057 1848 5120 ﬁstulas;
1901 5060 1955 5108 et

305 5125 466 5186 intra,
512 5124 645 5184 jam
689 5126 981 5173 secuerant
1036 5138 1181 5171 eum.
1242 5123 1317 5186 At
1366 5121 1736 5186 manuscripti
1771 5134 1956 5170 omnes

309 5183 582 5262 omittunt,
604 5197 834 5262 propter:
863 5202 876 5246 ;
907 5189 960 5235 et
1003 5200 1069 5262 ex
1100 5186 1167 5234 iis
1200 5185 1419 5248 quidam
1465 5184 1683 5240 habent,
1699 5183 1832 5244 jam
1868 5199 1955 5232 se-

309 5256 540 5300 cuerant
564 5251 617 5298 εἰ
643 5267 662 5311 ;
689 5251 781 5298 alii
809 5251 964 5310 longe
991 5251 1185 5312 plures.
1218 5262 1362 5312 eum.

305 5376 342 5425 Β
371 5314 394 5348 9
416 5313 581 5425 ἐῑάἐξί,
613 5309 973 5362 Ατηθηοηίιίνη
992 5309 1144 5373 Ηίοο,
1175 5310 1296 5374 qui,
1345 5311 1443 5359 etc.
1473 5309 1542 5358 At
1569 5309 1691 5367 Mss,
1723 5321 1832 5358 non
1866 5311 1957 5358 ha-

345 5390 414 5425 en
443 5416 454 5425 .
525 5391 622 5424 τσο.

345 5390 454 5438 em,
485 5390 622 5424 αισο.

371 5431 452 5502 (ιι)’
481 5438 639 5502 Conf.
659 5438 753 5502 lib.
784 5436 832 5497 9,
867 5433 1381 5502 Confess.,_cap._7,
1411 5433 1611 5502 _n.__t_6_;
1644 5433 1808 5484 Serm.
1839 5431 1951 5491 318,

309 5496 470 5562 ιι.”1’;
497 5501 590 5550 lib.
624 5501 648 5550 1
679 5496 929 5559 Retract.,
958 5513 1068 5562 cap.
1103 5497 1178 5562 t3,
1209 5496 1344 5562 n.7,
1376 5497 1601 5562 et_alibi.

372 5559 713 5640 (ωλιγρίεξει
826 5559 1954 5640 ίθαεξιεῖίηὲηαιξίοξιξς-Ταῇὲεἱιρ,9,τίιι.ιξε¹ιιξν

311 5621 387 5675 de
408 5621 515 5690 quo
541 5621 600 5675 iri
629 5621 1198 5690 Confessionibus.gli_b.
1229 5623 1276 5690 6_,
1309 5635 1458 5684 capp.
1490 5622 1550 5670 10
1578 5625 1632 5673 et
1651 5621 1712 5671 12
1741 5637 1755 5684 ;
1785 5623 1880 5672 lib.
1903 5621 1950 5675 8.

311 5684 530 5752 cap.'12,
561 5690 614 5740 et
641 5689 842 5754 passim
867 5688 925 5737 in
953 5687 1215 5751 Epistolis.
1243 5684 1479 5738 Lmen.

1378 370 1612 431 LIBER
1656 369 2082 434 VIGESIMUS
2125 372 2557 437 SECUNDUS.

3562 377 3682 438 762

2034 512 2089 564 et
2117 509 2216 565 illa
2240 513 2369 582 jam
2401 513 2746 569 necessitate
2777 512 3114 574 constricto,
3150 510 3264 566 nisi
3298 514 3363 566 ut
3385 511 3688 568 adhiberet

2035 590 2490 649 Alexandrinum
2525 595 2865 665 quemdam,
2897 593 2996 665 qui
3049 601 3184 646 tunc
3229 592 3543 663 chirurgus
3584 594 3689 648 mi-

2039 671 2242 726 rabilis
2275 672 2614 741 habebatur,
2651 678 2714 727 ut
2737 672 2860 744 ipse
2887 674 3098 727 faceret
3128 673 3280 742 quod
3315 672 3385 726 ab
3418 671 3533 726 illis
3565 672 3687 727 fieri

2039 750 2270 805 nolebat
2329 752 2533 807 iratus.
2593 753 2701 807 Sed
2745 756 3122 822 posteaquam
3169 751 3326 805 venit
3369 749 3485 818 ille,
3526 751 3687 806 labo-

2040 843 2278 901 remque
2309 831 2542 888 illorum
2585 833 2644 887 in
2696 831 3064 888 cicatricibus
3109 830 3256 885 sicut
3294 831 3501 885 artifex
3531 830 3684 896 vidit,

2039 910 2176 965 boni
2208 912 2312 966 viri
2355 914 2590 969 functus
2631 914 2846 979 officio,
2889 912 3176 984 persuasit
3228 911 3452 966 homini
3503 916 3565 964 ut
3603 911 3687 966 illi

2041 993 2232 1062 potius
2279 996 2375 1065 qui
2427 995 2486 1050 in
2537 1012 2602 1051 eo
2661 1004 2886 1050 tantum
2950 993 3368 1060 laboraverant,
3402 999 3686 1064 quantum

2039 1070 2165 1141 ipse
2221 1073 2537 1145 inspiciens
2606 1076 2948 1144 mirabatur,
3009 1074 3330 1129 curationis
3386 1091 3507 1128 sua:
3576 1074 3688 1128 fine

2045 1153 2392 1221 fruerentur,
2429 1156 2709 1226 adjiciens
2739 1159 2889 1228 quod
2927 1171 3120 1209 revera
3154 1154 3265 1209 nisi
3290 1160 3481 1209 sectus
3511 1160 3684 1220 esset,

2043 1233 2243 1289 salvus
2275 1251 2399 1291 esse
2431 1254 2541 1291 non
2579 1248 2807 1308 posset;
2843 1236 2940 1292 sed
2971 1236 3135 1290 valde
3165 1235 3475 1290 abhorrere
3507 1250 3540 1288 a
3570 1235 3688 1288 suis

2046 1314 2321 1377 moribus.
2359 1322 2422 1372 ut
2460 1319 2800 1373 hominibus
2845 1334 3096 1388 quorum
3141 1316 3685 1371 artiﬁciosissimam

2044 1411 2303 1466 operam,
2355 1399 2728 1464 industriam,
2774 1399 3134 1469 diligentiam
3178 1397 3477 1452 admirans
3516 1396 3574 1450 in
3606 1395 3686 1450 ci-

2045 1478 2356 1534 catricibus
2387 1481 2515 1550 ejus
2545 1481 2783 1547 videret,
2831 1485 3064 1551 propter
3099 1478 3369 1548 exiguum
3411 1476 3566 1548 quod
3599 1493 3689 1530 re-

2045 1558 2281 1624 mansit,
2315 1560 2565 1629 palmam
2593 1560 2738 1615 tanti
2769 1560 2982 1614 laboris
3006 1559 3273 1614 auferret.
3299 1557 3524 1612 Redditi
3550 1561 3687 1609 sunt

2047 1638 2242 1692 animo
2274 1640 2423 1709 ejus,
2458 1645 2513 1693 et
2545 1640 2762 1708 placuit
2795 1644 2858 1693 ut
2897 1641 3098 1693 eodem
3135 1636 3518 1692 Alexandrino
3541 1636 3686 1690 assi-

2046 1723 2229 1773 stente
2259 1719 2368 1789 ipsi
2418 1721 2612 1774 sinum
2663 1719 2828 1774 illum
2864 1720 3033 1784 ferro,
3085 1718 3183 1788 qui
3225 1719 3352 1788 jam
3402 1731 3686 1771 consensu

2046 1798 2309 1852 omnium
2360 1798 2527 1854 aliter
2585 1799 2928 1854 insanabilis
2979 1798 3318 1869 putabatur,
3376 1795 3685 1866 aperirent.

2046 1879 2180 1941 Quae
2213 1895 2302 1934 res
2329 1879 2504 1934 dilata
2535 1885 2622 1935 est
2651 1881 2708 1934 in
2738 1883 3189 1949 consequentem
3224 1878 3400 1932 diem.
3424 1876 3530 1930 Sed
3557 1889 3685 1930 cum

2045 1961 2329 2015 abiissent
2367 1961 2474 2027 illi,
2507 1977 2575 2015 ex
2620 1977 2862 2016 mcerore
2896 1962 3073 2015 nimio
3105 1959 3328 2014 domini
3361 1963 3556 2013 tantus
3603 1959 3689 2010 est

2046 2042 2104 2096 in
2141 2043 2312 2096 domo
2363 2042 2464 2096 illa
2507 2048 2734 2097 exortus
2780 2042 2964 2107 dolor,
3025 2051 3085 2094 ut
3143 2045 3422 2108 tanquam
3473 2038 3689 2092 funeris

2048 2123 2315 2194 planctus
2366 2122 2457 2175 vix
2504 2122 2990 2190 comprimeretur
3037 2137 3070 2173 a
3118 2119 3306 2173 nobis.
3356 2117 3689 2170 Visitabant

2049 2219 2180 2258 eum
2231 2203 2488 2273 quotidie
2536 2203 2716 2257 sancti
2749 2201 2875 2270 viri,
2926 2200 3235 2270 episcopus
3267 2205 3406 2254 tunc
3449 2197 3689 2252 Uzalen-

2050 2285 2131 2339 sis
2181 2283 2279 2353 (a),
2335 2283 2512 2337 beata:
2548 2283 2819 2338 memoriae
2857 2281 3231 2347 Saturninus,
3289 2285 3344 2333 et
3393 2278 3692 2349 presbyter

2050 2363 2294 2419 Gelosus
2321 2367 2362 2431 ¹,
2395 2378 2461 2417 ac
2505 2362 2730 2417 diaconi
2765 2358 3239 2430 Carthaginensis
3287 2356 3552 2412 Ecclesia:
3584 2371 3598 2410 :
3632 2355 3691 2409 in

2053 2443 2270 2516 quibus
2317 2449 2456 2513 erat,
2491 2449 2547 2498 et
2576 2459 2644 2498 ex
2692 2443 2906 2514 quibus
2939 2441 3094 2496 solus
3125 2447 3210 2494 est
3243 2455 3398 2493 nunc
3429 2437 3486 2492 in
3520 2438 3695 2490 rebus

2052 2525 2347 2593 humanis,
2388 2525 2512 2594 jam
2562 2525 2869 2594 episcOpus
2902 2537 3032 2577 cum
3085 2521 3302 2576 honore
3334 2536 3366 2574 a
3399 2517 3567 2573 nobis
3598 2518 3696 2572 de-

2055 2605 2176 2660 bito
2243 2604 2637 2660 nominandus
2666 2603 2954 2670 Aurelius,
2998 2618 3128 2656 cum
3181 2617 3295 2671 quo
3327 2599 3699 2654 recordantes

2055 2685 2348 2740 mirabilia
2402 2702 2573 2756 opera
2623 2684 2722 2739 Dei
2746 2685 2789 2753 ³,
2823 2686 2892 2739 de
2939 2684 3045 2738 hac
3104 2699 3163 2737 re
3221 2697 3371 2752 saepe
3429 2678 3697 2734 collocuti

2057 2783 2284 2834 sumus,
2319 2782 2569 2837 eumque
2617 2767 2782 2822 valde
2835 2764 3192 2832 meminisse,
3243 2763 3391 2832 quod
3445 2774 3697 2815 comme-

2057 2863 2373 2914 moramus,
2397 2846 2749 2903 invenimus.
2772 2847 2877 2912 Qui
2901 2861 3030 2902 cum
3056 2860 3212 2907 eum,
3237 2844 3391 2897 sicut
3413 2840 3700 2902 solebant,

2055 2943 2291 2998 vespere
2324 2928 2639 2994 visitarenl,
2673 2928 2884 2996 rogavit
2916 2943 3015 2980 eos
3047 2921 3478 2978 miserabilibus
3512 2920 3702 2986 lacry—

2057 3007 2188 3072 mis,
2224 3014 2281 3060 ut
2315 3024 2485 3062 mane
2529 3009 2900 3072 dignarentur
2949 3020 3069 3061 esse
3117 3007 3427 3071 praesentes
3470 3016 3577 3054 suo
3608 2999 3702 3053 fu-

2057 3087 2178 3142 neri
2213 3087 2407 3156 potius
2440 3105 2613 3158 quam
2655 3088 2862 3144 dolori.
2902 3091 3120 3141 Tantus
3153 3085 3307 3138 enim
3339 3098 3472 3136 eum
3508 3085 3699 3136 metus

2056 3183 2124 3222 ex
2156 3166 2446 3237 prioribus
2491 3168 2782 3224 invaserat
2814 3165 3020 3239 pcenis,
3064 3168 3130 3220 ut
3176 3181 3238 3219 se
3270 3164 3422 3218 inter
3456 3161 3702 3216 medico-

2056 3265 2185 3305 rum
2218 3267 2426 3304 manus
2451 3267 2564 3305 non
2599 3252 2894 3307 dubiraret
2924 3264 3051 3304 esse
3086 3249 3455 3302 moriturum.
3488 3243 3703 3300 Conso-

2057 3330 2158 3384 lati
2191 3334 2328 3383 sunt
2350 3346 2482 3384 eum
2516 3331 2622 3397 illi,
2645 3340 2698 3385 et
2732 3330 2941 3385 hortati
2977 3333 3036 3382 ut
3069 3328 3125 3381 in
3152 3327 3268 3382 Deo
3302 3326 3521 3390 fideret,
3555 3326 3706 3394 ejus-

2058 3425 2170 3481 que
2201 3411 2559 3464 voluntatem
2595 3411 2838 3464 viriliter
2871 3410 3059 3463 ferret.
3088 3407 3227 3460 [nde
3272 3407 3338 3458 ad
3375 3406 3700 3458 orationem

2059 3490 2304 3560 ingressi
2345 3505 2584 3544 sumus:
2623 3490 2721 3544 ubi
2754 3489 2921 3545 nobis
2970 3504 3038 3542 ex
3066 3501 3223 3540 more
3254 3501 3444 3555 genua
3475 3483 3701 3548 figenti-

2058 3569 2183 3633 bus,
2215 3569 2884 3640 atqueineumbentibus
2928 3564 3228 3633 terrae,ille
3246 3564 3408 3617 seita
3447 3562 3703 3633 projecit,

2058 3655 2338 3722 tanquam
2366 3650 2567 3706 fuisset
2597 3651 2792 3723 aliquo
2823 3647 3072 3720 graviter
3092 3645 3419 3715 impellente
3445 3646 3699 3711 prostra-

2059 3737 2174 3800 tus,
2201 3735 2257 3787 et
2287 3732 2459 3800 cmpit
2491 3746 2681 3786 orare:
2705 3729 2915 3800 quibus
2946 3726 3151 3791 modis,
3181 3741 3296 3797 quo
3331 3723 3566 3791 affectu,
3587 3738 3700 3793 quo

2061 3819 2220 3868 motu
2240 3813 2443 3881 animi,
2464 3829 2578 3884 quo
2607 3810 2778 3865 ﬂuvio
2799 3810 3208 3880 lacrymarum,
3229 3806 3448 3877 quibus
3478 3801 3706 3874 gemiti-

2062 3895 2170 3950 bus
2186 3903 2355 3965 atque
2369 3892 2720 3964 singultibus
2737 3889 3202 3946 succutientibus
3224 3888 3422 3942 omnia
3444 3884 3705 3965 membra

2060 3977 2189 4045 ejus
2219 3963 2279 4031 et
2321 3991 2467 4047 pene
2499 3971 3024 4029 intercludentibus
3066 3968 3362 4039 spiritum,
3405 3965 3537 4036 quis
3569 3963 3704 4047 ullis

2061 4044 2586 4128 explicet'verbis?
2634 4055 2839 4110 Utrum
2883 4059 3111 4107 orarent
3160 4049 3278 4113 alii,
3325 4063 3430 4102 nec
3475 4047 3535 4099 in
3583 4044 3706 4100 haec

2061 4154 2261 4194 eorum
2296 4133 2941 4201 avertereturintentio,
2976 4129 3326 4187 nesciebam.
3363 4128 3477 4196 Ego
3509 4129 3704 4179 tamen

2061 4235 2300 4290 prorsus
2332 4233 2496 4274 orare
2526 4233 2640 4272 non
2675 4221 2930 4288 poteram
2966 4231 2980 4268 :
3017 4213 3121 4268 hoc
3153 4205 3558 4265 tantummodo
3582 4205 3706 4259 bre-

2060 4299 2206 4354 viter
2235 4300 2292 4353 in
2325 4299 2496 4354 corde
2529 4315 2653 4352 meo
2684 4295 2824 4362 dixi,
2858 4293 3118 4359 Domine,
3151 4306 3300 4362 quas
3321 4293 3556 4362 tuorum
3587 4299 3708 4362 pre:

2063 4387 2159 4427 ces
2189 4371 2448 4438 exaudis,
2483 4369 2532 4424 si
2572 4369 2679 4424 has
2717 4355 2829 4422 non
2861 4355 3342 4421 exaudis'?'Nihil
3365 4359 3520 4414 enim
3562 4355 3708 4438 mihi

2063 4452 2368 4508 videbatur
2387 4437 2519 4508 addi
2546 4452 2665 4520 jam
2689 4464 2875 4519 posse,
2903 4445 3014 4501 nisi
3041 4450 3102 4499 ut
3125 4442 3445 4513 exspiraret
3467 4437 3704 4520 orando.

2062 4534 2451 4598 Surreximus,
2485 4517 2559 4587 etv
2586 4517 2821 4601 accepta
2859 4528 2931 4582 ab
2980 4525 3265 4597 Episcopo
3311 4517 3706 4601 benedictione

2063 4596 2477 4681 discessimus;
2533 4596 2771 4683 rogante
2809 4609 2905 4662 illo
2955 4596 3219 4660 ut’mane
3251 4602 3560 4683 adessent,
3595 4596 3708 4683 illis

2064 4699 2127 4749 ut
2157 4710 2318 4764 aequo
2352 4675 2544 4748 animo
2592 4675 2746 4747 Esset
2777 4685 3167 4744 hortantibus.
3223 4680 3417 4764 Illuxit
3448 4679 3569 4731 dies
3610 4675 3706 4744 qui

2063 4761 2450 4842 metuebatur,
2471 4776 2714 4830 aderant
2736 4769 2881 4825 servi
2901 4768 3016 4832 Dei,
3033 4768 3184 4820 sicut
3197 4778 3255 4816 se
3270 4761 3568 4814 adfuturos
3585 4769 3709 4842 esse

2064 4860 2454 4929 promiserant
2487 4871 2499 4909 :
2535 4852 2774 4923 ingressi
2800 4851 2936 4903 sunt
2959 4843 3190 4929 medici,
3210 4843 3708 4929 parantur‘omnia

2062 4920 2188 5008 quas
2222 4938 2365 4992 hora
2395 4935 2496 4989 illa
2529 4920 2848 5001 proscebat,
2879 4923 3180 5008 tremenda
3207 4920 3553 5008 ferramenta
3583 4928 3708 4983 pro-

2064 4997 2349 5080 feruntur,
2383 4997 2643 5068 attonitis
2683 5006 3108 5078 suspensisque
3147 4999 3442 5085 omnibus.
3483 4997 3579 5051 Eis
3610 5010 3705 5085 au:

2063 5102 2178 5152 tem
2213 5111 2462 5166 quorum
2495 5098 2619 5147 erat
2641 5092 2825 5158 major
2844 5085 3175 5149 auctoritas,
3208 5081 3496 5136 defectum
3530 5081 3707 5164 animi

2062 5179 2187 5248 ejus
2229 5162 2606 5231 'consolando
2661 5167 3038 5241 erigentibus,
3098 5164 3168 5218 ad
3230 5175 3441 5216 manus
3490 5162 3709 5212 secturi

2128 5491 2144 5524 1
2175 5485 2418 5548 Plerique
2450 5484 2593 5548 Mss,
2629 5478 2880 5548 Gulosus,
3219 5535 3257 5548 ἢ
3299 5531 3311 5545 .

2125 5550 2146 5584 ²
2176 5535 2417 5609 Plerique
2445 5535 2591 5609 Mss,
2620 5541 2918 5592 mirabilia
2943 5551 3172 5600 operum
3209 5535 3329 5583 Dei.

2127 5612 2196 5678 (a)
2227 5607 2385 5669 Intra,
2417 5623 2470 5658 n.
2501 5607 2583 5657 21.
