  <div class='ocr_page' id='page_1' title='image "/cluster/home/n/w/nwhite01/storage/ocr_20150623/41/hvd.32044096580634/387.png"; bbox 0 0 4134 6198; ppageno 0'>
   <div class='ocr_carea' id='block_1_1' title="bbox 349 305 568 388">
    <p class='ocr_par' dir='ltr' id='par_1_1' title="bbox 349 305 568 388">
     <span class='ocr_line' id='line_1_1' title="bbox 349 305 568 388; baseline -0.014 0"><span class='ocrx_word' id='word_1_1' title='bbox 349 305 360 310; x_wconf 59' lang='grc'><strong>“</strong></span> <span class='ocrx_word' id='word_1_2' title='bbox 448 325 568 388; x_wconf 84' lang='lat'><strong>763</strong></span> 
     </span>
    </p>
   </div>
   <div class='ocr_carea' id='block_1_2' title="bbox 448 454 2090 527">
    <p class='ocr_par' dir='ltr' id='par_1_2' title="bbox 448 454 2090 527">
     <span class='ocr_line' id='line_1_2' title="bbox 448 454 2090 527; baseline -0.005 -8"><span class='ocrx_word' id='word_1_3' title='bbox 448 463 711 519; x_wconf 88' lang='lat' dir='ltr'><strong>membra</strong></span> <span class='ocrx_word' id='word_1_4' title='bbox 751 461 808 516; x_wconf 91' lang='lat' dir='ltr'><strong>in</strong></span> <span class='ocrx_word' id='word_1_5' title='bbox 852 457 1065 515; x_wconf 80' lang='lat' dir='ltr'><strong>lectulo</strong></span> <span class='ocrx_word' id='word_1_6' title='bbox 1105 460 1560 527; x_wconf 89' lang='lat' dir='ltr'><strong>componuntur,</strong></span> <span class='ocrx_word' id='word_1_7' title='bbox 1593 454 1902 511; x_wconf 89' lang='lat' dir='ltr'><strong>solvuntur</strong></span> <span class='ocrx_word' id='word_1_8' title='bbox 1957 456 2090 512; x_wconf 92' lang='lat' dir='ltr'><strong>nodi</strong></span> 
     </span>
    </p>
   </div>
   <div class='ocr_carea' id='block_1_3' title="bbox 449 535 2089 613">
    <p class='ocr_par' dir='ltr' id='par_1_3' title="bbox 449 535 2089 613">
     <span class='ocr_line' id='line_1_3' title="bbox 449 535 2089 613; baseline -0.004 -16"><span class='ocrx_word' id='word_1_9' title='bbox 449 543 920 613; x_wconf 83' lang='lat' dir='ltr'><strong>ligamentorum,</strong></span> <span class='ocrx_word' id='word_1_10' title='bbox 952 541 1210 592; x_wconf 88' lang='lat' dir='ltr'><strong>nudatur</strong></span> <span class='ocrx_word' id='word_1_11' title='bbox 1238 536 1423 603; x_wconf 80' lang='lat' dir='ltr'><strong>locus,</strong></span> <span class='ocrx_word' id='word_1_12' title='bbox 1457 535 1690 603; x_wconf 76' lang='lat' dir='ltr'><strong>inspicit</strong></span> <span class='ocrx_word' id='word_1_13' title='bbox 1722 535 1999 601; x_wconf 85' lang='lat' dir='ltr'><strong>medicus,</strong></span> <span class='ocrx_word' id='word_1_14' title='bbox 2033 540 2089 592; x_wconf 88' lang='lat' dir='ltr'><strong>et</strong></span> 
     </span>
    </p>
   </div>
   <div class='ocr_carea' id='block_1_4' title="bbox 449 615 2087 687">
    <p class='ocr_par' dir='ltr' id='par_1_4' title="bbox 449 615 2087 687">
     <span class='ocr_line' id='line_1_4' title="bbox 449 615 2087 687; baseline -0.006 -8"><span class='ocrx_word' id='word_1_15' title='bbox 449 623 762 679; x_wconf 86' lang='lat' dir='ltr'><strong>secandum</strong></span> <span class='ocrx_word' id='word_1_16' title='bbox 793 618 955 673; x_wconf 88' lang='lat' dir='ltr'><strong>illum</strong></span> <span class='ocrx_word' id='word_1_17' title='bbox 989 619 1184 674; x_wconf 89' lang='lat' dir='ltr'><strong>sinum</strong></span> <span class='ocrx_word' id='word_1_18' title='bbox 1213 622 1470 672; x_wconf 88' lang='lat' dir='ltr'><strong>armatus</strong></span> <span class='ocrx_word' id='word_1_19' title='bbox 1501 622 1673 687; x_wconf 90' lang='lat' dir='ltr'><strong>atque</strong></span> <span class='ocrx_word' id='word_1_20' title='bbox 1704 615 1964 670; x_wconf 88' lang='lat' dir='ltr'><strong>intentus</strong></span> <span class='ocrx_word' id='word_1_21' title='bbox 1995 616 2087 670; x_wconf 86' lang='lat' dir='ltr'><strong>in-</strong></span> 
     </span>
    </p>
   </div>
   <div class='ocr_carea' id='block_1_5' title="bbox 450 699 2092 774">
    <p class='ocr_par' dir='ltr' id='par_1_5' title="bbox 450 699 2092 774">
     <span class='ocr_line' id='line_1_5' title="bbox 450 699 2092 774; baseline -0.003 -17"><span class='ocrx_word' id='word_1_22' title='bbox 450 703 970 774; x_wconf 88' lang='lat' dir='ltr'><strong>quirit.Scrutatur</strong></span> <span class='ocrx_word' id='word_1_23' title='bbox 994 699 1198 763; x_wconf 89' lang='lat' dir='ltr'><strong>oculis,</strong></span> <span class='ocrx_word' id='word_1_24' title='bbox 1236 699 1551 769; x_wconf 81' lang='lat' dir='ltr'><strong>digitisque</strong></span> <span class='ocrx_word' id='word_1_25' title='bbox 1581 701 1932 766; x_wconf 86' lang='lat' dir='ltr'><strong>contrectat;</strong></span> <span class='ocrx_word' id='word_1_26' title='bbox 1969 701 2092 752; x_wconf 91' lang='lat' dir='ltr'><strong>ten-</strong></span> 
     </span>
    </p>
   </div>
   <div class='ocr_carea' id='block_1_6' title="bbox 449 777 2088 852">
    <p class='ocr_par' dir='ltr' id='par_1_6' title="bbox 449 777 2088 852">
     <span class='ocr_line' id='line_1_6' title="bbox 449 777 2088 852; baseline -0.004 -15"><span class='ocrx_word' id='word_1_27' title='bbox 449 788 536 837; x_wconf 88' lang='lat' dir='ltr'><strong>tat</strong></span> <span class='ocrx_word' id='word_1_28' title='bbox 563 782 814 852; x_wconf 90' lang='lat' dir='ltr'><strong>denique</strong></span> <span class='ocrx_word' id='word_1_29' title='bbox 858 780 1050 836; x_wconf 87' lang='lat' dir='ltr'><strong>modis</strong></span> <span class='ocrx_word' id='word_1_30' title='bbox 1094 780 1407 835; x_wconf 88' lang='lat' dir='ltr'><strong>omnibus:</strong></span> <span class='ocrx_word' id='word_1_31' title='bbox 1441 779 1661 834; x_wconf 81' lang='lat' dir='ltr'><strong>invenit</strong></span> <span class='ocrx_word' id='word_1_32' title='bbox 1693 777 2088 832; x_wconf 81' lang='lat' dir='ltr'><strong>ﬁrmissimam</strong></span> 
     </span>
    </p>
   </div>
   <div class='ocr_carea' id='block_1_7' title="bbox 447 857 2088 929">
    <p class='ocr_par' dir='ltr' id='par_1_7' title="bbox 447 857 2088 929">
     <span class='ocr_line' id='line_1_7' title="bbox 447 857 2088 929; baseline -0.005 -9"><span class='ocrx_word' id='word_1_33' title='bbox 447 863 800 920; x_wconf 81' lang='lat' dir='ltr'><strong>cicatricem.</strong></span> <span class='ocrx_word' id='word_1_34' title='bbox 831 861 952 916; x_wconf 85' lang='lat' dir='ltr'><strong>Jam</strong></span> <span class='ocrx_word' id='word_1_35' title='bbox 975 861 1072 914; x_wconf 86' lang='lat' dir='ltr'><strong>illa</strong></span> <span class='ocrx_word' id='word_1_36' title='bbox 1097 860 1293 915; x_wconf 58' lang='lat' dir='ltr'><strong>laetitia</strong></span> <span class='ocrx_word' id='word_1_37' title='bbox 1324 864 1378 914; x_wconf 89' lang='lat' dir='ltr'><strong>et</strong></span> <span class='ocrx_word' id='word_1_38' title='bbox 1403 859 1530 914; x_wconf 90' lang='lat' dir='ltr'><strong>laus</strong></span> <span class='ocrx_word' id='word_1_39' title='bbox 1562 863 1732 928; x_wconf 89' lang='lat' dir='ltr'><strong>atque</strong></span> <span class='ocrx_word' id='word_1_40' title='bbox 1772 857 2088 929; x_wconf 81' lang='lat' dir='ltr'><strong>gratiarum</strong></span> 
     </span>
    </p>
   </div>
   <div class='ocr_carea' id='block_1_8' title="bbox 446 939 2091 1012">
    <p class='ocr_par' dir='ltr' id='par_1_8' title="bbox 446 939 2091 1012">
     <span class='ocr_line' id='line_1_8' title="bbox 446 939 2091 1012; baseline -0.003 -14"><span class='ocrx_word' id='word_1_41' title='bbox 446 942 594 1000; x_wconf 89' lang='lat' dir='ltr'><strong>actio</strong></span> <span class='ocrx_word' id='word_1_42' title='bbox 626 942 991 998; x_wconf 84' lang='lat' dir='ltr'><strong>misericordi</strong></span> <span class='ocrx_word' id='word_1_43' title='bbox 1013 947 1069 996; x_wconf 91' lang='lat' dir='ltr'><strong>et</strong></span> <span class='ocrx_word' id='word_1_44' title='bbox 1100 941 1476 1012; x_wconf 87' lang='lat' dir='ltr'><strong>omnipotenti</strong></span> <span class='ocrx_word' id='word_1_45' title='bbox 1512 940 1650 1008; x_wconf 90' lang='lat' dir='ltr'><strong>Deo,</strong></span> <span class='ocrx_word' id='word_1_46' title='bbox 1683 955 1813 1010; x_wconf 67' lang='lat' dir='ltr'><strong>quae</strong></span> <span class='ocrx_word' id='word_1_47' title='bbox 1845 939 1973 993; x_wconf 89' lang='lat' dir='ltr'><strong>fusa</strong></span> <span class='ocrx_word' id='word_1_48' title='bbox 2005 946 2091 994; x_wconf 88' lang='lat' dir='ltr'><strong>est</strong></span> 
     </span>
    </p>
   </div>
   <div class='ocr_carea' id='block_1_9' title="bbox 446 1021 2088 1094">
    <p class='ocr_par' dir='ltr' id='par_1_9' title="bbox 446 1021 2088 1094">
     <span class='ocr_line' id='line_1_9' title="bbox 446 1021 2088 1094; baseline -0.004 -14"><span class='ocrx_word' id='word_1_49' title='bbox 446 1040 543 1080; x_wconf 87' lang='lat' dir='ltr'><strong>ore</strong></span> <span class='ocrx_word' id='word_1_50' title='bbox 563 1024 827 1078; x_wconf 88' lang='lat' dir='ltr'><strong>omnium</strong></span> <span class='ocrx_word' id='word_1_51' title='bbox 862 1022 1321 1094; x_wconf 84' lang='lat' dir='ltr'><strong>lacrymantibus</strong></span> <span class='ocrx_word' id='word_1_52' title='bbox 1370 1021 1622 1092; x_wconf 80' lang='lat' dir='ltr'><strong>gaudiis,</strong></span> <span class='ocrx_word' id='word_1_53' title='bbox 1659 1037 1773 1074; x_wconf 92' lang='lat' dir='ltr'><strong>non</strong></span> <span class='ocrx_word' id='word_1_54' title='bbox 1807 1024 1895 1074; x_wconf 91' lang='lat' dir='ltr'><strong>est</strong></span> <span class='ocrx_word' id='word_1_55' title='bbox 1926 1036 2088 1074; x_wconf 89' lang='lat' dir='ltr'><strong>com-</strong></span> 
     </span>
    </p>
   </div>
   <div class='ocr_carea' id='block_1_10' title="bbox 450 1101 2094 1172">
    <p class='ocr_par' dir='ltr' id='par_1_10' title="bbox 450 1101 2094 1172">
     <span class='ocr_line' id='line_1_10' title="bbox 450 1101 2094 1172; baseline -0.003 -12"><span class='ocrx_word' id='word_1_56' title='bbox 450 1104 732 1160; x_wconf 89' lang='lat' dir='ltr'><strong>mittenda</strong></span> <span class='ocrx_word' id='word_1_57' title='bbox 770 1104 915 1159; x_wconf 88' lang='lat' dir='ltr'><strong>meis</strong></span> <span class='ocrx_word' id='word_1_58' title='bbox 953 1101 1144 1159; x_wconf 89' lang='lat' dir='ltr'><strong>verbis</strong></span> <span class='ocrx_word' id='word_1_59' title='bbox 1181 1118 1193 1157; x_wconf 92' lang='lat'><strong>:</strong></span> <span class='ocrx_word' id='word_1_60' title='bbox 1226 1102 1508 1171; x_wconf 79' lang='lat' dir='ltr'><strong>cogitetur</strong></span> <span class='ocrx_word' id='word_1_61' title='bbox 1547 1101 1763 1172; x_wconf 83' lang='lat' dir='ltr'><strong>potius,</strong></span> <span class='ocrx_word' id='word_1_62' title='bbox 1795 1115 1967 1171; x_wconf 88' lang='lat' dir='ltr'><strong>quam</strong></span> <span class='ocrx_word' id='word_1_63' title='bbox 1997 1101 2094 1155; x_wconf 89' lang='lat' dir='ltr'><strong>di-</strong></span> 
     </span>
    </p>
   </div>
   <div class='ocr_carea' id='block_1_11' title="bbox 447 1191 635 1241">
    <p class='ocr_par' dir='ltr' id='par_1_11' title="bbox 447 1191 635 1241">
     <span class='ocr_line' id='line_1_11' title="bbox 447 1191 635 1241; baseline -0.016 0"><span class='ocrx_word' id='word_1_64' title='bbox 447 1191 635 1241; x_wconf 88' lang='lat' dir='ltr'><strong>catur.</strong></span> 
     </span>
    </p>
   </div>
   <div class='ocr_carea' id='block_1_12' title="bbox 518 1259 2094 1336">
    <p class='ocr_par' dir='ltr' id='par_1_12' title="bbox 518 1259 2094 1336">
     <span class='ocr_line' id='line_1_12' title="bbox 518 1259 2094 1336; baseline -0.003 -16"><span class='ocrx_word' id='word_1_65' title='bbox 518 1265 570 1320; x_wconf 91' lang='lat'><strong>3.</strong></span> <span class='ocrx_word' id='word_1_66' title='bbox 599 1267 662 1319; x_wconf 91' lang='lat' dir='ltr'><strong>In</strong></span> <span class='ocrx_word' id='word_1_67' title='bbox 685 1265 882 1320; x_wconf 90' lang='lat' dir='ltr'><strong>eadem</strong></span> <span class='ocrx_word' id='word_1_68' title='bbox 909 1263 1252 1336; x_wconf 85' lang='lat' dir='ltr'><strong>Carthagine</strong></span> <span class='ocrx_word' id='word_1_69' title='bbox 1274 1260 1626 1326; x_wconf 90' lang='lat' dir='ltr'><strong>lanocentin,</strong></span> <span class='ocrx_word' id='word_1_70' title='bbox 1652 1259 2094 1332; x_wconf 82' lang='lat' dir='ltr'><strong>religiosissima</strong></span> 
     </span>
    </p>
   </div>
   <div class='ocr_carea' id='block_1_13' title="bbox 448 1340 2092 1415">
    <p class='ocr_par' dir='ltr' id='par_1_13' title="bbox 448 1340 2092 1415">
     <span class='ocr_line' id='line_1_13' title="bbox 448 1340 2092 1415; baseline -0.004 -14"><span class='ocrx_word' id='word_1_71' title='bbox 448 1345 688 1412; x_wconf 79' lang='lat' dir='ltr'><strong>femina,</strong></span> <span class='ocrx_word' id='word_1_72' title='bbox 721 1345 790 1399; x_wconf 91' lang='lat' dir='ltr'><strong>de</strong></span> <span class='ocrx_word' id='word_1_73' title='bbox 838 1344 1136 1415; x_wconf 88' lang='lat' dir='ltr'><strong>primariis</strong></span> <span class='ocrx_word' id='word_1_74' title='bbox 1166 1342 1356 1415; x_wconf 88' lang='lat' dir='ltr'><strong>ipsius</strong></span> <span class='ocrx_word' id='word_1_75' title='bbox 1398 1341 1668 1412; x_wconf 82' lang='lat' dir='ltr'><strong>civitatis,</strong></span> <span class='ocrx_word' id='word_1_76' title='bbox 1722 1341 1780 1395; x_wconf 91' lang='lat' dir='ltr'><strong>in</strong></span> <span class='ocrx_word' id='word_1_77' title='bbox 1833 1340 2092 1395; x_wconf 84' lang='lat' dir='ltr'><strong>mamilla</strong></span> 
     </span>
    </p>
   </div>
   <div class='ocr_carea' id='block_1_14' title="bbox 449 1421 2090 1492">
    <p class='ocr_par' dir='ltr' id='par_1_14' title="bbox 449 1421 2090 1492">
     <span class='ocr_line' id='line_1_14' title="bbox 449 1421 2090 1492; baseline -0.004 -10"><span class='ocrx_word' id='word_1_78' title='bbox 449 1442 723 1482; x_wconf 87' lang='lat' dir='ltr'><strong>cancrum</strong></span> <span class='ocrx_word' id='word_1_79' title='bbox 754 1425 1044 1481; x_wconf 89' lang='lat' dir='ltr'><strong>habebat:</strong></span> <span class='ocrx_word' id='word_1_80' title='bbox 1081 1440 1225 1492; x_wconf 92' lang='lat' dir='ltr'><strong>rem,</strong></span> <span class='ocrx_word' id='word_1_81' title='bbox 1255 1423 1403 1478; x_wconf 85' lang='lat' dir='ltr'><strong>sicut</strong></span> <span class='ocrx_word' id='word_1_82' title='bbox 1431 1421 1638 1476; x_wconf 91' lang='lat' dir='ltr'><strong>medici</strong></span> <span class='ocrx_word' id='word_1_83' title='bbox 1665 1421 1888 1488; x_wconf 88' lang='lat' dir='ltr'><strong>dicunt,</strong></span> <span class='ocrx_word' id='word_1_84' title='bbox 1913 1421 2090 1476; x_wconf 90' lang='lat' dir='ltr'><strong>nullis</strong></span> 
     </span>
    </p>
   </div>
   <div class='ocr_carea' id='block_1_15' title="bbox 450 1503 2090 1575">
    <p class='ocr_par' dir='ltr' id='par_1_15' title="bbox 450 1503 2090 1575">
     <span class='ocr_line' id='line_1_15' title="bbox 450 1503 2090 1575; baseline -0.002 -13"><span class='ocrx_word' id='word_1_85' title='bbox 450 1507 898 1562; x_wconf 87' lang='lat' dir='ltr'><strong>medicamentis</strong></span> <span class='ocrx_word' id='word_1_86' title='bbox 929 1506 1246 1561; x_wconf 85' lang='lat' dir='ltr'><strong>sanabilem</strong></span> <span class='ocrx_word' id='word_1_87' title='bbox 1283 1505 1378 1575; x_wconf 89' lang='lat' dir='ltr'><strong>(a).</strong></span> <span class='ocrx_word' id='word_1_88' title='bbox 1411 1507 1526 1558; x_wconf 88' lang='lat' dir='ltr'><strong>Aut</strong></span> <span class='ocrx_word' id='word_1_89' title='bbox 1565 1519 1700 1573; x_wconf 89' lang='lat' dir='ltr'><strong>ergo</strong></span> <span class='ocrx_word' id='word_1_90' title='bbox 1734 1503 1965 1574; x_wconf 63' lang='lat' dir='ltr'><strong>praecidi</strong></span> <span class='ocrx_word' id='word_1_91' title='bbox 2002 1520 2090 1558; x_wconf 86' lang='lat' dir='ltr'><strong>so-</strong></span> 
     </span>
    </p>
   </div>
   <div class='ocr_carea' id='block_1_16' title="bbox 449 1583 2090 1658">
    <p class='ocr_par' dir='ltr' id='par_1_16' title="bbox 449 1583 2090 1658">
     <span class='ocr_line' id='line_1_16' title="bbox 449 1583 2090 1658; baseline -0.003 -16"><span class='ocrx_word' id='word_1_92' title='bbox 449 1586 544 1654; x_wconf 90' lang='lat' dir='ltr'><strong>let,</strong></span> <span class='ocrx_word' id='word_1_93' title='bbox 579 1593 634 1642; x_wconf 91' lang='lat' dir='ltr'><strong>et</strong></span> <span class='ocrx_word' id='word_1_94' title='bbox 663 1605 696 1642; x_wconf 92' lang='lat' dir='ltr'><strong>a</strong></span> <span class='ocrx_word' id='word_1_95' title='bbox 736 1603 968 1656; x_wconf 85' lang='lat' dir='ltr'><strong>corpore</strong></span> <span class='ocrx_word' id='word_1_96' title='bbox 998 1588 1252 1658; x_wconf 85' lang='lat' dir='ltr'><strong>separari</strong></span> <span class='ocrx_word' id='word_1_97' title='bbox 1287 1585 1614 1639; x_wconf 84' lang='lat' dir='ltr'><strong>membrum</strong></span> <span class='ocrx_word' id='word_1_98' title='bbox 1649 1583 1746 1638; x_wconf 89' lang='lat' dir='ltr'><strong>ubi</strong></span> <span class='ocrx_word' id='word_1_99' title='bbox 1795 1584 2090 1651; x_wconf 80' lang='lat' dir='ltr'><strong>nascitur;</strong></span> 
     </span>
    </p>
   </div>
   <div class='ocr_carea' id='block_1_17' title="bbox 447 1664 2094 1737">
    <p class='ocr_par' dir='ltr' id='par_1_17' title="bbox 447 1664 2094 1737">
     <span class='ocr_line' id='line_1_17' title="bbox 447 1664 2094 1737; baseline -0.003 -14"><span class='ocrx_word' id='word_1_100' title='bbox 447 1676 564 1735; x_wconf 90' lang='lat' dir='ltr'><strong>aut,</strong></span> <span class='ocrx_word' id='word_1_101' title='bbox 601 1674 663 1722; x_wconf 90' lang='lat' dir='ltr'><strong>ut</strong></span> <span class='ocrx_word' id='word_1_102' title='bbox 712 1667 1011 1737; x_wconf 89' lang='lat' dir='ltr'><strong>aliquanto</strong></span> <span class='ocrx_word' id='word_1_103' title='bbox 1045 1668 1214 1721; x_wconf 91' lang='lat' dir='ltr'><strong>homo</strong></span> <span class='ocrx_word' id='word_1_104' title='bbox 1249 1665 1470 1720; x_wconf 86' lang='lat' dir='ltr'><strong>diutius</strong></span> <span class='ocrx_word' id='word_1_105' title='bbox 1500 1665 1670 1733; x_wconf 84' lang='lat' dir='ltr'><strong>vivat,</strong></span> <span class='ocrx_word' id='word_1_106' title='bbox 1726 1669 1918 1718; x_wconf 89' lang='lat' dir='ltr'><strong>tamen</strong></span> <span class='ocrx_word' id='word_1_107' title='bbox 1960 1664 2094 1718; x_wconf 87' lang='lat' dir='ltr'><strong>inde</strong></span> 
     </span>
    </p>
   </div>
   <div class='ocr_carea' id='block_1_18' title="bbox 448 1745 2096 1819">
    <p class='ocr_par' dir='ltr' id='par_1_18' title="bbox 448 1745 2096 1819">
     <span class='ocr_line' id='line_1_18' title="bbox 448 1745 2096 1819; baseline -0.004 -16"><span class='ocrx_word' id='word_1_108' title='bbox 448 1755 632 1804; x_wconf 88' lang='lat' dir='ltr'><strong>morte</strong></span> <span class='ocrx_word' id='word_1_109' title='bbox 664 1748 982 1819; x_wconf 80' lang='lat' dir='ltr'><strong>quamlibet</strong></span> <span class='ocrx_word' id='word_1_110' title='bbox 1023 1746 1246 1801; x_wconf 89' lang='lat' dir='ltr'><strong>tardius</strong></span> <span class='ocrx_word' id='word_1_111' title='bbox 1279 1748 1572 1814; x_wconf 88' lang='lat' dir='ltr'><strong>adfutura,</strong></span> <span class='ocrx_word' id='word_1_112' title='bbox 1605 1748 1926 1801; x_wconf 87' lang='lat' dir='ltr'><strong>secundum</strong></span> <span class='ocrx_word' id='word_1_113' title='bbox 1961 1745 2096 1814; x_wconf 88' lang='lat' dir='ltr'><strong>Hip-</strong></span> 
     </span>
    </p>
   </div>
   <div class='ocr_carea' id='block_1_19' title="bbox 423 1820 2089 1902">
    <p class='ocr_par' dir='ltr' id='par_1_19' title="bbox 423 1820 2089 1902">
     <span class='ocr_line' id='line_1_19' title="bbox 423 1820 2089 1902; baseline -0.003 -17"><span class='ocrx_word' id='word_1_114' title='bbox 423 1820 718 1902; x_wconf 74' lang='lat' dir='ltr'><strong>pocratis,</strong></span> <span class='ocrx_word' id='word_1_115' title='bbox 754 1835 817 1884; x_wconf 92' lang='lat' dir='ltr'><strong>ut</strong></span> <span class='ocrx_word' id='word_1_116' title='bbox 846 1833 1054 1887; x_wconf 86' lang='lat' dir='ltr'><strong>terunt.</strong></span> <span class='ocrx_word' id='word_1_117' title='bbox 1089 1831 1428 1883; x_wconf 86' lang='lat' dir='ltr'><strong>sententiam</strong></span> <span class='ocrx_word' id='word_1_118' title='bbox 1456 1830 1470 1863; x_wconf 81' lang='grc'>¹</span> <span class='ocrx_word' id='word_1_119' title='bbox 1506 1828 1844 1899; x_wconf 75' lang='lat' dir='ltr'><strong>(Aphorism.</strong></span> <span class='ocrx_word' id='word_1_120' title='bbox 1875 1832 2002 1882; x_wconf 80' lang='lat' dir='ltr'><strong>sect.</strong></span> <span class='ocrx_word' id='word_1_121' title='bbox 2033 1827 2089 1893; x_wconf 88' lang='lat'><strong>6,</strong></span> 
     </span>
    </p>
   </div>
   <div class='ocr_carea' id='block_1_20' title="bbox 442 1906 2094 1982">
    <p class='ocr_par' dir='ltr' id='par_1_20' title="bbox 442 1906 2094 1982">
     <span class='ocr_line' id='line_1_20' title="bbox 442 1906 2094 1982; baseline -0.002 -16"><span class='ocrx_word' id='word_1_122' title='bbox 442 1911 576 1982; x_wconf 79' lang='lat' dir='ltr'><strong>aph.</strong></span> <span class='ocrx_word' id='word_1_123' title='bbox 611 1912 699 1982; x_wconf 88' lang='lat'><strong>38)</strong></span> <span class='ocrx_word' id='word_1_124' title='bbox 731 1910 924 1966; x_wconf 90' lang='lat' dir='ltr'><strong>omnis</strong></span> <span class='ocrx_word' id='word_1_125' title='bbox 964 1915 1053 1966; x_wconf 89' lang='lat' dir='ltr'><strong>est</strong></span> <span class='ocrx_word' id='word_1_126' title='bbox 1101 1911 1415 1965; x_wconf 82' lang='lat' dir='ltr'><strong>omittenda</strong></span> <span class='ocrx_word' id='word_1_127' title='bbox 1466 1909 1707 1964; x_wconf 85' lang='lat' dir='ltr'><strong>curatio.</strong></span> <span class='ocrx_word' id='word_1_128' title='bbox 1761 1908 1880 1964; x_wconf 90' lang='lat' dir='ltr'><strong>Hoc</strong></span> <span class='ocrx_word' id='word_1_129' title='bbox 1926 1906 2023 1962; x_wconf 90' lang='lat' dir='ltr'><strong>illa</strong></span> <span class='ocrx_word' id='word_1_130' title='bbox 2061 1925 2094 1962; x_wconf 91' lang='lat' dir='ltr'><strong>a</strong></span> 
     </span>
    </p>
   </div>
   <div class='ocr_carea' id='block_1_21' title="bbox 445 1987 2095 2065">
    <p class='ocr_par' dir='ltr' id='par_1_21' title="bbox 445 1987 2095 2065">
     <span class='ocr_line' id='line_1_21' title="bbox 445 1987 2095 2065; baseline -0.003 -16"><span class='ocrx_word' id='word_1_131' title='bbox 445 1995 628 2065; x_wconf 90' lang='lat' dir='ltr'><strong>perito</strong></span> <span class='ocrx_word' id='word_1_132' title='bbox 660 1993 882 2047; x_wconf 85' lang='lat' dir='ltr'><strong>medico</strong></span> <span class='ocrx_word' id='word_1_133' title='bbox 913 1997 969 2046; x_wconf 89' lang='lat' dir='ltr'><strong>et</strong></span> <span class='ocrx_word' id='word_1_134' title='bbox 999 2008 1117 2045; x_wconf 72' lang='lat' dir='ltr'><strong>sum</strong></span> <span class='ocrx_word' id='word_1_135' title='bbox 1149 1991 1348 2045; x_wconf 88' lang='lat' dir='ltr'><strong>domui</strong></span> <span class='ocrx_word' id='word_1_136' title='bbox 1382 1987 1828 2044; x_wconf 86' lang='lat' dir='ltr'><strong>familiarissimo</strong></span> <span class='ocrx_word' id='word_1_137' title='bbox 1859 2005 2095 2060; x_wconf 85' lang='lat' dir='ltr'><strong>accepe-</strong></span> 
     </span>
    </p>
   </div>
   <div class='ocr_carea' id='block_1_22' title="bbox 446 2069 2093 2137">
    <p class='ocr_par' dir='ltr' id='par_1_22' title="bbox 446 2069 2093 2137">
     <span class='ocr_line' id='line_1_22' title="bbox 446 2069 2093 2137; baseline -0.004 -8"><span class='ocrx_word' id='word_1_138' title='bbox 446 2082 548 2137; x_wconf 89' lang='lat' dir='ltr'><strong>rat,</strong></span> <span class='ocrx_word' id='word_1_139' title='bbox 581 2080 633 2126; x_wconf 90' lang='lat' dir='ltr'><strong>et</strong></span> <span class='ocrx_word' id='word_1_140' title='bbox 664 2073 733 2126; x_wconf 90' lang='lat' dir='ltr'><strong>ad</strong></span> <span class='ocrx_word' id='word_1_141' title='bbox 769 2070 959 2126; x_wconf 90' lang='lat' dir='ltr'><strong>solum</strong></span> <span class='ocrx_word' id='word_1_142' title='bbox 993 2071 1173 2125; x_wconf 82' lang='lat' dir='ltr'><strong>Deum</strong></span> <span class='ocrx_word' id='word_1_143' title='bbox 1208 2086 1267 2124; x_wconf 89' lang='lat' dir='ltr'><strong>se</strong></span> <span class='ocrx_word' id='word_1_144' title='bbox 1305 2069 1523 2124; x_wconf 91' lang='lat' dir='ltr'><strong>orando</strong></span> <span class='ocrx_word' id='word_1_145' title='bbox 1556 2072 1932 2124; x_wconf 87' lang='lat' dir='ltr'><strong>converterat.</strong></span> <span class='ocrx_word' id='word_1_146' title='bbox 1976 2069 2093 2123; x_wconf 87' lang='lat' dir='ltr'><strong>Ad-</strong></span> 
     </span>
    </p>
   </div>
   <div class='ocr_carea' id='block_1_23' title="bbox 444 2148 2089 2222">
    <p class='ocr_par' dir='ltr' id='par_1_23' title="bbox 444 2148 2089 2222">
     <span class='ocr_line' id='line_1_23' title="bbox 444 2148 2089 2222; baseline -0.002 -14"><span class='ocrx_word' id='word_1_147' title='bbox 444 2155 714 2209; x_wconf 88' lang='lat' dir='ltr'><strong>monetur</strong></span> <span class='ocrx_word' id='word_1_148' title='bbox 746 2151 802 2206; x_wconf 92' lang='lat' dir='ltr'><strong>in</strong></span> <span class='ocrx_word' id='word_1_149' title='bbox 836 2150 1060 2206; x_wconf 88' lang='lat' dir='ltr'><strong>somnis</strong></span> <span class='ocrx_word' id='word_1_150' title='bbox 1111 2148 1615 2222; x_wconf 85' lang='lat' dir='ltr'><strong>appropinquante</strong></span> <span class='ocrx_word' id='word_1_151' title='bbox 1648 2148 1888 2214; x_wconf 88' lang='lat' dir='ltr'><strong>Pascha,</strong></span> <span class='ocrx_word' id='word_1_152' title='bbox 1923 2153 1984 2203; x_wconf 88' lang='lat' dir='ltr'><strong>ut</strong></span> <span class='ocrx_word' id='word_1_153' title='bbox 2031 2150 2089 2204; x_wconf 91' lang='lat' dir='ltr'><strong>in</strong></span> 
     </span>
    </p>
   </div>
   <div class='ocr_carea' id='block_1_24' title="bbox 441 2229 2090 2304">
    <p class='ocr_par' dir='ltr' id='par_1_24' title="bbox 441 2229 2090 2304">
     <span class='ocr_line' id='line_1_24' title="bbox 441 2229 2090 2304; baseline -0.002 -16"><span class='ocrx_word' id='word_1_154' title='bbox 441 2237 601 2304; x_wconf 89' lang='lat' dir='ltr'><strong>parte</strong></span> <span class='ocrx_word' id='word_1_155' title='bbox 651 2232 999 2287; x_wconf 85' lang='lat' dir='ltr'><strong>feminarum</strong></span> <span class='ocrx_word' id='word_1_156' title='bbox 1033 2230 1364 2285; x_wconf 84' lang='lat' dir='ltr'><strong>observanti</strong></span> <span class='ocrx_word' id='word_1_157' title='bbox 1415 2231 1485 2284; x_wconf 92' lang='lat' dir='ltr'><strong>ad</strong></span> <span class='ocrx_word' id='word_1_158' title='bbox 1535 2229 1940 2300; x_wconf 86' lang='lat' dir='ltr'><strong>baptisterium</strong></span> <span class='ocrx_word' id='word_1_159' title='bbox 1991 2229 2090 2298; x_wconf 85' lang='lat' dir='ltr'><strong>(b).</strong></span> 
     </span>
    </p>
   </div>
   <div class='ocr_carea' id='block_1_25' title="bbox 440 2311 2090 2385">
    <p class='ocr_par' dir='ltr' id='par_1_25' title="bbox 440 2311 2090 2385">
     <span class='ocr_line' id='line_1_25' title="bbox 440 2311 2090 2385; baseline -0.004 -17"><span class='ocrx_word' id='word_1_160' title='bbox 440 2328 827 2385; x_wconf 72' lang='lat' dir='ltr'><strong>quascumque</strong></span> <span class='ocrx_word' id='word_1_161' title='bbox 858 2312 942 2366; x_wconf 86' lang='lat' dir='ltr'><strong>illi</strong></span> <span class='ocrx_word' id='word_1_162' title='bbox 976 2312 1261 2379; x_wconf 68' lang='lat' dir='ltr'><strong>baptizata</strong></span> <span class='ocrx_word' id='word_1_163' title='bbox 1294 2311 1564 2382; x_wconf 88' lang='lat' dir='ltr'><strong>primitus</strong></span> <span class='ocrx_word' id='word_1_164' title='bbox 1595 2311 1964 2378; x_wconf 89' lang='lat' dir='ltr'><strong>occurrisset,</strong></span> <span class='ocrx_word' id='word_1_165' title='bbox 2007 2311 2090 2364; x_wconf 93' lang='lat' dir='ltr'><strong>si-</strong></span> 
     </span>
    </p>
   </div>
   <div class='ocr_carea' id='block_1_26' title="bbox 441 2389 2088 2465">
    <p class='ocr_par' dir='ltr' id='par_1_26' title="bbox 441 2389 2088 2465">
     <span class='ocr_line' id='line_1_26' title="bbox 441 2389 2088 2465; baseline -0.002 -16"><span class='ocrx_word' id='word_1_166' title='bbox 441 2397 646 2465; x_wconf 90' lang='lat' dir='ltr'><strong>gnaret</strong></span> <span class='ocrx_word' id='word_1_167' title='bbox 677 2394 725 2447; x_wconf 91' lang='lat' dir='ltr'><strong>ei</strong></span> <span class='ocrx_word' id='word_1_168' title='bbox 763 2395 951 2448; x_wconf 91' lang='lat' dir='ltr'><strong>locum</strong></span> <span class='ocrx_word' id='word_1_169' title='bbox 991 2393 1153 2461; x_wconf 82' lang='lat' dir='ltr'><strong>signo</strong></span> <span class='ocrx_word' id='word_1_170' title='bbox 1180 2392 1390 2446; x_wconf 88' lang='lat' dir='ltr'><strong>Christi</strong></span> <span class='ocrx_word' id='word_1_171' title='bbox 1415 2392 1436 2424; x_wconf 62' lang='grc' dir='ltr'><strong>τ</strong></span> <span class='ocrx_word' id='word_1_172' title='bbox 1468 2409 1481 2445; x_wconf 91' lang='lat'><strong>:</strong></span> <span class='ocrx_word' id='word_1_173' title='bbox 1517 2389 1673 2458; x_wconf 77' lang='lat' dir='ltr'><strong>fecit,</strong></span> <span class='ocrx_word' id='word_1_174' title='bbox 1705 2398 1762 2446; x_wconf 90' lang='lat' dir='ltr'><strong>et</strong></span> <span class='ocrx_word' id='word_1_175' title='bbox 1783 2392 2088 2446; x_wconf 83' lang='lat' dir='ltr'><strong>confestim</strong></span> 
     </span>
    </p>
   </div>
   <div class='ocr_carea' id='block_1_27' title="bbox 447 2471 2088 2542">
    <p class='ocr_par' dir='ltr' id='par_1_27' title="bbox 447 2471 2088 2542">
     <span class='ocr_line' id='line_1_27' title="bbox 447 2471 2088 2542; baseline -0.002 -13"><span class='ocrx_word' id='word_1_176' title='bbox 447 2473 669 2529; x_wconf 86' lang='lat' dir='ltr'><strong>sanitas</strong></span> <span class='ocrx_word' id='word_1_177' title='bbox 701 2479 1014 2529; x_wconf 88' lang='lat' dir='ltr'><strong>consecuta</strong></span> <span class='ocrx_word' id='word_1_178' title='bbox 1043 2479 1150 2527; x_wconf 90' lang='lat' dir='ltr'><strong>est.</strong></span> <span class='ocrx_word' id='word_1_179' title='bbox 1184 2472 1442 2527; x_wconf 90' lang='lat' dir='ltr'><strong>Medicus</strong></span> <span class='ocrx_word' id='word_1_180' title='bbox 1474 2487 1614 2526; x_wconf 87' lang='lat' dir='ltr'><strong>sane</strong></span> <span class='ocrx_word' id='word_1_181' title='bbox 1646 2471 1745 2542; x_wconf 90' lang='lat' dir='ltr'><strong>qui</strong></span> <span class='ocrx_word' id='word_1_182' title='bbox 1769 2471 1818 2525; x_wconf 91' lang='lat' dir='ltr'><strong>ei</strong></span> <span class='ocrx_word' id='word_1_183' title='bbox 1847 2473 2088 2538; x_wconf 83' lang='lat' dir='ltr'><strong>dixerat,</strong></span> 
     </span>
    </p>
   </div>
   <div class='ocr_carea' id='block_1_28' title="bbox 444 2552 2093 2622">
    <p class='ocr_par' dir='ltr' id='par_1_28' title="bbox 444 2552 2093 2622">
     <span class='ocr_line' id='line_1_28' title="bbox 444 2552 2093 2622; baseline 0 -14"><span class='ocrx_word' id='word_1_184' title='bbox 444 2559 508 2609; x_wconf 94' lang='lat' dir='ltr'><strong>ut</strong></span> <span class='ocrx_word' id='word_1_185' title='bbox 539 2554 682 2610; x_wconf 90' lang='lat' dir='ltr'><strong>nihil</strong></span> <span class='ocrx_word' id='word_1_186' title='bbox 715 2554 1038 2608; x_wconf 90' lang='lat' dir='ltr'><strong>curationis</strong></span> <span class='ocrx_word' id='word_1_187' title='bbox 1060 2552 1377 2617; x_wconf 89' lang='lat' dir='ltr'><strong>adhiberet,</strong></span> <span class='ocrx_word' id='word_1_188' title='bbox 1409 2552 1456 2606; x_wconf 87' lang='lat' dir='ltr'><strong>si</strong></span> <span class='ocrx_word' id='word_1_189' title='bbox 1486 2552 1656 2622; x_wconf 90' lang='lat' dir='ltr'><strong>paulo</strong></span> <span class='ocrx_word' id='word_1_190' title='bbox 1680 2553 1900 2607; x_wconf 88' lang='lat' dir='ltr'><strong>diutius</strong></span> <span class='ocrx_word' id='word_1_191' title='bbox 1921 2552 2093 2608; x_wconf 86' lang='lat' dir='ltr'><strong>vellet</strong></span> 
     </span>
    </p>
   </div>
   <div class='ocr_carea' id='block_1_29' title="bbox 440 2634 2087 2706">
    <p class='ocr_par' dir='ltr' id='par_1_29' title="bbox 440 2634 2087 2706">
     <span class='ocr_line' id='line_1_29' title="bbox 440 2634 2087 2706; baseline -0.001 -16"><span class='ocrx_word' id='word_1_192' title='bbox 440 2635 647 2706; x_wconf 87' lang='lat' dir='ltr'><strong>vivere,</strong></span> <span class='ocrx_word' id='word_1_193' title='bbox 683 2652 814 2690; x_wconf 90' lang='lat' dir='ltr'><strong>cum</strong></span> <span class='ocrx_word' id='word_1_194' title='bbox 849 2635 1344 2706; x_wconf 87' lang='lat' dir='ltr'><strong>inspexisseteam</strong></span> <span class='ocrx_word' id='word_1_195' title='bbox 1383 2639 1601 2702; x_wconf 89' lang='lat' dir='ltr'><strong>postea,</strong></span> <span class='ocrx_word' id='word_1_196' title='bbox 1625 2638 1680 2688; x_wconf 87' lang='lat' dir='ltr'><strong>et</strong></span> <span class='ocrx_word' id='word_1_197' title='bbox 1712 2634 2087 2689; x_wconf 83' lang='lat' dir='ltr'><strong>sauissimam</strong></span> 
     </span>
    </p>
   </div>
   <div class='ocr_carea' id='block_1_30' title="bbox 440 2715 2088 2788">
    <p class='ocr_par' dir='ltr' id='par_1_30' title="bbox 440 2715 2088 2788">
     <span class='ocr_line' id='line_1_30' title="bbox 440 2715 2088 2788; baseline -0.001 -16"><span class='ocrx_word' id='word_1_198' title='bbox 440 2717 840 2788; x_wconf 83' lang='lat' dir='ltr'><strong>comperisset,</strong></span> <span class='ocrx_word' id='word_1_199' title='bbox 889 2733 1062 2787; x_wconf 91' lang='lat' dir='ltr'><strong>quam</strong></span> <span class='ocrx_word' id='word_1_200' title='bbox 1099 2718 1264 2788; x_wconf 89' lang='lat' dir='ltr'><strong>prius</strong></span> <span class='ocrx_word' id='word_1_201' title='bbox 1300 2715 1509 2770; x_wconf 88' lang='lat' dir='ltr'><strong>habere</strong></span> <span class='ocrx_word' id='word_1_202' title='bbox 1542 2715 1684 2770; x_wconf 90' lang='lat' dir='ltr'><strong>illud</strong></span> <span class='ocrx_word' id='word_1_203' title='bbox 1721 2716 1940 2770; x_wconf 88' lang='lat' dir='ltr'><strong>malum</strong></span> <span class='ocrx_word' id='word_1_204' title='bbox 1987 2715 2088 2770; x_wconf 89' lang='lat' dir='ltr'><strong>tali</strong></span> 
     </span>
    </p>
   </div>
   <div class='ocr_carea' id='block_1_31' title="bbox 463 2795 2093 2868">
    <p class='ocr_par' dir='ltr' id='par_1_31' title="bbox 463 2795 2093 2868">
     <span class='ocr_line' id='line_1_31' title="bbox 463 2795 2093 2868; baseline 0.001 -19"><span class='ocrx_word' id='word_1_205' title='bbox 463 2798 799 2865; x_wconf 88' lang='lat' dir='ltr'><strong>nspectione</strong></span> <span class='ocrx_word' id='word_1_206' title='bbox 830 2802 1198 2868; x_wconf 85' lang='lat' dir='ltr'><strong>cognoverat,</strong></span> <span class='ocrx_word' id='word_1_207' title='bbox 1233 2795 1502 2867; x_wconf 69' lang='lat' dir='ltr'><strong>quaesivit</strong></span> <span class='ocrx_word' id='word_1_208' title='bbox 1532 2795 1604 2850; x_wconf 89' lang='lat' dir='ltr'><strong>ab</strong></span> <span class='ocrx_word' id='word_1_209' title='bbox 1627 2811 1690 2850; x_wconf 84' lang='lat' dir='ltr'><strong>ea</strong></span> <span class='ocrx_word' id='word_1_210' title='bbox 1720 2795 2093 2851; x_wconf 85' lang='lat' dir='ltr'><strong>vehementer</strong></span> 
     </span>
    </p>
   </div>
   <div class='ocr_carea' id='block_1_32' title="bbox 435 2875 2089 2946">
    <p class='ocr_par' dir='ltr' id='par_1_32' title="bbox 435 2875 2089 2946">
     <span class='ocr_line' id='line_1_32' title="bbox 435 2875 2089 2946; baseline 0.001 -18"><span class='ocrx_word' id='word_1_211' title='bbox 435 2876 578 2944; x_wconf 91' lang='lat' dir='ltr'><strong>quid</strong></span> <span class='ocrx_word' id='word_1_212' title='bbox 631 2877 1108 2943; x_wconf 68' lang='lat' dir='ltr'><strong>adhibuisset’;</strong></span> <span class='ocrx_word' id='word_1_213' title='bbox 1168 2878 1433 2946; x_wconf 90' lang='lat' dir='ltr'><strong>cupiens,</strong></span> <span class='ocrx_word' id='word_1_214' title='bbox 1498 2881 1784 2946; x_wconf 90' lang='lat' dir='ltr'><strong>quantum</strong></span> <span class='ocrx_word' id='word_1_215' title='bbox 1847 2875 2089 2944; x_wconf 79' lang='lat' dir='ltr'><strong>intelligi</strong></span> 
     </span>
    </p>
   </div>
   <div class='ocr_carea' id='block_1_33' title="bbox 440 2955 2091 3026">
    <p class='ocr_par' dir='ltr' id='par_1_33' title="bbox 440 2955 2091 3026">
     <span class='ocr_line' id='line_1_33' title="bbox 440 2955 2091 3026; baseline 0.001 -18"><span class='ocrx_word' id='word_1_216' title='bbox 440 2955 629 3023; x_wconf 86' lang='lat' dir='ltr'><strong>datur,</strong></span> <span class='ocrx_word' id='word_1_217' title='bbox 664 2971 832 3010; x_wconf 88' lang='lat' dir='ltr'><strong>nosse</strong></span> <span class='ocrx_word' id='word_1_218' title='bbox 863 2956 1378 3021; x_wconf 86' lang='lat' dir='ltr'><strong>medicamentum,</strong></span> <span class='ocrx_word' id='word_1_219' title='bbox 1414 2973 1528 3026; x_wconf 91' lang='lat' dir='ltr'><strong>quo</strong></span> <span class='ocrx_word' id='word_1_220' title='bbox 1551 2958 1917 3024; x_wconf 83' lang='lat' dir='ltr'><strong>Hippocratis</strong></span> <span class='ocrx_word' id='word_1_221' title='bbox 1949 2957 2091 3010; x_wconf 81' lang='lat' dir='ltr'><strong>defi-</strong></span> 
     </span>
    </p>
   </div>
   <div class='ocr_carea' id='block_1_34' title="bbox 437 3034 2084 3105">
    <p class='ocr_par' dir='ltr' id='par_1_34' title="bbox 437 3034 2084 3105">
     <span class='ocr_line' id='line_1_34' title="bbox 437 3034 2084 3105; baseline 0 -17"><span class='ocrx_word' id='word_1_222' title='bbox 437 3034 583 3088; x_wconf 90' lang='lat' dir='ltr'><strong>nitio</strong></span> <span class='ocrx_word' id='word_1_223' title='bbox 613 3034 960 3088; x_wconf 87' lang='lat' dir='ltr'><strong>vinceretur.</strong></span> <span class='ocrx_word' id='word_1_224' title='bbox 992 3034 1256 3105; x_wconf 88' lang='lat' dir='ltr'><strong>Cumque</strong></span> <span class='ocrx_word' id='word_1_225' title='bbox 1287 3035 1358 3088; x_wconf 92' lang='lat' dir='ltr'><strong>ab</strong></span> <span class='ocrx_word' id='word_1_226' title='bbox 1403 3051 1468 3087; x_wconf 90' lang='lat' dir='ltr'><strong>ea</strong></span> <span class='ocrx_word' id='word_1_227' title='bbox 1508 3035 1644 3102; x_wconf 91' lang='lat' dir='ltr'><strong>quid</strong></span> <span class='ocrx_word' id='word_1_228' title='bbox 1685 3035 1901 3087; x_wconf 81' lang='lat' dir='ltr'><strong>factum</strong></span> <span class='ocrx_word' id='word_1_229' title='bbox 1934 3043 2084 3088; x_wconf 78' lang='lat' dir='ltr'><strong>esset</strong></span> 
     </span>
    </p>
   </div>
   <div class='ocr_carea' id='block_1_35' title="bbox 441 3112 2091 3178">
    <p class='ocr_par' dir='ltr' id='par_1_35' title="bbox 441 3112 2091 3178">
     <span class='ocr_line' id='line_1_35' title="bbox 441 3112 2091 3178; baseline 0 -10"><span class='ocrx_word' id='word_1_230' title='bbox 441 3112 724 3178; x_wconf 87' lang='lat' dir='ltr'><strong>audisset,</strong></span> <span class='ocrx_word' id='word_1_231' title='bbox 769 3128 902 3165; x_wconf 90' lang='lat' dir='ltr'><strong>voce</strong></span> <span class='ocrx_word' id='word_1_232' title='bbox 929 3112 1086 3166; x_wconf 91' lang='lat' dir='ltr'><strong>velut</strong></span> <span class='ocrx_word' id='word_1_233' title='bbox 1128 3113 1560 3167; x_wconf 88' lang='lat' dir='ltr'><strong>contemnentis</strong></span> <span class='ocrx_word' id='word_1_234' title='bbox 1600 3118 1656 3166; x_wconf 89' lang='lat' dir='ltr'><strong>et</strong></span> <span class='ocrx_word' id='word_1_235' title='bbox 1686 3112 1870 3177; x_wconf 89' lang='lat' dir='ltr'><strong>vultu,</strong></span> <span class='ocrx_word' id='word_1_236' title='bbox 1915 3114 1994 3167; x_wconf 87' lang='lat' dir='ltr'><strong>ita</strong></span> <span class='ocrx_word' id='word_1_237' title='bbox 2027 3119 2091 3169; x_wconf 89' lang='lat' dir='ltr'><strong>ut</strong></span> 
     </span>
    </p>
   </div>
   <div class='ocr_carea' id='block_1_36' title="bbox 444 3191 2085 3264">
    <p class='ocr_par' dir='ltr' id='par_1_36' title="bbox 444 3191 2085 3264">
     <span class='ocr_line' id='line_1_36' title="bbox 444 3191 2085 3264; baseline 0 -16"><span class='ocrx_word' id='word_1_238' title='bbox 444 3193 546 3254; x_wconf 91' lang='lat' dir='ltr'><strong>illa</strong></span> <span class='ocrx_word' id='word_1_239' title='bbox 577 3197 858 3247; x_wconf 87' lang='lat' dir='ltr'><strong>metueret</strong></span> <span class='ocrx_word' id='word_1_240' title='bbox 909 3208 978 3245; x_wconf 91' lang='lat' dir='ltr'><strong>ne</strong></span> <span class='ocrx_word' id='word_1_241' title='bbox 1025 3191 1258 3264; x_wconf 87' lang='lat' dir='ltr'><strong>aliquod</strong></span> <span class='ocrx_word' id='word_1_242' title='bbox 1309 3191 1797 3246; x_wconf 89' lang='lat' dir='ltr'><strong>contumeliosum</strong></span> <span class='ocrx_word' id='word_1_243' title='bbox 1847 3193 2085 3249; x_wconf 88' lang='lat' dir='ltr'><strong>verbum</strong></span> 
     </span>
    </p>
   </div>
   <div class='ocr_carea' id='block_1_37' title="bbox 445 3269 2088 3344">
    <p class='ocr_par' dir='ltr' id='par_1_37' title="bbox 445 3269 2088 3344">
     <span class='ocr_line' id='line_1_37' title="bbox 445 3269 2088 3344; baseline 0 -17"><span class='ocrx_word' id='word_1_244' title='bbox 445 3272 726 3344; x_wconf 83' lang='lat' dir='ltr'><strong>proferret</strong></span> <span class='ocrx_word' id='word_1_245' title='bbox 756 3271 812 3325; x_wconf 91' lang='lat' dir='ltr'><strong>in</strong></span> <span class='ocrx_word' id='word_1_246' title='bbox 845 3269 1162 3338; x_wconf 88' lang='lat' dir='ltr'><strong>Christum,</strong></span> <span class='ocrx_word' id='word_1_247' title='bbox 1197 3269 1463 3342; x_wconf 76' lang='lat' dir='ltr'><strong>religiosa</strong></span> <span class='ocrx_word' id='word_1_248' title='bbox 1498 3272 1825 3326; x_wconf 86' lang='lat' dir='ltr'><strong>urbanitate</strong></span> <span class='ocrx_word' id='word_1_249' title='bbox 1850 3288 2088 3341; x_wconf 89' lang='lat' dir='ltr'><strong>respon-</strong></span> 
     </span>
    </p>
   </div>
   <div class='ocr_carea' id='block_1_38' title="bbox 448 3349 2089 3421">
    <p class='ocr_par' dir='ltr' id='par_1_38' title="bbox 448 3349 2089 3421">
     <span class='ocr_line' id='line_1_38' title="bbox 448 3349 2089 3421; baseline 0.001 -16"><span class='ocrx_word' id='word_1_250' title='bbox 448 3351 606 3406; x_wconf 90' lang='lat' dir='ltr'><strong>disse</strong></span> <span class='ocrx_word' id='word_1_251' title='bbox 639 3351 855 3405; x_wconf 89' lang='lat' dir='ltr'><strong>fertur:</strong></span> <span class='ocrx_word' id='word_1_252' title='bbox 881 3352 1184 3410; x_wconf 87' lang='lat' dir='ltr'><strong>Putabam.</strong></span> <span class='ocrx_word' id='word_1_253' title='bbox 1219 3349 1432 3420; x_wconf 90' lang='lat' dir='ltr'><strong>inquit,</strong></span> <span class='ocrx_word' id='word_1_254' title='bbox 1465 3365 1740 3420; x_wconf 91' lang='lat' dir='ltr'><strong>magnum</strong></span> <span class='ocrx_word' id='word_1_255' title='bbox 1783 3349 1999 3421; x_wconf 91' lang='lat' dir='ltr'><strong>aliquid</strong></span> <span class='ocrx_word' id='word_1_256' title='bbox 2035 3358 2089 3406; x_wconf 89' lang='lat' dir='ltr'><strong>te</strong></span> 
     </span>
    </p>
   </div>
   <div class='ocr_carea' id='block_1_39' title="bbox 450 3429 2086 3502">
    <p class='ocr_par' dir='ltr' id='par_1_39' title="bbox 450 3429 2086 3502">
     <span class='ocr_line' id='line_1_39' title="bbox 450 3429 2086 3502; baseline 0 -16"><span class='ocrx_word' id='word_1_257' title='bbox 450 3430 594 3486; x_wconf 88' lang='lat' dir='ltr'><strong>mihi</strong></span> <span class='ocrx_word' id='word_1_258' title='bbox 625 3430 805 3486; x_wconf 76' lang='lat' dir='ltr'><strong>fuisse</strong></span> <span class='ocrx_word' id='word_1_259' title='bbox 827 3429 1136 3485; x_wconf 86' lang='lat' dir='ltr'><strong>dicturam.</strong></span> <span class='ocrx_word' id='word_1_260' title='bbox 1161 3431 1345 3502; x_wconf 87' lang='lat' dir='ltr'><strong>Atque</strong></span> <span class='ocrx_word' id='word_1_261' title='bbox 1371 3429 1603 3500; x_wconf 87' lang='lat' dir='ltr'><strong>illajam</strong></span> <span class='ocrx_word' id='word_1_262' title='bbox 1629 3429 2086 3500; x_wconf 88' lang='lat' dir='ltr'><strong>exhorrescente,</strong></span> 
     </span>
    </p>
   </div>
   <div class='ocr_carea' id='block_1_40' title="bbox 449 3509 2091 3580">
    <p class='ocr_par' dir='ltr' id='par_1_40' title="bbox 449 3509 2091 3580">
     <span class='ocr_line' id='line_1_40' title="bbox 449 3509 2091 3580; baseline 0.001 -14"><span class='ocrx_word' id='word_1_263' title='bbox 449 3527 582 3566; x_wconf 89' lang='lat' dir='ltr'><strong>mox</strong></span> <span class='ocrx_word' id='word_1_264' title='bbox 627 3510 890 3566; x_wconf 80' lang='lat' dir='ltr'><strong>addidit:</strong></span> <span class='ocrx_word' id='word_1_265' title='bbox 927 3511 1070 3576; x_wconf 86' lang='lat' dir='ltr'><strong>Quid</strong></span> <span class='ocrx_word' id='word_1_266' title='bbox 1120 3511 1337 3580; x_wconf 79' lang='lat' dir='ltr'><strong>grande</strong></span> <span class='ocrx_word' id='word_1_267' title='bbox 1386 3509 1517 3564; x_wconf 83' lang='lat' dir='ltr'><strong>fecit</strong></span> <span class='ocrx_word' id='word_1_268' title='bbox 1572 3512 1836 3566; x_wconf 84' lang='lat' dir='ltr'><strong>Christus</strong></span> <span class='ocrx_word' id='word_1_269' title='bbox 1887 3527 2091 3567; x_wconf 90' lang='lat' dir='ltr'><strong>sanare</strong></span> 
     </span>
    </p>
   </div>
   <div class='ocr_carea' id='block_1_41' title="bbox 449 3590 2093 3662">
    <p class='ocr_par' dir='ltr' id='par_1_41' title="bbox 449 3590 2093 3662">
     <span class='ocr_line' id='line_1_41' title="bbox 449 3590 2093 3662; baseline 0.001 -16"><span class='ocrx_word' id='word_1_270' title='bbox 449 3607 747 3656; x_wconf 88' lang='lat' dir='ltr'><strong>cancrum,</strong></span> <span class='ocrx_word' id='word_1_271' title='bbox 798 3590 897 3662; x_wconf 91' lang='lat' dir='ltr'><strong>qui</strong></span> <span class='ocrx_word' id='word_1_272' title='bbox 950 3592 1402 3662; x_wconf 84' lang='lat' dir='ltr'><strong>quatriduanum</strong></span> <span class='ocrx_word' id='word_1_273' title='bbox 1455 3597 1746 3646; x_wconf 90' lang='lat' dir='ltr'><strong>mortuum</strong></span> <span class='ocrx_word' id='word_1_274' title='bbox 1796 3592 2093 3647; x_wconf 89' lang='lat' dir='ltr'><strong>suscitavit</strong></span> 
     </span>
    </p>
   </div>
   <div class='ocr_carea' id='block_1_42' title="bbox 448 3671 2093 3743">
    <p class='ocr_par' dir='ltr' id='par_1_42' title="bbox 448 3671 2093 3743">
     <span class='ocr_line' id='line_1_42' title="bbox 448 3671 2093 3743; baseline -0.001 -16"><span class='ocrx_word' id='word_1_275' title='bbox 448 3673 628 3743; x_wconf 82' lang='lat' dir='ltr'><strong>(Joan.</strong></span> <span class='ocrx_word' id='word_1_276' title='bbox 660 3672 787 3740; x_wconf 82' lang='lat' dir='ltr'><strong>x1)?</strong></span> <span class='ocrx_word' id='word_1_277' title='bbox 819 3672 933 3726; x_wconf 84' lang='lat' dir='ltr'><strong>Hoc</strong></span> <span class='ocrx_word' id='word_1_278' title='bbox 965 3688 1068 3742; x_wconf 90' lang='lat' dir='ltr'><strong>ego</strong></span> <span class='ocrx_word' id='word_1_279' title='bbox 1100 3688 1231 3726; x_wconf 90' lang='lat' dir='ltr'><strong>cum</strong></span> <span class='ocrx_word' id='word_1_280' title='bbox 1284 3671 1601 3738; x_wconf 90' lang='lat' dir='ltr'><strong>audissem,</strong></span> <span class='ocrx_word' id='word_1_281' title='bbox 1641 3676 1697 3726; x_wconf 92' lang='lat' dir='ltr'><strong>et</strong></span> <span class='ocrx_word' id='word_1_282' title='bbox 1725 3672 2093 3727; x_wconf 84' lang='lat' dir='ltr'><strong>vehementer</strong></span> 
     </span>
    </p>
   </div>
   <div class='ocr_carea' id='block_1_43' title="bbox 448 3751 2090 3823">
    <p class='ocr_par' dir='ltr' id='par_1_43' title="bbox 448 3751 2090 3823">
     <span class='ocr_line' id='line_1_43' title="bbox 448 3751 2090 3823; baseline 0 -17"><span class='ocrx_word' id='word_1_283' title='bbox 448 3753 865 3819; x_wconf 88' lang='lat' dir='ltr'><strong>stomacharer,</strong></span> <span class='ocrx_word' id='word_1_284' title='bbox 895 3751 954 3805; x_wconf 90' lang='lat' dir='ltr'><strong>in</strong></span> <span class='ocrx_word' id='word_1_285' title='bbox 1003 3751 1099 3805; x_wconf 88' lang='lat' dir='ltr'><strong>illa</strong></span> <span class='ocrx_word' id='word_1_286' title='bbox 1131 3752 1360 3806; x_wconf 85' lang='lat' dir='ltr'><strong>civitate</strong></span> <span class='ocrx_word' id='word_1_287' title='bbox 1394 3758 1568 3823; x_wconf 87' lang='lat' dir='ltr'><strong>atque</strong></span> <span class='ocrx_word' id='word_1_288' title='bbox 1603 3753 1655 3805; x_wconf 93' lang='lat' dir='ltr'><strong>in</strong></span> <span class='ocrx_word' id='word_1_289' title='bbox 1699 3751 1798 3806; x_wconf 90' lang='lat' dir='ltr'><strong>illa</strong></span> <span class='ocrx_word' id='word_1_290' title='bbox 1825 3769 2090 3822; x_wconf 85' lang='lat' dir='ltr'><strong>persona,</strong></span> 
     </span>
    </p>
   </div>
   <div class='ocr_carea' id='block_1_44' title="bbox 451 3832 2091 3903">
    <p class='ocr_par' dir='ltr' id='par_1_44' title="bbox 451 3832 2091 3903">
     <span class='ocr_line' id='line_1_44' title="bbox 451 3832 2091 3903; baseline 0 -16"><span class='ocrx_word' id='word_1_291' title='bbox 451 3847 563 3887; x_wconf 88' lang='lat' dir='ltr'><strong>non</strong></span> <span class='ocrx_word' id='word_1_292' title='bbox 599 3832 798 3903; x_wconf 90' lang='lat' dir='ltr'><strong>utique</strong></span> <span class='ocrx_word' id='word_1_293' title='bbox 829 3833 1092 3900; x_wconf 89' lang='lat' dir='ltr'><strong>obscura,</strong></span> <span class='ocrx_word' id='word_1_294' title='bbox 1122 3834 1337 3888; x_wconf 88' lang='lat' dir='ltr'><strong>factum</strong></span> <span class='ocrx_word' id='word_1_295' title='bbox 1363 3841 1476 3886; x_wconf 91' lang='lat' dir='ltr'><strong>tam</strong></span> <span class='ocrx_word' id='word_1_296' title='bbox 1502 3835 1706 3902; x_wconf 90' lang='lat' dir='ltr'><strong>ingens</strong></span> <span class='ocrx_word' id='word_1_297' title='bbox 1740 3832 2091 3888; x_wconf 89' lang='lat' dir='ltr'><strong>miraculum</strong></span> 
     </span>
    </p>
   </div>
   <div class='ocr_carea' id='block_1_45' title="bbox 450 3913 2091 3984">
    <p class='ocr_par' dir='ltr' id='par_1_45' title="bbox 450 3913 2091 3984">
     <span class='ocr_line' id='line_1_45' title="bbox 450 3913 2091 3984; baseline -0.001 -15"><span class='ocrx_word' id='word_1_298' title='bbox 450 3913 531 3969; x_wconf 88' lang='lat' dir='ltr'><strong>sic</strong></span> <span class='ocrx_word' id='word_1_299' title='bbox 561 3914 760 3981; x_wconf 87' lang='lat' dir='ltr'><strong>latere,</strong></span> <span class='ocrx_word' id='word_1_300' title='bbox 795 3914 931 3969; x_wconf 89' lang='lat' dir='ltr'><strong>hinc</strong></span> <span class='ocrx_word' id='word_1_301' title='bbox 960 3931 1089 3970; x_wconf 91' lang='lat' dir='ltr'><strong>eam</strong></span> <span class='ocrx_word' id='word_1_302' title='bbox 1117 3919 1171 3969; x_wconf 91' lang='lat' dir='ltr'><strong>et</strong></span> <span class='ocrx_word' id='word_1_303' title='bbox 1195 3915 1262 3968; x_wconf 91' lang='lat' dir='ltr'><strong>ad</strong></span> <span class='ocrx_word' id='word_1_304' title='bbox 1276 3915 1620 3968; x_wconf 76' lang='lat' dir='ltr'><strong>mouendum</strong></span> <span class='ocrx_word' id='word_1_305' title='bbox 1645 3923 1700 3968; x_wconf 92' lang='lat' dir='ltr'><strong>et</strong></span> <span class='ocrx_word' id='word_1_306' title='bbox 1723 3931 1865 3983; x_wconf 90' lang='lat' dir='ltr'><strong>pene</strong></span> <span class='ocrx_word' id='word_1_307' title='bbox 1890 3915 2091 3984; x_wconf 85' lang='lat' dir='ltr'><strong>objur-</strong></span> 
     </span>
    </p>
   </div>
   <div class='ocr_carea' id='block_1_46' title="bbox 450 3993 2091 4068">
    <p class='ocr_par' dir='ltr' id='par_1_46' title="bbox 450 3993 2091 4068">
     <span class='ocr_line' id='line_1_46' title="bbox 450 3993 2091 4068; baseline 0.001 -19"><span class='ocrx_word' id='word_1_308' title='bbox 450 3997 698 4068; x_wconf 88' lang='lat' dir='ltr'><strong>gandam</strong></span> <span class='ocrx_word' id='word_1_309' title='bbox 729 3994 950 4065; x_wconf 89' lang='lat' dir='ltr'><strong>putavi.</strong></span> <span class='ocrx_word' id='word_1_310' title='bbox 997 3998 1131 4063; x_wconf 64' lang='lat' dir='ltr'><strong>Quae</strong></span> <span class='ocrx_word' id='word_1_311' title='bbox 1164 4010 1297 4049; x_wconf 91' lang='lat' dir='ltr'><strong>cum</strong></span> <span class='ocrx_word' id='word_1_312' title='bbox 1342 3993 1483 4048; x_wconf 90' lang='lat' dir='ltr'><strong>mihi</strong></span> <span class='ocrx_word' id='word_1_313' title='bbox 1535 3995 1929 4064; x_wconf 76' lang='lat' dir='ltr'><strong>reSpondisset</strong></span> <span class='ocrx_word' id='word_1_314' title='bbox 1977 4011 2091 4050; x_wconf 91' lang='lat' dir='ltr'><strong>non</strong></span> 
     </span>
    </p>
   </div>
   <div class='ocr_carea' id='block_1_47' title="bbox 518 4205 2091 4268">
    <p class='ocr_par' dir='ltr' id='par_1_47' title="bbox 518 4205 2091 4268">
     <span class='ocr_line' id='line_1_47' title="bbox 518 4205 2091 4268; baseline -0.001 -15"><span class='ocrx_word' id='word_1_315' title='bbox 518 4206 532 4241; x_wconf 80' lang='grc' dir='ltr'>ί</span> <span class='ocrx_word' id='word_1_316' title='bbox 583 4205 662 4254; x_wconf 85' lang='lat' dir='ltr'><strong>Ita</strong></span> <span class='ocrx_word' id='word_1_317' title='bbox 703 4205 1071 4268; x_wconf 88' lang='lat' dir='ltr'><strong>manuscripti.</strong></span> <span class='ocrx_word' id='word_1_318' title='bbox 1108 4205 1177 4253; x_wconf 78' lang='lat' dir='ltr'><strong>At</strong></span> <span class='ocrx_word' id='word_1_319' title='bbox 1243 4205 1374 4254; x_wconf 82' lang='lat' dir='ltr'><strong>editi</strong></span> <span class='ocrx_word' id='word_1_320' title='bbox 1429 4205 1585 4254; x_wconf 88' lang='lat' dir='ltr'><strong>Vind.</strong></span> <span class='ocrx_word' id='word_1_321' title='bbox 1644 4205 1759 4253; x_wconf 77' lang='lat' dir='ltr'><strong>Am.</strong></span> <span class='ocrx_word' id='word_1_322' title='bbox 1817 4205 1924 4260; x_wconf 86' lang='lat' dir='ltr'><strong>Er.,</strong></span> <span class='ocrx_word' id='word_1_323' title='bbox 1972 4214 2091 4260; x_wconf 83' lang='lat' dir='ltr'><strong>aut,</strong></span> 
     </span>
    </p>
   </div>
   <div class='ocr_carea' id='block_1_48' title="bbox 453 4267 2093 4330">
    <p class='ocr_par' dir='ltr' id='par_1_48' title="bbox 453 4267 2093 4330">
     <span class='ocr_line' id='line_1_48' title="bbox 453 4267 2093 4330; baseline 0 -15"><span class='ocrx_word' id='word_1_324' title='bbox 453 4275 521 4315; x_wconf 85' lang='lat' dir='ltr'><strong>ut</strong></span> <span class='ocrx_word' id='word_1_325' title='bbox 570 4268 861 4330; x_wconf 83' lang='lat' dir='ltr'><strong>aliquanto</strong></span> <span class='ocrx_word' id='word_1_326' title='bbox 917 4267 1074 4316; x_wconf 83' lang='lat' dir='ltr'><strong>homo</strong></span> <span class='ocrx_word' id='word_1_327' title='bbox 1105 4267 1348 4330; x_wconf 83' lang='lat' dir='ltr'><strong>quietius</strong></span> <span class='ocrx_word' id='word_1_328' title='bbox 1378 4268 1545 4327; x_wconf 82' lang='lat' dir='ltr'><strong>vivat,</strong></span> <span class='ocrx_word' id='word_1_329' title='bbox 1576 4270 1840 4328; x_wconf 82' lang='lat' dir='ltr'><strong>fomentis</strong></span> <span class='ocrx_word' id='word_1_330' title='bbox 1895 4275 1973 4315; x_wconf 85' lang='lat' dir='ltr'><strong>est</strong></span> <span class='ocrx_word' id='word_1_331' title='bbox 2001 4283 2093 4327; x_wconf 73' lang='lat' dir='ltr'><strong>pe-</strong></span> 
     </span>
    </p>
   </div>
   <div class='ocr_carea' id='block_1_49' title="bbox 451 4330 2095 4392">
    <p class='ocr_par' dir='ltr' id='par_1_49' title="bbox 451 4330 2095 4392">
     <span class='ocr_line' id='line_1_49' title="bbox 451 4330 2095 4392; baseline 0.002 -16"><span class='ocrx_word' id='word_1_332' title='bbox 451 4330 552 4378; x_wconf 76' lang='lat' dir='ltr'><strong>stis</strong></span> <span class='ocrx_word' id='word_1_333' title='bbox 608 4331 928 4392; x_wconf 80' lang='lat' dir='ltr'><strong>mitiganda</strong></span> <span class='ocrx_word' id='word_1_334' title='bbox 972 4331 1371 4392; x_wconf 78' lang='lat' dir='ltr'><strong>frequentibus.</strong></span> <span class='ocrx_word' id='word_1_335' title='bbox 1407 4331 1555 4379; x_wconf 87' lang='lat' dir='ltr'><strong>Nam</strong></span> <span class='ocrx_word' id='word_1_336' title='bbox 1597 4339 1662 4379; x_wconf 78' lang='lat' dir='ltr'><strong>ut</strong></span> <span class='ocrx_word' id='word_1_337' title='bbox 1709 4330 1836 4377; x_wconf 86' lang='lat' dir='ltr'><strong>inde</strong></span> <span class='ocrx_word' id='word_1_338' title='bbox 1862 4339 2095 4379; x_wconf 85' lang='lat' dir='ltr'><strong>mortem</strong></span> 
     </span>
    </p>
   </div>
   <div class='ocr_carea' id='block_1_50' title="bbox 454 4392 2098 4452">
    <p class='ocr_par' dir='ltr' id='par_1_50' title="bbox 454 4392 2098 4452">
     <span class='ocr_line' id='line_1_50' title="bbox 454 4392 2098 4452; baseline 0.001 -14"><span class='ocrx_word' id='word_1_339' title='bbox 454 4392 863 4452; x_wconf 79' lang='lat' dir='ltr'><strong>quantumlibet</strong></span> <span class='ocrx_word' id='word_1_340' title='bbox 910 4394 1128 4439; x_wconf 77' lang='lat' dir='ltr'><strong>tardius</strong></span> <span class='ocrx_word' id='word_1_341' title='bbox 1183 4393 1518 4452; x_wconf 77' lang='lat' dir='ltr'><strong>adfuturam</strong></span> <span class='ocrx_word' id='word_1_342' title='bbox 1591 4393 1950 4450; x_wconf 78' lang='lat' dir='ltr'><strong>conﬁdamus,</strong></span> <span class='ocrx_word' id='word_1_343' title='bbox 2023 4408 2098 4440; x_wconf 89' lang='lat' dir='ltr'><strong>se-</strong></span> 
     </span>
    </p>
   </div>
   <div class='ocr_carea' id='block_1_51' title="bbox 455 4453 2095 4513">
    <p class='ocr_par' dir='ltr' id='par_1_51' title="bbox 455 4453 2095 4513">
     <span class='ocr_line' id='line_1_51' title="bbox 455 4453 2095 4513; baseline 0.003 -14"><span class='ocrx_word' id='word_1_344' title='bbox 455 4453 703 4500; x_wconf 83' lang='lat' dir='ltr'><strong>cundum</strong></span> <span class='ocrx_word' id='word_1_345' title='bbox 749 4453 1124 4513; x_wconf 77' lang='lat' dir='ltr'><strong>Hippocratis.</strong></span> <span class='ocrx_word' id='word_1_346' title='bbox 1177 4463 1241 4499; x_wconf 79' lang='lat' dir='ltr'><strong>ut</strong></span> <span class='ocrx_word' id='word_1_347' title='bbox 1287 4454 1494 4512; x_wconf 79' lang='lat' dir='ltr'><strong>fertur,</strong></span> <span class='ocrx_word' id='word_1_348' title='bbox 1543 4457 1894 4510; x_wconf 82' lang='lat' dir='ltr'><strong>sententiam,</strong></span> <span class='ocrx_word' id='word_1_349' title='bbox 1923 4456 2095 4505; x_wconf 88' lang='lat' dir='ltr'><strong>Editio</strong></span> 
     </span>
    </p>
   </div>
   <div class='ocr_carea' id='block_1_52' title="bbox 453 4513 2096 4576">
    <p class='ocr_par' dir='ltr' id='par_1_52' title="bbox 453 4513 2096 4576">
     <span class='ocr_line' id='line_1_52' title="bbox 453 4513 2096 4576; baseline 0.003 -15"><span class='ocrx_word' id='word_1_350' title='bbox 453 4513 601 4576; x_wconf 65' lang='lat' dir='ltr'><strong>LOY..</strong></span> <span class='ocrx_word' id='word_1_351' title='bbox 653 4523 772 4572; x_wconf 85' lang='lat' dir='ltr'><strong>aut,</strong></span> <span class='ocrx_word' id='word_1_352' title='bbox 830 4522 894 4560; x_wconf 85' lang='lat' dir='ltr'><strong>ut</strong></span> <span class='ocrx_word' id='word_1_353' title='bbox 947 4515 1243 4576; x_wconf 80' lang='lat' dir='ltr'><strong>aliquanto</strong></span> <span class='ocrx_word' id='word_1_354' title='bbox 1295 4515 1451 4565; x_wconf 82' lang='lat' dir='ltr'><strong>homo</strong></span> <span class='ocrx_word' id='word_1_355' title='bbox 1499 4517 1716 4565; x_wconf 82' lang='lat' dir='ltr'><strong>diutius</strong></span> <span class='ocrx_word' id='word_1_356' title='bbox 1764 4518 1928 4572; x_wconf 78' lang='lat' dir='ltr'><strong>vivat.</strong></span> <span class='ocrx_word' id='word_1_357' title='bbox 1960 4533 2096 4566; x_wconf 86' lang='lat' dir='ltr'><strong>nam</strong></span> 
     </span>
    </p>
   </div>
   <div class='ocr_carea' id='block_1_53' title="bbox 455 4575 2093 4641">
    <p class='ocr_par' dir='ltr' id='par_1_53' title="bbox 455 4575 2093 4641">
     <span class='ocr_line' id='line_1_53' title="bbox 455 4575 2093 4641; baseline 0.003 -19"><span class='ocrx_word' id='word_1_358' title='bbox 455 4575 583 4624; x_wconf 83' lang='lat' dir='ltr'><strong>inde</strong></span> <span class='ocrx_word' id='word_1_359' title='bbox 639 4584 884 4641; x_wconf 57' lang='grc' dir='ltr'><strong>⁸γηονζεῃι</strong></span> <span class='ocrx_word' id='word_1_360' title='bbox 971 4575 1381 4641; x_wconf 56' lang='lat' dir='ltr'><strong>quantumlibet</strong></span> <span class='ocrx_word' id='word_1_361' title='bbox 1460 4580 1680 4628; x_wconf 77' lang='lat' dir='ltr'><strong>tardius</strong></span> <span class='ocrx_word' id='word_1_362' title='bbox 1739 4582 2093 4641; x_wconf 85' lang='lat' dir='ltr'><strong>ad/uturam,</strong></span> 
     </span>
    </p>
   </div>
   <div class='ocr_carea' id='block_1_54' title="bbox 451 4637 1875 4701">
    <p class='ocr_par' dir='ltr' id='par_1_54' title="bbox 451 4637 1875 4701">
     <span class='ocr_line' id='line_1_54' title="bbox 451 4637 1875 4701; baseline 0.003 -15"><span class='ocrx_word' id='word_1_363' title='bbox 451 4638 756 4687; x_wconf 77' lang='lat' dir='ltr'><strong>secundum</strong></span> <span class='ocrx_word' id='word_1_364' title='bbox 784 4637 1160 4701; x_wconf 75' lang='lat' dir='ltr'><strong>Hippocratis,</strong></span> <span class='ocrx_word' id='word_1_365' title='bbox 1194 4647 1254 4686; x_wconf 80' lang='lat' dir='ltr'><strong>ut</strong></span> <span class='ocrx_word' id='word_1_366' title='bbox 1286 4645 1491 4701; x_wconf 75' lang='lat' dir='ltr'><strong>fertur.</strong></span> <span class='ocrx_word' id='word_1_367' title='bbox 1524 4637 1875 4690; x_wconf 60' lang='lat' dir='ltr'><strong>sententiain.</strong></span> 
     </span>
    </p>
   </div>
   <div class='ocr_carea' id='block_1_55' title="bbox 518 4701 1761 4762">
    <p class='ocr_par' dir='ltr' id='par_1_55' title="bbox 518 4701 1761 4762">
     <span class='ocr_line' id='line_1_55' title="bbox 518 4701 1761 4762; baseline 0 -14"><span class='ocrx_word' id='word_1_368' title='bbox 518 4703 539 4736; x_wconf 73' lang='grc'><strong>2</strong></span> <span class='ocrx_word' id='word_1_369' title='bbox 570 4702 723 4750; x_wconf 88' lang='lat' dir='ltr'><strong>Vind.</strong></span> <span class='ocrx_word' id='word_1_370' title='bbox 757 4703 872 4750; x_wconf 82' lang='lat' dir='ltr'><strong>Am.</strong></span> <span class='ocrx_word' id='word_1_371' title='bbox 910 4704 963 4750; x_wconf 81' lang='lat' dir='ltr'><strong>et</strong></span> <span class='ocrx_word' id='word_1_372' title='bbox 988 4703 1092 4757; x_wconf 71' lang='grc' dir='ltr'><strong>ΕΓ..</strong></span> <span class='ocrx_word' id='word_1_373' title='bbox 1130 4701 1294 4762; x_wconf 82' lang='lat' dir='ltr'><strong>signa</strong></span> <span class='ocrx_word' id='word_1_374' title='bbox 1317 4704 1500 4751; x_wconf 82' lang='lat' dir='ltr'><strong>crucis</strong></span> <span class='ocrx_word' id='word_1_375' title='bbox 1537 4703 1761 4751; x_wconf 81' lang='lat' dir='ltr'><strong>Christi.</strong></span> 
     </span>
    </p>
   </div>
   <div class='ocr_carea' id='block_1_56' title="bbox 518 4763 2098 4827">
    <p class='ocr_par' dir='ltr' id='par_1_56' title="bbox 518 4763 2098 4827">
     <span class='ocr_line' id='line_1_56' title="bbox 518 4763 2098 4827; baseline 0.002 -16"><span class='ocrx_word' id='word_1_376' title='bbox 518 4765 540 4798; x_wconf 82' lang='grc'>³</span> <span class='ocrx_word' id='word_1_377' title='bbox 595 4765 752 4820; x_wconf 79' lang='lat' dir='ltr'><strong>Editi,</strong></span> <span class='ocrx_word' id='word_1_378' title='bbox 799 4763 936 4827; x_wconf 84' lang='lat' dir='ltr'><strong>quid</strong></span> <span class='ocrx_word' id='word_1_379' title='bbox 981 4765 1317 4813; x_wconf 80' lang='lat' dir='ltr'><strong>adhibuisset</strong></span> <span class='ocrx_word' id='word_1_380' title='bbox 1367 4765 1698 4813; x_wconf 76' lang='lat' dir='ltr'><strong>curationis.</strong></span> <span class='ocrx_word' id='word_1_381' title='bbox 1727 4766 1906 4820; x_wconf 78' lang='lat' dir='ltr'><strong>Abest,</strong></span> <span class='ocrx_word' id='word_1_382' title='bbox 1937 4780 2098 4814; x_wconf 77' lang='lat' dir='ltr'><strong>cura-</strong></span> 
     </span>
    </p>
   </div>
   <div class='ocr_carea' id='block_1_57' title="bbox 455 4827 1146 4890">
    <p class='ocr_par' dir='ltr' id='par_1_57' title="bbox 455 4827 1146 4890">
     <span class='ocr_line' id='line_1_57' title="bbox 455 4827 1146 4890; baseline -0.001 -14"><span class='ocrx_word' id='word_1_383' title='bbox 455 4827 642 4876; x_wconf 80' lang='lat' dir='ltr'><strong>tionis.</strong></span> <span class='ocrx_word' id='word_1_384' title='bbox 675 4841 707 4876; x_wconf 87' lang='lat' dir='ltr'><strong>a</strong></span> <span class='ocrx_word' id='word_1_385' title='bbox 753 4829 1146 4890; x_wconf 87' lang='lat' dir='ltr'><strong>manuscriptis.</strong></span> 
     </span>
    </p>
   </div>
   <div class='ocr_carea' id='block_1_58' title="bbox 515 4891 2097 4954">
    <p class='ocr_par' dir='ltr' id='par_1_58' title="bbox 515 4891 2097 4954">
     <span class='ocr_line' id='line_1_58' title="bbox 515 4891 2097 4954; baseline 0.002 -16"><span class='ocrx_word' id='word_1_386' title='bbox 515 4893 595 4950; x_wconf 82' lang='grc' dir='ltr'><strong>(α)</strong></span> <span class='ocrx_word' id='word_1_387' title='bbox 626 4891 880 4940; x_wconf 84' lang='lat' dir='ltr'><strong>Nimirum</strong></span> <span class='ocrx_word' id='word_1_388' title='bbox 909 4893 1124 4954; x_wconf 86' lang='lat' dir='ltr'><strong>quando</strong></span> <span class='ocrx_word' id='word_1_389' title='bbox 1153 4903 1342 4940; x_wconf 86' lang='lat' dir='ltr'><strong>cancer</strong></span> <span class='ocrx_word' id='word_1_390' title='bbox 1366 4891 1458 4940; x_wconf 90' lang='lat' dir='ltr'><strong>ille</strong></span> <span class='ocrx_word' id='word_1_391' title='bbox 1493 4891 1784 4940; x_wconf 84' lang='lat' dir='ltr'><strong>invaluerit</strong></span> <span class='ocrx_word' id='word_1_392' title='bbox 1825 4893 1878 4941; x_wconf 89' lang='lat' dir='ltr'><strong>et</strong></span> <span class='ocrx_word' id='word_1_393' title='bbox 1932 4893 2097 4952; x_wconf 49' lang='lat' dir='ltr'><strong>perte.</strong></span> 
     </span>
    </p>
   </div>
   <div class='ocr_carea' id='block_1_59' title="bbox 453 4953 2098 5017">
    <p class='ocr_par' dir='ltr' id='par_1_59' title="bbox 453 4953 2098 5017">
     <span class='ocr_line' id='line_1_59' title="bbox 453 4953 2098 5017; baseline 0.001 -15"><span class='ocrx_word' id='word_1_394' title='bbox 453 4955 569 5002; x_wconf 90' lang='lat' dir='ltr'><strong>ctus</strong></span> <span class='ocrx_word' id='word_1_395' title='bbox 609 4954 790 5017; x_wconf 68' lang='lat' dir='ltr'><strong>fuerit.</strong></span> <span class='ocrx_word' id='word_1_396' title='bbox 841 4953 1294 5017; x_wconf 72' lang='lat' dir='ltr'><strong>LegeGalenum,</strong></span> <span class='ocrx_word' id='word_1_397' title='bbox 1329 4955 1740 5017; x_wconf 84' lang='lat' dir='ltr'><strong>Therapeuticon</strong></span> <span class='ocrx_word' id='word_1_398' title='bbox 1770 4955 1835 5002; x_wconf 89' lang='lat' dir='ltr'><strong>ad</strong></span> <span class='ocrx_word' id='word_1_399' title='bbox 1882 4954 2098 5004; x_wconf 87' lang='lat' dir='ltr'><strong>Glauco-</strong></span> 
     </span>
    </p>
   </div>
   <div class='ocr_carea' id='block_1_60' title="bbox 457 5015 1329 5078">
    <p class='ocr_par' dir='ltr' id='par_1_60' title="bbox 457 5015 1329 5078">
     <span class='ocr_line' id='line_1_60' title="bbox 457 5015 1329 5078; baseline 0 -15"><span class='ocrx_word' id='word_1_400' title='bbox 457 5029 575 5078; x_wconf 83' lang='lat' dir='ltr'><strong>nem</strong></span> <span class='ocrx_word' id='word_1_401' title='bbox 603 5016 695 5062; x_wconf 87' lang='lat' dir='ltr'><strong>lib.</strong></span> <span class='ocrx_word' id='word_1_402' title='bbox 730 5017 776 5063; x_wconf 79' lang='grc'><strong>2.</strong></span> <span class='ocrx_word' id='word_1_403' title='bbox 811 5029 924 5078; x_wconf 89' lang='lat' dir='ltr'><strong>cap.</strong></span> <span class='ocrx_word' id='word_1_404' title='bbox 953 5015 1027 5063; x_wconf 91' lang='grc'><strong>10.</strong></span> <span class='ocrx_word' id='word_1_405' title='bbox 1067 5018 1329 5068; x_wconf 69' lang='grc' dir='ltr'><strong>Οοοωεεε.</strong></span> 
     </span>
    </p>
   </div>
   <div class='ocr_carea' id='block_1_61' title="bbox 514 5077 2098 5143">
    <p class='ocr_par' dir='ltr' id='par_1_61' title="bbox 514 5077 2098 5143">
     <span class='ocr_line' id='line_1_61' title="bbox 514 5077 2098 5143; baseline 0.003 -19"><span class='ocrx_word' id='word_1_406' title='bbox 514 5077 578 5139; x_wconf 61' lang='lat' dir='ltr'><strong>ib)</strong></span> <span class='ocrx_word' id='word_1_407' title='bbox 631 5077 1234 5143; x_wconf 79' lang='lat' dir='ltr'><strong>Temporaantiquitus</strong></span> <span class='ocrx_word' id='word_1_408' title='bbox 1283 5080 1548 5143; x_wconf 84' lang='lat' dir='ltr'><strong>Baptismo</strong></span> <span class='ocrx_word' id='word_1_409' title='bbox 1594 5081 1918 5143; x_wconf 88' lang='lat' dir='ltr'><strong>praescripta</strong></span> <span class='ocrx_word' id='word_1_410' title='bbox 1947 5082 2098 5128; x_wconf 85' lang='lat' dir='ltr'><strong>extra</strong></span> 
     </span>
    </p>
   </div>
   <div class='ocr_carea' id='block_1_62' title="bbox 452 5141 2100 5194">
    <p class='ocr_par' dir='ltr' id='par_1_62' title="bbox 452 5141 2100 5194">
     <span class='ocr_line' id='line_1_62' title="bbox 452 5141 2100 5194; baseline 0.002 -6"><span class='ocrx_word' id='word_1_411' title='bbox 452 5141 820 5189; x_wconf 80' lang='lat' dir='ltr'><strong>necessitatem</strong></span> <span class='ocrx_word' id='word_1_412' title='bbox 852 5141 1015 5189; x_wconf 82' lang='lat' dir='ltr'><strong>fuisse</strong></span> <span class='ocrx_word' id='word_1_413' title='bbox 1045 5143 1245 5190; x_wconf 83' lang='lat' dir='ltr'><strong>Pascha</strong></span> <span class='ocrx_word' id='word_1_414' title='bbox 1288 5145 1340 5190; x_wconf 92' lang='lat' dir='ltr'><strong>et</strong></span> <span class='ocrx_word' id='word_1_415' title='bbox 1364 5141 1758 5194; x_wconf 44' lang='lat' dir='ltr'><strong>&#39;Pentecostem.</strong></span> <span class='ocrx_word' id='word_1_416' title='bbox 1798 5141 2006 5192; x_wconf 82' lang='lat' dir='ltr'><strong>constat</strong></span> <span class='ocrx_word' id='word_1_417' title='bbox 2034 5156 2100 5191; x_wconf 84' lang='lat' dir='ltr'><strong>ex</strong></span> 
     </span>
    </p>
   </div>
   <div class='ocr_carea' id='block_1_63' title="bbox 454 5203 2099 5267">
    <p class='ocr_par' dir='ltr' id='par_1_63' title="bbox 454 5203 2099 5267">
     <span class='ocr_line' id='line_1_63' title="bbox 454 5203 2099 5267; baseline -0.001 -16"><span class='ocrx_word' id='word_1_418' title='bbox 454 5203 797 5267; x_wconf 16' lang='lat' dir='ltr'><strong>Tertullianoﬁ,</strong></span> <span class='ocrx_word' id='word_1_419' title='bbox 828 5203 964 5267; x_wconf 88' lang='lat' dir='ltr'><strong>libro</strong></span> <span class='ocrx_word' id='word_1_420' title='bbox 992 5205 1054 5252; x_wconf 90' lang='lat' dir='ltr'><strong>de</strong></span> <span class='ocrx_word' id='word_1_421' title='bbox 1085 5205 1370 5265; x_wconf 86' lang='lat' dir='ltr'><strong>Baptismo,</strong></span> <span class='ocrx_word' id='word_1_422' title='bbox 1401 5219 1512 5267; x_wconf 88' lang='lat' dir='ltr'><strong>cap.</strong></span> <span class='ocrx_word' id='word_1_423' title='bbox 1548 5203 1606 5251; x_wconf 79' lang='grc'>19</span> <span class='ocrx_word' id='word_1_424' title='bbox 1636 5218 1647 5252; x_wconf 90' lang='lat'><strong>:</strong></span> <span class='ocrx_word' id='word_1_425' title='bbox 1680 5206 1790 5266; x_wconf 85' lang='lat' dir='ltr'><strong>qui,</strong></span> <span class='ocrx_word' id='word_1_426' title='bbox 1827 5225 1848 5246; x_wconf 84' lang='lat'><strong>«</strong></span> <span class='ocrx_word' id='word_1_427' title='bbox 1879 5205 2043 5261; x_wconf 88' lang='lat' dir='ltr'><strong>Diem,</strong></span> <span class='ocrx_word' id='word_1_428' title='bbox 2073 5223 2099 5249; x_wconf 69' lang='grc' dir='ltr'><strong>ιο</strong></span> 
     </span>
    </p>
   </div>
   <div class='ocr_carea' id='block_1_64' title="bbox 453 5266 2097 5330">
    <p class='ocr_par' dir='ltr' id='par_1_64' title="bbox 453 5266 2097 5330">
     <span class='ocr_line' id='line_1_64' title="bbox 453 5266 2097 5330; baseline 0.002 -18"><span class='ocrx_word' id='word_1_429' title='bbox 453 5266 645 5326; x_wconf 79' lang='lat' dir='ltr'><strong>inquit,</strong></span> <span class='ocrx_word' id='word_1_430' title='bbox 695 5285 718 5307; x_wconf 65' lang='lat' dir='ltr'><strong>ac</strong></span> <span class='ocrx_word' id='word_1_431' title='bbox 771 5266 1056 5330; x_wconf 84' lang='lat' dir='ltr'><strong>Baptismo,</strong></span> <span class='ocrx_word' id='word_1_432' title='bbox 1116 5267 1492 5330; x_wconf 85' lang='lat' dir='ltr'><strong>solemniorem</strong></span> <span class='ocrx_word' id='word_1_433' title='bbox 1565 5268 1767 5316; x_wconf 82' lang='lat' dir='ltr'><strong>Pascha</strong></span> <span class='ocrx_word' id='word_1_434' title='bbox 1846 5270 2097 5330; x_wconf 87' lang='lat' dir='ltr'><strong>praestat,</strong></span> 
     </span>
    </p>
   </div>
   <div class='ocr_carea' id='block_1_65' title="bbox 456 5329 2102 5390">
    <p class='ocr_par' dir='ltr' id='par_1_65' title="bbox 456 5329 2102 5390">
     <span class='ocr_line' id='line_1_65' title="bbox 456 5329 2102 5390; baseline 0.002 -15"><span class='ocrx_word' id='word_1_435' title='bbox 456 5347 480 5368; x_wconf 76' lang='grc' dir='ltr'><strong><em>α</em></strong></span> <span class='ocrx_word' id='word_1_436' title='bbox 512 5341 629 5375; x_wconf 88' lang='lat' dir='ltr'><strong>eum</strong></span> <span class='ocrx_word' id='word_1_437' title='bbox 678 5331 731 5374; x_wconf 83' lang='lat' dir='ltr'><strong>et</strong></span> <span class='ocrx_word' id='word_1_438' title='bbox 769 5329 944 5388; x_wconf 85' lang='lat' dir='ltr'><strong>passio</strong></span> <span class='ocrx_word' id='word_1_439' title='bbox 982 5329 1203 5382; x_wconf 87' lang='lat' dir='ltr'><strong>Domini,</strong></span> <span class='ocrx_word' id='word_1_440' title='bbox 1250 5330 1305 5376; x_wconf 92' lang='lat' dir='ltr'><strong>in</strong></span> <span class='ocrx_word' id='word_1_441' title='bbox 1353 5343 1462 5390; x_wconf 88' lang='lat' dir='ltr'><strong>qua</strong></span> <span class='ocrx_word' id='word_1_442' title='bbox 1508 5331 1782 5389; x_wconf 82' lang='lat' dir='ltr'><strong>tingimur.</strong></span> <span class='ocrx_word' id='word_1_443' title='bbox 1813 5331 2102 5389; x_wconf 88' lang='lat' dir='ltr'><strong>adimpleta</strong></span> 
     </span>
    </p>
   </div>
   <div class='ocr_carea' id='block_1_66' title="bbox 456 5391 2101 5454">
    <p class='ocr_par' dir='ltr' id='par_1_66' title="bbox 456 5391 2101 5454">
     <span class='ocr_line' id='line_1_66' title="bbox 456 5391 2101 5454; baseline 0.002 -17"><span class='ocrx_word' id='word_1_444' title='bbox 456 5408 481 5454; x_wconf 61' lang='lat' dir='ltr'><strong>os</strong></span> <span class='ocrx_word' id='word_1_445' title='bbox 511 5393 606 5454; x_wconf 71' lang='lat' dir='ltr'><strong>est.</strong></span> <span class='ocrx_word' id='word_1_446' title='bbox 645 5391 844 5438; x_wconf 77' lang='lat' dir='ltr'><strong>Exinde</strong></span> <span class='ocrx_word' id='word_1_447' title='bbox 879 5391 1181 5440; x_wconf 87' lang='lat' dir='ltr'><strong>Pentecoste</strong></span> <span class='ocrx_word' id='word_1_448' title='bbox 1197 5410 1235 5454; x_wconf 71' lang='lat'><strong>_»</strong></span> <span class='ocrx_word' id='word_1_449' title='bbox 1284 5392 1356 5439; x_wconf 83' lang='lat' dir='ltr'><strong>(id</strong></span> <span class='ocrx_word' id='word_1_450' title='bbox 1393 5394 1488 5442; x_wconf 85' lang='lat' dir='ltr'><strong>est.</strong></span> <span class='ocrx_word' id='word_1_451' title='bbox 1521 5395 1581 5440; x_wconf 89' lang='lat' dir='ltr'><strong>ut</strong></span> <span class='ocrx_word' id='word_1_452' title='bbox 1614 5394 1851 5454; x_wconf 88' lang='lat' dir='ltr'><strong>loquitur</strong></span> <span class='ocrx_word' id='word_1_453' title='bbox 1879 5393 1933 5439; x_wconf 92' lang='lat' dir='ltr'><strong>in</strong></span> <span class='ocrx_word' id='word_1_454' title='bbox 1966 5393 2101 5441; x_wconf 85' lang='lat' dir='ltr'><strong>libro</strong></span> 
     </span>
    </p>
   </div>
   <div class='ocr_carea' id='block_1_67' title="bbox 454 5452 2099 5516">
    <p class='ocr_par' dir='ltr' id='par_1_67' title="bbox 454 5452 2099 5516">
     <span class='ocr_line' id='line_1_67' title="bbox 454 5452 2099 5516; baseline 0.002 -19"><span class='ocrx_word' id='word_1_455' title='bbox 454 5453 517 5516; x_wconf 80' lang='lat' dir='ltr'><strong>do</strong></span> <span class='ocrx_word' id='word_1_456' title='bbox 547 5452 751 5501; x_wconf 82' lang='lat' dir='ltr'><strong>Corona</strong></span> <span class='ocrx_word' id='word_1_457' title='bbox 789 5453 992 5516; x_wconf 83' lang='lat' dir='ltr'><strong>militis,</strong></span> <span class='ocrx_word' id='word_1_458' title='bbox 1024 5467 1139 5514; x_wconf 88' lang='lat' dir='ltr'><strong>eap.</strong></span> <span class='ocrx_word' id='word_1_459' title='bbox 1187 5452 1236 5506; x_wconf 87' lang='lat'><strong>3.</strong></span> <span class='ocrx_word' id='word_1_460' title='bbox 1262 5472 1293 5516; x_wconf 14' lang='grc' dir='ltr'><strong>γ(</strong></span> <span class='ocrx_word' id='word_1_461' title='bbox 1343 5467 1373 5501; x_wconf 90' lang='lat' dir='ltr'><strong>a</strong></span> <span class='ocrx_word' id='word_1_462' title='bbox 1428 5455 1512 5502; x_wconf 89' lang='lat' dir='ltr'><strong>die</strong></span> <span class='ocrx_word' id='word_1_463' title='bbox 1559 5452 1786 5504; x_wconf 73' lang='lat' dir='ltr'><strong>Paschae</strong></span> <span class='ocrx_word' id='word_1_464' title='bbox 1835 5469 2004 5516; x_wconf 88' lang='lat' dir='ltr'><strong>usque</strong></span> <span class='ocrx_word' id='word_1_465' title='bbox 2034 5455 2099 5502; x_wconf 91' lang='lat' dir='ltr'><strong>ad</strong></span> 
     </span>
    </p>
   </div>
   <div class='ocr_carea' id='block_1_68' title="bbox 453 5513 2102 5578">
    <p class='ocr_par' dir='ltr' id='par_1_68' title="bbox 453 5513 2102 5578">
     <span class='ocr_line' id='line_1_68' title="bbox 453 5513 2102 5578; baseline 0.002 -17"><span class='ocrx_word' id='word_1_466' title='bbox 453 5515 794 5578; x_wconf 84' lang='lat' dir='ltr'><strong>Pentecosten</strong></span> <span class='ocrx_word' id='word_1_467' title='bbox 828 5513 874 5564; x_wconf 68' lang='grc' dir='ltr'><strong>ἐν)</strong></span> <span class='ocrx_word' id='word_1_468' title='bbox 923 5535 948 5560; x_wconf 82' lang='grc'><strong>«</strong></span> <span class='ocrx_word' id='word_1_469' title='bbox 993 5513 1302 5565; x_wconf 86' lang='lat' dir='ltr'><strong>ordinandis</strong></span> <span class='ocrx_word' id='word_1_470' title='bbox 1347 5517 1577 5565; x_wconf 84' lang='lat' dir='ltr'><strong>lavacris</strong></span> <span class='ocrx_word' id='word_1_471' title='bbox 1634 5513 1956 5568; x_wconf 78' lang='lat' dir='ltr'><strong>latissimum</strong></span> <span class='ocrx_word' id='word_1_472' title='bbox 1986 5531 2102 5578; x_wconf 86' lang='lat' dir='ltr'><strong>spa-</strong></span> 
     </span>
    </p>
   </div>
   <div class='ocr_carea' id='block_1_69' title="bbox 457 5577 2100 5641">
    <p class='ocr_par' dir='ltr' id='par_1_69' title="bbox 457 5577 2100 5641">
     <span class='ocr_line' id='line_1_69' title="bbox 457 5577 2100 5641; baseline 0.004 -20"><span class='ocrx_word' id='word_1_473' title='bbox 457 5590 478 5621; x_wconf 74' lang='grc' dir='ltr'><strong><em>ι</em></strong></span> <span class='ocrx_word' id='word_1_474' title='bbox 511 5577 646 5641; x_wconf 76' lang='lat' dir='ltr'><strong>tium</strong></span> <span class='ocrx_word' id='word_1_475' title='bbox 675 5581 754 5625; x_wconf 87' lang='lat' dir='ltr'><strong>est</strong></span> <span class='ocrx_word' id='word_1_476' title='bbox 779 5592 789 5625; x_wconf 92' lang='lat'><strong>:</strong></span> <span class='ocrx_word' id='word_1_477' title='bbox 823 5593 928 5639; x_wconf 86' lang='lat' dir='ltr'><strong>quo</strong></span> <span class='ocrx_word' id='word_1_478' title='bbox 958 5580 1010 5626; x_wconf 86' lang='lat' dir='ltr'><strong>et</strong></span> <span class='ocrx_word' id='word_1_479' title='bbox 1041 5579 1247 5627; x_wconf 89' lang='lat' dir='ltr'><strong>Domini</strong></span> <span class='ocrx_word' id='word_1_480' title='bbox 1295 5580 1609 5641; x_wconf 85' lang='lat' dir='ltr'><strong>resurrectio</strong></span> <span class='ocrx_word' id='word_1_481' title='bbox 1636 5581 1776 5630; x_wconf 89' lang='lat' dir='ltr'><strong>inter</strong></span> <span class='ocrx_word' id='word_1_482' title='bbox 1807 5577 2100 5641; x_wconf 86' lang='lat' dir='ltr'><strong>Discipulos</strong></span> 
     </span>
    </p>
   </div>
   <div class='ocr_carea' id='block_1_70' title="bbox 457 5637 2098 5754">
    <p class='ocr_par' dir='ltr' id='par_1_70' title="bbox 457 5637 2098 5754">
     <span class='ocr_line' id='line_1_70' title="bbox 457 5637 2098 5754; baseline -0.001 -67"><span class='ocrx_word' id='word_1_483' title='bbox 457 5637 853 5754; x_wconf 47' lang='grc' dir='ltr'><strong>ἓὲἔὲῗιιέξξιιαιὰ</strong></span> <span class='ocrx_word' id='word_1_484' title='bbox 876 5644 973 5694; x_wconf 86' lang='lat' dir='ltr'><strong>est.</strong></span> <span class='ocrx_word' id='word_1_485' title='bbox 1004 5644 1057 5691; x_wconf 87' lang='lat' dir='ltr'><strong>et</strong></span> <span class='ocrx_word' id='word_1_486' title='bbox 1085 5641 1258 5704; x_wconf 78' lang='lat' dir='ltr'><strong>gratia</strong></span> <span class='ocrx_word' id='word_1_487' title='bbox 1295 5640 1524 5704; x_wconf 87' lang='lat' dir='ltr'><strong>Spiritus</strong></span> <span class='ocrx_word' id='word_1_488' title='bbox 1581 5644 1752 5692; x_wconf 80' lang='lat' dir='ltr'><strong>sancti</strong></span> <span class='ocrx_word' id='word_1_489' title='bbox 1781 5637 2038 5692; x_wconf 81' lang='lat' dir='ltr'><strong>dedicata.</strong></span> <span class='ocrx_word' id='word_1_490' title='bbox 2070 5660 2098 5686; x_wconf 65' lang='grc' dir='ltr'><strong>ν</strong></span> 
     </span>
    </p>
   </div>
   <div class='ocr_carea' id='block_1_71' title="bbox 1494 319 2804 395">
    <p class='ocr_par' dir='ltr' id='par_1_71' title="bbox 1494 319 2804 395">
     <span class='ocr_line' id='line_1_71' title="bbox 1494 319 2804 395; baseline 0.002 -14"><span class='ocrx_word' id='word_1_491' title='bbox 1494 320 1597 381; x_wconf 84' lang='lat' dir='ltr'><strong>DE</strong></span> <span class='ocrx_word' id='word_1_492' title='bbox 1640 319 2007 383; x_wconf 82' lang='lat' dir='ltr'><strong>CIVITATE</strong></span> <span class='ocrx_word' id='word_1_493' title='bbox 2054 320 2207 395; x_wconf 86' lang='lat' dir='ltr'><strong>DEI,</strong></span> <span class='ocrx_word' id='word_1_494' title='bbox 2257 320 2322 382; x_wconf 83' lang='grc' dir='ltr'><strong>Β.</strong></span> <span class='ocrx_word' id='word_1_495' title='bbox 2369 320 2804 384; x_wconf 82' lang='lat' dir='ltr'><strong>AUGUSTINI</strong></span> 
     </span>
    </p>
   </div>
   <div class='ocr_carea' id='block_1_72' title="bbox 3734 325 3851 386">
    <p class='ocr_par' dir='ltr' id='par_1_72' title="bbox 3734 325 3851 386">
     <span class='ocr_line' id='line_1_72' title="bbox 3734 325 3851 386; baseline 0 -1"><span class='ocrx_word' id='word_1_496' title='bbox 3734 325 3851 386; x_wconf 66' lang='grc' dir='ltr'><strong>’πει</strong></span> 
     </span>
    </p>
   </div>
   <div class='ocr_carea' id='block_1_73' title="bbox 2203 455 3854 534">
    <p class='ocr_par' dir='ltr' id='par_1_73' title="bbox 2203 455 3854 534">
     <span class='ocr_line' id='line_1_73' title="bbox 2203 455 3854 534; baseline 0.006 -24"><span class='ocrx_word' id='word_1_497' title='bbox 2203 472 2266 511; x_wconf 90' lang='lat' dir='ltr'><strong>se</strong></span> <span class='ocrx_word' id='word_1_498' title='bbox 2296 455 2433 511; x_wconf 91' lang='lat' dir='ltr'><strong>inde</strong></span> <span class='ocrx_word' id='word_1_499' title='bbox 2463 457 2736 523; x_wconf 82' lang='lat' dir='ltr'><strong>tacuisse,</strong></span> <span class='ocrx_word' id='word_1_500' title='bbox 2783 459 3025 529; x_wconf 59' lang='lat' dir='ltr'><strong>quaesivi</strong></span> <span class='ocrx_word' id='word_1_501' title='bbox 3067 461 3140 518; x_wconf 85' lang='lat' dir='ltr'><strong>ab</strong></span> <span class='ocrx_word' id='word_1_502' title='bbox 3173 463 3278 530; x_wconf 84' lang='lat' dir='ltr'><strong>eis,</strong></span> <span class='ocrx_word' id='word_1_503' title='bbox 3331 478 3478 534; x_wconf 87' lang='lat' dir='ltr'><strong>quas</strong></span> <span class='ocrx_word' id='word_1_504' title='bbox 3512 465 3655 522; x_wconf 86' lang='lat' dir='ltr'><strong>forte</strong></span> <span class='ocrx_word' id='word_1_505' title='bbox 3712 471 3854 520; x_wconf 89' lang='lat' dir='ltr'><strong>tunc</strong></span> 
     </span>
    </p>
   </div>
   <div class='ocr_carea' id='block_1_74' title="bbox 2204 537 3854 615">
    <p class='ocr_par' dir='ltr' id='par_1_74' title="bbox 2204 537 3854 615">
     <span class='ocr_line' id='line_1_74' title="bbox 2204 537 3854 615; baseline 0.005 -24"><span class='ocrx_word' id='word_1_506' title='bbox 2204 540 2500 591; x_wconf 73' lang='lat' dir='ltr'><strong>matronas</strong></span> <span class='ocrx_word' id='word_1_507' title='bbox 2532 537 2911 595; x_wconf 85' lang='lat' dir='ltr'><strong>amicissimas</strong></span> <span class='ocrx_word' id='word_1_508' title='bbox 2957 556 3152 597; x_wconf 89' lang='lat' dir='ltr'><strong>secum</strong></span> <span class='ocrx_word' id='word_1_509' title='bbox 3184 542 3456 615; x_wconf 87' lang='lat' dir='ltr'><strong>habebat,</strong></span> <span class='ocrx_word' id='word_1_510' title='bbox 3506 555 3702 601; x_wconf 89' lang='lat' dir='ltr'><strong>utrum</strong></span> <span class='ocrx_word' id='word_1_511' title='bbox 3746 545 3854 601; x_wconf 87' lang='lat' dir='ltr'><strong>hoc</strong></span> 
     </span>
    </p>
   </div>
   <div class='ocr_carea' id='block_1_75' title="bbox 2205 617 3850 692">
    <p class='ocr_par' dir='ltr' id='par_1_75' title="bbox 2205 617 3850 692">
     <span class='ocr_line' id='line_1_75' title="bbox 2205 617 3850 692; baseline 0.005 -20"><span class='ocrx_word' id='word_1_512' title='bbox 2205 625 2373 672; x_wconf 84' lang='lat' dir='ltr'><strong>antea</strong></span> <span class='ocrx_word' id='word_1_513' title='bbox 2404 617 2674 674; x_wconf 85' lang='lat' dir='ltr'><strong>scissent.</strong></span> <span class='ocrx_word' id='word_1_514' title='bbox 2713 620 3162 692; x_wconf 82' lang='lat' dir='ltr'><strong>Responderunt</strong></span> <span class='ocrx_word' id='word_1_515' title='bbox 3191 639 3248 679; x_wconf 87' lang='lat' dir='ltr'><strong>se</strong></span> <span class='ocrx_word' id='word_1_516' title='bbox 3292 627 3532 681; x_wconf 89' lang='lat' dir='ltr'><strong>omnino</strong></span> <span class='ocrx_word' id='word_1_517' title='bbox 3569 629 3850 682; x_wconf 81' lang='lat' dir='ltr'><strong>nescisse.</strong></span> 
     </span>
    </p>
   </div>
   <div class='ocr_carea' id='block_1_76' title="bbox 2202 698 3855 772">
    <p class='ocr_par' dir='ltr' id='par_1_76' title="bbox 2202 698 3855 772">
     <span class='ocr_line' id='line_1_76' title="bbox 2202 698 3855 772; baseline 0.007 -22"><span class='ocrx_word' id='word_1_518' title='bbox 2202 698 2361 764; x_wconf 88' lang='lat' dir='ltr'><strong>Esse,</strong></span> <span class='ocrx_word' id='word_1_519' title='bbox 2394 698 2658 768; x_wconf 89' lang='lat' dir='ltr'><strong>inquam,</strong></span> <span class='ocrx_word' id='word_1_520' title='bbox 2689 704 2980 770; x_wconf 91' lang='lat' dir='ltr'><strong>quomodo</strong></span> <span class='ocrx_word' id='word_1_521' title='bbox 3013 720 3124 758; x_wconf 92' lang='lat' dir='ltr'><strong>non</strong></span> <span class='ocrx_word' id='word_1_522' title='bbox 3159 709 3334 772; x_wconf 85' lang='lat' dir='ltr'><strong>taces,</strong></span> <span class='ocrx_word' id='word_1_523' title='bbox 3371 711 3433 761; x_wconf 92' lang='lat' dir='ltr'><strong>ut</strong></span> <span class='ocrx_word' id='word_1_524' title='bbox 3462 723 3567 762; x_wconf 89' lang='lat' dir='ltr'><strong>nec</strong></span> <span class='ocrx_word' id='word_1_525' title='bbox 3602 708 3725 764; x_wconf 62' lang='lat' dir='ltr'><strong>ista</strong></span> <span class='ocrx_word' id='word_1_526' title='bbox 3754 722 3855 762; x_wconf 85' lang='lat' dir='ltr'><strong>au-</strong></span> 
     </span>
    </p>
   </div>
   <div class='ocr_carea' id='block_1_77' title="bbox 2203 779 3858 856">
    <p class='ocr_par' dir='ltr' id='par_1_77' title="bbox 2203 779 3858 856">
     <span class='ocr_line' id='line_1_77' title="bbox 2203 779 3858 856; baseline 0.007 -23"><span class='ocrx_word' id='word_1_527' title='bbox 2203 779 2387 845; x_wconf 88' lang='lat' dir='ltr'><strong>diant,</strong></span> <span class='ocrx_word' id='word_1_528' title='bbox 2427 795 2554 850; x_wconf 63' lang='lat' dir='ltr'><strong>quas</strong></span> <span class='ocrx_word' id='word_1_529' title='bbox 2586 780 2692 834; x_wconf 88' lang='lat' dir='ltr'><strong>tibi</strong></span> <span class='ocrx_word' id='word_1_530' title='bbox 2741 786 2896 837; x_wconf 90' lang='lat' dir='ltr'><strong>tanta</strong></span> <span class='ocrx_word' id='word_1_531' title='bbox 2942 783 3338 841; x_wconf 79' lang='lat' dir='ltr'><strong>familiaritate</strong></span> <span class='ocrx_word' id='word_1_532' title='bbox 3379 788 3734 856; x_wconf 81' lang='lat' dir='ltr'><strong>junguntur.</strong></span> <span class='ocrx_word' id='word_1_533' title='bbox 3790 789 3858 843; x_wconf 85' lang='lat' dir='ltr'><strong>Et</strong></span> 
     </span>
    </p>
   </div>
   <div class='ocr_carea' id='block_1_78' title="bbox 2205 859 3855 934">
    <p class='ocr_par' dir='ltr' id='par_1_78' title="bbox 2205 859 3855 934">
     <span class='ocr_line' id='line_1_78' title="bbox 2205 859 3855 934; baseline 0.007 -21"><span class='ocrx_word' id='word_1_534' title='bbox 2205 860 2342 930; x_wconf 92' lang='lat' dir='ltr'><strong>quia</strong></span> <span class='ocrx_word' id='word_1_535' title='bbox 2387 859 2631 914; x_wconf 89' lang='lat' dir='ltr'><strong>breviter</strong></span> <span class='ocrx_word' id='word_1_536' title='bbox 2660 863 2730 916; x_wconf 92' lang='lat' dir='ltr'><strong>ab</strong></span> <span class='ocrx_word' id='word_1_537' title='bbox 2777 879 2844 918; x_wconf 91' lang='lat' dir='ltr'><strong>ea</strong></span> <span class='ocrx_word' id='word_1_538' title='bbox 2890 865 3290 934; x_wconf 72' lang='lat' dir='ltr'><strong>quaesiveram,</strong></span> <span class='ocrx_word' id='word_1_539' title='bbox 3326 867 3432 922; x_wconf 89' lang='lat' dir='ltr'><strong>feci</strong></span> <span class='ocrx_word' id='word_1_540' title='bbox 3487 876 3548 922; x_wconf 90' lang='lat' dir='ltr'><strong>ut</strong></span> <span class='ocrx_word' id='word_1_541' title='bbox 3593 869 3713 924; x_wconf 91' lang='lat' dir='ltr'><strong>illis</strong></span> <span class='ocrx_word' id='word_1_542' title='bbox 3745 885 3855 924; x_wconf 86' lang='lat' dir='ltr'><strong>au-</strong></span> 
     </span>
    </p>
   </div>
   <div class='ocr_carea' id='block_1_79' title="bbox 2203 939 3856 1019">
    <p class='ocr_par' dir='ltr' id='par_1_79' title="bbox 2203 939 3856 1019">
     <span class='ocr_line' id='line_1_79' title="bbox 2203 939 3856 1019; baseline 0.007 -26"><span class='ocrx_word' id='word_1_543' title='bbox 2203 939 2496 995; x_wconf 86' lang='lat' dir='ltr'><strong>dientibus</strong></span> <span class='ocrx_word' id='word_1_544' title='bbox 2529 940 2895 1014; x_wconf 89' lang='lat' dir='ltr'><strong>multumque</strong></span> <span class='ocrx_word' id='word_1_545' title='bbox 2920 945 3271 1002; x_wconf 90' lang='lat' dir='ltr'><strong>mirantibus</strong></span> <span class='ocrx_word' id='word_1_546' title='bbox 3293 951 3352 1002; x_wconf 90' lang='lat' dir='ltr'><strong>et</strong></span> <span class='ocrx_word' id='word_1_547' title='bbox 3379 949 3856 1019; x_wconf 75' lang='lat' dir='ltr'><strong>gloriﬁcantibus</strong></span> 
     </span>
    </p>
   </div>
   <div class='ocr_carea' id='block_1_80' title="bbox 2206 1022 3853 1103">
    <p class='ocr_par' dir='ltr' id='par_1_80' title="bbox 2206 1022 3853 1103">
     <span class='ocr_line' id='line_1_80' title="bbox 2206 1022 3853 1103; baseline 0.007 -27"><span class='ocrx_word' id='word_1_548' title='bbox 2206 1022 2410 1088; x_wconf 88' lang='lat' dir='ltr'><strong>Deum,</strong></span> <span class='ocrx_word' id='word_1_549' title='bbox 2442 1027 2628 1103; x_wconf 84' lang='lat' dir='ltr'><strong>totum</strong></span> <span class='ocrx_word' id='word_1_550' title='bbox 2674 1039 2743 1079; x_wconf 82' lang='lat' dir='ltr'><strong>ex</strong></span> <span class='ocrx_word' id='word_1_551' title='bbox 2782 1027 3005 1096; x_wconf 89' lang='lat' dir='ltr'><strong>ordine,</strong></span> <span class='ocrx_word' id='word_1_552' title='bbox 3057 1029 3545 1098; x_wconf 85' lang='lat' dir='ltr'><strong>quemadmodum</strong></span> <span class='ocrx_word' id='word_1_553' title='bbox 3594 1041 3853 1103; x_wconf 84' lang='lat' dir='ltr'><strong>gestum,</strong></span> 
     </span>
    </p>
   </div>
   <div class='ocr_carea' id='block_1_81' title="bbox 2205 1102 2748 1172">
    <p class='ocr_par' dir='ltr' id='par_1_81' title="bbox 2205 1102 2748 1172">
     <span class='ocr_line' id='line_1_81' title="bbox 2205 1102 2748 1172; baseline 0.004 -14"><span class='ocrx_word' id='word_1_554' title='bbox 2205 1103 2402 1172; x_wconf 85' lang='lat' dir='ltr'><strong>fuerit,</strong></span> <span class='ocrx_word' id='word_1_555' title='bbox 2443 1102 2748 1160; x_wconf 89' lang='lat' dir='ltr'><strong>indicaret.</strong></span> 
     </span>
    </p>
   </div>
   <div class='ocr_carea' id='block_1_82' title="bbox 2275 1182 3853 1261">
    <p class='ocr_par' dir='ltr' id='par_1_82' title="bbox 2275 1182 3853 1261">
     <span class='ocr_line' id='line_1_82' title="bbox 2275 1182 3853 1261; baseline 0.008 -24"><span class='ocrx_word' id='word_1_556' title='bbox 2275 1183 2327 1239; x_wconf 84' lang='grc'><strong>4.</strong></span> <span class='ocrx_word' id='word_1_557' title='bbox 2382 1182 2671 1240; x_wconf 89' lang='lat' dir='ltr'><strong>Medicum</strong></span> <span class='ocrx_word' id='word_1_558' title='bbox 2708 1187 2724 1220; x_wconf 79' lang='grc' dir='ltr'>ί</span> <span class='ocrx_word' id='word_1_559' title='bbox 2775 1188 3081 1256; x_wconf 87' lang='lat' dir='ltr'><strong>quemdam</strong></span> <span class='ocrx_word' id='word_1_560' title='bbox 3150 1191 3472 1261; x_wconf 77' lang='lat' dir='ltr'><strong>podagram</strong></span> <span class='ocrx_word' id='word_1_561' title='bbox 3530 1193 3591 1247; x_wconf 89' lang='lat' dir='ltr'><strong>in</strong></span> <span class='ocrx_word' id='word_1_562' title='bbox 3643 1194 3853 1250; x_wconf 88' lang='lat' dir='ltr'><strong>eadem</strong></span> 
     </span>
    </p>
   </div>
   <div class='ocr_carea' id='block_1_83' title="bbox 2204 1264 3858 1342">
    <p class='ocr_par' dir='ltr' id='par_1_83' title="bbox 2204 1264 3858 1342">
     <span class='ocr_line' id='line_1_83' title="bbox 2204 1264 3858 1342; baseline 0.006 -23"><span class='ocrx_word' id='word_1_563' title='bbox 2204 1265 2367 1332; x_wconf 89' lang='lat' dir='ltr'><strong>urbe,</strong></span> <span class='ocrx_word' id='word_1_564' title='bbox 2401 1264 2498 1334; x_wconf 91' lang='lat' dir='ltr'><strong>qui</strong></span> <span class='ocrx_word' id='word_1_565' title='bbox 2530 1281 2658 1320; x_wconf 91' lang='lat' dir='ltr'><strong>cum</strong></span> <span class='ocrx_word' id='word_1_566' title='bbox 2716 1265 2970 1323; x_wconf 87' lang='lat' dir='ltr'><strong>dedisset</strong></span> <span class='ocrx_word' id='word_1_567' title='bbox 2999 1286 3206 1326; x_wconf 90' lang='lat' dir='ltr'><strong>nomen</strong></span> <span class='ocrx_word' id='word_1_568' title='bbox 3252 1272 3324 1326; x_wconf 88' lang='lat' dir='ltr'><strong>ad</strong></span> <span class='ocrx_word' id='word_1_569' title='bbox 3375 1273 3763 1342; x_wconf 88' lang='lat' dir='ltr'><strong>Baptismum,</strong></span> <span class='ocrx_word' id='word_1_570' title='bbox 3798 1279 3858 1329; x_wconf 89' lang='lat' dir='ltr'><strong>et</strong></span> 
     </span>
    </p>
   </div>
   <div class='ocr_carea' id='block_1_84' title="bbox 2206 1345 3856 1426">
    <p class='ocr_par' dir='ltr' id='par_1_84' title="bbox 2206 1345 3856 1426">
     <span class='ocr_line' id='line_1_84' title="bbox 2206 1345 3856 1426; baseline 0.006 -28"><span class='ocrx_word' id='word_1_571' title='bbox 2206 1345 2392 1426; x_wconf 90' lang='lat' dir='ltr'><strong>pridie</strong></span> <span class='ocrx_word' id='word_1_572' title='bbox 2424 1361 2594 1416; x_wconf 91' lang='lat' dir='ltr'><strong>quam</strong></span> <span class='ocrx_word' id='word_1_573' title='bbox 2629 1346 3031 1418; x_wconf 64' lang='lat' dir='ltr'><strong>baptiznretur,</strong></span> <span class='ocrx_word' id='word_1_574' title='bbox 3054 1351 3114 1404; x_wconf 91' lang='lat' dir='ltr'><strong>in</strong></span> <span class='ocrx_word' id='word_1_575' title='bbox 3139 1353 3360 1407; x_wconf 88' lang='lat' dir='ltr'><strong>somnis</strong></span> <span class='ocrx_word' id='word_1_576' title='bbox 3384 1370 3417 1408; x_wconf 88' lang='lat' dir='ltr'><strong>a</strong></span> <span class='ocrx_word' id='word_1_577' title='bbox 3448 1355 3647 1424; x_wconf 89' lang='lat' dir='ltr'><strong>pueris</strong></span> <span class='ocrx_word' id='word_1_578' title='bbox 3669 1355 3856 1426; x_wconf 81' lang='lat' dir='ltr'><strong>nigris</strong></span> 
     </span>
    </p>
   </div>
   <div class='ocr_carea' id='block_1_85' title="bbox 2207 1425 3856 1505">
    <p class='ocr_par' dir='ltr' id='par_1_85' title="bbox 2207 1425 3856 1505">
     <span class='ocr_line' id='line_1_85' title="bbox 2207 1425 3856 1505; baseline 0.007 -25"><span class='ocrx_word' id='word_1_579' title='bbox 2207 1425 2432 1480; x_wconf 83' lang='lat' dir='ltr'><strong>cirratis</strong></span> <span class='ocrx_word' id='word_1_580' title='bbox 2457 1426 2499 1494; x_wconf 90' lang='grc'><strong>²,</strong></span> <span class='ocrx_word' id='word_1_581' title='bbox 2532 1443 2677 1498; x_wconf 91' lang='lat' dir='ltr'><strong>quos</strong></span> <span class='ocrx_word' id='word_1_582' title='bbox 2706 1428 3064 1499; x_wconf 83' lang='lat' dir='ltr'><strong>intelligebat</strong></span> <span class='ocrx_word' id='word_1_583' title='bbox 3099 1432 3414 1503; x_wconf 65' lang='lat' dir='ltr'><strong>daemones,</strong></span> <span class='ocrx_word' id='word_1_584' title='bbox 3447 1435 3725 1505; x_wconf 89' lang='lat' dir='ltr'><strong>baptizari</strong></span> <span class='ocrx_word' id='word_1_585' title='bbox 3740 1425 3856 1491; x_wconf 15' lang='lat' dir='ltr'><strong>leo-</strong></span> 
     </span>
    </p>
   </div>
   <div class='ocr_carea' id='block_1_86' title="bbox 2206 1507 3854 1586">
    <p class='ocr_par' dir='ltr' id='par_1_86' title="bbox 2206 1507 3854 1586">
     <span class='ocr_line' id='line_1_86' title="bbox 2206 1507 3854 1586; baseline 0.007 -25"><span class='ocrx_word' id='word_1_586' title='bbox 2206 1507 2338 1561; x_wconf 90' lang='lat' dir='ltr'><strong>dem</strong></span> <span class='ocrx_word' id='word_1_587' title='bbox 2371 1524 2521 1562; x_wconf 87' lang='lat' dir='ltr'><strong>anno</strong></span> <span class='ocrx_word' id='word_1_588' title='bbox 2555 1507 2884 1578; x_wconf 89' lang='lat' dir='ltr'><strong>prohibitus</strong></span> <span class='ocrx_word' id='word_1_589' title='bbox 2919 1511 3146 1575; x_wconf 83' lang='lat' dir='ltr'><strong>fuisset,</strong></span> <span class='ocrx_word' id='word_1_590' title='bbox 3179 1512 3376 1582; x_wconf 87' lang='lat' dir='ltr'><strong>eisque</strong></span> <span class='ocrx_word' id='word_1_591' title='bbox 3404 1531 3516 1569; x_wconf 91' lang='lat' dir='ltr'><strong>non</strong></span> <span class='ocrx_word' id='word_1_592' title='bbox 3551 1517 3854 1586; x_wconf 83' lang='lat' dir='ltr'><strong>obtempe-</strong></span> 
     </span>
    </p>
   </div>
   <div class='ocr_carea' id='block_1_87' title="bbox 2206 1587 3856 1665">
    <p class='ocr_par' dir='ltr' id='par_1_87' title="bbox 2206 1587 3856 1665">
     <span class='ocr_line' id='line_1_87' title="bbox 2206 1587 3856 1665; baseline 0.007 -24"><span class='ocrx_word' id='word_1_593' title='bbox 2206 1604 2438 1660; x_wconf 89' lang='lat' dir='ltr'><strong>perans,</strong></span> <span class='ocrx_word' id='word_1_594' title='bbox 2471 1587 2643 1643; x_wconf 88' lang='lat' dir='ltr'><strong>etiam</strong></span> <span class='ocrx_word' id='word_1_595' title='bbox 2669 1589 3142 1648; x_wconf 84' lang='lat' dir='ltr'><strong>concultantibus</strong></span> <span class='ocrx_word' id='word_1_596' title='bbox 3166 1595 3338 1663; x_wconf 91' lang='lat' dir='ltr'><strong>pedes</strong></span> <span class='ocrx_word' id='word_1_597' title='bbox 3359 1595 3487 1665; x_wconf 90' lang='lat' dir='ltr'><strong>ejus</strong></span> <span class='ocrx_word' id='word_1_598' title='bbox 3512 1597 3568 1649; x_wconf 88' lang='lat' dir='ltr'><strong>in</strong></span> <span class='ocrx_word' id='word_1_599' title='bbox 3593 1596 3856 1652; x_wconf 85' lang='lat' dir='ltr'><strong>dolorem</strong></span> 
     </span>
    </p>
   </div>
   <div class='ocr_carea' id='block_1_88' title="bbox 2205 1671 3856 1744">
    <p class='ocr_par' dir='ltr' id='par_1_88' title="bbox 2205 1671 3856 1744">
     <span class='ocr_line' id='line_1_88' title="bbox 2205 1671 3856 1744; baseline 0.005 -22"><span class='ocrx_word' id='word_1_600' title='bbox 2205 1671 2579 1736; x_wconf 90' lang='lat' dir='ltr'><strong>acerrimum,</strong></span> <span class='ocrx_word' id='word_1_601' title='bbox 2612 1671 2844 1741; x_wconf 89' lang='lat' dir='ltr'><strong>qualem</strong></span> <span class='ocrx_word' id='word_1_602' title='bbox 2876 1688 3175 1744; x_wconf 88' lang='lat' dir='ltr'><strong>nunquam</strong></span> <span class='ocrx_word' id='word_1_603' title='bbox 3203 1680 3476 1743; x_wconf 78' lang='lat' dir='ltr'><strong>expertus</strong></span> <span class='ocrx_word' id='word_1_604' title='bbox 3499 1681 3610 1741; x_wconf 89' lang='lat' dir='ltr'><strong>est,</strong></span> <span class='ocrx_word' id='word_1_605' title='bbox 3641 1676 3789 1732; x_wconf 85' lang='lat' dir='ltr'><strong>isset</strong></span> <span class='ocrx_word' id='word_1_606' title='bbox 3809 1676 3856 1744; x_wconf 82' lang='lat'><strong>3,</strong></span> 
     </span>
    </p>
   </div>
   <div class='ocr_carea' id='block_1_89' title="bbox 2205 1749 3859 1826">
    <p class='ocr_par' dir='ltr' id='par_1_89' title="bbox 2205 1749 3859 1826">
     <span class='ocr_line' id='line_1_89' title="bbox 2205 1749 3859 1826; baseline 0.005 -25"><span class='ocrx_word' id='word_1_607' title='bbox 2205 1749 2505 1820; x_wconf 81' lang='lat' dir='ltr'><strong>magisque</strong></span> <span class='ocrx_word' id='word_1_608' title='bbox 2545 1766 2644 1805; x_wconf 90' lang='lat' dir='ltr'><strong>eos</strong></span> <span class='ocrx_word' id='word_1_609' title='bbox 2692 1751 2930 1806; x_wconf 90' lang='lat' dir='ltr'><strong>vincens</strong></span> <span class='ocrx_word' id='word_1_610' title='bbox 2982 1752 3204 1809; x_wconf 84' lang='lat' dir='ltr'><strong>lavacro</strong></span> <span class='ocrx_word' id='word_1_611' title='bbox 3253 1755 3731 1826; x_wconf 84' lang='lat' dir='ltr'><strong>regenerationis,</strong></span> <span class='ocrx_word' id='word_1_612' title='bbox 3792 1763 3859 1810; x_wconf 87' lang='lat' dir='ltr'><strong>ut</strong></span> 
     </span>
    </p>
   </div>
   <div class='ocr_carea' id='block_1_90' title="bbox 2204 1829 3856 1908">
    <p class='ocr_par' dir='ltr' id='par_1_90' title="bbox 2204 1829 3856 1908">
     <span class='ocr_line' id='line_1_90' title="bbox 2204 1829 3856 1908; baseline 0.005 -25"><span class='ocrx_word' id='word_1_613' title='bbox 2204 1834 2448 1895; x_wconf 87' lang='lat' dir='ltr'><strong>voverat,</strong></span> <span class='ocrx_word' id='word_1_614' title='bbox 2483 1829 2639 1885; x_wconf 90' lang='lat' dir='ltr'><strong>ablui</strong></span> <span class='ocrx_word' id='word_1_615' title='bbox 2683 1847 2796 1886; x_wconf 91' lang='lat' dir='ltr'><strong>non</strong></span> <span class='ocrx_word' id='word_1_616' title='bbox 2847 1832 3197 1898; x_wconf 89' lang='lat' dir='ltr'><strong>distulisset,</strong></span> <span class='ocrx_word' id='word_1_617' title='bbox 3229 1835 3286 1890; x_wconf 90' lang='lat' dir='ltr'><strong>in</strong></span> <span class='ocrx_word' id='word_1_618' title='bbox 3335 1835 3677 1905; x_wconf 82' lang='lat' dir='ltr'><strong>Baptismate</strong></span> <span class='ocrx_word' id='word_1_619' title='bbox 3727 1839 3856 1908; x_wconf 83' lang='lat' dir='ltr'><strong>ipso</strong></span> 
     </span>
    </p>
   </div>
   <div class='ocr_carea' id='block_1_91' title="bbox 2209 1909 3856 1984">
    <p class='ocr_par' dir='ltr' id='par_1_91' title="bbox 2209 1909 3856 1984">
     <span class='ocr_line' id='line_1_91' title="bbox 2209 1909 3856 1984; baseline 0.005 -20"><span class='ocrx_word' id='word_1_620' title='bbox 2209 1924 2322 1964; x_wconf 89' lang='lat' dir='ltr'><strong>non</strong></span> <span class='ocrx_word' id='word_1_621' title='bbox 2355 1909 2544 1964; x_wconf 87' lang='lat' dir='ltr'><strong>solum</strong></span> <span class='ocrx_word' id='word_1_622' title='bbox 2578 1910 2794 1976; x_wconf 90' lang='lat' dir='ltr'><strong>dolore,</strong></span> <span class='ocrx_word' id='word_1_623' title='bbox 2827 1929 2944 1983; x_wconf 89' lang='lat' dir='ltr'><strong>quo</strong></span> <span class='ocrx_word' id='word_1_624' title='bbox 2985 1915 3138 1969; x_wconf 89' lang='lat' dir='ltr'><strong>ultra</strong></span> <span class='ocrx_word' id='word_1_625' title='bbox 3169 1915 3400 1970; x_wconf 86' lang='lat' dir='ltr'><strong>solitum</strong></span> <span class='ocrx_word' id='word_1_626' title='bbox 3453 1918 3856 1984; x_wconf 83' lang='lat' dir='ltr'><strong>cruciabatur,</strong></span> 
     </span>
    </p>
   </div>
   <div class='ocr_carea' id='block_1_92' title="bbox 2203 1989 3856 2069">
    <p class='ocr_par' dir='ltr' id='par_1_92' title="bbox 2203 1989 3856 2069">
     <span class='ocr_line' id='line_1_92' title="bbox 2203 1989 3856 2069; baseline 0.006 -25"><span class='ocrx_word' id='word_1_627' title='bbox 2203 2005 2403 2044; x_wconf 88' lang='lat' dir='ltr'><strong>verum</strong></span> <span class='ocrx_word' id='word_1_628' title='bbox 2437 1989 2604 2044; x_wconf 88' lang='lat' dir='ltr'><strong>etiam</strong></span> <span class='ocrx_word' id='word_1_629' title='bbox 2642 1991 2896 2064; x_wconf 88' lang='lat' dir='ltr'><strong>podagra</strong></span> <span class='ocrx_word' id='word_1_630' title='bbox 2940 1995 3216 2063; x_wconf 87' lang='lat' dir='ltr'><strong>caruisse,</strong></span> <span class='ocrx_word' id='word_1_631' title='bbox 3259 2012 3362 2052; x_wconf 91' lang='lat' dir='ltr'><strong>nec</strong></span> <span class='ocrx_word' id='word_1_632' title='bbox 3404 1999 3689 2069; x_wconf 86' lang='lat' dir='ltr'><strong>amplius,</strong></span> <span class='ocrx_word' id='word_1_633' title='bbox 3720 2015 3856 2054; x_wconf 89' lang='lat' dir='ltr'><strong>cum</strong></span> 
     </span>
    </p>
   </div>
   <div class='ocr_carea' id='block_1_93' title="bbox 2204 2074 3857 2149">
    <p class='ocr_par' dir='ltr' id='par_1_93' title="bbox 2204 2074 3857 2149">
     <span class='ocr_line' id='line_1_93' title="bbox 2204 2074 3857 2149; baseline 0.003 -20"><span class='ocrx_word' id='word_1_634' title='bbox 2204 2076 2304 2130; x_wconf 90' lang='lat' dir='ltr'><strong>diu</strong></span> <span class='ocrx_word' id='word_1_635' title='bbox 2338 2079 2540 2144; x_wconf 89' lang='lat' dir='ltr'><strong>postea</strong></span> <span class='ocrx_word' id='word_1_636' title='bbox 2569 2074 2820 2141; x_wconf 82' lang='lat' dir='ltr'><strong>vixisset,</strong></span> <span class='ocrx_word' id='word_1_637' title='bbox 2854 2076 3027 2146; x_wconf 81' lang='lat' dir='ltr'><strong>pedes</strong></span> <span class='ocrx_word' id='word_1_638' title='bbox 3050 2076 3308 2133; x_wconf 89' lang='lat' dir='ltr'><strong>doluisse</strong></span> <span class='ocrx_word' id='word_1_639' title='bbox 3326 2081 3460 2149; x_wconf 85' lang='lat' dir='ltr'><strong>quis</strong></span> <span class='ocrx_word' id='word_1_640' title='bbox 3489 2081 3648 2135; x_wconf 88' lang='lat' dir='ltr'><strong>novit</strong></span> <span class='ocrx_word' id='word_1_641' title='bbox 3677 2080 3705 2134; x_wconf 79' lang='lat' dir='ltr'><strong>‘I</strong></span> <span class='ocrx_word' id='word_1_642' title='bbox 3738 2085 3857 2135; x_wconf 85' lang='lat' dir='ltr'><strong>Nos</strong></span> 
     </span>
    </p>
   </div>
   <div class='ocr_carea' id='block_1_94' title="bbox 2203 2155 3853 2231">
    <p class='ocr_par' dir='ltr' id='par_1_94' title="bbox 2203 2155 3853 2231">
     <span class='ocr_line' id='line_1_94' title="bbox 2203 2155 3853 2231; baseline 0.003 -20"><span class='ocrx_word' id='word_1_643' title='bbox 2203 2162 2398 2212; x_wconf 90' lang='lat' dir='ltr'><strong>tamen</strong></span> <span class='ocrx_word' id='word_1_644' title='bbox 2451 2155 2743 2223; x_wconf 89' lang='lat' dir='ltr'><strong>novimus,</strong></span> <span class='ocrx_word' id='word_1_645' title='bbox 2778 2161 2835 2210; x_wconf 91' lang='lat' dir='ltr'><strong>et</strong></span> <span class='ocrx_word' id='word_1_646' title='bbox 2883 2156 3222 2226; x_wconf 88' lang='lat' dir='ltr'><strong>paucissimi</strong></span> <span class='ocrx_word' id='word_1_647' title='bbox 3257 2159 3460 2215; x_wconf 83' lang='lat' dir='ltr'><strong>fratres</strong></span> <span class='ocrx_word' id='word_1_648' title='bbox 3499 2160 3570 2214; x_wconf 91' lang='lat' dir='ltr'><strong>ad</strong></span> <span class='ocrx_word' id='word_1_649' title='bbox 3598 2177 3744 2231; x_wconf 88' lang='lat' dir='ltr'><strong>quos</strong></span> <span class='ocrx_word' id='word_1_650' title='bbox 3796 2163 3853 2216; x_wconf 93' lang='lat' dir='ltr'><strong>id</strong></span> 
     </span>
    </p>
   </div>
   <div class='ocr_carea' id='block_1_95' title="bbox 2205 2237 2742 2310">
    <p class='ocr_par' dir='ltr' id='par_1_95' title="bbox 2205 2237 2742 2310">
     <span class='ocr_line' id='line_1_95' title="bbox 2205 2237 2742 2310; baseline 0.002 -18"><span class='ocrx_word' id='word_1_651' title='bbox 2205 2237 2395 2310; x_wconf 89' lang='lat' dir='ltr'><strong>potuit</strong></span> <span class='ocrx_word' id='word_1_652' title='bbox 2426 2237 2742 2306; x_wconf 84' lang='lat' dir='ltr'><strong>pervenire.</strong></span> 
     </span>
    </p>
   </div>
   <div class='ocr_carea' id='block_1_96' title="bbox 2271 2315 3854 2389">
    <p class='ocr_par' dir='ltr' id='par_1_96' title="bbox 2271 2315 3854 2389">
     <span class='ocr_line' id='line_1_96' title="bbox 2271 2315 3854 2389; baseline 0.003 -15"><span class='ocrx_word' id='word_1_653' title='bbox 2271 2319 2327 2374; x_wconf 88' lang='lat'><strong>5.</strong></span> <span class='ocrx_word' id='word_1_654' title='bbox 2360 2319 2442 2372; x_wconf 76' lang='lat' dir='ltr'><strong>Ex</strong></span> <span class='ocrx_word' id='word_1_655' title='bbox 2474 2316 2648 2372; x_wconf 88' lang='lat' dir='ltr'><strong>mimo</strong></span> <span class='ocrx_word' id='word_1_656' title='bbox 2670 2315 2694 2350; x_wconf 78' lang='grc'><strong>⁴</strong></span> <span class='ocrx_word' id='word_1_657' title='bbox 2723 2319 2962 2388; x_wconf 92' lang='lat' dir='ltr'><strong>quidam</strong></span> <span class='ocrx_word' id='word_1_658' title='bbox 3004 2318 3422 2389; x_wconf 88' lang='lat' dir='ltr'><strong>Curubitanus,</strong></span> <span class='ocrx_word' id='word_1_659' title='bbox 3456 2337 3570 2378; x_wconf 86' lang='lat' dir='ltr'><strong>non</strong></span> <span class='ocrx_word' id='word_1_660' title='bbox 3603 2324 3796 2378; x_wconf 86' lang='lat' dir='ltr'><strong>solum</strong></span> <span class='ocrx_word' id='word_1_661' title='bbox 3823 2341 3854 2378; x_wconf 85' lang='lat' dir='ltr'><strong>a</strong></span> 
     </span>
    </p>
   </div>
   <div class='ocr_carea' id='block_1_97' title="bbox 2203 2397 3852 2475">
    <p class='ocr_par' dir='ltr' id='par_1_97' title="bbox 2203 2397 3852 2475">
     <span class='ocr_line' id='line_1_97' title="bbox 2203 2397 3852 2475; baseline 0.002 -21"><span class='ocrx_word' id='word_1_662' title='bbox 2203 2398 2480 2472; x_wconf 83' lang='lat' dir='ltr'><strong>paralysi,</strong></span> <span class='ocrx_word' id='word_1_663' title='bbox 2515 2413 2716 2453; x_wconf 90' lang='lat' dir='ltr'><strong>verum</strong></span> <span class='ocrx_word' id='word_1_664' title='bbox 2749 2397 2920 2453; x_wconf 89' lang='lat' dir='ltr'><strong>etiam</strong></span> <span class='ocrx_word' id='word_1_665' title='bbox 2955 2399 3026 2454; x_wconf 90' lang='lat' dir='ltr'><strong>ab</strong></span> <span class='ocrx_word' id='word_1_666' title='bbox 3059 2399 3294 2455; x_wconf 80' lang='lat' dir='ltr'><strong>informi</strong></span> <span class='ocrx_word' id='word_1_667' title='bbox 3331 2403 3584 2470; x_wconf 89' lang='lat' dir='ltr'><strong>pondere</strong></span> <span class='ocrx_word' id='word_1_668' title='bbox 3623 2403 3852 2475; x_wconf 87' lang='lat' dir='ltr'><strong>genita-</strong></span> 
     </span>
    </p>
   </div>
   <div class='ocr_carea' id='block_1_98' title="bbox 2204 2477 3855 2549">
    <p class='ocr_par' dir='ltr' id='par_1_98' title="bbox 2204 2477 3855 2549">
     <span class='ocr_line' id='line_1_98' title="bbox 2204 2477 3855 2549; baseline 0.002 -16"><span class='ocrx_word' id='word_1_669' title='bbox 2204 2479 2370 2544; x_wconf 91' lang='lat' dir='ltr'><strong>lium,</strong></span> <span class='ocrx_word' id='word_1_670' title='bbox 2404 2494 2536 2532; x_wconf 91' lang='lat' dir='ltr'><strong>cum</strong></span> <span class='ocrx_word' id='word_1_671' title='bbox 2586 2477 2994 2547; x_wconf 87' lang='lat' dir='ltr'><strong>baptizaretur,</strong></span> <span class='ocrx_word' id='word_1_672' title='bbox 3050 2479 3241 2534; x_wconf 90' lang='lat' dir='ltr'><strong>salvus</strong></span> <span class='ocrx_word' id='word_1_673' title='bbox 3270 2481 3506 2536; x_wconf 77' lang='lat' dir='ltr'><strong>ell’ectus</strong></span> <span class='ocrx_word' id='word_1_674' title='bbox 3538 2489 3668 2549; x_wconf 88' lang='lat' dir='ltr'><strong>est;</strong></span> <span class='ocrx_word' id='word_1_675' title='bbox 3703 2490 3761 2537; x_wconf 92' lang='lat' dir='ltr'><strong>et</strong></span> <span class='ocrx_word' id='word_1_676' title='bbox 3792 2483 3855 2537; x_wconf 91' lang='lat' dir='ltr'><strong>li-</strong></span> 
     </span>
    </p>
   </div>
   <div class='ocr_carea' id='block_1_99' title="bbox 2204 2558 3855 2630">
    <p class='ocr_par' dir='ltr' id='par_1_99' title="bbox 2204 2558 3855 2630">
     <span class='ocr_line' id='line_1_99' title="bbox 2204 2558 3855 2630; baseline 0.002 -15"><span class='ocrx_word' id='word_1_677' title='bbox 2204 2559 2438 2615; x_wconf 89' lang='lat' dir='ltr'><strong>beratus</strong></span> <span class='ocrx_word' id='word_1_678' title='bbox 2471 2565 2714 2626; x_wconf 88' lang='lat' dir='ltr'><strong>utraque</strong></span> <span class='ocrx_word' id='word_1_679' title='bbox 2748 2558 3032 2625; x_wconf 84' lang='lat' dir='ltr'><strong>molestia,</strong></span> <span class='ocrx_word' id='word_1_680' title='bbox 3068 2565 3350 2630; x_wconf 88' lang='lat' dir='ltr'><strong>tanquam</strong></span> <span class='ocrx_word' id='word_1_681' title='bbox 3387 2561 3521 2616; x_wconf 88' lang='lat' dir='ltr'><strong>mali</strong></span> <span class='ocrx_word' id='word_1_682' title='bbox 3574 2562 3724 2616; x_wconf 87' lang='lat' dir='ltr'><strong>nihil</strong></span> <span class='ocrx_word' id='word_1_683' title='bbox 3761 2563 3855 2618; x_wconf 88' lang='lat' dir='ltr'><strong>ha-</strong></span> 
     </span>
    </p>
   </div>
   <div class='ocr_carea' id='block_1_100' title="bbox 2204 2638 3849 2710">
    <p class='ocr_par' dir='ltr' id='par_1_100' title="bbox 2204 2638 3849 2710">
     <span class='ocr_line' id='line_1_100' title="bbox 2204 2638 3849 2710; baseline 0.005 -16"><span class='ocrx_word' id='word_1_684' title='bbox 2204 2640 2429 2695; x_wconf 86' lang='lat' dir='ltr'><strong>buisset</strong></span> <span class='ocrx_word' id='word_1_685' title='bbox 2449 2638 2508 2692; x_wconf 91' lang='lat' dir='ltr'><strong>in</strong></span> <span class='ocrx_word' id='word_1_686' title='bbox 2535 2654 2794 2708; x_wconf 90' lang='lat' dir='ltr'><strong>corpore,</strong></span> <span class='ocrx_word' id='word_1_687' title='bbox 2817 2639 2887 2692; x_wconf 92' lang='lat' dir='ltr'><strong>de</strong></span> <span class='ocrx_word' id='word_1_688' title='bbox 2910 2641 3064 2694; x_wconf 89' lang='lat' dir='ltr'><strong>fonte</strong></span> <span class='ocrx_word' id='word_1_689' title='bbox 3087 2641 3541 2710; x_wconf 87' lang='lat' dir='ltr'><strong>regenerationis</strong></span> <span class='ocrx_word' id='word_1_690' title='bbox 3564 2645 3849 2702; x_wconf 88' lang='lat' dir='ltr'><strong>ascendit.</strong></span> 
     </span>
    </p>
   </div>
   <div class='ocr_carea' id='block_1_101' title="bbox 2201 2717 3849 2792">
    <p class='ocr_par' dir='ltr' id='par_1_101' title="bbox 2201 2717 3849 2792">
     <span class='ocr_line' id='line_1_101' title="bbox 2201 2717 3849 2792; baseline 0.002 -18"><span class='ocrx_word' id='word_1_691' title='bbox 2201 2723 2340 2786; x_wconf 86' lang='lat' dir='ltr'><strong>Quis</strong></span> <span class='ocrx_word' id='word_1_692' title='bbox 2373 2717 2481 2773; x_wconf 90' lang='lat' dir='ltr'><strong>hoc</strong></span> <span class='ocrx_word' id='word_1_693' title='bbox 2516 2724 2719 2788; x_wconf 68' lang='lat' dir='ltr'><strong>praeter</strong></span> <span class='ocrx_word' id='word_1_694' title='bbox 2748 2717 3027 2774; x_wconf 86' lang='lat' dir='ltr'><strong>Curubim</strong></span> <span class='ocrx_word' id='word_1_695' title='bbox 3073 2721 3250 2788; x_wconf 87' lang='lat' dir='ltr'><strong>novit,</strong></span> <span class='ocrx_word' id='word_1_696' title='bbox 3283 2726 3341 2776; x_wconf 89' lang='lat' dir='ltr'><strong>et</strong></span> <span class='ocrx_word' id='word_1_697' title='bbox 3374 2728 3578 2792; x_wconf 68' lang='lat' dir='ltr'><strong>praeter</strong></span> <span class='ocrx_word' id='word_1_698' title='bbox 3609 2724 3849 2778; x_wconf 82' lang='lat' dir='ltr'><strong>rarissi-</strong></span> 
     </span>
    </p>
   </div>
   <div class='ocr_carea' id='block_1_102' title="bbox 2203 2799 3852 2873">
    <p class='ocr_par' dir='ltr' id='par_1_102' title="bbox 2203 2799 3852 2873">
     <span class='ocr_line' id='line_1_102' title="bbox 2203 2799 3852 2873; baseline 0.002 -17"><span class='ocrx_word' id='word_1_699' title='bbox 2203 2819 2328 2856; x_wconf 89' lang='lat' dir='ltr'><strong>mos</strong></span> <span class='ocrx_word' id='word_1_700' title='bbox 2359 2801 2586 2872; x_wconf 90' lang='lat' dir='ltr'><strong>aliquos</strong></span> <span class='ocrx_word' id='word_1_701' title='bbox 2617 2801 2712 2868; x_wconf 90' lang='lat' dir='ltr'><strong>qui</strong></span> <span class='ocrx_word' id='word_1_702' title='bbox 2740 2802 2843 2855; x_wconf 89' lang='lat' dir='ltr'><strong>hoc</strong></span> <span class='ocrx_word' id='word_1_703' title='bbox 2876 2799 3233 2872; x_wconf 87' lang='lat' dir='ltr'><strong>ubicumque</strong></span> <span class='ocrx_word' id='word_1_704' title='bbox 3266 2802 3466 2857; x_wconf 88' lang='lat' dir='ltr'><strong>audire</strong></span> <span class='ocrx_word' id='word_1_705' title='bbox 3491 2805 3852 2873; x_wconf 85' lang='lat' dir='ltr'><strong>potuerunt?</strong></span> 
     </span>
    </p>
   </div>
   <div class='ocr_carea' id='block_1_103' title="bbox 2200 2879 3853 2954">
    <p class='ocr_par' dir='ltr' id='par_1_103' title="bbox 2200 2879 3853 2954">
     <span class='ocr_line' id='line_1_103' title="bbox 2200 2879 3853 2954; baseline 0.004 -17"><span class='ocrx_word' id='word_1_706' title='bbox 2200 2882 2314 2937; x_wconf 89' lang='lat' dir='ltr'><strong>Nos</strong></span> <span class='ocrx_word' id='word_1_707' title='bbox 2344 2887 2537 2936; x_wconf 88' lang='lat' dir='ltr'><strong>autem</strong></span> <span class='ocrx_word' id='word_1_708' title='bbox 2567 2897 2696 2935; x_wconf 92' lang='lat' dir='ltr'><strong>cum</strong></span> <span class='ocrx_word' id='word_1_709' title='bbox 2721 2879 2830 2934; x_wconf 87' lang='lat' dir='ltr'><strong>hoc</strong></span> <span class='ocrx_word' id='word_1_710' title='bbox 2853 2883 3627 2954; x_wconf 87' lang='lat' dir='ltr'><strong>comperissemus,jubente</strong></span> <span class='ocrx_word' id='word_1_711' title='bbox 3647 2892 3853 2943; x_wconf 80' lang='lat' dir='ltr'><strong>sancto</strong></span> 
     </span>
    </p>
   </div>
   <div class='ocr_carea' id='block_1_104' title="bbox 2199 2959 3853 3035">
    <p class='ocr_par' dir='ltr' id='par_1_104' title="bbox 2199 2959 3853 3035">
     <span class='ocr_line' id='line_1_104' title="bbox 2199 2959 3853 3035; baseline 0.002 -19"><span class='ocrx_word' id='word_1_712' title='bbox 2199 2961 2468 3031; x_wconf 88' lang='lat' dir='ltr'><strong>episcopo</strong></span> <span class='ocrx_word' id='word_1_713' title='bbox 2499 2959 2747 3029; x_wconf 84' lang='lat' dir='ltr'><strong>Aurelio,</strong></span> <span class='ocrx_word' id='word_1_714' title='bbox 2779 2961 2952 3015; x_wconf 88' lang='lat' dir='ltr'><strong>etiam</strong></span> <span class='ocrx_word' id='word_1_715' title='bbox 2985 2967 3048 3015; x_wconf 88' lang='lat' dir='ltr'><strong>ut</strong></span> <span class='ocrx_word' id='word_1_716' title='bbox 3078 2963 3294 3017; x_wconf 88' lang='lat' dir='ltr'><strong>veniret</strong></span> <span class='ocrx_word' id='word_1_717' title='bbox 3327 2963 3734 3035; x_wconf 85' lang='lat' dir='ltr'><strong>Carthaginem</strong></span> <span class='ocrx_word' id='word_1_718' title='bbox 3763 2967 3853 3021; x_wconf 85' lang='lat' dir='ltr'><strong>fe-</strong></span> 
     </span>
    </p>
   </div>
   <div class='ocr_carea' id='block_1_105' title="bbox 2199 3040 3852 3116">
    <p class='ocr_par' dir='ltr' id='par_1_105' title="bbox 2199 3040 3852 3116">
     <span class='ocr_line' id='line_1_105' title="bbox 2199 3040 3852 3116; baseline 0.004 -21"><span class='ocrx_word' id='word_1_719' title='bbox 2199 3040 2433 3096; x_wconf 89' lang='lat' dir='ltr'><strong>cimus:</strong></span> <span class='ocrx_word' id='word_1_720' title='bbox 2483 3041 2750 3108; x_wconf 89' lang='lat' dir='ltr'><strong>quamvis</strong></span> <span class='ocrx_word' id='word_1_721' title='bbox 2791 3057 2824 3094; x_wconf 93' lang='lat' dir='ltr'><strong>a</strong></span> <span class='ocrx_word' id='word_1_722' title='bbox 2871 3042 3088 3097; x_wconf 85' lang='lat' dir='ltr'><strong>talibus</strong></span> <span class='ocrx_word' id='word_1_723' title='bbox 3135 3045 3298 3112; x_wconf 90' lang='lat' dir='ltr'><strong>prius</strong></span> <span class='ocrx_word' id='word_1_724' title='bbox 3345 3045 3728 3116; x_wconf 86' lang='lat' dir='ltr'><strong>audierimus,</strong></span> <span class='ocrx_word' id='word_1_725' title='bbox 3780 3047 3852 3103; x_wconf 90' lang='lat' dir='ltr'><strong>de</strong></span> 
     </span>
    </p>
   </div>
   <div class='ocr_carea' id='block_1_106' title="bbox 2200 3119 3392 3193">
    <p class='ocr_par' dir='ltr' id='par_1_106' title="bbox 2200 3119 3392 3193">
     <span class='ocr_line' id='line_1_106' title="bbox 2200 3119 3392 3193; baseline 0.004 -20"><span class='ocrx_word' id='word_1_726' title='bbox 2200 3136 2448 3193; x_wconf 85' lang='lat' dir='ltr'><strong>quorum</strong></span> <span class='ocrx_word' id='word_1_727' title='bbox 2473 3121 2584 3174; x_wconf 84' lang='lat' dir='ltr'><strong>lida</strong></span> <span class='ocrx_word' id='word_1_728' title='bbox 2616 3119 2884 3175; x_wconf 90' lang='lat' dir='ltr'><strong>dubitare</strong></span> <span class='ocrx_word' id='word_1_729' title='bbox 2923 3138 3035 3176; x_wconf 88' lang='lat' dir='ltr'><strong>non</strong></span> <span class='ocrx_word' id='word_1_730' title='bbox 3071 3139 3392 3193; x_wconf 87' lang='lat' dir='ltr'><strong>possemus.</strong></span> 
     </span>
    </p>
   </div>
   <div class='ocr_carea' id='block_1_107' title="bbox 2267 3200 3849 3274">
    <p class='ocr_par' dir='ltr' id='par_1_107' title="bbox 2267 3200 3849 3274">
     <span class='ocr_line' id='line_1_107' title="bbox 2267 3200 3849 3274; baseline 0.006 -20"><span class='ocrx_word' id='word_1_731' title='bbox 2267 3201 2321 3255; x_wconf 86' lang='lat'><strong>6.</strong></span> <span class='ocrx_word' id='word_1_732' title='bbox 2357 3200 2451 3255; x_wconf 87' lang='lat' dir='ltr'><strong>Vir</strong></span> <span class='ocrx_word' id='word_1_733' title='bbox 2480 3200 2822 3254; x_wconf 84' lang='lat' dir='ltr'><strong>tribunitius</strong></span> <span class='ocrx_word' id='word_1_734' title='bbox 2869 3202 3179 3270; x_wconf 86' lang='lat' dir='ltr'><strong>Hesperius</strong></span> <span class='ocrx_word' id='word_1_735' title='bbox 3209 3205 3358 3274; x_wconf 91' lang='lat' dir='ltr'><strong>apud</strong></span> <span class='ocrx_word' id='word_1_736' title='bbox 3384 3203 3408 3236; x_wconf 75' lang='grc'>⁵</span> <span class='ocrx_word' id='word_1_737' title='bbox 3437 3221 3544 3260; x_wconf 92' lang='lat' dir='ltr'><strong>nos</strong></span> <span class='ocrx_word' id='word_1_738' title='bbox 3575 3209 3704 3263; x_wconf 89' lang='lat' dir='ltr'><strong>est:</strong></span> <span class='ocrx_word' id='word_1_739' title='bbox 3738 3207 3849 3263; x_wconf 82' lang='lat' dir='ltr'><strong>ha-</strong></span> 
     </span>
    </p>
   </div>
   <div class='ocr_carea' id='block_1_108' title="bbox 2197 3279 3852 3358">
    <p class='ocr_par' dir='ltr' id='par_1_108' title="bbox 2197 3279 3852 3358">
     <span class='ocr_line' id='line_1_108' title="bbox 2197 3279 3852 3358; baseline 0.002 -20"><span class='ocrx_word' id='word_1_740' title='bbox 2197 3282 2294 3338; x_wconf 89' lang='lat' dir='ltr'><strong>bet</strong></span> <span class='ocrx_word' id='word_1_741' title='bbox 2324 3281 2382 3336; x_wconf 91' lang='lat' dir='ltr'><strong>in</strong></span> <span class='ocrx_word' id='word_1_742' title='bbox 2412 3279 2696 3336; x_wconf 89' lang='lat' dir='ltr'><strong>territorio</strong></span> <span class='ocrx_word' id='word_1_743' title='bbox 2727 3281 3061 3337; x_wconf 86' lang='lat' dir='ltr'><strong>Fussalensi</strong></span> <span class='ocrx_word' id='word_1_744' title='bbox 3088 3283 3332 3338; x_wconf 90' lang='lat' dir='ltr'><strong>fundum</strong></span> <span class='ocrx_word' id='word_1_745' title='bbox 3355 3285 3571 3340; x_wconf 86' lang='lat' dir='ltr'><strong>Zubedi</strong></span> <span class='ocrx_word' id='word_1_746' title='bbox 3595 3284 3619 3319; x_wconf 80' lang='lat'><strong><em>°</em></strong></span> <span class='ocrx_word' id='word_1_747' title='bbox 3649 3288 3852 3358; x_wconf 86' lang='lat' dir='ltr'><strong>appel-</strong></span> 
     </span>
    </p>
   </div>
   <div class='ocr_carea' id='block_1_109' title="bbox 2195 3361 3847 3423">
    <p class='ocr_par' dir='ltr' id='par_1_109' title="bbox 2195 3361 3847 3423">
     <span class='ocr_line' id='line_1_109' title="bbox 2195 3361 3847 3423; baseline 0.003 -5"><span class='ocrx_word' id='word_1_748' title='bbox 2195 3361 2379 3418; x_wconf 89' lang='lat' dir='ltr'><strong>latum</strong></span> <span class='ocrx_word' id='word_1_749' title='bbox 2407 3378 2419 3417; x_wconf 94' lang='lat'><strong>:</strong></span> <span class='ocrx_word' id='word_1_750' title='bbox 2455 3361 2554 3416; x_wconf 90' lang='lat' dir='ltr'><strong>ubi</strong></span> <span class='ocrx_word' id='word_1_751' title='bbox 2587 3377 2716 3416; x_wconf 88' lang='lat' dir='ltr'><strong>cum</strong></span> <span class='ocrx_word' id='word_1_752' title='bbox 2747 3362 3057 3418; x_wconf 86' lang='lat' dir='ltr'><strong>afﬂictione</strong></span> <span class='ocrx_word' id='word_1_753' title='bbox 3088 3363 3428 3419; x_wconf 85' lang='lat' dir='ltr'><strong>animalium</strong></span> <span class='ocrx_word' id='word_1_754' title='bbox 3451 3372 3510 3420; x_wconf 89' lang='lat' dir='ltr'><strong>et</strong></span> <span class='ocrx_word' id='word_1_755' title='bbox 3538 3383 3847 3423; x_wconf 88' lang='lat' dir='ltr'><strong>servorum</strong></span> 
     </span>
    </p>
   </div>
   <div class='ocr_carea' id='block_1_110' title="bbox 2197 3441 3852 3518">
    <p class='ocr_par' dir='ltr' id='par_1_110' title="bbox 2197 3441 3852 3518">
     <span class='ocr_line' id='line_1_110' title="bbox 2197 3441 3852 3518; baseline 0.002 -18"><span class='ocrx_word' id='word_1_756' title='bbox 2197 3460 2433 3500; x_wconf 87' lang='lat' dir='ltr'><strong>suorum</strong></span> <span class='ocrx_word' id='word_1_757' title='bbox 2469 3441 2708 3497; x_wconf 91' lang='lat' dir='ltr'><strong>domum</strong></span> <span class='ocrx_word' id='word_1_758' title='bbox 2741 3459 2909 3497; x_wconf 89' lang='lat' dir='ltr'><strong>suam</strong></span> <span class='ocrx_word' id='word_1_759' title='bbox 2943 3444 3256 3514; x_wconf 89' lang='lat' dir='ltr'><strong>spirituum</strong></span> <span class='ocrx_word' id='word_1_760' title='bbox 3304 3445 3697 3518; x_wconf 77' lang='lat' dir='ltr'><strong>malignorum</strong></span> <span class='ocrx_word' id='word_1_761' title='bbox 3732 3451 3852 3504; x_wconf 86' lang='lat' dir='ltr'><strong>vim</strong></span> 
     </span>
    </p>
   </div>
   <div class='ocr_carea' id='block_1_111' title="bbox 2198 3524 3856 3595">
    <p class='ocr_par' dir='ltr' id='par_1_111' title="bbox 2198 3524 3856 3595">
     <span class='ocr_line' id='line_1_111' title="bbox 2198 3524 3856 3595; baseline 0.003 -15"><span class='ocrx_word' id='word_1_762' title='bbox 2198 3525 2430 3583; x_wconf 84' lang='lat' dir='ltr'><strong>noxiam</strong></span> <span class='ocrx_word' id='word_1_763' title='bbox 2476 3524 2692 3594; x_wconf 87' lang='lat' dir='ltr'><strong>perpeti</strong></span> <span class='ocrx_word' id='word_1_764' title='bbox 2755 3524 3159 3595; x_wconf 82' lang='lat' dir='ltr'><strong>comperisset,</strong></span> <span class='ocrx_word' id='word_1_765' title='bbox 3210 3527 3422 3595; x_wconf 76' lang='lat' dir='ltr'><strong>rogavit</strong></span> <span class='ocrx_word' id='word_1_766' title='bbox 3471 3532 3726 3594; x_wconf 83' lang='lat' dir='ltr'><strong>nostros,</strong></span> <span class='ocrx_word' id='word_1_767' title='bbox 3761 3546 3856 3585; x_wconf 85' lang='lat' dir='ltr'><strong>me</strong></span> 
     </span>
    </p>
   </div>
   <div class='ocr_carea' id='block_1_112' title="bbox 2197 3604 3856 3681">
    <p class='ocr_par' dir='ltr' id='par_1_112' title="bbox 2197 3604 3856 3681">
     <span class='ocr_line' id='line_1_112' title="bbox 2197 3604 3856 3681; baseline 0.002 -20"><span class='ocrx_word' id='word_1_768' title='bbox 2197 3607 2459 3671; x_wconf 89' lang='lat' dir='ltr'><strong>absente,</strong></span> <span class='ocrx_word' id='word_1_769' title='bbox 2501 3604 2892 3675; x_wconf 81' lang='lat' dir='ltr'><strong>presbyteros,</strong></span> <span class='ocrx_word' id='word_1_770' title='bbox 2929 3608 2991 3659; x_wconf 91' lang='lat' dir='ltr'><strong>ut</strong></span> <span class='ocrx_word' id='word_1_771' title='bbox 3031 3604 3245 3673; x_wconf 88' lang='lat' dir='ltr'><strong>aliquis</strong></span> <span class='ocrx_word' id='word_1_772' title='bbox 3275 3622 3476 3661; x_wconf 87' lang='lat' dir='ltr'><strong>eorum</strong></span> <span class='ocrx_word' id='word_1_773' title='bbox 3511 3606 3610 3662; x_wconf 88' lang='lat' dir='ltr'><strong>illo</strong></span> <span class='ocrx_word' id='word_1_774' title='bbox 3644 3625 3856 3681; x_wconf 87' lang='lat' dir='ltr'><strong>perge—</strong></span> 
     </span>
    </p>
   </div>
   <div class='ocr_carea' id='block_1_113' title="bbox 2199 3684 3858 3760">
    <p class='ocr_par' dir='ltr' id='par_1_113' title="bbox 2199 3684 3858 3760">
     <span class='ocr_line' id='line_1_113' title="bbox 2199 3684 3858 3760; baseline 0.002 -18"><span class='ocrx_word' id='word_1_775' title='bbox 2199 3695 2303 3754; x_wconf 89' lang='lat' dir='ltr'><strong>ret,</strong></span> <span class='ocrx_word' id='word_1_776' title='bbox 2333 3686 2500 3755; x_wconf 89' lang='lat' dir='ltr'><strong>cujus</strong></span> <span class='ocrx_word' id='word_1_777' title='bbox 2529 3685 2892 3740; x_wconf 89' lang='lat' dir='ltr'><strong>orationibus</strong></span> <span class='ocrx_word' id='word_1_778' title='bbox 2924 3684 3214 3742; x_wconf 89' lang='lat' dir='ltr'><strong>cederent.</strong></span> <span class='ocrx_word' id='word_1_779' title='bbox 3246 3687 3505 3742; x_wconf 86' lang='lat' dir='ltr'><strong>Perrexit</strong></span> <span class='ocrx_word' id='word_1_780' title='bbox 3544 3705 3727 3760; x_wconf 88' lang='lat' dir='ltr'><strong>unus,</strong></span> <span class='ocrx_word' id='word_1_781' title='bbox 3758 3692 3858 3746; x_wconf 87' lang='lat' dir='ltr'><strong>ob-</strong></span> 
     </span>
    </p>
   </div>
   <div class='ocr_carea' id='block_1_114' title="bbox 2197 3764 3854 3840">
    <p class='ocr_par' dir='ltr' id='par_1_114' title="bbox 2197 3764 3854 3840">
     <span class='ocr_line' id='line_1_114' title="bbox 2197 3764 3854 3840; baseline 0.002 -18"><span class='ocrx_word' id='word_1_782' title='bbox 2197 3766 2332 3822; x_wconf 87' lang='lat' dir='ltr'><strong>tulit</strong></span> <span class='ocrx_word' id='word_1_783' title='bbox 2363 3765 2441 3820; x_wconf 89' lang='lat' dir='ltr'><strong>ibi</strong></span> <span class='ocrx_word' id='word_1_784' title='bbox 2487 3764 2842 3820; x_wconf 83' lang='lat' dir='ltr'><strong>sacriﬁcium</strong></span> <span class='ocrx_word' id='word_1_785' title='bbox 2875 3766 3133 3834; x_wconf 90' lang='lat' dir='ltr'><strong>corporis</strong></span> <span class='ocrx_word' id='word_1_786' title='bbox 3183 3765 3422 3833; x_wconf 89' lang='lat' dir='ltr'><strong>Christi,</strong></span> <span class='ocrx_word' id='word_1_787' title='bbox 3455 3784 3632 3824; x_wconf 89' lang='lat' dir='ltr'><strong>orans</strong></span> <span class='ocrx_word' id='word_1_788' title='bbox 3661 3787 3854 3840; x_wconf 87' lang='lat' dir='ltr'><strong>quan-</strong></span> 
     </span>
    </p>
   </div>
   <div class='ocr_carea' id='block_1_115' title="bbox 2198 3845 3856 3920">
    <p class='ocr_par' dir='ltr' id='par_1_115' title="bbox 2198 3845 3856 3920">
     <span class='ocr_line' id='line_1_115' title="bbox 2198 3845 3856 3920; baseline 0.003 -18"><span class='ocrx_word' id='word_1_789' title='bbox 2198 3852 2322 3902; x_wconf 90' lang='lat' dir='ltr'><strong>tum</strong></span> <span class='ocrx_word' id='word_1_790' title='bbox 2359 3846 2562 3917; x_wconf 89' lang='lat' dir='ltr'><strong>potuit,</strong></span> <span class='ocrx_word' id='word_1_791' title='bbox 2607 3851 2668 3899; x_wconf 91' lang='lat' dir='ltr'><strong>ut</strong></span> <span class='ocrx_word' id='word_1_792' title='bbox 2697 3851 2950 3901; x_wconf 88' lang='lat' dir='ltr'><strong>cessaret</strong></span> <span class='ocrx_word' id='word_1_793' title='bbox 2983 3845 3084 3900; x_wconf 88' lang='lat' dir='ltr'><strong>illa</strong></span> <span class='ocrx_word' id='word_1_794' title='bbox 3135 3848 3395 3902; x_wconf 72' lang='lat' dir='ltr'><strong>ventio:</strong></span> <span class='ocrx_word' id='word_1_795' title='bbox 3430 3847 3545 3904; x_wconf 90' lang='lat' dir='ltr'><strong>Deo</strong></span> <span class='ocrx_word' id='word_1_796' title='bbox 3579 3851 3856 3920; x_wconf 84' lang='lat' dir='ltr'><strong>protinus</strong></span> 
     </span>
    </p>
   </div>
   <div class='ocr_carea' id='block_1_116' title="bbox 2201 3927 3854 3995">
    <p class='ocr_par' dir='ltr' id='par_1_116' title="bbox 2201 3927 3854 3995">
     <span class='ocr_line' id='line_1_116' title="bbox 2201 3927 3854 3995; baseline 0.004 -14"><span class='ocrx_word' id='word_1_797' title='bbox 2201 3928 2509 3981; x_wconf 87' lang='lat' dir='ltr'><strong>miserante</strong></span> <span class='ocrx_word' id='word_1_798' title='bbox 2539 3927 2805 3980; x_wconf 85' lang='lat' dir='ltr'><strong>cessavit.</strong></span> <span class='ocrx_word' id='word_1_799' title='bbox 2839 3928 3150 3995; x_wconf 84' lang='lat' dir='ltr'><strong>Acceperat</strong></span> <span class='ocrx_word' id='word_1_800' title='bbox 3191 3937 3387 3982; x_wconf 88' lang='lat' dir='ltr'><strong>autem</strong></span> <span class='ocrx_word' id='word_1_801' title='bbox 3419 3930 3489 3983; x_wconf 87' lang='lat' dir='ltr'><strong>ab</strong></span> <span class='ocrx_word' id='word_1_802' title='bbox 3521 3932 3713 3986; x_wconf 88' lang='lat' dir='ltr'><strong>amico</strong></span> <span class='ocrx_word' id='word_1_803' title='bbox 3743 3948 3854 3988; x_wconf 87' lang='lat' dir='ltr'><strong>suo</strong></span> 
     </span>
    </p>
   </div>
   <div class='ocr_carea' id='block_1_117' title="bbox 2200 4007 3853 4082">
    <p class='ocr_par' dir='ltr' id='par_1_117' title="bbox 2200 4007 3853 4082">
     <span class='ocr_line' id='line_1_117' title="bbox 2200 4007 3853 4082; baseline 0.001 -19"><span class='ocrx_word' id='word_1_804' title='bbox 2200 4012 2410 4063; x_wconf 88' lang='lat' dir='ltr'><strong>terram</strong></span> <span class='ocrx_word' id='word_1_805' title='bbox 2445 4015 2703 4061; x_wconf 89' lang='lat' dir='ltr'><strong>sanctam</strong></span> <span class='ocrx_word' id='word_1_806' title='bbox 2738 4007 2808 4062; x_wconf 90' lang='lat' dir='ltr'><strong>de</strong></span> <span class='ocrx_word' id='word_1_807' title='bbox 2835 4007 3212 4079; x_wconf 86' lang='lat' dir='ltr'><strong>Jerosolymis</strong></span> <span class='ocrx_word' id='word_1_808' title='bbox 3235 4008 3491 4074; x_wconf 81' lang='lat' dir='ltr'><strong>allatam,</strong></span> <span class='ocrx_word' id='word_1_809' title='bbox 3518 4011 3617 4065; x_wconf 90' lang='lat' dir='ltr'><strong>ubi</strong></span> <span class='ocrx_word' id='word_1_810' title='bbox 3648 4015 3853 4082; x_wconf 87' lang='lat' dir='ltr'><strong>sepul-</strong></span> 
     </span>
    </p>
   </div>
   <div class='ocr_carea' id='block_1_118' title="bbox 2201 4086 3855 4162">
    <p class='ocr_par' dir='ltr' id='par_1_118' title="bbox 2201 4086 3855 4162">
     <span class='ocr_line' id='line_1_118' title="bbox 2201 4086 3855 4162; baseline 0.002 -19"><span class='ocrx_word' id='word_1_811' title='bbox 2201 4095 2294 4143; x_wconf 92' lang='lat' dir='ltr'><strong>tus</strong></span> <span class='ocrx_word' id='word_1_812' title='bbox 2323 4087 2592 4142; x_wconf 89' lang='lat' dir='ltr'><strong>Christus</strong></span> <span class='ocrx_word' id='word_1_813' title='bbox 2623 4086 2714 4141; x_wconf 89' lang='lat' dir='ltr'><strong>die</strong></span> <span class='ocrx_word' id='word_1_814' title='bbox 2745 4086 2914 4141; x_wconf 87' lang='lat' dir='ltr'><strong>tertio</strong></span> <span class='ocrx_word' id='word_1_815' title='bbox 2955 4088 3299 4154; x_wconf 84' lang='lat' dir='ltr'><strong>resurrexit;</strong></span> <span class='ocrx_word' id='word_1_816' title='bbox 3330 4105 3581 4161; x_wconf 88' lang='lat' dir='ltr'><strong>eamque</strong></span> <span class='ocrx_word' id='word_1_817' title='bbox 3610 4107 3855 4162; x_wconf 80' lang='lat' dir='ltr'><strong>suspen-</strong></span> 
     </span>
    </p>
   </div>
   <div class='ocr_carea' id='block_1_119' title="bbox 2200 4165 3853 4242">
    <p class='ocr_par' dir='ltr' id='par_1_119' title="bbox 2200 4165 3853 4242">
     <span class='ocr_line' id='line_1_119' title="bbox 2200 4165 3853 4242; baseline 0.002 -20"><span class='ocrx_word' id='word_1_818' title='bbox 2200 4168 2364 4222; x_wconf 90' lang='lat' dir='ltr'><strong>derat</strong></span> <span class='ocrx_word' id='word_1_819' title='bbox 2395 4167 2450 4220; x_wconf 90' lang='lat' dir='ltr'><strong>in</strong></span> <span class='ocrx_word' id='word_1_820' title='bbox 2483 4165 2751 4221; x_wconf 89' lang='lat' dir='ltr'><strong>cubiculo</strong></span> <span class='ocrx_word' id='word_1_821' title='bbox 2784 4182 2909 4233; x_wconf 92' lang='lat' dir='ltr'><strong>suo,</strong></span> <span class='ocrx_word' id='word_1_822' title='bbox 2932 4182 3002 4222; x_wconf 90' lang='lat' dir='ltr'><strong>ne</strong></span> <span class='ocrx_word' id='word_1_823' title='bbox 3034 4167 3176 4237; x_wconf 90' lang='lat' dir='ltr'><strong>quid</strong></span> <span class='ocrx_word' id='word_1_824' title='bbox 3204 4167 3339 4223; x_wconf 86' lang='lat' dir='ltr'><strong>mali</strong></span> <span class='ocrx_word' id='word_1_825' title='bbox 3371 4170 3548 4224; x_wconf 87' lang='lat' dir='ltr'><strong>etiam</strong></span> <span class='ocrx_word' id='word_1_826' title='bbox 3584 4169 3710 4240; x_wconf 87' lang='lat' dir='ltr'><strong>ipse</strong></span> <span class='ocrx_word' id='word_1_827' title='bbox 3741 4187 3853 4242; x_wconf 83' lang='lat' dir='ltr'><strong>pa-</strong></span> 
     </span>
    </p>
   </div>
   <div class='ocr_carea' id='block_1_120' title="bbox 2202 4246 3855 4317">
    <p class='ocr_par' dir='ltr' id='par_1_120' title="bbox 2202 4246 3855 4317">
     <span class='ocr_line' id='line_1_120' title="bbox 2202 4246 3855 4317; baseline 0.001 -13"><span class='ocrx_word' id='word_1_828' title='bbox 2202 4253 2431 4304; x_wconf 86' lang='lat' dir='ltr'><strong>teretur.</strong></span> <span class='ocrx_word' id='word_1_829' title='bbox 2485 4248 2553 4300; x_wconf 84' lang='lat' dir='ltr'><strong>At</strong></span> <span class='ocrx_word' id='word_1_830' title='bbox 2604 4247 2700 4300; x_wconf 91' lang='lat' dir='ltr'><strong>ubi</strong></span> <span class='ocrx_word' id='word_1_831' title='bbox 2751 4246 2962 4301; x_wconf 88' lang='lat' dir='ltr'><strong>domus</strong></span> <span class='ocrx_word' id='word_1_832' title='bbox 3009 4248 3137 4317; x_wconf 86' lang='lat' dir='ltr'><strong>ejus</strong></span> <span class='ocrx_word' id='word_1_833' title='bbox 3194 4247 3267 4302; x_wconf 88' lang='lat' dir='ltr'><strong>ab</strong></span> <span class='ocrx_word' id='word_1_834' title='bbox 3325 4247 3427 4304; x_wconf 89' lang='lat' dir='ltr'><strong>illa</strong></span> <span class='ocrx_word' id='word_1_835' title='bbox 3475 4249 3855 4306; x_wconf 86' lang='lat' dir='ltr'><strong>infestatione</strong></span> 
     </span>
    </p>
   </div>
   <div class='ocr_carea' id='block_1_121' title="bbox 2204 4326 3854 4401">
    <p class='ocr_par' dir='ltr' id='par_1_121' title="bbox 2204 4326 3854 4401">
     <span class='ocr_line' id='line_1_121' title="bbox 2204 4326 3854 4401; baseline 0.003 -21"><span class='ocrx_word' id='word_1_836' title='bbox 2204 4332 2448 4398; x_wconf 88' lang='lat' dir='ltr'><strong>purgata</strong></span> <span class='ocrx_word' id='word_1_837' title='bbox 2477 4331 2582 4389; x_wconf 88' lang='lat' dir='ltr'><strong>est,</strong></span> <span class='ocrx_word' id='word_1_838' title='bbox 2635 4327 2771 4396; x_wconf 91' lang='lat' dir='ltr'><strong>quid</strong></span> <span class='ocrx_word' id='word_1_839' title='bbox 2813 4327 2883 4381; x_wconf 91' lang='lat' dir='ltr'><strong>de</strong></span> <span class='ocrx_word' id='word_1_840' title='bbox 2933 4326 3033 4381; x_wconf 88' lang='lat' dir='ltr'><strong>illa</strong></span> <span class='ocrx_word' id='word_1_841' title='bbox 3082 4332 3237 4381; x_wconf 89' lang='lat' dir='ltr'><strong>terra</strong></span> <span class='ocrx_word' id='word_1_842' title='bbox 3283 4327 3466 4392; x_wconf 85' lang='lat' dir='ltr'><strong>ﬁeret,</strong></span> <span class='ocrx_word' id='word_1_843' title='bbox 3517 4330 3854 4401; x_wconf 82' lang='lat' dir='ltr'><strong>cogitabat;</strong></span> 
     </span>
    </p>
   </div>
   <div class='ocr_carea' id='block_1_122' title="bbox 2202 4406 3858 4479">
    <p class='ocr_par' dir='ltr' id='par_1_122' title="bbox 2202 4406 3858 4479">
     <span class='ocr_line' id='line_1_122' title="bbox 2202 4406 3858 4479; baseline 0.004 -19"><span class='ocrx_word' id='word_1_844' title='bbox 2202 4423 2379 4479; x_wconf 89' lang='lat' dir='ltr'><strong>quam</strong></span> <span class='ocrx_word' id='word_1_845' title='bbox 2429 4407 2650 4461; x_wconf 89' lang='lat' dir='ltr'><strong>diutius</strong></span> <span class='ocrx_word' id='word_1_846' title='bbox 2712 4408 2770 4460; x_wconf 90' lang='lat' dir='ltr'><strong>in</strong></span> <span class='ocrx_word' id='word_1_847' title='bbox 2817 4406 3086 4462; x_wconf 86' lang='lat' dir='ltr'><strong>cubiculo</strong></span> <span class='ocrx_word' id='word_1_848' title='bbox 3147 4424 3254 4462; x_wconf 90' lang='lat' dir='ltr'><strong>suo</strong></span> <span class='ocrx_word' id='word_1_849' title='bbox 3299 4412 3628 4463; x_wconf 73' lang='lat' dir='ltr'><strong>reverentia</strong></span> <span class='ocrx_word' id='word_1_850' title='bbox 3678 4426 3858 4467; x_wconf 78' lang='lat' dir='ltr'><strong>causa</strong></span> 
     </span>
    </p>
   </div>
   <div class='ocr_carea' id='block_1_123' title="bbox 2205 4485 3860 4564">
    <p class='ocr_par' dir='ltr' id='par_1_123' title="bbox 2205 4485 3860 4564">
     <span class='ocr_line' id='line_1_123' title="bbox 2205 4485 3860 4564; baseline 0.002 -22"><span class='ocrx_word' id='word_1_851' title='bbox 2205 4487 2414 4542; x_wconf 87' lang='lat' dir='ltr'><strong>habere</strong></span> <span class='ocrx_word' id='word_1_852' title='bbox 2465 4485 2715 4541; x_wconf 90' lang='lat' dir='ltr'><strong>nolebat.</strong></span> <span class='ocrx_word' id='word_1_853' title='bbox 2773 4487 2935 4541; x_wconf 79' lang='lat' dir='ltr'><strong>Forte</strong></span> <span class='ocrx_word' id='word_1_854' title='bbox 2985 4488 3218 4557; x_wconf 85' lang='lat' dir='ltr'><strong>accidit,</strong></span> <span class='ocrx_word' id='word_1_855' title='bbox 3253 4497 3309 4543; x_wconf 91' lang='lat' dir='ltr'><strong>ut</strong></span> <span class='ocrx_word' id='word_1_856' title='bbox 3361 4505 3462 4558; x_wconf 78' lang='lat' dir='ltr'><strong>ego</strong></span> <span class='ocrx_word' id='word_1_857' title='bbox 3517 4495 3576 4544; x_wconf 89' lang='lat' dir='ltr'><strong>et</strong></span> <span class='ocrx_word' id='word_1_858' title='bbox 3631 4489 3860 4564; x_wconf 78' lang='lat' dir='ltr'><strong>collega</strong></span> 
     </span>
    </p>
   </div>
   <div class='ocr_carea' id='block_1_124' title="bbox 2201 4567 3857 4639">
    <p class='ocr_par' dir='ltr' id='par_1_124' title="bbox 2201 4567 3857 4639">
     <span class='ocr_line' id='line_1_124' title="bbox 2201 4567 3857 4639; baseline 0.002 -16"><span class='ocrx_word' id='word_1_859' title='bbox 2201 4573 2341 4623; x_wconf 90' lang='lat' dir='ltr'><strong>tunc</strong></span> <span class='ocrx_word' id='word_1_860' title='bbox 2375 4582 2538 4621; x_wconf 89' lang='lat' dir='ltr'><strong>meus</strong></span> <span class='ocrx_word' id='word_1_861' title='bbox 2569 4568 2879 4639; x_wconf 89' lang='lat' dir='ltr'><strong>episcopus</strong></span> <span class='ocrx_word' id='word_1_862' title='bbox 2908 4567 3218 4624; x_wconf 87' lang='lat' dir='ltr'><strong>Sinitensis</strong></span> <span class='ocrx_word' id='word_1_863' title='bbox 3242 4568 3261 4602; x_wconf 80' lang='grc'><strong>⁷</strong></span> <span class='ocrx_word' id='word_1_864' title='bbox 3289 4569 3547 4626; x_wconf 68' lang='lat' dir='ltr'><strong>ecclesiae</strong></span> <span class='ocrx_word' id='word_1_865' title='bbox 3581 4570 3857 4626; x_wconf 76' lang='lat' dir='ltr'><strong>Maximi-</strong></span> 
     </span>
    </p>
   </div>
   <div class='ocr_carea' id='block_1_125' title="bbox 2201 4702 3862 4814">
    <p class='ocr_par' dir='ltr' id='par_1_125' title="bbox 2201 4702 3862 4814">
     <span class='ocr_line' id='line_1_125' title="bbox 2201 4702 3862 4814; baseline 0.004 -65"><span class='ocrx_word' id='word_1_866' title='bbox 2201 4703 2288 4814; x_wconf 47' lang='lat' dir='ltr'><strong>d;</strong></span> <span class='ocrx_word' id='word_1_867' title='bbox 2332 4702 2488 4812; x_wconf 41' lang='lat' dir='ltr'><strong>Lind.</strong></span> <span class='ocrx_word' id='word_1_868' title='bbox 2547 4705 2660 4751; x_wconf 79' lang='lat' dir='ltr'><strong>Am.</strong></span> <span class='ocrx_word' id='word_1_869' title='bbox 2709 4703 2791 4750; x_wconf 86' lang='lat' dir='ltr'><strong>Er.</strong></span> <span class='ocrx_word' id='word_1_870' title='bbox 2841 4704 2894 4752; x_wconf 86' lang='lat' dir='ltr'><strong>et</strong></span> <span class='ocrx_word' id='word_1_871' title='bbox 2939 4703 3177 4767; x_wconf 88' lang='lat' dir='ltr'><strong>quinque</strong></span> <span class='ocrx_word' id='word_1_872' title='bbox 3219 4703 3339 4754; x_wconf 88' lang='lat' dir='ltr'><strong>Mss.</strong></span> <span class='ocrx_word' id='word_1_873' title='bbox 3389 4704 3662 4768; x_wconf 87' lang='lat' dir='ltr'><strong>praebent,</strong></span> <span class='ocrx_word' id='word_1_874' title='bbox 3705 4706 3862 4756; x_wconf 77' lang='lat' dir='ltr'><strong>Men-</strong></span> 
     </span>
     <span class='ocr_line' id='line_1_126' title="bbox 2240 4781 2408 4814; baseline 0 -1"><span class='ocrx_word' id='word_1_875' title='bbox 2240 4781 2258 4814; x_wconf 73' lang='grc' dir='ltr'>ι</span> <span class='ocrx_word' id='word_1_876' title='bbox 2293 4781 2328 4812; x_wconf 88' lang='lat' dir='ltr'><strong>u</strong></span> <span class='ocrx_word' id='word_1_877' title='bbox 2398 4802 2408 4814; x_wconf 86' lang='lat'><strong>.</strong></span> 
     </span>
    </p>
   </div>
   <div class='ocr_carea' id='block_1_126' title="bbox 2240 4781 2408 4814">
    <p class='ocr_par' dir='ltr' id='par_1_126' title="bbox 2240 4781 2408 4814">
     <span class='ocr_line' id='line_1_127' title="bbox 2240 4781 2408 4814; baseline 0 0"><span class='ocrx_word' id='word_1_878' title='bbox 2240 4781 2387 4814; x_wconf 75' lang='lat' dir='ltr'><strong>tcum</strong></span> <span class='ocrx_word' id='word_1_879' title='bbox 2398 4802 2408 4814; x_wconf 80' lang='lat'><strong>.</strong></span> 
     </span>
    </p>
   </div>
   <div class='ocr_carea' id='block_1_127' title="bbox 2264 4827 3861 4886">
    <p class='ocr_par' dir='ltr' id='par_1_127' title="bbox 2264 4827 3861 4886">
     <span class='ocr_line' id='line_1_128' title="bbox 2264 4827 3861 4886; baseline 0.004 -10"><span class='ocrx_word' id='word_1_880' title='bbox 2264 4828 2286 4862; x_wconf 81' lang='grc'>²</span> <span class='ocrx_word' id='word_1_881' title='bbox 2340 4827 2496 4876; x_wconf 87' lang='lat' dir='ltr'><strong>Vind.</strong></span> <span class='ocrx_word' id='word_1_882' title='bbox 2553 4827 2669 4876; x_wconf 86' lang='lat' dir='ltr'><strong>Am.</strong></span> <span class='ocrx_word' id='word_1_883' title='bbox 2744 4827 2849 4886; x_wconf 87' lang='lat' dir='ltr'><strong>Er.,</strong></span> <span class='ocrx_word' id='word_1_884' title='bbox 2923 4828 3159 4877; x_wconf 80' lang='lat' dir='ltr'><strong>curatis.</strong></span> <span class='ocrx_word' id='word_1_885' title='bbox 3217 4830 3287 4879; x_wconf 75' lang='lat' dir='ltr'><strong>At</strong></span> <span class='ocrx_word' id='word_1_886' title='bbox 3360 4830 3484 4881; x_wconf 82' lang='lat' dir='ltr'><strong>Lov.</strong></span> <span class='ocrx_word' id='word_1_887' title='bbox 3555 4833 3610 4880; x_wconf 77' lang='lat' dir='ltr'><strong>et</strong></span> <span class='ocrx_word' id='word_1_888' title='bbox 3668 4845 3861 4882; x_wconf 82' lang='lat' dir='ltr'><strong>manu-</strong></span> 
     </span>
    </p>
   </div>
   <div class='ocr_carea' id='block_1_128' title="bbox 2201 4890 3858 4953">
    <p class='ocr_par' dir='ltr' id='par_1_128' title="bbox 2201 4890 3858 4953">
     <span class='ocr_line' id='line_1_129' title="bbox 2201 4890 3858 4953; baseline 0.003 -13"><span class='ocrx_word' id='word_1_889' title='bbox 2201 4892 2400 4953; x_wconf 88' lang='lat' dir='ltr'><strong>scripti,</strong></span> <span class='ocrx_word' id='word_1_890' title='bbox 2459 4890 2707 4948; x_wconf 83' lang='lat' dir='ltr'><strong>cirratis,</strong></span> <span class='ocrx_word' id='word_1_891' title='bbox 2763 4890 2818 4939; x_wconf 91' lang='lat' dir='ltr'><strong>id</strong></span> <span class='ocrx_word' id='word_1_892' title='bbox 2886 4894 2981 4947; x_wconf 90' lang='lat' dir='ltr'><strong>est,</strong></span> <span class='ocrx_word' id='word_1_893' title='bbox 3041 4891 3246 4941; x_wconf 87' lang='lat' dir='ltr'><strong>crinitis</strong></span> <span class='ocrx_word' id='word_1_894' title='bbox 3295 4905 3308 4942; x_wconf 90' lang='lat'><strong>:</strong></span> <span class='ocrx_word' id='word_1_895' title='bbox 3364 4907 3490 4942; x_wconf 89' lang='lat' dir='ltr'><strong>nam</strong></span> <span class='ocrx_word' id='word_1_896' title='bbox 3550 4894 3718 4944; x_wconf 84' lang='lat' dir='ltr'><strong>cirros</strong></span> <span class='ocrx_word' id='word_1_897' title='bbox 3769 4909 3858 4944; x_wconf 84' lang='lat' dir='ltr'><strong>ca-</strong></span> 
     </span>
    </p>
   </div>
   <div class='ocr_carea' id='block_1_129' title="bbox 2202 4953 3856 5028">
    <p class='ocr_par' dir='ltr' id='par_1_129' title="bbox 2202 4953 3856 5028">
     <span class='ocr_line' id='line_1_130' title="bbox 2202 4953 3856 5028; baseline 0.002 -26"><span class='ocrx_word' id='word_1_898' title='bbox 2202 4954 2329 5028; x_wconf 72' lang='lat' dir='ltr'><strong>pitis</strong></span> <span class='ocrx_word' id='word_1_899' title='bbox 2387 4954 2557 5028; x_wconf 61' lang='lat' dir='ltr'><strong>crines</strong></span> <span class='ocrx_word' id='word_1_900' title='bbox 2612 4953 2994 5016; x_wconf 86' lang='lat' dir='ltr'><strong>interpretatur</strong></span> <span class='ocrx_word' id='word_1_901' title='bbox 3039 4955 3292 5004; x_wconf 83' lang='lat' dir='ltr'><strong>Nonnius.</strong></span> <span class='ocrx_word' id='word_1_902' title='bbox 3323 4956 3601 5018; x_wconf 79' lang='lat' dir='ltr'><strong>Martialis,</strong></span> <span class='ocrx_word' id='word_1_903' title='bbox 3647 4957 3744 5005; x_wconf 84' lang='lat' dir='ltr'><strong>lib.</strong></span> <span class='ocrx_word' id='word_1_904' title='bbox 3804 4957 3856 5016; x_wconf 88' lang='lat'><strong>9,</strong></span> 
     </span>
    </p>
   </div>
   <div class='ocr_carea' id='block_1_130' title="bbox 2203 5015 3509 5140">
    <p class='ocr_par' dir='ltr' id='par_1_130' title="bbox 2203 5015 3509 5140">
     <span class='ocr_line' id='line_1_131' title="bbox 2203 5015 3509 5140; baseline 0.002 -12"><span class='ocrx_word' id='word_1_905' title='bbox 2203 5015 2716 5128; x_wconf 44' lang='lat' dir='ltr'><strong>ep‘glz’efgriatutini</strong></span> <span class='ocrx_word' id='word_1_906' title='bbox 2737 5079 2951 5127; x_wconf 79' lang='lat' dir='ltr'><strong>cirrata</strong></span> <span class='ocrx_word' id='word_1_907' title='bbox 2980 5087 3197 5128; x_wconf 80' lang='lat' dir='ltr'><strong>caterva</strong></span> <span class='ocrx_word' id='word_1_908' title='bbox 3225 5079 3509 5140; x_wconf 78' lang='lat' dir='ltr'><strong>magistri.</strong></span> 
     </span>
    </p>
   </div>
   <div class='ocr_carea' id='block_1_131' title="bbox 2270 5141 3477 5203">
    <p class='ocr_par' dir='ltr' id='par_1_131' title="bbox 2270 5141 3477 5203">
     <span class='ocr_line' id='line_1_132' title="bbox 2270 5141 3477 5203; baseline 0.002 -15"><span class='ocrx_word' id='word_1_909' title='bbox 2270 5143 2290 5175; x_wconf 81' lang='lat'><strong><em>3</em></strong></span> <span class='ocrx_word' id='word_1_910' title='bbox 2319 5142 2472 5189; x_wconf 82' lang='lat' dir='ltr'><strong>Vind.</strong></span> <span class='ocrx_word' id='word_1_911' title='bbox 2505 5143 2618 5189; x_wconf 78' lang='lat' dir='ltr'><strong>Am.</strong></span> <span class='ocrx_word' id='word_1_912' title='bbox 2656 5144 2708 5190; x_wconf 90' lang='lat' dir='ltr'><strong>et</strong></span> <span class='ocrx_word' id='word_1_913' title='bbox 2735 5142 2951 5203; x_wconf 77' lang='lat' dir='ltr'><strong>Aliquot</strong></span> <span class='ocrx_word' id='word_1_914' title='bbox 2981 5141 3124 5198; x_wconf 89' lang='lat' dir='ltr'><strong>Mss.,</strong></span> <span class='ocrx_word' id='word_1_915' title='bbox 3159 5152 3477 5192; x_wconf 78' lang='lat' dir='ltr'><strong>aestuasset.</strong></span> 
     </span>
    </p>
   </div>
   <div class='ocr_carea' id='block_1_132' title="bbox 2269 5204 3861 5270">
    <p class='ocr_par' dir='ltr' id='par_1_132' title="bbox 2269 5204 3861 5270">
     <span class='ocr_line' id='line_1_133' title="bbox 2269 5204 3861 5270; baseline 0.003 -19"><span class='ocrx_word' id='word_1_916' title='bbox 2269 5204 2452 5270; x_wconf 67' lang='lat' dir='ltr'><strong>‘_Editi</strong></span> <span class='ocrx_word' id='word_1_917' title='bbox 2483 5218 2592 5270; x_wconf 83' lang='lat' dir='ltr'><strong>pro.</strong></span> <span class='ocrx_word' id='word_1_918' title='bbox 2627 5204 2715 5251; x_wconf 74' lang='lat' dir='ltr'><strong>Ex</strong></span> <span class='ocrx_word' id='word_1_919' title='bbox 2736 5205 2931 5270; x_wconf 15' lang='lat' dir='ltr'><strong>‘mimo,</strong></span> <span class='ocrx_word' id='word_1_920' title='bbox 2964 5205 3182 5270; x_wconf 85' lang='lat' dir='ltr'><strong>habent.</strong></span> <span class='ocrx_word' id='word_1_921' title='bbox 3227 5205 3297 5270; x_wconf 15' lang='lat' dir='ltr'><strong>E7</strong></span> <span class='ocrx_word' id='word_1_922' title='bbox 3324 5207 3548 5270; x_wconf 58' lang='lat' dir='ltr'><strong>uicino:</strong></span> <span class='ocrx_word' id='word_1_923' title='bbox 3581 5206 3742 5270; x_wconf 86' lang='lat' dir='ltr'><strong>idque</strong></span> <span class='ocrx_word' id='word_1_924' title='bbox 3768 5220 3861 5258; x_wconf 84' lang='lat' dir='ltr'><strong>su-</strong></span> 
     </span>
    </p>
   </div>
   <div class='ocr_carea' id='block_1_133' title="bbox 2203 5267 3862 5340">
    <p class='ocr_par' dir='ltr' id='par_1_133' title="bbox 2203 5267 3862 5340">
     <span class='ocr_line' id='line_1_134' title="bbox 2203 5267 3862 5340; baseline 0.001 -24"><span class='ocrx_word' id='word_1_925' title='bbox 2203 5267 2498 5340; x_wconf 75' lang='lat' dir='ltr'><strong>perioribus</strong></span> <span class='ocrx_word' id='word_1_926' title='bbox 2526 5267 2604 5315; x_wconf 88' lang='lat' dir='ltr'><strong>ita</strong></span> <span class='ocrx_word' id='word_1_927' title='bbox 2630 5267 2994 5330; x_wconf 74' lang='lat' dir='ltr'><strong>coniunctum,</strong></span> <span class='ocrx_word' id='word_1_928' title='bbox 3023 5269 3092 5316; x_wconf 89' lang='lat' dir='ltr'><strong>ad</strong></span> <span class='ocrx_word' id='word_1_929' title='bbox 3122 5283 3255 5331; x_wconf 78' lang='lat' dir='ltr'><strong>quos</strong></span> <span class='ocrx_word' id='word_1_930' title='bbox 3280 5268 3337 5317; x_wconf 88' lang='lat' dir='ltr'><strong>id</strong></span> <span class='ocrx_word' id='word_1_931' title='bbox 3363 5267 3862 5332; x_wconf 51' lang='lat' dir='ltr'><strong>potuitper’venire</strong></span> 
     </span>
    </p>
   </div>
   <div class='ocr_carea' id='block_1_134' title="bbox 2206 5345 3374 5465">
    <p class='ocr_par' dir='ltr' id='par_1_134' title="bbox 2206 5345 3374 5465">
     <span class='ocr_line' id='line_1_135' title="bbox 2206 5345 3374 5465; baseline 0.002 -25"><span class='ocrx_word' id='word_1_932' title='bbox 2206 5345 2233 5376; x_wconf 55' lang='grc' dir='ltr'><strong><em>Θ</em></strong></span> <span class='ocrx_word' id='word_1_933' title='bbox 2264 5345 2598 5465; x_wconf 71' lang='lat' dir='ltr'><strong>qui</strong></span> <span class='ocrx_word' id='word_1_934' title='bbox 2626 5395 2794 5465; x_wconf 60' lang='lat' dir='ltr'><strong>apud.</strong></span> <span class='ocrx_word' id='word_1_935' title='bbox 2827 5393 3374 5465; x_wconf 47' lang='lat' dir='ltr'><strong>Abest,.qui,_a.Mss.</strong></span> 
     </span>
    </p>
   </div>
   <div class='ocr_carea' id='block_1_135' title="bbox 2268 5453 3864 5514">
    <p class='ocr_par' dir='ltr' id='par_1_135' title="bbox 2268 5453 3864 5514">
     <span class='ocr_line' id='line_1_136' title="bbox 2268 5453 3864 5514; baseline 0.003 -12"><span class='ocrx_word' id='word_1_936' title='bbox 2268 5453 2288 5487; x_wconf 84' lang='grc'>⁶</span> <span class='ocrx_word' id='word_1_937' title='bbox 2321 5456 2426 5510; x_wconf 82' lang='lat' dir='ltr'><strong>Er,</strong></span> <span class='ocrx_word' id='word_1_938' title='bbox 2460 5453 2681 5506; x_wconf 57' lang='lat' dir='ltr'><strong>Gubedi.</strong></span> <span class='ocrx_word' id='word_1_939' title='bbox 2712 5456 2947 5513; x_wconf 79' lang='lat' dir='ltr'><strong>Quatuor</strong></span> <span class='ocrx_word' id='word_1_940' title='bbox 2975 5453 3118 5514; x_wconf 69' lang='lat' dir='ltr'><strong>Mss,</strong></span> <span class='ocrx_word' id='word_1_941' title='bbox 3149 5455 3366 5506; x_wconf 85' lang='lat' dir='ltr'><strong>Zabedi.</strong></span> <span class='ocrx_word' id='word_1_942' title='bbox 3399 5455 3620 5514; x_wconf 79' lang='lat' dir='ltr'><strong>Caeteri.</strong></span> <span class='ocrx_word' id='word_1_943' title='bbox 3650 5458 3864 5508; x_wconf 72' lang='lat' dir='ltr'><strong>Zubedi</strong></span> 
     </span>
    </p>
   </div>
   <div class='ocr_carea' id='block_1_136' title="bbox 2204 5518 3864 5654">
    <p class='ocr_par' dir='ltr' id='par_1_136' title="bbox 2204 5518 3864 5654">
     <span class='ocr_line' id='line_1_137' title="bbox 2204 5518 2543 5578; baseline 0.003 -13"><span class='ocrx_word' id='word_1_944' title='bbox 2204 5518 2543 5578; x_wconf 78' lang='lat' dir='ltr'><strong>appellatur.</strong></span> 
     </span>
     <span class='ocr_line' id='line_1_138' title="bbox 2242 5580 3864 5654; baseline 0.003 -26"><span class='ocrx_word' id='word_1_945' title='bbox 2242 5581 2285 5654; x_wconf 34' lang='lat'><strong>.7</strong></span> <span class='ocrx_word' id='word_1_946' title='bbox 2319 5581 2631 5654; x_wconf 36' lang='lat' dir='ltr'><strong>ApudAam;</strong></span> <span class='ocrx_word' id='word_1_947' title='bbox 2680 5580 2764 5629; x_wconf 87' lang='lat' dir='ltr'><strong>Er.</strong></span> <span class='ocrx_word' id='word_1_948' title='bbox 2780 5583 2865 5654; x_wconf 42' lang='lat' dir='ltr'><strong>“et</strong></span> <span class='ocrx_word' id='word_1_949' title='bbox 2892 5582 3018 5654; x_wconf 44' lang='lat' dir='ltr'><strong>.Lov</strong></span> <span class='ocrx_word' id='word_1_950' title='bbox 3036 5617 3058 5654; x_wconf 48' lang='lat'><strong>-,</strong></span> <span class='ocrx_word' id='word_1_951' title='bbox 3097 5580 3442 5654; x_wconf 47' lang='lat' dir='ltr'><strong>Sg&#39;niceltsis:</strong></span> <span class='ocrx_word' id='word_1_952' title='bbox 3474 5582 3864 5654; x_wconf 37' lang='lat' dir='ltr'><strong>VindLSyni-</strong></span> 
     </span>
    </p>
   </div>
   <div class='ocr_carea' id='block_1_137' title="bbox 2204 5643 3861 5703">
    <p class='ocr_par' dir='ltr' id='par_1_137' title="bbox 2204 5643 3861 5703">
     <span class='ocr_line' id='line_1_139' title="bbox 2204 5643 3861 5703; baseline 0.008 -17"><span class='ocrx_word' id='word_1_953' title='bbox 2204 5643 2419 5688; x_wconf 81' lang='lat' dir='ltr'><strong>stensis.</strong></span> <span class='ocrx_word' id='word_1_954' title='bbox 2471 5645 2538 5690; x_wconf 82' lang='lat' dir='ltr'><strong>At</strong></span> <span class='ocrx_word' id='word_1_955' title='bbox 2584 5643 2725 5703; x_wconf 67' lang='lat' dir='ltr'><strong>Mss,</strong></span> <span class='ocrx_word' id='word_1_956' title='bbox 2771 5644 3092 5693; x_wconf 76' lang='lat' dir='ltr'><strong>Sinitensis.</strong></span> <span class='ocrx_word' id='word_1_957' title='bbox 3140 5643 3275 5694; x_wconf 79' lang='lat' dir='ltr'><strong>Vide</strong></span> <span class='ocrx_word' id='word_1_958' title='bbox 3302 5644 3590 5703; x_wconf 74' lang='lat' dir='ltr'><strong>Epistulam</strong></span> <span class='ocrx_word' id='word_1_959' title='bbox 3617 5645 3701 5703; x_wconf 67' lang='lat'><strong>33.</strong></span> <span class='ocrx_word' id='word_1_960' title='bbox 3733 5643 3861 5699; x_wconf 68' lang='lat' dir='ltr'><strong>cum</strong></span> 
     </span>
    </p>
   </div>
   <div class='ocr_carea' id='block_1_138' title="bbox 2206 5705 3389 5767">
    <p class='ocr_par' dir='ltr' id='par_1_138' title="bbox 2206 5705 3389 5767">
     <span class='ocr_line' id='line_1_140' title="bbox 2206 5705 3389 5767; baseline 0.008 -18"><span class='ocrx_word' id='word_1_961' title='bbox 2206 5706 2335 5753; x_wconf 86' lang='lat' dir='ltr'><strong>nota</strong></span> <span class='ocrx_word' id='word_1_962' title='bbox 2361 5717 2498 5767; x_wconf 89' lang='lat' dir='ltr'><strong>quae</strong></span> <span class='ocrx_word' id='word_1_963' title='bbox 2525 5705 2591 5755; x_wconf 87' lang='lat' dir='ltr'><strong>de</strong></span> <span class='ocrx_word' id='word_1_964' title='bbox 2620 5706 2722 5757; x_wconf 84' lang='lat' dir='ltr'><strong>hoc</strong></span> <span class='ocrx_word' id='word_1_965' title='bbox 2755 5707 2918 5758; x_wconf 87' lang='lat' dir='ltr'><strong>verbo</strong></span> <span class='ocrx_word' id='word_1_966' title='bbox 2951 5705 3148 5758; x_wconf 83' lang='lat' dir='ltr'><strong>ibidem</strong></span> <span class='ocrx_word' id='word_1_967' title='bbox 3178 5705 3389 5760; x_wconf 66' lang='lat' dir='ltr'><strong>tractat.</strong></span> 
     </span>
    </p>
   </div>
  </div>
