4146 6198
299 329 413 390 765

297 491 434 544 nus,
468 474 529 530 in
562 472 828 547 proximo
858 489 1119 528 essemus
1145 489 1158 528 :
1195 478 1253 528 ut
1275 472 1606 529 veniremus
1629 471 1867 540 rogavit,
1890 473 1948 525 et

292 556 584 610 venimus.
632 556 896 624 Cumque
946 553 1110 608 nobis
1159 553 1357 608 omnia
1410 553 1720 618 retulisset,
1770 551 1942 606 etiam

293 637 403 693 hoc
434 637 656 707 petivit,
693 641 754 690 ut
797 635 1156 691 infoderetur
1206 635 1444 702 alicubi,
1475 639 1646 706 atque
1697 633 1771 688 ibi
1818 650 1944 688 ora-

291 716 517 772 tionum
553 716 714 771 locus
752 715 932 779 fieret,
978 715 1073 770 ubi
1122 715 1299 770 etiam
1347 720 1587 786 possent
1633 713 1950 770 Christiani

293 798 365 854 ad
397 797 742 852 celebranda
775 813 898 867 quae
938 795 1036 850 Dei
1069 801 1209 851 sunt
1239 795 1602 867 congregari.
1629 794 1753 849 Non
1779 793 1943 848 resti-

294 877 525 933 timus:
563 878 780 932 factum
831 881 938 932 est.
992 876 1125 932 Erat
1177 876 1254 932 ibi
1296 876 1532 946 juvenis
1591 873 1946 946 paralyticus

295 958 631 1014 rusticanus
664 973 676 1012 :
714 957 823 1012 hoc
871 957 1069 1014 audito
1117 957 1318 1028 petivit
1346 974 1379 1012 a
1409 956 1748 1028 parentibus
1797 953 1944 1022 suis,

296 1044 360 1094 ut
390 1039 559 1094 illum
602 1039 672 1093 ad
723 1054 857 1093 eum
904 1037 1098 1094 locum
1132 1042 1401 1093 sanctum
1439 1054 1550 1093 non
1610 1039 1946 1091 cunctanter

294 1121 588 1178 afferrent.
623 1118 743 1182 Quo
792 1133 927 1174 cum
981 1118 1192 1173 fuisset
1231 1117 1467 1183 allatus,
1520 1116 1726 1186 oravit,
1778 1124 1946 1185 alque

293 1202 427 1258 inde
459 1199 732 1255 continuo
759 1198 1004 1269 pedibus
1035 1198 1158 1252 suis
1201 1198 1397 1252 salvus
1428 1197 1727 1252 abscessit.

362 1280 416 1333 7.
471 1278 794 1336 Victoriana
859 1278 1074 1333 dicitur
1129 1276 1286 1345 villa,
1337 1277 1409 1330 ab
1468 1273 1943 1348 Hippone-Regio

293 1359 490 1416 minus
541 1357 782 1430 triginta
843 1356 1105 1412 millibus
1166 1357 1350 1413 abest.
1413 1357 1694 1412 Memoria
1732 1359 1944 1425 marty-

291 1441 524 1498 rumibi
556 1450 642 1496 est
683 1439 1198 1496 Mediolanensium
1253 1439 1502 1494 Protasii
1551 1443 1607 1493 et
1664 1437 1940 1492 Gervasii.

289 1523 558 1578 Portatus
591 1526 680 1576 est
720 1537 784 1574 eo
836 1519 1075 1587 quidam
1137 1520 1494 1588 adolescens,
1528 1519 1624 1589 qui
1658 1533 1790 1572 cum
1850 1517 1943 1570 die

289 1604 482 1659 medio
513 1607 773 1670 tempore
796 1602 1012 1655 aestatis
1044 1616 1260 1672 equum
1296 1601 1562 1654 ablueret
1591 1598 1646 1652 in
1683 1596 1944 1651 ﬂuminis

287 1685 534 1756 gurgite,
584 1681 905 1735 daemonem
939 1682 1200 1734 incurrit.
1264 1679 1343 1734 lbi
1395 1695 1527 1734 cum
1579 1680 1799 1748 jaceret
1855 1675 1942 1730 vel

288 1762 457 1818 morti
493 1765 807 1831 proximus,
841 1758 927 1814 vel
960 1759 1302 1815 simillimus
1334 1764 1589 1823 mortuo,
1613 1759 1681 1811 ad
1709 1772 1943 1827 vesper-

288 1843 446 1899 tinos
476 1843 613 1897 illuc
647 1841 898 1910 hymnos
946 1845 1000 1894 et
1029 1841 1320 1895 orationes
1351 1856 1484 1894 cum
1539 1835 1765 1894 ancillis
1819 1836 1944 1890 suis

291 1929 347 1980 et
377 1923 724 1992 quibusdam
776 1920 1322 1977 sanctimonialibus
1373 1937 1440 1977 ex
1491 1935 1650 1974 more
1705 1916 1943 1972 domina

293 2002 685 2076 possessionis
745 2003 972 2057 intravit
1007 2019 1021 2068 ;
1060 2012 1233 2073 atque
1286 2001 1523 2070 hymnos
1560 2005 1795 2055 cantare
1825 2013 1940 2052 cm-

294 2088 524 2154 perunt.
558 2082 677 2146 Qua
708 2097 840 2134 voce
889 2081 987 2135 ille
1041 2081 1210 2151 quasi
1272 2095 1600 2148 percussus,
1659 2091 1942 2130 excussus

292 2172 374 2218 est
411 2178 423 2216 :
461 2168 516 2216 et
547 2178 679 2216 cum
708 2159 950 2214 terribili
1013 2163 1246 2213 fremitu
1279 2159 1458 2212 altare
1511 2156 1941 2227 apprehensum

295 2257 524 2295 movere
565 2257 679 2294 non
729 2242 950 2294 audens
980 2240 1098 2293 sive
1144 2255 1257 2292 non
1291 2237 1510 2304 valens,
1568 2243 1846 2304 tanquam
1876 2249 1942 2288 eo

293 2319 468 2375 fuerit
498 2318 788 2390 alligatus,
818 2325 919 2373 aut
979 2319 1208 2384 alﬁxus,
1234 2320 1495 2372 tenebat:
1530 2323 1587 2370 et
1617 2331 1741 2370 cum
1772 2330 1940 2381 gran-

285 2402 343 2456 di
378 2401 592 2469 ejulatu
630 2400 908 2471 parcisibi
945 2397 1941 2472 rogans,conlitebaturubiadoles-

288 2487 538 2548 centem,
572 2487 629 2535 et
659 2483 1286 2552 quando,etquomodo
1314 2482 1610 2535 invaserit.
1646 2479 1941 2534 Postremo

287 2579 350 2616 se
382 2561 670 2615 exiturum
705 2579 832 2616 esse
865 2562 1238 2627 denuntians,
1275 2562 1531 2616 membra
1554 2565 1682 2627 ejus
1714 2560 1943 2630 singula

288 2642 800 2711 nominabat,qua3
825 2657 886 2696 se
912 2647 1343 2712 amputaturum
1365 2643 1564 2695 exiens
1585 2641 1939 2694 minabatur:

287 2727 463 2791 atque
495 2722 641 2776 inter
675 2721 796 2775 hinc
818 2722 1278 2776 verbadiscessit
1297 2721 1368 2775 ab
1392 2719 1772 2776 homine.Sed
1806 2735 1943 2772 ocu-

289 2799 382 2855 lus
413 2800 538 2869 ejus
568 2801 626 2854 in
661 2800 963 2855 maxillam
1016 2801 1202 2865 fusus,
1253 2801 1410 2856 tenui
1445 2800 1654 2854 venula
1692 2799 1764 2853 ab
1798 2801 1944 2853 inte-

291 2881 444 2934 riore
472 2882 647 2950 quasi
693 2881 884 2935 radice
936 2880 1245 2950 pendebat,
1305 2887 1602 2950 totumque
1651 2879 1776 2948 ejus
1821 2895 1945 2932 me-

295 2961 482 3026 dium,
515 2960 671 3030 quod
705 2959 981 3030 nigellum
1020 2960 1225 3025 fuerat,
1259 2961 1626 3015 albicaverat.
1661 2962 1779 3025 Quo
1823 2959 1946 3011 viso

297 3040 396 3112 qui
429 3040 670 3094 aderant
699 3039 1347 3112 (concurrerantautem
1373 3039 1546 3094 etiam
1579 3039 1675 3093 alii
1708 3039 1945 3093 vocibus

297 3122 424 3190 ejus
458 3119 646 3187 acciti,
681 3124 737 3175 et
768 3136 829 3174 se
861 3135 1061 3176 omnes
1092 3118 1152 3174 in
1202 3119 1517 3174 orationem
1555 3135 1655 3190 pro
1677 3118 1775 3172 illo
1808 3122 1948 3172 stra-

296 3202 544 3273 verant),
584 3199 852 3270 quamvis
883 3216 1174 3256 eumsana
1203 3208 1395 3255 mente
1425 3204 1580 3254 stare
1609 3203 1945 3270 gauderent,

297 3299 504 3337 rursus
560 3285 752 3336 tamen
811 3288 1043 3352 propter
1101 3279 1336 3336 oculum
1397 3281 1525 3349 ejus
1594 3280 1946 3346 contristati,

297 3363 586 3418 medicum
621 3363 1000 3433 querendum
1033 3376 1162 3416 esse
1221 3360 1511 3415 dicebant.
1573 3359 1657 3413 lbi
1709 3359 1948 3414 maritus

299 3446 518 3499 sororis
549 3446 698 3512 ejus,
732 3443 834 3514 qui
893 3459 1022 3498 eum
1059 3441 1158 3496 illo
1211 3441 1518 3506 detulerat,
1569 3443 1781 3494 Potens
1838 3444 1946 3507 est,

297 3523 494 3594 inquit
544 3527 714 3591 Deus,
766 3531 1106 3577 sanctorum
1159 3521 1539 3586 orationibus,
1572 3518 1667 3588 qui
1731 3518 1952 3588 fugavit

297 3605 642 3672 daemonem,
672 3603 867 3657 lumen
902 3602 1162 3657 reddere.
1185 3603 1362 3667 Tunc,
1396 3601 1544 3653 sicut
1576 3598 1782 3670 potuit,
1811 3614 1948 3652 ocu-

297 3686 418 3740 lum
477 3683 702 3754 lapsum
752 3689 930 3754 atque
989 3684 1357 3751 pendentem,
1393 3679 1516 3735 loco
1569 3696 1672 3735 suo
1721 3695 1955 3734 revoca-

292 3768 420 3820 tum
455 3763 657 3835 ligavit
714 3764 901 3818 orario
937 3765 1007 3833 (a)
1041 3778 1054 3817 :
1093 3779 1196 3817 nec
1227 3762 1340 3816 nisi
1374 3766 1505 3833 post
1557 3765 1777 3832 septem
1830 3760 1953 3813 dies

301 3845 530 3917 putavit
558 3860 685 3900 esse
709 3844 1075 3899 solvendum.
1105 3844 1266 3908 Quod
1292 3858 1424 3898 cum
1447 3840 1953 3908 fecisset,sanissi-

301 3942 463 3981 mum
500 3925 718 3981 invenit
739 3924 840 3996 (b).
862 3924 1060 3979 Sanati
1091 3929 1229 3978 sunt
1255 3922 1372 3978 illic
1407 3931 1461 3979 et
1490 3921 1609 3983 alii,
1643 3924 1710 3977 de
1741 3921 1954 3992 quibus

294 4006 488 4062 dicere
519 4005 757 4076 longum
789 4013 896 4060 est.

367 4087 423 4141 8.
457 4085 897 4158 Hipponiensem
930 4085 1245 4156 quamdam
1295 4082 1579 4154 virginem
1631 4081 1771 4149 scio,
1819 4096 1953 4136 cum

295 4178 357 4224 se
390 4165 516 4222 oleo
543 4166 938 4239 perunxisset,
971 4166 1060 4221 cui
1114 4181 1218 4237 pro
1272 4164 1374 4219 illa
1431 4179 1604 4219 orans
1664 4162 1957 4234 presbyter

300 4246 693 4303 instillaverat
723 4246 1010 4317 lacrymas
1049 4262 1207 4305 suas.
1228 4248 1366 4299 mox
1396 4261 1430 4300 a
1459 4243 1743 4298 daemonio
1776 4243 1955 4298 fuisse

299 4333 590 4383 sanatam.
621 4329 750 4382 Scio
779 4328 953 4381 etiam
985 4325 1320 4397 episcopum
1365 4323 1544 4380 semel
1578 4339 1678 4393 pro
1729 4321 1954 4378 adoles-

297 4415 482 4473 cente,
515 4422 684 4477 quem
732 4421 848 4462 non
879 4405 1041 4472 vidit,
1075 4421 1289 4474 orasse,
1323 4404 1607 4474 illumque
1637 4402 1792 4458 illico
1841 4403 1956 4457 dae-

303 4500 478 4541 DDODB
508 4500 784 4540 caruisse.

372 4567 426 4620 9.
461 4563 590 4620 Erat
621 4565 857 4636 quidam
890 4580 1064 4620 senex
1096 4563 1426 4619 Florentius
1441 4561 1824 4634 Hipponensis
1855 4578 1956 4618 no-

299 4650 439 4708 ster,
484 4645 655 4701 homo
705 4645 1012 4717 religiosus
1044 4651 1099 4700 et
1147 4659 1370 4714 pauper
1400 4663 1414 4711 ;
1449 4643 1691 4699 sartoris
1722 4659 1784 4698 se
1838 4647 1960 4698 arte

301 4726 596 4798 pascebat,
631 4725 892 4781 casulam
927 4726 1280 4796 perdiderat,
1304 4732 1362 4779 et
1404 4724 1554 4778 unde
1600 4723 1710 4776 sibi
1743 4728 1961 4778 emeret

301 4804 419 4862 non
454 4805 752 4862 habebat:
805 4807 876 4862 ad
920 4804 1142 4876 Viginti
1202 4804 1502 4876 Martyres,
1556 4817 1801 4873 quorum
1840 4817 1961 4857 me-

303 4887 492 4943 moria
531 4887 683 4958 apud
715 4902 821 4942 nos
848 4890 938 4942 est
987 4884 1359 4941 celeberrima
1391 4885 1485 4954 (c).
1517 4881 1674 4938 clara
1703 4897 1862 4948 voce,
1897 4886 1963 4937 ut

301 4966 630 5027 vestiretur,
655 4965 858 5022 aravit.
884 4965 1209 5022 A’udierunt
1237 4979 1371 5019 eum
1406 4961 1828 5022 adolescentes,
1858 4960 1963 5033 qui

367 5138 442 5199 (a)
500 5136 745 5188 Orarium
790 5139 890 5188 hoc
941 5138 1056 5188 loco
1100 5135 1375 5187 sudarium
1425 5137 1551 5199 est,
1580 5135 1704 5199 sive
1739 5133 1965 5199 linteum

303 5195 562 5264 tergendo
617 5202 699 5250 ori
770 5202 1036 5264 paratum.
1108 5199 1464 5264 Hieronymus
1504 5198 1598 5264 _in
1643 5195 1831 5264 _Epist.
1896 5197 1964 5247 ad

305 5260 696 5326 Nepotianum:
761 5260 791 5308 «ἶ
842 5264 1065 5312 Plenum
1117 5260 1385 5326 dedecoris
1439 5262 1520 5309 est
1577 5260 1778 5326 referto
1826 5273 1960 5326 mar-

306 5344 335 5372 ci
366 5323 538 5402 inpio,
570 5327 742 5402 .quod
824 5325 1099 5376 sudarium
1170 5324 1512 5386 orariumque
1584 5337 1693 5372 non
1765 5323 1963 5371 habeas

308 5408 335 5524 Τ
366 5390 832 5524 ῗὲῗῐὲῖιιξῖιῖἑωεω-
868 5451 1148 5524 histqriam
1181 5451 1260 5524 _de
1305 5449 1510 5524 Joanne
1859 5447 1960 5524 ha-

281 5511 404 5588 .bes
433 5511 598 5588 apud
646 5515 950 5578 Evagrium,
999 5514 1260 5564 Historiae
1302 5512 1686 5562 ecclesiasticae
1740 5511 1878 5560 libro
1909 5511 1958 5572 4,

312 5591 378 5631 ea
418 5614 430 5626 .
459 5578 508 5628 7.
547 5578 806 5634 Oceanus.

309 5593 487 5757 ωξζῃ
498 5639 689 5693 Confer
753 5639 1057 5692 Sermonem
1116 5637 1227 5696 325.
1286 5637 1345 5689 in
1400 5651 1584 5690 eorum
1650 5637 1820 5690 natali
1870 5637 1962 5688 ha-

1431 327 1670 390 LIBER
1712 325 2150 389 VIGESIMUS
2193 323 2600 388 SECUNDUS

3598 334 3718 397 766

2058 471 2203 527 forte
2234 470 2494 536 aderant,
2534 470 2806 527 irrisores
2829 490 2843 541 ;
2869 489 3124 544 eumque
3155 474 3550 534 discedentem
3583 496 3718 536 exa-

2056 551 2308 624 gitantes
2370 552 2922 622 prosequebantur;
2988 555 3155 624 quasi
3205 555 3225 589 1
3278 573 3310 612 a
3363 558 3760 632 Martyribus‘

2055 633 2497 703 quinquagenos
2531 632 2694 687 folles
2726 633 2824 704 (a).
2844 635 2998 688 unde
3028 638 3442 693 vestimentum
3472 651 3704 710 emeret,

2053 712 2366 782 petivisset.
2392 714 2458 766 At
2492 711 2590 768 ille
2630 715 2842 769 tacitus
2875 715 3203 782 ambulans,
3237 717 3482 787 ejectum
3537 737 3710 792 gran-

2054 793 2181 874 dem
2220 793 2439 874 piscem
2483 793 2864 864 palpitantem
2897 796 3037 851 vidit
3087 799 3141 852 in
3196 798 3407 862 littore,
3455 817 3709 874 eumque

2052 868 2171 928 illis
2203 873 2528 930 faventibus
2559 884 2728 945 atque
2757 877 3175 946 adjuvantibus
3207 868 3712 950 apprehendit,‘et

2052 953 2285 1010 cuidam
2319 970 2503 1026 coquo
2563 955 2770 1010 Catoso
2802 957 2823 990 9
2852 958 3108 1019 nomine,
3164 961 3311 1015 bene
3360 961 3706 1025 christiano,

2051 1034 2122 1088 ad
2148 1034 2455 1105 coquinam
2489 1036 2894 1099 conditariam,
2956 1037 3223 1094 indicans
3282 1041 3418 1111 quid
3480 1051 3708 1114 gestum

2052 1114 2147 1182 sit,
2183 1115 2454 1170 trecentis
2522 1115 2756 1171 follibus
2788 1117 3064 1183 vendidit,
3124 1119 3316 1174 lanam
3368 1138 3708 1194 comparare

2051 1194 2187 1250 inde
2227 1195 2564 1267 disponens,
2601 1203 2661 1251 ut
2692 1214 2836 1252 uxor
2883 1199 3010 1267 ejus
3057 1202 3348 1271 quomodo
3408 1208 3625 1273 posset,
3654 1204 3706 1260 ei

2052 1291 2167 1346 quo
2208 1277 2569 1338 indueretur,
2627 1278 2902 1333 efficeret.
2951 1280 3058 1334 Sed
3119 1297 3342 1352 coquus
3396 1285 3712 1340 concidens

2052 1356 2293 1428 piscem,
2325 1357 2607 1413 annulum
2641 1375 2883 1413 aureum
2919 1360 2976 1415 in
3008 1362 3330 1419 ventriculo
3379 1366 3506 1435 ejus
3545 1366 3709 1421 inve-

2051 1435 2155 1496 nit,
2191 1453 2436 1507 moxque
2466 1437 2841 1492 miseratione
2875 1439 3076 1500 ﬂexus.
3110 1442 3459 1514 etreligione
3495 1450 3713 1514 perter-

2051 1517 2218 1582 ritus,
2248 1517 2466 1572 homini
2499 1535 2629 1574 eum
2657 1519 2927 1588 reddidit,
2960 1521 3182 1584 dicens,
3220 1525 3356 1579 Ecce
3415 1527 3709 1596 quomodo

2049 1596 2260 1668 Viginti
2289 1598 2572 1669 Martyres
2601 1605 2657 1654 te
2679 1600 3019 1656 vestierunt.

2126 1679 2209 1734 10.
2241 1680 2321 1732 Ad
2366 1680 2564 1748 Aquas
2613 1679 2960 1735 Tibilitanas
2992 1682 3067 1752 (ὁ)
3118 1683 3389 1753 episcOpo
3431 1686 3706 1740 afferente

2052 1756 2320 1826 Prtejecto
2343 1757 2364 1790 ³
2396 1759 2676 1828 reliquias
2723 1763 2997 1831 martyris
3028 1761 3438 1830 gloriosissimi
3467 1763 3712 1828 Stepha-

2053 1836 2134 1906 ni,
2161 1837 2231 1891 ad
2264 1839 2390 1907 ejus
2408 1838 2748 1893 memoriam
2777 1841 3040 1896 veniebat
3065 1857 3284 1908 magna
3317 1844 3710 1899 multitudinis

2050 1931 2370 1970 concursus
2402 1923 2458 1971 et
2483 1919 2876 1973 occursus.lbi
2907 1936 3054 1974 caeca
3086 1921 3314 1986 mulier,
3349 1928 3412 1976 ut
3444 1923 3512 1976 ad
3552 1924 3705 1994 epis-

2049 2012 2258 2066 copum
2303 2002 2628 2064 portantem
2677 1999 2982 2053 duceretur
3011 1999 3052 2064 ⁴,
3099 2001 3282 2054 oravit
3315 2017 3328 2055 :
3363 2002 3533 2056 flores
3565 2020 3710 2072 quos

2048 2077 2264 2131 ferebat
2314 2078 2518 2143 dedit;
2570 2080 2807 2148 recepit,
2861 2080 3049 2134 oculis
3107 2083 3384 2144 admovit,
3446 2084 3708 2151 protinus

2047 2156 2209 2212 vidit.
2243 2157 2624 2225 Stupentibus
2648 2161 2748 2228 qui
2797 2159 3060 2223 aderant,
3097 2161 3337 2228 praeibat
3381 2162 3705 2229 exsultans,

2047 2237 2200 2291 viam
2235 2253 2502 2308 carpens,
2535 2243 2590 2292 et
2609 2239 2715 2293 via:
2736 2239 2945 2293 ducem
2971 2239 3211 2293 ulterius
3243 2257 3354 2295 non
3380 2246 3705 2312 requirens.

2051 2387 2062 2399 .
2121 2318 2206 2372 11.
2239 2317 2536 2399 Memorati
2561 2319 2898 2373 memoriam
2934 2321 3231 2399 martyris,
3260 2336 3386 2391 qua;
3416 2325 3597 2390 posita
3620 2330 3706 2375 est

2048 2395 2107 2450 in
2131 2395 2372 2452 castello
2403 2397 2702 2459 Sinitensi.
2727 2400 2879 2469 quod
2915 2398 3268 2468 Hipponensi
3300 2401 3540 2455 colonias
3562 2401 3703 2456 vici-

2049 2493 2188 2532 num
2223 2487 2329 2546 est,
2373 2478 2632 2546 ejusdem
2667 2479 2775 2534 loci
2829 2479 3084 2534 Lucilius
3125 2481 3454 2551 episcOpus,
3492 2482 3699 2552 populo

2049 2559 2408 2629 praecedente
2429 2562 2603 2628 atque
2633 2567 2913 2630 sequente
2939 2561 3224 2628 portabat.
3259 2560 3494 2626 Fistula,
3528 2564 3698 2631 cujus

2050 2637 2312 2694 molestia
2334 2640 2456 2706 jam
2486 2639 2579 2692 diu
2627 2639 3001 2709 laboraverat,
3035 2645 3093 2695 et
3137 2641 3582 2696 familiarissimi
3614 2646 3708 2699 sui

2053 2717 2411 2788 medici,qui
2468 2735 2596 2773 eam
2658 2727 2885 2774 secaret
2915 2719 2958 2784 ⁸,
3008 2724 3424 2792 opperiebatur
3473 2738 3708 2777 manus.

2052 2798 2207 2854 illius
2243 2802 2341 2866 piae
2395 2801 2638 2855 sarcina:
2684 2801 3006 2856 vectatione
3057 2807 3292 2870 repente
3341 2807 3550 2858 sanata
3582 2811 3710 2859 est:

2053 2896 2185 2936 nam
2211 2879 2485 2950 deinceps
2515 2897 2642 2936 eam
2677 2881 2735 2936 in
2764 2898 2874 2936 suo
2913 2899 3152 2953 corpore
3183 2899 3298 2937 non
3334 2884 3572 2938 invenit.

2129 2963 2212 3013 12.
2249 2961 2572 3016 Eucharius
2603 2967 2690 3016 est
2711 2960 2734 2994 θ
2766 2964 3068 3035 presbyter
3095 2978 3163 3018 ex
3211 2963 3514 3034 Hispania,
3545 2963 3712 3019 Cala-

2055 3058 2160 3096 ma
2191 3042 2211 3076 ⁷
2242 3042 2466 3097 habitat
2507 3042 2605 3114 (ο),
2654 3045 2831 3098 veteri
2876 3046 3079 3100 morbo
3110 3044 3316 3100 calculi
3358 3045 3661 3100 laborabat
3693 3065 3706 3112 ;

2054 3139 2157 3194 per
2177 3123 2512 3178 memoriam
2539 3123 2854 3194 supradicti
2888 3125 3184 3198 martyris,
3211 3140 3382 3195 quam
3405 3125 3703 3181 Possidius

2054 3201 2158 3257 illo
2187 3202 2416 3258 advexit
2444 3204 2750 3274 episcopus
2779 3204 2881 3275 (ά),
2916 3205 3116 3262 salvus
3165 3205 3354 3260 factus
3403 3210 3512 3260 est.
3553 3205 3708 3260 Idem

2054 3281 2178 3350 ipse
2211 3286 2409 3350 postea
2441 3284 2642 3337 morbo
2691 3283 2805 3339 alio
2839 3287 3306 3353 praevalescente,
3340 3291 3608 3341 mortuus
3631 3285 3712 3339 sic

2050 3359 2297 3430 jacebat,
2324 3366 2388 3414 ut
2417 3361 2468 3413 ei
2496 3362 2619 3430 jam
2673 3363 2912 3432 pollices
2947 3365 3305 3433 ligarentur:
3337 3365 3714 3434 epitulatione

2055 3440 2357 3496 memorati
2384 3441 2673 3508 martyris,
2707 3457 2839 3494 curn
2855 3443 2926 3495 de
2961 3443 3236 3497 memoria
3266 3444 3394 3511 ejus
3423 3449 3714 3512 reportata

2056 3518 2264 3573 fuisset
2295 3523 2350 3572 et
2379 3533 2556 3587 super
2598 3519 2855 3587 jacentis
2887 3537 3099 3591 corpus
3130 3522 3310 3576 missa
3343 3521 3528 3591 ipsius
3557 3537 3714 3592 pres-

2057 3598 2240 3670 byteri
2267 3596 2482 3664 tunica,
2514 3599 2836 3654 suscitatus
2861 3605 2971 3655 est.

2133 3679 2217 3733 13.
2252 3678 2385 3732 Fuit
2417 3678 2496 3732 ibi
2525 3679 2608 3733 vir
2640 3679 2696 3734 in
2738 3680 2939 3736 ordine
2971 3696 3078 3735 suo
3111 3679 3437 3749 primarius,
3472 3682 3708 3736 nomine

2061 3759 2366 3824 Martialis,
2391 3760 2637 3829 aavojam
2657 3761 2867 3830 gravis,
2893 3766 2950 3816 et
2977 3764 3226 3816 multum
3243 3779 3274 3815 a
3296 3762 3575 3831 religione
3603 3763 3710 3818 ab-

2059 3839 2304 3895 horrens
2335 3839 2670 3895 christiana.
2702 3840 2961 3896 Habebat
2988 3856 3129 3896 sane
3159 3839 3388 3896 fidelem
3421 3842 3624 3909 filiam,
3656 3847 3715 3898 et

2126 4012 2143 4046 1
2176 4008 2333 4058 Vind.
2381 4008 2500 4058 Am.
2530 4009 2614 4058 Er.
2645 4010 2700 4058 et
2725 4009 2930 4071 aliquot
2982 4009 3353 4071 manuscripti,
3382 4009 3551 4071 quasi
3572 4011 3697 4071 qui.

2126 4025 2143 4046 ι
2186 4025 2333 4058 vmu.
2381 4025 2500 4058 am.
2531 4025 2614 4058 nr.
2645 4025 2700 4058 et
2725 4025 2930 4071 auquor.
2982 4025 3353 4071 manuscrtpu,
3422 4025 3550 4058 uas:
3610 4026 3670 4060 ut

2065 4133 2106 4184 Ο
2107 4071 2417 4183 £3,125.83.
2447 4074 2516 4121 At
2543 4072 2673 4122 editi
2717 4072 2872 4122 Vind.
2923 4075 3062 4135 Am.,
3095 4072 3334 4122 Cartoso.
3365 4025 3448 4124 ἕν.
3482 4075 3534 4122 et
3559 4027 3670 4124 ἔον

2107 4147 2350 4183 arcnoso.

2127 4200 2148 4232 ε
2177 4198 2316 4270 Editi
2361 4196 2516 4246 Vind.
2566 4197 2649 4245 Er.
2701 4199 2756 4247 et
2799 4198 2946 4259 Lov.,
2995 4197 3265 4256 Projccto.
3313 4198 3527 4247 Veteres
3566 4199 3710 4260 libri,

2063 4261 2678 4398 Ρᾷαὲἕῖξῗῷονιαηωέῃ
2704 4322 2954 4385 pignora
2972 4337 3137 4374 sacra
3165 4323 3473 4372 duceretur.
3486 4323 3714 4380 Abeunt,

2055 4387 2306 4483 pignora
2337 4400 2516 4459 sacra,
2546 4400 2579 4434 st
2611 4386 2731 4436 Mss.

2181 4449 2325 4507 Mss,
2361 4464 2459 4510 qua
2502 4463 2626 4496 cum
2671 4456 2893 4499 secaret.
2943 4449 3107 4497 Paulo
3140 4449 3278 4512 post,
3325 4450 3468 4506 ante,
3497 4458 3716 4512 repente

2064 4520 2264 4560 sanata
2320 4520 2413 4567 est,
2471 4513 2677 4561 addunt
2721 4512 2875 4561 Vind.
2924 4513 3041 4560 Am.
3085 4513 3140 4560 et
3195 4511 3300 4569 Er.,
3349 4511 3446 4560 ubi
3491 4511 3716 4561 sanctas

2065 4573 2256 4638 attigit
2289 4573 2599 4638 reliquias:
2640 4576 2780 4638 quod
2810 4588 2918 4624 non
2964 4577 3045 4624 est
3090 4574 3147 4622 in
3196 4575 3341 4632 Lov.,
3389 4587 3487 4624 nec
3512 4575 3571 4623 in
3601 4588 3716 4623 ma-

2065 4636 2369 4699 nuscriptis.

2129 4703 2149 4735 θ
2178 4701 2259 4748 Ita
2287 4700 2492 4749 veteres
2518 4699 2658 4747 libri.
2704 4700 2771 4748 At
2819 4700 2947 4749 editi
2993 4700 3270 4754 omittunt,
3316 4708 3436 4747 est:
3485 4701 3539 4746 et
3580 4699 3713 4758 loco,

2067 4763 2297 4819 habitat,
2327 4763 2524 4820 terunt,
2558 4761 2831 4810 habitans.

2129 4826 2148 4858 ⁷
2182 4825 2335 4872 Vind.
2370 4826 2482 4872 Am.
2516 4826 2598 4872 Er.
2630 4826 2683 4872 et
2716 4825 2858 4884 Mss.,
2892 4822 3209 4872 Chalamae.

2126 4889 2205 4947 (a)
2238 4886 2822 4958 Folles‘dicti-nu‘mmi
2867 4898 2899 4932 a
2944 4884 3173 4958 saeculo,
3219 4896 3324 4945 quo
3370 4883 3717 4958 cpndun‘tur:

2068 4946 2235 5011 genus
2265 4952 2506 4996 monetae
2534 4951 2615 4995 est
2643 4948 2777 4995 alias
2815 4959 3014 5000 aereae.
3053 4946 3187 4995 alias
3233 4947 3528 5006 argenteae.
3559 4946 3716 4994 Porro

2067 5013 2220 5060 tolles
2248 5010 2534 5070 accipiendi
2565 5009 2701 5063 istic,
2747 5022 2854 5057 non
2884 5009 3138 5069 argentei,
3169 5009 3259 5057 sed
3288 5008 3444 5063 aerei,
3481 5009 3714 5070 ejusdem

2069 5074 2178 5122 fere
2235 5072 2434 5120 valoris
2481 5073 2640 5134 atque
2696 5083 2841 5134 asses
2895 5073 2948 5120 et
2995 5071 3151 5119 solidi
3196 5073 3440 5134 monetae
3504 5072 3718 5134 nostrae

2070 5135 2390 5208 Gallicanae,
2438 5137 2510 5208 ut
2552 5131 2724 5208 ‘putat
2774 5133 3091 5208 §irmondns
3145 5135 3212 5181 ad
3255 5133 3558 5208 Sfrmonem
3603 5131 3714 5208 389,

2142 5199 2161 5246 i
2216 5197 2350 5245 alias
2427 5197 2487 5244 40
2560 5195 2701 5245 inter
2774 5195 3193 5245 Sirmondianos.
3275 5195 3466 5244 Suidas
3539 5197 3717 5244 autem

2090 5257 2247 5310 ollam
2299 5260 2513 5307 obolum
2557 5272 2669 5307 esse
2717 5259 2860 5310 dicit.
2893 5260 2958 5306 ad
3001 5271 3158 5307 voces
3210 5271 3422 5320 graecas
3469 5257 3714 5306 Pholleis

2068 5327 2122 5373 et
2183 5324 2461 5370 Ii’crmata.
2525 5322 2874 5371 Nominantur
2929 5324 3201 5373 praeterea
3276 5321 3449 5369 iolleis
3507 5320 3564 5367 in
3619 5320 3712 5367 lib.

2067 5385 2098 5434 8
2153 5387 2337 5435 contra
2392 5383 2746 5434 Cresconium.
2790 5399 2850 5432 n.
2919 5381 2996 5438 33.
3041 5397 3247 5434 necnon
3292 5384 3386 5431 lib.
3463 5381 3485 5430 1
3529 5382 3714 5430 Evodii

2066 5450 2132 5498 de
2190 5447 2458 5496 Miraculis
2515 5446 2566 5495 S.
2627 5446 2900 5510 Stephani,
2957 5461 3070 5511 cap.
3133 5449 3209 5503 14.
3265 5447 3323 5495 in
3367 5446 3528 5508 hujus
3586 5445 3716 5496 tomi

2068 5511 2385 5562 Annendice.

2187 5523 2385 5560 θηαιοθ.

2113 5526 2385 5637 ίξὲῗῐίίῖὗῗῖἰ
2402 5573 2560 5637 urbis
2588 5573 2830 5637 meminit
2859 5573 3019 5635 Epist.
3053 5572 3160 5637 tte.

2128 5633 2199 5701 (a)
2230 5635 2804 5701 peACalamaAvidmot.
2831 5633 2999 5700 supra
3028 5636 3097 5686 ad
3115 5635 3208 5684 lib.
3235 5634 3308 5696 14,
3329 5646 3442 5697 cap.
3475 5633 3555 5692 24,
3577 5647 3632 5683 n.
3663 5633 3712 5685 2.

2132 5696 2205 5762 td)
2236 5699 2398 5755 Intra,
2431 5696 2484 5746 1i.
2515 5696 2594 5747 20.
