  <div class='ocr_page' id='page_1' title='image "/cluster/home/n/w/nwhite01/storage/ocr_20150623/41/hvd.32044096580634/389.png"; bbox 0 0 4134 6198; ppageno 0'>
   <div class='ocr_carea' id='block_1_1' title="bbox 434 316 552 376">
    <p class='ocr_par' dir='ltr' id='par_1_1' title="bbox 434 316 552 376">
     <span class='ocr_line' id='line_1_1' title="bbox 434 316 552 376; baseline 0 0"><span class='ocrx_word' id='word_1_1' title='bbox 434 316 552 376; x_wconf 85' lang='lat'><strong>767</strong></span> 
     </span>
    </p>
   </div>
   <div class='ocr_carea' id='block_1_2' title="bbox 437 455 2082 527">
    <p class='ocr_par' dir='ltr' id='par_1_2' title="bbox 437 455 2082 527">
     <span class='ocr_line' id='line_1_2' title="bbox 437 455 2082 527; baseline -0.001 -16"><span class='ocrx_word' id='word_1_2' title='bbox 437 471 714 527; x_wconf 82' lang='lat' dir='ltr'><strong>generum</strong></span> <span class='ocrx_word' id='word_1_3' title='bbox 749 458 944 512; x_wconf 89' lang='lat' dir='ltr'><strong>eodem</strong></span> <span class='ocrx_word' id='word_1_4' title='bbox 979 470 1132 510; x_wconf 90' lang='lat' dir='ltr'><strong>anno</strong></span> <span class='ocrx_word' id='word_1_5' title='bbox 1179 455 1564 527; x_wconf 79' lang='lat' dir='ltr'><strong>baptizatum.</strong></span> <span class='ocrx_word' id='word_1_6' title='bbox 1607 456 1712 520; x_wconf 89' lang='lat' dir='ltr'><strong>Qui</strong></span> <span class='ocrx_word' id='word_1_7' title='bbox 1773 471 1904 510; x_wconf 91' lang='lat' dir='ltr'><strong>cum</strong></span> <span class='ocrx_word' id='word_1_8' title='bbox 1949 472 2082 510; x_wconf 92' lang='lat' dir='ltr'><strong>eum</strong></span> 
     </span>
    </p>
   </div>
   <div class='ocr_carea' id='block_1_3' title="bbox 435 536 2082 610">
    <p class='ocr_par' dir='ltr' id='par_1_3' title="bbox 435 536 2082 610">
     <span class='ocr_line' id='line_1_3' title="bbox 435 536 2082 610; baseline 0 -19"><span class='ocrx_word' id='word_1_9' title='bbox 435 544 800 609; x_wconf 70' lang='lat' dir='ltr'><strong>aegrotantem</strong></span> <span class='ocrx_word' id='word_1_10' title='bbox 853 537 1056 592; x_wconf 89' lang='lat' dir='ltr'><strong>multis</strong></span> <span class='ocrx_word' id='word_1_11' title='bbox 1087 542 1144 592; x_wconf 89' lang='lat' dir='ltr'><strong>et</strong></span> <span class='ocrx_word' id='word_1_12' title='bbox 1185 537 1407 608; x_wconf 81' lang='lat' dir='ltr'><strong>magnis</strong></span> <span class='ocrx_word' id='word_1_13' title='bbox 1443 537 1716 610; x_wconf 85' lang='lat' dir='ltr'><strong>lacrymis</strong></span> <span class='ocrx_word' id='word_1_14' title='bbox 1741 536 1758 570; x_wconf 75' lang='grc' dir='ltr'>ί</span> <span class='ocrx_word' id='word_1_15' title='bbox 1792 543 2082 607; x_wconf 83' lang='lat' dir='ltr'><strong>rogarent,</strong></span> 
     </span>
    </p>
   </div>
   <div class='ocr_carea' id='block_1_4' title="bbox 437 617 2088 689">
    <p class='ocr_par' dir='ltr' id='par_1_4' title="bbox 437 617 2088 689">
     <span class='ocr_line' id='line_1_4' title="bbox 437 617 2088 689; baseline 0.001 -18"><span class='ocrx_word' id='word_1_16' title='bbox 437 624 501 671; x_wconf 89' lang='lat' dir='ltr'><strong>ut</strong></span> <span class='ocrx_word' id='word_1_17' title='bbox 557 617 912 672; x_wconf 90' lang='lat' dir='ltr'><strong>christianus</strong></span> <span class='ocrx_word' id='word_1_18' title='bbox 973 619 1150 686; x_wconf 82' lang='lat' dir='ltr'><strong>ﬁeret,</strong></span> <span class='ocrx_word' id='word_1_19' title='bbox 1212 635 1450 689; x_wconf 81' lang='lat' dir='ltr'><strong>prorsus</strong></span> <span class='ocrx_word' id='word_1_20' title='bbox 1514 619 1739 684; x_wconf 93' lang='lat' dir='ltr'><strong>abnuit,</strong></span> <span class='ocrx_word' id='word_1_21' title='bbox 1784 634 1999 688; x_wconf 84' lang='lat' dir='ltr'><strong>eosque</strong></span> <span class='ocrx_word' id='word_1_22' title='bbox 2055 634 2088 673; x_wconf 91' lang='lat' dir='ltr'><strong>a</strong></span> 
     </span>
    </p>
   </div>
   <div class='ocr_carea' id='block_1_5' title="bbox 437 697 2086 770">
    <p class='ocr_par' dir='ltr' id='par_1_5' title="bbox 437 697 2086 770">
     <span class='ocr_line' id='line_1_5' title="bbox 437 697 2086 770; baseline 0.001 -18"><span class='ocrx_word' id='word_1_23' title='bbox 437 713 496 752; x_wconf 88' lang='lat' dir='ltr'><strong>se</strong></span> <span class='ocrx_word' id='word_1_24' title='bbox 526 698 758 751; x_wconf 86' lang='lat' dir='ltr'><strong>turbida</strong></span> <span class='ocrx_word' id='word_1_25' title='bbox 780 697 1175 769; x_wconf 72' lang='lat' dir='ltr'><strong>indignatione</strong></span> <span class='ocrx_word' id='word_1_26' title='bbox 1201 701 1513 755; x_wconf 79' lang='lat' dir='ltr'><strong>submovit.</strong></span> <span class='ocrx_word' id='word_1_27' title='bbox 1539 700 1734 754; x_wconf 89' lang='lat' dir='ltr'><strong>Visum</strong></span> <span class='ocrx_word' id='word_1_28' title='bbox 1760 705 1846 753; x_wconf 91' lang='lat' dir='ltr'><strong>est</strong></span> <span class='ocrx_word' id='word_1_29' title='bbox 1875 715 2086 770; x_wconf 86' lang='lat' dir='ltr'><strong>genero</strong></span> 
     </span>
    </p>
   </div>
   <div class='ocr_carea' id='block_1_6' title="bbox 437 779 2091 848">
    <p class='ocr_par' dir='ltr' id='par_1_6' title="bbox 437 779 2091 848">
     <span class='ocr_line' id='line_1_6' title="bbox 437 779 2091 848; baseline 0 -14"><span class='ocrx_word' id='word_1_30' title='bbox 437 779 584 848; x_wconf 91' lang='lat' dir='ltr'><strong>ejus,</strong></span> <span class='ocrx_word' id='word_1_31' title='bbox 619 782 683 832; x_wconf 90' lang='lat' dir='ltr'><strong>ut</strong></span> <span class='ocrx_word' id='word_1_32' title='bbox 713 779 821 833; x_wconf 89' lang='lat' dir='ltr'><strong>iret</strong></span> <span class='ocrx_word' id='word_1_33' title='bbox 852 781 920 832; x_wconf 92' lang='lat' dir='ltr'><strong>ad</strong></span> <span class='ocrx_word' id='word_1_34' title='bbox 957 780 1299 835; x_wconf 85' lang='lat' dir='ltr'><strong>memoriam</strong></span> <span class='ocrx_word' id='word_1_35' title='bbox 1336 780 1519 836; x_wconf 90' lang='lat' dir='ltr'><strong>sancti</strong></span> <span class='ocrx_word' id='word_1_36' title='bbox 1551 781 1851 847; x_wconf 79' lang='lat' dir='ltr'><strong>Stephani,</strong></span> <span class='ocrx_word' id='word_1_37' title='bbox 1875 785 1930 834; x_wconf 92' lang='lat' dir='ltr'><strong>et</strong></span> <span class='ocrx_word' id='word_1_38' title='bbox 1970 779 2091 834; x_wconf 89' lang='lat' dir='ltr'><strong>illic</strong></span> 
     </span>
    </p>
   </div>
   <div class='ocr_carea' id='block_1_7' title="bbox 439 859 2088 930">
    <p class='ocr_par' dir='ltr' id='par_1_7' title="bbox 439 859 2088 930">
     <span class='ocr_line' id='line_1_7' title="bbox 439 859 2088 930; baseline 0.001 -19"><span class='ocrx_word' id='word_1_39' title='bbox 439 873 540 926; x_wconf 90' lang='lat' dir='ltr'><strong>pro</strong></span> <span class='ocrx_word' id='word_1_40' title='bbox 569 873 636 911; x_wconf 92' lang='lat' dir='ltr'><strong>eo</strong></span> <span class='ocrx_word' id='word_1_41' title='bbox 668 863 948 928; x_wconf 91' lang='lat' dir='ltr'><strong>quantum</strong></span> <span class='ocrx_word' id='word_1_42' title='bbox 986 863 1184 930; x_wconf 82' lang='lat' dir='ltr'><strong>posset</strong></span> <span class='ocrx_word' id='word_1_43' title='bbox 1216 868 1424 926; x_wconf 88' lang='lat' dir='ltr'><strong>oraret,</strong></span> <span class='ocrx_word' id='word_1_44' title='bbox 1458 864 1520 914; x_wconf 92' lang='lat' dir='ltr'><strong>ut</strong></span> <span class='ocrx_word' id='word_1_45' title='bbox 1569 859 1722 914; x_wconf 87' lang='lat' dir='ltr'><strong>Deus</strong></span> <span class='ocrx_word' id='word_1_46' title='bbox 1782 859 1862 913; x_wconf 89' lang='lat' dir='ltr'><strong>illi</strong></span> <span class='ocrx_word' id='word_1_47' title='bbox 1923 859 2088 913; x_wconf 91' lang='lat' dir='ltr'><strong>daret</strong></span> 
     </span>
    </p>
   </div>
   <div class='ocr_carea' id='block_1_8' title="bbox 438 938 2092 1009">
    <p class='ocr_par' dir='ltr' id='par_1_8' title="bbox 438 938 2092 1009">
     <span class='ocr_line' id='line_1_8' title="bbox 438 938 2092 1009; baseline -0.001 -17"><span class='ocrx_word' id='word_1_48' title='bbox 438 942 695 993; x_wconf 89' lang='lat' dir='ltr'><strong>mentem</strong></span> <span class='ocrx_word' id='word_1_49' title='bbox 721 939 952 1005; x_wconf 85' lang='lat' dir='ltr'><strong>bonam,</strong></span> <span class='ocrx_word' id='word_1_50' title='bbox 975 956 1090 1009; x_wconf 86' lang='lat' dir='ltr'><strong>qua</strong></span> <span class='ocrx_word' id='word_1_51' title='bbox 1113 941 1350 995; x_wconf 83' lang='lat' dir='ltr'><strong>credere</strong></span> <span class='ocrx_word' id='word_1_52' title='bbox 1384 958 1496 995; x_wconf 88' lang='lat' dir='ltr'><strong>non</strong></span> <span class='ocrx_word' id='word_1_53' title='bbox 1522 940 1777 994; x_wconf 71' lang='lat' dir='ltr'><strong>differret</strong></span> <span class='ocrx_word' id='word_1_54' title='bbox 1800 939 1858 993; x_wconf 90' lang='lat' dir='ltr'><strong>in</strong></span> <span class='ocrx_word' id='word_1_55' title='bbox 1887 938 2092 994; x_wconf 86' lang='lat' dir='ltr'><strong>Chris-</strong></span> 
     </span>
    </p>
   </div>
   <div class='ocr_carea' id='block_1_9' title="bbox 440 1018 2094 1090">
    <p class='ocr_par' dir='ltr' id='par_1_9' title="bbox 440 1018 2094 1090">
     <span class='ocr_line' id='line_1_9' title="bbox 440 1018 2094 1090; baseline -0.001 -18"><span class='ocrx_word' id='word_1_56' title='bbox 440 1021 588 1072; x_wconf 86' lang='lat' dir='ltr'><strong>tum.</strong></span> <span class='ocrx_word' id='word_1_57' title='bbox 634 1019 782 1072; x_wconf 82' lang='lat' dir='ltr'><strong>Fecit</strong></span> <span class='ocrx_word' id='word_1_58' title='bbox 815 1019 1158 1088; x_wconf 77' lang='lat' dir='ltr'><strong>hocingeuti</strong></span> <span class='ocrx_word' id='word_1_59' title='bbox 1184 1019 1397 1090; x_wconf 86' lang='lat' dir='ltr'><strong>gemitu</strong></span> <span class='ocrx_word' id='word_1_60' title='bbox 1431 1028 1481 1076; x_wconf 90' lang='lat' dir='ltr'><strong>et</strong></span> <span class='ocrx_word' id='word_1_61' title='bbox 1515 1019 1677 1084; x_wconf 87' lang='lat' dir='ltr'><strong>fletu,</strong></span> <span class='ocrx_word' id='word_1_62' title='bbox 1711 1023 1766 1073; x_wconf 89' lang='lat' dir='ltr'><strong>et</strong></span> <span class='ocrx_word' id='word_1_63' title='bbox 1791 1018 2094 1074; x_wconf 86' lang='lat' dir='ltr'><strong>sinceriter</strong></span> 
     </span>
    </p>
   </div>
   <div class='ocr_carea' id='block_1_10' title="bbox 441 1097 2093 1168">
    <p class='ocr_par' dir='ltr' id='par_1_10' title="bbox 441 1097 2093 1168">
     <span class='ocr_line' id='line_1_10' title="bbox 441 1097 2093 1168; baseline -0.002 -15"><span class='ocrx_word' id='word_1_64' title='bbox 441 1097 681 1153; x_wconf 85' lang='lat' dir='ltr'><strong>ardente</strong></span> <span class='ocrx_word' id='word_1_65' title='bbox 712 1097 939 1168; x_wconf 90' lang='lat' dir='ltr'><strong>pietatis</strong></span> <span class='ocrx_word' id='word_1_66' title='bbox 971 1100 1176 1154; x_wconf 80' lang='lat' dir='ltr'><strong>aﬂ‘ectu</strong></span> <span class='ocrx_word' id='word_1_67' title='bbox 1204 1117 1216 1155; x_wconf 94' lang='lat'>:</span> <span class='ocrx_word' id='word_1_68' title='bbox 1253 1101 1461 1155; x_wconf 91' lang='lat' dir='ltr'><strong>deinde</strong></span> <span class='ocrx_word' id='word_1_69' title='bbox 1495 1099 1836 1167; x_wconf 85' lang='lat' dir='ltr'><strong>abscedens,</strong></span> <span class='ocrx_word' id='word_1_70' title='bbox 1872 1097 2093 1168; x_wconf 90' lang='lat' dir='ltr'><strong>aliquid</strong></span> 
     </span>
    </p>
   </div>
   <div class='ocr_carea' id='block_1_11' title="bbox 443 1177 2093 1250">
    <p class='ocr_par' dir='ltr' id='par_1_11' title="bbox 443 1177 2093 1250">
     <span class='ocr_line' id='line_1_11' title="bbox 443 1177 2093 1250; baseline -0.001 -17"><span class='ocrx_word' id='word_1_71' title='bbox 443 1177 514 1233; x_wconf 90' lang='lat' dir='ltr'><strong>de</strong></span> <span class='ocrx_word' id='word_1_72' title='bbox 544 1177 709 1232; x_wconf 90' lang='lat' dir='ltr'><strong>altari</strong></span> <span class='ocrx_word' id='word_1_73' title='bbox 743 1178 972 1246; x_wconf 80' lang='lat' dir='ltr'><strong>florum,</strong></span> <span class='ocrx_word' id='word_1_74' title='bbox 1006 1181 1157 1249; x_wconf 89' lang='lat' dir='ltr'><strong>quod</strong></span> <span class='ocrx_word' id='word_1_75' title='bbox 1193 1181 1464 1245; x_wconf 89' lang='lat' dir='ltr'><strong>occurrit,</strong></span> <span class='ocrx_word' id='word_1_76' title='bbox 1513 1181 1646 1234; x_wconf 89' lang='lat' dir='ltr'><strong>tulit</strong></span> <span class='ocrx_word' id='word_1_77' title='bbox 1674 1203 1688 1246; x_wconf 87' lang='lat'><strong>;</strong></span> <span class='ocrx_word' id='word_1_78' title='bbox 1735 1179 1927 1250; x_wconf 88' lang='lat' dir='ltr'><strong>eique,</strong></span> <span class='ocrx_word' id='word_1_79' title='bbox 1959 1193 2093 1234; x_wconf 92' lang='lat' dir='ltr'><strong>cum</strong></span> 
     </span>
    </p>
   </div>
   <div class='ocr_carea' id='block_1_12' title="bbox 440 1259 2095 1331">
    <p class='ocr_par' dir='ltr' id='par_1_12' title="bbox 440 1259 2095 1331">
     <span class='ocr_line' id='line_1_12' title="bbox 440 1259 2095 1331; baseline -0.001 -18"><span class='ocrx_word' id='word_1_80' title='bbox 440 1259 561 1328; x_wconf 82' lang='lat' dir='ltr'><strong>iam</strong></span> <span class='ocrx_word' id='word_1_81' title='bbox 596 1275 706 1313; x_wconf 88' lang='lat' dir='ltr'><strong>nox</strong></span> <span class='ocrx_word' id='word_1_82' title='bbox 738 1265 913 1325; x_wconf 87' lang='lat' dir='ltr'><strong>esset,</strong></span> <span class='ocrx_word' id='word_1_83' title='bbox 956 1260 1025 1314; x_wconf 90' lang='lat' dir='ltr'><strong>ad</strong></span> <span class='ocrx_word' id='word_1_84' title='bbox 1079 1265 1252 1330; x_wconf 91' lang='lat' dir='ltr'><strong>caput</strong></span> <span class='ocrx_word' id='word_1_85' title='bbox 1299 1261 1497 1331; x_wconf 86' lang='lat' dir='ltr'><strong>posuit</strong></span> <span class='ocrx_word' id='word_1_86' title='bbox 1533 1277 1547 1314; x_wconf 89' lang='lat'><strong>:</strong></span> <span class='ocrx_word' id='word_1_87' title='bbox 1597 1265 1718 1314; x_wconf 90' lang='lat' dir='ltr'><strong>tum</strong></span> <span class='ocrx_word' id='word_1_88' title='bbox 1779 1261 2095 1314; x_wconf 89' lang='lat' dir='ltr'><strong>dormitum</strong></span> 
     </span>
    </p>
   </div>
   <div class='ocr_carea' id='block_1_13' title="bbox 444 1339 2099 1410">
    <p class='ocr_par' dir='ltr' id='par_1_13' title="bbox 444 1339 2099 1410">
     <span class='ocr_line' id='line_1_13' title="bbox 444 1339 2099 1410; baseline -0.002 -15"><span class='ocrx_word' id='word_1_89' title='bbox 444 1344 550 1395; x_wconf 82' lang='lat' dir='ltr'><strong>est.</strong></span> <span class='ocrx_word' id='word_1_90' title='bbox 587 1339 647 1392; x_wconf 89' lang='lat' dir='ltr'><strong>Et</strong></span> <span class='ocrx_word' id='word_1_91' title='bbox 675 1353 805 1394; x_wconf 91' lang='lat' dir='ltr'><strong>ecce</strong></span> <span class='ocrx_word' id='word_1_92' title='bbox 837 1345 970 1394; x_wconf 90' lang='lat' dir='ltr'><strong>ante</strong></span> <span class='ocrx_word' id='word_1_93' title='bbox 1014 1339 1332 1396; x_wconf 89' lang='lat' dir='ltr'><strong>diluculum</strong></span> <span class='ocrx_word' id='word_1_94' title='bbox 1386 1340 1618 1406; x_wconf 89' lang='lat' dir='ltr'><strong>clamat,</strong></span> <span class='ocrx_word' id='word_1_95' title='bbox 1653 1345 1718 1394; x_wconf 89' lang='lat' dir='ltr'><strong>ut</strong></span> <span class='ocrx_word' id='word_1_96' title='bbox 1749 1341 1818 1395; x_wconf 91' lang='lat' dir='ltr'><strong>ad</strong></span> <span class='ocrx_word' id='word_1_97' title='bbox 1869 1339 2099 1410; x_wconf 88' lang='lat' dir='ltr'><strong>episco—</strong></span> 
     </span>
    </p>
   </div>
   <div class='ocr_carea' id='block_1_14' title="bbox 445 1417 2100 1492">
    <p class='ocr_par' dir='ltr' id='par_1_14' title="bbox 445 1417 2100 1492">
     <span class='ocr_line' id='line_1_14' title="bbox 445 1417 2100 1492; baseline -0.001 -19"><span class='ocrx_word' id='word_1_98' title='bbox 445 1435 584 1491; x_wconf 91' lang='lat' dir='ltr'><strong>pum</strong></span> <span class='ocrx_word' id='word_1_99' title='bbox 619 1426 969 1488; x_wconf 88' lang='lat' dir='ltr'><strong>curreretur,</strong></span> <span class='ocrx_word' id='word_1_100' title='bbox 1006 1421 1104 1492; x_wconf 91' lang='lat' dir='ltr'><strong>qui</strong></span> <span class='ocrx_word' id='word_1_101' title='bbox 1136 1437 1364 1476; x_wconf 90' lang='lat' dir='ltr'><strong>mecum</strong></span> <span class='ocrx_word' id='word_1_102' title='bbox 1401 1423 1542 1476; x_wconf 81' lang='lat' dir='ltr'><strong>forte</strong></span> <span class='ocrx_word' id='word_1_103' title='bbox 1603 1426 1742 1476; x_wconf 89' lang='lat' dir='ltr'><strong>tunc</strong></span> <span class='ocrx_word' id='word_1_104' title='bbox 1773 1423 1897 1475; x_wconf 90' lang='lat' dir='ltr'><strong>erat</strong></span> <span class='ocrx_word' id='word_1_105' title='bbox 1945 1417 2100 1488; x_wconf 90' lang='lat' dir='ltr'><strong>apud</strong></span> 
     </span>
    </p>
   </div>
   <div class='ocr_carea' id='block_1_15' title="bbox 449 1500 2098 1571">
    <p class='ocr_par' dir='ltr' id='par_1_15' title="bbox 449 1500 2098 1571">
     <span class='ocr_line' id='line_1_15' title="bbox 449 1500 2098 1571; baseline -0.001 -17"><span class='ocrx_word' id='word_1_106' title='bbox 449 1500 793 1570; x_wconf 83' lang='lat' dir='ltr'><strong>Hipponem.</strong></span> <span class='ocrx_word' id='word_1_107' title='bbox 828 1502 969 1555; x_wconf 89' lang='lat' dir='ltr'><strong>Cum</strong></span> <span class='ocrx_word' id='word_1_108' title='bbox 1004 1518 1135 1571; x_wconf 87' lang='lat' dir='ltr'><strong>ergo</strong></span> <span class='ocrx_word' id='word_1_109' title='bbox 1166 1502 1428 1557; x_wconf 87' lang='lat' dir='ltr'><strong>audisset</strong></span> <span class='ocrx_word' id='word_1_110' title='bbox 1467 1517 1600 1556; x_wconf 92' lang='lat' dir='ltr'><strong>eum</strong></span> <span class='ocrx_word' id='word_1_111' title='bbox 1644 1503 1968 1568; x_wconf 85' lang='lat' dir='ltr'><strong>absentem,</strong></span> <span class='ocrx_word' id='word_1_112' title='bbox 1999 1515 2098 1553; x_wconf 91' lang='lat' dir='ltr'><strong>ve-</strong></span> 
     </span>
    </p>
   </div>
   <div class='ocr_carea' id='block_1_16' title="bbox 448 1581 2102 1652">
    <p class='ocr_par' dir='ltr' id='par_1_16' title="bbox 448 1581 2102 1652">
     <span class='ocr_line' id='line_1_16' title="bbox 448 1581 2102 1652; baseline 0 -18"><span class='ocrx_word' id='word_1_113' title='bbox 448 1581 574 1635; x_wconf 90' lang='lat' dir='ltr'><strong>nire</strong></span> <span class='ocrx_word' id='word_1_114' title='bbox 608 1582 976 1652; x_wconf 87' lang='lat' dir='ltr'><strong>presbyteros</strong></span> <span class='ocrx_word' id='word_1_115' title='bbox 1028 1582 1362 1652; x_wconf 82' lang='lat' dir='ltr'><strong>postulavit.</strong></span> <span class='ocrx_word' id='word_1_116' title='bbox 1417 1583 1727 1649; x_wconf 86' lang='lat' dir='ltr'><strong>Venerunt,</strong></span> <span class='ocrx_word' id='word_1_117' title='bbox 1776 1583 2008 1636; x_wconf 90' lang='lat' dir='ltr'><strong>credere</strong></span> <span class='ocrx_word' id='word_1_118' title='bbox 2039 1595 2102 1634; x_wconf 88' lang='lat' dir='ltr'><strong>se</strong></span> 
     </span>
    </p>
   </div>
   <div class='ocr_carea' id='block_1_17' title="bbox 448 1659 2100 1732">
    <p class='ocr_par' dir='ltr' id='par_1_17' title="bbox 448 1659 2100 1732">
     <span class='ocr_line' id='line_1_17' title="bbox 448 1659 2100 1732; baseline -0.001 -18"><span class='ocrx_word' id='word_1_119' title='bbox 448 1659 612 1724; x_wconf 80' lang='lat' dir='ltr'><strong>dixit,</strong></span> <span class='ocrx_word' id='word_1_120' title='bbox 644 1661 1076 1715; x_wconf 87' lang='lat' dir='ltr'><strong>admirantibus</strong></span> <span class='ocrx_word' id='word_1_121' title='bbox 1129 1667 1300 1732; x_wconf 91' lang='lat' dir='ltr'><strong>atque</strong></span> <span class='ocrx_word' id='word_1_122' title='bbox 1345 1662 1734 1730; x_wconf 86' lang='lat' dir='ltr'><strong>gaudentibus</strong></span> <span class='ocrx_word' id='word_1_123' title='bbox 1795 1661 2100 1729; x_wconf 89' lang='lat' dir='ltr'><strong>omnibus,</strong></span> 
     </span>
    </p>
   </div>
   <div class='ocr_carea' id='block_1_18' title="bbox 448 1739 2099 1811">
    <p class='ocr_par' dir='ltr' id='par_1_18' title="bbox 448 1739 2099 1811">
     <span class='ocr_line' id='line_1_18' title="bbox 448 1739 2099 1811; baseline -0.001 -17"><span class='ocrx_word' id='word_1_124' title='bbox 448 1739 773 1810; x_wconf 83' lang='lat' dir='ltr'><strong>baptizatus</strong></span> <span class='ocrx_word' id='word_1_125' title='bbox 805 1746 912 1797; x_wconf 90' lang='lat' dir='ltr'><strong>est.</strong></span> <span class='ocrx_word' id='word_1_126' title='bbox 947 1741 1064 1796; x_wconf 87' lang='lat' dir='ltr'><strong>Hoc</strong></span> <span class='ocrx_word' id='word_1_127' title='bbox 1081 1743 1120 1811; x_wconf 74' lang='lat'><strong>‘,</strong></span> <span class='ocrx_word' id='word_1_128' title='bbox 1138 1743 1417 1811; x_wconf 89' lang='lat' dir='ltr'><strong>quamdiu</strong></span> <span class='ocrx_word' id='word_1_129' title='bbox 1437 1743 1594 1808; x_wconf 86' lang='lat' dir='ltr'><strong>vixit,</strong></span> <span class='ocrx_word' id='word_1_130' title='bbox 1616 1743 1673 1795; x_wconf 88' lang='lat' dir='ltr'><strong>in</strong></span> <span class='ocrx_word' id='word_1_131' title='bbox 1699 1758 1793 1796; x_wconf 89' lang='lat' dir='ltr'><strong>ore</strong></span> <span class='ocrx_word' id='word_1_132' title='bbox 1812 1741 2099 1794; x_wconf 86' lang='lat' dir='ltr'><strong>habebat:</strong></span> 
     </span>
    </p>
   </div>
   <div class='ocr_carea' id='block_1_19' title="bbox 447 1822 2105 1894">
    <p class='ocr_par' dir='ltr' id='par_1_19' title="bbox 447 1822 2105 1894">
     <span class='ocr_line' id='line_1_19' title="bbox 447 1822 2105 1894; baseline -0.002 -16"><span class='ocrx_word' id='word_1_133' title='bbox 447 1822 694 1889; x_wconf 85' lang='lat' dir='ltr'><strong>Christe,</strong></span> <span class='ocrx_word' id='word_1_134' title='bbox 743 1823 936 1893; x_wconf 83' lang='lat' dir='ltr'><strong>accipe</strong></span> <span class='ocrx_word' id='word_1_135' title='bbox 969 1824 1239 1894; x_wconf 88' lang='lat' dir='ltr'><strong>spiritum</strong></span> <span class='ocrx_word' id='word_1_136' title='bbox 1275 1841 1502 1879; x_wconf 91' lang='lat' dir='ltr'><strong>meum:</strong></span> <span class='ocrx_word' id='word_1_137' title='bbox 1561 1841 1697 1879; x_wconf 92' lang='lat' dir='ltr'><strong>cum</strong></span> <span class='ocrx_word' id='word_1_138' title='bbox 1752 1824 1872 1878; x_wconf 71' lang='lat' dir='ltr'><strong>haec</strong></span> <span class='ocrx_word' id='word_1_139' title='bbox 1929 1823 2105 1877; x_wconf 90' lang='lat' dir='ltr'><strong>verba</strong></span> 
     </span>
    </p>
   </div>
   <div class='ocr_carea' id='block_1_20' title="bbox 450 1902 2103 1975">
    <p class='ocr_par' dir='ltr' id='par_1_20' title="bbox 450 1902 2103 1975">
     <span class='ocr_line' id='line_1_20' title="bbox 450 1902 2103 1975; baseline -0.001 -18"><span class='ocrx_word' id='word_1_140' title='bbox 450 1902 770 1957; x_wconf 86' lang='lat' dir='ltr'><strong>beatissimi</strong></span> <span class='ocrx_word' id='word_1_141' title='bbox 795 1904 1095 1973; x_wconf 88' lang='lat' dir='ltr'><strong>Stephani,</strong></span> <span class='ocrx_word' id='word_1_142' title='bbox 1119 1907 1346 1972; x_wconf 89' lang='lat' dir='ltr'><strong>quando</strong></span> <span class='ocrx_word' id='word_1_143' title='bbox 1371 1905 1664 1975; x_wconf 89' lang='lat' dir='ltr'><strong>lapidatus</strong></span> <span class='ocrx_word' id='word_1_144' title='bbox 1685 1910 1770 1959; x_wconf 87' lang='lat' dir='ltr'><strong>est</strong></span> <span class='ocrx_word' id='word_1_145' title='bbox 1793 1921 1825 1958; x_wconf 91' lang='lat' dir='ltr'><strong>a</strong></span> <span class='ocrx_word' id='word_1_146' title='bbox 1860 1903 2103 1969; x_wconf 73' lang='lat' dir='ltr'><strong>Jutlzeis,</strong></span> 
     </span>
    </p>
   </div>
   <div class='ocr_carea' id='block_1_21' title="bbox 450 1983 2108 2056">
    <p class='ocr_par' dir='ltr' id='par_1_21' title="bbox 450 1983 2108 2056">
     <span class='ocr_line' id='line_1_21' title="bbox 450 1983 2108 2056; baseline -0.001 -16"><span class='ocrx_word' id='word_1_147' title='bbox 450 1984 656 2040; x_wconf 87' lang='lat' dir='ltr'><strong>ultima</strong></span> <span class='ocrx_word' id='word_1_148' title='bbox 688 1983 866 2039; x_wconf 85' lang='lat' dir='ltr'><strong>fuisse</strong></span> <span class='ocrx_word' id='word_1_149' title='bbox 895 1986 1040 2056; x_wconf 77' lang='lat' dir='ltr'><strong>(Act.</strong></span> <span class='ocrx_word' id='word_1_150' title='bbox 1073 2002 1170 2050; x_wconf 79' lang='grc' dir='ltr'><strong>νη,</strong></span> <span class='ocrx_word' id='word_1_151' title='bbox 1203 1987 1292 2056; x_wconf 87' lang='grc'><strong>58)</strong></span> <span class='ocrx_word' id='word_1_152' title='bbox 1325 1987 1573 2040; x_wconf 89' lang='lat' dir='ltr'><strong>nesciret</strong></span> <span class='ocrx_word' id='word_1_153' title='bbox 1605 2001 1774 2056; x_wconf 57' lang='grc' dir='ltr'><strong>ηοω</strong></span> <span class='ocrx_word' id='word_1_154' title='bbox 1807 1985 1943 2039; x_wconf 90' lang='lat' dir='ltr'><strong>huic</strong></span> <span class='ocrx_word' id='word_1_155' title='bbox 1967 1999 2108 2054; x_wconf 91' lang='lat' dir='ltr'><strong>quo-</strong></span> 
     </span>
    </p>
   </div>
   <div class='ocr_carea' id='block_1_22' title="bbox 451 2063 2106 2137">
    <p class='ocr_par' dir='ltr' id='par_1_22' title="bbox 451 2063 2106 2137">
     <span class='ocr_line' id='line_1_22' title="bbox 451 2063 2106 2137; baseline -0.001 -18"><span class='ocrx_word' id='word_1_156' title='bbox 451 2081 564 2130; x_wconf 89' lang='lat' dir='ltr'><strong>que</strong></span> <span class='ocrx_word' id='word_1_157' title='bbox 596 2063 802 2120; x_wconf 89' lang='lat' dir='ltr'><strong>ultima</strong></span> <span class='ocrx_word' id='word_1_158' title='bbox 833 2065 1094 2121; x_wconf 82' lang='lat' dir='ltr'><strong>fuerunt:</strong></span> <span class='ocrx_word' id='word_1_159' title='bbox 1122 2082 1252 2120; x_wconf 85' lang='lat' dir='ltr'><strong>nam</strong></span> <span class='ocrx_word' id='word_1_160' title='bbox 1280 2082 1393 2122; x_wconf 91' lang='lat' dir='ltr'><strong>non</strong></span> <span class='ocrx_word' id='word_1_161' title='bbox 1414 2066 1598 2120; x_wconf 89' lang='lat' dir='ltr'><strong>multo</strong></span> <span class='ocrx_word' id='word_1_162' title='bbox 1621 2069 1752 2137; x_wconf 90' lang='lat' dir='ltr'><strong>post</strong></span> <span class='ocrx_word' id='word_1_163' title='bbox 1774 2065 1948 2120; x_wconf 92' lang='lat' dir='ltr'><strong>etiam</strong></span> <span class='ocrx_word' id='word_1_164' title='bbox 1983 2067 2106 2134; x_wconf 89' lang='lat' dir='ltr'><strong>ipse</strong></span> 
     </span>
    </p>
   </div>
   <div class='ocr_carea' id='block_1_23' title="bbox 451 2144 900 2199">
    <p class='ocr_par' dir='ltr' id='par_1_23' title="bbox 451 2144 900 2199">
     <span class='ocr_line' id='line_1_23' title="bbox 451 2144 900 2199; baseline 0.002 -1"><span class='ocrx_word' id='word_1_165' title='bbox 451 2144 763 2199; x_wconf 81' lang='lat' dir='ltr'><strong>defunctus</strong></span> <span class='ocrx_word' id='word_1_166' title='bbox 791 2148 900 2199; x_wconf 88' lang='lat' dir='ltr'><strong>est.</strong></span> 
     </span>
    </p>
   </div>
   <div class='ocr_carea' id='block_1_24' title="bbox 527 2223 2106 2297">
    <p class='ocr_par' dir='ltr' id='par_1_24' title="bbox 527 2223 2106 2297">
     <span class='ocr_line' id='line_1_24' title="bbox 527 2223 2106 2297; baseline -0.001 -18"><span class='ocrx_word' id='word_1_167' title='bbox 527 2226 614 2279; x_wconf 85' lang='grc'><strong>14.</strong></span> <span class='ocrx_word' id='word_1_168' title='bbox 646 2224 999 2280; x_wconf 90' lang='lat' dir='ltr'><strong>Sanatisunt</strong></span> <span class='ocrx_word' id='word_1_169' title='bbox 1021 2225 1140 2282; x_wconf 92' lang='lat' dir='ltr'><strong>illic</strong></span> <span class='ocrx_word' id='word_1_170' title='bbox 1165 2241 1264 2297; x_wconf 93' lang='lat' dir='ltr'><strong>per</strong></span> <span class='ocrx_word' id='word_1_171' title='bbox 1290 2227 1561 2281; x_wconf 90' lang='lat' dir='ltr'><strong>eumdem</strong></span> <span class='ocrx_word' id='word_1_172' title='bbox 1586 2229 1897 2297; x_wconf 87' lang='lat' dir='ltr'><strong>martyrem</strong></span> <span class='ocrx_word' id='word_1_173' title='bbox 1931 2223 2106 2278; x_wconf 89' lang='lat' dir='ltr'><strong>etiam</strong></span> 
     </span>
    </p>
   </div>
   <div class='ocr_carea' id='block_1_25' title="bbox 454 2303 2110 2378">
    <p class='ocr_par' dir='ltr' id='par_1_25' title="bbox 454 2303 2110 2378">
     <span class='ocr_line' id='line_1_25' title="bbox 454 2303 2110 2378; baseline -0.004 -16"><span class='ocrx_word' id='word_1_174' title='bbox 454 2305 698 2376; x_wconf 88' lang='lat' dir='ltr'><strong>podagri</strong></span> <span class='ocrx_word' id='word_1_175' title='bbox 739 2306 873 2371; x_wconf 92' lang='lat' dir='ltr'><strong>duo,</strong></span> <span class='ocrx_word' id='word_1_176' title='bbox 910 2322 1061 2362; x_wconf 91' lang='lat' dir='ltr'><strong>unus</strong></span> <span class='ocrx_word' id='word_1_177' title='bbox 1091 2307 1254 2372; x_wconf 86' lang='lat' dir='ltr'><strong>civis,</strong></span> <span class='ocrx_word' id='word_1_178' title='bbox 1305 2307 1647 2378; x_wconf 83' lang='lat' dir='ltr'><strong>peregrinus</strong></span> <span class='ocrx_word' id='word_1_179' title='bbox 1680 2321 1872 2361; x_wconf 88' lang='lat' dir='ltr'><strong>unus:</strong></span> <span class='ocrx_word' id='word_1_180' title='bbox 1906 2305 2002 2358; x_wconf 92' lang='lat' dir='ltr'><strong>sed</strong></span> <span class='ocrx_word' id='word_1_181' title='bbox 2036 2303 2110 2356; x_wconf 86' lang='lat' dir='ltr'><strong>ci-</strong></span> 
     </span>
    </p>
   </div>
   <div class='ocr_carea' id='block_1_26' title="bbox 454 2383 2112 2458">
    <p class='ocr_par' dir='ltr' id='par_1_26' title="bbox 454 2383 2112 2458">
     <span class='ocr_line' id='line_1_26' title="bbox 454 2383 2112 2458; baseline -0.002 -18"><span class='ocrx_word' id='word_1_182' title='bbox 454 2387 542 2440; x_wconf 87' lang='lat' dir='ltr'><strong>vis</strong></span> <span class='ocrx_word' id='word_1_183' title='bbox 573 2386 593 2420; x_wconf 81' lang='grc'>³</span> <span class='ocrx_word' id='word_1_184' title='bbox 619 2385 778 2438; x_wconf 93' lang='lat' dir='ltr'><strong>omni</strong></span> <span class='ocrx_word' id='word_1_185' title='bbox 813 2386 1019 2440; x_wconf 89' lang='lat' dir='ltr'><strong>modo:</strong></span> <span class='ocrx_word' id='word_1_186' title='bbox 1055 2386 1394 2458; x_wconf 88' lang='lat' dir='ltr'><strong>peregrinus</strong></span> <span class='ocrx_word' id='word_1_187' title='bbox 1446 2391 1640 2440; x_wconf 87' lang='lat' dir='ltr'><strong>autem</strong></span> <span class='ocrx_word' id='word_1_188' title='bbox 1677 2401 1778 2456; x_wconf 92' lang='lat' dir='ltr'><strong>per</strong></span> <span class='ocrx_word' id='word_1_189' title='bbox 1810 2383 2112 2440; x_wconf 89' lang='lat' dir='ltr'><strong>revelatio-</strong></span> 
     </span>
    </p>
   </div>
   <div class='ocr_carea' id='block_1_27' title="bbox 455 2463 2112 2537">
    <p class='ocr_par' dir='ltr' id='par_1_27' title="bbox 455 2463 2112 2537">
     <span class='ocr_line' id='line_1_27' title="bbox 455 2463 2112 2537; baseline -0.003 -15"><span class='ocrx_word' id='word_1_190' title='bbox 455 2481 588 2522; x_wconf 92' lang='lat' dir='ltr'><strong>nem</strong></span> <span class='ocrx_word' id='word_1_191' title='bbox 621 2465 759 2535; x_wconf 91' lang='lat' dir='ltr'><strong>quid</strong></span> <span class='ocrx_word' id='word_1_192' title='bbox 792 2465 1100 2521; x_wconf 87' lang='lat' dir='ltr'><strong>adhiberet</strong></span> <span class='ocrx_word' id='word_1_193' title='bbox 1157 2467 1394 2537; x_wconf 89' lang='lat' dir='ltr'><strong>quando</strong></span> <span class='ocrx_word' id='word_1_194' title='bbox 1455 2466 1698 2534; x_wconf 89' lang='lat' dir='ltr'><strong>doleret,</strong></span> <span class='ocrx_word' id='word_1_195' title='bbox 1755 2463 1974 2520; x_wconf 86' lang='lat' dir='ltr'><strong>audivit</strong></span> <span class='ocrx_word' id='word_1_196' title='bbox 2005 2481 2020 2532; x_wconf 87' lang='lat'><strong>;</strong></span> <span class='ocrx_word' id='word_1_197' title='bbox 2055 2465 2112 2517; x_wconf 90' lang='lat' dir='ltr'><strong>et</strong></span> 
     </span>
    </p>
   </div>
   <div class='ocr_carea' id='block_1_28' title="bbox 458 2544 1895 2617">
    <p class='ocr_par' dir='ltr' id='par_1_28' title="bbox 458 2544 1895 2617">
     <span class='ocr_line' id='line_1_28' title="bbox 458 2544 1895 2617; baseline -0.001 -15"><span class='ocrx_word' id='word_1_198' title='bbox 458 2561 590 2602; x_wconf 89' lang='lat' dir='ltr'><strong>cum</strong></span> <span class='ocrx_word' id='word_1_199' title='bbox 623 2544 730 2600; x_wconf 91' lang='lat' dir='ltr'><strong>hoc</strong></span> <span class='ocrx_word' id='word_1_200' title='bbox 763 2545 978 2613; x_wconf 80' lang='lat' dir='ltr'><strong>fecerit,</strong></span> <span class='ocrx_word' id='word_1_201' title='bbox 1003 2546 1170 2602; x_wconf 91' lang='lat' dir='ltr'><strong>dolor</strong></span> <span class='ocrx_word' id='word_1_202' title='bbox 1199 2547 1477 2602; x_wconf 91' lang='lat' dir='ltr'><strong>continuo</strong></span> <span class='ocrx_word' id='word_1_203' title='bbox 1508 2547 1895 2617; x_wconf 86' lang='lat' dir='ltr'><strong>conquiescit.</strong></span> 
     </span>
    </p>
   </div>
   <div class='ocr_carea' id='block_1_29' title="bbox 532 2624 2112 2694">
    <p class='ocr_par' dir='ltr' id='par_1_29' title="bbox 532 2624 2112 2694">
     <span class='ocr_line' id='line_1_29' title="bbox 532 2624 2112 2694; baseline -0.002 -15"><span class='ocrx_word' id='word_1_204' title='bbox 532 2625 615 2679; x_wconf 90' lang='grc'><strong>15.</strong></span> <span class='ocrx_word' id='word_1_205' title='bbox 650 2625 920 2680; x_wconf 90' lang='lat' dir='ltr'><strong>Audurus</strong></span> <span class='ocrx_word' id='word_1_206' title='bbox 942 2642 1152 2680; x_wconf 92' lang='lat' dir='ltr'><strong>nomen</strong></span> <span class='ocrx_word' id='word_1_207' title='bbox 1186 2631 1276 2681; x_wconf 90' lang='lat' dir='ltr'><strong>est</strong></span> <span class='ocrx_word' id='word_1_208' title='bbox 1298 2626 1484 2694; x_wconf 88' lang='lat' dir='ltr'><strong>fundi,</strong></span> <span class='ocrx_word' id='word_1_209' title='bbox 1506 2625 1601 2681; x_wconf 92' lang='lat' dir='ltr'><strong>ubi</strong></span> <span class='ocrx_word' id='word_1_210' title='bbox 1632 2624 1880 2681; x_wconf 89' lang='lat' dir='ltr'><strong>ecclesia</strong></span> <span class='ocrx_word' id='word_1_211' title='bbox 1912 2626 2021 2691; x_wconf 89' lang='lat' dir='ltr'><strong>est,</strong></span> <span class='ocrx_word' id='word_1_212' title='bbox 2053 2627 2112 2678; x_wconf 91' lang='lat' dir='ltr'><strong>et</strong></span> 
     </span>
    </p>
   </div>
   <div class='ocr_carea' id='block_1_30' title="bbox 459 2705 2108 2778">
    <p class='ocr_par' dir='ltr' id='par_1_30' title="bbox 459 2705 2108 2778">
     <span class='ocr_line' id='line_1_30' title="bbox 459 2705 2108 2778; baseline -0.003 -17"><span class='ocrx_word' id='word_1_213' title='bbox 459 2706 516 2761; x_wconf 92' lang='lat' dir='ltr'><strong>in</strong></span> <span class='ocrx_word' id='word_1_214' title='bbox 551 2720 616 2759; x_wconf 89' lang='lat' dir='ltr'><strong>ea</strong></span> <span class='ocrx_word' id='word_1_215' title='bbox 649 2705 926 2760; x_wconf 91' lang='lat' dir='ltr'><strong>memoria</strong></span> <span class='ocrx_word' id='word_1_216' title='bbox 959 2705 1239 2775; x_wconf 86' lang='lat' dir='ltr'><strong>Stephani</strong></span> <span class='ocrx_word' id='word_1_217' title='bbox 1273 2707 1564 2778; x_wconf 88' lang='lat' dir='ltr'><strong>martyris.</strong></span> <span class='ocrx_word' id='word_1_218' title='bbox 1618 2707 1868 2760; x_wconf 90' lang='lat' dir='ltr'><strong>Puerum</strong></span> <span class='ocrx_word' id='word_1_219' title='bbox 1903 2719 2108 2774; x_wconf 87' lang='lat' dir='ltr'><strong>quem-</strong></span> 
     </span>
    </p>
   </div>
   <div class='ocr_carea' id='block_1_31' title="bbox 459 2785 2111 2858">
    <p class='ocr_par' dir='ltr' id='par_1_31' title="bbox 459 2785 2111 2858">
     <span class='ocr_line' id='line_1_31' title="bbox 459 2785 2111 2858; baseline -0.002 -17"><span class='ocrx_word' id='word_1_220' title='bbox 459 2787 591 2841; x_wconf 89' lang='lat' dir='ltr'><strong>dam</strong></span> <span class='ocrx_word' id='word_1_221' title='bbox 626 2787 958 2858; x_wconf 90' lang='lat' dir='ltr'><strong>parvulum,</strong></span> <span class='ocrx_word' id='word_1_222' title='bbox 992 2805 1127 2843; x_wconf 91' lang='lat' dir='ltr'><strong>cum</strong></span> <span class='ocrx_word' id='word_1_223' title='bbox 1168 2788 1226 2842; x_wconf 90' lang='lat' dir='ltr'><strong>in</strong></span> <span class='ocrx_word' id='word_1_224' title='bbox 1262 2804 1397 2844; x_wconf 87' lang='lat' dir='ltr'><strong>area</strong></span> <span class='ocrx_word' id='word_1_225' title='bbox 1445 2788 1683 2854; x_wconf 88' lang='lat' dir='ltr'><strong>luderet,</strong></span> <span class='ocrx_word' id='word_1_226' title='bbox 1717 2785 2111 2843; x_wconf 86' lang='lat' dir='ltr'><strong>exorbitantes</strong></span> 
     </span>
    </p>
   </div>
   <div class='ocr_carea' id='block_1_32' title="bbox 461 2867 2108 2937">
    <p class='ocr_par' dir='ltr' id='par_1_32' title="bbox 461 2867 2108 2937">
     <span class='ocr_line' id='line_1_32' title="bbox 461 2867 2108 2937; baseline -0.002 -15"><span class='ocrx_word' id='word_1_227' title='bbox 461 2867 632 2922; x_wconf 88' lang='lat' dir='ltr'><strong>boves</strong></span> <span class='ocrx_word' id='word_1_228' title='bbox 662 2867 761 2937; x_wconf 87' lang='lat' dir='ltr'><strong>qui</strong></span> <span class='ocrx_word' id='word_1_229' title='bbox 802 2868 1137 2922; x_wconf 91' lang='lat' dir='ltr'><strong>vehiculum</strong></span> <span class='ocrx_word' id='word_1_230' title='bbox 1186 2869 1515 2936; x_wconf 87' lang='lat' dir='ltr'><strong>trahebant,</strong></span> <span class='ocrx_word' id='word_1_231' title='bbox 1551 2873 1675 2922; x_wconf 87' lang='lat' dir='ltr'><strong>rota</strong></span> <span class='ocrx_word' id='word_1_232' title='bbox 1724 2867 2108 2930; x_wconf 90' lang='lat' dir='ltr'><strong>obtriverunt,</strong></span> 
     </span>
    </p>
   </div>
   <div class='ocr_carea' id='block_1_33' title="bbox 460 2946 2108 3018">
    <p class='ocr_par' dir='ltr' id='par_1_33' title="bbox 460 2946 2108 3018">
     <span class='ocr_line' id='line_1_33' title="bbox 460 2946 2108 3018; baseline -0.002 -18"><span class='ocrx_word' id='word_1_233' title='bbox 460 2955 512 3000; x_wconf 93' lang='lat' dir='ltr'><strong>et</strong></span> <span class='ocrx_word' id='word_1_234' title='bbox 543 2946 847 3001; x_wconf 87' lang='lat' dir='ltr'><strong>confestim</strong></span> <span class='ocrx_word' id='word_1_235' title='bbox 908 2947 1214 3018; x_wconf 91' lang='lat' dir='ltr'><strong>palpitavit</strong></span> <span class='ocrx_word' id='word_1_236' title='bbox 1245 2949 1574 3017; x_wconf 86' lang='lat' dir='ltr'><strong>exspirans.</strong></span> <span class='ocrx_word' id='word_1_237' title='bbox 1609 2947 1773 3002; x_wconf 88' lang='lat' dir='ltr'><strong>Hunc</strong></span> <span class='ocrx_word' id='word_1_238' title='bbox 1801 2949 1986 2999; x_wconf 89' lang='lat' dir='ltr'><strong>mater</strong></span> <span class='ocrx_word' id='word_1_239' title='bbox 2016 2961 2108 2998; x_wconf 90' lang='lat' dir='ltr'><strong>ar-</strong></span> 
     </span>
    </p>
   </div>
   <div class='ocr_carea' id='block_1_34' title="bbox 461 3028 2110 3098">
    <p class='ocr_par' dir='ltr' id='par_1_34' title="bbox 461 3028 2110 3098">
     <span class='ocr_line' id='line_1_34' title="bbox 461 3028 2110 3098; baseline -0.004 -14"><span class='ocrx_word' id='word_1_240' title='bbox 461 3033 688 3097; x_wconf 86' lang='lat' dir='ltr'><strong>reptum</strong></span> <span class='ocrx_word' id='word_1_241' title='bbox 723 3029 793 3081; x_wconf 89' lang='lat' dir='ltr'><strong>ad</strong></span> <span class='ocrx_word' id='word_1_242' title='bbox 843 3029 1107 3083; x_wconf 87' lang='lat' dir='ltr'><strong>eamdem</strong></span> <span class='ocrx_word' id='word_1_243' title='bbox 1139 3028 1472 3083; x_wconf 82' lang='lat' dir='ltr'><strong>memoriam</strong></span> <span class='ocrx_word' id='word_1_244' title='bbox 1508 3029 1703 3098; x_wconf 87' lang='lat' dir='ltr'><strong>posuit</strong></span> <span class='ocrx_word' id='word_1_245' title='bbox 1734 3045 1747 3094; x_wconf 88' lang='lat'><strong>;</strong></span> <span class='ocrx_word' id='word_1_246' title='bbox 1781 3034 1834 3081; x_wconf 91' lang='lat' dir='ltr'><strong>et</strong></span> <span class='ocrx_word' id='word_1_247' title='bbox 1863 3039 1979 3080; x_wconf 90' lang='lat' dir='ltr'><strong>non</strong></span> <span class='ocrx_word' id='word_1_248' title='bbox 2012 3040 2110 3079; x_wconf 85' lang='lat' dir='ltr'><strong>so-</strong></span> 
     </span>
    </p>
   </div>
   <div class='ocr_carea' id='block_1_35' title="bbox 464 3107 1858 3177">
    <p class='ocr_par' dir='ltr' id='par_1_35' title="bbox 464 3107 1858 3177">
     <span class='ocr_line' id='line_1_35' title="bbox 464 3107 1858 3177; baseline -0.003 -15"><span class='ocrx_word' id='word_1_249' title='bbox 464 3107 586 3162; x_wconf 92' lang='lat' dir='ltr'><strong>lum</strong></span> <span class='ocrx_word' id='word_1_250' title='bbox 622 3107 844 3174; x_wconf 80' lang='lat' dir='ltr'><strong>revixit,</strong></span> <span class='ocrx_word' id='word_1_251' title='bbox 877 3123 1076 3160; x_wconf 91' lang='lat' dir='ltr'><strong>verum</strong></span> <span class='ocrx_word' id='word_1_252' title='bbox 1111 3107 1287 3161; x_wconf 90' lang='lat' dir='ltr'><strong>etiam</strong></span> <span class='ocrx_word' id='word_1_253' title='bbox 1318 3107 1537 3161; x_wconf 71' lang='lat' dir='ltr'><strong>illaesos</strong></span> <span class='ocrx_word' id='word_1_254' title='bbox 1568 3107 1858 3177; x_wconf 88' lang='lat' dir='ltr'><strong>apparuit.</strong></span> 
     </span>
    </p>
   </div>
   <div class='ocr_carea' id='block_1_36' title="bbox 536 3184 2112 3256">
    <p class='ocr_par' dir='ltr' id='par_1_36' title="bbox 536 3184 2112 3256">
     <span class='ocr_line' id='line_1_36' title="bbox 536 3184 2112 3256; baseline -0.003 -13"><span class='ocrx_word' id='word_1_255' title='bbox 536 3189 621 3243; x_wconf 85' lang='lat'><strong>16.</strong></span> <span class='ocrx_word' id='word_1_256' title='bbox 648 3186 1124 3241; x_wconf 87' lang='lat' dir='ltr'><strong>Sanctimonialis</strong></span> <span class='ocrx_word' id='word_1_257' title='bbox 1147 3187 1416 3256; x_wconf 70' lang='lat' dir='ltr'><strong>quaedam</strong></span> <span class='ocrx_word' id='word_1_258' title='bbox 1433 3187 1491 3240; x_wconf 91' lang='lat' dir='ltr'><strong>in</strong></span> <span class='ocrx_word' id='word_1_259' title='bbox 1515 3186 1702 3240; x_wconf 90' lang='lat' dir='ltr'><strong>vicina</strong></span> <span class='ocrx_word' id='word_1_260' title='bbox 1724 3184 2112 3255; x_wconf 89' lang='lat' dir='ltr'><strong>pessessione,</strong></span> 
     </span>
    </p>
   </div>
   <div class='ocr_carea' id='block_1_37' title="bbox 466 3265 2112 3339">
    <p class='ocr_par' dir='ltr' id='par_1_37' title="bbox 466 3265 2112 3339">
     <span class='ocr_line' id='line_1_37' title="bbox 466 3265 2112 3339; baseline -0.002 -17"><span class='ocrx_word' id='word_1_261' title='bbox 466 3283 592 3339; x_wconf 82' lang='lat' dir='ltr'><strong>quas</strong></span> <span class='ocrx_word' id='word_1_262' title='bbox 621 3266 961 3336; x_wconf 89' lang='lat' dir='ltr'><strong>Caspaliana</strong></span> <span class='ocrx_word' id='word_1_263' title='bbox 993 3267 1226 3333; x_wconf 89' lang='lat' dir='ltr'><strong>dicitur,</strong></span> <span class='ocrx_word' id='word_1_264' title='bbox 1269 3283 1403 3322; x_wconf 90' lang='lat' dir='ltr'><strong>cum</strong></span> <span class='ocrx_word' id='word_1_265' title='bbox 1433 3267 1770 3339; x_wconf 57' lang='lat' dir='ltr'><strong>aegritudine</strong></span> <span class='ocrx_word' id='word_1_266' title='bbox 1807 3265 2112 3334; x_wconf 87' lang='lat' dir='ltr'><strong>laboraret,</strong></span> 
     </span>
    </p>
   </div>
   <div class='ocr_carea' id='block_1_38' title="bbox 465 3346 2116 3418">
    <p class='ocr_par' dir='ltr' id='par_1_38' title="bbox 465 3346 2116 3418">
     <span class='ocr_line' id='line_1_38' title="bbox 465 3346 2116 3418; baseline -0.001 -16"><span class='ocrx_word' id='word_1_267' title='bbox 465 3364 530 3402; x_wconf 85' lang='lat' dir='ltr'><strong>ac</strong></span> <span class='ocrx_word' id='word_1_268' title='bbox 551 3348 982 3418; x_wconf 89' lang='lat' dir='ltr'><strong>desperaretur,</strong></span> <span class='ocrx_word' id='word_1_269' title='bbox 1006 3349 1073 3402; x_wconf 89' lang='lat' dir='ltr'><strong>ad</strong></span> <span class='ocrx_word' id='word_1_270' title='bbox 1098 3348 1364 3402; x_wconf 90' lang='lat' dir='ltr'><strong>eamdem</strong></span> <span class='ocrx_word' id='word_1_271' title='bbox 1396 3349 1734 3402; x_wconf 90' lang='lat' dir='ltr'><strong>memoriam</strong></span> <span class='ocrx_word' id='word_1_272' title='bbox 1763 3346 1958 3400; x_wconf 92' lang='lat' dir='ltr'><strong>tunica</strong></span> <span class='ocrx_word' id='word_1_273' title='bbox 1988 3347 2116 3415; x_wconf 88' lang='lat' dir='ltr'><strong>ejus</strong></span> 
     </span>
    </p>
   </div>
   <div class='ocr_carea' id='block_1_39' title="bbox 468 3425 2119 3500">
    <p class='ocr_par' dir='ltr' id='par_1_39' title="bbox 468 3425 2119 3500">
     <span class='ocr_line' id='line_1_39' title="bbox 468 3425 2119 3500; baseline -0.002 -16"><span class='ocrx_word' id='word_1_274' title='bbox 468 3427 646 3484; x_wconf 88' lang='lat' dir='ltr'><strong>allata</strong></span> <span class='ocrx_word' id='word_1_275' title='bbox 675 3433 790 3484; x_wconf 91' lang='lat' dir='ltr'><strong>est:</strong></span> <span class='ocrx_word' id='word_1_276' title='bbox 825 3445 955 3500; x_wconf 64' lang='lat' dir='ltr'><strong>qua</strong></span> <span class='ocrx_word' id='word_1_277' title='bbox 985 3433 1299 3500; x_wconf 85' lang='lat' dir='ltr'><strong>antequam</strong></span> <span class='ocrx_word' id='word_1_278' title='bbox 1332 3432 1718 3492; x_wconf 89' lang='lat' dir='ltr'><strong>revocaretur,</strong></span> <span class='ocrx_word' id='word_1_279' title='bbox 1749 3426 1849 3481; x_wconf 91' lang='lat' dir='ltr'><strong>illa</strong></span> <span class='ocrx_word' id='word_1_280' title='bbox 1881 3425 2119 3481; x_wconf 87' lang='lat' dir='ltr'><strong>defunc-</strong></span> 
     </span>
    </p>
   </div>
   <div class='ocr_carea' id='block_1_40' title="bbox 473 3507 2118 3580">
    <p class='ocr_par' dir='ltr' id='par_1_40' title="bbox 473 3507 2118 3580">
     <span class='ocr_line' id='line_1_40' title="bbox 473 3507 2118 3580; baseline -0.002 -18"><span class='ocrx_word' id='word_1_281' title='bbox 473 3516 528 3563; x_wconf 90' lang='lat' dir='ltr'><strong>ta</strong></span> <span class='ocrx_word' id='word_1_282' title='bbox 549 3512 657 3563; x_wconf 90' lang='lat' dir='ltr'><strong>est.</strong></span> <span class='ocrx_word' id='word_1_283' title='bbox 692 3514 812 3565; x_wconf 87' lang='lat' dir='ltr'><strong>Hac</strong></span> <span class='ocrx_word' id='word_1_284' title='bbox 842 3514 1036 3564; x_wconf 89' lang='lat' dir='ltr'><strong>tamen</strong></span> <span class='ocrx_word' id='word_1_285' title='bbox 1079 3509 1278 3564; x_wconf 90' lang='lat' dir='ltr'><strong>tunica</strong></span> <span class='ocrx_word' id='word_1_286' title='bbox 1321 3513 1675 3580; x_wconf 90' lang='lat' dir='ltr'><strong>operuerunt</strong></span> <span class='ocrx_word' id='word_1_287' title='bbox 1716 3507 1964 3562; x_wconf 90' lang='lat' dir='ltr'><strong>cadaver</strong></span> <span class='ocrx_word' id='word_1_288' title='bbox 1993 3507 2118 3575; x_wconf 82' lang='lat' dir='ltr'><strong>ejus</strong></span> 
     </span>
    </p>
   </div>
   <div class='ocr_carea' id='block_1_41' title="bbox 471 3590 1854 3662">
    <p class='ocr_par' dir='ltr' id='par_1_41' title="bbox 471 3590 1854 3662">
     <span class='ocr_line' id='line_1_41' title="bbox 471 3590 1854 3662; baseline -0.003 -17"><span class='ocrx_word' id='word_1_289' title='bbox 471 3595 760 3662; x_wconf 86' lang='lat' dir='ltr'><strong>parentes,</strong></span> <span class='ocrx_word' id='word_1_290' title='bbox 794 3596 851 3645; x_wconf 91' lang='lat' dir='ltr'><strong>et</strong></span> <span class='ocrx_word' id='word_1_291' title='bbox 877 3595 1110 3661; x_wconf 89' lang='lat' dir='ltr'><strong>recepto</strong></span> <span class='ocrx_word' id='word_1_292' title='bbox 1139 3591 1345 3660; x_wconf 88' lang='lat' dir='ltr'><strong>spiritu</strong></span> <span class='ocrx_word' id='word_1_293' title='bbox 1381 3590 1540 3644; x_wconf 87' lang='lat' dir='ltr'><strong>salva</strong></span> <span class='ocrx_word' id='word_1_294' title='bbox 1571 3590 1721 3644; x_wconf 89' lang='lat' dir='ltr'><strong>facta</strong></span> <span class='ocrx_word' id='word_1_295' title='bbox 1745 3593 1854 3642; x_wconf 92' lang='lat' dir='ltr'><strong>est.</strong></span> 
     </span>
    </p>
   </div>
   <div class='ocr_carea' id='block_1_42' title="bbox 548 3665 2120 3742">
    <p class='ocr_par' dir='ltr' id='par_1_42' title="bbox 548 3665 2120 3742">
     <span class='ocr_line' id='line_1_42' title="bbox 548 3665 2120 3742; baseline -0.003 -20"><span class='ocrx_word' id='word_1_296' title='bbox 548 3671 633 3723; x_wconf 88' lang='lat'><strong>17.</strong></span> <span class='ocrx_word' id='word_1_297' title='bbox 674 3672 840 3739; x_wconf 87' lang='lat' dir='ltr'><strong>Apud</strong></span> <span class='ocrx_word' id='word_1_298' title='bbox 900 3671 1225 3742; x_wconf 80' lang='lat' dir='ltr'><strong>Hipponem</strong></span> <span class='ocrx_word' id='word_1_299' title='bbox 1277 3671 1495 3724; x_wconf 86' lang='lat' dir='ltr'><strong>Bassus</strong></span> <span class='ocrx_word' id='word_1_300' title='bbox 1539 3668 1774 3738; x_wconf 91' lang='lat' dir='ltr'><strong>quidam</strong></span> <span class='ocrx_word' id='word_1_301' title='bbox 1837 3667 2016 3738; x_wconf 80' lang='lat' dir='ltr'><strong>Syrus</strong></span> <span class='ocrx_word' id='word_1_302' title='bbox 2050 3665 2120 3719; x_wconf 84' lang='lat' dir='ltr'><strong>ad</strong></span> 
     </span>
    </p>
   </div>
   <div class='ocr_carea' id='block_1_43' title="bbox 476 3748 2124 3821">
    <p class='ocr_par' dir='ltr' id='par_1_43' title="bbox 476 3748 2124 3821">
     <span class='ocr_line' id='line_1_43' title="bbox 476 3748 2124 3821; baseline -0.002 -20"><span class='ocrx_word' id='word_1_303' title='bbox 476 3749 814 3802; x_wconf 89' lang='lat' dir='ltr'><strong>memoriam</strong></span> <span class='ocrx_word' id='word_1_304' title='bbox 841 3749 1100 3818; x_wconf 85' lang='lat' dir='ltr'><strong>ejusdem</strong></span> <span class='ocrx_word' id='word_1_305' title='bbox 1137 3750 1408 3821; x_wconf 84' lang='lat' dir='ltr'><strong>martyris</strong></span> <span class='ocrx_word' id='word_1_306' title='bbox 1440 3749 1645 3803; x_wconf 89' lang='lat' dir='ltr'><strong>orabat</strong></span> <span class='ocrx_word' id='word_1_307' title='bbox 1685 3763 1786 3817; x_wconf 91' lang='lat' dir='ltr'><strong>pro</strong></span> <span class='ocrx_word' id='word_1_308' title='bbox 1810 3748 2124 3816; x_wconf 75' lang='lat' dir='ltr'><strong>aegrotante</strong></span> 
     </span>
    </p>
   </div>
   <div class='ocr_carea' id='block_1_44' title="bbox 479 3827 2124 3901">
    <p class='ocr_par' dir='ltr' id='par_1_44' title="bbox 479 3827 2124 3901">
     <span class='ocr_line' id='line_1_44' title="bbox 479 3827 2124 3901; baseline -0.002 -21"><span class='ocrx_word' id='word_1_309' title='bbox 479 3831 536 3881; x_wconf 87' lang='lat' dir='ltr'><strong>et</strong></span> <span class='ocrx_word' id='word_1_310' title='bbox 561 3827 913 3896; x_wconf 84' lang='lat' dir='ltr'><strong>periclitante</strong></span> <span class='ocrx_word' id='word_1_311' title='bbox 946 3829 1083 3896; x_wconf 82' lang='lat' dir='ltr'><strong>filia,</strong></span> <span class='ocrx_word' id='word_1_312' title='bbox 1116 3846 1300 3901; x_wconf 90' lang='lat' dir='ltr'><strong>eoque</strong></span> <span class='ocrx_word' id='word_1_313' title='bbox 1330 3845 1530 3885; x_wconf 88' lang='lat' dir='ltr'><strong>secum</strong></span> <span class='ocrx_word' id='word_1_314' title='bbox 1557 3832 1774 3882; x_wconf 88' lang='lat' dir='ltr'><strong>vestem</strong></span> <span class='ocrx_word' id='word_1_315' title='bbox 1807 3829 1936 3895; x_wconf 86' lang='lat' dir='ltr'><strong>ejus</strong></span> <span class='ocrx_word' id='word_1_316' title='bbox 1966 3831 2124 3878; x_wconf 82' lang='lat' dir='ltr'><strong>attu-</strong></span> 
     </span>
    </p>
   </div>
   <div class='ocr_carea' id='block_1_45' title="bbox 481 3904 2128 3980">
    <p class='ocr_par' dir='ltr' id='par_1_45' title="bbox 481 3904 2128 3980">
     <span class='ocr_line' id='line_1_45' title="bbox 481 3904 2128 3980; baseline -0.002 -18"><span class='ocrx_word' id='word_1_317' title='bbox 481 3905 624 3962; x_wconf 87' lang='lat' dir='ltr'><strong>lerat</strong></span> <span class='ocrx_word' id='word_1_318' title='bbox 656 3923 668 3960; x_wconf 95' lang='lat'><strong>:</strong></span> <span class='ocrx_word' id='word_1_319' title='bbox 703 3923 830 3962; x_wconf 89' lang='lat' dir='ltr'><strong>cum</strong></span> <span class='ocrx_word' id='word_1_320' title='bbox 855 3924 984 3964; x_wconf 92' lang='lat' dir='ltr'><strong>ecce</strong></span> <span class='ocrx_word' id='word_1_321' title='bbox 1017 3910 1177 3980; x_wconf 90' lang='lat' dir='ltr'><strong>pueri</strong></span> <span class='ocrx_word' id='word_1_322' title='bbox 1205 3912 1273 3964; x_wconf 90' lang='lat' dir='ltr'><strong>de</strong></span> <span class='ocrx_word' id='word_1_323' title='bbox 1291 3911 1464 3966; x_wconf 91' lang='lat' dir='ltr'><strong>domo</strong></span> <span class='ocrx_word' id='word_1_324' title='bbox 1495 3915 1902 3974; x_wconf 73' lang='lat' dir='ltr'><strong>cucurrerunt,</strong></span> <span class='ocrx_word' id='word_1_325' title='bbox 1937 3906 2036 3977; x_wconf 92' lang='lat' dir='ltr'><strong>qui</strong></span> <span class='ocrx_word' id='word_1_326' title='bbox 2073 3904 2128 3958; x_wconf 91' lang='lat' dir='ltr'><strong>ei</strong></span> 
     </span>
    </p>
   </div>
   <div class='ocr_carea' id='block_1_46' title="bbox 483 3984 2129 4056">
    <p class='ocr_par' dir='ltr' id='par_1_46' title="bbox 483 3984 2129 4056">
     <span class='ocr_line' id='line_1_46' title="bbox 483 3984 2129 4056; baseline -0.003 -14"><span class='ocrx_word' id='word_1_327' title='bbox 483 3992 768 4042; x_wconf 88' lang='lat' dir='ltr'><strong>mortuam</strong></span> <span class='ocrx_word' id='word_1_328' title='bbox 803 3987 1156 4043; x_wconf 84' lang='lat' dir='ltr'><strong>nuntiarent.</strong></span> <span class='ocrx_word' id='word_1_329' title='bbox 1189 3989 1298 4043; x_wconf 92' lang='lat' dir='ltr'><strong>Sed</strong></span> <span class='ocrx_word' id='word_1_330' title='bbox 1326 4005 1484 4056; x_wconf 92' lang='lat' dir='ltr'><strong>cum,</strong></span> <span class='ocrx_word' id='word_1_331' title='bbox 1505 3993 1700 4044; x_wconf 87' lang='lat' dir='ltr'><strong>orante</strong></span> <span class='ocrx_word' id='word_1_332' title='bbox 1741 3987 1860 4055; x_wconf 91' lang='lat' dir='ltr'><strong>illo,</strong></span> <span class='ocrx_word' id='word_1_333' title='bbox 1892 3987 1962 4040; x_wconf 87' lang='lat' dir='ltr'><strong>ab</strong></span> <span class='ocrx_word' id='word_1_334' title='bbox 1986 3984 2129 4038; x_wconf 89' lang='lat' dir='ltr'><strong>ami-</strong></span> 
     </span>
    </p>
   </div>
   <div class='ocr_carea' id='block_1_47' title="bbox 483 4066 2127 4140">
    <p class='ocr_par' dir='ltr' id='par_1_47' title="bbox 483 4066 2127 4140">
     <span class='ocr_line' id='line_1_47' title="bbox 483 4066 2127 4140; baseline -0.002 -18"><span class='ocrx_word' id='word_1_335' title='bbox 483 4067 567 4122; x_wconf 93' lang='lat' dir='ltr'><strong>cis</strong></span> <span class='ocrx_word' id='word_1_336' title='bbox 598 4067 726 4136; x_wconf 87' lang='lat' dir='ltr'><strong>ejus</strong></span> <span class='ocrx_word' id='word_1_337' title='bbox 749 4067 1170 4139; x_wconf 89' lang='lat' dir='ltr'><strong>exciperentur,</strong></span> <span class='ocrx_word' id='word_1_338' title='bbox 1211 4070 1637 4140; x_wconf 89' lang='lat' dir='ltr'><strong>prohibuerunt</strong></span> <span class='ocrx_word' id='word_1_339' title='bbox 1667 4085 1766 4124; x_wconf 91' lang='lat' dir='ltr'><strong>eos</strong></span> <span class='ocrx_word' id='word_1_340' title='bbox 1797 4066 1880 4122; x_wconf 89' lang='lat' dir='ltr'><strong>illi</strong></span> <span class='ocrx_word' id='word_1_341' title='bbox 1915 4067 2127 4134; x_wconf 86' lang='lat' dir='ltr'><strong>dicere,</strong></span> 
     </span>
    </p>
   </div>
   <div class='ocr_carea' id='block_1_48' title="bbox 483 4145 2130 4220">
    <p class='ocr_par' dir='ltr' id='par_1_48' title="bbox 483 4145 2130 4220">
     <span class='ocr_line' id='line_1_48' title="bbox 483 4145 2130 4220; baseline -0.003 -17"><span class='ocrx_word' id='word_1_342' title='bbox 483 4165 555 4204; x_wconf 91' lang='lat' dir='ltr'><strong>ne</strong></span> <span class='ocrx_word' id='word_1_343' title='bbox 577 4163 678 4218; x_wconf 91' lang='lat' dir='ltr'><strong>per</strong></span> <span class='ocrx_word' id='word_1_344' title='bbox 709 4149 1008 4220; x_wconf 91' lang='lat' dir='ltr'><strong>publicum</strong></span> <span class='ocrx_word' id='word_1_345' title='bbox 1034 4149 1347 4220; x_wconf 78' lang='lat' dir='ltr'><strong>plangeret.</strong></span> <span class='ocrx_word' id='word_1_346' title='bbox 1381 4151 1489 4216; x_wconf 88' lang='lat' dir='ltr'><strong>Qui</strong></span> <span class='ocrx_word' id='word_1_347' title='bbox 1518 4165 1650 4206; x_wconf 92' lang='lat' dir='ltr'><strong>cum</strong></span> <span class='ocrx_word' id='word_1_348' title='bbox 1669 4148 1912 4203; x_wconf 90' lang='lat' dir='ltr'><strong>domum</strong></span> <span class='ocrx_word' id='word_1_349' title='bbox 1945 4145 2130 4200; x_wconf 89' lang='lat' dir='ltr'><strong>redis-</strong></span> 
     </span>
    </p>
   </div>
   <div class='ocr_carea' id='block_1_49' title="bbox 484 4229 2130 4300">
    <p class='ocr_par' dir='ltr' id='par_1_49' title="bbox 484 4229 2130 4300">
     <span class='ocr_line' id='line_1_49' title="bbox 484 4229 2130 4300; baseline -0.002 -17"><span class='ocrx_word' id='word_1_350' title='bbox 484 4233 573 4283; x_wconf 85' lang='lat' dir='ltr'><strong>set</strong></span> <span class='ocrx_word' id='word_1_351' title='bbox 591 4230 707 4298; x_wconf 80' lang='lat' dir='ltr'><strong>jam</strong></span> <span class='ocrx_word' id='word_1_352' title='bbox 734 4247 974 4285; x_wconf 91' lang='lat' dir='ltr'><strong>suorum</strong></span> <span class='ocrx_word' id='word_1_353' title='bbox 1015 4229 1331 4298; x_wconf 88' lang='lat' dir='ltr'><strong>ejulatibus</strong></span> <span class='ocrx_word' id='word_1_354' title='bbox 1365 4235 1800 4300; x_wconf 89' lang='lat' dir='ltr'><strong>personantem,</strong></span> <span class='ocrx_word' id='word_1_355' title='bbox 1835 4234 1886 4280; x_wconf 83' lang='lat' dir='ltr'><strong>et</strong></span> <span class='ocrx_word' id='word_1_356' title='bbox 1919 4230 2130 4280; x_wconf 87' lang='lat' dir='ltr'><strong>vestem</strong></span> 
     </span>
    </p>
   </div>
   <div class='ocr_carea' id='block_1_50' title="bbox 486 4306 2136 4379">
    <p class='ocr_par' dir='ltr' id='par_1_50' title="bbox 486 4306 2136 4379">
     <span class='ocr_line' id='line_1_50' title="bbox 486 4306 2136 4379; baseline 0.001 -19"><span class='ocrx_word' id='word_1_357' title='bbox 486 4308 613 4360; x_wconf 81' lang='lat' dir='ltr'><strong>filiae</strong></span> <span class='ocrx_word' id='word_1_358' title='bbox 645 4325 822 4378; x_wconf 89' lang='lat' dir='ltr'><strong>quam</strong></span> <span class='ocrx_word' id='word_1_359' title='bbox 850 4311 1089 4374; x_wconf 82' lang='lat' dir='ltr'><strong>ferebat,</strong></span> <span class='ocrx_word' id='word_1_360' title='bbox 1125 4324 1304 4376; x_wconf 83' lang='lat' dir='ltr'><strong>super</strong></span> <span class='ocrx_word' id='word_1_361' title='bbox 1335 4325 1462 4363; x_wconf 89' lang='lat' dir='ltr'><strong>eam</strong></span> <span class='ocrx_word' id='word_1_362' title='bbox 1499 4308 1861 4379; x_wconf 86' lang='lat' dir='ltr'><strong>projecisset,</strong></span> <span class='ocrx_word' id='word_1_363' title='bbox 1913 4306 2136 4361; x_wconf 80' lang='lat' dir='ltr'><strong>reddita</strong></span> 
     </span>
    </p>
   </div>
   <div class='ocr_carea' id='block_1_51' title="bbox 484 4389 752 4439">
    <p class='ocr_par' dir='ltr' id='par_1_51' title="bbox 484 4389 752 4439">
     <span class='ocr_line' id='line_1_51' title="bbox 484 4389 752 4439; baseline 0.004 -1"><span class='ocrx_word' id='word_1_364' title='bbox 484 4394 569 4438; x_wconf 90' lang='lat' dir='ltr'><strong>est</strong></span> <span class='ocrx_word' id='word_1_365' title='bbox 600 4389 752 4439; x_wconf 75' lang='lat' dir='ltr'><strong>vitm.</strong></span> 
     </span>
    </p>
   </div>
   <div class='ocr_carea' id='block_1_52' title="bbox 559 4465 2134 4535">
    <p class='ocr_par' dir='ltr' id='par_1_52' title="bbox 559 4465 2134 4535">
     <span class='ocr_line' id='line_1_52' title="bbox 559 4465 2134 4535; baseline 0.003 -20"><span class='ocrx_word' id='word_1_366' title='bbox 559 4465 642 4518; x_wconf 84' lang='lat'><strong>18.</strong></span> <span class='ocrx_word' id='word_1_367' title='bbox 677 4465 899 4520; x_wconf 81' lang='lat' dir='ltr'><strong>Rursus</strong></span> <span class='ocrx_word' id='word_1_368' title='bbox 939 4465 1157 4519; x_wconf 87' lang='lat' dir='ltr'><strong>ibidem</strong></span> <span class='ocrx_word' id='word_1_369' title='bbox 1193 4465 1344 4534; x_wconf 89' lang='lat' dir='ltr'><strong>apud</strong></span> <span class='ocrx_word' id='word_1_370' title='bbox 1399 4483 1502 4521; x_wconf 88' lang='lat' dir='ltr'><strong>nos</strong></span> <span class='ocrx_word' id='word_1_371' title='bbox 1548 4465 1768 4532; x_wconf 64' lang='lat' dir='ltr'><strong>Irenaai,</strong></span> <span class='ocrx_word' id='word_1_372' title='bbox 1826 4465 2134 4535; x_wconf 82' lang='lat' dir='ltr'><strong>cujusdam</strong></span> 
     </span>
    </p>
   </div>
   <div class='ocr_carea' id='block_1_53' title="bbox 485 4543 2138 4616">
    <p class='ocr_par' dir='ltr' id='par_1_53' title="bbox 485 4543 2138 4616">
     <span class='ocr_line' id='line_1_53' title="bbox 485 4543 2138 4616; baseline 0.001 -18"><span class='ocrx_word' id='word_1_373' title='bbox 485 4543 803 4598; x_wconf 87' lang='lat' dir='ltr'><strong>collectarii</strong></span> <span class='ocrx_word' id='word_1_374' title='bbox 837 4543 1010 4609; x_wconf 75' lang='lat' dir='ltr'><strong>illius,</strong></span> <span class='ocrx_word' id='word_1_375' title='bbox 1045 4545 1371 4612; x_wconf 77' lang='lat' dir='ltr'><strong>egritudine</strong></span> <span class='ocrx_word' id='word_1_376' title='bbox 1402 4548 1718 4602; x_wconf 86' lang='lat' dir='ltr'><strong>exstinctus</strong></span> <span class='ocrx_word' id='word_1_377' title='bbox 1739 4553 1843 4601; x_wconf 89' lang='lat' dir='ltr'><strong>est.</strong></span> <span class='ocrx_word' id='word_1_378' title='bbox 1878 4549 2138 4616; x_wconf 81' lang='lat' dir='ltr'><strong>Cumque</strong></span> 
     </span>
    </p>
   </div>
   <div class='ocr_carea' id='block_1_54' title="bbox 485 4624 2142 4697">
    <p class='ocr_par' dir='ltr' id='par_1_54' title="bbox 485 4624 2142 4697">
     <span class='ocr_line' id='line_1_54' title="bbox 485 4624 2142 4697; baseline 0 -19"><span class='ocrx_word' id='word_1_379' title='bbox 485 4639 694 4693; x_wconf 89' lang='lat' dir='ltr'><strong>corpus</strong></span> <span class='ocrx_word' id='word_1_380' title='bbox 737 4626 955 4694; x_wconf 84' lang='lat' dir='ltr'><strong>jaceret</strong></span> <span class='ocrx_word' id='word_1_381' title='bbox 1008 4624 1290 4692; x_wconf 87' lang='lat' dir='ltr'><strong>exanime,</strong></span> <span class='ocrx_word' id='word_1_382' title='bbox 1322 4631 1496 4697; x_wconf 87' lang='lat' dir='ltr'><strong>atque</strong></span> <span class='ocrx_word' id='word_1_383' title='bbox 1535 4647 1565 4681; x_wconf 82' lang='lat' dir='ltr'><strong>a</strong></span> <span class='ocrx_word' id='word_1_384' title='bbox 1599 4628 1926 4695; x_wconf 77' lang='lat' dir='ltr'><strong>lugentibus</strong></span> <span class='ocrx_word' id='word_1_385' title='bbox 1959 4632 2015 4681; x_wconf 89' lang='lat' dir='ltr'><strong>et</strong></span> <span class='ocrx_word' id='word_1_386' title='bbox 2059 4627 2142 4679; x_wconf 78' lang='lat' dir='ltr'><strong>la-</strong></span> 
     </span>
    </p>
   </div>
   <div class='ocr_carea' id='block_1_55' title="bbox 489 4707 2140 4778">
    <p class='ocr_par' dir='ltr' id='par_1_55' title="bbox 489 4707 2140 4778">
     <span class='ocr_line' id='line_1_55' title="bbox 489 4707 2140 4778; baseline 0 -17"><span class='ocrx_word' id='word_1_387' title='bbox 489 4707 892 4762; x_wconf 89' lang='lat' dir='ltr'><strong>mentantibus</strong></span> <span class='ocrx_word' id='word_1_388' title='bbox 931 4707 1220 4778; x_wconf 63' lang='lat' dir='ltr'><strong>exsequias</strong></span> <span class='ocrx_word' id='word_1_389' title='bbox 1257 4714 1621 4778; x_wconf 69' lang='lat' dir='ltr'><strong>pararentur,</strong></span> <span class='ocrx_word' id='word_1_390' title='bbox 1655 4709 1976 4763; x_wconf 84' lang='lat' dir='ltr'><strong>amicorum</strong></span> <span class='ocrx_word' id='word_1_391' title='bbox 2011 4709 2140 4778; x_wconf 90' lang='lat' dir='ltr'><strong>ejus</strong></span> 
     </span>
    </p>
   </div>
   <div class='ocr_carea' id='block_1_56' title="bbox 491 4787 2139 4859">
    <p class='ocr_par' dir='ltr' id='par_1_56' title="bbox 491 4787 2139 4859">
     <span class='ocr_line' id='line_1_56' title="bbox 491 4787 2139 4859; baseline 0.001 -18"><span class='ocrx_word' id='word_1_392' title='bbox 491 4788 724 4857; x_wconf 90' lang='lat' dir='ltr'><strong>quidam</strong></span> <span class='ocrx_word' id='word_1_393' title='bbox 748 4790 895 4842; x_wconf 89' lang='lat' dir='ltr'><strong>inter</strong></span> <span class='ocrx_word' id='word_1_394' title='bbox 913 4787 1156 4844; x_wconf 88' lang='lat' dir='ltr'><strong>aliorum</strong></span> <span class='ocrx_word' id='word_1_395' title='bbox 1186 4789 1616 4844; x_wconf 89' lang='lat' dir='ltr'><strong>consolantium</strong></span> <span class='ocrx_word' id='word_1_396' title='bbox 1640 4788 1811 4844; x_wconf 86' lang='lat' dir='ltr'><strong>verba</strong></span> <span class='ocrx_word' id='word_1_397' title='bbox 1829 4790 2139 4859; x_wconf 74' lang='lat' dir='ltr'><strong>suggessit,</strong></span> 
     </span>
    </p>
   </div>
   <div class='ocr_carea' id='block_1_57' title="bbox 491 4868 2137 4943">
    <p class='ocr_par' dir='ltr' id='par_1_57' title="bbox 491 4868 2137 4943">
     <span class='ocr_line' id='line_1_57' title="bbox 491 4868 2137 4943; baseline 0.002 -23"><span class='ocrx_word' id='word_1_398' title='bbox 491 4873 553 4920; x_wconf 90' lang='lat' dir='ltr'><strong>ut</strong></span> <span class='ocrx_word' id='word_1_399' title='bbox 597 4869 858 4938; x_wconf 88' lang='lat' dir='ltr'><strong>ejusdem</strong></span> <span class='ocrx_word' id='word_1_400' title='bbox 913 4871 1186 4941; x_wconf 84' lang='lat' dir='ltr'><strong>martyris</strong></span> <span class='ocrx_word' id='word_1_401' title='bbox 1240 4868 1364 4924; x_wconf 89' lang='lat' dir='ltr'><strong>oleo</strong></span> <span class='ocrx_word' id='word_1_402' title='bbox 1423 4885 1636 4943; x_wconf 91' lang='lat' dir='ltr'><strong>corpus</strong></span> <span class='ocrx_word' id='word_1_403' title='bbox 1694 4874 2137 4942; x_wconf 87' lang='lat' dir='ltr'><strong>perungeretur.</strong></span> 
     </span>
    </p>
   </div>
   <div class='ocr_carea' id='block_1_58' title="bbox 491 4947 1208 5014">
    <p class='ocr_par' dir='ltr' id='par_1_58' title="bbox 491 4947 1208 5014">
     <span class='ocr_line' id='line_1_58' title="bbox 491 4947 1208 5014; baseline 0.003 -13"><span class='ocrx_word' id='word_1_404' title='bbox 491 4947 729 5004; x_wconf 84' lang='lat' dir='ltr'><strong>Factum</strong></span> <span class='ocrx_word' id='word_1_405' title='bbox 762 4953 869 5014; x_wconf 89' lang='lat' dir='ltr'><strong>est,</strong></span> <span class='ocrx_word' id='word_1_406' title='bbox 903 4955 958 5004; x_wconf 88' lang='lat' dir='ltr'><strong>et</strong></span> <span class='ocrx_word' id='word_1_407' title='bbox 987 4950 1208 5005; x_wconf 87' lang='lat' dir='ltr'><strong>revixit.</strong></span> 
     </span>
    </p>
   </div>
   <div class='ocr_carea' id='block_1_59' title="bbox 565 5028 2143 5101">
    <p class='ocr_par' dir='ltr' id='par_1_59' title="bbox 565 5028 2143 5101">
     <span class='ocr_line' id='line_1_59' title="bbox 565 5028 2143 5101; baseline 0.001 -19"><span class='ocrx_word' id='word_1_408' title='bbox 565 5029 932 5101; x_wconf 84' lang='lat' dir='ltr'><strong>19.1temque</strong></span> <span class='ocrx_word' id='word_1_409' title='bbox 963 5031 1110 5100; x_wconf 86' lang='lat' dir='ltr'><strong>apud</strong></span> <span class='ocrx_word' id='word_1_410' title='bbox 1148 5047 1252 5085; x_wconf 91' lang='lat' dir='ltr'><strong>nos</strong></span> <span class='ocrx_word' id='word_1_411' title='bbox 1295 5031 1380 5084; x_wconf 90' lang='lat' dir='ltr'><strong>vir</strong></span> <span class='ocrx_word' id='word_1_412' title='bbox 1420 5029 1760 5086; x_wconf 88' lang='lat' dir='ltr'><strong>tribunitius</strong></span> <span class='ocrx_word' id='word_1_413' title='bbox 1793 5028 2143 5086; x_wconf 67' lang='lat' dir='ltr'><strong>Eleusinus‘</strong></span> 
     </span>
    </p>
   </div>
   <div class='ocr_carea' id='block_1_60' title="bbox 564 5307 2150 5373">
    <p class='ocr_par' dir='ltr' id='par_1_60' title="bbox 564 5307 2150 5373">
     <span class='ocr_line' id='line_1_60' title="bbox 564 5307 2150 5373; baseline 0.002 -18"><span class='ocrx_word' id='word_1_414' title='bbox 564 5311 598 5373; x_wconf 74' lang='lat'><strong>1_</strong></span> <span class='ocrx_word' id='word_1_415' title='bbox 621 5307 774 5373; x_wconf 84' lang='lat' dir='ltr'><strong>Editi,</strong></span> <span class='ocrx_word' id='word_1_416' title='bbox 809 5316 862 5355; x_wconf 82' lang='lat' dir='ltr'><strong>et</strong></span> <span class='ocrx_word' id='word_1_417' title='bbox 887 5308 1128 5373; x_wconf 13' lang='lat' dir='ltr'><strong>magnis;</strong></span> <span class='ocrx_word' id='word_1_418' title='bbox 1155 5309 1412 5368; x_wconf 76' lang='lat' dir='ltr'><strong>precibus</strong></span> <span class='ocrx_word' id='word_1_419' title='bbox 1452 5320 1500 5360; x_wconf 77' lang='lat' dir='ltr'><strong>et</strong></span> <span class='ocrx_word' id='word_1_420' title='bbox 1532 5311 1816 5373; x_wconf 76' lang='lat' dir='ltr'><strong>lacrymia.</strong></span> <span class='ocrx_word' id='word_1_421' title='bbox 1865 5311 1933 5360; x_wconf 81' lang='lat' dir='ltr'><strong>At</strong></span> <span class='ocrx_word' id='word_1_422' title='bbox 1961 5323 2150 5359; x_wconf 86' lang='lat' dir='ltr'><strong>manu-</strong></span> 
     </span>
    </p>
   </div>
   <div class='ocr_carea' id='block_1_61' title="bbox 501 5371 1305 5431">
    <p class='ocr_par' dir='ltr' id='par_1_61' title="bbox 501 5371 1305 5431">
     <span class='ocr_line' id='line_1_61' title="bbox 501 5371 1305 5431; baseline 0.004 -13"><span class='ocrx_word' id='word_1_423' title='bbox 501 5371 684 5431; x_wconf 88' lang='lat' dir='ltr'><strong>scripti</strong></span> <span class='ocrx_word' id='word_1_424' title='bbox 720 5371 920 5426; x_wconf 83' lang='lat' dir='ltr'><strong>carent,</strong></span> <span class='ocrx_word' id='word_1_425' title='bbox 949 5371 1208 5428; x_wconf 75' lang='lat' dir='ltr'><strong>precibus</strong></span> <span class='ocrx_word' id='word_1_426' title='bbox 1238 5380 1305 5422; x_wconf 81' lang='lat' dir='ltr'><strong>et.</strong></span> 
     </span>
    </p>
   </div>
   <div class='ocr_carea' id='block_1_62' title="bbox 569 5432 1270 5487">
    <p class='ocr_par' dir='ltr' id='par_1_62' title="bbox 569 5432 1270 5487">
     <span class='ocr_line' id='line_1_62' title="bbox 569 5432 1270 5487; baseline 0.004 -8"><span class='ocrx_word' id='word_1_427' title='bbox 569 5433 588 5466; x_wconf 66' lang='lat'><strong>‘3</strong></span> <span class='ocrx_word' id='word_1_428' title='bbox 623 5432 746 5480; x_wconf 87' lang='lat' dir='ltr'><strong>Sola</strong></span> <span class='ocrx_word' id='word_1_429' title='bbox 775 5432 936 5479; x_wconf 90' lang='lat' dir='ltr'><strong>editio</strong></span> <span class='ocrx_word' id='word_1_430' title='bbox 967 5433 1110 5487; x_wconf 86' lang='lat' dir='ltr'><strong>Lov.,</strong></span> <span class='ocrx_word' id='word_1_431' title='bbox 1141 5433 1270 5483; x_wconf 82' lang='lat' dir='ltr'><strong>Hic.</strong></span> 
     </span>
    </p>
   </div>
   <div class='ocr_carea' id='block_1_63' title="bbox 566 5494 2152 5559">
    <p class='ocr_par' dir='ltr' id='par_1_63' title="bbox 566 5494 2152 5559">
     <span class='ocr_line' id='line_1_63' title="bbox 566 5494 2152 5559; baseline 0.001 -17"><span class='ocrx_word' id='word_1_432' title='bbox 566 5498 586 5528; x_wconf 81' lang='grc'><strong>³</strong></span> <span class='ocrx_word' id='word_1_433' title='bbox 616 5494 770 5542; x_wconf 81' lang='lat' dir='ltr'><strong>Vind.</strong></span> <span class='ocrx_word' id='word_1_434' title='bbox 810 5494 925 5559; x_wconf 80' lang='lat' dir='ltr'><strong>Am.</strong></span> <span class='ocrx_word' id='word_1_435' title='bbox 955 5495 1060 5559; x_wconf 60' lang='lat' dir='ltr'><strong>En.</strong></span> <span class='ocrx_word' id='word_1_436' title='bbox 1096 5502 1205 5543; x_wconf 76' lang='lat' dir='ltr'><strong>tres</strong></span> <span class='ocrx_word' id='word_1_437' title='bbox 1234 5496 1546 5558; x_wconf 79' lang='lat' dir='ltr'><strong>podagrici,</strong></span> <span class='ocrx_word' id='word_1_438' title='bbox 1577 5496 1685 5545; x_wconf 87' lang='lat' dir='ltr'><strong>duo</strong></span> <span class='ocrx_word' id='word_1_439' title='bbox 1717 5498 1876 5554; x_wconf 68' lang='lat' dir='ltr'><strong>cives,</strong></span> <span class='ocrx_word' id='word_1_440' title='bbox 1903 5496 2152 5559; x_wconf 77' lang='lat' dir='ltr'><strong>pcregri-</strong></span> 
     </span>
    </p>
   </div>
   <div class='ocr_carea' id='block_1_64' title="bbox 503 5557 1278 5612">
    <p class='ocr_par' dir='ltr' id='par_1_64' title="bbox 503 5557 1278 5612">
     <span class='ocr_line' id='line_1_64' title="bbox 503 5557 1278 5612; baseline 0.004 -8"><span class='ocrx_word' id='word_1_441' title='bbox 503 5570 615 5604; x_wconf 70' lang='grc' dir='ltr'><strong>ηαδ</strong></span> <span class='ocrx_word' id='word_1_442' title='bbox 654 5570 820 5602; x_wconf 72' lang='lat' dir='ltr'><strong>unus.</strong></span> <span class='ocrx_word' id='word_1_443' title='bbox 860 5557 967 5604; x_wconf 82' lang='lat' dir='ltr'><strong>Sed</strong></span> <span class='ocrx_word' id='word_1_444' title='bbox 989 5558 1149 5612; x_wconf 79' lang='lat' dir='ltr'><strong>cives.</strong></span> <span class='ocrx_word' id='word_1_445' title='bbox 1181 5557 1278 5607; x_wconf 85' lang='lat' dir='ltr'><strong>etc.</strong></span> 
     </span>
    </p>
   </div>
   <div class='ocr_carea' id='block_1_65' title="bbox 569 5617 1430 5681">
    <p class='ocr_par' dir='ltr' id='par_1_65' title="bbox 569 5617 1430 5681">
     <span class='ocr_line' id='line_1_65' title="bbox 569 5617 1430 5681; baseline 0.01 -20"><span class='ocrx_word' id='word_1_446' title='bbox 569 5617 591 5648; x_wconf 74' lang='grc' dir='ltr'><strong>ι</strong></span> <span class='ocrx_word' id='word_1_447' title='bbox 619 5617 872 5665; x_wconf 77' lang='lat' dir='ltr'><strong>Nonnulli</strong></span> <span class='ocrx_word' id='word_1_448' title='bbox 899 5620 1044 5681; x_wconf 83' lang='lat' dir='ltr'><strong>Msa.,</strong></span> <span class='ocrx_word' id='word_1_449' title='bbox 1077 5619 1430 5671; x_wconf 65' lang='lat' dir='ltr'><strong>Eleusiniae.</strong></span> 
     </span>
    </p>
   </div>
   <div class='ocr_carea' id='block_1_66' title="bbox 1489 316 2781 391">
    <p class='ocr_par' dir='ltr' id='par_1_66' title="bbox 1489 316 2781 391">
     <span class='ocr_line' id='line_1_66' title="bbox 1489 316 2781 391; baseline 0.004 -15"><span class='ocrx_word' id='word_1_450' title='bbox 1489 317 1590 377; x_wconf 90' lang='lat' dir='ltr'><strong>DE</strong></span> <span class='ocrx_word' id='word_1_451' title='bbox 1635 316 2010 380; x_wconf 80' lang='lat' dir='ltr'><strong>CIVITATE</strong></span> <span class='ocrx_word' id='word_1_452' title='bbox 2049 317 2200 391; x_wconf 83' lang='lat' dir='ltr'><strong>DEI,</strong></span> <span class='ocrx_word' id='word_1_453' title='bbox 2248 317 2311 378; x_wconf 90' lang='lat' dir='ltr'><strong>S.</strong></span> <span class='ocrx_word' id='word_1_454' title='bbox 2363 318 2781 382; x_wconf 85' lang='lat' dir='ltr'><strong>AUGUSTINI</strong></span> 
     </span>
    </p>
   </div>
   <div class='ocr_carea' id='block_1_67' title="bbox 3727 319 3855 379">
    <p class='ocr_par' dir='ltr' id='par_1_67' title="bbox 3727 319 3855 379">
     <span class='ocr_line' id='line_1_67' title="bbox 3727 319 3855 379; baseline 0 0"><span class='ocrx_word' id='word_1_455' title='bbox 3727 319 3855 379; x_wconf 77' lang='lat'><strong>168</strong></span> 
     </span>
    </p>
   </div>
   <div class='ocr_carea' id='block_1_68' title="bbox 2197 454 3853 528">
    <p class='ocr_par' dir='ltr' id='par_1_68' title="bbox 2197 454 3853 528">
     <span class='ocr_line' id='line_1_68' title="bbox 2197 454 3853 528; baseline -0.001 -17"><span class='ocrx_word' id='word_1_456' title='bbox 2197 472 2374 528; x_wconf 91' lang='lat' dir='ltr'><strong>super</strong></span> <span class='ocrx_word' id='word_1_457' title='bbox 2406 457 2744 512; x_wconf 86' lang='lat' dir='ltr'><strong>memoriam</strong></span> <span class='ocrx_word' id='word_1_458' title='bbox 2778 455 3094 528; x_wconf 77' lang='lat' dir='ltr'><strong>Martyria&#39;,</strong></span> <span class='ocrx_word' id='word_1_459' title='bbox 3121 471 3248 528; x_wconf 72' lang='lat' dir='ltr'><strong>quas</strong></span> <span class='ocrx_word' id='word_1_460' title='bbox 3272 454 3331 510; x_wconf 93' lang='lat' dir='ltr'><strong>in</strong></span> <span class='ocrx_word' id='word_1_461' title='bbox 3362 454 3706 511; x_wconf 89' lang='lat' dir='ltr'><strong>suburbano</strong></span> <span class='ocrx_word' id='word_1_462' title='bbox 3725 454 3853 524; x_wconf 85' lang='lat' dir='ltr'><strong>ejus</strong></span> 
     </span>
    </p>
   </div>
   <div class='ocr_carea' id='block_1_69' title="bbox 2197 533 3853 607">
    <p class='ocr_par' dir='ltr' id='par_1_69' title="bbox 2197 533 3853 607">
     <span class='ocr_line' id='line_1_69' title="bbox 2197 533 3853 607; baseline -0.002 -16"><span class='ocrx_word' id='word_1_463' title='bbox 2197 542 2306 604; x_wconf 90' lang='lat' dir='ltr'><strong>est,</strong></span> <span class='ocrx_word' id='word_1_464' title='bbox 2337 536 2680 607; x_wconf 64' lang='lat' dir='ltr'><strong>aegritudine</strong></span> <span class='ocrx_word' id='word_1_465' title='bbox 2720 537 3113 593; x_wconf 86' lang='lat' dir='ltr'><strong>exanimatum</strong></span> <span class='ocrx_word' id='word_1_466' title='bbox 3148 535 3343 607; x_wconf 90' lang='lat' dir='ltr'><strong>posuit</strong></span> <span class='ocrx_word' id='word_1_467' title='bbox 3389 533 3747 590; x_wconf 80' lang='lat' dir='ltr'><strong>infautulum</strong></span> <span class='ocrx_word' id='word_1_468' title='bbox 3784 533 3853 588; x_wconf 84' lang='lat' dir='ltr'><strong>1i-</strong></span> 
     </span>
    </p>
   </div>
   <div class='ocr_carea' id='block_1_70' title="bbox 2199 614 3852 689">
    <p class='ocr_par' dir='ltr' id='par_1_70' title="bbox 2199 614 3852 689">
     <span class='ocr_line' id='line_1_70' title="bbox 2199 614 3852 689; baseline -0.001 -19"><span class='ocrx_word' id='word_1_469' title='bbox 2199 615 2343 671; x_wconf 90' lang='lat' dir='ltr'><strong>lium</strong></span> <span class='ocrx_word' id='word_1_470' title='bbox 2377 635 2391 673; x_wconf 87' lang='lat'><strong>:</strong></span> <span class='ocrx_word' id='word_1_471' title='bbox 2427 627 2477 672; x_wconf 91' lang='lat' dir='ltr'><strong>el</strong></span> <span class='ocrx_word' id='word_1_472' title='bbox 2508 623 2639 688; x_wconf 90' lang='lat' dir='ltr'><strong>post</strong></span> <span class='ocrx_word' id='word_1_473' title='bbox 2669 617 3013 683; x_wconf 88' lang='lat' dir='ltr'><strong>orationem,</strong></span> <span class='ocrx_word' id='word_1_474' title='bbox 3046 633 3223 689; x_wconf 90' lang='lat' dir='ltr'><strong>quam</strong></span> <span class='ocrx_word' id='word_1_475' title='bbox 3255 632 3388 671; x_wconf 92' lang='lat' dir='ltr'><strong>cum</strong></span> <span class='ocrx_word' id='word_1_476' title='bbox 3430 615 3630 670; x_wconf 89' lang='lat' dir='ltr'><strong>multis</strong></span> <span class='ocrx_word' id='word_1_477' title='bbox 3663 614 3852 685; x_wconf 78' lang='lat' dir='ltr'><strong>laci-y-</strong></span> 
     </span>
    </p>
   </div>
   <div class='ocr_carea' id='block_1_71' title="bbox 2201 698 3184 764">
    <p class='ocr_par' dir='ltr' id='par_1_71' title="bbox 2201 698 3184 764">
     <span class='ocr_line' id='line_1_71' title="bbox 2201 698 3184 764; baseline -0.001 -11"><span class='ocrx_word' id='word_1_478' title='bbox 2201 698 2310 753; x_wconf 90' lang='lat' dir='ltr'><strong>mis</strong></span> <span class='ocrx_word' id='word_1_479' title='bbox 2342 699 2419 754; x_wconf 92' lang='lat' dir='ltr'><strong>ibi</strong></span> <span class='ocrx_word' id='word_1_480' title='bbox 2457 699 2623 764; x_wconf 74' lang='lat' dir='ltr'><strong>fudit,</strong></span> <span class='ocrx_word' id='word_1_481' title='bbox 2646 698 2929 754; x_wconf 90' lang='lat' dir='ltr'><strong>viventem</strong></span> <span class='ocrx_word' id='word_1_482' title='bbox 2959 699 3184 753; x_wconf 81' lang='lat' dir='ltr'><strong>levavit.</strong></span> 
     </span>
    </p>
   </div>
   <div class='ocr_carea' id='block_1_72' title="bbox 2270 775 3854 850">
    <p class='ocr_par' dir='ltr' id='par_1_72' title="bbox 2270 775 3854 850">
     <span class='ocr_line' id='line_1_72' title="bbox 2270 775 3854 850; baseline -0.002 -18"><span class='ocrx_word' id='word_1_483' title='bbox 2270 780 2359 835; x_wconf 90' lang='lat'><strong>20.</strong></span> <span class='ocrx_word' id='word_1_484' title='bbox 2393 779 2538 843; x_wconf 90' lang='lat' dir='ltr'><strong>Quid</strong></span> <span class='ocrx_word' id='word_1_485' title='bbox 2567 780 2772 834; x_wconf 84' lang='lat' dir='ltr'><strong>faciam</strong></span> <span class='ocrx_word' id='word_1_486' title='bbox 2805 778 3026 850; x_wconf 86' lang='lat' dir='ltr'><strong>?Urget</strong></span> <span class='ocrx_word' id='word_1_487' title='bbox 3069 779 3248 848; x_wconf 89' lang='lat' dir='ltr'><strong>hujus</strong></span> <span class='ocrx_word' id='word_1_488' title='bbox 3290 777 3480 848; x_wconf 89' lang='lat' dir='ltr'><strong>operis</strong></span> <span class='ocrx_word' id='word_1_489' title='bbox 3510 775 3798 846; x_wconf 90' lang='lat' dir='ltr'><strong>implendi</strong></span> <span class='ocrx_word' id='word_1_490' title='bbox 3831 775 3854 809; x_wconf 80' lang='grc'>³</span> 
     </span>
    </p>
   </div>
   <div class='ocr_carea' id='block_1_73' title="bbox 2203 860 3857 930">
    <p class='ocr_par' dir='ltr' id='par_1_73' title="bbox 2203 860 3857 930">
     <span class='ocr_line' id='line_1_73' title="bbox 2203 860 3857 930; baseline -0.001 -16"><span class='ocrx_word' id='word_1_491' title='bbox 2203 861 2533 930; x_wconf 85' lang='lat' dir='ltr'><strong>promissio,</strong></span> <span class='ocrx_word' id='word_1_492' title='bbox 2565 865 2625 915; x_wconf 93' lang='lat' dir='ltr'><strong>ut</strong></span> <span class='ocrx_word' id='word_1_493' title='bbox 2659 877 2770 915; x_wconf 90' lang='lat' dir='ltr'><strong>non</strong></span> <span class='ocrx_word' id='word_1_494' title='bbox 2803 860 2890 914; x_wconf 88' lang='lat' dir='ltr'><strong>hic</strong></span> <span class='ocrx_word' id='word_1_495' title='bbox 2923 860 3141 930; x_wconf 91' lang='lat' dir='ltr'><strong>possim</strong></span> <span class='ocrx_word' id='word_1_496' title='bbox 3169 860 3368 914; x_wconf 93' lang='lat' dir='ltr'><strong>omnia</strong></span> <span class='ocrx_word' id='word_1_497' title='bbox 3390 873 3857 913; x_wconf 89' lang='lat' dir='ltr'><strong>commemorare</strong></span> 
     </span>
    </p>
   </div>
   <div class='ocr_carea' id='block_1_74' title="bbox 2202 940 3855 1012">
    <p class='ocr_par' dir='ltr' id='par_1_74' title="bbox 2202 940 3855 1012">
     <span class='ocr_line' id='line_1_74' title="bbox 2202 940 3855 1012; baseline -0.002 -16"><span class='ocrx_word' id='word_1_498' title='bbox 2202 957 2330 1012; x_wconf 65' lang='lat' dir='ltr'><strong>quae</strong></span> <span class='ocrx_word' id='word_1_499' title='bbox 2361 942 2518 997; x_wconf 90' lang='lat' dir='ltr'><strong>scio:</strong></span> <span class='ocrx_word' id='word_1_500' title='bbox 2547 947 2601 997; x_wconf 93' lang='lat' dir='ltr'><strong>et</strong></span> <span class='ocrx_word' id='word_1_501' title='bbox 2627 941 2825 1012; x_wconf 91' lang='lat' dir='ltr'><strong>procul</strong></span> <span class='ocrx_word' id='word_1_502' title='bbox 2849 941 3026 996; x_wconf 88' lang='lat' dir='ltr'><strong>dubio</strong></span> <span class='ocrx_word' id='word_1_503' title='bbox 3046 940 3301 1011; x_wconf 90' lang='lat' dir='ltr'><strong>plerique</strong></span> <span class='ocrx_word' id='word_1_504' title='bbox 3319 946 3680 1006; x_wconf 90' lang='lat' dir='ltr'><strong>nostrorum,</strong></span> <span class='ocrx_word' id='word_1_505' title='bbox 3715 955 3855 993; x_wconf 90' lang='lat' dir='ltr'><strong>cum</strong></span> 
     </span>
    </p>
   </div>
   <div class='ocr_carea' id='block_1_75' title="bbox 2204 1019 3854 1093">
    <p class='ocr_par' dir='ltr' id='par_1_75' title="bbox 2204 1019 3854 1093">
     <span class='ocr_line' id='line_1_75' title="bbox 2204 1019 3854 1093; baseline -0.002 -17"><span class='ocrx_word' id='word_1_506' title='bbox 2204 1021 2324 1076; x_wconf 67' lang='lat' dir='ltr'><strong>haec</strong></span> <span class='ocrx_word' id='word_1_507' title='bbox 2355 1023 2566 1093; x_wconf 90' lang='lat' dir='ltr'><strong>legent,</strong></span> <span class='ocrx_word' id='word_1_508' title='bbox 2601 1021 2880 1077; x_wconf 86' lang='lat' dir='ltr'><strong>dolebunt</strong></span> <span class='ocrx_word' id='word_1_509' title='bbox 2914 1037 3005 1076; x_wconf 91' lang='lat' dir='ltr'><strong>me</strong></span> <span class='ocrx_word' id='word_1_510' title='bbox 3035 1027 3148 1075; x_wconf 84' lang='lat' dir='ltr'><strong>tam</strong></span> <span class='ocrx_word' id='word_1_511' title='bbox 3176 1019 3354 1075; x_wconf 87' lang='lat' dir='ltr'><strong>multa</strong></span> <span class='ocrx_word' id='word_1_512' title='bbox 3380 1019 3854 1090; x_wconf 66' lang='lat' dir='ltr'><strong>praetermisisse,</strong></span> 
     </span>
    </p>
   </div>
   <div class='ocr_carea' id='block_1_76' title="bbox 2203 1099 3855 1173">
    <p class='ocr_par' dir='ltr' id='par_1_76' title="bbox 2203 1099 3855 1173">
     <span class='ocr_line' id='line_1_76' title="bbox 2203 1099 3855 1173; baseline -0.003 -16"><span class='ocrx_word' id='word_1_513' title='bbox 2203 1119 2332 1173; x_wconf 63' lang='lat' dir='ltr'><strong>qua:</strong></span> <span class='ocrx_word' id='word_1_514' title='bbox 2355 1104 2556 1173; x_wconf 90' lang='lat' dir='ltr'><strong>utique</strong></span> <span class='ocrx_word' id='word_1_515' title='bbox 2590 1118 2815 1157; x_wconf 91' lang='lat' dir='ltr'><strong>mecum</strong></span> <span class='ocrx_word' id='word_1_516' title='bbox 2850 1100 3061 1156; x_wconf 89' lang='lat' dir='ltr'><strong>sciunt.</strong></span> <span class='ocrx_word' id='word_1_517' title='bbox 3089 1101 3378 1170; x_wconf 90' lang='lat' dir='ltr'><strong>Quosjam</strong></span> <span class='ocrx_word' id='word_1_518' title='bbox 3406 1115 3563 1154; x_wconf 89' lang='lat' dir='ltr'><strong>nunc</strong></span> <span class='ocrx_word' id='word_1_519' title='bbox 3584 1103 3650 1153; x_wconf 91' lang='lat' dir='ltr'><strong>ut</strong></span> <span class='ocrx_word' id='word_1_520' title='bbox 3682 1099 3855 1170; x_wconf 89' lang='lat' dir='ltr'><strong>igno-</strong></span> 
     </span>
    </p>
   </div>
   <div class='ocr_carea' id='block_1_77' title="bbox 2205 1179 3859 1255">
    <p class='ocr_par' dir='ltr' id='par_1_77' title="bbox 2205 1179 3859 1255">
     <span class='ocr_line' id='line_1_77' title="bbox 2205 1179 3859 1255; baseline -0.002 -18"><span class='ocrx_word' id='word_1_521' title='bbox 2205 1187 2387 1250; x_wconf 90' lang='lat' dir='ltr'><strong>scant,</strong></span> <span class='ocrx_word' id='word_1_522' title='bbox 2423 1198 2595 1255; x_wconf 88' lang='lat' dir='ltr'><strong>rogo;</strong></span> <span class='ocrx_word' id='word_1_523' title='bbox 2629 1187 2684 1237; x_wconf 91' lang='lat' dir='ltr'><strong>et</strong></span> <span class='ocrx_word' id='word_1_524' title='bbox 2715 1186 2968 1252; x_wconf 81' lang='lat' dir='ltr'><strong>cogitent</strong></span> <span class='ocrx_word' id='word_1_525' title='bbox 2991 1197 3162 1252; x_wconf 90' lang='lat' dir='ltr'><strong>quam</strong></span> <span class='ocrx_word' id='word_1_526' title='bbox 3189 1179 3396 1252; x_wconf 86' lang='lat' dir='ltr'><strong>prolixi</strong></span> <span class='ocrx_word' id='word_1_527' title='bbox 3428 1179 3641 1235; x_wconf 82' lang='lat' dir='ltr'><strong>laboris</strong></span> <span class='ocrx_word' id='word_1_528' title='bbox 3665 1180 3743 1234; x_wconf 90' lang='lat' dir='ltr'><strong>sit</strong></span> <span class='ocrx_word' id='word_1_529' title='bbox 3775 1179 3859 1233; x_wconf 82' lang='lat' dir='ltr'><strong>fa-</strong></span> 
     </span>
    </p>
   </div>
   <div class='ocr_carea' id='block_1_78' title="bbox 2206 1259 3864 1335">
    <p class='ocr_par' dir='ltr' id='par_1_78' title="bbox 2206 1259 3864 1335">
     <span class='ocr_line' id='line_1_78' title="bbox 2206 1259 3864 1335; baseline -0.004 -17"><span class='ocrx_word' id='word_1_530' title='bbox 2206 1279 2354 1330; x_wconf 89' lang='lat' dir='ltr'><strong>cere,</strong></span> <span class='ocrx_word' id='word_1_531' title='bbox 2388 1265 2538 1335; x_wconf 89' lang='lat' dir='ltr'><strong>quod</strong></span> <span class='ocrx_word' id='word_1_532' title='bbox 2573 1280 2662 1318; x_wconf 91' lang='lat' dir='ltr'><strong>me</strong></span> <span class='ocrx_word' id='word_1_533' title='bbox 2692 1263 2785 1318; x_wconf 89' lang='lat' dir='ltr'><strong>hic</strong></span> <span class='ocrx_word' id='word_1_534' title='bbox 2827 1279 2942 1318; x_wconf 92' lang='lat' dir='ltr'><strong>non</strong></span> <span class='ocrx_word' id='word_1_535' title='bbox 2995 1263 3176 1316; x_wconf 80' lang='lat' dir='ltr'><strong>facere</strong></span> <span class='ocrx_word' id='word_1_536' title='bbox 3233 1261 3491 1332; x_wconf 89' lang='lat' dir='ltr'><strong>suscepti</strong></span> <span class='ocrx_word' id='word_1_537' title='bbox 3539 1259 3728 1329; x_wconf 86' lang='lat' dir='ltr'><strong>Operis</strong></span> <span class='ocrx_word' id='word_1_538' title='bbox 3762 1274 3864 1312; x_wconf 84' lang='lat' dir='ltr'><strong>ne-</strong></span> 
     </span>
    </p>
   </div>
   <div class='ocr_carea' id='block_1_79' title="bbox 2208 1338 3865 1417">
    <p class='ocr_par' dir='ltr' id='par_1_79' title="bbox 2208 1338 3865 1417">
     <span class='ocr_line' id='line_1_79' title="bbox 2208 1338 3865 1417; baseline -0.007 -15"><span class='ocrx_word' id='word_1_539' title='bbox 2208 1345 2454 1402; x_wconf 89' lang='lat' dir='ltr'><strong>cessitas</strong></span> <span class='ocrx_word' id='word_1_540' title='bbox 2485 1344 2656 1417; x_wconf 87' lang='lat' dir='ltr'><strong>cogit.</strong></span> <span class='ocrx_word' id='word_1_541' title='bbox 2683 1344 2742 1399; x_wconf 92' lang='lat' dir='ltr'><strong>Si</strong></span> <span class='ocrx_word' id='word_1_542' title='bbox 2783 1343 2937 1398; x_wconf 91' lang='lat' dir='ltr'><strong>enim</strong></span> <span class='ocrx_word' id='word_1_543' title='bbox 2970 1340 3252 1396; x_wconf 89' lang='lat' dir='ltr'><strong>miracula</strong></span> <span class='ocrx_word' id='word_1_544' title='bbox 3277 1342 3618 1406; x_wconf 77' lang='lat' dir='ltr'><strong>sanitatum,</strong></span> <span class='ocrx_word' id='word_1_545' title='bbox 3651 1344 3716 1394; x_wconf 93' lang='lat' dir='ltr'><strong>ut</strong></span> <span class='ocrx_word' id='word_1_546' title='bbox 3746 1338 3865 1393; x_wconf 87' lang='lat' dir='ltr'><strong>alia</strong></span> 
     </span>
    </p>
   </div>
   <div class='ocr_carea' id='block_1_80' title="bbox 2209 1421 3865 1491">
    <p class='ocr_par' dir='ltr' id='par_1_80' title="bbox 2209 1421 3865 1491">
     <span class='ocr_line' id='line_1_80' title="bbox 2209 1421 3865 1491; baseline -0.006 -9"><span class='ocrx_word' id='word_1_547' title='bbox 2209 1435 2451 1491; x_wconf 90' lang='lat' dir='ltr'><strong>taceam,</strong></span> <span class='ocrx_word' id='word_1_548' title='bbox 2485 1442 2550 1480; x_wconf 91' lang='lat' dir='ltr'><strong>ea</strong></span> <span class='ocrx_word' id='word_1_549' title='bbox 2601 1424 3012 1480; x_wconf 89' lang='lat' dir='ltr'><strong>tantummodo</strong></span> <span class='ocrx_word' id='word_1_550' title='bbox 3041 1423 3213 1477; x_wconf 91' lang='lat' dir='ltr'><strong>velim</strong></span> <span class='ocrx_word' id='word_1_551' title='bbox 3271 1421 3546 1487; x_wconf 90' lang='lat' dir='ltr'><strong>scribere,</strong></span> <span class='ocrx_word' id='word_1_552' title='bbox 3579 1435 3706 1491; x_wconf 68' lang='lat' dir='ltr'><strong>quae</strong></span> <span class='ocrx_word' id='word_1_553' title='bbox 3756 1435 3865 1489; x_wconf 90' lang='lat' dir='ltr'><strong>per</strong></span> 
     </span>
    </p>
   </div>
   <div class='ocr_carea' id='block_1_81' title="bbox 2209 1499 3863 1574">
    <p class='ocr_par' dir='ltr' id='par_1_81' title="bbox 2209 1499 3863 1574">
     <span class='ocr_line' id='line_1_81' title="bbox 2209 1499 3863 1574; baseline -0.006 -13"><span class='ocrx_word' id='word_1_554' title='bbox 2209 1506 2360 1562; x_wconf 90' lang='lat' dir='ltr'><strong>hunc</strong></span> <span class='ocrx_word' id='word_1_555' title='bbox 2385 1511 2715 1573; x_wconf 72' lang='lat' dir='ltr'><strong>martyrem,</strong></span> <span class='ocrx_word' id='word_1_556' title='bbox 2734 1505 2789 1558; x_wconf 91' lang='lat' dir='ltr'><strong>id</strong></span> <span class='ocrx_word' id='word_1_557' title='bbox 2814 1509 2922 1569; x_wconf 88' lang='lat' dir='ltr'><strong>est,</strong></span> <span class='ocrx_word' id='word_1_558' title='bbox 2943 1501 3432 1574; x_wconf 90' lang='lat' dir='ltr'><strong>gioriosissimum</strong></span> <span class='ocrx_word' id='word_1_559' title='bbox 3465 1499 3863 1570; x_wconf 87' lang='lat' dir='ltr'><strong>Stephanum,</strong></span> 
     </span>
    </p>
   </div>
   <div class='ocr_carea' id='block_1_82' title="bbox 2211 1577 3862 1649">
    <p class='ocr_par' dir='ltr' id='par_1_82' title="bbox 2211 1577 3862 1649">
     <span class='ocr_line' id='line_1_82' title="bbox 2211 1577 3862 1649; baseline -0.007 -6"><span class='ocrx_word' id='word_1_560' title='bbox 2211 1589 2362 1643; x_wconf 76' lang='lat' dir='ltr'><strong>facta</strong></span> <span class='ocrx_word' id='word_1_561' title='bbox 2393 1592 2533 1641; x_wconf 87' lang='lat' dir='ltr'><strong>sunt</strong></span> <span class='ocrx_word' id='word_1_562' title='bbox 2564 1586 2622 1640; x_wconf 91' lang='lat' dir='ltr'><strong>in</strong></span> <span class='ocrx_word' id='word_1_563' title='bbox 2655 1585 2882 1640; x_wconf 91' lang='lat' dir='ltr'><strong>colonia</strong></span> <span class='ocrx_word' id='word_1_564' title='bbox 2910 1583 3258 1647; x_wconf 89' lang='lat' dir='ltr'><strong>Calamensi,</strong></span> <span class='ocrx_word' id='word_1_565' title='bbox 3291 1591 3337 1634; x_wconf 90' lang='lat' dir='ltr'><strong>et</strong></span> <span class='ocrx_word' id='word_1_566' title='bbox 3383 1581 3441 1635; x_wconf 92' lang='lat' dir='ltr'><strong>in</strong></span> <span class='ocrx_word' id='word_1_567' title='bbox 3471 1584 3691 1646; x_wconf 89' lang='lat' dir='ltr'><strong>nostra,</strong></span> <span class='ocrx_word' id='word_1_568' title='bbox 3729 1577 3862 1649; x_wconf 82' lang='lat' dir='ltr'><strong>plu-</strong></span> 
     </span>
    </p>
   </div>
   <div class='ocr_carea' id='block_1_83' title="bbox 2211 1659 3864 1724">
    <p class='ocr_par' dir='ltr' id='par_1_83' title="bbox 2211 1659 3864 1724">
     <span class='ocr_line' id='line_1_83' title="bbox 2211 1659 3864 1724; baseline -0.005 -2"><span class='ocrx_word' id='word_1_569' title='bbox 2211 1667 2343 1724; x_wconf 89' lang='lat' dir='ltr'><strong>rimi</strong></span> <span class='ocrx_word' id='word_1_570' title='bbox 2377 1666 2720 1722; x_wconf 83' lang='lat' dir='ltr'><strong>conficiendi</strong></span> <span class='ocrx_word' id='word_1_571' title='bbox 2745 1672 2884 1719; x_wconf 89' lang='lat' dir='ltr'><strong>sunt</strong></span> <span class='ocrx_word' id='word_1_572' title='bbox 2906 1663 3039 1718; x_wconf 90' lang='lat' dir='ltr'><strong>libri</strong></span> <span class='ocrx_word' id='word_1_573' title='bbox 3072 1679 3086 1717; x_wconf 87' lang='lat'>:</span> <span class='ocrx_word' id='word_1_574' title='bbox 3123 1679 3226 1716; x_wconf 90' lang='lat' dir='ltr'><strong>nec</strong></span> <span class='ocrx_word' id='word_1_575' title='bbox 3255 1667 3451 1716; x_wconf 90' lang='lat' dir='ltr'><strong>tamen</strong></span> <span class='ocrx_word' id='word_1_576' title='bbox 3475 1659 3675 1715; x_wconf 90' lang='lat' dir='ltr'><strong>omnia</strong></span> <span class='ocrx_word' id='word_1_577' title='bbox 3706 1659 3864 1714; x_wconf 86' lang='lat' dir='ltr'><strong>colli-</strong></span> 
     </span>
    </p>
   </div>
   <div class='ocr_carea' id='block_1_84' title="bbox 2210 1741 3864 1822">
    <p class='ocr_par' dir='ltr' id='par_1_84' title="bbox 2210 1741 3864 1822">
     <span class='ocr_line' id='line_1_84' title="bbox 2210 1741 3864 1822; baseline -0.005 -20"><span class='ocrx_word' id='word_1_578' title='bbox 2210 1749 2264 1822; x_wconf 88' lang='lat' dir='ltr'><strong>gi</strong></span> <span class='ocrx_word' id='word_1_579' title='bbox 2301 1753 2589 1818; x_wconf 91' lang='lat' dir='ltr'><strong>poterunt,</strong></span> <span class='ocrx_word' id='word_1_580' title='bbox 2623 1746 2720 1800; x_wconf 87' lang='lat' dir='ltr'><strong>sed</strong></span> <span class='ocrx_word' id='word_1_581' title='bbox 2755 1750 2976 1801; x_wconf 90' lang='lat' dir='ltr'><strong>tantum</strong></span> <span class='ocrx_word' id='word_1_582' title='bbox 3003 1745 3072 1797; x_wconf 92' lang='lat' dir='ltr'><strong>de</strong></span> <span class='ocrx_word' id='word_1_583' title='bbox 3104 1742 3318 1814; x_wconf 90' lang='lat' dir='ltr'><strong>quibus</strong></span> <span class='ocrx_word' id='word_1_584' title='bbox 3343 1741 3520 1797; x_wconf 91' lang='lat' dir='ltr'><strong>libelli</strong></span> <span class='ocrx_word' id='word_1_585' title='bbox 3550 1741 3672 1822; x_wconf 86' lang='lat' dir='ltr'><strong>dati</strong></span> <span class='ocrx_word' id='word_1_586' title='bbox 3703 1743 3864 1822; x_wconf 84' lang='lat' dir='ltr'><strong>sunt,</strong></span> 
     </span>
    </p>
   </div>
   <div class='ocr_carea' id='block_1_85' title="bbox 2213 1821 3868 1905">
    <p class='ocr_par' dir='ltr' id='par_1_85' title="bbox 2213 1821 3868 1905">
     <span class='ocr_line' id='line_1_85' title="bbox 2213 1821 3868 1905; baseline -0.007 -19"><span class='ocrx_word' id='word_1_587' title='bbox 2213 1821 2311 1905; x_wconf 81' lang='lat' dir='ltr'><strong>qui</strong></span> <span class='ocrx_word' id='word_1_588' title='bbox 2348 1831 2729 1886; x_wconf 90' lang='lat' dir='ltr'><strong>recitarentur</strong></span> <span class='ocrx_word' id='word_1_589' title='bbox 2763 1828 2819 1881; x_wconf 93' lang='lat' dir='ltr'><strong>in</strong></span> <span class='ocrx_word' id='word_1_590' title='bbox 2863 1825 3115 1896; x_wconf 91' lang='lat' dir='ltr'><strong>populis.</strong></span> <span class='ocrx_word' id='word_1_591' title='bbox 3153 1825 3210 1879; x_wconf 89' lang='lat' dir='ltr'><strong>ld</strong></span> <span class='ocrx_word' id='word_1_592' title='bbox 3244 1839 3496 1905; x_wconf 89' lang='lat' dir='ltr'><strong>namque</strong></span> <span class='ocrx_word' id='word_1_593' title='bbox 3528 1821 3652 1905; x_wconf 81' lang='lat' dir='ltr'><strong>ﬁeri</strong></span> <span class='ocrx_word' id='word_1_594' title='bbox 3686 1821 3868 1875; x_wconf 87' lang='lat' dir='ltr'><strong>volui—</strong></span> 
     </span>
    </p>
   </div>
   <div class='ocr_carea' id='block_1_86' title="bbox 2213 1903 3864 1978">
    <p class='ocr_par' dir='ltr' id='par_1_86' title="bbox 2213 1903 3864 1978">
     <span class='ocr_line' id='line_1_86' title="bbox 2213 1903 3864 1978; baseline -0.008 -11"><span class='ocrx_word' id='word_1_595' title='bbox 2213 1903 2364 1978; x_wconf 83' lang='lat' dir='ltr'><strong>mus,</strong></span> <span class='ocrx_word' id='word_1_596' title='bbox 2416 1927 2542 1964; x_wconf 87' lang='lat' dir='ltr'><strong>cum</strong></span> <span class='ocrx_word' id='word_1_597' title='bbox 2591 1908 2922 1962; x_wconf 88' lang='lat' dir='ltr'><strong>videremus</strong></span> <span class='ocrx_word' id='word_1_598' title='bbox 2954 1905 3213 1975; x_wconf 88' lang='lat' dir='ltr'><strong>antiquis</strong></span> <span class='ocrx_word' id='word_1_599' title='bbox 3263 1903 3471 1959; x_wconf 81' lang='lat' dir='ltr'><strong>similia</strong></span> <span class='ocrx_word' id='word_1_600' title='bbox 3527 1903 3864 1956; x_wconf 87' lang='lat' dir='ltr'><strong>divinarum</strong></span> 
     </span>
    </p>
   </div>
   <div class='ocr_carea' id='block_1_87' title="bbox 2215 1982 3873 2064">
    <p class='ocr_par' dir='ltr' id='par_1_87' title="bbox 2215 1982 3873 2064">
     <span class='ocr_line' id='line_1_87' title="bbox 2215 1982 3873 2064; baseline -0.008 -17"><span class='ocrx_word' id='word_1_601' title='bbox 2215 1993 2383 2064; x_wconf 87' lang='lat' dir='ltr'><strong>signa</strong></span> <span class='ocrx_word' id='word_1_602' title='bbox 2415 1991 2691 2044; x_wconf 88' lang='lat' dir='ltr'><strong>virtutum</strong></span> <span class='ocrx_word' id='word_1_603' title='bbox 2726 1989 2902 2042; x_wconf 88' lang='lat' dir='ltr'><strong>etiam</strong></span> <span class='ocrx_word' id='word_1_604' title='bbox 2936 1985 3153 2064; x_wconf 86' lang='lat' dir='ltr'><strong>nostris</strong></span> <span class='ocrx_word' id='word_1_605' title='bbox 3201 1984 3555 2064; x_wconf 82' lang='lat' dir='ltr'><strong>temporibus</strong></span> <span class='ocrx_word' id='word_1_606' title='bbox 3603 1982 3873 2064; x_wconf 81' lang='lat' dir='ltr'><strong>frequen-</strong></span> 
     </span>
    </p>
   </div>
   <div class='ocr_carea' id='block_1_88' title="bbox 2215 2060 3868 2136">
    <p class='ocr_par' dir='ltr' id='par_1_88' title="bbox 2215 2060 3868 2136">
     <span class='ocr_line' id='line_1_88' title="bbox 2215 2060 3868 2136; baseline -0.009 -9"><span class='ocrx_word' id='word_1_607' title='bbox 2215 2060 2320 2128; x_wconf 69' lang='lat' dir='ltr'><strong>tari</strong></span> <span class='ocrx_word' id='word_1_608' title='bbox 2358 2087 2371 2136; x_wconf 92' lang='lat'><strong>;</strong></span> <span class='ocrx_word' id='word_1_609' title='bbox 2407 2076 2464 2125; x_wconf 91' lang='lat' dir='ltr'><strong>et</strong></span> <span class='ocrx_word' id='word_1_610' title='bbox 2493 2087 2561 2124; x_wconf 90' lang='lat' dir='ltr'><strong>ea</strong></span> <span class='ocrx_word' id='word_1_611' title='bbox 2610 2085 2722 2123; x_wconf 92' lang='lat' dir='ltr'><strong>non</strong></span> <span class='ocrx_word' id='word_1_612' title='bbox 2775 2068 2984 2122; x_wconf 89' lang='lat' dir='ltr'><strong>debere</strong></span> <span class='ocrx_word' id='word_1_613' title='bbox 3015 2063 3333 2120; x_wconf 87' lang='lat' dir='ltr'><strong>multorum</strong></span> <span class='ocrx_word' id='word_1_614' title='bbox 3368 2062 3584 2118; x_wconf 66' lang='lat' dir='ltr'><strong>notitia:</strong></span> <span class='ocrx_word' id='word_1_615' title='bbox 3633 2060 3868 2131; x_wconf 86' lang='lat' dir='ltr'><strong>deperi-</strong></span> 
     </span>
    </p>
   </div>
   <div class='ocr_carea' id='block_1_89' title="bbox 2218 2140 3869 2212">
    <p class='ocr_par' dir='ltr' id='par_1_89' title="bbox 2218 2140 3869 2212">
     <span class='ocr_line' id='line_1_89' title="bbox 2218 2140 3869 2212; baseline -0.007 -5"><span class='ocrx_word' id='word_1_616' title='bbox 2218 2169 2299 2209; x_wconf 90' lang='lat' dir='ltr'><strong>re.</strong></span> <span class='ocrx_word' id='word_1_617' title='bbox 2357 2151 2624 2206; x_wconf 90' lang='lat' dir='ltr'><strong>Nondum</strong></span> <span class='ocrx_word' id='word_1_618' title='bbox 2685 2152 2772 2203; x_wconf 89' lang='lat' dir='ltr'><strong>est</strong></span> <span class='ocrx_word' id='word_1_619' title='bbox 2811 2152 3004 2202; x_wconf 89' lang='lat' dir='ltr'><strong>autem</strong></span> <span class='ocrx_word' id='word_1_620' title='bbox 3054 2144 3380 2210; x_wconf 88' lang='lat' dir='ltr'><strong>biennium,</strong></span> <span class='ocrx_word' id='word_1_621' title='bbox 3423 2160 3493 2198; x_wconf 88' lang='lat' dir='ltr'><strong>ex</strong></span> <span class='ocrx_word' id='word_1_622' title='bbox 3543 2158 3654 2212; x_wconf 93' lang='lat' dir='ltr'><strong>quo</strong></span> <span class='ocrx_word' id='word_1_623' title='bbox 3705 2140 3869 2212; x_wconf 89' lang='lat' dir='ltr'><strong>apud</strong></span> 
     </span>
    </p>
   </div>
   <div class='ocr_carea' id='block_1_90' title="bbox 2217 2221 3876 2303">
    <p class='ocr_par' dir='ltr' id='par_1_90' title="bbox 2217 2221 3876 2303">
     <span class='ocr_line' id='line_1_90' title="bbox 2217 2221 3876 2303; baseline -0.008 -15"><span class='ocrx_word' id='word_1_624' title='bbox 2217 2232 2534 2303; x_wconf 83' lang='lat' dir='ltr'><strong>Hipponem</strong></span> <span class='ocrx_word' id='word_1_625' title='bbox 2564 2229 2808 2299; x_wconf 83' lang='lat' dir='ltr'><strong>Regiam</strong></span> <span class='ocrx_word' id='word_1_626' title='bbox 2843 2226 3017 2297; x_wconf 75' lang='lat' dir='ltr'><strong>cmpit</strong></span> <span class='ocrx_word' id='word_1_627' title='bbox 3058 2241 3186 2281; x_wconf 88' lang='lat' dir='ltr'><strong>esse</strong></span> <span class='ocrx_word' id='word_1_628' title='bbox 3217 2225 3329 2280; x_wconf 89' lang='lat' dir='ltr'><strong>ista</strong></span> <span class='ocrx_word' id='word_1_629' title='bbox 3377 2223 3651 2279; x_wconf 87' lang='lat' dir='ltr'><strong>memoria</strong></span> <span class='ocrx_word' id='word_1_630' title='bbox 3680 2221 3780 2303; x_wconf 77' lang='grc' dir='ltr'><strong>(ᾳ),</strong></span> <span class='ocrx_word' id='word_1_631' title='bbox 3811 2225 3876 2303; x_wconf 77' lang='lat' dir='ltr'><strong>et</strong></span> 
     </span>
    </p>
   </div>
   <div class='ocr_carea' id='block_1_91' title="bbox 2219 2299 3875 2382">
    <p class='ocr_par' dir='ltr' id='par_1_91' title="bbox 2219 2299 3875 2382">
     <span class='ocr_line' id='line_1_91' title="bbox 2219 2299 3875 2382; baseline -0.009 -13"><span class='ocrx_word' id='word_1_632' title='bbox 2219 2299 2436 2380; x_wconf 79' lang='lat' dir='ltr'><strong>multis,</strong></span> <span class='ocrx_word' id='word_1_633' title='bbox 2469 2313 2616 2382; x_wconf 92' lang='lat' dir='ltr'><strong>quod</strong></span> <span class='ocrx_word' id='word_1_634' title='bbox 2651 2309 2816 2364; x_wconf 90' lang='lat' dir='ltr'><strong>nobis</strong></span> <span class='ocrx_word' id='word_1_635' title='bbox 2855 2307 3242 2364; x_wconf 88' lang='lat' dir='ltr'><strong>certissimum</strong></span> <span class='ocrx_word' id='word_1_636' title='bbox 3288 2313 3395 2371; x_wconf 83' lang='lat' dir='ltr'><strong>est,</strong></span> <span class='ocrx_word' id='word_1_637' title='bbox 3451 2319 3570 2359; x_wconf 93' lang='lat' dir='ltr'><strong>non</strong></span> <span class='ocrx_word' id='word_1_638' title='bbox 3621 2302 3779 2382; x_wconf 87' lang='lat' dir='ltr'><strong>datis</strong></span> <span class='ocrx_word' id='word_1_639' title='bbox 3811 2299 3875 2382; x_wconf 36' lang='lat' dir='ltr'><strong>li:</strong></span> 
     </span>
    </p>
   </div>
   <div class='ocr_carea' id='block_1_92' title="bbox 2219 2379 3874 2462">
    <p class='ocr_par' dir='ltr' id='par_1_92' title="bbox 2219 2379 3874 2462">
     <span class='ocr_line' id='line_1_92' title="bbox 2219 2379 3874 2462; baseline -0.01 -12"><span class='ocrx_word' id='word_1_640' title='bbox 2219 2379 2508 2460; x_wconf 85' lang='lat' dir='ltr'><strong>bellie,de</strong></span> <span class='ocrx_word' id='word_1_641' title='bbox 2537 2391 2610 2445; x_wconf 89' lang='lat' dir='ltr'><strong>iis</strong></span> <span class='ocrx_word' id='word_1_642' title='bbox 2637 2407 2764 2462; x_wconf 75' lang='lat' dir='ltr'><strong>quaa</strong></span> <span class='ocrx_word' id='word_1_643' title='bbox 2789 2387 3134 2442; x_wconf 89' lang='lat' dir='ltr'><strong>mirabiliter</strong></span> <span class='ocrx_word' id='word_1_644' title='bbox 3156 2387 3307 2441; x_wconf 82' lang='lat' dir='ltr'><strong>facta</strong></span> <span class='ocrx_word' id='word_1_645' title='bbox 3327 2389 3487 2450; x_wconf 92' lang='lat' dir='ltr'><strong>sunt,</strong></span> <span class='ocrx_word' id='word_1_646' title='bbox 3517 2382 3603 2437; x_wconf 90' lang='lat' dir='ltr'><strong>illi</strong></span> <span class='ocrx_word' id='word_1_647' title='bbox 3628 2381 3742 2454; x_wconf 91' lang='lat' dir='ltr'><strong>ipsi</strong></span> <span class='ocrx_word' id='word_1_648' title='bbox 3771 2379 3874 2452; x_wconf 91' lang='lat' dir='ltr'><strong>qui</strong></span> 
     </span>
    </p>
   </div>
   <div class='ocr_carea' id='block_1_93' title="bbox 2220 2468 3870 2542">
    <p class='ocr_par' dir='ltr' id='par_1_93' title="bbox 2220 2468 3870 2542">
     <span class='ocr_line' id='line_1_93' title="bbox 2220 2468 3870 2542; baseline -0.008 -13"><span class='ocrx_word' id='word_1_649' title='bbox 2220 2475 2337 2531; x_wconf 88' lang='lat' dir='ltr'><strong>dati</strong></span> <span class='ocrx_word' id='word_1_650' title='bbox 2367 2478 2508 2528; x_wconf 88' lang='lat' dir='ltr'><strong>sunt</strong></span> <span class='ocrx_word' id='word_1_651' title='bbox 2537 2473 2606 2527; x_wconf 90' lang='lat' dir='ltr'><strong>ad</strong></span> <span class='ocrx_word' id='word_1_652' title='bbox 2640 2468 3012 2542; x_wconf 86' lang='lat' dir='ltr'><strong>septuaginta</strong></span> <span class='ocrx_word' id='word_1_653' title='bbox 3043 2468 3222 2522; x_wconf 84' lang='lat' dir='ltr'><strong>ferme</strong></span> <span class='ocrx_word' id='word_1_654' title='bbox 3246 2480 3557 2521; x_wconf 90' lang='lat' dir='ltr'><strong>numerum</strong></span> <span class='ocrx_word' id='word_1_655' title='bbox 3591 2477 3870 2534; x_wconf 86' lang='lat' dir='ltr'><strong>pervene-</strong></span> 
     </span>
    </p>
   </div>
   <div class='ocr_carea' id='block_1_94' title="bbox 2221 2542 3873 2624">
    <p class='ocr_par' dir='ltr' id='par_1_94' title="bbox 2221 2542 3873 2624">
     <span class='ocr_line' id='line_1_94' title="bbox 2221 2542 3873 2624; baseline -0.01 -13"><span class='ocrx_word' id='word_1_656' title='bbox 2221 2560 2374 2624; x_wconf 89' lang='lat' dir='ltr'><strong>rant,</strong></span> <span class='ocrx_word' id='word_1_657' title='bbox 2409 2552 2643 2624; x_wconf 89' lang='lat' dir='ltr'><strong>quando</strong></span> <span class='ocrx_word' id='word_1_658' title='bbox 2675 2551 2787 2606; x_wconf 88' lang='lat' dir='ltr'><strong>ista</strong></span> <span class='ocrx_word' id='word_1_659' title='bbox 2838 2547 3176 2617; x_wconf 90' lang='lat' dir='ltr'><strong>conscripsi.</strong></span> <span class='ocrx_word' id='word_1_660' title='bbox 3210 2546 3453 2602; x_wconf 75' lang='lat' dir='ltr'><strong>Calamas</strong></span> <span class='ocrx_word' id='word_1_661' title='bbox 3486 2559 3643 2610; x_wconf 92' lang='lat' dir='ltr'><strong>vero,</strong></span> <span class='ocrx_word' id='word_1_662' title='bbox 3687 2542 3788 2598; x_wconf 89' lang='lat' dir='ltr'><strong>ubi</strong></span> <span class='ocrx_word' id='word_1_663' title='bbox 3820 2546 3873 2596; x_wconf 89' lang='lat' dir='ltr'><strong>et</strong></span> 
     </span>
    </p>
   </div>
   <div class='ocr_carea' id='block_1_95' title="bbox 2220 2624 3870 2709">
    <p class='ocr_par' dir='ltr' id='par_1_95' title="bbox 2220 2624 3870 2709">
     <span class='ocr_line' id='line_1_95' title="bbox 2220 2624 3870 2709; baseline -0.01 -17"><span class='ocrx_word' id='word_1_664' title='bbox 2220 2637 2349 2709; x_wconf 90' lang='lat' dir='ltr'><strong>ipsa</strong></span> <span class='ocrx_word' id='word_1_665' title='bbox 2382 2632 2662 2689; x_wconf 91' lang='lat' dir='ltr'><strong>memoria</strong></span> <span class='ocrx_word' id='word_1_666' title='bbox 2690 2631 2852 2703; x_wconf 86' lang='lat' dir='ltr'><strong>prius</strong></span> <span class='ocrx_word' id='word_1_667' title='bbox 2881 2628 3216 2700; x_wconf 87' lang='lat' dir='ltr'><strong>esseccepit,</strong></span> <span class='ocrx_word' id='word_1_668' title='bbox 3249 2631 3304 2683; x_wconf 90' lang='lat' dir='ltr'><strong>et</strong></span> <span class='ocrx_word' id='word_1_669' title='bbox 3334 2624 3595 2683; x_wconf 88' lang='lat' dir='ltr'><strong>crebrius</strong></span> <span class='ocrx_word' id='word_1_670' title='bbox 3630 2625 3870 2687; x_wconf 89' lang='lat' dir='ltr'><strong>dantur,</strong></span> 
     </span>
    </p>
   </div>
   <div class='ocr_carea' id='block_1_96' title="bbox 2222 2710 3444 2786">
    <p class='ocr_par' dir='ltr' id='par_1_96' title="bbox 2222 2710 3444 2786">
     <span class='ocr_line' id='line_1_96' title="bbox 2222 2710 3444 2786; baseline -0.01 -13"><span class='ocrx_word' id='word_1_671' title='bbox 2222 2712 2662 2786; x_wconf 89' lang='lat' dir='ltr'><strong>incomparabili</strong></span> <span class='ocrx_word' id='word_1_672' title='bbox 2692 2713 2714 2747; x_wconf 80' lang='grc'>³</span> <span class='ocrx_word' id='word_1_673' title='bbox 2747 2710 3123 2766; x_wconf 92' lang='lat' dir='ltr'><strong>multitudine</strong></span> <span class='ocrx_word' id='word_1_674' title='bbox 3146 2712 3444 2780; x_wconf 89' lang='lat' dir='ltr'><strong>superant.</strong></span> 
     </span>
    </p>
   </div>
   <div class='ocr_carea' id='block_1_97' title="bbox 2290 2786 3877 2865">
    <p class='ocr_par' dir='ltr' id='par_1_97' title="bbox 2290 2786 3877 2865">
     <span class='ocr_line' id='line_1_97' title="bbox 2290 2786 3877 2865; baseline -0.009 -11"><span class='ocrx_word' id='word_1_675' title='bbox 2290 2803 2382 2854; x_wconf 88' lang='lat'><strong>21.</strong></span> <span class='ocrx_word' id='word_1_676' title='bbox 2428 2795 2585 2852; x_wconf 91' lang='lat' dir='ltr'><strong>Uzali</strong></span> <span class='ocrx_word' id='word_1_677' title='bbox 2617 2795 2812 2860; x_wconf 89' lang='lat' dir='ltr'><strong>etiam,</strong></span> <span class='ocrx_word' id='word_1_678' title='bbox 2847 2809 2976 2865; x_wconf 65' lang='lat' dir='ltr'><strong>qua:</strong></span> <span class='ocrx_word' id='word_1_679' title='bbox 3016 2791 3242 2847; x_wconf 92' lang='lat' dir='ltr'><strong>colonia</strong></span> <span class='ocrx_word' id='word_1_680' title='bbox 3289 2788 3468 2845; x_wconf 62' lang='lat' dir='ltr'><strong>Utica:</strong></span> <span class='ocrx_word' id='word_1_681' title='bbox 3515 2786 3709 2843; x_wconf 89' lang='lat' dir='ltr'><strong>vicina</strong></span> <span class='ocrx_word' id='word_1_682' title='bbox 3766 2790 3877 2853; x_wconf 88' lang='lat' dir='ltr'><strong>est,</strong></span> 
     </span>
    </p>
   </div>
   <div class='ocr_carea' id='block_1_98' title="bbox 2225 2868 3879 2948">
    <p class='ocr_par' dir='ltr' id='par_1_98' title="bbox 2225 2868 3879 2948">
     <span class='ocr_line' id='line_1_98' title="bbox 2225 2868 3879 2948; baseline -0.01 -12"><span class='ocrx_word' id='word_1_683' title='bbox 2225 2879 2408 2937; x_wconf 91' lang='lat' dir='ltr'><strong>multa</strong></span> <span class='ocrx_word' id='word_1_684' title='bbox 2441 2877 2714 2948; x_wconf 66' lang='lat' dir='ltr'><strong>praeclara</strong></span> <span class='ocrx_word' id='word_1_685' title='bbox 2738 2873 3112 2942; x_wconf 86' lang='lat' dir='ltr'><strong>pereumdem</strong></span> <span class='ocrx_word' id='word_1_686' title='bbox 3140 2871 3450 2942; x_wconf 80' lang='lat' dir='ltr'><strong>Martyrem</strong></span> <span class='ocrx_word' id='word_1_687' title='bbox 3477 2868 3628 2924; x_wconf 81' lang='lat' dir='ltr'><strong>facta</strong></span> <span class='ocrx_word' id='word_1_688' title='bbox 3659 2882 3879 2948; x_wconf 48' lang='lat' dir='ltr'><strong>cognof</strong></span> 
     </span>
    </p>
   </div>
   <div class='ocr_carea' id='block_1_99' title="bbox 2219 2945 3879 3025">
    <p class='ocr_par' dir='ltr' id='par_1_99' title="bbox 2219 2945 3879 3025">
     <span class='ocr_line' id='line_1_99' title="bbox 2219 2945 3879 3025; baseline -0.01 -11"><span class='ocrx_word' id='word_1_689' title='bbox 2219 2962 2412 3016; x_wconf 83' lang='lat' dir='ltr'><strong>vimus</strong></span> <span class='ocrx_word' id='word_1_690' title='bbox 2442 2945 2459 3014; x_wconf 72' lang='grc' dir='ltr'>Ξ</span> <span class='ocrx_word' id='word_1_691' title='bbox 2495 2958 2664 3025; x_wconf 89' lang='lat' dir='ltr'><strong>cujus</strong></span> <span class='ocrx_word' id='word_1_692' title='bbox 2686 2955 2762 3009; x_wconf 91' lang='lat' dir='ltr'><strong>ibi</strong></span> <span class='ocrx_word' id='word_1_693' title='bbox 2801 2952 3078 3008; x_wconf 88' lang='lat' dir='ltr'><strong>memoria</strong></span> <span class='ocrx_word' id='word_1_694' title='bbox 3110 2952 3279 3022; x_wconf 89' lang='lat' dir='ltr'><strong>longe</strong></span> <span class='ocrx_word' id='word_1_695' title='bbox 3312 2950 3476 3021; x_wconf 91' lang='lat' dir='ltr'><strong>prius</strong></span> <span class='ocrx_word' id='word_1_696' title='bbox 3505 2963 3680 3018; x_wconf 91' lang='lat' dir='ltr'><strong>quam</strong></span> <span class='ocrx_word' id='word_1_697' title='bbox 3719 2945 3879 3014; x_wconf 84' lang='lat' dir='ltr'><strong>apud</strong></span> 
     </span>
    </p>
   </div>
   <div class='ocr_carea' id='block_1_100' title="bbox 2223 3025 3880 3108">
    <p class='ocr_par' dir='ltr' id='par_1_100' title="bbox 2223 3025 3880 3108">
     <span class='ocr_line' id='line_1_100' title="bbox 2223 3025 3880 3108; baseline -0.01 -12"><span class='ocrx_word' id='word_1_698' title='bbox 2223 3057 2352 3108; x_wconf 89' lang='lat' dir='ltr'><strong>nos,</strong></span> <span class='ocrx_word' id='word_1_699' title='bbox 2384 3040 2456 3094; x_wconf 90' lang='lat' dir='ltr'><strong>ab</strong></span> <span class='ocrx_word' id='word_1_700' title='bbox 2488 3037 2758 3107; x_wconf 89' lang='lat' dir='ltr'><strong>episcopo</strong></span> <span class='ocrx_word' id='word_1_701' title='bbox 2793 3033 3006 3088; x_wconf 86' lang='lat' dir='ltr'><strong>Evodio</strong></span> <span class='ocrx_word' id='word_1_702' title='bbox 3038 3030 3351 3087; x_wconf 89' lang='lat' dir='ltr'><strong>constituta</strong></span> <span class='ocrx_word' id='word_1_703' title='bbox 3379 3033 3485 3086; x_wconf 89' lang='lat' dir='ltr'><strong>est.</strong></span> <span class='ocrx_word' id='word_1_704' title='bbox 3511 3025 3880 3108; x_wconf 84' lang='lat' dir='ltr'><strong>Sedlibello-</strong></span> 
     </span>
    </p>
   </div>
   <div class='ocr_carea' id='block_1_101' title="bbox 2223 3106 3881 3177">
    <p class='ocr_par' dir='ltr' id='par_1_101' title="bbox 2223 3106 3881 3177">
     <span class='ocr_line' id='line_1_101' title="bbox 2223 3106 3881 3177; baseline -0.01 0"><span class='ocrx_word' id='word_1_705' title='bbox 2223 3106 2350 3177; x_wconf 86' lang='lat' dir='ltr'><strong>rum</strong></span> <span class='ocrx_word' id='word_1_706' title='bbox 2385 3106 2706 3173; x_wconf 86' lang='lat' dir='ltr'><strong>dandorum</strong></span> <span class='ocrx_word' id='word_1_707' title='bbox 2754 3115 2833 3170; x_wconf 92' lang='lat' dir='ltr'><strong>ibi</strong></span> <span class='ocrx_word' id='word_1_708' title='bbox 2868 3112 3230 3169; x_wconf 88' lang='lat' dir='ltr'><strong>consuetudo</strong></span> <span class='ocrx_word' id='word_1_709' title='bbox 3262 3127 3378 3166; x_wconf 90' lang='lat' dir='ltr'><strong>non</strong></span> <span class='ocrx_word' id='word_1_710' title='bbox 3417 3113 3526 3176; x_wconf 88' lang='lat' dir='ltr'><strong>est,</strong></span> <span class='ocrx_word' id='word_1_711' title='bbox 3557 3106 3648 3162; x_wconf 79' lang='lat' dir='ltr'><strong>vel</strong></span> <span class='ocrx_word' id='word_1_712' title='bbox 3687 3107 3881 3175; x_wconf 87' lang='lat' dir='ltr'><strong>potius</strong></span> 
     </span>
    </p>
   </div>
   <div class='ocr_carea' id='block_1_102' title="bbox 2225 3187 3881 3261">
    <p class='ocr_par' dir='ltr' id='par_1_102' title="bbox 2225 3187 3881 3261">
     <span class='ocr_line' id='line_1_102' title="bbox 2225 3187 3881 3261; baseline -0.01 -4"><span class='ocrx_word' id='word_1_713' title='bbox 2225 3218 2338 3257; x_wconf 92' lang='lat' dir='ltr'><strong>non</strong></span> <span class='ocrx_word' id='word_1_714' title='bbox 2373 3200 2514 3254; x_wconf 78' lang='lat' dir='ltr'><strong>fuit:</strong></span> <span class='ocrx_word' id='word_1_715' title='bbox 2550 3213 2680 3252; x_wconf 87' lang='lat' dir='ltr'><strong>nam</strong></span> <span class='ocrx_word' id='word_1_716' title='bbox 2718 3196 2967 3252; x_wconf 80' lang='lat' dir='ltr'><strong>fortasse</strong></span> <span class='ocrx_word' id='word_1_717' title='bbox 2999 3209 3156 3248; x_wconf 92' lang='lat' dir='ltr'><strong>nunc</strong></span> <span class='ocrx_word' id='word_1_718' title='bbox 3200 3207 3329 3246; x_wconf 88' lang='lat' dir='ltr'><strong>esse</strong></span> <span class='ocrx_word' id='word_1_719' title='bbox 3352 3191 3474 3261; x_wconf 90' lang='lat' dir='ltr'><strong>jam</strong></span> <span class='ocrx_word' id='word_1_720' title='bbox 3507 3187 3706 3258; x_wconf 90' lang='lat' dir='ltr'><strong>ccepit.</strong></span> <span class='ocrx_word' id='word_1_721' title='bbox 3739 3189 3881 3242; x_wconf 87' lang='lat' dir='ltr'><strong>Cum</strong></span> 
     </span>
    </p>
   </div>
   <div class='ocr_carea' id='block_1_103' title="bbox 2225 3267 3882 3351">
    <p class='ocr_par' dir='ltr' id='par_1_103' title="bbox 2225 3267 3882 3351">
     <span class='ocr_line' id='line_1_103' title="bbox 2225 3267 3882 3351; baseline -0.011 -13"><span class='ocrx_word' id='word_1_722' title='bbox 2225 3283 2378 3339; x_wconf 92' lang='lat' dir='ltr'><strong>enim</strong></span> <span class='ocrx_word' id='word_1_723' title='bbox 2415 3295 2599 3351; x_wconf 92' lang='lat' dir='ltr'><strong>nuper</strong></span> <span class='ocrx_word' id='word_1_724' title='bbox 2630 3276 2749 3331; x_wconf 91' lang='lat' dir='ltr'><strong>illic</strong></span> <span class='ocrx_word' id='word_1_725' title='bbox 2787 3291 3077 3342; x_wconf 88' lang='lat' dir='ltr'><strong>essemus,</strong></span> <span class='ocrx_word' id='word_1_726' title='bbox 3111 3270 3461 3333; x_wconf 86' lang='lat' dir='ltr'><strong>Petroniam,</strong></span> <span class='ocrx_word' id='word_1_727' title='bbox 3484 3267 3882 3324; x_wconf 88' lang='lat' dir='ltr'><strong>clarissimam</strong></span> 
     </span>
    </p>
   </div>
   <div class='ocr_carea' id='block_1_104' title="bbox 2227 3350 3882 3432">
    <p class='ocr_par' dir='ltr' id='par_1_104' title="bbox 2227 3350 3882 3432">
     <span class='ocr_line' id='line_1_104' title="bbox 2227 3350 3882 3432; baseline -0.009 -13"><span class='ocrx_word' id='word_1_728' title='bbox 2227 3350 2523 3427; x_wconf 74' lang='lat' dir='ltr'><strong>feminam,</strong></span> <span class='ocrx_word' id='word_1_729' title='bbox 2560 3375 2684 3432; x_wconf 74' lang='lat' dir='ltr'><strong>quae</strong></span> <span class='ocrx_word' id='word_1_730' title='bbox 2707 3358 2786 3413; x_wconf 90' lang='lat' dir='ltr'><strong>ibi</strong></span> <span class='ocrx_word' id='word_1_731' title='bbox 2822 3355 3166 3411; x_wconf 88' lang='lat' dir='ltr'><strong>mirabiliter</strong></span> <span class='ocrx_word' id='word_1_732' title='bbox 3206 3370 3273 3408; x_wconf 89' lang='lat' dir='ltr'><strong>ex</strong></span> <span class='ocrx_word' id='word_1_733' title='bbox 3307 3367 3518 3424; x_wconf 90' lang='lat' dir='ltr'><strong>magno</strong></span> <span class='ocrx_word' id='word_1_734' title='bbox 3547 3350 3882 3432; x_wconf 79' lang='lat' dir='ltr'><strong>atqucdiu-</strong></span> 
     </span>
    </p>
   </div>
   <div class='ocr_carea' id='block_1_105' title="bbox 2227 3430 3886 3512">
    <p class='ocr_par' dir='ltr' id='par_1_105' title="bbox 2227 3430 3886 3512">
     <span class='ocr_line' id='line_1_105' title="bbox 2227 3430 3886 3512; baseline -0.011 -11"><span class='ocrx_word' id='word_1_735' title='bbox 2227 3451 2424 3510; x_wconf 88' lang='lat' dir='ltr'><strong>turno,</strong></span> <span class='ocrx_word' id='word_1_736' title='bbox 2464 3442 2523 3497; x_wconf 92' lang='lat' dir='ltr'><strong>in</strong></span> <span class='ocrx_word' id='word_1_737' title='bbox 2555 3430 2669 3512; x_wconf 84' lang='lat' dir='ltr'><strong>quo</strong></span> <span class='ocrx_word' id='word_1_738' title='bbox 2703 3438 3053 3494; x_wconf 89' lang='lat' dir='ltr'><strong>medicorum</strong></span> <span class='ocrx_word' id='word_1_739' title='bbox 3087 3433 3380 3504; x_wconf 90' lang='lat' dir='ltr'><strong>adjutoria</strong></span> <span class='ocrx_word' id='word_1_740' title='bbox 3410 3437 3625 3487; x_wconf 90' lang='lat' dir='ltr'><strong>cuncta</strong></span> <span class='ocrx_word' id='word_1_741' title='bbox 3655 3430 3886 3485; x_wconf 85' lang='lat' dir='ltr'><strong>defece-</strong></span> 
     </span>
    </p>
   </div>
   <div class='ocr_carea' id='block_1_106' title="bbox 2231 3509 3885 3594">
    <p class='ocr_par' dir='ltr' id='par_1_106' title="bbox 2231 3509 3885 3594">
     <span class='ocr_line' id='line_1_106' title="bbox 2231 3509 3885 3594; baseline -0.011 -13"><span class='ocrx_word' id='word_1_742' title='bbox 2231 3530 2382 3592; x_wconf 89' lang='lat' dir='ltr'><strong>rant,</strong></span> <span class='ocrx_word' id='word_1_743' title='bbox 2416 3509 2690 3594; x_wconf 82' lang='lat' dir='ltr'><strong>languore</strong></span> <span class='ocrx_word' id='word_1_744' title='bbox 2741 3523 2948 3574; x_wconf 89' lang='lat' dir='ltr'><strong>sanata</strong></span> <span class='ocrx_word' id='word_1_745' title='bbox 2978 3521 3085 3585; x_wconf 89' lang='lat' dir='ltr'><strong>est,</strong></span> <span class='ocrx_word' id='word_1_746' title='bbox 3121 3515 3332 3570; x_wconf 91' lang='lat' dir='ltr'><strong>hortati</strong></span> <span class='ocrx_word' id='word_1_747' title='bbox 3390 3527 3601 3569; x_wconf 89' lang='lat' dir='ltr'><strong>sumus</strong></span> <span class='ocrx_word' id='word_1_748' title='bbox 3648 3509 3885 3566; x_wconf 89' lang='lat' dir='ltr'><strong>volente</strong></span> 
     </span>
    </p>
   </div>
   <div class='ocr_carea' id='block_1_107' title="bbox 2299 3709 3888 3776">
    <p class='ocr_par' dir='ltr' id='par_1_107' title="bbox 2299 3709 3888 3776">
     <span class='ocr_line' id='line_1_107' title="bbox 2299 3709 3888 3776; baseline -0.011 -4"><span class='ocrx_word' id='word_1_749' title='bbox 2299 3728 2313 3760; x_wconf 80' lang='grc' dir='ltr'>ι</span> <span class='ocrx_word' id='word_1_750' title='bbox 2370 3723 2526 3771; x_wconf 81' lang='lat' dir='ltr'><strong>Vind.</strong></span> <span class='ocrx_word' id='word_1_751' title='bbox 2580 3721 2694 3770; x_wconf 78' lang='lat' dir='ltr'><strong>Am.</strong></span> <span class='ocrx_word' id='word_1_752' title='bbox 2754 3717 2837 3766; x_wconf 87' lang='lat' dir='ltr'><strong>Er.</strong></span> <span class='ocrx_word' id='word_1_753' title='bbox 2900 3717 2953 3764; x_wconf 89' lang='lat' dir='ltr'><strong>et</strong></span> <span class='ocrx_word' id='word_1_754' title='bbox 3007 3715 3187 3776; x_wconf 87' lang='lat' dir='ltr'><strong>plures</strong></span> <span class='ocrx_word' id='word_1_755' title='bbox 3243 3709 3610 3773; x_wconf 83' lang='lat' dir='ltr'><strong>manuscripti,</strong></span> <span class='ocrx_word' id='word_1_756' title='bbox 3671 3716 3888 3771; x_wconf 81' lang='lat' dir='ltr'><strong>marty-</strong></span> 
     </span>
    </p>
   </div>
   <div class='ocr_carea' id='block_1_108' title="bbox 2234 3802 3366 3911">
    <p class='ocr_par' dir='ltr' id='par_1_108' title="bbox 2234 3802 3366 3911">
     <span class='ocr_line' id='line_1_108' title="bbox 2234 3802 3366 3911; baseline -0.009 -16"><span class='ocrx_word' id='word_1_757' title='bbox 2234 3802 2506 3896; x_wconf 55' lang='lat' dir='ltr'><strong>ru2mliind.</strong></span> <span class='ocrx_word' id='word_1_758' title='bbox 2543 3847 2658 3911; x_wconf 64' lang='lat' dir='ltr'><strong>Am.</strong></span> <span class='ocrx_word' id='word_1_759' title='bbox 2689 3843 2773 3911; x_wconf 59' lang='lat' dir='ltr'><strong>Er.</strong></span> <span class='ocrx_word' id='word_1_760' title='bbox 2803 3842 2857 3891; x_wconf 89' lang='lat' dir='ltr'><strong>et</strong></span> <span class='ocrx_word' id='word_1_761' title='bbox 2885 3840 3030 3911; x_wconf 84' lang='lat' dir='ltr'><strong>_Mss.,</strong></span> <span class='ocrx_word' id='word_1_762' title='bbox 3055 3837 3366 3911; x_wconf 47' lang='lat' dir='ltr'><strong>implenda.</strong></span> 
     </span>
    </p>
   </div>
   <div class='ocr_carea' id='block_1_109' title="bbox 2301 3900 3216 3962">
    <p class='ocr_par' dir='ltr' id='par_1_109' title="bbox 2301 3900 3216 3962">
     <span class='ocr_line' id='line_1_109' title="bbox 2301 3900 3216 3962; baseline -0.011 -2"><span class='ocrx_word' id='word_1_763' title='bbox 2301 3913 2322 3945; x_wconf 79' lang='grc'><strong>³</strong></span> <span class='ocrx_word' id='word_1_764' title='bbox 2353 3911 2477 3959; x_wconf 82' lang='lat' dir='ltr'><strong>Sola</strong></span> <span class='ocrx_word' id='word_1_765' title='bbox 2508 3908 2672 3957; x_wconf 85' lang='lat' dir='ltr'><strong>editio</strong></span> <span class='ocrx_word' id='word_1_766' title='bbox 2701 3907 2847 3962; x_wconf 87' lang='lat' dir='ltr'><strong>Lov.,</strong></span> <span class='ocrx_word' id='word_1_767' title='bbox 2880 3900 3216 3951; x_wconf 81' lang='lat' dir='ltr'><strong>incredibili.</strong></span> 
     </span>
    </p>
   </div>
   <div class='ocr_carea' id='block_1_110' title="bbox 2302 4039 3892 4114">
    <p class='ocr_par' dir='ltr' id='par_1_110' title="bbox 2302 4039 3892 4114">
     <span class='ocr_line' id='line_1_110' title="bbox 2302 4039 3892 4114; baseline -0.011 -11"><span class='ocrx_word' id='word_1_768' title='bbox 2302 4055 2378 4114; x_wconf 84' lang='grc' dir='ltr'><strong>(α)</strong></span> <span class='ocrx_word' id='word_1_769' title='bbox 2424 4053 2556 4101; x_wconf 82' lang='lat' dir='ltr'><strong>Hinc</strong></span> <span class='ocrx_word' id='word_1_770' title='bbox 2601 4045 3109 4114; x_wconf 72' lang='lat' dir='ltr'><strong>verointelligimus</strong></span> <span class='ocrx_word' id='word_1_771' title='bbox 3155 4043 3423 4114; x_wconf 42' lang='lat' dir='ltr'><strong>scriptum.</strong></span> <span class='ocrx_word' id='word_1_772' title='bbox 3457 4042 3660 4114; x_wconf 72' lang='lat' dir='ltr'><strong>huncce</strong></span> <span class='ocrx_word' id='word_1_773' title='bbox 3687 4039 3892 4114; x_wconf 76' lang='lat' dir='ltr'><strong>librum</strong></span> 
     </span>
    </p>
   </div>
   <div class='ocr_carea' id='block_1_111' title="bbox 2239 4103 3893 4168">
    <p class='ocr_par' dir='ltr' id='par_1_111' title="bbox 2239 4103 3893 4168">
     <span class='ocr_line' id='line_1_111' title="bbox 2239 4103 3893 4168; baseline -0.011 -1"><span class='ocrx_word' id='word_1_774' title='bbox 2239 4103 2338 4167; x_wconf 82' lang='lat' dir='ltr'><strong>sub</strong></span> <span class='ocrx_word' id='word_1_775' title='bbox 2359 4103 2533 4165; x_wconf 56' lang='lat' dir='ltr'><strong>&#39;iinem</strong></span> <span class='ocrx_word' id='word_1_776' title='bbox 2567 4113 2696 4163; x_wconf 89' lang='lat' dir='ltr'><strong>anni</strong></span> <span class='ocrx_word' id='word_1_777' title='bbox 2725 4110 2834 4168; x_wconf 74' lang='lat'><strong>426,</strong></span> <span class='ocrx_word' id='word_1_778' title='bbox 2865 4103 2962 4158; x_wconf 74' lang='lat' dir='ltr'><strong>aut</strong></span> <span class='ocrx_word' id='word_1_779' title='bbox 2988 4121 3092 4156; x_wconf 92' lang='lat' dir='ltr'><strong>non</strong></span> <span class='ocrx_word' id='word_1_780' title='bbox 3123 4103 3296 4154; x_wconf 77' lang='lat' dir='ltr'><strong>multo</strong></span> <span class='ocrx_word' id='word_1_781' title='bbox 3325 4105 3511 4154; x_wconf 89' lang='lat' dir='ltr'><strong>serius.</strong></span> <span class='ocrx_word' id='word_1_782' title='bbox 3546 4103 3683 4168; x_wconf 77' lang='lat' dir='ltr'><strong>Nam</strong></span> <span class='ocrx_word' id='word_1_783' title='bbox 3703 4105 3893 4151; x_wconf 78' lang='lat' dir='ltr'><strong>exsta-</strong></span> 
     </span>
    </p>
   </div>
   <div class='ocr_carea' id='block_1_112' title="bbox 2238 4165 3894 4242">
    <p class='ocr_par' dir='ltr' id='par_1_112' title="bbox 2238 4165 3894 4242">
     <span class='ocr_line' id='line_1_112' title="bbox 2238 4165 3894 4242; baseline -0.011 -12"><span class='ocrx_word' id='word_1_784' title='bbox 2238 4165 2333 4230; x_wconf 77' lang='lat' dir='ltr'><strong>bat</strong></span> <span class='ocrx_word' id='word_1_785' title='bbox 2359 4181 2466 4242; x_wconf 85' lang='lat' dir='ltr'><strong>jam</strong></span> <span class='ocrx_word' id='word_1_786' title='bbox 2506 4177 2739 4242; x_wconf 81' lang='lat' dir='ltr'><strong>Hippone</strong></span> <span class='ocrx_word' id='word_1_787' title='bbox 2767 4165 2870 4221; x_wconf 82' lang='lat' dir='ltr'><strong>ista</strong></span> <span class='ocrx_word' id='word_1_788' title='bbox 2895 4169 3153 4242; x_wconf 77' lang='lat' dir='ltr'><strong>Stephani</strong></span> <span class='ocrx_word' id='word_1_789' title='bbox 3184 4167 3438 4242; x_wconf 48' lang='lat' dir='ltr'><strong>marty‘ris</strong></span> <span class='ocrx_word' id='word_1_790' title='bbox 3467 4165 3894 4242; x_wconf 41' lang='lat' dir='ltr'><strong>memoriaﬁum</strong></span> 
     </span>
    </p>
   </div>
   <div class='ocr_carea' id='block_1_113' title="bbox 2239 4226 3894 4298">
    <p class='ocr_par' dir='ltr' id='par_1_113' title="bbox 2239 4226 3894 4298">
     <span class='ocr_line' id='line_1_113' title="bbox 2239 4226 3894 4298; baseline -0.011 -6"><span class='ocrx_word' id='word_1_791' title='bbox 2239 4226 2478 4292; x_wconf 37' lang='lat' dir='ltr'><strong>illud&#39;ibi</strong></span> <span class='ocrx_word' id='word_1_792' title='bbox 2505 4226 2741 4298; x_wconf 72' lang='lat' dir='ltr'><strong>contigit.</strong></span> <span class='ocrx_word' id='word_1_793' title='bbox 2773 4236 2915 4297; x_wconf 89' lang='lat' dir='ltr'><strong>quod</strong></span> <span class='ocrx_word' id='word_1_794' title='bbox 2961 4226 3085 4298; x_wconf 77' lang='lat' dir='ltr'><strong>mox</strong></span> <span class='ocrx_word' id='word_1_795' title='bbox 3131 4226 3465 4298; x_wconf 48' lang='lat' dir='ltr'><strong>reieren‘dpm</strong></span> <span class='ocrx_word' id='word_1_796' title='bbox 3497 4231 3595 4298; x_wconf 77' lang='lat' dir='ltr'><strong>est.</strong></span> <span class='ocrx_word' id='word_1_797' title='bbox 3639 4228 3695 4275; x_wconf 86' lang='lat' dir='ltr'><strong>in</strong></span> <span class='ocrx_word' id='word_1_798' title='bbox 3741 4226 3894 4298; x_wconf 68' lang='lat' dir='ltr'><strong>Pauli</strong></span> 
     </span>
    </p>
   </div>
   <div class='ocr_carea' id='block_1_114' title="bbox 2241 4290 3896 4355">
    <p class='ocr_par' dir='ltr' id='par_1_114' title="bbox 2241 4290 3896 4355">
     <span class='ocr_line' id='line_1_114' title="bbox 2241 4290 3896 4355; baseline -0.011 0"><span class='ocrx_word' id='word_1_799' title='bbox 2241 4290 2322 4355; x_wconf 15' lang='lat' dir='ltr'><strong>et,</strong></span> <span class='ocrx_word' id='word_1_800' title='bbox 2349 4303 2614 4354; x_wconf 83' lang='lat' dir='ltr'><strong>Palladiae</strong></span> <span class='ocrx_word' id='word_1_801' title='bbox 2652 4290 2945 4348; x_wconf 49' lang='lat' dir='ltr'><strong>&quot;cura-tione</strong></span> <span class='ocrx_word' id='word_1_802' title='bbox 2984 4295 3321 4344; x_wconf 86' lang='lat' dir='ltr'><strong>miraculum.</strong></span> <span class='ocrx_word' id='word_1_803' title='bbox 3360 4294 3434 4341; x_wconf 90' lang='lat' dir='ltr'><strong>Ea</strong></span> <span class='ocrx_word' id='word_1_804' title='bbox 3477 4294 3656 4355; x_wconf 84' lang='lat' dir='ltr'><strong>autem</strong></span> <span class='ocrx_word' id='word_1_805' title='bbox 3685 4290 3896 4355; x_wconf 79' lang='lat' dir='ltr'><strong>curatio</strong></span> 
     </span>
    </p>
   </div>
   <div class='ocr_carea' id='block_1_115' title="bbox 2309 4353 3896 4420">
    <p class='ocr_par' dir='ltr' id='par_1_115' title="bbox 2309 4353 3896 4420">
     <span class='ocr_line' id='line_1_115' title="bbox 2309 4353 3896 4420; baseline -0.011 -4"><span class='ocrx_word' id='word_1_806' title='bbox 2309 4368 2473 4416; x_wconf 89' lang='lat' dir='ltr'><strong>rtinet</strong></span> <span class='ocrx_word' id='word_1_807' title='bbox 2529 4364 2597 4412; x_wconf 90' lang='lat' dir='ltr'><strong>ad</strong></span> <span class='ocrx_word' id='word_1_808' title='bbox 2653 4376 2856 4410; x_wconf 89' lang='lat' dir='ltr'><strong>annum</strong></span> <span class='ocrx_word' id='word_1_809' title='bbox 2910 4358 3020 4413; x_wconf 79' lang='grc'><strong>425.</strong></span> <span class='ocrx_word' id='word_1_810' title='bbox 3073 4359 3217 4420; x_wconf 91' lang='lat' dir='ltr'><strong>quod</strong></span> <span class='ocrx_word' id='word_1_811' title='bbox 3259 4357 3473 4420; x_wconf 75' lang='lat' dir='ltr'><strong>quidem</strong></span> <span class='ocrx_word' id='word_1_812' title='bbox 3527 4354 3629 4402; x_wconf 87' lang='lat' dir='ltr'><strong>hac</strong></span> <span class='ocrx_word' id='word_1_813' title='bbox 3683 4353 3896 4420; x_wconf 73' lang='lat' dir='ltr'><strong>ratione</strong></span> 
     </span>
    </p>
   </div>
   <div class='ocr_carea' id='block_1_116' title="bbox 2242 4382 3895 4490">
    <p class='ocr_par' dir='ltr' id='par_1_116' title="bbox 2242 4382 3895 4490">
     <span class='ocr_line' id='line_1_116' title="bbox 2309 4382 3895 4420; baseline -0.011 -4"><span class='ocrx_word' id='word_1_814' title='bbox 2309 4382 2473 4416; x_wconf 75' lang='grc' dir='ltr'><strong>ηιηθῐ.</strong></span> <span class='ocrx_word' id='word_1_815' title='bbox 2529 4382 2597 4412; x_wconf 68' lang='grc' dir='ltr'>αα</span> <span class='ocrx_word' id='word_1_816' title='bbox 2653 4382 2856 4410; x_wconf 76' lang='lat' dir='ltr'><strong>uanum</strong></span> <span class='ocrx_word' id='word_1_817' title='bbox 2910 4382 3020 4413; x_wconf 77' lang='grc' dir='ltr'><strong>ιιιυ.</strong></span> <span class='ocrx_word' id='word_1_818' title='bbox 3073 4382 3217 4420; x_wconf 74' lang='lat' dir='ltr'><strong>quuu</strong></span> <span class='ocrx_word' id='word_1_819' title='bbox 3259 4382 3473 4419; x_wconf 69' lang='lat' dir='ltr'><strong>quautam</strong></span> <span class='ocrx_word' id='word_1_820' title='bbox 3527 4382 3629 4402; x_wconf 75' lang='grc' dir='ltr'><strong>μαυ</strong></span> <span class='ocrx_word' id='word_1_821' title='bbox 3685 4382 3895 4400; x_wconf 70' lang='grc' dir='ltr'><strong>ιαυιυυυ</strong></span> 
     </span>
     <span class='ocr_line' id='line_1_117' title="bbox 2242 4382 3895 4490; baseline -0.01 -12"><span class='ocrx_word' id='word_1_822' title='bbox 2242 4382 2795 4490; x_wconf 33' lang='grc' dir='ltr'><strong>ἓέρνθῒιθῑιάὶιιιιιη-Ιη</strong></span> <span class='ocrx_word' id='word_1_823' title='bbox 2855 4421 3057 4490; x_wconf 71' lang='lat' dir='ltr'><strong>libello</strong></span> <span class='ocrx_word' id='word_1_824' title='bbox 3083 4434 3198 4490; x_wconf 84' lang='lat' dir='ltr'><strong>suo,</strong></span> <span class='ocrx_word' id='word_1_825' title='bbox 3245 4419 3372 4490; x_wconf 46' lang='lat' dir='ltr'><strong>gub</strong></span> <span class='ocrx_word' id='word_1_826' title='bbox 3406 4417 3658 4490; x_wconf 87' lang='lat' dir='ltr'><strong>Sermone</strong></span> <span class='ocrx_word' id='word_1_827' title='bbox 3707 4415 3895 4476; x_wconf 76' lang='lat' dir='ltr'><strong>Augu-</strong></span> 
     </span>
    </p>
   </div>
   <div class='ocr_carea' id='block_1_117' title="bbox 2245 4481 3896 4541">
    <p class='ocr_par' dir='ltr' id='par_1_117' title="bbox 2245 4481 3896 4541">
     <span class='ocr_line' id='line_1_118' title="bbox 2245 4481 3896 4541; baseline -0.008 -1"><span class='ocrx_word' id='word_1_828' title='bbox 2245 4481 2373 4541; x_wconf 69' lang='lat' dir='ltr'><strong>stini</strong></span> <span class='ocrx_word' id='word_1_829' title='bbox 2431 4489 2523 4537; x_wconf 78' lang='lat'><strong>322</strong></span> <span class='ocrx_word' id='word_1_830' title='bbox 2587 4487 2904 4540; x_wconf 87' lang='lat' dir='ltr'><strong>continetur,</strong></span> <span class='ocrx_word' id='word_1_831' title='bbox 2965 4486 3190 4533; x_wconf 86' lang='lat' dir='ltr'><strong>testatur</strong></span> <span class='ocrx_word' id='word_1_832' title='bbox 3245 4481 3442 4530; x_wconf 88' lang='lat' dir='ltr'><strong>Paulus</strong></span> <span class='ocrx_word' id='word_1_833' title='bbox 3514 4491 3569 4528; x_wconf 88' lang='lat' dir='ltr'><strong>se</strong></span> <span class='ocrx_word' id='word_1_834' title='bbox 3639 4489 3724 4541; x_wconf 11' lang='lat' dir='ltr'><strong>ac,</strong></span> <span class='ocrx_word' id='word_1_835' title='bbox 3752 4490 3896 4526; x_wconf 85' lang='lat' dir='ltr'><strong>soro-</strong></span> 
     </span>
    </p>
   </div>
   <div class='ocr_carea' id='block_1_118' title="bbox 2245 4539 3893 4604">
    <p class='ocr_par' dir='ltr' id='par_1_118' title="bbox 2245 4539 3893 4604">
     <span class='ocr_line' id='line_1_119' title="bbox 2245 4539 3893 4604; baseline -0.01 0"><span class='ocrx_word' id='word_1_836' title='bbox 2245 4539 2358 4604; x_wconf 68' lang='lat' dir='ltr'><strong>rem</strong></span> <span class='ocrx_word' id='word_1_837' title='bbox 2417 4551 2709 4599; x_wconf 86' lang='lat' dir='ltr'><strong>Palladiam</strong></span> <span class='ocrx_word' id='word_1_838' title='bbox 2764 4568 2789 4592; x_wconf 83' lang='grc'><strong>«</strong></span> <span class='ocrx_word' id='word_1_839' title='bbox 2817 4539 3023 4596; x_wconf 85' lang='lat' dir='ltr'><strong>visione</strong></span> <span class='ocrx_word' id='word_1_840' title='bbox 3095 4545 3446 4594; x_wconf 84' lang='lat' dir='ltr'><strong>kalendarum</strong></span> <span class='ocrx_word' id='word_1_841' title='bbox 3516 4539 3893 4603; x_wconf 82' lang='lat' dir='ltr'><strong>januariarum</strong></span> 
     </span>
    </p>
   </div>
   <div class='ocr_carea' id='block_1_119' title="bbox 2247 4604 3895 4666">
    <p class='ocr_par' dir='ltr' id='par_1_119' title="bbox 2247 4604 3895 4666">
     <span class='ocr_line' id='line_1_120' title="bbox 2247 4604 3895 4666; baseline -0.009 -1"><span class='ocrx_word' id='word_1_842' title='bbox 2247 4617 2332 4666; x_wconf 90' lang='lat' dir='ltr'><strong>die</strong></span> <span class='ocrx_word' id='word_1_843' title='bbox 2387 4615 2686 4663; x_wconf 88' lang='lat' dir='ltr'><strong>admonitos</strong></span> <span class='ocrx_word' id='word_1_844' title='bbox 2715 4631 2740 4655; x_wconf 64' lang='grc' dir='ltr'>ι</span> <span class='ocrx_word' id='word_1_845' title='bbox 2782 4611 3044 4660; x_wconf 83' lang='lat' dir='ltr'><strong>divinitus</strong></span> <span class='ocrx_word' id='word_1_846' title='bbox 3077 4609 3261 4664; x_wconf 71' lang='lat' dir='ltr'><strong>tuisse,</strong></span> <span class='ocrx_word' id='word_1_847' title='bbox 3326 4609 3387 4655; x_wconf 87' lang='lat' dir='ltr'><strong>ut</strong></span> <span class='ocrx_word' id='word_1_848' title='bbox 3417 4605 3706 4666; x_wconf 81' lang='lat' dir='ltr'><strong>Hipponem</strong></span> <span class='ocrx_word' id='word_1_849' title='bbox 3737 4604 3895 4651; x_wconf 49' lang='lat' dir='ltr'><strong>hient.</strong></span> 
     </span>
    </p>
   </div>
   <div class='ocr_carea' id='block_1_120' title="bbox 2247 4667 3896 4741">
    <p class='ocr_par' dir='ltr' id='par_1_120' title="bbox 2247 4667 3896 4741">
     <span class='ocr_line' id='line_1_121' title="bbox 2247 4667 3896 4741; baseline -0.01 -13"><span class='ocrx_word' id='word_1_850' title='bbox 2247 4679 2428 4741; x_wconf 88' lang='lat' dir='ltr'><strong>ibique</strong></span> <span class='ocrx_word' id='word_1_851' title='bbox 2503 4677 2613 4741; x_wconf 79' lang='lat' dir='ltr'><strong>fore</strong></span> <span class='ocrx_word' id='word_1_852' title='bbox 2669 4677 2730 4723; x_wconf 90' lang='lat' dir='ltr'><strong>ut</strong></span> <span class='ocrx_word' id='word_1_853' title='bbox 2767 4739 2772 4741; x_wconf 20' lang='grc' dir='ltr'><em>Α</em></span> <span class='ocrx_word' id='word_1_854' title='bbox 2807 4673 3090 4741; x_wconf 81' lang='lat' dir='ltr'><strong>sanitatem</strong></span> <span class='ocrx_word' id='word_1_855' title='bbox 3123 4733 3132 4741; x_wconf 84' lang='lat'>_</span> <span class='ocrx_word' id='word_1_856' title='bbox 3161 4690 3192 4741; x_wconf 49' lang='grc' dir='ltr'>ς</span> <span class='ocrx_word' id='word_1_857' title='bbox 3249 4670 3394 4718; x_wconf 87' lang='lat' dir='ltr'><strong>intra</strong></span> <span class='ocrx_word' id='word_1_858' title='bbox 3467 4667 3688 4716; x_wconf 82' lang='lat' dir='ltr'><strong>tertium</strong></span> <span class='ocrx_word' id='word_1_859' title='bbox 3746 4678 3896 4741; x_wconf 32' lang='lat' dir='ltr'><strong>iman-</strong></span> 
     </span>
    </p>
   </div>
   <div class='ocr_carea' id='block_1_121' title="bbox 2249 4730 3896 4800">
    <p class='ocr_par' dir='ltr' id='par_1_121' title="bbox 2249 4730 3896 4800">
     <span class='ocr_line' id='line_1_122' title="bbox 2249 4730 3896 4800; baseline -0.012 -8"><span class='ocrx_word' id='word_1_860' title='bbox 2249 4730 2360 4792; x_wconf 72' lang='lat' dir='ltr'><strong>seni</strong></span> <span class='ocrx_word' id='word_1_861' title='bbox 2405 4759 2431 4786; x_wconf 80' lang='grc'><strong>»</strong></span> <span class='ocrx_word' id='word_1_862' title='bbox 2489 4739 2797 4800; x_wconf 88' lang='lat' dir='ltr'><strong>reciperent.</strong></span> <span class='ocrx_word' id='word_1_863' title='bbox 2856 4737 2912 4784; x_wconf 89' lang='lat' dir='ltr'><strong>id</strong></span> <span class='ocrx_word' id='word_1_864' title='bbox 2965 4737 3062 4800; x_wconf 82' lang='lat' dir='ltr'><strong>est.</strong></span> <span class='ocrx_word' id='word_1_865' title='bbox 3120 4733 3264 4800; x_wconf 75' lang='lat' dir='ltr'><strong>intra</strong></span> <span class='ocrx_word' id='word_1_866' title='bbox 3317 4743 3553 4800; x_wconf 79' lang='lat' dir='ltr'><strong>mensem</strong></span> <span class='ocrx_word' id='word_1_867' title='bbox 3622 4730 3896 4800; x_wconf 60' lang='lat' dir='ltr'><strong>martium.</strong></span> 
     </span>
    </p>
   </div>
   <div class='ocr_carea' id='block_1_122' title="bbox 2248 4790 3897 4864">
    <p class='ocr_par' dir='ltr' id='par_1_122' title="bbox 2248 4790 3897 4864">
     <span class='ocr_line' id='line_1_123' title="bbox 2248 4790 3897 4864; baseline -0.011 -10"><span class='ocrx_word' id='word_1_868' title='bbox 2248 4790 2446 4854; x_wconf 80' lang='lat' dir='ltr'><strong>Paulus</strong></span> <span class='ocrx_word' id='word_1_869' title='bbox 2486 4790 2643 4864; x_wconf 62' lang='lat' dir='ltr'><strong>porro</strong></span> <span class='ocrx_word' id='word_1_870' title='bbox 2687 4799 2972 4848; x_wconf 87' lang='lat' dir='ltr'><strong>sanitatem</strong></span> <span class='ocrx_word' id='word_1_871' title='bbox 3008 4798 3138 4864; x_wconf 71' lang='lat' dir='ltr'><strong>ipso</strong></span> <span class='ocrx_word' id='word_1_872' title='bbox 3179 4796 3284 4864; x_wconf 85' lang='lat' dir='ltr'><strong>_die</strong></span> <span class='ocrx_word' id='word_1_873' title='bbox 3311 4790 3897 4864; x_wconf 73' lang='lat' dir='ltr'><strong>_dom_inico__Pas_chae,</strong></span> 
     </span>
    </p>
   </div>
   <div class='ocr_carea' id='block_1_123' title="bbox 2251 4853 3898 4925">
    <p class='ocr_par' dir='ltr' id='par_1_123' title="bbox 2251 4853 3898 4925">
     <span class='ocr_line' id='line_1_124' title="bbox 2251 4853 3898 4925; baseline -0.012 -7"><span class='ocrx_word' id='word_1_874' title='bbox 2251 4853 2401 4918; x_wconf 82' lang='lat' dir='ltr'><strong>soror</strong></span> <span class='ocrx_word' id='word_1_875' title='bbox 2453 4853 2580 4914; x_wconf 72' lang='lat' dir='ltr'><strong>vero</strong></span> <span class='ocrx_word' id='word_1_876' title='bbox 2633 4864 2801 4925; x_wconf 87' lang='lat' dir='ltr'><strong>ipsius</strong></span> <span class='ocrx_word' id='word_1_877' title='bbox 2855 4875 2922 4910; x_wconf 86' lang='lat' dir='ltr'><strong>ex</strong></span> <span class='ocrx_word' id='word_1_878' title='bbox 2993 4853 3285 4925; x_wconf 56' lang='lat' dir='ltr'><strong>dominica</strong></span> <span class='ocrx_word' id='word_1_879' title='bbox 3310 4857 3539 4925; x_wconf 75' lang='lat' dir='ltr'><strong>Pa_.scha_e</strong></span> <span class='ocrx_word' id='word_1_880' title='bbox 3598 4853 3686 4925; x_wconf 77' lang='lat' dir='ltr'><strong>die</strong></span> <span class='ocrx_word' id='word_1_881' title='bbox 3743 4853 3898 4902; x_wconf 85' lang='lat' dir='ltr'><strong>tertio</strong></span> 
     </span>
    </p>
   </div>
   <div class='ocr_carea' id='block_1_124' title="bbox 2251 4916 3900 5053">
    <p class='ocr_par' dir='ltr' id='par_1_124' title="bbox 2251 4916 3900 5053">
     <span class='ocr_line' id='line_1_125' title="bbox 2251 4916 3897 4992; baseline -0.012 -11"><span class='ocrx_word' id='word_1_882' title='bbox 2251 4916 2588 4992; x_wconf 73' lang='lat' dir='ltr'><strong>rccuperasse</strong></span> <span class='ocrx_word' id='word_1_883' title='bbox 2640 4916 2728 4974; x_wconf 69' lang='lat' dir='ltr'><strong>hic</strong></span> <span class='ocrx_word' id='word_1_884' title='bbox 2796 4925 3064 4973; x_wconf 86' lang='lat' dir='ltr'><strong>narratur.</strong></span> <span class='ocrx_word' id='word_1_885' title='bbox 3127 4921 3289 4982; x_wconf 82' lang='lat' dir='ltr'><strong>Atqui</strong></span> <span class='ocrx_word' id='word_1_886' title='bbox 3356 4919 3559 4968; x_wconf 84' lang='lat' dir='ltr'><strong>Pascha</strong></span> <span class='ocrx_word' id='word_1_887' title='bbox 3629 4916 3697 4964; x_wconf 85' lang='lat' dir='ltr'><strong>ab</strong></span> <span class='ocrx_word' id='word_1_888' title='bbox 3758 4927 3897 4963; x_wconf 86' lang='lat' dir='ltr'><strong>anno</strong></span> 
     </span>
     <span class='ocr_line' id='line_1_126' title="bbox 2251 4977 3900 5053; baseline -0.012 -11"><span class='ocrx_word' id='word_1_889' title='bbox 2251 4993 2363 5049; x_wconf 75' lang='lat'><strong>415,</strong></span> <span class='ocrx_word' id='word_1_890' title='bbox 2416 5004 2520 5053; x_wconf 87' lang='lat' dir='ltr'><strong>quo</strong></span> <span class='ocrx_word' id='word_1_891' title='bbox 2561 4988 2817 5050; x_wconf 88' lang='lat' dir='ltr'><strong>reliquiae</strong></span> <span class='ocrx_word' id='word_1_892' title='bbox 2872 4984 3159 5053; x_wconf 53' lang='lat' dir='ltr'><strong>StephapL</strong></span> <span class='ocrx_word' id='word_1_893' title='bbox 3183 4983 3438 5053; x_wconf 71' lang='lat' dir='ltr'><strong>martyris</strong></span> <span class='ocrx_word' id='word_1_894' title='bbox 3503 4977 3900 5053; x_wconf 51' lang='lat' dir='ltr'><strong>i_n‘_Palestina</strong></span> 
     </span>
    </p>
   </div>
   <div class='ocr_carea' id='block_1_125' title="bbox 2254 5041 3898 5112">
    <p class='ocr_par' dir='ltr' id='par_1_125' title="bbox 2254 5041 3898 5112">
     <span class='ocr_line' id='line_1_127' title="bbox 2254 5041 3898 5112; baseline -0.01 -7"><span class='ocrx_word' id='word_1_895' title='bbox 2254 5041 2488 5104; x_wconf 70' lang='lat' dir='ltr'><strong>detectae</strong></span> <span class='ocrx_word' id='word_1_896' title='bbox 2541 5041 2695 5106; x_wconf 59' lang='lat' dir='ltr'><strong>sunt:</strong></span> <span class='ocrx_word' id='word_1_897' title='bbox 2741 5062 2909 5112; x_wconf 87' lang='lat' dir='ltr'><strong>usque</strong></span> <span class='ocrx_word' id='word_1_898' title='bbox 2946 5041 3013 5112; x_wconf 73' lang='lat' dir='ltr'><strong>ad</strong></span> <span class='ocrx_word' id='word_1_899' title='bbox 3067 5045 3177 5100; x_wconf 75' lang='lat'><strong>427.</strong></span> <span class='ocrx_word' id='word_1_900' title='bbox 3239 5041 3344 5106; x_wconf 80' lang='lat' dir='ltr'><strong>quo</strong></span> <span class='ocrx_word' id='word_1_901' title='bbox 3385 5042 3614 5112; x_wconf 75' lang='lat' dir='ltr'><strong>Vandali</strong></span> <span class='ocrx_word' id='word_1_902' title='bbox 3666 5041 3898 5112; x_wconf 37' lang='lat' dir='ltr'><strong>.Airicam</strong></span> 
     </span>
    </p>
   </div>
   <div class='ocr_carea' id='block_1_126' title="bbox 2257 5103 3898 5179">
    <p class='ocr_par' dir='ltr' id='par_1_126' title="bbox 2257 5103 3898 5179">
     <span class='ocr_line' id='line_1_128' title="bbox 2257 5103 3898 5179; baseline -0.01 -12"><span class='ocrx_word' id='word_1_903' title='bbox 2257 5103 2600 5179; x_wconf 81' lang='lat' dir='ltr'><strong>occuparunt,</strong></span> <span class='ocrx_word' id='word_1_904' title='bbox 2631 5103 2738 5179; x_wconf 84' lang='lat' dir='ltr'><strong>non</strong></span> <span class='ocrx_word' id='word_1_905' title='bbox 2766 5103 2952 5179; x_wconf 58' lang='lat' dir='ltr'><strong>inbidit</strong></span> <span class='ocrx_word' id='word_1_906' title='bbox 2991 5111 3060 5179; x_wconf 83' lang='lat' dir='ltr'><strong>in</strong></span> <span class='ocrx_word' id='word_1_907' title='bbox 3077 5103 3313 5179; x_wconf 71' lang='lat' dir='ltr'><strong>mensem</strong></span> <span class='ocrx_word' id='word_1_908' title='bbox 3333 5107 3596 5179; x_wconf 63' lang='lat' dir='ltr'><strong>martium</strong></span> <span class='ocrx_word' id='word_1_909' title='bbox 3624 5103 3732 5179; x_wconf 53' lang='lat' dir='ltr'><strong>nis&#39;i</strong></span> <span class='ocrx_word' id='word_1_910' title='bbox 3767 5104 3898 5179; x_wconf 63' lang='lat' dir='ltr'><strong>torte</strong></span> 
     </span>
    </p>
   </div>
   <div class='ocr_carea' id='block_1_127' title="bbox 2258 5165 3896 5240">
    <p class='ocr_par' dir='ltr' id='par_1_127' title="bbox 2258 5165 3896 5240">
     <span class='ocr_line' id='line_1_129' title="bbox 2258 5165 3896 5240; baseline -0.01 -11"><span class='ocrx_word' id='word_1_911' title='bbox 2258 5165 2405 5230; x_wconf 65' lang='lat' dir='ltr'><strong>sunt;</strong></span> <span class='ocrx_word' id='word_1_912' title='bbox 2419 5179 2528 5237; x_wconf 70' lang='grc'><strong>425,</strong></span> <span class='ocrx_word' id='word_1_913' title='bbox 2559 5165 2663 5240; x_wconf 80' lang='lat' dir='ltr'><strong>quo</strong></span> <span class='ocrx_word' id='word_1_914' title='bbox 2693 5178 2887 5240; x_wconf 75' lang='lat' dir='ltr'><strong>festum</strong></span> <span class='ocrx_word' id='word_1_915' title='bbox 2916 5174 3148 5240; x_wconf 75' lang='lat' dir='ltr'><strong>Paschae</strong></span> <span class='ocrx_word' id='word_1_916' title='bbox 3165 5172 3306 5240; x_wconf 69' lang='lat' dir='ltr'><strong>dicit</strong></span> <span class='ocrx_word' id='word_1_917' title='bbox 3333 5167 3629 5240; x_wconf 37' lang='lat' dir='ltr'><strong>Buch‘erius</strong></span> <span class='ocrx_word' id='word_1_918' title='bbox 3644 5180 3680 5240; x_wconf 56' lang='grc' dir='ltr'><strong>εξ</strong></span> <span class='ocrx_word' id='word_1_919' title='bbox 3699 5165 3896 5240; x_wconf 67' lang='lat' dir='ltr'><strong>Latinis</strong></span> 
     </span>
    </p>
   </div>
   <div class='ocr_carea' id='block_1_128' title="bbox 2257 5229 3899 5302">
    <p class='ocr_par' dir='ltr' id='par_1_128' title="bbox 2257 5229 3899 5302">
     <span class='ocr_line' id='line_1_130' title="bbox 2257 5229 3899 5302; baseline -0.011 -11"><span class='ocrx_word' id='word_1_920' title='bbox 2257 5229 2533 5292; x_wconf 83' lang='lat' dir='ltr'><strong>nonnullis</strong></span> <span class='ocrx_word' id='word_1_921' title='bbox 2574 5229 2672 5288; x_wconf 49' lang='lat' dir='ltr'><strong>‘die</strong></span> <span class='ocrx_word' id='word_1_922' title='bbox 2726 5239 2788 5286; x_wconf 90' lang='lat'><strong>22</strong></span> <span class='ocrx_word' id='word_1_923' title='bbox 2846 5237 3024 5302; x_wconf 83' lang='lat' dir='ltr'><strong>martii</strong></span> <span class='ocrx_word' id='word_1_924' title='bbox 3053 5235 3377 5302; x_wconf 81' lang='lat' dir='ltr'><strong>celebratum</strong></span> <span class='ocrx_word' id='word_1_925' title='bbox 3411 5246 3423 5280; x_wconf 87' lang='lat'><strong>:</strong></span> <span class='ocrx_word' id='word_1_926' title='bbox 3470 5230 3684 5302; x_wconf 73' lang='lat' dir='ltr'><strong>tametsi</strong></span> <span class='ocrx_word' id='word_1_927' title='bbox 3701 5243 3789 5302; x_wconf 79' lang='lat' dir='ltr'><strong>_ex_</strong></span> <span class='ocrx_word' id='word_1_928' title='bbox 3815 5229 3899 5302; x_wconf 63' lang='lat' dir='ltr'><strong>lit:</strong></span> 
     </span>
    </p>
   </div>
   <div class='ocr_carea' id='block_1_129' title="bbox 2257 5291 3898 5354">
    <p class='ocr_par' dir='ltr' id='par_1_129' title="bbox 2257 5291 3898 5354">
     <span class='ocr_line' id='line_1_131' title="bbox 2257 5291 3898 5354; baseline -0.01 0"><span class='ocrx_word' id='word_1_929' title='bbox 2257 5291 2400 5354; x_wconf 81' lang='lat' dir='ltr'><strong>teras</strong></span> <span class='ocrx_word' id='word_1_930' title='bbox 2456 5303 2793 5354; x_wconf 90' lang='lat' dir='ltr'><strong>Dominicalis</strong></span> <span class='ocrx_word' id='word_1_931' title='bbox 2848 5299 3221 5350; x_wconf 83' lang='lat' dir='ltr'><strong>observatione</strong></span> <span class='ocrx_word' id='word_1_932' title='bbox 3289 5307 3563 5346; x_wconf 89' lang='lat' dir='ltr'><strong>occurrere</strong></span> <span class='ocrx_word' id='word_1_933' title='bbox 3633 5291 3898 5354; x_wconf 69' lang='lat' dir='ltr'><strong>debuisset</strong></span> 
     </span>
    </p>
   </div>
   <div class='ocr_carea' id='block_1_130' title="bbox 2257 5350 3897 5428">
    <p class='ocr_par' dir='ltr' id='par_1_130' title="bbox 2257 5350 3897 5428">
     <span class='ocr_line' id='line_1_132' title="bbox 2257 5350 3897 5428; baseline -0.009 -12"><span class='ocrx_word' id='word_1_934' title='bbox 2257 5350 2484 5418; x_wconf 57' lang='lat'><strong>{1&#39;16&quot;19‘</strong></span> <span class='ocrx_word' id='word_1_935' title='bbox 2506 5350 2714 5428; x_wconf 71' lang='lat' dir='ltr'><strong>api-itis.</strong></span> <span class='ocrx_word' id='word_1_936' title='bbox 2765 5364 2921 5412; x_wconf 87' lang='lat' dir='ltr'><strong>sicuti</strong></span> <span class='ocrx_word' id='word_1_937' title='bbox 2976 5363 3042 5428; x_wconf 81' lang='lat' dir='ltr'><strong>ad</strong></span> <span class='ocrx_word' id='word_1_938' title='bbox 3090 5361 3420 5428; x_wconf 80' lang='lat' dir='ltr'><strong>praedictum</strong></span> <span class='ocrx_word' id='word_1_939' title='bbox 3462 5357 3785 5428; x_wconf 65' lang='lat' dir='ltr'><strong>sermonem</strong></span> 
     </span>
    </p>
   </div>
   <div class='ocr_carea' id='block_1_131' title="bbox 2258 5415 3899 5488">
    <p class='ocr_par' dir='ltr' id='par_1_131' title="bbox 2258 5415 3899 5488">
     <span class='ocr_line' id='line_1_133' title="bbox 2258 5415 3899 5488; baseline -0.012 -7"><span class='ocrx_word' id='word_1_940' title='bbox 2258 5415 2580 5480; x_wconf 73' lang='lat' dir='ltr'><strong>notavimus.</strong></span> <span class='ocrx_word' id='word_1_941' title='bbox 2639 5415 2713 5476; x_wconf 83' lang='lat' dir='ltr'><strong>De</strong></span> <span class='ocrx_word' id='word_1_942' title='bbox 2765 5426 3018 5488; x_wconf 85' lang='lat' dir='ltr'><strong>Stephani</strong></span> <span class='ocrx_word' id='word_1_943' title='bbox 3072 5415 3345 5488; x_wconf 61' lang='lat' dir='ltr'><strong>martyris</strong></span> <span class='ocrx_word' id='word_1_944' title='bbox 3371 5420 3699 5488; x_wconf 65' lang='lat' dir='ltr'><strong>revelatiope</strong></span> <span class='ocrx_word' id='word_1_945' title='bbox 3743 5419 3794 5488; x_wconf 72' lang='lat' dir='ltr'><strong>et</strong></span> <span class='ocrx_word' id='word_1_946' title='bbox 3837 5415 3899 5488; x_wconf 69' lang='lat' dir='ltr'><strong>de</strong></span> 
     </span>
    </p>
   </div>
   <div class='ocr_carea' id='block_1_132' title="bbox 2258 5478 3900 5555">
    <p class='ocr_par' dir='ltr' id='par_1_132' title="bbox 2258 5478 3900 5555">
     <span class='ocr_line' id='line_1_134' title="bbox 2258 5478 3900 5555; baseline -0.01 -13"><span class='ocrx_word' id='word_1_947' title='bbox 2258 5478 2428 5555; x_wconf 75' lang='lat' dir='ltr'><strong>ipsius</strong></span> <span class='ocrx_word' id='word_1_948' title='bbox 2483 5489 2754 5555; x_wconf 85' lang='lat' dir='ltr'><strong>miraculis</strong></span> <span class='ocrx_word' id='word_1_949' title='bbox 2821 5478 3019 5555; x_wconf 69' lang='lat' dir='ltr'><strong>scripta</strong></span> <span class='ocrx_word' id='word_1_950' title='bbox 3085 5478 3248 5555; x_wconf 49' lang='lat' dir='ltr'><strong>aviti,</strong></span> <span class='ocrx_word' id='word_1_951' title='bbox 3282 5550 3292 5555; x_wconf 84' lang='lat'><em>_</em></span> <span class='ocrx_word' id='word_1_952' title='bbox 3323 5484 3542 5555; x_wconf 79' lang='lat' dir='ltr'><strong>Luciani</strong></span> <span class='ocrx_word' id='word_1_953' title='bbox 3585 5480 3795 5555; x_wconf 46' lang='lat' dir='ltr'><strong>&quot;Severi</strong></span> <span class='ocrx_word' id='word_1_954' title='bbox 3819 5478 3900 5555; x_wconf 52' lang='grc' dir='ltr'><strong>ἐξ</strong></span> 
     </span>
    </p>
   </div>
   <div class='ocr_carea' id='block_1_133' title="bbox 2259 5541 3897 5613">
    <p class='ocr_par' dir='ltr' id='par_1_133' title="bbox 2259 5541 3897 5613">
     <span class='ocr_line' id='line_1_135' title="bbox 2259 5541 3897 5613; baseline -0.01 -9"><span class='ocrx_word' id='word_1_955' title='bbox 2259 5541 2446 5604; x_wconf 60' lang='lat' dir='ltr'><strong>Evodii</strong></span> <span class='ocrx_word' id='word_1_956' title='bbox 2505 5553 2719 5602; x_wconf 89' lang='lat' dir='ltr'><strong>nomine</strong></span> <span class='ocrx_word' id='word_1_957' title='bbox 2773 5541 2992 5613; x_wconf 70' lang='lat' dir='ltr'><strong>vulgata</strong></span> <span class='ocrx_word' id='word_1_958' title='bbox 3046 5541 3366 5602; x_wconf 79' lang='lat' dir='ltr'><strong>exhibentur</strong></span> <span class='ocrx_word' id='word_1_959' title='bbox 3401 5547 3460 5597; x_wconf 81' lang='lat' dir='ltr'><strong>in</strong></span> <span class='ocrx_word' id='word_1_960' title='bbox 3489 5544 3703 5609; x_wconf 73' lang='lat' dir='ltr'><strong>septimi</strong></span> <span class='ocrx_word' id='word_1_961' title='bbox 3742 5541 3897 5602; x_wconf 71' lang='lat' dir='ltr'><strong>huius</strong></span> 
     </span>
    </p>
   </div>
   <div class='ocr_carea' id='block_1_134' title="bbox 2263 5617 2738 5679">
    <p class='ocr_par' dir='ltr' id='par_1_134' title="bbox 2263 5617 2738 5679">
     <span class='ocr_line' id='line_1_136' title="bbox 2263 5617 2738 5679; baseline -0.008 -12"><span class='ocrx_word' id='word_1_962' title='bbox 2263 5617 2394 5667; x_wconf 85' lang='lat' dir='ltr'><strong>tomi</strong></span> <span class='ocrx_word' id='word_1_963' title='bbox 2421 5617 2738 5679; x_wconf 80' lang='lat' dir='ltr'><strong>Appendice.</strong></span> 
     </span>
    </p>
   </div>
  </div>
