4146 6198
286 296 400 360 769

283 429 624 502 supradicto
644 429 757 488 loci
778 432 1066 504 episcopo,
1100 437 1162 489 ut
1198 433 1461 492 libellum
1493 439 1673 508 daret,
1707 439 1804 510 qui
1837 455 1934 495 re-

284 511 571 567 citaretur
602 512 657 566 in
708 513 910 584 populo
945 531 960 582 ;
993 519 1047 569 et
1085 515 1556 573 obedientissime
1601 521 1795 590 paruit
1833 521 1932 591 (ιι).

284 591 342 646 In
377 608 492 661 quo
524 593 716 663 posuit
737 597 933 663 etiam,
959 595 1110 666 quod
1142 596 1236 651 hic
1260 599 1498 654 reticere
1531 615 1644 654 non
1670 617 1934 670 possum,

283 672 552 740 quamvis
584 672 654 725 ad
679 687 743 726 ea
767 689 893 743 qua:
926 675 1032 730 hoc
1059 691 1206 746 opus
1235 687 1464 747 urgent,
1499 678 1769 735 festinare
1791 697 1939 735 com-

283 750 480 821 pellar.
506 753 550 804 A
574 753 827 822 quodam
851 753 1051 809 Judmo
1074 757 1215 810 dixit
1244 757 1352 811 sibi
1371 759 1549 813 fuisse
1570 776 1938 829 persuasum,

285 841 345 886 ut
375 833 661 887 annulum
687 835 980 904 capillatio
1009 837 1245 907 cingulo
1269 837 1286 870 ί
1319 839 1792 912 insereret,quod
1826 841 1938 895 sub

285 912 444 967 omni
477 916 637 968 veste
668 914 736 966 ad
769 917 921 970 nuda
946 919 1204 987 corporis
1229 917 1591 990 cingeretur:
1626 920 1725 991 qui
1757 937 1940 975 annu-

286 992 380 1047 lus
412 992 657 1047 haberet
686 995 795 1048 sub
829 1010 1062 1066 gemma
1097 997 1348 1067 lapidem
1384 998 1441 1052 in
1466 1000 1704 1055 renibus
1739 1002 1940 1056 inven-

287 1077 415 1128 tum
467 1074 652 1129 bovis.
703 1074 822 1131 Hoc
861 1076 1098 1148 alligata
1145 1080 1313 1148 quasi
1363 1082 1616 1136 remedio
1649 1083 1718 1134 ad
1753 1081 1944 1136 sancti

290 1154 561 1224 Martyris
585 1152 782 1210 limina
800 1156 1083 1211 veniebat.
1111 1158 1221 1212 Sed
1240 1160 1496 1229 profecta
1517 1177 1550 1214 a
1571 1160 1940 1232 Carthagine,

290 1250 422 1290 cum
455 1234 514 1289 iu
537 1235 790 1290 confinio
813 1235 1076 1293 ﬂuminis
1102 1240 1373 1308 Bagradas
1405 1241 1462 1296 in
1487 1257 1588 1296 sua
1618 1245 1943 1313 possessio-

292 1331 366 1371 ne
397 1316 738 1383 mansisset,
769 1333 1018 1390 surgens
1040 1323 1103 1373 ut
1134 1319 1243 1374 iter
1270 1326 1589 1392 perageret,
1613 1327 1748 1376 ante
1768 1324 1944 1394 pedes

293 1413 433 1452 suos
465 1395 625 1451 illum
651 1397 946 1466 jacentem
979 1400 1266 1456 annulum
1298 1402 1462 1468 vidit,
1494 1407 1550 1456 et
1575 1401 1944 1470 capillatiam

292 1492 498 1532 zonam
531 1493 648 1547 qua
681 1478 866 1533 fuerat
887 1479 1186 1548 alligatus,
1212 1480 1420 1536 mirata
1453 1483 1716 1537 tentavit.
1761 1482 1943 1545 Quam

295 1573 430 1614 cum
463 1558 701 1612 omnino
731 1561 858 1613 suis
909 1561 1076 1615 nodis
1126 1561 1504 1630 ﬁrmissimis,
1555 1563 1706 1618 sicut
1737 1563 1946 1623 fuerat,

299 1638 681 1708 comperisset
709 1639 1073 1707 adstrictam,
1107 1644 1401 1712 crepuisse
1440 1649 1614 1713 atque
1644 1642 1950 1698 exsiluisse

301 1716 588 1772 annulum
622 1719 918 1788 suspicata
947 1726 1039 1775 est
1071 1736 1084 1774 :
1119 1723 1219 1791 qui
1261 1722 1438 1776 etiam
1473 1723 1598 1792 ipse
1635 1740 1764 1777 cum
1802 1723 1950 1777 inte-

302 1797 594 1871 gerrimus
625 1797 831 1854 fuisset
872 1799 1168 1870 inventus,
1198 1803 1400 1856 futurm
1432 1802 1638 1857 salutis
1673 1803 1949 1873 quodam—

305 1879 479 1934 modo
515 1879 720 1949 pignus
751 1881 823 1935 de
873 1886 1028 1937 tanto
1062 1882 1344 1938 miraculo
1380 1899 1442 1938 se
1485 1884 1776 1953 accepisse
1808 1899 1951 1954 pras-

308 1961 582 2031 sumpsit,
624 1965 798 2032 atque
851 1961 994 2016 illud
1045 1963 1343 2019 vinculum
1369 1963 1448 2035 (b)
1488 1965 1739 2032 solvens,
1773 1963 1953 2019 simul

309 2056 443 2096 cum
485 2040 686 2095 eodem
719 2042 959 2108 annulo,
996 2043 1236 2112 projecit
1263 2044 1324 2097 in
1374 2043 1616 2098 ﬂumen.
1673 2043 1795 2097 Non
1829 2058 1952 2097 cre-

299 2119 449 2175 dunt
480 2119 501 2153 ²
535 2119 665 2188 hoc,
699 2120 996 2189 quietiam
1030 2121 1343 2176 Dominum
1366 2122 1568 2177 Jesum
1605 2135 1703 2192 per
1730 2122 1958 2192 integra

298 2199 608 2270 virginalia
656 2200 858 2253 matris
905 2201 1166 2269 enixum,
1202 2206 1258 2256 et
1302 2201 1374 2256 ad
1423 2201 1746 2269 discipulos
1791 2202 1957 2256 ostiis

300 2278 520 2334 clausis
570 2278 898 2349 ingressum
958 2280 1136 2335 fuisse
1179 2297 1295 2336 non
1354 2283 1646 2336 credunt:
1687 2282 1789 2336 sed
1849 2281 1959 2336 hoc

303 2364 456 2413 certe
487 2363 767 2428 querant,
800 2365 877 2426 et,
929 2360 979 2414 si
1030 2377 1227 2416 verum
1287 2361 1634 2428 invenerint,
1684 2361 1784 2416 illa
1831 2376 1958 2416 cre-

302 2441 464 2495 dant.
499 2439 838 2494 Clarissima
860 2442 1058 2495 femina
1079 2447 1186 2509 est,
1212 2442 1484 2497 nobiliter
1506 2449 1663 2512 nata,
1691 2444 1962 2499 nobiliter

302 2524 504 2590 nupta,
536 2520 874 2591 Carthagini
934 2521 1180 2589 habitat,
1216 2539 1229 2576 :
1267 2523 1458 2594 ampla
1490 2525 1714 2592 civitas,
1768 2525 1961 2594 ampla

307 2617 553 2669 persona
574 2617 697 2655 rem
713 2608 1036 2671 quaerentes
1060 2601 1237 2658 latere
1259 2620 1373 2658 non
1395 2604 1556 2658 sinit.
1577 2605 1787 2675 Martyr
1809 2610 1963 2658 certe

306 2682 455 2753 ipse,
490 2697 604 2751 quo
656 2681 1004 2750 impetrante
1053 2683 1153 2738 illa
1199 2690 1404 2739 sanata
1461 2690 1570 2752 est,
1629 2684 1686 2738 in
1750 2685 1960 2738 Filium

306 2761 704 2833 permanentis
758 2763 998 2833 virginis
1050 2763 1311 2826 credidit,
1373 2764 1430 2819 in
1481 2780 1610 2820 eum
1644 2765 1743 2836 qui
1799 2763 1964 2820 ostiis

305 2841 525 2896 clausis
548 2844 616 2896 ad
649 2841 970 2914 discipulos
998 2844 1303 2914 ingressus
1347 2849 1454 2905 est,
1503 2847 1786 2900 credidit:
1831 2861 1963 2916 pos-

307 2927 516 2989 tremo,
546 2928 782 2994 propter
811 2925 964 2994 quod
999 2925 1194 2979 omnia
1225 2926 1338 2980 ista
1383 2926 1662 2980 dicuntur
1689 2944 1720 2980 a
1771 2926 1963 2984 nobis.

309 3004 370 3058 in
401 3020 535 3060 eum
564 3005 664 3075 qui
706 3007 965 3059 ascendit
1001 3007 1058 3059 in
1101 3008 1312 3061 coelum
1350 3022 1482 3061 cum
1516 3021 1704 3066 carne,
1739 3007 1796 3060 in
1850 3021 1968 3076 qua

310 3090 726 3149 resurrexerat,
759 3085 1005 3140 credidit
1031 3101 1045 3152 ;
1070 3086 1266 3141 etideo
1300 3103 1402 3157 per
1428 3103 1562 3142 eum
1597 3091 1763 3142 tanta
1795 3088 1963 3154 ﬁunt,

314 3165 454 3237 quia
478 3181 576 3236 pro
606 3163 716 3218 ista
749 3164 859 3219 Iide
880 3167 1136 3220 animam
1173 3169 1386 3237 posuit.
1421 3167 1595 3222 Fiunt
1627 3183 1763 3237 ergo
1795 3168 1966 3222 etiam

313 3260 470 3300 nunc
501 3245 683 3301 multa
705 3245 1007 3311 miracula,
1035 3246 1236 3301 eodem
1270 3246 1384 3302 Deo
1417 3248 1666 3302 faciente
1695 3265 1795 3318 per
1826 3263 1970 3315 quos

314 3327 459 3392 vult,
492 3332 548 3381 et
577 3328 1074 3398 quemadmodum
1102 3329 1247 3396 vult,
1301 3328 1396 3398 qui
1434 3337 1486 3383 et
1515 3327 1616 3382 illa
1647 3345 1777 3398 quae
1823 3328 1966 3396 legi-

321 3423 453 3461 mus
471 3408 634 3462 fecit:
660 3409 760 3462 sed
787 3408 904 3462 ista
927 3423 1029 3461 nec
1051 3407 1315 3462 similiter
1339 3409 1736 3473 innotescunt,
1759 3422 1968 3476 neque,

319 3495 384 3542 ut
413 3504 527 3541 non
571 3488 836 3542 excidant
865 3488 886 3521 ³
916 3488 1137 3555 animo,
1179 3488 1348 3558 quasi
1399 3487 1596 3559 glarea
1654 3487 1973 3556 memoriae,

319 3571 522 3624 crebra
541 3569 785 3624 lectione
806 3571 1151 3624 tunduntur.
1177 3569 1319 3624 Nam
1345 3573 1400 3624 et
1425 3569 1518 3622 ubi
1537 3568 1838 3639 diligentia
1859 3574 1976 3635 est,

320 3667 447 3721 quas
476 3666 633 3704 nunc
661 3651 811 3720 apud
838 3666 942 3705 nos
969 3666 1096 3705 esse
1119 3650 1313 3721 cmpit,
1347 3654 1409 3703 ut
1433 3648 1609 3704 libelli
1641 3665 1840 3704 eorum
1875 3648 1976 3718 qui

322 3730 604 3786 beneﬁcia
654 3729 998 3801 percipiunt,
1052 3729 1370 3786 recitentur
1401 3729 1456 3783 in
1510 3729 1745 3800 populo,
1796 3726 1977 3783 semel

325 3813 436 3868 hoc
469 3812 716 3867 audiunt
757 3812 858 3883 qui
892 3811 1124 3879 adsunt,
1159 3814 1469 3884 pluresque
1493 3828 1608 3866 non
1642 3812 1878 3877 adsunt,
1913 3813 1978 3864 ut

325 3911 434 3950 nec
461 3893 545 3948 illi
576 3893 672 3963 qui
717 3895 1052 3959 adfuerunt,
1088 3900 1218 3964 post
1255 3893 1473 3963 aliquot
1506 3894 1651 3960 dies,
1685 3893 1837 3964 quod
1871 3908 1977 3946 au-

328 3977 583 4033 dierunt,
618 3978 814 4029 mente
843 3975 1157 4042 retineant,
1189 3983 1241 4030 et
1290 3975 1379 4028 vix
1420 3975 1725 4046 quisquam
1758 3972 1781 4006 4
1816 3989 1982 4042 repe-

329 4062 518 4116 riatur
548 4059 802 4127 illorum,
837 4060 936 4131 qui
967 4061 1017 4116 ei
1046 4077 1221 4132 quem
1256 4077 1368 4115 non
1411 4060 1670 4115 adfuisse
1702 4074 1980 4129 cognove-

331 4143 426 4203 rit,
462 4141 678 4195 indicet
708 4141 862 4211 quod
896 4142 1139 4196 audivit.

400 4221 488 4275 22.
526 4220 716 4276 Unum
750 4226 835 4276 est
865 4221 1016 4292 apud
1044 4237 1150 4276 nos
1181 4222 1418 4284 factum,
1438 4236 1551 4274 non
1585 4219 1776 4289 majus
1799 4233 1978 4290 quam

334 4301 436 4357 illa
459 4318 586 4373 quae
618 4302 759 4367 dixi,
793 4304 887 4356 sed
918 4307 1036 4357 tam
1077 4304 1298 4358 clarum
1333 4305 1508 4372 atque
1549 4299 1774 4354 illustre
1804 4299 1986 4354 mira-

335 4381 556 4447 culum,
617 4391 676 4437 ut
733 4382 960 4436 nullum
1020 4384 1267 4437 arbitrer
1322 4398 1451 4437 esse
1505 4380 1985 4453 Hipponensium,

337 4462 438 4532 qui
504 4462 613 4517 hoc
671 4478 787 4516 non
845 4463 932 4516 vel
990 4463 1217 4528 viderit,
1281 4462 1367 4516 vel
1419 4460 1702 4529 didicerit,
1755 4458 1987 4514 nullum

339 4543 442 4614 qui
474 4541 731 4598 oblivisci
763 4541 877 4596 ulla
925 4543 1146 4597 ratione
1195 4543 1463 4613 potuerit.
1498 4541 1708 4596 Decem
1753 4541 1988 4614 quidam

340 4612 549 4678 fratres
588 4623 862 4694 (quorum
895 4628 1114 4694 septem
1143 4612 1284 4676 sunt
1325 4637 1536 4686 mares,
1569 4625 1688 4674 tres
1739 4612 1991 4682 feminae)

341 4705 412 4758 de
442 4703 698 4759 Caesarea
727 4703 1101 4773 Cappadociae
1122 4719 1358 4757 suorum
1390 4702 1600 4755 civium
1625 4716 1739 4755 non
1767 4699 1994 4770 ignobi-

339 4783 449 4851 les,
484 4783 788 4839 maledicto
839 4785 1042 4839 matris
1092 4782 1330 4849 recenti,
1365 4781 1546 4853 patris
1591 4795 1788 4834 eorum
1835 4779 1994 4833 obitu

344 4865 662 4930 destitutae,
685 4881 812 4936 quae
843 4865 1118 4936 injuriam
1142 4863 1253 4919 sibi
1283 4864 1354 4918 ab
1387 4861 1470 4917 eis
1500 4861 1710 4916 factam
1746 4859 2002 4915 acerbis-

415 5073 431 5106 1
467 5069 621 5118 Vind.
653 5071 770 5120 Am.
806 5070 888 5118 Er.
921 5072 975 5119 et
1004 5069 1128 5120 Mss.
1163 5069 1410 5118 vinculo.

415 5132 718 5244 :dAliquot
775 5133 919 5190 Mss,
981 5133 1107 5182 Non
1162 5133 1406 5181 credant.
1467 5132 1529 5181 Et
1575 5129 1814 5193 quidam,
1878 5126 2001 5178 Non

487 5210 555 5244 en
585 5232 597 5243 .

352 5210 597 5246 credent.

420 5259 441 5292 ³
470 5258 658 5307 Plures
687 5259 829 5312 Mss.
863 5257 1151 5307 excedant.

418 5320 438 5350 ‘
469 5321 528 5369 In
559 5322 676 5370 Mss.
691 5321 987 5384 ,guisque.

420 5385 495 5445 (α)
542 5383 654 5432 Vid.
707 5378 984 5433 SErmo'nes
1024 5382 1260 5442 318-324,
1310 5384 1437 5431 tom.
1487 5380 1534 5435 5,
1577 5391 1780 5445 necnon
1810 5378 2006 5445 librum

357 5439 746 5557 deggdiraculis
822 5445 872 5494 S.
933 5445 1205 5508 Stephani,
1250 5439 1339 5493 'in
1415 5445 1578 5506 hujus
1650 5442 1778 5491 tomi
1833 5439 1864 5488 7
1911 5444 2006 5502 Ap-

358 5523 422 5557 ne
499 5523 596 5557 106.

357 5523 596 5572 penuice.

422 5572 491 5635 (ὸ)
524 5573 693 5634 Forte,
725 5571 1042 5636 cingulum.

1383 301 1612 366 LIBER
1657 303 2090 370 VlGESIMUS
2136 304 2575 370 SECUNDUS.

3571 303 3690 365 ’ΠΟ

2042 441 2191 497 sime
2219 440 2376 509 tulit,
2399 439 2497 496 tali
2532 456 2700 511 poena
2721 442 2860 494 sunt
2888 435 3164 493 divinitus
3193 436 3455 501 coerciti,
3480 445 3539 492 ut
3566 437 3702 492 hor-

2043 523 2291 578 ribiliter
2321 527 2699 593 quaterentur
2730 537 2932 576 omnes
2965 526 3213 575 tremore
3249 521 3643 576 membrorum
3684 536 3697 574 :

2041 597 2102 658 in
2133 619 2248 674 qua
2281 601 2602 657 fmdissima
2630 603 2817 672 specie
2841 599 3042 656 oculos
3073 615 3314 654 suorum
3337 601 3547 654 civium
3586 617 3698 655 non

2045 683 2314 749 ferentes,
2353 699 2824 756 quaquaversum
2866 682 3077 752 cuique
3111 681 3193 735 ire
3222 680 3412 734 visum
3445 687 3552 746 est,
3581 686 3702 734 toto

2045 779 2190 834 pene
2237 763 2601 834 vagabantur
2647 763 2784 818 orbe
2828 762 3110 817 Romano.
3148 761 3228 815 Ex
3278 759 3370 815 his
3400 760 3577 814 etiam
3630 761 3702 814 ad

2049 860 2159 898 nos
2188 849 2474 898 venerunt
2502 844 2636 903 duo.
2673 843 2850 898 frater
2875 846 2931 896 et
2956 857 3134 907 soror,
3169 839 3389 894 Paulus
3419 847 3472 893 et
3504 838 3703 893 Palla-

2046 925 2162 990 dia,
2196 925 2400 979 multis
2431 923 2562 979 aliis
2591 923 2732 978 locis
2767 921 3000 977 miseria
3042 920 3385 975 diti'amante
3425 920 3551 990 jam
3612 935 3705 974 co-

2047 1007 2213 1079 gniti.
2238 1005 2539 1060 Venerunt
2560 1013 2752 1060 autem
2776 1012 2908 1059 ante
2938 1003 3159 1057 Pascha
3184 1003 3360 1057 ferme
3391 1002 3516 1056 dies
3539 1002 3709 1071 quin-

2048 1086 2258 1153 decim,
2291 1083 2593 1139 ecclesiam
2629 1082 2906 1154 quotidie,
2942 1087 2999 1137 et
3029 1081 3085 1136 in
3121 1098 3187 1136 ea
3216 1081 3560 1136 memoriam
3591 1079 3708 1150 glo-

2047 1164 2361 1222 riosissimi
2392 1164 2668 1234 Stephani
2704 1162 3168 1232 frequentabant,
3218 1165 3450 1216 orantes
3496 1161 3707 1228 utjam

2049 1247 2158 1303 sibi
2213 1246 2534 1316 placaretur
2561 1246 2727 1311 Deus,
2761 1249 2819 1298 et
2849 1243 3094 1298 salutem
3148 1241 3455 1313 pristinam
3500 1240 3705 1296 redde-

2051 1332 2159 1383 ret.
2194 1328 2262 1381 Et
2302 1326 2442 1392 illic,
2501 1331 2554 1380 et
2604 1340 2979 1396 quacumque
3012 1327 3027 1359 ι
3065 1324 3248 1391 ibant,
3299 1323 3711 1378 convertebant

2051 1409 2112 1464 in
2145 1425 2206 1463 se
2236 1407 2482 1462 civitatis
2515 1413 2840 1478 aspectum.
2874 1403 3149 1459 Nonnulli
3182 1405 3277 1473 qui
3313 1419 3411 1458 eos
3451 1402 3588 1456 alibi
3621 1401 3710 1454 vi-

2053 1490 2278 1554 derant,
2312 1503 2668 1559 causamque
2692 1485 2961 1541 tremoris
2989 1501 3188 1539 eorum
3221 1486 3521 1546 noverant,
3556 1480 3707 1544 aliis,

2054 1567 2343 1634 utcuique
2373 1572 2660 1637 poterant,
2695 1565 3050 1621 indicabant.
3072 1563 3243 1618 Venit
3273 1567 3328 1618 et
3357 1561 3601 1621 Pascha.
3627 1564 3710 1614 at-

2055 1665 2164 1719 que
2210 1647 2336 1716 ipso
2373 1647 2464 1701 die
2515 1646 2808 1700 dominico
2861 1659 3049 1707 mane,
3083 1659 3215 1696 cum
3255 1643 3379 1711 jam
3431 1642 3708 1719 frequens

2056 1716 2310 1800 pOpulus
2343 1743 2598 1796 presens
2629 1730 2804 1789 esset,
2836 1729 2893 1778 et
2925 1723 3032 1778 loci
3065 1723 3249 1777 sancti
3284 1717 3589 1786 cancellos,
3613 1716 3714 1772 ubi

2057 1807 2402 1880 martyrium
2436 1813 2558 1861 erat
2590 1806 2632 1873 ³,
2667 1807 2822 1860 idem
2866 1803 3098 1875 juvenis
3145 1818 3316 1856 orans
3348 1804 3590 1869 teneret,
3623 1813 3715 1880 re-

2057 1879 2229 1959 pente
2282 1890 2610 1957 prostratus
2641 1888 2750 1951 est,
2784 1892 2833 1938 et
2887 1881 3198 1937 dormienti
3232 1881 3576 1935 simillimus
3615 1879 3717 1959 jaf

2059 1957 2216 2023 cuit:
2243 1983 2355 2020 non
2378 1971 2574 2020 tamen
2594 1970 2874 2027 tremens,
2899 1963 3050 2017 sicut
3075 1962 3247 2016 etiam
3275 1976 3374 2030 per
3395 1974 3671 2014 somnum
3693 1957 3714 1991 ³

2060 2047 2301 2104 solebat.
2335 2045 2716 2115 Stupentibus
2765 2044 2866 2112 qui
2916 2043 3178 2106 aderant,
3212 2044 3386 2109 atque
3438 2038 3572 2091 aliis
3613 2053 3717 2107 pa-

2058 2127 2349 2188 ventibus,
2376 2125 2509 2179 aliis
2539 2122 2892 2187 dolentibus,
2917 2137 3051 2176 cum
3074 2136 3205 2175 eum
3231 2119 3467 2189 quidam
3499 2115 3714 2172 vellent

2061 2206 2300 2278 erigere,
2352 2202 2620 2259 nonnulli
2670 2202 3110 2274 prohibuerunt,
3162 2204 3218 2254 et
3258 2199 3449 2269 potius
3493 2197 3712 2250 exitum

2063 2286 2518 2359 exspectandum
2571 2300 2696 2340 esse
2734 2283 3025 2338 dixerunt.
3063 2282 3134 2336 Et
3179 2296 3311 2335 ecce
3360 2278 3628 2344 surrexit,
3663 2284 3716 2332 et

2066 2358 2180 2423 non
2215 2367 2515 2428 tremebat,
2551 2365 2828 2436 quoniam
2863 2366 3107 2418 sanatus
3136 2367 3279 2427 erat,
3315 2363 3371 2414 et
3401 2359 3590 2414 stabat
3620 2358 3718 2412 in-

2066 2447 2329 2512 columis,
2362 2447 2599 2501 intuens
2649 2447 2960 2500 intuentes.
2994 2443 3132 2507 Quis
3180 2457 3313 2512 ergo
3365 2456 3422 2496 se
3469 2439 3655 2494 tenuit
3685 2454 3718 2493 a

2066 2527 2340 2582 laudibus
2374 2527 2467 2581 Dei
2496 2526 2522 2579 ?
2547 2525 2938 2581 Clamantium
2985 2520 3524 2593 gratulantiumque
3563 2516 3719 2573 voci-

2067 2609 2178 2663 bus
2231 2605 2473 2664 ecclesia
2523 2620 2944 2678 usquequaque
2992 2601 3279 2672 completa
3309 2606 3416 2656 est.
3461 2600 3599 2655 Inde
3646 2598 3718 2653 ad

2071 2706 2160 2744 me
2191 2689 2464 2755 curritur,
2499 2688 2596 2742 ubi
2630 2689 2901 2742 sedebam
2927 2687 3053 2754 jam
3089 2698 3469 2753 processurus
3503 2697 3516 2735 :
3553 2679 3723 2734 irruit

2071 2771 2220 2826 alter
2249 2771 2499 2840 quisque
2549 2776 2679 2840 post
2708 2769 2977 2835 alterum,
3010 2765 3204 2820 omnis
3245 2762 3528 2834 posterior
3556 2759 3723 2832 quasi

2072 2867 2310 2915 novum,
2339 2849 2493 2921 quod
2525 2849 2674 2904 alius
2709 2848 2866 2919 prior
2896 2847 3138 2910 dixerat,
3175 2842 3511 2898 nuntiantes
3544 2857 3557 2894 :
3598 2856 3720 2896 me-

2072 2951 2181 3004 que
2212 2933 2500 3003 gaudente
2530 2937 2586 2986 et
2615 2933 2763 3000 apud
2799 2946 2888 2986 me
2917 2929 3133 3000 gratias
3155 2929 3265 2982 Deo
3284 2930 3515 2997 agente,
3534 2923 3722 2995 ingre-

2071 3015 2231 3067 ditur
2278 3013 2448 3066 etiam
2483 3012 2604 3082 ipse
2649 3027 2783 3066 cum
2836 3009 3130 3080 pluribus,
3160 3007 3479 3061 inclinatur
3526 3006 3595 3082 ad
3627 3018 3723 3071 ge-

2074 3109 2188 3146 nua
2221 3106 2368 3156 mea,
2401 3081 2646 3160 erigitur
2684 3090 2756 3143 ad
2787 3088 3050 3144 osculum
3099 3101 3315 3141 meum.
3351 3081 3727 3139 Procedimus

2074 3173 2142 3228 ad
2171 3171 2472 3242 populum,
2492 3171 2666 3242 plena
2688 3177 2808 3226 erat
2833 3168 3101 3234 ecclesia,
3122 3166 3470 3238 personabat
3489 3163 3728 3218 vocibus

2075 3255 2446 3324 gaudiorum,
2485 3254 2594 3306 Deo
2626 3251 2844 3322 gratias
2879 3250 2891 3304 ι
2927 3250 3043 3304 Deo
3097 3247 3295 3303 laudes
3330 3247 3342 3300 l
3379 3246 3612 3300 nemine
3642 3247 3731 3298 ta-

2075 3343 2262 3398 cente,
2297 3332 2432 3384 hinc
2465 3341 2638 3400 atque
2671 3331 2804 3383 inde
2837 3328 3243 3382 clamantium.
3267 3326 3522 3379 Salutavi
3558 3337 3734 3392 popu-

2077 3419 2225 3478 lum,
2260 3416 2315 3464 et
2346 3426 2553 3464 rursus
2597 3410 2798 3463 eadem
2835 3409 3174 3463 ferventiore
3216 3421 3352 3460 voce
3381 3405 3730 3459 clamabant.

2080 3492 2250 3546 Facto
2300 3490 2534 3543 tandem
2595 3488 2850 3553 silentio,
2905 3485 3340 3555 Scripturarum
3401 3483 3731 3537 divinarum

2080 3575 2219 3625 sunt
2247 3567 2395 3622 lecta
2426 3566 2728 3622 solemnia.
2765 3566 2866 3621 Ubi
2899 3570 3093 3619 autem
3126 3567 3365 3618 ventum
3398 3566 3486 3616 est
3514 3561 3586 3614 ad
3622 3559 3734 3613 mei

2082 3649 2368 3706 sermonis
2399 3647 2618 3716 locum,
2652 3647 2768 3701 dixi
2800 3661 2989 3716 pauca
3020 3661 3121 3715 pro
3160 3649 3420 3713 tempore
3451 3645 3506 3696 et
3537 3656 3639 3711 pro
3664 3637 3737 3692 il-

2085 3730 2203 3785 lius
2232 3728 2596 3801 iucunditate
2648 3727 2878 3781 laetitias.
2909 3725 3096 3795 Magis
3144 3724 3298 3778 enim
3345 3738 3444 3777 eos
3478 3722 3533 3776 in
3567 3735 3738 3801 opere

2085 3800 2278 3865 divino
2310 3809 2628 3879 quamdam
2663 3807 2762 3861 Dei
2795 3805 3213 3876 eloquentiam,
3237 3817 3351 3856 non
3383 3801 3602 3865 audire,
3636 3800 3737 3853 sed

2085 3890 2456 3947 considerare
2506 3888 2768 3958 permisi.
2799 3885 3117 3942 Nobiscum
3166 3884 3343 3938 homo
3394 3879 3653 3952 prendit,
3685 3883 3741 3933 et

2085 3970 2391 4040 diligenler
2420 3968 2588 4023 nobis
2631 3983 2860 4023 omnem
2895 3982 3012 4021 suae
3045 3979 3111 4020 ac
3144 3970 3414 4018 maternas
3447 3961 3742 4015 fraternae-

2089 4068 2199 4122 que
2230 4049 2581 4105 calamitatis
2603 4048 2878 4104 indicavit
2912 4043 3523 4115 historiam.Sequenti
3545 4042 3742 4122 itaque

2089 4121 2206 4196 die,
2241 4135 2370 4202 post
2401 4145 2729 4186 sermonem
2781 4128 3092 4193 redditum,
3131 4123 3480 4181 narrationis
3502 4122 3628 4192 ejus
3659 4121 3741 4202 Iri-7

2089 4201 2308 4269 bellum
2368 4212 2426 4266 in
2470 4212 2794 4267 crastinum
2827 4208 3040 4281 populo
3089 4207 3452 4263 recitandum
3499 4201 3746 4275 promisi

2089 4295 2290 4366 (Serm.
2316 4294 2464 4364 321).
2490 4294 2648 4358 Quod
2683 4308 2813 4347 cum
2834 4307 2903 4346 ex
2933 4289 3226 4345 dominico
3252 4287 3483 4342 Pascha:
3512 4283 3606 4338 die
3631 4289 3747 4366 ter-

2091 4361 2172 4429 tio
2205 4375 2366 4427 ﬁeret
2397 4361 2453 4426 in
2486 4372 2768 4442 gradibus
2815 4369 3057 4435 exedris,
3094 4369 3150 4421 in
3194 4383 3304 4438 qua
3334 4367 3405 4420 de
3448 4361 3749 4434 superiore

2094 4453 2371 4524 loquebar
2401 4452 2546 4519 loco,
2572 4452 2680 4508 feci
2711 4457 2861 4506 stare
2894 4452 3100 4505 ambos
3131 4448 3358 4514 fratres,
3383 4460 3514 4501 cum
3545 4457 3747 4524 eorum

2094 4523 2382 4605 legeretur
2430 4531 2660 4588 libellus
2691 4532 2886 4604 (Serm.
2927 4531 3076 4603 322).
3113 4529 3454 4585 lntuebatur
3502 4523 3750 4596 populus

2099 4615 2409 4670 universus
2440 4629 2612 4670 sexus
2644 4616 2965 4683 utriusque,
2993 4626 3179 4666 unum
3213 4612 3463 4663 stantem
3498 4605 3622 4658 sine
3653 4605 3753 4656 de-

2101 4695 2272 4751 formi
2305 4699 2487 4761 motu,
2513 4695 2751 4750 alteram
2784 4691 3063 4748 membris
3085 4688 3359 4744 omnibus
3389 4687 3754 4740 contremen—

2100 4781 2235 4832 tem.
2263 4777 2332 4832 Et
2357 4778 2455 4847 qui
2489 4777 2682 4846 ipsum
2716 4789 2830 4828 non
2865 4771 3141 4847 viderant,
3165 4765 3304 4847 quid
3334 4765 3394 4819 iu
3433 4777 3499 4816 eo
3544 4761 3752 4815 divinis

2104 4844 2528 4910 misericordiae
2550 4852 2574 4885 ⁴
2615 4854 2830 4906 factum
2863 4852 3035 4912 esset,
3084 4846 3142 4900 in
3175 4844 3302 4914 ejus
3333 4855 3528 4897 sorore
3559 4851 3754 4892 cerne-

2105 4936 2268 4991 bant.
2321 4933 2611 4988 Videbant
2657 4930 2812 4984 enim
2871 4927 3013 4998 quid
3080 4927 3139 4979 in
3193 4939 3258 4980 eo
3316 4918 3751 4993 gratulandum,

2174 5193 2195 5227 ί
2229 5189 2382 5238 Vind.
2415 5187 2530 5236 Am.
2560 5186 2644 5236 Er.
2680 5198 2802 5236 cum
2853 5183 3131 5242 nonnullis
3176 5177 3571 5240 manuscriptis,
3620 5189 3758 5240 quo-

2110 5267 2362 5302 cumque.

2175 5316 2196 5348 2
2231 5303 2481 5363 Nonnulli
2507 5314 2650 5368 Mss.,
2682 5311 2779 5360 ubi
2810 5309 3084 5374 Martyris
3116 5307 3392 5358 Memoria
3417 5311 3552 5353 erat.
3583 5303 3758 5352 Inter-

2110 5379 2338 5442 pretatio
2367 5379 2449 5426 est
2477 5380 2530 5442 et
2558 5377 2837 5437 glossema.

2139 5443 2197 5516 "3
2225 5505 2235 5515 ⁸
2260 5441 2341 5488 Er.
2374 5443 2426 5489 et
2486 5427 2630 5497 Lov"
2659 5453 2759 5500 per
2806 5437 3109 5486 somnium.
3156 5432 3518 5483 Emendantur
3545 5443 3611 5479 ex
3639 5427 3760 5478 aliis

2114 5504 2444 5629 1113bmizliquot.
2471 5566 2616 5625 Mss.,
2646 5564 2786 5628 quid
2809 5564 2870 5612 in
2898 5577 2956 5612 eo
2985 5559 3181 5609 divina
3208 5555 3611 5608 misericordia.
