4146 6198
415 342 528 402 771

417 471 560 544 quid
591 485 692 540 pro
720 466 822 522 illa
849 467 998 521 esset
1025 463 1334 520 orandum.
1363 465 1516 544 [nter
1545 461 1667 544 haec
1696 459 1936 515 recitato
1967 472 2066 512 eo-

421 541 547 606 rum
597 546 813 612 libello,
843 546 914 600 de
941 549 1252 615 conspectu
1306 541 1504 614 populi
1537 541 1696 596 abire
1725 556 1823 595 eos
1855 553 2064 608 praece-

418 632 474 701 pi
508 646 523 696 ;
557 636 610 684 et
640 629 710 681 de
740 629 862 680 tota
889 625 1019 695 ipsa
1053 639 1227 678 causa
1258 623 1558 693 aliquanto
1590 618 1932 692 diligentius
1963 633 2070 670 cus-

418 724 618 782 peram
651 707 976 776 disputare,
1010 720 1142 758 cum
1193 718 1344 770 ecce,
1381 718 1469 756 me
1513 702 2070 782 disputante,_voces

416 777 540 844 aliis
571 789 644 844 de
676 786 956 842 memoria
1005 784 1277 854 Martyris
1336 798 1494 836 novae
1523 777 1926 852 gratulationis
1961 793 2067 831 au-

413 870 672 924 diuntur.
702 863 974 922 Conversi
1007 869 1146 918 sunt
1178 879 1242 918 eo
1274 862 1369 932 qui
1404 879 1490 916 me
1523 859 1858 924 audiebant,
1889 871 2072 928 crepe-

418 958 668 1018 runtque
697 960 1061 1002 concurrere.
1090 943 1193 998 Illa
1224 943 1377 999 enim
1412 941 1507 997 ubi
1541 942 1612 994 de
1638 939 1914 1010 gradibus
1944 941 2071 991 des-

415 1031 635 1096 cendit,
666 1030 722 1083 in
771 1027 985 1098 quibus
1032 1029 1282 1092 steterat,
1317 1025 1383 1078 ad
1432 1027 1703 1077 sanctum
1755 1019 2067 1098 Martyrern

417 1128 580 1168 orare
612 1112 960 1182 perrexerat.
986 1107 1123 1169 Quae
1146 1121 1278 1159 mox
1310 1108 1374 1158 ut
1403 1102 1693 1158 cancellos
1722 1099 1934 1171 attigit,
1959 1097 2072 1182 col-

417 1192 580 1263 lapsa
612 1178 896 1247 similiter
945 1187 1105 1241 velut
1151 1185 1208 1240 in
1260 1199 1558 1251 somnum,
1608 1197 1751 1263 sana
1795 1178 2066 1263 surrexit.

421 1259 566 1326 Dum
599 1285 735 1340 ergo
769 1265 1195 1337 requireremus
1244 1263 1384 1334 quid
1421 1265 1631 1317 factum
1675 1261 1872 1340 fuerit,
1915 1259 2071 1312 unde

415 1352 526 1407 iste
573 1339 855 1420 strepitus
904 1345 1070 1401 laetus
1116 1344 1423 1410 exstiterit,
1459 1339 1702 1412 ingressi
1751 1345 1887 1394 sunt
1937 1354 2068 1394 cum

416 1431 518 1486 illa
549 1430 606 1485 in
642 1427 965 1492 basilicam,
1000 1425 1100 1480 ubi
1141 1440 1399 1490 eramus,
1433 1425 1788 1477 adducentes
1820 1435 1945 1474 eam
1979 1435 2072 1474 sa-

420 1529 554 1568 nam
587 1511 657 1567 de
687 1509 1054 1580 Martyris(a)
1077 1506 1219 1561 loco.
1243 1507 1385 1560 Tum
1420 1520 1551 1558 vero
1586 1508 1779 1557 tantus
1811 1501 1880 1555 ab
1915 1509 2071 1554 utro-

420 1610 530 1666 que
561 1609 696 1648 sexu
730 1588 1137 1645 admirationis
1186 1586 1406 1641 clamor
1435 1590 1672 1639 exortus
1720 1590 1829 1649 est,
1863 1586 2069 1666 utﬂvoa

420 1660 754 1729 continuata
784 1686 911 1724 cum
946 1668 1220 1738 lacrymis
1241 1683 1356 1720 non
1389 1665 1678 1719 videretur
1711 1677 1880 1733 posse
1919 1660 2068 1714 finiri

419 1755 562 1826 (Vid.
598 1754 772 1808 Serm.
805 1752 949 1817 323).
984 1750 1266 1802 Perducta
1315 1755 1396 1800 est
1433 1746 1500 1800 ad
1535 1761 1667 1798 eum
1720 1745 1948 1826 locum,
1971 1740 2069 1826 ubi

420 1820 590 1904 paulo
612 1837 748 1889 aute
777 1835 1014 1886 steterat
1043 1834 1317 1882 tremens.
1345 1825 1720 1880 Exsultabant
1750 1820 2066 1904 eamrsimi-

417 1903 530 1970 lem
566 1915 727 1969 fratri
759 1911 801 1977 ί,
833 1910 924 1964 cui
957 1908 1262 1963 doluerant
1295 1906 1642 1961 remansisse
1682 1903 2015 1957 dissimilem
2050 1914 2064 1953 :

418 2000 474 2050 et
505 1991 764 2048 nondum
820 1990 982 2043 fusas
1011 2001 1209 2057 preces
1239 2002 1377 2038 suas
1413 2001 1512 2054 pro
1564 1983 1680 2048 illa,
1707 1984 1828 2050 jam
1871 1986 2068 2034 tamen

420 2074 689 2144 praeviam
723 2068 1078 2122 voluntatem
1110 2070 1224 2118 tam
1262 2065 1376 2119 cito
1425 2063 1756 2144 exauditam
1789 2075 1915 2144 esse
1947 2074 2070 2112 cer-

419 2143 656 2209 nebant.
683 2150 1062 2205 Exsultabant
1092 2147 1146 2200 in
1183 2146 1280 2200 Dei
1310 2145 1539 2199 laudem
1573 2159 1708 2197 voco
1731 2143 1752 2176 ²
1783 2143 1908 2196 sine
1945 2157 2069 2194 ver-

419 2235 532 2301 bis,
565 2238 728 2287 tanto
776 2231 993 2292 sonitu,
1027 2233 1305 2297 quantum
1359 2241 1527 2278 aures
1563 2230 1772 2277 nostrae
1803 2222 1950 2276 ferre
1983 2222 2072 2301 vi;

415 2298 671 2386 possent.
705 2310 850 2374 Quid
903 2309 1107 2363 eratin
1161 2306 1429 2386 cordibus
1477 2303 1924 2386 exsultantium,
1953 2298 2070 2357 nisi

417 2383 562 2450 fides
608 2391 847 2459 Christi,
901 2406 999 2460 pro
1053 2385 1214 2458 qua3
1245 2385 1522 2457 Stephani
1557 2387 1799 2453 sanguis
1849 2383 2070 2437 effusus

419 2478 559 2534 est?

419 2638 649 2695 CAPUT
675 2636 766 2692 IX.
792 2667 857 2676 —
881 2633 1029 2704 Quod
1050 2633 1307 2688 universa
1337 2628 1630 2693 miracula,
1655 2643 1772 2697 quas
1801 2642 1900 2695 per
1917 2642 2068 2680 mar-

492 2729 638 2792 tyres
669 2718 726 2773 in
755 2719 958 2773 Christi
985 2713 1211 2770 nomine
1258 2712 1418 2782 ﬁunt,
1451 2710 1502 2765 ei
1531 2708 2070 2792 ﬁdeitcslimonium

488 2789 690 2871 forant,
724 2816 827 2869 qua
861 2800 919 2851 in
953 2797 1226 2850 Christum
1256 2797 1530 2861 martyres
1565 2789 1933 2844 crediderunt.

491 2940 612 3005 Cui,
635 2938 748 2992 nisi
782 2935 918 2991 huic
954 2933 1082 2989 ﬁdei
1116 2936 1461 2989 attestantur
1512 2929 1624 2983 ista
1675 2925 1977 2991 miracula,
2013 2923 2070 2978 in

422 3037 538 3092 qua
572 3017 908 3089 praedicatur
931 3015 1200 3070 Christus
1224 3009 1612 3092 resurreirisse
1636 3010 1690 3062 in
1712 3023 1902 3092 carne,
1935 3014 1986 3059 et
2011 3005 2069 3058 in

423 3087 631 3155 60am
678 3095 1011 3152 ascendisse
1051 3109 1180 3146 cum
1214 3089 1599 3152 carne?Quia
1649 3093 1704 3142 et
1724 3087 1835 3158 ipsi
1864 3090 2072 3153 marty-

426 3197 519 3237 res
541 3179 716 3248 hujus
740 3176 872 3231 tidei
898 3172 1262 3245 martyres,id
1287 3171 1567 3240 est,hujus
1589 3170 1721 3224 fidei
1754 3172 1931 3222 testes
1957 3172 2074 3221 tue-

415 3264 574 3322 runt,
608 3258 745 3313 huic
780 3254 910 3310 ﬁdei
944 3253 1339 3310 testimonium
1380 3251 1748 3323 perhibentes
1783 3249 2067 3303 mundum

415 3331 890 3395 inimicissimum
920 3341 974 3391 et
999 3333 1464 3390 crudelissimum
1501 3330 1877 3401 pertulerunt;
1911 3344 2070 3383 eum-

415 3435 547 3491 que,
582 3436 697 3474 non
731 3417 1125 3489 repugnando,
1157 3416 1254 3469 sed
1292 3413 1591 3469 moriendo
1622 3410 1906 3491 vicerunt.
1959 3413 2066 3463 Pro

411 3490 524 3557 ista
556 3501 667 3556 ﬁde
698 3498 910 3554 mortui
943 3506 1100 3565 sunt,
1143 3495 1240 3566 qui
1275 3494 1398 3549 hinc
1426 3512 1456 3545 a
1479 3491 1722 3547 Domino
1754 3490 2068 3559 impetrare

411 3586 677 3652 possunt,
705 3584 936 3651 propter
965 3581 1127 3647 cujus
1154 3573 1573 3631 uomenoccisi
1606 3575 1783 3652 sunt._
1817 3570 1926 3652 _Pro
1961 3569 2064 3652 hac

411 3649 520 3718 fide
545 3649 839 3733 praecessit
869 3675 1067 3714 eorum
1095 3657 1242 3711 mira
1276 3654 1658 3733 patientia,_ut
1691 3649 1864 3733 inhis
1898 3649 2066 3733 mira-

411 3728 562 3796 culis
578 3746 736 3796 tanta
770 3740 880 3794 ista
905 3737 1167 3808 potentia
1190 3731 1698 3804 sequeretur.Nam
1723 3730 1770 3784 si
1791 3728 1982 3784 carnis
2003 3728 2061 3782 in

411 3826 688 3876 aeternum
737 3816 1083 3874 resurrectio
1117 3813 1201 3868 vel
1238 3830 1349 3868 non
1405 3810 1674 3879 prmvenit
1704 3808 1763 3863 in
1814 3808 2060 3878 Christo,

409 3899 494 3956 vel
529 3917 641 3956 non
674 3903 916 3954 ventura
947 3901 1053 3961 est,
1088 3893 1241 3949 sicut
1293 3889 1714 3962 pricnuntiatur
1747 3906 1779 3943 a
1810 3887 2060 3957 Christo,

412 3982 497 4038 vel
529 3983 678 4040 sicut
705 3979 1099 4052 praenuntiata
1120 3986 1204 4032 est
1227 3993 1260 4031 a
1282 3973 1604 4044 PrOphetis,
1628 3991 1658 4027 a
1683 3972 1892 4042 quibus
1916 3989 2063 4042 pras-

411 4065 714 4119 nuntiatus
744 4065 830 4117 est
876 4059 1141 4116 Christus
1175 4074 1188 4124 ;
1222 4072 1323 4111 cur
1351 4061 1409 4111 et
1443 4053 1652 4110 mortui
1684 4053 1706 4086 ⁴
1736 4058 1896 4107 tanta
1928 4068 2064 4122 pos-

405 4151 562 4211 sunt,
596 4143 697 4215 qui
751 4158 852 4213 pro
893 4157 962 4195 ea
998 4139 1132 4203 ﬁde,
1159 4155 1275 4208 qua
1307 4137 1429 4191 haec
1475 4133 1819 4215 resurrectio
1852 4132 2064 4215 praedi-

405 4229 589 4290 catur,
612 4211 795 4278 ἶ)οοίἐί
831 4226 972 4276 sunt
1003 4219 1030 4274 ?
1061 4218 1190 4274 Sive
1221 4217 1375 4272 enim
1423 4216 1569 4269 Deus
1599 4214 1723 4282 ipse
1748 4227 1849 4282 per
1879 4226 1939 4264 se
1971 4211 2058 4281 ip-

406 4320 535 4358 sum
571 4303 716 4357 miro
750 4302 941 4366 modo,
967 4315 1082 4369 quo
1115 4315 1206 4352 res
1230 4293 1578 4364 temporales
1610 4295 1882 4362 operatur
1903 4294 2059 4345 aeter-

405 4398 540 4448 nus,
568 4381 689 4436 sive
721 4397 821 4451 per
851 4395 991 4434 suos
1045 4377 1343 4430 ministros
1377 4375 1481 4429 ista
1514 4373 1686 4428 faciat
1719 4389 1732 4437 ;
1767 4375 1819 4426 et
1855 4371 2057 4426 eadem

406 4461 529 4530 ipsa
564 4477 688 4530 quis
740 4477 842 4530 per
875 4457 1176 4513 ministros
1225 4455 1382 4519 facit,
1416 4454 1532 4510 sive
1577 4452 1846 4525 quaedam
1890 4451 2060 4507 faciat

404 4541 580 4596 etiam
633 4555 735 4612 per
788 4538 1106 4608 Martyrum
1159 4536 1419 4607 spiritus,
1454 4536 1605 4592 sicut
1657 4549 1755 4604 per
1788 4532 2057 4590 homines

404 4621 596 4677 adhuc
628 4620 686 4676 in
719 4636 954 4688 corpore
1004 4618 1352 4673 constitutos
1386 4637 1400 4685 ;
1434 4618 1553 4671 sive
1583 4614 1782 4670 omnia
1818 4613 1929 4668 ista
1958 4629 2060 4682 per

400 4701 673 4774 Angelos,
710 4699 928 4772 quibus
959 4697 1352 4766 invisibiliter,
1383 4694 1855 4774 immutabiliter,
1880 4698 1939 4774 et
1965 4692 2055 4746 in-

403 4773 782 4856 corporaliter
811 4783 1080 4853 imperat,
1117 4786 1426 4852 operetur;
1462 4781 1526 4831 ut
1554 4792 1681 4846 qua:
1710 4789 1810 4845 per
1841 4773 2054 4856 Marty-

402 4853 650 4922 res'tieri
701 4865 1000 4932 dicuntur,
1032 4863 1115 4918 eis
1160 4859 1464 4917 orantibus
1512 4861 1744 4913 tantum
1786 4858 1842 4908 et
1874 4853 2054 4924 impee

399 4947 712 5016 trautibus,
747 4961 863 5000 non
911 4944 1085 5000 etiam
1126 4940 1501 5013 operantibus
1531 4938 1720 5003 fiant;
1781 4935 1900 5016 sive
1942 4933 2056 5016 alia

402 5027 558 5094 istis,
585 5026 698 5080 alia
723 5024 840 5080 illis
873 5023 1086 5092 modis,
1109 5023 1209 5093 qui
1251 5020 1409 5076 nullo
1443 5021 1610 5074 modo
1643 5015 2053 5087 comprehendi

464 5228 482 5263 ι
719 5223 942 5284 addunt,
998 5222 1210 5282 factam
1231 5236 1249 5272 :
1299 5233 1438 5284 quae
1493 5233 1600 5270 vox
1655 5219 1804 5270 abest
1859 5231 1892 5268 a
1943 5230 2056 5268 ma-

403 5289 710 5350 nnscriptis.

465 5351 487 5385 ³
517 5348 604 5397 Sic
632 5349 786 5397 Vind.
817 5348 934 5397 Am.
966 5349 1020 5397 et
1046 5347 1171 5397 Mss.
1196 5347 1264 5396 At
1289 5345 1374 5395 Er.
1405 5347 1458 5396 et
1487 5345 1636 5404 ιον..
1667 5360 1833 5397 voces.

467 5413 488 5446 ³
519 5412 759 5473 Plerique
789 5412 935 5466 Mss,
967 5425 1092 5473 quo.

463 5475 486 5510 ι
518 5473 604 5523 Sic
637 5473 757 5524 Mss.
790 5475 858 5522 At
891 5473 1036 5527 editi.
1071 5486 1246 5536 quare
1276 5480 1573 5536 martyres.

465 5539 542 5600 (a)
571 5538 740 5595 Forte,
781 5536 1070 5602 Martyrii.

1472 328 1573 388 DE
1618 321 1984 387 CIVITATE
2025 323 2176 400 DEI,
2225 323 2288 386 S.
2331 328 2764 394 AUGUSTINI

3703 333 3830 394 172

2173 476 2206 515 a
2255 464 2602 520 mortalibus
2648 471 2907 538 posunt:
2959 465 3012 522 ei
3059 469 3256 523 tamen
3312 468 3660 522 attestantur
3711 466 3832 524 hac

2174 541 2332 612 ﬁdei,
2361 543 2418 599 in
2450 562 2566 616 qua
2595 547 2784 603 carnis
2817 546 2874 603 in
2907 552 3192 605 aeternum
3237 547 3580 604 resurrectio
3624 547 3832 619 praedi-

2174 625 2355 675 catur.

2174 637 2355 679 catur.

2174 781 2400 838 CAPUT
2431 783 2496 838 X.
2532 815 2596 824 —
2626 785 2840 853 Quanto
2886 785 3108 855 dignius
3139 786 3477 841 honorantur
3523 790 3831 859 martyres,

2242 864 2336 933 qui
2365 863 2482 919 ideo
2504 866 2677 920 multa
2701 869 2844 921 mira
2869 867 3136 933 obtinent,
3162 871 3222 920 ut
3253 869 3387 922 Deus
3419 883 3574 922 verus
3593 867 3830 935 colatur,

2243 959 2407 1012 quam
2437 943 2733 1014 dwmones,
2767 948 2864 1017 qui
2890 947 2954 1002 ob
2985 953 3082 1003 hoc
3111 946 3365 1019 quaedam
3383 946 3618 1017 faciunt,
3640 953 3702 1002 ut
3726 947 3835 1019 ipsi

2245 1024 2330 1078 dii
2357 1040 2475 1079 esse
2502 1026 2813 1081 credantur.

2249 1159 2350 1214 Hic
2391 1161 2534 1216 forte
2581 1161 2791 1218 dicturi
2842 1167 3000 1231 sunt,
3039 1162 3214 1218 etiam
3264 1165 3402 1220 deos
3453 1180 3594 1220 suos
3635 1164 3834 1237 aliqua

2178 1240 2323 1295 mira
2355 1241 2578 1298 fecisse.
2613 1243 2784 1311 Bene,
2819 1244 2865 1298 si
2891 1244 3014 1314 jam
3064 1244 3353 1316 incipiunt
3383 1247 3520 1301 deos
3548 1262 3692 1302 suos
3725 1264 3830 1303 no-

2176 1321 2314 1375 stris
2370 1323 2610 1378 mortuis
2680 1323 3013 1379 hominibus
3070 1341 3432 1396 comparare.
3492 1328 3578 1381 An
3635 1327 3832 1382 dicent

2176 1401 2349 1456 etiam
2383 1418 2444 1457 se
2476 1402 2684 1458 habere
2717 1405 2855 1458 deos
2903 1419 2971 1458 ex
3003 1404 3343 1460 hominibus
3376 1407 3642 1473 mortuis,
3677 1407 3834 1461 sicut

2178 1481 2502 1551 Herculem,
2529 1483 2681 1538 sicut
2711 1483 3049 1549 Romulum,
3073 1485 3223 1539 sicut
3251 1484 3396 1541 alios
3421 1485 3654 1555 multos,
3679 1503 3832 1558 quos

2176 1562 2234 1617 in
2268 1563 2509 1618 deorum
2549 1581 2855 1618 numerum
2891 1569 3152 1634 receptos
3183 1565 3503 1637 opinantur
3530 1567 3559 1621 ?
3585 1568 3698 1622 sed
3733 1584 3833 1622 no-

2179 1643 2265 1697 bis
2315 1650 2599 1715 martyres
2630 1661 2744 1700 non
2779 1650 2917 1701 sunt
2947 1645 3068 1700 dii:
3101 1647 3236 1717 quia
3287 1663 3469 1701 unum
3521 1648 3831 1704 eumdem-

2175 1740 2290 1794 que
2341 1728 2519 1780 Deum
2553 1735 2605 1780 et
2657 1737 2915 1781 nostrum
2963 1727 3186 1782 scimus
3234 1732 3290 1781 et
3339 1737 3682 1800 martyrum.
3719 1728 3832 1784 Nec

2175 1810 2369 1859 tamen
2436 1806 2752 1874 miraculis,
2803 1823 2932 1878 quas
2982 1824 3080 1878 per
3130 1807 3436 1863 Memorias
3493 1816 3828 1864 nostrorum

2177 1893 2495 1958 martyrum
2530 1889 2700 1954 fiunt,
2727 1888 2842 1942 ullo
2875 1891 3045 1943 modo
3072 1891 3464 1958 comparanda
3493 1897 3630 1944 sunt
3664 1890 3836 1944 mira-

2175 1967 2325 2031 cuia,
2359 1985 2489 2038 quae
2543 1971 2689 2023 facta
2736 1985 2836 2040 per
2876 1968 3096 2039 templa
3144 1971 3525 2040 perhibentur
3568 1969 3830 2025 illorum.

2173 2046 2386 2102 Verum
2414 2048 2460 2102 si
2488 2065 2603 2119 qua
2624 2050 2853 2103 simalia
2885 2050 3171 2115 videntur,
3199 2051 3350 2105 sicut
3381 2069 3414 2105 a
3446 2050 3644 2119 Moyse
3677 2051 3834 2122 magi

2177 2127 2495 2182 Pharaonis
2542 2127 2729 2190 (Exod.
2768 2132 2907 2195 vni),
2951 2128 3032 2184 sic
3079 2146 3280 2185 eorum
3333 2131 3410 2184 dii
3460 2131 3596 2186 victi
3630 2138 3772 2185 sunt
3802 2149 3836 2184 a

2179 2207 2530 2276 martyribus
2577 2208 2809 2262 nostris.
2865 2208 3150 2263 Fecerunt
3179 2214 3374 2264 autem
3410 2208 3507 2264 illa
3539 2213 3832 2264 demones

2176 2303 2242 2347 eo
2290 2287 2442 2341 fastu
2494 2288 2739 2358 impurae
2801 2291 3110 2360 superbiae,
3169 2306 3282 2360 quo
3331 2307 3532 2346 eorum
3584 2291 3662 2345 dii
3706 2307 3835 2346 esse

2177 2370 2513 2424 voluerunt:
2551 2369 2771 2423 faciunt
2801 2381 2991 2424 autem
3027 2371 3142 2426 ista
3178 2376 3483 2439 martyres,
3520 2371 3603 2426 vel
3639 2371 3835 2441 potius

2176 2449 2329 2504 Deus
2360 2455 2459 2504 aut
2490 2452 2792 2505 orantibus
2837 2461 2928 2505 aut
2967 2452 3416 2522 cooperantibus
3458 2452 3560 2518 eis,
3598 2458 3660 2506 ut
3691 2453 3834 2508 ﬁdes

2175 2530 2272 2583 illa
2324 2530 2605 2600 proficiat,
2638 2547 2752 2600 qua
2801 2547 2920 2594 eos,
2957 2548 3073 2586 non
3105 2531 3243 2587 deos
3291 2549 3416 2587 esse
3450 2539 3699 2599 nostros,
3730 2533 3830 2586 sed

2179 2626 2360 2663 unum
2417 2611 2588 2664 Deum
2623 2610 2833 2665 habere
2867 2611 3169 2666 nobiscum
3215 2613 3547 2668 credamus.
3577 2613 3836 2683 Denique

2175 2690 2259 2744 illi
2293 2690 2505 2746 talibus
2535 2692 2647 2746 diis
2679 2692 2805 2747 suis
2836 2698 2893 2748 et
2925 2693 3135 2764 templa
3165 2695 3614 2759 aediﬁcaverunt,
3638 2700 3695 2748 et
3725 2704 3838 2749 sta-

2177 2776 2410 2827 tuerunt
2445 2788 2589 2838 aras,
2622 2777 2680 2826 et
2711 2773 3037 2827 sacerdotes
3086 2775 3485 2842 instituerunt,
3529 2779 3586 2829 et
3617 2774 3839 2829 sacriﬁ-

2179 2852 2267 2906 cia
2317 2854 2620 2906 fecerunt:
2661 2869 2763 2906 nos
2805 2859 2994 2908 autem
3049 2855 3403 2925 martyribus
3452 2855 3661 2909 nostris
3714 2871 3833 2909 non

2180 2932 2395 3004 templa
2445 2935 2596 2987 sicut
2645 2933 2776 3000 diis,
2813 2935 2912 2988 sed
2949 2935 3258 2990 Memoriae
3309 2935 3460 2990 sicut
3492 2935 3835 2990 hominibus

2181 3014 2449 3082 mortuis,
2473 3029 2710 3083 quorum
2743 3014 2893 3083 apud
2929 3015 3108 3069 Deum
3142 3016 3349 3070 vivunt
3372 3017 3628 3087 spiritus,
3653 3015 3837 3069 fabri-

2181 3110 2382 3149 camus
2414 3110 2428 3161 ;
2463 3109 2568 3148 nec
2611 3093 2687 3147 ibi
2727 3094 3008 3164 erigimus
3057 3096 3284 3162 altaria,
3320 3096 3377 3149 in
3413 3094 3627 3166 quibus
3661 3095 3839 3148 sacri-

2180 3175 2425 3230 ficemus
2475 3173 2852 3244 martyribus,
2887 3175 2984 3230 sed
3036 3175 3135 3229 uni
3181 3177 3292 3229 Deo
3326 3180 3382 3229 et
3423 3179 3743 3246 martyrum
3779 3178 3838 3229 et

2178 3260 2376 3310 nostro
2407 3256 2423 3290 ¹
2461 3270 2475 3308 :
2510 3255 2577 3309 ad
2612 3254 2764 3324 quod
2814 3254 3190 3323 sacriﬁcium,
3223 3254 3368 3310 sicut
3401 3255 3669 3310 homines
3703 3254 3820 3322 Dei,

2176 3335 2274 3406 qui
2310 3335 2595 3389 mundum
2630 3334 2684 3388 in
2717 3335 2846 3403 ejus
2867 3335 3229 3390 confessione
3259 3337 3541 3404 vicerunt,
3563 3352 3669 3391 suo
3701 3334 3825 3390 loco

2175 3422 2233 3470 et
2280 3415 2484 3470 ordine
2542 3416 2962 3482 nominantur;
3026 3433 3138 3470 non
3187 3421 3383 3471 tamen
3429 3434 3460 3471 a
3505 3417 3823 3480 sacerdote,

2175 3497 2275 3567 qui
2324 3496 2633 3564 sacriﬁcat,
2668 3496 3025 3552 invocantur.
3078 3496 3193 3553 Deo
3243 3497 3477 3568 quippe,
3513 3514 3630 3553 non
3683 3496 3826 3568 ipsis

2174 3576 2478 3646 sacriﬁcat,
2512 3579 2782 3648 quamvis
2814 3578 2872 3632 in
2926 3578 3195 3633 Memoria
3243 3579 3529 3634 sacriﬁcet
3575 3595 3772 3634 eorum
3811 3595 3824 3634 :

2174 3658 2311 3729 quia
2342 3658 2442 3713 Dei
2474 3660 2746 3713 sacerdos
2778 3667 2880 3726 est,
2912 3675 3024 3714 non
3059 3658 3312 3715 illorum.
3347 3660 3544 3730 Ipsum
3581 3676 3709 3714 vero
3741 3675 3832 3714 sa-

2172 3739 2456 3795 criﬁcium
2480 3755 2693 3809 corpus
2717 3749 2800 3795 est
2819 3739 3060 3805 Christi,
3079 3741 3233 3811 quod
3260 3756 3374 3795 non
3397 3741 3637 3796 offertur
3656 3739 3825 3811 ipsis,

2173 3821 2312 3892 quia
2344 3821 2450 3876 hoc
2479 3825 2620 3874 sunt
2653 3829 2703 3874 et
2739 3822 2869 3892 ipsi.
2901 3820 3119 3883 Quibus
3152 3821 3329 3890 igitur
3357 3822 3554 3892 potius
3585 3822 3827 3876 creden-

2171 3905 2310 3957 dum
2339 3907 2428 3957 est
2455 3902 2728 3958 miracula
2779 3903 3123 3958 facientibus
3154 3902 3182 3956 Ῡ
3211 3903 3372 3958 eisne
3421 3903 3517 3973 qui
3565 3920 3626 3959 se
3669 3903 3827 3975 ipsos

2173 3985 2373 4038 volunt
2418 3983 2614 4038 haberi
2647 3985 2785 4038 deos
2836 3985 2908 4039 ab
2941 3983 3033 4037 his
3079 3984 3293 4054 quibus
3323 3999 3391 4040 ea
3446 3985 3668 4040 faciunt
3701 4008 3715 4050 ;
3749 3998 3826 4038 an

2170 4065 2254 4120 eis
2286 4062 2409 4134 qui,
2432 4070 2494 4118 ut
2526 4064 2581 4118 in
2606 4065 2787 4119 Deum
2822 4064 3110 4131 credatur,
3137 4064 3289 4133 quod
3324 4069 3379 4118 et
3410 4063 3678 4118 Christus
3707 4067 3820 4128 est,

2172 4145 2392 4200 faciunt
2423 4144 2707 4216 quidquid
2745 4142 3012 4198 mirabile
3044 4143 3312 4198 faciunt?
3333 4145 3493 4199 eisne
3524 4143 3624 4215 qui
3657 4160 3824 4198 sacra

2171 4242 2278 4280 sua
2325 4225 2495 4280 etiam
2530 4225 2777 4280 crimina
2807 4242 2908 4279 sua
2958 4240 3085 4279 esse
3116 4224 3469 4292 voluerunt;
3503 4241 3574 4278 an
3607 4225 3688 4279 eis
3720 4223 3822 4294 qui

2171 4322 2277 4360 nec
2319 4304 2520 4360 laudes
2551 4322 2683 4359 suas
2712 4305 2912 4360 volunt
2957 4320 3083 4360 esse
3115 4321 3274 4359 sacra
3320 4321 3448 4370 sua,
3480 4305 3577 4359 sed
3631 4309 3821 4358 totum

2171 4384 2326 4457 quod
2358 4384 2633 4439 veraciter
2673 4384 3015 4450 laudantur,
3050 4385 3118 4438 ad
3152 4385 3277 4454 ejus
3305 4384 3545 4456 gloriam
3579 4383 3827 4454 proﬁce-

2171 4480 2228 4520 re
2260 4463 2315 4518 in
2350 4479 2465 4534 quo
2511 4463 2829 4518 laudantur
2857 4465 2884 4518 ?
2915 4464 2978 4519 In
3011 4463 3256 4519 Domino
3311 4464 3531 4536 quippe
3580 4463 3824 4518 laudan-

2168 4548 2262 4597 tur
2292 4543 2496 4597 animaa
2544 4560 2745 4598 eorum
2778 4542 2960 4612 (Psal.
2992 4559 3190 4611 xxxm,
3223 4542 3296 4613 3).
3331 4542 3659 4598 Credamus
3685 4557 3826 4614 ergo

2167 4630 2252 4685 eis
2285 4633 2343 4683 et
2372 4643 2505 4682 vera
2544 4627 2899 4692 dicentibus,
2931 4630 2989 4680 et
3019 4625 3168 4679 mira
3216 4625 3577 4680 facientibus.
3613 4623 3828 4679 Dicen-

2167 4711 2238 4765 do
2268 4710 2422 4765 enim
2469 4725 2622 4776 vera,
2658 4707 2813 4778 passi
2862 4711 3023 4773 sunt,
3059 4710 3123 4760 ut
3152 4708 3392 4777 possent
3422 4705 3610 4760 facere
3653 4703 3823 4759 mira.

2169 4792 2233 4846 In
2267 4789 2347 4846 eis
2380 4789 2530 4845 veris
2561 4793 2648 4844 est
2679 4787 3053 4858 praecipuum,
3079 4787 3236 4858 quod
3267 4785 3534 4841 Christus
3557 4801 3826 4841 resurre-

2165 4871 2249 4926 xit
2280 4889 2313 4926 a
2355 4869 2615 4933 mortuis,
2646 4874 2702 4924 et
2733 4868 3230 4924 immortalitatem
3281 4865 3731 4922 resurrectionis
3761 4867 3822 4921 in

2165 4968 2274 5006 sua
2304 4967 2476 5006 carne
2507 4949 2732 5021 primus
2763 4947 3037 5016 ostendit,
3063 4963 3231 5018 quam
3264 4947 3431 5002 nobis
3462 4948 3822 5008 adfuturam,

2165 5030 2249 5086 vel
2286 5031 2343 5085 in
2377 5029 2658 5102 principio
2687 5028 2820 5084 novi
2869 5027 3088 5096 saeculi,
3119 5026 3202 5084 vel
3232 5026 3293 5084 in
3325 5025 3507 5096 hujus
3537 5025 3655 5082 fine
3688 5041 3824 5100 pro-

2165 5111 2339 5168 misit.

2235 5403 2250 5437 1
2283 5400 2378 5450 Hic
2426 5398 2554 5448 editi
2600 5397 2820 5462 addunt.
2869 5396 3213 5462 sacriﬁcium
3245 5395 3611 5446 immolamus
3641 5409 3659 5446 :
3681 5395 3825 5458 quod

2169 5463 2325 5512 abest
2354 5476 2386 5512 a
2412 5461 2808 5525 manuscriptis.
