4146 6198
281 324 396 386 7'73

275 464 513 521 CAPUT
542 465 637 522 XI.
682 498 740 510 -
770 467 969 524 Contra
999 471 1330 540 Platonicos,
1355 477 1454 546 qui
1480 476 1546 532 de
1566 477 1916 532 naturalibus

341 547 739 602 elementorum
783 550 1111 620 ponderibus
1139 562 1610 626 argumentantur
1638 568 1918 614 terrenum

340 642 539 697 corpus
569 630 628 682 in
657 629 789 684 coelo
819 647 932 687 esse
960 649 1069 688 non
1097 648 1270 705 posse.

341 765 393 821 1.
426 766 641 823 Contra
671 771 825 839 quod
858 787 1137 842 magnum
1171 774 1272 830 Dei
1303 777 1521 832 donum
1546 778 1915 836 ratiocinato-

268 863 359 903 res
390 847 504 916 isti,
538 866 789 920 quorum
841 855 1217 925 cagitationes
1247 859 1402 913 novit
1453 861 1739 916 Dominus
1771 879 1913 928 quo-

268 929 426 1014 niam
455 945 612 985 vanae
663 934 1004 1002 sunt(Psal.
1051 953 1208 1003 XCIII,
1265 939 1371 1006 ll),
1427 941 1498 995 de
1556 943 1912 1014 ponderibus

264 1009 686 1066 elementorum
707 1022 1195 1084 argumentantur
1217 1035 1231 1074 :
1253 1021 1534 1090 quoniam
1558 1009 1914 1078 scilicetma-

263 1090 443 1174 gistro
470 1091 698 1148 Platone
720 1094 1070 1162 didicerunt,
1099 1098 1305 1154 mundi
1348 1103 1462 1156 duo
1501 1119 1746 1174 corpora
1797 1120 1914 1159 ma-

261 1169 422 1224 xima
452 1176 628 1242 atque
667 1179 956 1242 postrema
1006 1177 1236 1234 duobus
1269 1181 1497 1247 mediis,
1530 1169 1661 1237 aere
1691 1184 1911 1240 scilicet

270 1256 329 1334 et
375 1267 550 1334 aqua,
582 1268 720 1334 esse
751 1255 1018 1325 c0pulata
1065 1264 1242 1330 atque
1291 1263 1623 1331 conjuncta.
1681 1268 1761 1320 Ac
1811 1280 1912 1334 per

268 1330 401 1398 hoc,
434 1333 728 1402 inquiunt,
760 1336 1035 1404 quoniam
1067 1342 1221 1394 terra
1264 1330 1477 1397 abhinc
1508 1360 1747 1399 sursum
1785 1330 1909 1400 ver-

259 1427 366 1466 sus
395 1418 486 1467 est
519 1413 718 1482 prima,
744 1420 1002 1472 secunda
1032 1435 1182 1490 aqua
1212 1437 1388 1492 super
1418 1428 1653 1492 terram,
1701 1424 1910 1481 tertius

259 1508 357 1546 aer
371 1510 545 1564 super
567 1512 800 1566 aquam,
826 1509 1094 1566 quartum
1120 1517 1298 1572 super
1335 1521 1468 1559 aera
1491 1507 1739 1570 caelum;
1793 1522 1907 1562 non

260 1579 591 1643 potestesse
605 1582 900 1633 terrenum
919 1595 1128 1649 corpus
1157 1583 1212 1637 in
1230 1583 1392 1639 cmlo.
1419 1586 1729 1642 Momentis
1749 1587 1904 1641 enim

255 1655 528 1725 propriis,
561 1661 624 1710 ut
669 1657 932 1714 ordinem
973 1677 1143 1716 suum
1202 1672 1452 1734 teneant,
1500 1667 1735 1737 singula
1785 1667 1905 1723 ele-

257 1741 451 1791 menta
510 1736 817 1795 librantur.
866 1743 1012 1798 Ecce
1057 1744 1327 1814 qualibus
1374 1736 1740 1817 argumentis
1789 1767 1906 1806 om-

254 1817 588 1888 nipotentiae
612 1819 710 1874 Dei
734 1821 991 1877 humana
1008 1825 1701 1896 contradicitinﬁrmitae,
1726 1847 1902 1901 quam

253 1899 510 1965 possidet
540 1901 784 1956 vanitas.
820 1902 967 1968 Quid
999 1921 1135 1975 ergo
1169 1907 1385 1962 faciunt
1423 1909 1482 1964 in
1515 1926 1645 1965 aere
1676 1899 1904 1967 terrena

255 1979 353 2060 tot
370 1995 634 2049 corpora,
664 1998 798 2036 cum
833 2001 866 2038 a
899 1991 1045 2039 terra
1076 1987 1156 2041 sit
1177 2004 1275 2042 aer
1306 1991 1510 2045 tertius
1531 1991 1558 2046 ‘I
1586 1991 1706 2046 Nisi
1733 1992 1898 2060 forte,

255 2057 358 2127 qui
392 2075 490 2128 per
523 2060 852 2130 plumarum
885 2071 942 2118 et
976 2081 1297 2135 pennarum
1338 2070 1627 2124 levitatem
1665 2057 1901 2125 donavit

243 2139 432 2193 avium
469 2145 712 2196 terrenis
738 2146 1078 2213 corporibus
1113 2157 1176 2200 ut
1199 2155 1502 2217 portentur
1532 2150 1589 2204 in
1613 2166 1761 2216 aere,
1787 2152 1896 2204 im-

246 2218 596 2300 mortalibus
630 2222 792 2277 factis
825 2226 1168 2293 corporibus
1201 2229 1505 2284 hominum
1545 2247 1660 2285 non
1686 2230 1900 2300 poterit

245 2295 467 2352 donare
495 2300 796 2364 virtutem,
829 2320 944 2372 qua
975 2305 1150 2360 etiam
1173 2306 1232 2362 in
1257 2325 1480 2364 summo
1506 2311 1648 2365 cmlo
1672 2295 1898 2366 valeant

239 2374 526 2459 habitare.
561 2380 852 2436 Animalia
903 2399 1136 2454 quoque
1164 2387 1293 2458 ipsa
1323 2393 1575 2454 terrena,
1627 2406 1749 2459 qua:
1801 2408 1894 2444 vo-

237 2453 362 2508 lare
393 2471 506 2511 non
542 2465 810 2530 possunt,
849 2462 902 2515 in
937 2453 1152 2533 quibus
1185 2453 1240 2522 et
1263 2468 1531 2524 homines
1563 2453 1719 2536 Sunt,
1743 2471 1895 2526 sicut

235 2536 352 2590 sub
384 2553 538 2606 aqua
569 2539 778 2609 pisces,
815 2560 942 2613 quas
995 2555 1134 2600 sunt
1164 2565 1446 2618 aquarum
1479 2551 1784 2615 animalia,
1816 2553 1895 2606 ita

237 2621 350 2672 sub
384 2627 530 2673 terra
564 2623 752 2678 vivere
801 2625 1147 2682 debuerunt.
1183 2631 1298 2684 Cur
1329 2648 1462 2701 ergo
1512 2651 1625 2688 non
1687 2635 1892 2690 saltem

235 2697 308 2778 de
341 2700 618 2768 secundo,
654 2702 710 2756 id
742 2713 847 2772 est,
881 2705 953 2760 de
980 2709 1168 2778 aquis,
1219 2711 1318 2765 sed
1351 2697 1422 2765 de
1460 2712 1750 2769 elemento
1783 2720 1893 2770 ter-

236 2775 318 2830 tio
345 2781 642 2836 terrenum
674 2782 890 2837 animal
921 2775 1108 2855 carpit
1129 2789 1280 2844 hanc
1303 2791 1522 2846 vitam?
1551 2810 1732 2863 quare
1756 2811 1888 2849 cum

245 2859 537 2927 pertineat
558 2865 625 2916 ad
652 2866 889 2929 terram,
921 2865 979 2919 in
1011 2871 1287 2937 secundo,
1313 2873 1461 2940 quod
1487 2859 1660 2942 super
1680 2880 1884 2929 terram

236 2943 351 3003 est,
375 2938 662 2996 elemento
686 2944 871 2998 vivere
893 2946 939 3000 si
966 2954 1223 3018 cogatur,
1247 2938 1521 3008 continuo
1543 2938 1884 3018 sull'ocatur,

236 3027 289 3072 et
326 3025 390 3072 ut
421 3021 592 3088 vivat,
623 3023 761 3078 vivit
807 3027 866 3079 in
901 3028 1072 3082 tertio
1096 3028 1124 3082 ‘I
1153 3047 1225 3085 an
1265 3037 1418 3086 errat
1446 3033 1537 3088 hic
1582 3037 1721 3089 ordo
1769 3036 1890 3089 ele-

238 3108 596 3167 mentorum,
630 3103 717 3159 vel
757 3107 948 3175 potius
973 3125 1086 3162 non
1122 3110 1176 3163 in
1212 3117 1416 3166 natura
1440 3130 1654 3180 rerum,
1688 3114 1791 3169 sed
1827 3116 1884 3170 in

235 3178 485 3266 istorum
521 3186 1127 3266 argumentationibus
1154 3190 1397 3246 deﬁcit?
1426 3178 1648 3250 Omitto
1669 3195 1882 3266 dicere,

235 3262 395 3330 quod
423 3263 579 3347 jam‘
609 3264 669 3319 in
719 3267 887 3322 tertio
937 3268 1163 3324 decimo
1195 3271 1344 3326 libro
1398 3273 1514 3328 dixi
1565 3275 1706 3345 (cap.
1774 3262 1885 3347 18),

231 3357 413 3410 quam
462 3343 645 3400 multa
701 3347 900 3415 gravia
956 3352 1183 3404 terrena
1239 3351 1363 3406 sint
1419 3343 1682 3424 corpbra,
1734 3343 1888 3409 sicut

231 3422 568 3491 plumbum,
601 3435 653 3480 et
692 3428 937 3482 formam
973 3433 1164 3484 tamen
1207 3431 1278 3485 ab
1323 3422 1544 3487 artiﬁce
1575 3435 1886 3502 accipiant,

228 3518 348 3572 qua
381 3510 580 3560 natare
611 3505 837 3562 valeant
867 3524 1046 3578 super
1075 3526 1288 3580 aquam
1322 3511 1394 3582 (a)
1422 3530 1435 3568 :
1470 3517 1526 3567 et
1551 3518 1612 3567 ut
1641 3514 1890 3583 accipiat

231 3584 580 3652 qualitatem
611 3603 823 3658 corpus
876 3587 1219 3659 humanum,
1259 3608 1374 3662 qua
1405 3593 1540 3646 ferri
1572 3593 1629 3648 in
1656 3592 1887 3662 emtum,

227 3671 283 3716 et
315 3680 442 3720 esse
475 3668 658 3735 possit
689 3669 748 3722 in
781 3667 944 3730 cmlo,
975 3670 1365 3741 omnipotenti
1405 3673 1627 3727 Artiﬁci
1658 3678 1889 3728 contra-

238 3744 459 3800 dicitur
480 3747 508 3800 ?

305 3852 362 3905 2.
406 3853 534 3908 Jam
586 3871 715 3909 vero
762 3859 969 3911 contra
1025 3856 1165 3912 illud
1227 3859 1377 3928 quod
1429 3860 1542 3916 dixi
1592 3861 1886 3932 superius,

234 3932 415 3986 etiam
449 3933 624 3988 istum
652 3935 1081 3992 considerantes
1106 3945 1279 4008 atque
1302 3944 1610 3997 tractantes
1634 3943 1888 3999 elemen-

234 4014 434 4067 torum
466 4015 752 4082 ordinem,
787 4033 901 4086 quo
934 4019 1256 4084 conﬁdunt,
1285 4036 1395 4074 non
1429 4020 1733 4077 inveniunt
1763 4039 1888 4078 om-

237 4091 379 4146 nino
412 4096 564 4164 quod
591 4096 805 4151 dicant.
834 4098 929 4152 Sic
950 4108 1033 4152 est
1067 4099 1221 4154 enim
1257 4101 1391 4154 hinc
1424 4119 1659 4157 sursum
1683 4119 1886 4159 versus

237 4180 389 4228 terra
417 4174 627 4245 prima,
669 4193 818 4247 aqua
857 4179 1135 4244 secunda,
1187 4180 1392 4236 tertius
1442 4199 1560 4251 aer,
1611 4190 1884 4254 quartum

237 4250 472 4322 cmlnm,
507 4265 565 4310 ut
597 4273 772 4327 super
801 4260 1000 4313 omnia
1030 4261 1108 4314 sit
1139 4261 1346 4316 animos
1393 4250 1799 4318 natura—Nam
1831 4269 1888 4319 et

236 4333 584 4413 Aristoteles
616 4337 883 4406 quintum
936 4354 1149 4410 corpus
1181 4357 1308 4396 eam
1360 4343 1502 4398 dixit
1535 4359 1663 4398 esse
1701 4345 1797 4413 (ὁ),
1832 4348 1888 4399 et

233 4411 400 4468 Plato
445 4415 693 4470 nullum.
745 4417 804 4471 Si
857 4417 1125 4489 quintum
1175 4428 1346 4489 esset,
1409 4429 1565 4479 certe
1614 4411 1886 4495 superius

230 4497 390 4546 esset
419 4497 638 4551 caeteris
671 4513 684 4550 :
717 4513 852 4552 cum
883 4515 1012 4555 vero
1060 4502 1284 4556 nullum
1331 4513 1438 4569 est,
1485 4506 1662 4560 multo
1700 4506 1886 4577 magis

233 4580 474 4644 superat
503 4579 720 4633 omnia.
757 4578 817 4634 In
852 4585 1081 4636 terreno
1114 4600 1247 4655 ergo
1270 4587 1406 4656 quid
1440 4587 1572 4641 facit
1604 4587 1886 4658 corpore?

235 4655 293 4708 in
330 4655 439 4710 hac
491 4658 641 4712 mole
673 4660 812 4730 quid
865 4662 984 4731 agit
1015 4655 1295 4718 subtilior
1326 4667 1603 4720 omnibus
1630 4668 1658 4721 ‘I
1689 4655 1745 4722 in
1781 4669 1884 4723 hoc

236 4735 493 4803 pondere
516 4737 655 4808 quid
689 4740 804 4809 agit
835 4738 1012 4795 levior
1038 4742 1309 4798 omnibus
1331 4741 1359 4796 ‘I
1390 4746 1447 4798 in
1482 4744 1589 4798 hac
1621 4747 1889 4802 tarditate

233 4814 374 4882 quid
408 4817 523 4884 agit
553 4817 792 4873 celerior
838 4820 1163 4876 omnibus?
1193 4823 1352 4878 Itane
1394 4840 1495 4894 per
1544 4823 1722 4892 hujus
1772 4834 1888 4881 tam

233 4895 574 4951 excellentis
607 4906 826 4954 natura!
878 4902 1152 4956 meritum
1204 4920 1316 4958 non
1369 4905 1574 4973 poterit
1602 4906 1776 4974 efﬁci,
1830 4913 1890 4962 ut

231 4989 446 5042 corpus
477 4979 602 5047 ejus
635 4978 856 5034 levetur
885 4981 943 5034 in
977 4982 1211 5050 coelum,
1244 4991 1302 5038 et
1345 5001 1475 5038 cum
1516 4987 1701 5040 valeat
1733 5003 1888 5042 nunc

229 5059 443 5110 natura
489 5074 801 5129 corporum
857 5065 1216 5119 terrenorum
1274 5065 1599 5137 deprimere
1658 5068 1886 5122 animas

227 5131 530 5204 deorsum,
565 5139 882 5210 aliquando
923 5146 978 5196 et
1007 5144 1210 5199 animae
1260 5131 1448 5200 levare
1495 5161 1736 5201 sursum
1770 5151 1886 5203 ter-

233 5227 381 5270 rena
401 5231 644 5289 corpora
674 5237 786 5276 non
819 5221 1088 5278 valebunt
1114 5225 1144 5279 ?

306 5294 361 5352 3.
392 5297 522 5353 Jam
573 5299 622 5354 si
675 5301 748 5355 ad
786 5317 988 5358 eorum
1049 5304 1332 5361 miracula
1377 5306 1708 5372 veniamus,
1761 5322 1885 5377 qua

299 5473 371 5535 (a)
402 5473 591 5523 Confer
617 5476 974 5534 Aristotelem,
1004 5478 1097 5527 lib.
1131 5480 1160 5527 4
1188 5481 1251 5528 de
1280 5479 1439 5536 Caelo,
1471 5494 1586 5543 cap.
1623 5482 1669 5532 6.

1393 5543 1636 5598 Concane.

303 5598 372 5665 (ὂ)
398 5597 590 5652 Confer
617 5614 796 5666 supra,
828 5602 920 5653 ω).
959 5602 1038 5664 10,
1067 5616 1184 5667 cap.
1215 5603 1295 5669 16,
1314 5618 1372 5656 n.
1400 5604 1450 5658 2.

1379 337 1617 400 LIBER
1655 337 2084 404 VIGESIMUS
2133 344 2570 416 SECUNDUS.

3556 375 3674 435 771

2029 480 2181 538 facta
2219 501 2251 540 a
2287 486 2416 581 .diis
2458 491 2587 581 suis
2643 501 2974 581 opponunt,
3017 498 3372 573 Martyribus
3431 513 3672 581 nostris,

2029 577 2222 652 nonne
2251 569 2584 661 etiamipsa
2615 591 2714 644 pro
2747 577 2914 664 nobis
2955 569 3258 648 facere,'et
3310 587 3476 644 nobis
3509 569 3667 664 rape:

2029 643 2253 736 rientur
2281 643 2520 707 omnino
2553 643 2873 724 proﬁcere?
2903 658 3046 714 Nam
3079 643 3229 716 inter
3259 681 3471 736 magna
3504 643 3673 727 mitra-

2028 723 2431 822 culadeorum
2471 723 2734 804 sacrum,
2773 739 3024 806 profecto
3077 723 3530 813 magnumuillud
3563 761 3668 822 est,

2028 806 2389 898 quod-Varro
2419 823 2856 882 commemorat,
2883 806 3506 898 Vestalemvvirginem,
3531 806 3666 887 cuni

2029 884 2454 975 periclitaretur
2501 893 2646 949 falsa
2675 899 3006 966 suspicione
3044 901 3114 956 de
3154 884 3375 975 stupro,
3411 884 3667 968 cribrum

2027 963 2300 1057 implesse
2329 988 2501 1057 aqua
2527 975 2597 1030 de
2627 963 2841 1048 Tiberi,
2875 990 2928 1035 et
2961 983 3028 1036 ad
3063 1000 3198 1039 suos
3235 963 3467 1057 j‘udi'ces
3503 963 3663 1048 nulla

2026 1047 2153 1115 ejus
2191 1057 2350 1142 parte
2389 1055 2643 1114 stillante
2697 1067 2976 1142 portasse.
3030 1063 3168 1127 Quis
3219 1047 3382 1138 iiquae
3434 1047 3665 1142 pondus

2023 1143 2204 1222 supra
2233 1133 2505 1222 cribrum
2537 1141 2742 1222 tenuit
2769 1141 2796 1196 ‘I
2821 1145 2954 1214 quis
3002 1149 3086 1200 tot
3115 1133 3377 1206 cavernis
3411 1133 3665 1222 patenti-

2024 1207 2134 1262 bus
2188 1212 2334 1298 nihil
2371 1215 2502 1272 inde
2532 1219 2589 1272 in
2635 1207 2856 1278 terram
2896 1225 3102 1281 cadere
3161 1207 3472 1298 permisit?
3520 1207 3663 1290 lle-s-

2023 1293 2263 1381 pensari
2285 1302 2441 1364 sunt,
2473 1298 2698 1381 Aliquis
2749 1303 2914 1370 deus,
2975 1311 3076 1361 aut
3132 1293 3348 1381 aliquis
3408 1313 3658 1373 daemon.

2022 1369 2080 1423 Si
2124 1373 2290 1460 deus,
2325 1369 2612 1460 numquid
2668 1382 2855 1452 major
2895 1369 2980 1439 est
3014 1385 3128 1442 Deo
3173 1369 3272 1460 qui
3327 1391 3460 1448 fecit

2022 1454 2440 1540 mundum‘lSi
2488 1461 2736 1528 daemon,
2776 1467 3064 1535 numquid
3109 1454 3392 1540 potentior
3429 1478 3514 1529 est
3555 1478 3665 1532 An-

2020 1533 2163 1601 gelo,
2199 1538 2297 1606 qui
2332 1537 2446 1594 Deo
2479 1543 2674 1608 servit,
2709 1560 2876 1613 aquo
2913 1533 3216 1604 l'actus'est
3249 1553 3553 1610 mundus?
3602 1557 3660 1612 Si

2017 1615 2327 1705 ergo-dens
2378 1619 2588 1705 mitior,
2621 1622 2707 1676 vel
2757 1624 3018 1695 angelus,
3069 1628 3154 1682 vel
3197 1631 3425 1687 daemon
3476 1636 3664 1705 potuit

2017 1696 2244 1787 pondus
2277 1697 2504 1754 humidi
2536 1701 2807 1787 elementi
2838 1707 2926 1787 sic
2967 1713 3346 1778 suspendere,
3381 1719 3445 1769 ut
3475 1696 3659 1787 aqua-

2014 1789 2140 1828 rum
2186 1777 2450 1833 videatur
2493 1786 2715 1836 mutata
2772 1785 2951 1840 fuisse
2997 1777 3248 1846 natura:
3302 1793 3455 1850 itane
3505 1777 3657 1854 Dens

2012 1856 2401 1927 omnipotens,
2434 1861 2535 1931 qui
2567 1864 2762 1918 omnia
2793 1864 2917 1935 ipse
2955 1871 3168 1924 creavit
3209 1871 3516 1944 elementa,
3550 1883 3660 1934 ter-

2014 1953 2150 2024 reno
2182 1942 2406 2009 corpori
2438 1958 2608 2011 grave
2640 1946 2868 2014 pondus
2909 1951 3133 2005 auferre
3176 1969 3289 2007 non
3329 1942 3559 2026 poterit,
3595 1965 3658 2016 ut

2011 2013 2068 2067 in
2101 2017 2301 2107 eodem
2336 2013 2893 2078 elemento’habitet
2931 2027 3280 2087 viviﬁcatum
3329 2013 3561 2107 corpus,
3597 2040 3654 2096 in

2013 2109 2127 2163 quo
2160 2095 2406 2151 voluerit
2432 2099 2730 2156 viviﬁcaus
2759 2104 2996 2173 spiritus
3027 2106 3054 2160 ?

2079 2201 2130 2254 4.
2159 2201 2375 2261 Deinde
2404 2223 2538 2261 cum
2569 2225 2698 2263 aera
2732 2213 2983 2267 medium
3028 2221 3247 2284 ponant
3277 2217 3428 2274 inter
3457 2221 3652 2291 ignem

2008 2279 2259 2352 desuper
2286 2292 2343 2340 et
2374 2303 2584 2358 aquam
2617 2289 2832 2355 subter,
2865 2294 3000 2362 quid
3029 2279 3117 2349 est
3148 2298 3301 2366 quod
3335 2279 3655 2357 eumuinter

2007 2378 2216 2433 aquam
2248 2372 2303 2419 et
2329 2383 2567 2437 aquam,
2591 2375 2645 2423 et
2676 2370 2826 2425 inter
2845 2389 3060 2443 aquam
3083 2381 3140 2429 et
3163 2383 3370 2433 terram
3393 2397 3540 2450 saepe
3563 2382 3651 2436 in-

2003 2445 2267 2500 venimus
2294 2445 2320 2500 ?
2369 2447 2518 2510 Quid
2548 2449 2702 2504 enim
2754 2452 2956 2508 volunt
2985 2472 3110 2511 esse
3159 2474 3412 2528 aquosas
3444 2445 3647 2528 nubes,

2003 2523 2157 2578 inter
2186 2542 2330 2596 quas
2362 2533 2417 2582 et
2442 2531 2622 2584 maria
2641 2548 2738 2586 aer
2764 2533 2988 2589 medius
3012 2523 3296 2605 reperitur
3315 2539 3343 2593 ?
3365 2542 3646 2609 Quonam,

2005 2619 2223 2671 qureso,
2261 2606 2681 2664 elementorum
2724 2613 2976 2679 pondere
3015 2624 3188 2686 atque
3231 2619 3433 2673 ordine
3468 2606 3646 2676 efﬁci;

2005 2688 2118 2747 tur,
2143 2691 2500 2743 uttorrentes
2519 2689 2926 2746 violentissimi
2946 2703 3114 2765 atque
3136 2698 3536 2766 undosissimi,
3552 2718 3650 2756 an-

2002 2771 2236 2835 tequam
2283 2769 2392 2824 sub
2433 2787 2562 2826 aere
2608 2776 2664 2827 in
2717 2776 2889 2828 terris
2922 2784 3178 2845 currant,
3212 2796 3392 2850 super
3424 2798 3559 2837 aera
3589 2784 3646 2838 in

2002 2847 2258 2903 nubibus
2290 2852 2621 2917 pendeant?
2652 2854 2763 2908 Cur
2795 2856 3046 2926 denique
3075 2874 3174 2912 aer
3205 2847 3537 2916 est-medius
3559 2863 3650 2918 in-

2000 2929 2088 2978 ter
2109 2943 2339 2984 summa
2362 2931 2514 2998 caeli,
2537 2937 2594 2986 et
2620 2935 2777 2989 nuda
2798 2939 3085 2992 terrarum
3115 2939 3156 3002 ί,
3180 2955 3650 3010 quaquaversum

1998 3006 2156 3061 orbis
2177 3012 2529 3080 extenditur,
2563 3014 2610 3068 si
2639 3015 2797 3070 locus
2821 3017 2948 3086 ejus
2972 3019 3119 3072 inter
3135 3006 3346 3076 caelum
3369 3027 3425 3076 et
3446 3039 3651 3094 aquas,

1997 3087 2148 3222 sicu‘It
2195 3106 2483 3160 aquarum
2519 3094 2670 3150 inter
2703 3097 2896 3168 ipsum
2931 3102 2987 3153 et
3026 3103 3212 3156 terras
3245 3105 3331 3156 est
3359 3087 3649 3160 cons-tim;-

2001 3173 2094 3222 tus

2001 3173 2094 3223 tus

2066 3277 2118 3330 5.
2156 3277 2521 3364 Ρρειτθωοῗεί
2557 3282 2636 3364 ita
2666 3284 3196 3343 estelementornm
3229 3292 3371 3346 ordo
3394 3294 3648 3364 disposi-

1997 3358 2115 3419 tus,
2149 3363 2212 3410 ut
2260 3363 2580 3415 secundum
2619 3363 2913 3421 Platonem
2955 3371 3182 3423 duobus
3216 3372 3442 3438 mediis,
3477 3358 3530 3426 id
3563 3379 3651 3428 est

1999 3449 2131 3488 aere
2161 3441 2219 3490 et
2252 3454 2425 3508 aqua,
2478 3441 2590 3495 duo
2621 3449 2892 3512 extrema,
2945 3447 3000 3500 id
3034 3452 3121 3500 est
3170 3449 3321 3517 ignis
3370 3460 3422 3504 et
3471 3456 3644 3517 terra,

1992 3513 2335 3587 junguntur,
2385 3518 2629 3589 caelique
2680 3523 2940 3579 obtineat
2990 3525 3087 3578 ille
3119 3513 3379 3582 summi“
3433 3513 3648 3600 locum,

2000 3593 2122 3648 haec
2147 3601 2336 3650 autem
2370 3598 2490 3664 imi,
2524 3599 2673 3653 velut
2709 3603 3065 3658 fundaminis
3089 3607 3315 3673 mundi,
3351 3612 3407 3661 et
3437 3606 3568 3663 ideo
3592 3593 3649 3664 in

1997 3674 2138 3729 coelo
2176 3692 2304 3731 esse
2365 3695 2478 3732 non
2513 3684 2700 3749 potest
2735 3685 2924 3748 terra;
2956 3699 3062 3738 cur
3090 3693 3174 3740 est
3201 3686 3322 3754 ipse
3380 3686 3533 3755 ignis
3587 3688 3648 3744 in

1995 3758 2147 3809 terra
2165 3755 2194 3809 7
2213 3756 2548 3813 Secundum
2577 3759 2726 3814 hanc
2751 3760 2965 3832 quippe
2987 3763 3272 3818 rationem
3298 3766 3503 3820 itaista
3531 3767 3649 3824 duo

1995 3835 2283 3891 elementa
2319 3838 2376 3892 in
2412 3839 2553 3895 locis
2584 3841 2858 3911 propriis,
2882 3843 2999 3896 imo
3031 3859 3095 3897 ac
3123 3859 3378 3912 summo,
3414 3854 3564 3904 terra
3593 3859 3648 3904 et

1993 3915 2146 3987 ignis
2181 3933 2310 3972 esse
2339 3921 2687 3990 debuerunt,
2721 3927 2784 3976 ut
2806 3925 3306 3993 quemadmodum
3343 3927 3554 3984 nolunt
3587 3931 3646 3986 in

1993 4013 2228 4053 summo
2257 4015 2385 4054 esse
2440 4017 2608 4071 posse
2641 4005 2790 4072 quod
2847 4003 2949 4057 imi
2983 4011 3087 4072 est,
3134 4005 3215 4061 ita
3257 4023 3359 4062 nec
3417 4011 3475 4063 in
3525 4010 3644 4064 imo

1995 4085 2190 4148 posset
2219 4096 2344 4136 esse
2366 4083 2519 4151 quod
2553 4083 2769 4137 summi
2801 4089 2908 4138 est.
2945 4084 3106 4140 Sicut
3135 4102 3268 4157 ergo
3292 4087 3515 4144 nullam
3541 4105 3650 4160 pu-

1997 4165 2120 4214 tant
2151 4160 2236 4216 vel
2269 4177 2398 4216 esse
2419 4162 2504 4216 vel
2536 4164 2787 4218 futuram
2823 4181 2950 4220 esse
2983 4171 3148 4222 terrae
3202 4167 3540 4237 particulam
3587 4173 3645 4225 in

1993 4243 2158 4311 oculo,
2191 4246 2262 4299 ita
2294 4244 2515 4300 nullam
2550 4245 2902 4317 particulam
2937 4249 3129 4304 videre
3161 4248 3645 4320 debuimusignis

1993 4324 2049 4377 in
2084 4329 2256 4380 terra.
2306 4329 2469 4381 Nunc
2517 4342 2647 4382 vero
2681 4344 2791 4382 non
2843 4327 3035 4384 solum
3085 4328 3145 4384 in
3204 4331 3395 4398 terris,
3444 4348 3643 4389 verum

1994 4404 2168 4459 etiam
2209 4405 2314 4459 sub
2356 4406 2522 4462 terris
2559 4406 2638 4462 ita
2669 4412 2777 4478 est,
2815 4412 2877 4464 ut
2915 4425 3045 4464 eum
3099 4415 3365 4466 eructent
3403 4413 3647 4469 vertices

1995 4485 2321 4554 montium;
2361 4492 2567 4557 praeter
2598 4488 2754 4558 quod
2784 4489 2843 4543 in
2878 4489 3084 4545 usibus
3116 4490 3425 4547 hominum
3448 4497 3648 4549 etesse

1994 4567 2190 4638 ignem
2242 4567 2298 4622 in
2343 4573 2515 4634 terra,
2551 4573 2609 4625 et
2665 4587 2798 4624 eum
2833 4572 2996 4627 nasci
3035 4573 3305 4629 videmus
3341 4590 3408 4629 ex
3460 4584 3649 4630 terra:

1994 4647 2469 4718 quandoquidem
2493 4654 2548 4704 et
2573 4651 2642 4704 de
2667 4650 2839 4721 lignis
2863 4659 2920 4706 et
2945 4653 3015 4707 de
3041 4653 3340 4724 lapidibus
3364 4655 3644 4720 nascitur,

1995 4742 2120 4798 quae
2161 4733 2298 4782 sunt
2320 4743 2563 4800 corpora
2586 4730 2712 4784 sine
2735 4731 3100 4785 dubitatione
3124 4741 3370 4786 terrena.
3393 4735 3500 4785 Sed
3531 4733 3648 4800 ille,

1994 4806 2292 4876 inquiunt,
2338 4808 2490 4878 ignis
2547 4813 2637 4862 est
2676 4809 3053 4876 tranquillus,
3106 4826 3308 4876 purus,
3352 4808 3644 4876 innoxius,

1994 4887 2425 4954 sempiternus:
2462 4889 2569 4941 iste
2599 4893 2789 4940 autem
2815 4886 3112 4951 turbidus,
3146 4887 3401 4951 fumeus,
3444 4902 3647 4941 corru-

1996 4966 2216 5034 ptibilis
2265 4972 2440 5036 atque
2513 4969 2834 5033 corruptor.
2894 4963 3010 5019 Nec
3082 4971 3271 5019 tamen
3323 4966 3647 5036 corrumpit

1994 5052 2240 5114 montes,
2292 5046 2348 5097 in
2400 5045 2614 5115 quibus
2680 5043 2900 5114 jngiter
2951 5051 3180 5111 aestuat,
3249 5061 3644 5118 cavernasque

1991 5128 2305 5180 terrarum.
2339 5123 2547 5178 Verum
2580 5130 2721 5191 esto,
2747 5125 2825 5178 sit
2849 5123 2933 5178 illi
2964 5124 3074 5182 iste
3097 5124 3425 5195 dissimilis,
3451 5130 3514 5181 ut
3531 5133 3642 5182 ter-

1993 5205 2152 5259 renis
2184 5203 2646 5260 habitationibus
2669 5212 2979 5276 congruat:
3011 5222 3117 5262 cur
3163 5222 3298 5277 ergo
3329 5205 3536 5262 nolunt
3576 5211 3642 5268 ut

1993 5285 2298 5341 credamus
2364 5288 2636 5341 naturam
2719 5302 3025 5357 corporum
3093 5292 3458 5344 terrenarum
3535 5285 3641 5343 ali-

2060 5550 2073 5582 ¹
2109 5547 2190 5597 Ita
2216 5545 2338 5594 Mss.
2371 5547 2437 5594 At
2465 5545 2623 5604 Editi,
2655 5555 2705 5604 et
2735 5545 2854 5596 ima
2886 5554 3187 5594 terrarum.

2059 5609 2080 5643 ²
2113 5608 2268 5672 Editi,
2300 5623 2590 5659 summum
2619 5627 2640 5672 ,-
2667 5609 3102 5661 dissentientibus
3129 5609 3252 5660 Mss.
