4146 6198
426 329 545 389 775

426 457 662 531 quando
685 445 1183 531 incorruptibilem
1209 444 1419 531 factam
1453 435 2062 531 cmlpponvenientem

426 518 704 602 futuram,
738 532 890 587 sicut
920 518 1072 583 nunc
1112 525 1263 596 ignis
1305 521 1699 592 corrUptibilis
1728 518 1823 572 his
1853 528 2064 572 conve-

429 619 514 674 nit
543 598 760 671 terris?
789 610 940 666 Nihil
986 607 1161 679 igitur
1191 603 1442 659 afferunt
1489 618 1554 656 ex
1589 598 1952 679 ponderibus;
1988 599 2072 647 at-

431 716 541 772 que
573 697 775 751 ordine
822 677 1264 750 elementorum,
1317 683 1469 738 unde
1501 678 1888 769 omnipotenti
1935 677 2066 741 Deo,

429 757 746 851 quominus
797 773 964 828 faciat
1006 784 1246 839 corpora
1269 775 1459 820 nostra
1500 763 1654 826 talia,
1691 765 1749 814 ut
1779 757 1950 812 etiam
2010 757 2070 808 in

430 845 573 916 oculo
606 856 830 928 possint
859 852 1146 918 habitare,
1173 845 1571 919 praescribunt.

429 1026 656 1081 CAPUT
682 1019 802 1075 XII.
836 1047 901 1057 —
933 1016 1135 1070 Contra
1171 1009 1474 1066 calumnias
1504 1001 1846 1074 inﬁdelium,
1880 999 2074 1081 quibus

500 1077 837 1158 Christianos
885 1097 952 1150 de
1004 1093 1210 1148 credita
1250 1091 1433 1144 carnis
1491 1082 1889 1141 resurrectione
1949 1077 2076 1132 irri-

504 1183 652 1241 dent.

510 1328 558 1378 1.
610 1319 720 1376 Sed
771 1311 1280 1384 scrupulosissime
1315 1317 1594 1376 quaerere,
1646 1303 1702 1354 et
1751 1298 1926 1384 ﬁdem
1959 1308 2080 1364 qua

434 1405 720 1463 credimus
751 1381 1209 1455 resurrecturum
1243 1404 1498 1450 carnem,
1531 1385 1615 1438 ita
1640 1381 2080 1463 quaerendo,a_s-

653 1480 911 1544 irridere,
945 1476 1148 1532 Utrum
1183 1473 1333 1526 fetus
1367 1465 1606 1522 abortivi
1639 1457 2082 1544 resurgant

435 1565 707 1638 quoniam
768 1537 1052 1614 Dominus
1101 1554 1199 1617 ait,
1240 1552 1411 1604 Amen
1457 1546 1576 1600 dico
1627 1543 1792 1638 uobis,
1851 1537 2084 1607 capillus

435 1624 636 1714 capitis
664 1643 832 1698 vestri
860 1654 964 1692 non
998 1632 1195 1705 peribit
1229 1633 1381 1697 (Luc.
1419 1643 1534 1714 x_xt,
1569 1624 1656 1693 18)
1684 1628 1926 1714 :“utrum
1964 1625 2084 1714 sta—

440 1697 570 1779 tu'ra
609 1727 666 1777 et
697 1722 875 1774 robur
904 1697 1151 1785 aequalia
1181 1711 1373 1764 futura
1406 1707 1522 1760 sint
1553 1703 1848 1766 omnibus,
1878 1697 2082 1785 anndi-

437 1777 615 1860 versae
663 1777 987 1870 corporum.
1016 1792 1375 1864 quantitates
1405 1789 1433 1840 ?
1481 1786 1534 1838 Si
1580 1782 1740 1870 enim
1787 1777 2086 1870 inqualitas

442 1858 749 1954 corporum
767 1858 913 1945 .erit,
948 1858 1100 1929 unde
1123 1871 1420 1954 habebunt
1444 1865 1593 1954 quod
1618 1863 1710 1954 hic
1734 1877 1848 1915 non
1877 1858 2088 1954 habue-

443 1943 582 2021 run-t
609 1962 671 2016 in
703 1958 851 2014 mole
884 1943 1144 2024 corporis
1177 1950 1261 2004 illi
1294 1946 1562 2008 abortivi,
1597 1943 1644 1998 si
1700 1943 2006 2010 resurgant
2035 1944 2089 1991 et

439 2043 602 2118 ipsi?
646 2045 761 2097 Aut
805 2039 853 2093 si
899 2020 1015 2090 non
1061 2033 1394 2101 resurgant,
1427 2026 1560 2118 quia
1613 2039 1716 2078 nec
1740 2020 1870 2118 ‘nati
1931 2021 2088 2080 sunt,

441 2101 541 2181 s‘ed
563 2122 752 2187 effusi,
777 2117 1039 2174 eamdem
1063 2112 1440 2184 quaestionem
1464 2108 1533 2161 de
1557 2101 1812 2175 parvulis
1835 2103 2090 2187 versant,

444 2206 600 2260 unde
632 2179 750 2256 illis
799 2179 1101 2254 mensura-
1121 2189 1401 2261 corporis,
1435 2202 1610 2258 quam
1659 2200 1813 2238 nunc
1844 2179 2093 2234 defuisse

441 2287 730 2349 videmus,
780 2278 1037 2341 accedat,
1081 2289 1214 2330 cum
1262 2272 1321 2325 in
1369 2270 1475 2323 hac
1525 2270 1691 2320 nitate
1741 2262 2090 2317 moriuntur.

446 2372 641 2438 Neque
675 2346 828 2418 enim
857 2358 1068 2413 dicturi
1099 2369 1326 2418 sumus,
1361 2365 1458 2405 eos
1493 2365 1604 2402 non
1642 2346 2091 2413 resurrecturos,

449 2427 690 2518 quimon
716 2443 907 2498 solum
942 2433 1355 2510 generationis,
1388 2443 1592 2484 verum
1633 2427 1807 2480 etiam
1859 2436 2096 2490 regene-

447 2507 690 2584 rationis
745 2507 984 2592 capace—s
1041 2518 1194 2570 sunt.
1255 2510 1468 2567 Deinde
1511 2507 1889 2592 interrogant,
1924 2515 2094 2571 quem

448 2581 681 2664 modum
727 2581 855 2674 ipsa
902 2597 1200 2669 aequalitas
1250 2592 1521 2647 habitura
1569 2587 1662 2642 sit.
1697 2586 1754 2640 Si
1788 2581 1944 2674 eniam
1977 2586 2094 2674 tam

449 2689 643 2760 magni
691 2663 907 2740 et.tam
961 2663 1116 2749 longi
1164 2677 1333 2730 erunt
1383 2685 1606 2760 omnes,
1648 2681 1821 2760 quam
1872 2663 2100 2754 fuerent

448 2741 802 2842 quigumque
844 2761 940 2816 hic
984 2741 1220 2842 fuerunt
1263 2749 1511 2842 maximi.
1538 2753 1714 2839 atque
1743 2741 2094 2842 longissimi,

450 2822 574 2903 rion
598 2822 785 2901 solum
818 2842 887 2896 de
921 2836 1194 2911 parvulis,
1229 2833 1329 2888 sed
1361 2832 1429 2885 de
1461 2826 1748 2911 plurimis
1767 2829 2028 2911 quarunt
2055 2822 2096 2887 ¹,

452 2901 606 2981 unde
636 2924 751 2978 illis
783 2901 1156 2976 accessurum
1181 2901 1288 2975 isit,
1335 2911 1488 2982 quod
1527 2907 1620 2961 hic
1651 2903 1857 2970 defuit,
1892 2902 1941 2956 si
1993 2901 2100 2982 hoc

454 3008 699 3078 quisque
736 2999 992 3070 recipiet,
1025 2996 1176 3067 quod
1221 2993 1312 3047 hic
1348 2980 1568 3045 habuit.
1600 2987 1659 3042 Si
1695 2990 1912 3077 autem,
1945 2980 2098 3053 quod

454 3068 535 3142 ait
564 3068 895 3153 Apostolus,
927 3090 1270 3133 occursuros
1319 3088 1422 3125 nos
1455 3084 1660 3124 omnes
1693 3068 1748 3120 in
1781 3077 2101 3118 mensuram

456 3141 640 3224 aetati}
679 3141 1044 3233 plenitudinis
1077 3152 1282 3208 Christi
1321 3150 1544 3221 (Ephes.
1585 3165 1662 3214 ιν,
1716 3146 1926 3233 13Α);.θι
1959 3141 2102 3233 illud

452 3223 719 3312 alterum,
774 3241 912 3308 Quos
953 3234 1382 3307 praedestinavit
1430 3235 1733 3299 con/armes
1770 3225 1792 3258 ε
1839 3223 2101 3293 imaginis

456 3327 593 3383 Filii
621 3305 912 3392 sui(liom.
944 3305 1066 3380 6m,
1107 3314 1219 3384 29),
1265 3313 1348 3367 sic
1398 3307 1843 3392 intelligendum
1893 3308 2010 3392 est,
2045 3305 2107 3392 ut

457 3411 683 3466 statura
711 3383 769 3459 et
800 3400 1011 3456 modus
1033 3383 1250 3453 Christi
1293 3392 1550 3464 corporis
1599 3387 1864 3444 omnium
1917 3383 2013 3454 qui
2047 3384 2106 3436 in

459 3465 636 3558 regno
667 3485 795 3554 ejus
821 3484 1013 3545 erunt,
1047 3478 1436 3532 humanorum
1470 3483 1779 3539 corporum
1824 3465 1900 3519 sit
1949 3466 2106 3558 futu-

591 3587 605 3622 :
646 3541 842 3621 Munitis
873 3541 1008 3624 erit,
1031 3557 1325 3627 inquiunt,
1358 3553 1429 3606 de
1461 3547 1868 3627 magnitudine
1891 3549 1946 3598 et
1977 3541 2105 3627 Ion-

462 3622 728 3722 gitudine
757 3622 1017 3713 corporis
1066 3622 1485 3722 adtrahendum
1528 3646 1540 3682 :
1586 3625 1772 3722 et‘uhi
1805 3624 1922 3695 iam
1973 3622 2103 3687 erit,

467 3706 712 3801 Z'apittus
743 3706 938 3796 capiti:
967 3720 1134 3776 vestri
1163 3732 1270 3801 non
1307 3708 1623 3801 peribiinsin
1642 3708 1711 3801 dae
1746 3706 2108 3801 ipsacorpo-

464 3787 552 3868 ris.
575 3787 898 3880 quantitate
931 3807 1049 3856 tam
1084 3797 1333 3880 multum
1367 3789 1624 3862 peribit?
1654 3787 2010 3880 Q‘uamvis‘et

631 3887 858 3958 capillis
890 3881 1076 3954 possit
1109 3875 1342 3964 inquiri,
1378 3876 1582 3964 utrum.
1608 3869 1794 3922 redeat
1818 3865 2106 3964 quidquid

463 3945 837 4028 tbndentibus
867 3945 1102 4017 decidit.
1149 3955 1309 4018 Quod
1365 3953 1411 4007 si
1465 3949 1789 4005 rediturum
1821 3951 1930 4014 est,
1976 3945 2108 4016 quis

465 4027 579 4108 non
612 4046 915 4106 exhorreat
945 4041 1104 4094 illam
1139 4033 1563 4092 deformitatem
1587 4030 1614 4084 ‘I
1646 4029 1786 4085 Nam
1821 4027 1929 4082 hoc
1958 4035 2012 4108 et
2041 4028 2110 4080 de

469 4133 762 4201 unguibus
794 4125 1018 4179 videtur
1067 4114 1392 4173 necessario
1436 4114 1793 4201 secuturum,
1827 4115 1887 4161 ut
1919 4105 2114 4196 redeat

623 4209 869 4266 multum
905 4200 1060 4274 quod
1093 4196 1350 4268 corporis
1390 4197 1656 4248 curatura
1678 4188 1699 4222 3
1731 4185 2012 4274 desecuit,
2046 4189 2114 4240 Et

601 4293 706 4347 erit
744 4267 971 4342 decus'?
1001 4282 1154 4352 quod
1199 4267 1353 4333 certe
1405 4275 1611 4343 majus,
1661 4286 1834 4340 quam
1883 4267 2114 4352 in__ista

471 4347 598 4430 esse
618 4369 988 4437 corruptione
1018 4347 1247 4433 'potuit,
1298 4359 1355 4411 in
1389 4355 1642 4437 illajam
1676 4347 2114 4437 immortalitate

472 4429 600 4511 esse
632 4429 884 4506 debebit.
917 4444 976 4501 Si
1023 4429 1214 4497 autem
1260 4453 1374 4492 non
1415 4435 1649 4499 redibit,
1691 4447 1823 4503 ergo
1856 4429 2065 4502 peribit
2097 4444 2111 4484 :

473 4531 765 4603 quomodo
795 4543 951 4597 ergo,
1002 4521 1300 4593 inquiunt,
1333 4516 1576 4603 capillus
1607 4514 1815 4603 capitis
1863 4524 2116 4603 nonnpe-

472 4589 610 4672 ribit
638 4613 666 4667 ?
699 4616 774 4666 De
818 4589 998 4663 muscie
1029 4589 1262 4675 quoque
1310 4597 1397 4654 vel
1447 4595 1796 4668 pinguedine
1844 4589 2116 4675 similiter

473 4669 794 4769 disputant.
830 4691 972 4744 Nam
1014 4669 1065 4740 si
1091 4669 1336 4753 aquales
1385 4693 1587 4734 omnes
1617 4678 1821 4769 erunt;
1856 4688 1970 4769 pun
2004 4669 2118 4724 uti-

477 4753 589 4852 que
627 4775 726 4832 alii
772 4769 977 4852 macri,
1005 4765 1103 4822 alii
1131 4764 1401 4852 pingues
1429 4753 1936 4852 ‘erunt.‘Accedet
1980 4765 2116 4852 ergq

478 4831 605 4916 dliis
635 4831 880 4926 aliquid,
909 4831 1038 4906 aliis
1069 4831 1394 4926 minuetur._
1415 4842 1492 4926 Ac
1521 4853 1624 4926 per
1655 4835 1784 4926 hoc,
1817 4848 1932 4926 non
1964 4831 2117 4926 quod

639 4911 1068 5006 recipiendum,
1100 4927 1197 4983 sed
1228 4921 1439 5006 alicubi
1470 4916 1929 5006 addend‘umest,
1964 4911 2119 4983 quod

477 4995 592 5078 non
626 5020 732 5075 fuit
755 4995 781 5086 ς’
803 5021 861 5071 et
890 5008 1104 5068 alicubi
1138 5004 1519 5086 perdendum,
1555 4995 1870 5086 quodnfuit.

627 5071 876 5169 Deipsis
897 5093 1071 5148 etiam
1099 5071 1573 5169 corruptionihus
1603 5083 1662 5133 et
1692 5071 2123 5169 dilapsionibus

477 5149 783 5254 corporum
825 5149 1212 5235 mortuorum,
1245 5149 1374 5220 cum
1409 5159 1562 5216 aliud
1605 5160 1852 5213 vertatur
1897 5151 1957 5207 in
1991 5149 2124 5222 pul-

544 5377 560 5410 1
596 5372 681 5421 Sic
707 5368 831 5418 Mss.
862 5362 1000 5412 Editi
1039 5369 1164 5408 vero
1219 5354 1310 5402 sed
1358 5361 1408 5402 et
1458 5352 1521 5400 de
1564 5344 1858 5410 plurimis.
1901 5339 2125 5404 magnis

480 5441 980 5546 taddunt.
1014 5483 1138 5547 ﬁeri
1158 5496 1174 5528 :
1201 5480 1342 5547 quod
1371 5476 1594 5547 verbum
1624 5467 2127 5547 hoquostpliLlocp

479 5529 936 5622 non“£§§éri¥fi£
948 5529 1326 5606 manuscriptis
1370 5541 1480 5604 jam
1526 5529 1813 5600 aliquoties"
1847 5535 1928 5583 est
1956 5529 2131 5580 obser-

480 5625 756 5740 νθξῃέἓίιὶ,
787 5692 947 5730 cura.
977 5673 1164 5728 Melius
1190 5669 1335 5730 Mss.,
1368 5672 1666 5716 auratura.

1483 310 1580 371 DE
1622 302 1989 369 CIVITA'I‘E
2035 300 2186 366 DEI,
2235 297 2306 357 S.
2347 287 2773 354 AUGUSTINI

2176 442 2391 492 verem,
2425 425 2482 478 in
2514 437 2688 477 auras
2719 417 2875 473 aliud
2907 413 3252 471 exhaletur:
3289 410 3405 466 sint
3429 426 3577 482 quos
3608 409 3833 476 bestias,

3713 276 3835 337 7'16

2181 509 2300 563 sint
2329 491 2476 578 quos
2508 505 2658 575 ignis
2687 501 2993 563 absumat;
3020 494 3322 564 naufragio
3345 493 3433 548 vel
3456 491 3841 562 quibuscum-

2183 606 2293 660 que
2325 572 2494 658 aquis
2528 572 2607 638 ita
2638 583 2872 652 quidam
2909 581 3166 651 pereant,
3203 580 3264 631 ut
3301 591 3504 630 eorum
3538 588 3744 629 carnes
3777 572 3836 625 in

2182 653 2489 724 humorem
2532 663 2777 736 putredo
2811 659 3130 724 dissolvat;
3159 673 3270 711 non
3308 653 3676 710 mediocriter
3710 668 3838 722 per-

2184 758 2508 812 moventur,
2538 735 2719 814 atque
2749 740 2945 797 omnia
2979 741 3088 794 ista
3135 735 3392 808 recolligi
3425 737 3484 790 in
3516 749 3747 789 carnem
3780 736 3837 787 et

2183 827 2563 901 redintegrari
2597 840 2768 896 posse
2795 839 2906 877 non
2931 821 3193 875 credunt.
3217 819 3639 873 Consectantur
3659 814 3842 869 etiam

2185 896 2446 980 quasque
2482 908 2766 962 fmditates
2797 908 2854 957 et
2878 901 3030 967 vitia,
3065 902 3187 955 sive
3215 899 3493 954 accedant
3516 896 3558 965 ί,
3591 896 3711 951 sive
3742 911 3842 949 na-

2186 978 2449 1055 scantur,
2495 987 2590 1042 ubi
2637 991 2695 1040 et
2745 989 3104 1038 monstrosos
3161 985 3364 1051 partus
3411 994 3546 1033 cum
3602 978 3841 1030 horrore

2187 1077 2361 1141 atque
2384 1067 2654 1123 irrisione
2677 1065 3156 1128 commemorant,
3180 1065 3236 1114 et
3258 1059 3563 1128 requirunt
3585 1071 3846 1127 quisnam

2189 1135 2473 1220 cujusque
2535 1145 2920 1201 deformitatis
2985 1141 3329 1220 resurrectio
3375 1140 3455 1220 sit
3505 1139 3724 1220 futura.
3782 1135 3846 1189 Si

2190 1215 2345 1286 enim
2377 1215 2522 1283 nihil
2545 1225 2658 1281 tale
2689 1227 2872 1279 redire
2893 1223 2949 1277 in
2983 1237 3184 1293 corpus
3207 1219 3462 1275 hominis
3493 1215 3843 1282 dixerimus,

2190 1309 2628 1382 responsionem
2679 1309 2938 1360 nostram
2988 1303 3058 1357 de
3107 1301 3250 1356 locis
3314 1299 3648 1362 vulnerum,
3708 1310 3844 1351 cum

2191 1378 2407 1464 quibus
2445 1388 2750 1444 Dominum
2800 1385 3093 1439 Christum
3136 1381 3522 1437 resurrexisse
3553 1378 3844 1448 praedica-

2193 1459 2345 1538 mus,
2383 1487 2446 1525 se
2475 1470 2880 1525 confutaturos
2929 1481 3058 1520 esse
3092 1465 3473 1534 praesumunt.
3529 1459 3638 1514 Sed
3689 1460 3847 1513 inter

2192 1555 2313 1609 haec
2345 1553 2544 1609 omnia
2591 1549 2834 1621 quastio
2864 1546 3209 1602 difﬁcillima
3250 1544 3351 1599 illa
3387 1542 3750 1621 proponitur,
3781 1540 3844 1594 in

2195 1637 2364 1704 cujus
2394 1619 2626 1688 carnem
2658 1627 3000 1685 rediturasit
3021 1643 3178 1691 caro,
3202 1641 3318 1695 qua
3339 1638 3553 1694 corpus
3582 1619 3847 1683 alterius,

2193 1700 2481 1770 vescentis
2510 1713 2764 1767 humana
2797 1712 3017 1765 viscera
3050 1709 3200 1762 fame
3222 1703 3627 1776 compellente,
3659 1700 3849 1756 nutri-

2195 1801 2310 1851 tur.
2342 1795 2403 1850 In
2429 1808 2657 1849 carnem
2683 1793 2899 1863 quippe
2925 1805 3202 1846 conversa
3223 1793 3311 1843 est
3336 1787 3488 1857 ejus,
3511 1785 3608 1856 qui
3632 1783 3851 1863 talibus

2195 1877 2337 1932 vixit
2367 1874 2656 1932 alimentis
2679 1861 2871 1937 {etes
2901 1887 3026 1942 qua;
3060 1869 3275 1924 macies
3306 1869 3641 1922 ostenderat
3671 1861 3851 1918 detri-

2197 1960 2411 2024 menta,
2452 1952 2753 2024 supplevit.
2804 1951 3009 2007 Utrum
3059 1965 3196 2020 ergo
3242 1947 3327 2003 illi
3375 1949 3567 2002 redeat
3624 1942 3849 1999 homini

2199 2038 2368 2106 cujus
2398 2051 2530 2090 caro
2572 2035 2734 2105 prius
2767 2033 2894 2099 fuit,
2929 2048 3000 2087 an
3054 2029 3139 2084 illi
3172 2030 3368 2100 potius
3421 2028 3593 2097 cujus
3645 2029 3850 2096 postea

2201 2118 2352 2172 facta
2382 2120 2488 2180 est,
2514 2115 2582 2169 ad
2611 2115 2717 2169 hoc
2740 2115 3172 2185 percontantur,
3200 2114 3260 2164 ut
3283 2108 3455 2164 fidem
3479 2108 3856 2162 resurrectio.

2202 2197 2292 2251 nis
2323 2195 2611 2250 illudant:
2645 2210 2711 2247 ac
2751 2193 2833 2247 sic
2865 2191 3074 2246 animai
3106 2191 3395 2253 humanae,
3428 2191 3529 2242 aut
3560 2185 3856 2240 alternan-

2202 2283 2311 2342 tes,
2355 2278 2507 2331 sicut
2539 2275 2716 2344 Plato,
2763 2288 2928 2328 veras
2977 2271 3350 2325 inl'elicitates
3381 2267 3679 2336 falsasque
3711 2280 3857 2336 pro-

2208 2359 2442 2412 mittant
2488 2355 2918 2419 beatitudines;
2951 2357 3054 2408 aut
3094 2354 3221 2422 post
3264 2347 3476 2404 multas
3509 2346 3715 2402 itidem
3749 2360 3854 2416 per

2206 2439 2431 2493 diversa
2453 2452 2695 2504 corpora
2717 2433 3122 2496 revolutiones,
3149 2429 3465 2502 aliquando
3486 2433 3683 2482 tamen
3706 2441 3857 2490 eam,

2207 2519 2355 2574 sicut
2384 2516 2758 2589 Porphyrius,
2817 2514 2982 2568 finire
3028 2512 3313 2577 miserias,
3363 2516 3421 2565 et
3447 2509 3518 2563 ad
3569 2524 3669 2563 eas
3701 2523 3857 2561 nun-

2211 2615 2385 2670 quam
2417 2585 2603 2652 redire
2635 2598 2959 2662 fateantur;
2995 2609 3106 2648 non
3140 2599 3332 2646 tamen
3355 2604 3568 2660 corpus
3590 2585 3854 2642 habendo

2208 2677 2555 2744 immortale,
2589 2679 2683 2732 sed
2717 2692 2927 2746 corpus
2958 2689 3128 2730 omne
3164 2670 3461 2742 fugiendo.

2211 2841 2439 2898 CAPUT
2469 2841 2615 2895 XIII.
2649 2870 2718 2879 ——
2747 2839 2828 2893 An
2865 2836 3112 2893 abortivi
3142 2852 3248 2892 non
3297 2836 3613 2907 pertineant
3643 2831 3713 2886 ad
3771 2847 3866 2884 re-

2282 2923 2703 2986 surrectionem,
2741 2921 2790 2974 si
2833 2920 3113 2989 pertinent
3159 2916 3228 2972 ad
3278 2929 3558 2970 numerum
3617 2913 3866 2967 mortuo.

2284 3019 2433 3059 rum.

2285 3170 2368 3224 Ad
2411 3168 2534 3223 haec
2563 3183 2699 3238 ergo
2730 3182 2856 3232 quae
2888 3163 2960 3218 ab
2991 3179 3189 3218 eorum
3227 3165 3386 3233 parte
3423 3159 3735 3224 contraria,
3770 3174 3864 3212 me

2215 3249 2520 3321 dirigente,
2554 3247 2697 3302 mihi
2728 3245 2995 3300 videntur
3015 3243 3304 3314 opposita,
3332 3240 3730 3296 misericordia
3755 3238 3859 3294 Dei

2217 3320 2362 3384 meis
2396 3329 2618 3383 nisibus
2642 3341 2808 3397 opem
2844 3326 3079 3392 ferente,
3113 3323 3516 3392 respondeam.
3557 3320 3862 3374 Ahortivos

2217 3411 2390 3476 fetus,
2422 3405 2542 3478 qui,
2572 3422 2707 3461 cum
2742 3407 2862 3471 jam
2913 3402 3193 3457 vixissent
3232 3404 3289 3455 in
3348 3404 3535 3466 utero,
3587 3398 3665 3454 ibi
3724 3403 3866 3453 sunt

2219 3490 2455 3557 mortui,
2489 3491 2917 3542 resurrecturos
2950 3492 3005 3537 ut
3037 3482 3347 3548 afﬁrmare,
3382 3482 3463 3535 ita
3495 3495 3707 3552 negare
3747 3494 3866 3533 non

2219 3568 2404 3622 audeo
2439 3583 2452 3620 ε
2486 3564 2750 3637 quamvis
2784 3580 2895 3617 non
2947 3563 3172 3616 videam
3206 3561 3498 3631 quomodo
3526 3565 3594 3614 ad
3620 3575 3717 3614 eos
3750 3574 3866 3612 non

2221 3649 2503 3719 pertineat
2551 3645 2892 3702 resurrectio
2927 3649 3318 3709 mortuorum,
3351 3643 3401 3696 si
3437 3657 3548 3695 non
3593 3642 3870 3695 eximun-

2218 3735 2315 3785 tur
2346 3731 2414 3784 de
2456 3744 2698 3782 numero
2744 3730 3121 3780 mortuorum.
3154 3725 3267 3777 Aut
3298 3723 3451 3778 enim
3501 3738 3614 3776 non
3667 3735 3872 3776 omnes

2221 3809 2428 3865 mortui
2464 3811 2789 3877 resurgant,
2821 3811 2879 3860 et
2908 3809 3083 3860 erunt
3115 3803 3320 3874 aliqua:
3357 3802 3624 3856 humanis
3655 3801 3870 3855 animae

2220 3890 2346 3945 sine
2376 3889 2714 3960 corporibus
2748 3889 2804 3942 in
2839 3891 3141 3949 aeternum,
3175 3901 3300 3955 quae
3323 3899 3566 3954 corpora
3587 3883 3867 3946 humana,

2223 3971 2491 4042 quamvis
2521 3970 2678 4024 intra
2725 3968 2944 4022 viscera
2997 3971 3281 4032 materna,
3316 3968 3657 4035 gestarant:
3689 3967 3788 4017 aut
3818 3962 3872 4016 si

2221 4068 2424 4108 omnes
2473 4049 2679 4106 animas
2731 4049 3004 4103 humanae
3038 4045 3313 4116 recipient
3359 4044 3720 4113 resurgentia
3760 4059 3875 4097 sua

2223 4148 2488 4202 corpora,
2539 4148 2661 4200 quas
2713 4130 3044 4184 habuerunt
3090 4127 3444 4196 ubicumque
3489 4125 3762 4186 viventia,
3812 4128 3877 4178 et

2225 4211 2536 4267 morientia
2567 4208 2943 4278 reliquerunt,
2977 4223 3089 4260 non
3114 4205 3345 4260 invenio
3370 4204 3872 4274 quemadmodum

2223 4293 2412 4347 dicam
2438 4291 2509 4344 ad
2534 4291 3016 4343 resurrectionem
3042 4301 3152 4340 non
3179 4285 3463 4354 pertinere
3487 4288 3874 4346 mortuorum,

2224 4387 2624 4444 quoscumque
2659 4373 2916 4424 mortuos
2948 4367 3122 4421 etiam
3155 4366 3213 4420 in
3249 4367 3431 4420 uteris
3453 4369 3729 4418 matrum.
3755 4363 3868 4418 Sed

2224 4451 2564 4506 utrumlibet
2601 4451 2672 4504 de
2712 4449 2804 4504 his
2844 4448 3089 4519 quisque
3142 4445 3375 4511 sentiat,
3429 4445 3580 4516 quod
3631 4445 3700 4498 de
3743 4444 3871 4512 jam

2226 4534 2376 4588 natis
2409 4533 2726 4586 infantibus
2759 4529 3099 4592 dixerimus,
3126 4527 3230 4581 hoc
3253 4526 3428 4582 etiam
3457 4526 3529 4580 de
3558 4523 3673 4580 illis
3703 4521 3876 4578 intel-

2226 4615 2522 4686 ligendum
2555 4619 2659 4684 est,
2693 4611 2742 4667 si
2773 4618 3076 4680 resurgant
3105 4608 3206 4682 (α).

2227 4781 2462 4840 CAPUT
2494 4779 2637 4836 XIV.
2680 4811 2750 4819 —
2796 4780 2889 4833 An
2918 4777 3154 4847 iri/antes
3184 4774 3242 4829 in
3275 4789 3341 4829 ea
3369 4773 3481 4828 sint
3510 4769 3880 4827 resurrecturi

2298 4861 2620 4918 habitudine
2639 4856 2902 4930 corporis,
2931 4873 3096 4928 quam
3126 4853 3376 4910 habituri
3405 4859 3566 4909 erant
3588 4854 3772 4908 aetatis
3795 4867 3882 4906 ac-

2298 4959 2466 5000 οθδδιι.

2301 5098 2446 5165 Quid
2474 5112 2610 5167 ergo
2642 5095 2713 5149 de
2743 5093 3069 5149 infantibus
3102 5091 3316 5147 dicturi
3337 5105 3568 5156 sumus,
3595 5086 3707 5142 nisi
3739 5085 3882 5158 quia

2233 5197 2346 5236 non
2381 5181 2439 5232 in
2462 5195 2528 5233 ea
2551 5175 2928 5232 resurrecturi
2954 5179 3093 5230 sunt
3121 5173 3379 5245 corporis
3400 5171 3737 5242 exiguitate,
3768 5184 3883 5238 qua

2233 5259 2487 5328 mortui;
2521 5259 2621 5315 sed
2656 5258 2809 5330 quod
2839 5259 2922 5314 eis
2955 5256 3179 5312 tardius
3208 5269 3547 5310 acessurum
3580 5257 3706 5306 erat
3737 5259 3884 5306 tem-

2235 5359 2392 5413 pore,
2427 5343 2533 5395 hoc
2566 5345 2703 5395 sunt
2735 5339 2830 5394 illo
2862 5337 2953 5393 Dei
2996 5352 3163 5406 Opere
3198 5336 3344 5390 miro
3374 5340 3546 5404 atque
3579 5331 3883 5388 celerrimo

2303 5592 2318 5625 1
2350 5587 2504 5636 Vind.
2539 5587 2666 5634 Am.
2685 5585 2766 5633 Er.
2806 5587 2860 5634 et
2883 5585 3028 5632 Mss..
3059 5579 3172 5628 sive
3197 5578 3470 5630 accidant.

2299 5653 2377 5715 (α)
2408 5650 2556 5699 Οοιιι.
2587 5648 2854 5701 Enchirid.
2884 5661 2939 5698 n.
2969 5644 3052 5706 23,
3080 5643 3253 5694 initio.
