4146 6198
415 299 534 359 777

416 435 701 522 recepturi
732 437 761 492 ‘i‘
793 438 853 493 In
885 441 1175 497 sententia
1205 443 1421 515 quippe
1445 447 1692 517 Domini,
1716 453 1812 508 ubi
1835 453 1935 522 ait,
1965 454 2065 511 Ca-

413 516 593 578 pillus
617 523 812 607 capitis
843 525 1008 577 vestri
1036 539 1142 579 non
1173 528 1371 594 peribit
1392 532 1544 598 (Luc.
1569 516 1684 602 xxr,
1715 537 1820 607 18).
1845 516 2060 594 dictum

413 604 502 650 est
535 615 648 652 non
684 601 1016 656 defuturum
1051 620 1178 659 esse
1209 612 1356 677 quod
1400 616 1527 682 t‘uit,
1563 601 1676 668 non,
1727 601 1918 672 autem
1962 635 2059 673 ne-

413 686 612 748 gatum
645 689 732 735 est
753 685 1088 739 adiuturum
1115 701 1242 743 esse
1265 693 1415 760 quod
1441 695 1641 749 deluit.
1665 695 2059 756 Defuitautem

413 760 618 849 infanti
655 771 885 820 mortuo
911 775 1160 834 perfecta
1179 774 1474 840 quantitas
1499 777 1586 829 sui
1617 780 1912 847 corporis;
1941 799 2061 849 per-

413 840 560 933 fecto
587 844 801 933 quippe
843 848 1045 933 infanti
1079 852 1236 904 deest
1286 854 1486 924 utique
1528 840 1796 925 perfectio
1832 840 2058 933 magni-

413 922 635 1008 tudinis
653 927 1008 997 corporalis;
1046 946 1171 1000 qua:
1194 949 1322 988 cum
1345 922 1671 1001 accesserit,
1689 939 1814 1008 jam
1839 922 2058 997 staiura

411 1001 640 1086 longior
669 1021 797 1061 esse
831 1024 941 1063 non
969 1010 1174 1080 possit.
1209 1011 1374 1069 Hunc
1407 1001 1779 1086 perfectionis
1814 1023 2056 1077 modum

410 1083 492 1137 sic
527 1084 736 1140 habent
779 1103 1004 1157 omnes,
1056 1101 1116 1145 ut
1146 1107 1279 1148 cum
1316 1083 1420 1150 illo—
1443 1099 1850 1168 concipiantur
1879 1108 2057 1172 atque

408 1171 765 1233 nascantur;
799 1169 897 1222 sed
935 1169 1150 1226 habent
1200 1173 1257 1228 in
1310 1177 1552 1245 ratione,
1602 1195 1717 1235 non
1761 1181 1818 1235 in
1854 1169 2004 1238 mole
2037 1208 2052 1249 ι

407 1247 555 1304 sicut
592 1251 719 1319 ipsa
745 1252 864 1323 jam
901 1253 1163 1311 membra
1203 1260 1401 1316 omnia
1433 1269 1571 1318 sunt
1603 1264 1845 1321 latenter
1874 1266 1930 1320 in
1967 1247 2054 1324 se;

407 1331 582 1414 mine,
613 1347 743 1386 cum
779 1341 948 1414 etiam
977 1339 1129 1392 natis
1153 1341 1434 1397 nonnulla
1459 1345 1646 1399 adhuc
1673 1347 1880 1414 desint,
1903 1350 2055 1404 sicut

405 1409 633 1496 dentes,
664 1428 727 1465 ac
759 1413 806 1466 si
841 1415 977 1485 quid
1012 1416 1326 1486 ejusmodi.
1357 1424 1414 1478 In
1447 1442 1564 1496 qua
1595 1426 1820 1481 ratione
1855 1409 2053 1485 unius-

404 1495 699 1580 cujusque
730 1499 983 1580 materia:
1029 1497 1213 1555 indita
1252 1495 1558 1572 corporali,
1605 1508 1728 1576 jam
1771 1511 2051 1580 quodam-

404 1574 595 1661 modo,
647 1579 709 1627 ut
749 1574 829 1630 ita
877 1579 1085 1649 dicam,
1136 1581 1448 1638 liciatum1
1499 1574 1626 1641 esse
1673 1574 1900 1644 videtur
1946 1591 2048 1661 (a),

403 1653 555 1734 quod
592 1656 849 1711 nondum
883 1666 992 1724 est,
1027 1662 1143 1716 imo
1166 1669 1315 1734 quod
1346 1664 1500 1731 latet,
1525 1668 1621 1721 sed
1647 1685 1884 1724 accessu
1910 1653 2048 1724 teni;

404 1732 720 1819 poris-erit,
753 1736 838 1790 vel
873 1741 1068 1809 potius
1100 1732 1420 1813 apparebit.
1458 1746 1515 1801 In
1553 1747 1659 1803 hac
1689 1765 1823 1819 ergo
1854 1749 2047 1805 infans

394 1811 518 1901 iam
558 1813 871 1901 brevis.aut
914 1820 1122 1894 longus
1154 1811 1262 1892 est,
1296 1827 1395 1897 qui
1429 1827 1616 1882 brevis
1648 1811 1927 1901 longusve
1958 1833 2047 1886 fu-

401 1897 568 1948 turus
601 1901 707 1950 est.
735 1896 1069 1957 Secundum
1105 1903 1253 1959 hanc
1275 1896 1558 1961 rationem
1595 1896 1848 1979 profecto
1882 1911 1938 1964 in
1963 1927 2045 1966 re-

401 1977 758 2032 surrectione
789 1982 1046 2050 corporis
1075 1985 1419 2041 detrimenta
1447 1977 1707 2060 corporis
1739 2007 1854 2045 non
1879 1996 2048 2046 time-

401 2069 574 2110 mus:
606 2057 756 2128 quia,
786 2062 893 2115 etsi
925 2065 1229 2134 inqualitas
1254 2069 1444 2122 futura
1469 2057 1620 2122 esset
1652 2072 1942 2133 omnium,
1968 2073 2048 2125 ita

402 2141 467 2190 ut
494 2153 698 2192 omnes
733 2157 910 2210 usque
942 2145 1013 2197 ad
1047 2145 1347 2215 giganteas
1381 2150 1812 2219 magnitudines
1847 2168 2047 2221 perve-

402 2224 618 2293 nirent,
651 2243 721 2281 ne
741 2227 822 2282 illi
850 2230 950 2300 qui
971 2231 992 2265 ²
1017 2233 1246 2287 maxumi
1275 2237 1527 2302 fuerunt,
1553 2237 1746 2291 minus
1772 2239 2049 2294 haberent

403 2303 623 2374 aliquid
684 2307 742 2362 in
800 2314 1038 2376 statura,
1093 2314 1246 2382 quod
1302 2315 1385 2369 eis
1440 2324 1639 2372 contra
1692 2318 2044 2375 sententiam

401 2382 612 2468 Christi
650 2388 885 2457 periret,
916 2392 1014 2461 qui
1047 2392 1208 2458 dixit,
1244 2409 1347 2448 nec
1379 2395 1655 2466 capillum
1689 2399 1896 2468 capitis
1918 2415 2048 2455 esse

402 2465 765 2546 periturum;
798 2471 1050 2525 Creatori
1101 2473 1304 2545 utique
1349 2465 1457 2546 qui
1477 2477 1692 2533 creavit
1734 2465 1946 2535 cuncta
1975 2479 2046 2534 de

397 2544 924 2632 ni-h.ilo,_quomodo
955 2551 1121 2632 desse
1171 2544 1384 2625 pesset,
1418 2559 1572 2613 unde
1617 2559 1857 2617 adderet
1888 2561 2045 2632 quod

397 2625 733 2684 addendum
765 2646 893 2687 esse
924 2631 1109 2691 mirus
1135 2635 1340 2692 artifex
1373 2637 1622 2695 nosset?

396 2785 635 2844 CAPUT
657 2789 777 2846 XV.
799 2820 866 2834 -—-
896 2792 979 2847 An
1007 2795 1087 2849 ad
1114 2795 1392 2854 Dominici
1414 2799 1660 2871 corporis
1687 2802 1908 2860 modum
1935 2819 2047 2861 om-

561 2871 721 2926 nium
747 2875 1090 2929 mortuorum
1113 2882 1493 2936 resurrecturi;
1518 2882 1628 2936 sint
1655 2898 1902 2954 corpora.

465 3003 574 3060 Sed
629 3004 827 3075 utique
874 3005 1139 3064 Christus
1167 3009 1227 3066 in
1259 3027 1327 3067 ea
1367 3028 1644 3071 mensura
1673 3019 1950 3088 corporis,
1983 3019 2041 3075 in

395 3099 514 3156 qua
549 3089 638 3140 est
691 3091 981 3167 mortuus,
1003 3092 1340 3160 resurrexit,
1373 3109 1479 3149 nec
1528 3094 1616 3151 fas
1645 3093 1668 3129 ³
1697 3101 1787 3152 est
1830 3095 2040 3167 dicere,

395 3180 527 3221 cum
562 3166 1002 3223 resurrectionis
1032 3170 1293 3227 omnium
1324 3176 1558 3245 tempus
1588 3176 1829 3247 venerit,
1854 3166 2045 3237 ncces;

396 3261 588 3301 suram
620 3247 845 3318 corpori
875 3249 1004 3317 ejus
1029 3265 1155 3305 eam
1190 3252 1681 3324 magnitudinem,
1715 3273 1889 3330 quam
1925 3275 2042 3317 non

394 3325 616 3395 habuit,
651 3328 889 3397 quando
926 3327 984 3383 in
1019 3345 1086 3384 ea
1133 3331 1457 3400 discipulis,
1491 3333 1550 3389 in
1603 3325 1876 3405 qua-illis
1920 3344 2044 3395 erat

398 3413 592 3474 notus,
616 3408 908 3476 apparuit,
935 3413 996 3463 ut
1017 3408 1377 3481 longissimis
1407 3413 1532 3468 fieri
1566 3415 1744 3485 possit
1773 3417 2039 3487 aequalis,

397 3487 452 3544 Si
484 3494 680 3543 autem
713 3487 1034 3545 dixerimus
1065 3492 1135 3545 ad
1168 3491 1455 3549 Dominici
1486 3497 1747 3566 corporis
1805 3500 2042 3553 modum

395 3568 563 3623 etiam
619 3584 984 3641 quorumque
1028 3571 1251 3642 majora
1281 3588 1522 3644 corpora
1570 3576 1904 3648 redigenda,
1951 3594 2044 3650 pe-

396 3647 531 3703 ribit
555 3648 624 3704 de
656 3648 973 3705 multorum
1004 3651 1339 3722 corporibus
1385 3647 1726 3724 plurimum,
1759 3673 1886 3712 cum
1921 3647 2043 3730 ipse

398 3745 502 3785 nec
532 3730 805 3800 capillum
838 3732 1158 3801 periturum
1187 3749 1316 3788 esse
1344 3735 1695 3805 promiserit.
1730 3737 1929 3793 Restat
1959 3755 2044 3794 er-

397 3825 487 3878 go,
511 3813 575 3863 ut
603 3825 772 3864 suam
802 3810 1037 3882 recipiat
1066 3813 1315 3883 quisque
1356 3830 1716 3880 mensuram,
1749 3833 1924 3888 quam
1955 3817 2042 3874 vel

395 3887 595 3944 habuit
629 3893 684 3944 in
711 3889 1282 3959 juventute,etiamsi
1303 3909 1479 3949 senex
1500 3907 1586 3950 est
1607 3887 1875 3952 mortuus
1908 3914 1922 3964 ;
1955 3897 2042 3954 vel

396 3969 583 4025 fuerat
604 3968 991 4039 habiturus,si
1021 3976 1110 4026 est
1139 3987 1270 4028 ante
1313 3975 1642 4030 defunctus.
1677 3983 1865 4048 Atque
1897 3979 2042 4036 illud

396 4051 548 4122 quod
581 4051 1057 4107 commemoravit
1084 4053 1399 4124 Apostolus
1435 4057 1505 4110 de
1553 4073 1830 4113 mensura
1861 4061 2044 4116 (etatis

393 4131 778 4203 plenitudinis
802 4132 1004 4187 Christi
1024 4134 1235 4204 (Ep/tes.
1261 4151 1334 4202 IV,
1362 4135 1476 4208 13),
1499 4143 1598 4192 aut
1629 4143 1864 4210 propter
1884 4140 2041 4197 aliud

396 4211 795 4292 intelligamus
814 4213 1029 4269 dictum
1050 4215 1265 4282 esse,id
1290 4222 1459 4285 est,ut
1481 4217 1562 4272 illi
1583 4218 1758 4290 capiti
1777 4220 1836 4275 in
1856 4238 2040 4292 popu-

393 4290 468 4348 lis
500 4291 844 4349 Christianis
867 4295 1174 4351 accedente
1196 4297 1461 4351 omnium
1487 4298 1834 4367 perfectione
1858 4290 2044 4357 mem-

395 4373 634 4429 brorum
657 4374 840 4430 tetatis
867 4376 995 4446 ejus
1016 4391 1290 4432 mensura
1311 4378 1674 4450 compleatur
1699 4397 1712 4449 ;
1735 4386 1910 4451 aut,si
1935 4382 2043 4439 hoc

395 4451 465 4508 de
494 4456 918 4511 resurrectione
961 4473 1264 4526 corporum
1301 4458 1520 4514 dictum
1544 4466 1651 4529 est,
1684 4461 1770 4518 sic
1791 4463 2040 4535 accipia-

394 4550 528 4590 mus
557 4535 874 4605 dictum,ut
896 4553 998 4592 nec
1030 4537 1314 4606 ultra,nec
1345 4538 1842 4612 infrajuvenilem
1873 4543 1896 4577 ⁴
1928 4545 2041 4600 for-

396 4633 554 4672 mam
594 4626 898 4691 resurgant
939 4635 1181 4690 corpora
1228 4629 1590 4678 mortuorum
1626 4641 1642 4692 ;
1673 4627 1776 4680 sed
1825 4627 1884 4682 in
1917 4627 2042 4698 ejus

395 4702 560 4753 aetate
579 4696 603 4731 ⁵
624 4703 680 4753 et
710 4700 935 4768 robore,
959 4715 1143 4770 usque
1171 4698 1240 4752 ad
1266 4715 1441 4770 quam
1467 4701 1762 4760 Christum
1787 4705 1881 4761 hic
1913 4696 2040 4778 per-

390 4779 624 4858 venisse
667 4781 1065 4853 cognovimus.
1099 4779 1260 4836 Circa
1303 4781 1542 4853 triginta
1593 4784 1808 4858 quippe
1855 4803 2040 4844 annos

392 4856 746 4916 definierunt
773 4878 899 4919 esse
929 4862 1105 4917 etiam
1138 4859 1334 4916 saeculi
1369 4861 1542 4934 hujus
1575 4856 1900 4923 doctissimi
1933 4866 2038 4925 ho-

457 5044 473 5079 1
506 5042 661 5092 Vind.
691 5044 808 5094 Am.
841 5047 894 5094 et
925 5046 1031 5104 Er.,
1064 5047 1353 5100 innatum.

454 5105 480 5174 ξ
506 5106 651 5174 Lo_v..
682 5121 752 5156 ne
782 5107 885 5174 illi
908 5109 1130 5174 quidem
1159 5110 1277 5173 qui.
1300 5111 1481 5168 Abest,
1513 5111 1752 5174 quidem,
1784 5113 1850 5163 ab
1884 5116 2041 5166 editis

391 5168 593 5235 a1i_is__et
621 5168 1016 5235 manuscriptis.

456 5232 477 5265 ³
511 5230 666 5281 Vind.
698 5235 822 5299 A_m._
845 5230 912 5284 et'
926 5236 1030 5292 En,
1063 5238 1240 5296 nefas.
1275 5236 1612 5299 Castigantur
1643 5253 1710 5288 ex
1737 5241 1894 5291 editis
1923 5242 2042 5292 aliis

391 5295 445 5342 et
462 5296 874 5358 manuscriptis.

453 5355 720 5428 ‘__Veteres
747 5355 891 5428 libri,
912 5360 1245 5428 jueenolem
1281 5377 1292 5415 ;
1334 5365 1387 5413 et
1429 5363 1589 5424 infra,
1639 5377 1752 5428 cap.
1779 5364 1856 5422 16,
1879 5381 2044 5428 juve-

392 5418 554 5482 nali:
585 5423 747 5482 atque
774 5421 852 5471 ita
879 5418 1200 5473 constanter.

455 5482 476 5516 ⁸
507 5481 593 5532 Sic
621 5481 742 5533 Mss.
774 5485 843 5534 At
869 5485 1014 5542 editi,
1046 5488 1138 5534 sed
1171 5488 1228 5534 in
1261 5503 1324 5536 ea
1353 5497 1547 5538 aetate.

455 5545 527 5606 (α)
603 5545 813 5616 Dictum
857 5550 1232 5616 translatione
1299 5553 1594 5601 texentium
1633 5567 1647 5612 ;
1709 5553 1893 5616 quasi,
1933 5553 2044 5616 jam

388 5605 489 5719 ista
512 5605 516 5606 “
542 5621 636 5718 (ἐξα
691 5611 798 5659 tela
853 5613 1001 5661 texta
1053 5615 1133 5661 est
1166 5613 1223 5661 in
1255 5627 1437 5676 puero,
1498 5616 1589 5665 sed
1619 5605 2039 5678 non.explicata.

468 5683 515 5718 Β.
594 5686 712 5719 ΙῩΒΒ.

468 5683 515 5718 D.
556 5683 712 5720 V1738.

726 5765 983 5826 Paraon.
1029 5765 1181 5826 XLI.

1535 315 1759 378 LIBER
1802 318 2227 384 VIGESIMUS
2273 324 2705 391 SECUNDUS.

3705 343 3824 406 778

2174 458 2363 548 mines
2410 462 2829 548 juventutem:
2873 479 2998 548 quae
3048 481 3181 521 cum
3235 468 3409 526 fuerit
3452 476 3642 543 spatio
3691 495 3820 548 pro-

2172 540 2297 610 prio
2330 543 2662 611 terminata,
2697 545 2827 599 inde
2867 545 2986 616 jam
3025 549 3313 603 hominem
3365 551 3422 606 in
3474 540 3822 617 detrimenta

2174 635 2406 692 vergere
2438 624 2710 682 gravioris
2741 642 2805 678 ac
2850 626 3052 680 senilis
3084 631 3282 682 aetatis.
3323 629 3387 682 Et
3421 633 3546 687 ideo
3581 654 3688 690 non
3725 655 3816 695 es-

2169 715 2230 753 se
2263 706 2500 769 dictum,
2532 705 2594 757 In
2630 722 2964 760 mensuram
3019 711 3274 777 corporis
3306 725 3318 774 ;
3353 713 3461 776 vel,
3496 714 3556 767 In
3587 734 3816 774 mensu-

2168 796 2287 833 ram
2334 789 2574 839 staturae
2608 801 2620 839 :
2655 787 2778 853 sed,
2808 789 2867 840 in
2902 803 3218 844 mensuram
3243 793 3422 844 etatis
3448 794 3816 862 plenitudinis

2167 863 2394 918 Christi.

2163 1026 2395 1084 CAPUT
2414 1031 2560 1086 XVI.
2586 1064 2654 1072 —
2677 1034 2866 1097 Qualis
2888 1036 3244 1108 intelligenda
3264 1042 3340 1096 sit
3360 1048 3675 1102 sanctorum
3694 1063 3816 1104 con-

2492 1114 2758 1181 formatio
2789 1117 2858 1170 ad
2889 1117 3184 1189 imaginem
3216 1121 3349 1177 Filii
3380 1123 3494 1181 Dei.

2231 1249 2382 1333 Illud
2405 1250 2577 1306 etiam
2603 1255 2754 1323 quod
2782 1254 2881 1322 ait,
2905 1257 3332 1326 praedestinatos
3352 1265 3652 1333 con/“armes
3674 1269 3814 1323 ima-

2157 1331 2306 1410 ginis
2349 1333 2486 1386 Filii
2516 1335 2614 1388 Dei
2642 1338 2814 1404 (Rom.
2849 1353 2966 1405 νιιι,
3001 1339 3113 1410 29),
3149 1348 3336 1408 pctest
3385 1331 3461 1398 et'
3488 1347 3811 1402 secundum

2157 1407 2487 1465 interiorem
2524 1412 2819 1468 hominem
2855 1407 3119 1489 intelligi.
3152 1407 3312 1475 Unde
3348 1424 3513 1478 nobis
3545 1427 3657 1480 alio
3690 1427 3812 1481 loco

2157 1490 2315 1554 dicit,
2348 1491 2522 1546 Nolite
2550 1495 2886 1561 conformari
2916 1497 3042 1552 huic
3082 1502 3298 1566 saeculo,
3330 1504 3424 1557 sed
3453 1506 3815 1572 reformam'ie
3847 1517 3849 1520 ‘

2155 1571 2216 1622 ni
2241 1569 2299 1624 in
2341 1571 2586 1627 novitate
2617 1579 2816 1629 mentis
2861 1584 3060 1633 aratra?
3083 1580 3242 1648 (Ibid.
3283 1597 3382 1647 xu,
3415 1585 3490 1653 2).
3517 1569 3630 1638 'Ubi
3677 1597 3812 1657 ergo

2156 1652 2562 1716 ret‘ormamur,
2615 1671 2686 1709 ne
2746 1658 3180 1713 conformemur
3238 1660 3372 1716 huic
3448 1652 3676 1731 Saecula,
3732 1652 3811 1720 ibi

2153 1733 2591 1813 conformamur
2627 1735 2716 1788 Dei
2780 1735 2941 1790 Filio.
2981 1737 3175 1794 Potest
3226 1747 3283 1793 et
3337 1743 3420 1795 sic
3481 1744 3685 1811 accipi,
3722 1751 3809 1813 ut,

2154 1812 2649 1882 quemadmodum
2683 1815 2781 1871 ille
2821 1818 2989 1872 nobis
3026 1821 3400 1888 mortalitate,
3443 1824 3523 1879 ita
3568 1841 3673 1880 nos
3720 1826 3809 1882 illi

2151 1893 2478 1949 efficiamur
2507 1896 2947 1954 immortalitate
2976 1902 3304 1956 conformes
3336 1919 3349 1958 :
3385 1906 3537 1975 quod
3574 1905 3807 1972 quidem

2153 1978 2211 2026 et
2243 1975 2310 2027 ad
2345 1973 2525 2039 ipsam
2562 1979 3048 2032 resurrectionem
3100 1973 3418 2050 corporum
3448 1985 3716 2054 pertinet.
3748 1986 3804 2042 Si

2154 2059 2347 2108 autem
2381 2056 2549 2110 etiam
2585 2057 2640 2109 in
2678 2058 2766 2111 his
2811 2061 3017 2121 verbis,
3052 2078 3168 2131 qua
3200 2063 3380 2116 forma
3412 2073 3807 2121 τρδυντροιυτια

2154 2139 2273 2187 smt
2305 2151 2546 2204 corpora
2574 2153 2777 2191 sumus
2817 2141 3098 2194 admoniti
3135 2159 3148 2207 ;
3183 2141 3335 2196 sicut
3363 2143 3463 2198 illa
3509 2161 3806 2215 mensura,

2154 2212 2235 2268 ita
2263 2221 2320 2268 et
2350 2215 2464 2270 ista
2494 2218 2896 2287 conformatio,
2920 2236 3033 2274 non
3057 2223 3404 2292 quantitatis
3435 2212 3809 2293 intelligenda

2155 2302 2262 2361 est,
2296 2296 2395 2350 sed
2431 2295 2639 2351 relatis.
2677 2297 3006 2370 Resurgent
3051 2302 3250 2371 itaque
3281 2318 3486 2357 omnes
3517 2310 3633 2358 tam
3670 2320 3803 2361 ma-

2154 2373 2252 2444 gni
2276 2392 2535 2444 corpore,
2571 2394 2743 2449 quam
2780 2379 2865 2433 vel
2900 2381 3179 2447 erant,vel
3212 2381 3393 2436 futuri
3424 2388 3594 2439 erant
3622 2384 3678 2438 in
3706 2388 3804 2454 ju-

2153 2456 2326 2510 venili
2359 2462 2543 2526 aetate,
2577 2461 2845 2529 quamvis
2896 2461 3041 2516 nihil
3075 2463 3280 2528 oberit,
3313 2463 3536 2519 etiamsi
3567 2465 3678 2520 erit
3705 2468 3806 2520 in-

2157 2535 2375 2590 fantilis
2397 2536 2484 2592 vel
2517 2539 2720 2594 senilis
2761 2541 3021 2610 corporis
3053 2540 3258 2610 forma,
3287 2543 3385 2597 ubi
3419 2559 3521 2598 nec
3564 2546 3799 2610 mentis,

2155 2632 2261 2671 nec
2293 2617 2477 2687 ipsius
2507 2619 2766 2689 corporis
2798 2620 2922 2676 ulla
2967 2621 3292 2677 remanebit
3321 2622 3654 2680 inﬁrmitas.
3689 2624 3807 2681 Un-

2153 2696 2225 2750 de
2255 2697 2432 2752 etiam
2465 2699 2514 2754 si
2548 2700 2679 2769 quis
2709 2701 2765 2754 in
2798 2712 2865 2756 eo
2891 2701 3148 2773 corporis
3175 2702 3430 2769 modo,in
3462 2719 3576 2774 quo
3598 2706 3808 2760 defun-

2154 2781 2281 2832 ctus
2303 2785 2406 2846 est,
2456 2784 2914 2836 resurrecturum
2958 2797 3441 2854 unumquemque
3488 2784 3802 2853 contendit,

2155 2873 2271 2912 non
2302 2861 2388 2914 est
2417 2873 2552 2914 cum
2583 2859 2682 2914 illo
2719 2860 3006 2917 laboriosa
3035 2862 3492 2919 contradictione
3533 2878 3804 2935 pugnan-

2154 2937 2318 2992 dum.

2152 3097 2384 3154 CAPUT
2414 3099 2583 3156 XVIl.
2617 3132 2684 3141 —
2715 3102 2795 3157 An
2842 3104 2899 3157 in
2931 3118 3028 3159 mo
3056 3117 3192 3159 sexu
3234 3103 3610 3160 resuscitanda
3646 3111 3806 3176 atque

2470 3197 2742 3240 mansura
2768 3183 2880 3240 sint
2906 3200 3136 3256 corpora
3157 3187 3515 3256 feminarum.

2222 3318 2502 3374 Nonnulli
2533 3325 2767 3392 propter
2796 3321 2905 3378 hoc
2937 3323 3093 3393 quod
3125 3323 3342 3379 dictum
3375 3328 3487 3390 est,
3520 3324 3697 3380 Donec
3724 3340 3803 3381 oc-

2150 3413 2438 3452 curramus
2466 3415 2649 3454 o-mnes
2678 3399 2698 3434 ί
2732 3403 2789 3454 in
2820 3404 3002 3455 virum
3034 3406 3355 3470 perfectum,
3386 3405 3446 3457 in
3485 3419 3802 3460 mensuram

2150 3476 2331 3533 (elatis
2352 3478 2723 3547 plenitudinis
2756 3479 2960 3534 Christi
2992 3481 3201 3549 (Ephes.
3224 3497 3302 3546 iv,
3337 3482 3465 3551 l3);
3499 3487 3804 3551 et,confor.

2150 3573 2264 3610 mes
2293 3557 2560 3625 imaginis
2588 3558 2731 3613 Filii
2752 3559 2848 3611 Dei
2869 3574 2890 3618 ,ο
2921 3574 3027 3612 nec
3056 3559 3115 3612 in
3148 3575 3284 3613 sexu
3325 3560 3570 3615 femineo
3603 3578 3803 3616 resur-

2152 3639 2416 3692 recturas
2439 3638 2682 3692 feminas
2714 3639 2980 3702 credunt,
3004 3637 3108 3693 sed
3139 3639 3196 3693 in
3227 3639 3376 3693 virili
3400 3657 3604 3697 omnes
3636 3643 3802 3696 aiunt

2152 3715 2249 3785 (a),
2271 3718 2543 3782 quoniam
2577 3717 2730 3772 Deus
2762 3716 2952 3772 solum
2985 3718 3165 3774 virum
3196 3721 3329 3774 fecit
3353 3735 3421 3775 ex
3451 3719 3609 3786 limo,
3638 3722 3803 3776 femi-

2153 3815 2287 3853 nam
2321 3813 2388 3852 ex
2415 3798 2554 3853 viro.
2587 3800 2691 3854 Sed
2728 3797 2870 3852 mihi
2905 3799 3113 3854 melius
3143 3815 3346 3869 sapere
3374 3800 3664 3869 videntur,
3699 3802 3800 3872 qui

2153 3887 2468 3949 utrumque
2490 3894 2691 3933 sexum
2726 3883 3188 3934 resurrecturum
3212 3894 3340 3934 esse
3372 3897 3485 3935 non
3510 3881 3798 3936 dubitant.

2152 3958 2278 4014 Non
2311 3960 2464 4014 enim
2490 3958 2668 4014 libido
2701 3959 2780 4014 ibi
2814 3959 3078 4030 erit,qute
3110 3959 3469 4016 confusionis
3493 3966 3798 4017 estcausa.

2152 4038 2297 4094 Nam
2355 4039 2694 4110 priusquam
2746 4046 3104 4110 peccassent,
3159 4041 3296 4095 nudi
3345 4044 3530 4108 erant,
3582 4047 3640 4096 et
3688 4057 3804 4096 non

2154 4120 2663 4176 confundebantur
2693 4121 2779 4175 vir
2807 4125 2863 4175 et
2895 4121 3129 4176 femina.
3164 4123 3514 4192 Corporibus
3563 4139 3699 4195 ergo
3732 4122 3803 4178 ila-

2155 4199 2227 4254 lis
2273 4199 2412 4255 vitia
2458 4201 2854 4268 detrahentur,
2900 4209 3110 4256 natura
3156 4202 3506 4257 servabitur.
3547 4201 3670 4258 Non
3712 4206 3803 4257 est

2155 4286 2347 4336 autem
2387 4281 2589 4336 vitium
2641 4297 2817 4336 sexus
2870 4281 3157 4337 femineus
3192 4299 3205 4336 :
3240 4282 3339 4338 sed
3390 4286 3599 4336 natura
3631 4298 3644 4335 :
3679 4296 3808 4351 quin

2153 4368 2294 4418 tunc
2338 4361 2575 4433 quidem
2610 4367 2669 4416 et
2699 4379 2731 4417 a
2778 4363 3092 4417 concubitu
3144 4367 3258 4418 eta
3303 4367 3471 4434 partu
3524 4362 3807 4417 immunis

2153 4445 2293 4498 erit:
2319 4451 2484 4499 erunt
2516 4447 2710 4498 tamen
2741 4444 3003 4500 membra
3035 4444 3302 4508 feminea,
3328 4460 3440 4499 non
3474 4458 3805 4500 accommo-

2153 4523 2290 4578 data
2320 4523 2450 4578 usui
2493 4523 2692 4590 veteri,
2725 4524 2825 4578 sed
2860 4524 3052 4580 decori
3086 4541 3253 4592 novo,
3279 4541 3394 4596 quo
3427 4541 3540 4580 non
3580 4523 3804 4580 allicia-

2151 4606 2250 4658 tur
2277 4602 2617 4673 aspicientis
2657 4603 3150 4675 concupiscentia,
3183 4622 3309 4675 quae
3342 4604 3502 4660 nulla
3541 4606 3668 4670 erit,
3703 4604 3804 4659 sed

2151 4683 2251 4738 Dei
2277 4682 2550 4738 laudetur
2579 4684 2866 4754 sapientia
2892 4689 3064 4755 atque
3090 4684 3419 4751 clementia,
3444 4683 3540 4754 qui
3572 4693 3626 4738 et
3647 4683 3802 4752 quod

2155 4780 2266 4818 non
2299 4768 2422 4819 erat
2453 4763 2606 4829 fecit,
2632 4768 2690 4818 et
2719 4763 2985 4820 liberavit
3007 4781 3035 4818 a
3069 4764 3440 4832 corruptione
3463 4764 3613 4830 quod
3648 4761 3799 4815 fecit.

2153 4843 2225 4898 Ut
2253 4844 2409 4899 enim
2456 4844 2515 4898 in
2546 4844 2779 4898 exordio
2823 4843 3050 4911 generis
3095 4841 3334 4896 humani
3368 4841 3439 4894 de
3472 4842 3648 4894 latere
3694 4837 3802 4894 viri

2153 4923 2498 4979 dormientis
2547 4930 2701 4978 costa
2733 4923 2990 4976 detracta
3036 4921 3253 4976 femina
3293 4922 3472 4987 fieret,
3504 4918 3802 4974 Christum

2151 5007 2209 5058 et
2239 5002 2554 5057 Ecclesiam
2604 5001 2705 5056 tali
2740 5003 2883 5055 facto
2908 5002 3028 5071 jam
3081 5004 3223 5055 tunc
3255 4999 3582 5072 prephelari
3628 5015 3805 5070 opor-

2153 5081 2326 5138 tebat.
2349 5086 2530 5151 Sopor
2561 5081 2777 5152 quippe
2807 5079 2906 5136 ille
2936 5081 3041 5136 viri
3073 5079 3225 5148 (Gen.
3257 5097 3317 5149 ii,
3347 5080 3458 5149 2t),
3491 5096 3650 5135 mors
3679 5082 3805 5134 erat

2153 5162 2366 5218 Christi
2398 5163 2493 5234 (b),
2518 5164 2688 5234 cujus
2717 5163 3002 5219 exanimis
3033 5162 3092 5217 in
3122 5179 3292 5219 cruce
3324 5159 3629 5232 pendentis
3654 5157 3805 5214 latus

2220 5311 2237 5381 ξ
2274 5307 2368 5381 ilic
2414 5307 2470 5355 in
2521 5308 2636 5357 sola
2696 5306 2927 5357 editione
2960 5307 3085 5356 Lov.
3133 5307 3362 5363 additur,
3418 5306 3476 5353 in
3527 5303 3804 5353 unitatem

2153 5369 2304 5493 ﬁci?)
2342 5434 2540 5483 Auctor
2580 5434 2661 5482 est
2718 5433 3090 5496 Hieronymus,
3149 5432 3382 5493 Epistola
3442 5431 3509 5496 ad
3562 5429 3808 5496 Pamma-

2157 5489 2353 5554 chiu'm,
2384 5497 2440 5544 in
2469 5511 2530 5546 eo
2558 5510 2735 5546 errore
2764 5489 2932 5545 fuisse
2956 5489 3246 5555 Origenem.
3289 5492 3534 5540 Armenia
3564 5489 3808 5555 eumdem

2157 5551 2387 5608 errorem
2417 5561 2606 5608 tribuit
2635 5559 2806 5608 Guido
2835 5551 3135 5615 Carmelita,
3165 5559 3219 5606 et
3251 5556 3504 5605 vicesimo
3525 5555 3642 5604 loco
3669 5551 3810 5600 inter

2163 5634 2339 5669 eorum
2366 5635 2570 5670 errores
2603 5624 2840 5670 recenset
2889 5621 3146 5672 COOUAEDS.

2229 5683 2292 5746 (ὁ)
2324 5684 2471 5734 Conf.
2503 5685 2595 5732 lib.
2629 5685 2659 5732 2
2687 5686 2751 5734 de
2779 5685 2907 5733 Gen.
2939 5686 3079 5733 cont.
3113 5683 3338 5732 Manich.
3371 5693 3424 5729 n.
3459 5679 3538 5731 37.

3043 5772 3434 5852 (Vingt-cinq
3446 5773 3488 5851 .)
