4134 6198
364 263 482 325 7'79

361 403 564 459 lancea
611 399 965 473 perforatum
1015 398 1125 466 est,
1157 398 1331 466 atque
1387 394 1521 452 inde
1552 395 1794 467 sanguis
1833 396 1891 450 et
1940 408 2004 447 a-

360 499 476 556 qua
505 481 775 554 proﬂuxit
806 479 987 549 (Joan.
1020 493 1138 544 xxx,
1167 477 1260 548 34)
1294 493 1309 532 :
1344 493 1470 548 quae
1519 478 2004 556 sacramentaes-

1421 259 1522 319 DE
1561 256 1935 320 CIVITATE
1979 254 2133 322 DEI,
2185 254 2246 314 S.
2293 255 2722 318 AUGUSTINI

3646 262 3778 322 780

2115 407 2248 446 men
2281 391 2468 446 eidem
2510 389 2738 463 corpori
2787 390 3093 458 accedunt,
3127 391 3263 448 dum
3296 390 3624 450 aedificatur
3669 394 3779 451 Eo-

2113 469 2306 538 clesia,
2331 471 2424 526 cui
2455 471 2691 540 dicitur,
2728 473 2823 527 Vos
2841 475 3025 526 autem
3054 471 3188 527 estis
3218 488 3414 544 corpus
3465 475 3698 544 Christi,
3723 484 3778 534 et

356 551 420 618 se
450 551 736 628 novimus,
768 559 984 630 quibus
1033 557 1348 613 aediﬁcatur
1389 557 1660 614 Ecclesia.
1703 557 1847 612 Nam
1897 552 2007 608 hoc
2111 552 2358 607 membra
2397 552 2444 621 (t
2469 553 2592 607 Cor.
2618 552 2850 622 xu,27).
2873 551 3126 620 Etalibi,
3150 553 3258 607 Pro
3286 569 3532 625 corpore,
3556 555 3774 628 inquit,

353 644 527 699 etiam
572 643 746 697 verbo
802 640 1099 710 Scriptura
1146 655 1251 694 usa
1304 643 1414 702 est,
1459 639 1556 694 ubi
1608 655 1722 694 non
1770 635 2000 704 legitur,

349 722 661 785 Formavit,
695 724 795 776 aut
825 720 1014 775 Finxit
1047 736 1062 785 ;
1095 718 1218 784 sed,
1252 718 1574 787 rEdiﬁcavit
1617 735 1738 774 eam
1780 715 1840 771 in
1872 730 2001 768 mu-

350 803 543 859 lierem
578 800 732 872 (Gen.
756 817 820 867 II,
849 800 942 870 22)
969 815 982 854 :
1013 799 1168 854 unde
1201 803 1256 854 et
1305 799 1614 870 Apostolus
1663 795 2000 852 aedificatio.

345 898 478 938 nem
509 881 652 938 dicit
676 880 933 951 corporis
975 878 1192 936 Christi
1225 879 1442 949 (Ephes.
1476 897 1549 949 IV,
1587 879 1690 948 12),
1725 876 1879 949 quod
1913 877 2002 930 est

345 963 622 1019 Ecclesia.
655 961 927 1017 Creatura
973 967 1060 1016 est
1090 976 1218 1031 ergo
1258 960 1358 1015 Dei
1395 961 1630 1026 femina,
1664 959 1818 1015 sicut
1865 956 1950 1010 vir
1981 972 1995 1010 :

349 1044 450 1100 sed
482 1047 546 1098 ut
578 1044 648 1098 de
677 1041 803 1097 viro
852 1042 1033 1107 fieret,
1071 1040 1264 1095 unitas
1315 1040 1726 1095 commendata
1757 1055 1771 1105 ;
1808 1041 1873 1091 ut
1903 1052 2001 1090 au-

343 1127 462 1179 tem
485 1122 586 1179 illo
612 1122 780 1178 modo
813 1121 994 1186 fieret,
1025 1120 1315 1185 Christus,
1341 1125 1406 1175 ut
1435 1120 1649 1174 dictum
1682 1121 1869 1183 est,et
1896 1114 2001 1170 Ec-

341 1204 519 1262 clesia
559 1203 804 1276 ﬁgurata
833 1209 940 1258 est.
973 1203 1080 1268 Qui
1110 1217 1246 1272 ergo
1292 1211 1600 1272 utrumque
1630 1216 1831 1256 sexum
1881 1199 1998 1254 ins-

340 1285 522 1352 tituit,
577 1288 890 1354 utrumque
938 1283 1215 1338 restituet.
1253 1283 1511 1354 Denique
1569 1287 1627 1337 et
1665 1282 1786 1353 ipse
1834 1279 1998 1335 Jesus

339 1365 734 1437 interrogatus
765 1382 798 1420 a
829 1362 1178 1429 Sadducasis,
1213 1363 1312 1433 qui
1362 1364 1656 1434 negabant
1704 1375 1996 1417 resurrec—

339 1445 580 1514 tionem,
604 1446 772 1514 cujus
805 1448 1030 1515 septem
1065 1443 1309 1498 fratrum
1341 1444 1452 1499 erit
1493 1459 1654 1506 uxor,
1677 1457 1849 1513 quam
1883 1440 2000 1494 sin-

343 1526 465 1597 guli
495 1527 850 1590 habuerunt,
883 1525 1020 1580 dum
1061 1525 1312 1595 quisque
1344 1539 1544 1580 eorum
1591 1523 1765 1580 vellet
1794 1521 2001 1577 defun-

336 1606 414 1659 cti
445 1622 668 1671 semen,
702 1606 855 1660 sicut
888 1605 999 1659 Lex
1041 1611 1406 1674 praeceperat,
1438 1604 1726 1659 excitare:
1762 1601 1996 1663 Erratis,

335 1685 552 1755 inquit,
599 1684 903 1740 nescientes
968 1683 1302 1753 Scripturas,
1354 1700 1529 1755 neque
1577 1685 1838 1738 virtutem
1895 1681 1999 1736 Dei

333 1765 542 1835 (Matth.
577 1781 718 1832 xxn,
749 1764 861 1835 29).
897 1763 964 1817 Et
1002 1780 1135 1817 cum
1187 1762 1351 1818 locus
1385 1768 1538 1818 esset
1567 1763 1609 1830 ί,
1644 1768 1707 1818 ut
1754 1762 1991 1826 diceret,

333 1845 416 1900 De
446 1860 559 1916 qua
607 1845 762 1900 enim
798 1860 890 1899 me
937 1844 1332 1914 interrogatis,
1364 1845 1450 1898 vir
1478 1844 1590 1898 erit
1635 1843 1811 1898 etiam
1844 1844 1990 1914 ipsa,
2038 1885 2045 1889 .

334 1943 451 1981 non
483 1925 694 1980 mulier
726 1941 740 1993 ;
774 1940 887 1980 non
938 1923 1046 1978 hoc
1077 1924 1258 1978 dixit:
1294 1925 1393 1978 sed
1428 1924 1593 1991 dixit,
1625 1925 1686 1979 In
1717 1938 1990 1978 resurrec-

333 2009 480 2061 tione
523 2007 674 2060 enim
713 2020 891 2073 neque
931 2004 1155 2069 nubent,
1197 2019 1370 2073 neque
1411 2019 1609 2058 uxores
1643 2003 1863 2068 durent,
1897 2004 1992 2059 sed

330 2089 462 2139 sunt
488 2087 630 2140 sicut
655 2085 848 2152 Angeli
881 2084 974 2138 Dei
999 2085 1058 2138 in
1087 2084 1397 2152 caeloUbid.
1431 2084 1542 2154 30).
1566 2085 1842 2154 Equates
1877 2085 1987 2137 uti-

330 2182 442 2236 que
471 2163 710 2237 Angelis
739 2163 1182 2218 immortalitate
1214 2180 1277 2217 ac
1311 2163 1608 2229 felicitate,
1635 2181 1748 2219 non
1781 2175 1986 2218 carne:

329 2249 480 2302 sicut
511 2261 617 2301 nec
648 2245 1214 2314 resurrectione,qua
1244 2261 1359 2299 non
1391 2245 1771 2316 indiguerunt
1799 2245 1986 2314 Ange-

327 2325 405 2394 li;
439 2325 717 2398 quoniam
753 2341 856 2380 nec
889 2325 1032 2380 mori
1063 2329 1398 2395 potuerunt.
1431 2325 1682 2396 Nuptias
1714 2339 1849 2395 ergo
1880 2323 1988 2379 Do-

325 2405 523 2461 minus
570 2407 802 2461 futuras
850 2405 1081 2476 negavit
1110 2420 1241 2459 esse
1279 2403 1340 2459 in
1385 2405 1833 2474 resurrectione,
1867 2419 1984 2460 non

326 2487 572 2544 feminas
606 2503 620 2541 :
653 2491 710 2542 et
738 2487 819 2542 ibi
853 2488 1105 2557 negavit,
1142 2486 1240 2541 ubi
1273 2485 1409 2541 talis
1443 2486 1688 2556 quaestio
1718 2487 1982 2540 verteba-

325 2577 439 2639 tur,
465 2575 526 2625 ut
554 2585 680 2626 eam
706 2573 911 2641 negato
935 2585 1074 2624 sexu
1109 2567 1376 2624 muliebri
1401 2567 1677 2624 celeriore
1702 2566 1982 2622 facilitate

324 2653 690 2718 dissolveret,
723 2653 772 2707 si
803 2667 938 2706 eum
970 2650 1049 2705 ibi
1097 2652 1481 2722 praenosceret
1513 2665 1628 2704 non
1663 2649 1926 2703 futurum
1961 2662 1977 2704 :

320 2733 440 2788 imo
464 2734 640 2789 etiam
673 2734 933 2787 futurum
966 2747 1094 2788 esse
1143 2731 1390 2787 ﬁrmavit
1418 2730 1688 2797 dicendo,
1724 2731 1838 2786 Non
1873 2746 1978 2785 nu-

325 2812 469 2878 bent,
504 2813 660 2881 quod
697 2815 765 2867 ad
802 2811 1046 2867 feminas
1097 2814 1339 2881 pertinet
1372 2827 1386 2878 ;
1419 2825 1594 2881 neque
1639 2826 1840 2866 uxores
1870 2809 1981 2864 du-

323 2898 462 2959 cent,
490 2893 641 2961 quod
666 2895 738 2946 ad
767 2894 941 2958 viros,
965 2893 1145 2946 Erunt
1166 2909 1321 2964 ergo,
1346 2907 1468 2962 quas
1491 2892 1577 2946 vel
1629 2893 1847 2959 nubere
1886 2891 1980 2946 hic

324 2970 534 3039 solent,
567 2971 652 3026 vel
684 2975 894 3027 ducere
927 2989 1135 3028 uxores
1167 2989 1182 3028 :
1217 2975 1316 3028 sed
1352 2973 1430 3027 ibi
1467 2972 1576 3028 hoc
1609 2991 1722 3028 non
1745 2972 1975 3029 facient.

322 3133 556 3192 CAPUT
587 3133 788 3189 XVIlI.
821 3163 887 3173 —
918 3134 994 3187 De
1041 3134 1158 3187 viro
1206 3134 1465 3202 perfecto,
1498 3132 1555 3186 id
1610 3138 1688 3188 est
1738 3131 1975 3198 Christo,

390 3224 440 3273 et
470 3231 691 3350 coipore
739 3213 873 3283 ejus,
907 3211 966 3268 id
993 3217 1072 3268 est
1103 3213 1363 3281 Ecclesia,
1395 3226 1515 3283 quae
1544 3221 1620 3268 est
1650 3213 1825 3283 ipsius
1854 3211 1977 3280 ple-

389 3296 516 3352 nitu
553 3311 605 3352 ο.

388 3434 640 3490 Proinde
670 3432 820 3503 quod
857 3431 934 3486 ait
966 3429 1295 3501 Apostolus,
1330 3445 1675 3484 occursuros
1706 3445 1813 3484 nos
1845 3444 1970 3484 om-

318 3531 424 3571 nes
455 3515 513 3570 in
546 3513 732 3569 virum
785 3513 1125 3583 perfectum,
1157 3511 1332 3565 totius
1381 3509 1536 3580 ipius
1581 3510 1972 3565 circumstan-

319 3594 460 3649 tiam
490 3592 754 3649 lectionis
786 3592 1152 3647 considerare
1183 3589 1488 3656 debemus,
1521 3605 1643 3658 quae
1674 3589 1756 3644 ita
1785 3605 1848 3644 se
1874 3587 1974 3643 ha-

315 3675 414 3730 bet
447 3691 460 3728 :
495 3675 605 3741 Qui
648 3671 953 3739 descendit,
987 3671 1193 3741 inquit,
1222 3669 1340 3739 ipse
1385 3673 1466 3724 est
1493 3679 1545 3724 et
1575 3672 1671 3740 qui
1717 3668 1970 3724 ascendit

314 3770 476 3823 super
504 3769 686 3808 omnes
713 3753 896 3817 caelos,
929 3756 988 3806 ut
1017 3751 1342 3820 adimpleret
1387 3751 1599 3806 omnia.
1635 3751 1697 3804 Et
1734 3751 1850 3820 ipse
1877 3747 1973 3804 de-

315 3834 394 3888 dit
421 3833 678 3904 quosdam
731 3833 950 3904 quidem
992 3832 1287 3902 Apostolos,
1319 3829 1580 3901 quosdam
1619 3839 1801 3885 autem
1830 3832 1966 3884 Pro~

309 3913 520 3984 phetas,
552 3913 814 3984 quosdam
861 3927 986 3966 vero
1031 3912 1427 3980 Evangetistas,
1477 3909 1738 3980 quosdam
1789 3914 1971 3964 autem

313 4002 562 4063 pastores
590 4004 640 4048 et
667 3992 1005 4058 doctores,ad
1025 3992 1550 4046 consummationem
1567 3988 1971 4054 sanctorum,in

315 4092 450 4146 opus
497 4077 816 4141 ministerii,
878 4075 936 4127 in
979 4073 1405 4140 aediﬁcationem
1447 4071 1693 4141 corporis
1745 4072 1967 4145 Christi,

313 4157 482 4210 donec
511 4169 870 4210 occurramus
902 4169 1086 4207 omnes
1117 4153 1174 4207 in
1217 4154 1491 4206 unitatem
1522 4151 1669 4219 ﬁdei,
1701 4157 1750 4206 et
1799 4150 1972 4218 agni-

317 4237 518 4290 tionem
577 4234 708 4289 Filii
759 4233 880 4300 Dei,
913 4235 972 4288 in
1015 4235 1200 4288 virum
1254 4234 1582 4301 perfectum,
1637 4233 1696 4284 in
1741 4246 1970 4285 mensu-

311 4331 435 4370 ram
489 4317 672 4370 aztatis
729 4312 1094 4383 plenitudinis
1154 4312 1407 4365 Christi:
1439 4316 1499 4364 ut
1531 4312 1678 4365 ultra
1733 4326 1843 4364 non
1893 4311 1968 4363 si-

311 4409 435 4447 mus
461 4395 704 4462 parvuli,
728 4395 931 4462 jactati
979 4401 1031 4446 et
1074 4391 1388 4446 circumlati
1436 4393 1587 4445 omni
1627 4398 1781 4446 vento
1837 4389 1967 4445 doc-

314 4475 500 4538 trinae,
533 4472 594 4526 in
635 4471 896 4525 illusione
934 4472 1241 4536 hominum,
1274 4468 1336 4523 in
1364 4471 1570 4524 astutia
1593 4471 1611 4504 ²
1643 4470 1713 4525 ad
1761 4470 1969 4526 machi-

312 4555 598 4611 nationem
628 4555 832 4608 erroris
865 4570 884 4608 :
917 4555 1201 4608 veritatem
1231 4554 1418 4607 autem
1445 4554 1710 4621 facientes
1752 4557 1812 4610 in
1841 4555 1969 4611 cha-

312 4635 482 4691 ritate
527 4650 831 4704 augeamur
869 4635 928 4690 in
977 4634 1075 4689 illo
1129 4649 1232 4704 per
1264 4635 1471 4704 omnia,
1529 4637 1626 4704 qui
1680 4643 1758 4690 est
1806 4645 1970 4707 caput

316 4716 563 4774 Christus
577 4733 598 4780 ;
629 4731 698 4772 ea:
727 4731 830 4787 quo
861 4719 1036 4772 totum
1063 4731 1259 4785 corpus
1284 4729 1608 4784 connexum,
1634 4724 1684 4772 et
1714 4731 1968 4786 compac-

311 4804 433 4854 tum
463 4814 566 4868 per
593 4813 805 4852 omnem
838 4801 1046 4852 tactum
1084 4796 1638 4862 subministrationis,
1670 4796 1966 4851 secundum

311 4880 683 4950 operationem
728 4878 793 4932 in
820 4893 1136 4934 mensuram
1173 4875 1612 4948 uniuscujusque
1645 4879 1843 4949 partis,
1873 4878 1962 4932 in-

311 4964 643 5015 crementum
701 4961 938 5030 corporis
979 4957 1119 5028 facit
1163 4957 1223 5012 in
1272 4957 1694 5029 aediﬁcationem
1739 4960 1852 5026 sui,
1900 4958 1964 5014 in

311 5040 578 5096 charitate
608 5039 818 5111 (Ephes.
853 5056 930 5110 ιν,
956 5039 1171 5109 10-16).
1207 5039 1348 5094 Ecce
1379 5040 1479 5111 qui
1508 5044 1593 5095 est
1625 5041 1710 5095 vir
1741 5041 1961 5110 perfec-

312 5126 427 5189 tus,
461 5126 638 5191 caput
667 5125 722 5174 et
754 5135 985 5189 corpus,
1019 5120 1176 5190 quod
1217 5124 1443 5174 constat
1474 5122 1747 5175 omnibus
1780 5139 1962 5179 mem-

313 5201 454 5269 bris,
490 5217 615 5271 que:
648 5216 753 5255 suo
783 5204 1047 5270 tempore
1077 5199 1544 5269 complebuntur.
1580 5201 1842 5264 Quotidie
1873 5208 1961 5257 ta-

381 5515 398 5550 ί
430 5513 582 5566 Vind.
616 5519 729 5565 Am.
777 5516 829 5565 et
875 5514 979 5572 En,
1002 5513 1072 5564 Et
1103 5529 1228 5563 cum
1270 5520 1436 5576 aptus
1481 5510 1630 5563 locus
1674 5521 1822 5565 esset.
1854 5515 1961 5564 Ali-

313 5589 420 5671 “2°
424 5578 996 5691 ἓῗὲῗᾱέὲἐὲιῖιπξξξᾷἵ
1003 5593 1091 5689 “ei,
1097 5587 1246 5690 “iiii;
1254 5639 1390 5690 tiam

2112 631 2249 700 ejus,
2273 633 2416 704 quod
2443 642 2520 687 est
2553 631 2793 686 Ecclesia
2821 630 3043 702 (Coloss.
3077 649 3120 700 ι,
3150 633 3258 704 24).
3293 632 3558 706 Itemque
3605 636 3768 704 alibi,

2112 713 2258 769 Unus
2280 717 2465 784 panis,
2501 729 2678 768 unum
2706 727 2900 784 corpus
2931 713 3096 768 multi
3123 729 3314 769 sumus
3343 715 3390 783 (Ι
3426 715 3546 771 Cor.
3575 734 3631 786 x,
3655 719 3766 786 l7).

2107 794 2188 850 De
2226 796 2397 865 cujus
2445 792 2705 865 corporis
2752 791 3135 850 aediﬁcatione
3164 798 3220 850 et
3250 795 3343 850 hic
3381 796 3599 852 dictum
3651 803 3763 868 est,

2107 873 2188 930 Ad
2221 875 2751 932 consummationem
2795 879 3130 942 sanctorum,
3163 877 3219 930 in
3263 892 3398 947 opus
3435 878 3763 948 ministerii,

2107 953 2166 1008 in
2193 956 2614 1025 aediﬁcationem
2646 956 2891 1026 corporis
2923 953 3152 1023 Christi,
3187 971 3251 1010 ac
3282 955 3497 1013 deinde
3528 959 3766 1031 subjec—

2105 1037 2230 1090 tum
2265 1038 2416 1092 unde
2447 1053 2603 1091 nunc
2633 1036 2880 1108 agimus,
2907 1035 3081 1090 Donec
3102 1051 3454 1092 occurramus
3483 1056 3672 1095 omnes
3701 1041 3766 1096 in

2104 1117 2374 1172 unitatem
2402 1117 2553 1188 ﬁdei,
2576 1124 2630 1172 et
2659 1115 3014 1190 agnitionem
3035 1115 3168 1171 Filii
3197 1116 3314 1186 Dei,
3339 1121 3396 1173 in
3431 1121 3612 1176 virum
3641 1137 3760 1192 per-

2103 1199 2326 1268 fectum,
2359 1196 2420 1252 in
2450 1213 2768 1253 mensuram
2812 1195 2999 1254 aetatis
3036 1197 3402 1268 plenitudinis
3451 1199 3680 1269 Christi,
3712 1208 3767 1257 et

2106 1280 2311 1334 caetera
2345 1292 2360 1345 ;
2394 1279 2576 1334 donec
2625 1276 2824 1332 eadem
2859 1291 3133 1332 mensura
3163 1276 3223 1332 in
3257 1293 3494 1349 corpore
3539 1279 3766 1337 intelli-

2105 1357 2292 1430 genda
2323 1364 2497 1426 esset,
2533 1358 2882 1426 ostenderet,
2922 1357 3122 1414 dicens
3157 1373 3171 1413 ί
3203 1357 3519 1429 Augeamur
3564 1363 3626 1416 in
3658 1361 3765 1418 illo

2102 1454 2202 1507 per
2231 1437 2436 1509 omnia,
2459 1440 2556 1510 qui
2583 1445 2660 1493 est
2691 1446 2862 1509 caput
2891 1437 3181 1500 Christus;
3210 1454 3280 1493 ex
3298 1454 3403 1511 quo
3433 1443 3606 1496 totum
3636 1458 3762 1498 cor-

2098 1533 2202 1589 pus
2229 1533 2553 1588 connexum,
2586 1521 2635 1572 et
2663 1525 3001 1588 compactum
3024 1532 3124 1588 per
3151 1533 3363 1573 omnem
3392 1528 3598 1575 tactum
3627 1521 3756 1576 sub-

2103 1596 2558 1666 ministrationis,
2587 1597 2883 1652 secundum
2927 1597 3301 1668 operationem
3331 1597 3390 1653 in
3437 1616 3759 1658 mensuram

2101 1678 2532 1749 uniuscujusque
2559 1679 2751 1748 partis.
2783 1677 2938 1732 Sicut
2968 1681 3052 1732 est
3081 1693 3217 1749 ergo
3253 1693 3523 1735 mensura
3551 1683 3754 1738 unius-

2101 1759 2388 1828 cujusque
2420 1759 2599 1828 partis
2631 1777 2645 1826 ;
2680 1759 2761 1812 ita
2792 1758 2963 1812 totius
2993 1757 3266 1827 corporis,
3302 1760 3454 1830 quod
3479 1761 3758 1818 omnibus

2101 1838 2226 1893 suis
2249 1839 2512 1908 partibus
2545 1842 2790 1903 constat,
2824 1842 2914 1892 est
2947 1839 3146 1909 utique
3177 1854 3448 1895 mensura
3494 1841 3758 1912 plenitu-

2101 1918 2277 1986 dinis,
2300 1919 2368 1972 de
2399 1934 2516 1989 qua
2554 1918 2774 1974 dictum
2809 1922 2899 1973 est
2932 1920 3035 1974 :In
3065 1935 3382 1974 mensuram
3422 1921 3604 1977 etatis
3631 1924 3755 1994 ple-

2099 1999 2373 2053 nitudinis
2422 1999 2647 2054 Christi.
2699 2000 2882 2064 Quam
2945 1999 3368 2070 plenitudinem
3431 2003 3604 2059 etiam
3654 2003 3756 2060 illo

2103 2081 2584 2135 commemoravit
2632 2079 2778 2146 loco,
2815 2080 2913 2135 ubi
2947 2081 3029 2135 ait
3058 2080 3129 2136 de
3164 2080 3388 2138 Christo
3423 2099 3436 2136 :
3472 2084 3541 2138 Et
3573 2083 3759 2156 ipsum

2096 2160 2244 2215 dedit
2289 2170 2450 2230 caput
2480 2176 2646 2231 super
2694 2159 2879 2215 omnia
2911 2161 3168 2218 Ecclesia
3196 2161 3237 2230 ¹,
3270 2178 3387 2233 qum
3436 2171 3516 2218 est
3560 2181 3756 2235 corpus

2091 2241 2236 2312 ejus,
2268 2242 2550 2312 plenitudo
2579 2242 2714 2310 ejus,
2748 2243 2846 2312 qui
2867 2244 3054 2297 omnia
3085 2244 3144 2296 in
3175 2243 3432 2299 omnibus
3463 2244 3752 2317 impletur”

2095 2323 2305 2394 (Ephes.
2343 2341 2381 2392 ι,
2412 2324 2482 2376 22
2513 2333 2562 2378 et
2591 2323 2704 2391 23).
2744 2321 2950 2377 Verum
2983 2324 3036 2379 si
3069 2323 3173 2378 hoc
3195 2325 3265 2378 ad
3299 2327 3748 2385 resurrectionis

2093 2404 2361 2469 formam,
2393 2404 2449 2458 in
2484 2419 2596 2475 qua
2624 2405 2733 2458 erit
2782 2403 3210 2474 unusquisque,
3238 2405 3607 2462 referendum
3660 2425 3757 2465 es-

2091 2489 2220 2551 set;
2254 2483 2394 2554 quid
2428 2499 2533 2538 nos
2564 2482 2874 2555 impediret
2922 2484 3225 2539 nominato
3257 2486 3378 2541 viro
3431 2486 3753 2557 intelligere

2089 2570 2144 2620 et
2175 2564 2473 2631 feminam,
2499 2568 2564 2618 ut
2593 2562 2780 2617 virum
2816 2579 2915 2633 pro
2961 2562 3200 2619 homine
3232 2564 3487 2632 positum
3521 2569 3749 2638 accipe-

2088 2645 2330 2700 remus?
2358 2644 2522 2699 Sicut
2547 2643 2609 2698 in
2641 2660 2706 2699 eo
2739 2644 2890 2716 quod
2925 2643 3142 2699 dictum
3175 2649 3284 2712 est,
3301 2646 3502 2702 Beatus
3532 2648 3621 2702 vir
3649 2651 3746 2720 qui

2085 2727 2240 2781 timet
2283 2725 2582 2782 Dominum,
2623 2724 2796 2794 (Psal.
2831 2740 2936 2789 exr,
2972 2723 3023 2794 1)
3067 2739 3079 2778 :
3117 2724 3315 2796 utique
3356 2725 3438 2782 ibi
3487 2732 3629 2784 sunt
3685 2733 3744 2786 et

2087 2806 2340 2870 femina,
2373 2821 2496 2876 qua:
2531 2805 2739 2860 timent
2769 2804 3106 2870 Dominum,

2085 2964 2317 3021 CAPUT
2346 2962 2488 3018 XIX.
2523 2993 2590 3004 —-
2622 2963 2780 3031 Quod
2825 2963 3012 3018 omnia
3057 2963 3305 3035 corporis
3335 2964 3497 3035 vitia,
3528 2980 3655 3038 quae
3681 2965 3742 3022 in

2157 3047 2257 3100 hac
2288 3047 2398 3099 vita
2443 3044 2686 3099 humano
2732 3042 3017 3100 contraria
3061 3053 3188 3100 sunt
3227 3045 3427 3109 decori,
3464 3048 3524 3101 in
3552 3062 3742 3103 resur-

2156 3127 2396 3180 rectione
2414 3141 2521 3180 non
2553 3125 2667 3179 sint
2686 3127 2908 3194 futura,
2929 3125 3027 3179 ubi
3055 3130 3310 3184 manente
3327 3127 3584 3182 naturali
3611 3128 3743 3183 sub-

2153 3203 2449 3266 stantia.in
2483 3220 2652 3259 unam
2669 3203 3134 3275 pulchritudinem
3153 3207 3202 3261 et
3232 3204 3480 3278 qualitas
3508 3222 3745 3263 concur-

2155 3291 2240 3342 ret
2263 3294 2313 3341 et
2333 3286 2638 3357 quantitas.

2153 3433 2205 3488 1.
2238 3430 2384 3494 Quid
2413 3430 2531 3501 jam
2567 3427 2951 3499 respondeam
2983 3427 3054 3482 de
3075 3425 3304 3498 capillis
3327 3433 3501 3499 atque
3525 3427 3744 3501 ungui-

2081 3514 2193 3569 bus
2223 3513 2250 3567 ?
2279 3511 2467 3567 Semel
2513 3512 2728 3582 quippe
2773 3507 3064 3565 intellecto
3097 3508 3180 3563 ita
3216 3509 3361 3565 nihil
3409 3509 3740 3581 periturum

2083 3610 2211 3650 esse
2242 3594 2313 3648 de
2343 3608 2603 3664 corpore,
2629 3595 2691 3646 ut
2717 3589 2974 3645 deforme
3006 3589 3154 3644 nihil
3186 3589 3262 3645 sit
3292 3589 3348 3645 in
3383 3607 3643 3663 corpore,
3668 3595 3744 3651 si.

2083 3674 2197 3730 mul
2230 3673 2575 3742 intelligitur
2621 3688 2689 3726 ea
2719 3686 2846 3742 qua!
2881 3670 3199 3725 deformem
3249 3670 3470 3726 factura
3505 3673 3745 3732 fuerant

2080 3755 2510 3820 enormitatem,
2545 3769 2749 3807 massae
2783 3751 2894 3822 ipsi
2932 3767 3238 3807 accessura
3268 3767 3416 3816 esse,
3450 3769 3561 3808 non
3598 3754 3743 3812 locis

2081 3840 2140 3894 in
2174 3837 2381 3908 quibus
2416 3835 2810 3890 membrorum
2852 3835 3034 3888 forma
3065 3836 3351 3903 turpetur.
3386 3833 3559 3889 Velut
3589 3835 3639 3890 si
3671 3837 3743 3891 de

2079 3919 2221 3973 limo
2253 3935 2354 3972 vas
2385 3916 2568 3978 fieret,
2593 3915 2744 3985 quod
2780 3929 2984 3969 rursus
3019 3913 3074 3967 in
3104 3915 3376 3969 eumdem
3406 3913 3620 3970 limum
3655 3933 3743 3972 re—

2083 4000 2314 4052 dactum
2357 4001 2544 4051 totum
2578 3995 2648 4050 de
2688 3997 2804 4047 toto
2841 3993 3051 4047 iterum
3085 3993 3266 4060 fieret,
3303 4010 3417 4048 non
3450 3999 3602 4050 esset
3634 4013 3740 4052 ne-

2081 4094 2242 4133 cesse
2276 4081 2337 4131 ut
2360 4075 2460 4131 illa
2509 4091 2642 4147 pars
2671 4073 2817 4142 limi,
2851 4089 2974 4144 qua:
3007 4073 3064 4127 in
3097 4089 3242 4128 ansa
3288 4074 3492 4140 fuerat,
3526 4075 3596 4130 ad
3629 4093 3738 4130 an-

2081 4175 2206 4213 sam
2238 4158 2467 4222 rediret,
2499 4163 2595 4209 aut
2627 4171 2756 4225 quae
2806 4154 3048 4208 fundum
3103 4155 3334 4220 fecerat,
3369 4153 3497 4225 ipsa
3531 4172 3738 4212 rursus

2079 4241 2294 4294 faceret
2328 4239 2568 4292 fundum
2597 4251 2610 4302 ;
2641 4234 2780 4288 dum
2813 4239 3006 4288 tamen
3039 4237 3224 4288 totum
3260 4239 3644 4290 reverteretur
3677 4238 3738 4292 in

2079 4322 2288 4385 totum,
2331 4317 2384 4370 id
2440 4320 2550 4381 est,
2585 4319 2738 4369 totus
2769 4312 2866 4369 ille
2908 4312 3088 4367 limus
3120 4313 3178 4367 in
3211 4319 3394 4369 totum
3444 4330 3543 4369 vas
3576 4314 3741 4371 nulla

2079 4399 2172 4454 sui
2219 4398 2438 4468 perdita
2489 4399 2649 4465 parte
2692 4397 2993 4449 remearet.
3028 4393 3391 4465 Quapropter
3439 4394 3488 4449 si
3536 4395 3739 4465 capilli

2078 4478 2252 4535 toties
2282 4475 2435 4531 tonsi
2467 4489 2760 4545 unguesve
2791 4473 3007 4530 desecti
3053 4473 3124 4528 ad
3156 4473 3282 4529 loca
3313 4489 3420 4530 sua
3451 4474 3739 4531 deformi-

2080 4564 2166 4614 ter
2197 4557 2464 4624 redeunt,
2498 4571 2612 4611 non
2663 4555 2978 4610 redibunt:
3012 4569 3114 4608 nec
3146 4558 3341 4610 tamen
3391 4553 3602 4625 cuique
3645 4572 3736 4612 re-

2080 4635 2337 4708 surgenti
2395 4635 2693 4708 peribunt,
2743 4635 2875 4705 quia
2922 4634 2982 4690 in
3031 4634 3297 4691 eamdem
3355 4650 3616 4704 carnem,
3670 4639 3739 4691 ut

2080 4733 2511 4792 quemcumque
2558 4716 2639 4772 ibi
2677 4717 2871 4772 locum
2905 4717 3163 4787 corporis
3213 4721 3472 4782 teneant,
3507 4723 3736 4774 servata

2079 4799 2327 4871 partium
2359 4797 2759 4869 congruentia,
2785 4797 3042 4852 materiae
3072 4796 3463 4852 mutabilitate
3495 4801 3734 4854 verten-

2077 4883 2193 4934 tur.
2246 4877 2515 4941 Quamvis
2562 4878 2714 4948 quod
2764 4877 2844 4932 ait
2890 4876 3197 4949 Dominus,
3238 4877 3486 4948 Capillus
3529 4879 3741 4949 capitis

2078 4960 2242 5017 vestri
2260 4974 2368 5014 non
2395 4957 2600 5024 peribit
2631 4957 2786 5030 (Luc.
2809 4974 2925 5024 xm,
2958 4957 3071 5030 18),
3097 4975 3212 5015 non
3243 4959 3314 5015 de
3342 4957 3733 5031 longitudine,

2143 5263 2159 5297 ί
2216 5258 2373 5318 Editi,
2437 5273 2603 5323 super
2662 5272 2879 5307 omnem
2913 5255 3276 5323 _Eccles_iam.
3354 5256 3447 5323 At:
3489 5253 3728 5323 melioris

2074 5327 2233 5374 notae
2309 5323 2451 5376 Mss.,
2500 5318 2695 5384 imper
2758 5321 2961 5384 omnia
3030 5319 3318 5384 Ecclesiae.
3397 5319 3482 5367 Sic
3561 5318 3727 5367 etiam

2075 5387 2132 5434 in
2203 5385 2473 5434 veteribus
2501 5383 2682 5432 Bibliis
2745 5383 3169 5443 Corbeiensibus,
3202 5383 3353 5444 juxta
3426 5392 3726 5444 graecum:

2074 5451 2154 5504 ut,
2213 5448 2508 5508 Ecclesiae,
2563 5448 2633 5496 sit
2665 5447 2835 5495 dativi
2891 5459 3064 5501 casus.
3125 5443 3235 5508 non
3291 5444 3533 5508 genitivi.
3588 5443 3725 5508 Haec

2073 5511 2199 5621 ipziii
2263 5511 2419 5560 lectio
2487 5506 2568 5559 est
2640 5509 2949 5572 Hieronymi
3015 5509 3075 5557 in
3129 5507 3538 5558 Commentariis
3591 5506 3726 5568 Apo-

2076 5588 2101 5621 s
2206 5609 2217 5620 .

2076 5588 2217 5624 Βιοιι.

2133 5635 2156 5670 2
2189 5634 2276 5686 Sic
2302 5635 2424 5686 Ms.
2455 5635 2524 5685 At
2552 5633 2699 5696 editi,
2728 5633 3014 5698 sdimplet.
