4146 6198
359 322 478 386 783

357 460 485 512 tum
520 453 695 510 fuisse
730 466 829 522 per
857 448 1002 503 imos
1028 453 1278 508 meatus,
1304 444 1451 501 nihil
1485 445 1618 501 inde
1649 445 1707 500 in
1734 444 1862 514 ejus
1885 461 2004 500 car-

360 551 494 592 nem
529 539 812 589 mutatum
841 534 1014 597 atque
1052 543 1422 593 conversum,
1457 542 1592 583 cum
1626 527 1754 596 ipsa
1786 527 2002 580 macies

361 633 489 687 qua:
513 616 616 668 fuit
641 618 698 667 et
732 627 842 665 non
876 616 985 672 est,
1018 608 1160 662 satis
1185 606 1398 662 indicet
1433 624 1554 676 quae
1588 607 1704 660 illis
1735 607 1885 661 escis
1908 609 2002 687 de-

362 686 630 750 trimenta
670 695 938 760 suppleta
984 690 1104 743 sint
1131 687 1158 740 ‘I
1188 689 1317 743 Jam
1356 689 1550 757 itaque
1590 687 1784 757 aliqua
1828 686 1999 756 paulo

357 781 491 830 ante
516 771 788 842 premisi,
821 786 948 840 quae
980 772 1045 823 ad
1075 773 1253 822 istum
1277 785 1507 839 qunque
1541 769 1755 821 nodum
1782 767 2004 820 solven-

357 855 495 911 dum
527 852 714 908 valere
743 853 1060 905 debebunt.
1093 848 1383 918 Quidquid
1427 849 1577 903 enim
1612 849 1873 901 carnium
1907 863 2007 900 ex-

357 934 552 989 hausit
582 933 786 998 fames,
821 931 1015 1000 utique
1047 930 1101 983 in
1137 945 1307 983 auras
1332 935 1420 982 est
1449 928 1779 982 exhalatum
1817 942 1829 980 :
1857 927 2009 980 unde

359 1016 612 1070 diximus
644 1013 1095 1079 omnipOIentem
1132 1009 1310 1063 Deum
1358 1025 1521 1076 poese
1557 1024 1820 1062 revocare
1852 1007 2006 1077 quod

360 1097 532 1166 fugit.
566 1094 856 1149 Reddetur
889 1107 1024 1158 ergo
1052 1107 1184 1144 caro
1219 1091 1316 1142 illa
1367 1089 1612 1156 homini,
1646 1104 1703 1142 in
1738 1104 1850 1153 quo
1881 1103 2009 1140 esse

359 1193 495 1234 caro
526 1176 787 1230 humana
807 1173 1078 1242 primitus
1113 1170 1307 1240 cepit.
1339 1171 1422 1224 Ab
1450 1170 1545 1224 Illo
1578 1170 1794 1240 quippe
1827 1168 2008 1222 altero

361 1263 641 1328 tanquam
679 1261 879 1309 mutuo
902 1260 1139 1321 sumpta
1161 1253 1495 1320 deputanda
1527 1256 1616 1305 est
1646 1267 1659 1304 :
1695 1266 1822 1320 quas
1855 1250 2010 1304 sicut

362 1353 444 1394 as
471 1336 750 1400 alienum,
785 1333 833 1387 ei
884 1331 1240 1386 redhibenda
1286 1337 1397 1395 est,
1428 1331 1577 1385 unde
1609 1337 1845 1399 sumpta
1899 1337 2006 1384 est.

362 1420 480 1476 Sua
511 1433 640 1472 vero
674 1417 780 1480 illi,
814 1429 985 1484 quem
1033 1413 1213 1466 fames
1268 1411 1646 1477 exinanierat,
1699 1411 1772 1464 ab
1813 1425 1877 1462 eo
1911 1406 2008 1480 qui

359 1504 549 1568 potest
575 1497 748 1550 etiam
783 1493 1044 1548 exhalata
1077 1507 1366 1555 revocare,
1401 1491 1692 1545 reddetur.
1739 1487 2010 1551 Quamvis

359 1567 462 1635 etsi
495 1577 768 1632 omnibus
797 1574 1038 1644 perisset
1070 1574 1280 1636 modis,
1316 1588 1418 1626 nec
1443 1572 1563 1625 ulla
1580 1572 1705 1638 ejus
1739 1567 2010 1624 materies

358 1658 418 1713 in
452 1657 586 1712 ullis
639 1661 863 1710 natura)
916 1653 1152 1707 latebris
1184 1651 1582 1709 remansisset,
1619 1653 1768 1703 unde
1812 1647 2006 1715 vellet,

358 1754 485 1794 eam
520 1732 1230 1806 repararetOmnipotens.
1263 1731 1367 1785 Sed
1399 1739 1626 1800 propter
1659 1727 2007 1782 sententiam

357 1817 652 1881 Veritatis,
687 1832 803 1886 qua
825 1816 1045 1868 dictum
1077 1818 1185 1877 est,
1208 1811 1451 1881 Capillus
1475 1807 1674 1880 capitis
1706 1809 1872 1862 vestri
1900 1821 2008 1860 non

356 1899 592 1966 peribit;
625 1893 947 1951 absurdum
987 1898 1078 1947 est
1122 1897 1182 1946 ut
1242 1899 1536 1962 putemus,
1571 1906 1702 1944 cum
1749 1887 2005 1956 capillus

361 1978 620 2034 hominis
654 1975 838 2047 perire
873 1989 986 2028 non
1030 1972 1234 2043 possit,
1267 1977 1459 2025 tantas
1493 1986 1698 2025 carnes
1733 1970 1884 2024 fame
1914 1967 2010 2022 de-

363 2065 564 2132 pastas
593 2064 765 2126 atque
796 2061 1176 2122 consumptas
1200 2055 1384 2122 perire
1415 2051 1694 2132 potuisse.

430 2141 484 2194 3.
520 2139 740 2205 Quibus
771 2136 1188 2204 omnibus’pro
1222 2139 1420 2188 nostro
1466 2131 1700 2185 modulo
1737 2127 2012 2184 conside-

365 2224 507 2278 ratis
536 2229 712 2290 atque
744 2215 1024 2284 tractatis,
1057 2214 1176 2269 haec
1218 2230 1448 2267 summa
1480 2212 1804 2276 conficitur,
1851 2217 1913 2264 ut
1954 2210 2009 2263 in

367 2310 783 2358 resurrectione
813 2295 1007 2352 carnis
1039 2295 1098 2348 in
1131 2301 1408 2349 aeternum
1444 2310 1542 2347 eas
1586 2307 1887 2347 mensuras
1911 2290 2010 2344 ba-

364 2383 497 2438 beat
526 2395 829 2450 corporum
865 2377 1226 2447 magnitudo.
1261 2391 1404 2446 quas
1428 2374 1680 2428 habebat
1712 2371 2008 2442 perlicien-

366 2464 451 2518 daa
483 2463 604 2516 sive
636 2463 896 2533 perfectae
934 2457 1216 2526 cujusque
1256 2455 1441 2508 indita
1480 2453 1706 2524 corpori
1749 2454 1888 2533 ratio
1915 2451 2010 2533 ju-

365 2531 650 2603 ventutis,
674 2543 732 2595 in
763 2539 1155 2594 membrorum
1191 2551 1424 2606 quoque
1454 2535 1716 2589 omnium
1757 2531 2012 2586 modulis

367 2640 623 2693 congruo
649 2625 850 2676 decore
882 2628 1122 2673 servato.
1155 2616 1316 2680 Quod
1347 2615 1524 2670 decus
1559 2620 1622 2668 ut
1654 2621 1930 2676 servetur,
1964 2609 2013 2693 si

366 2690 588 2776 aliquid
618 2704 914 2769 demptum
961 2698 1132 2753 fuerit
1159 2697 1450 2752 indecenti
1489 2695 1661 2751 alicui
1694 2690 2014 2765 granditati

369 2785 429 2840 in
463 2791 624 2854 parte
657 2782 854 2851 aliqua
893 2780 1247 2844 constitutae,
1281 2777 1433 2848 quod
1483 2791 1584 2846 per
1629 2781 1811 2830 totum
1845 2787 2012 2844 spar-

369 2870 560 2934 gatur,
593 2868 657 2916 ut
687 2878 872 2932 neque
902 2861 955 2914 id
1003 2863 1214 2932 pereat,
1255 2863 1310 2912 et
1340 2855 1715 2927 congruentia
1764 2856 2012 2925 partium

369 2943 586 3013 ubique
616 2947 906 3010 teneatur,
929 2957 1038 2994 non
1071 2945 1157 2994 est
1183 2939 1526 3003 absurdum,
1552 2947 1610 2991 ut
1644 2935 1860 3006 aliquid
1885 2935 2017 2988 inde

367 3025 542 3079 etiam
575 3027 806 3077 staturas
837 3019 1096 3092 corporis
1127 3019 1262 3073 addi
1295 3034 1466 3088 posse
1489 3017 1800 3072 credamus
1833 3033 1847 3082 ;
1881 3029 2013 3067 cum

365 3102 639 3158 omnibus
669 3102 960 3174 partibus,
995 3104 1058 3153 ut
1105 3099 1371 3151 decorem
1423 3095 1774 3162 custodiant,
1807 3093 1860 3148 id
1887 3093 2018 3174 fdis-

363 3173 850 3252 tribuitur,iquod
904 3179 954 3234 si
1011 3177 1327 3233 enormitcr
1362 3176 1418 3229 in
1455 3193 1569 3230 una
1607 3180 1781 3236 esset,
1816 3173 2017 3244 utique

370 3279 484 3319 non
516 3264 763 3318 deceret.
797 3261 911 3314 Aut
967 3257 1014 3313 si
1062 3257 1430 3312 contenditur
1487 3256 1546 3310 in
1604 3271 1669 3310 ea
1725 3268 2020 3326 quemque

372 3341 868 3414 staturacorporis
883 3344 1346 3395 resurrecturum
1371 3353 1520 3405 esse,
1544 3336 1602 3391 in
1637 3351 1752 3407 qua
1777 3335 2020 3390 defunc-

374 3431 469 3480 tus
501 3427 609 3492 est,
642 3439 758 3478 non
807 3420 1152 3494 pugnaciter
1193 3418 1586 3474 resistendum
1619 3423 1708 3471 est
1741 3433 1755 3484 ;
1787 3420 2018 3471 tantum

376 3506 524 3562 absit
556 3505 748 3560 omnis
805 3503 1168 3568 deformitas,
1202 3499 1395 3556 omnis
1449 3497 1784 3566 infirmitas,
1828 3495 2021 3552 omnis

372 3582 948 3654 tarditas,omnisque
961 3597 1123 3638 corru
1136 3581 1334 3652 ptio,et
1353 3580 1397 3633 si
1416 3578 1553 3649 quid
1571 3576 1727 3632 aliud
1747 3576 1886 3631 illud
1907 3590 2021 3630 non

376 3668 539 3724 decet
562 3683 828 3738 regnum,
862 3668 919 3722 in
952 3681 1065 3736 quo
1097 3658 1539 3717 resurrectionis
1579 3664 1636 3713 et
1685 3657 2024 3728 promissio-

375 3751 468 3803 nis
499 3748 603 3802 ftlii
635 3747 877 3818 aequales
903 3749 1074 3801 erunt
1105 3741 1345 3814 Angelis
1376 3740 1498 3809 Dei,
1541 3739 1588 3794 si
1621 3756 1733 3794 non
1767 3753 2022 3810 corpore,

376 3844 494 3884 non
523 3833 710 3897 estate,
742 3833 893 3884 certe
922 3825 1215 3882 felicitate.

376 3987 610 4046 CAPUT
651 3986 791 4044 XXI.
823 4017 891 4027 —
925 3985 996 4040 De
1025 3983 1270 4039 novitate
1315 3980 1564 4051 corporis
1601 3978 1933 4052 spiritualis,
1968 3979 2028 4033 in

695 4083 859 4142 quam
889 4075 1206 4122 sanctorum
1233 4078 1358 4119 caro
1387 4061 1715 4117 mutabitur.

455 4208 810 4265 Restituetur
839 4221 978 4278 ergo
1009 4208 1065 4261 et
1087 4201 1371 4275 quidquid
1402 4201 1470 4256 de
1501 4195 2029 4278 corporibusvivis,

383 4290 468 4346 vel
503 4295 629 4360 post
661 4275 1001 4343 mortemvde
1015 4283 1392 4339 cadaveribus
1415 4281 1604 4360 periit,
1623 4275 1868 4360 etsimul
1896 4290 2031 4330 cum

384 4386 451 4425 eo
491 4356 640 4436 quod
699 4368 760 4420 in
791 4366 1073 4435 sepulcris
1123 4363 1424 4423 remansit,
1456 4359 1513 4411 in
1546 4356 1872 4427 spiritualis
1904 4371 2032 4410 cor-

386 4449 547 4518 poris
605 4449 919 4500 novitatcm
976 4459 1046 4496 ex
1103 4439 1372 4495 animalis
1429 4437 1705 4518 corporis
1751 4439 2035 4518 vetustate

385 4515 670 4582 mutatum
714 4528 992 4595 resurget,
1027 4519 1459 4590 incorruptione
1493 4527 1663 4587 atque
1696 4515 2036 4572 immortali-

383 4611 504 4663 tate
542 4605 840 4662 vestitum.
875 4604 983 4658 Sed
1034 4600 1142 4656 etsi
1197 4600 1284 4655 vel
1317 4615 1456 4653 casu
1497 4597 1693 4668 aliquo
1738 4597 1898 4668 gravi
1948 4595 2036 4649 vel

384 4687 757 4744 inimicorum
788 4683 1156 4740 immanitate
1206 4686 1392 4735 totum
1443 4679 1673 4750 penitus
1704 4682 2038 4731 conteratur

384 4770 441 4825 in
474 4766 789 4838 pulverem,
811 4764 1061 4835 atquein
1084 4779 1258 4817 auras
1284 4760 1367 4815 vel
1401 4761 1457 4814 in
1492 4773 1677 4838 aquas
1706 4757 2034 4838 dispersum

388 4833 672 4920 quantum
709 4847 832 4902 ﬁeri
866 4833 1078 4916 potest,
1114 4856 1407 4913 nusquam
1437 4855 1561 4893 esse
1583 4836 1821 4920 sinatur
1850 4833 2038 4920 omni-

390 4914 486 4993 no,
519 4926 677 4981 nullo
710 4914 881 4980 modo
914 4923 1176 4979 subtrahi
1208 4915 1874 4993 poteritomnipotentiaa
1898 4914 2038 4968 Cre-

388 5006 693 5071 atoris,sed
726 5004 972 5075 capillus
1003 5006 1059 5058 in
1085 5019 1150 5058 eo
1171 5002 1379 5072 capitis
1396 5016 1506 5056 non
1532 4995 1887 5069 peribit.Erit
1907 5008 2038 5064 ergo

391 5086 619 5160 spiritui
650 5085 881 5141 subdita
927 5099 1060 5138 caro
1109 5082 1452 5152 spiritualis,
1486 5079 1600 5160 sed
1637 5083 1834 5160 tamen
1884 5090 2036 5160 caro,

394 5155 508 5224 n—on
540 5167 783 5238 spiritus
817 5181 829 5219 :
867 5167 1022 5220 sicut
1039 5163 1201 5218 carni
1234 5161 1506 5216 subditus
1527 5158 1885 5239 fuitspiritus
1917 5155 2040 5239 ipse

393 5235 664 5312 carnalis,
698 5249 794 5300 sed
847 5250 1038 5298 tamen
1073 5243 1330 5311 spiritus,
1378 5256 1494 5295 non
1525 5253 1678 5292 caro.
1731 5235 1912 5305 Cujus
1961 5235 2039 5289 rei

391 5326 675 5384 habemus
712 5326 1174 5398 experimentum
1217 5324 1273 5376 in
1310 5329 1517 5377 nostra:
1559 5334 1739 5389 paenae
1767 5313 2041 5371 deformi-

391 5414 528 5464 tate.
560 5412 680 5463 Non
710 5410 866 5462 enim
899 5404 1220 5460 secundum
1272 5419 1525 5462 carnem,
1569 5401 1670 5456 sed
1718 5399 1920 5470 utique
1950 5414 2042 5453 se-

395 5490 651 5545 cundum
672 5487 947 5562 spiritum
988 5486 1250 5540 carnales
1282 5493 1465 5552 erant,
1499 5481 1714 5555 quibus
1748 5483 1827 5535 ait
1855 5484 2043 5553 Apos-

1415 310 1518 373 DE
1563 309 1924 372 CIVITATE
1967 311 2127 379 DEI,
2177 313 2242 374 S.
2290 313 2712 376 AUGUSTINI

3642 312 3764 371 ’784

2122 446 2272 501 tolus
2307 463 2320 503 :
2354 447 2468 502 Non
2502 446 2657 514 potui
2684 446 2830 501 vobis
2863 442 3015 517 loqui
3035 441 3196 515 quasi
3229 441 3641 514 spiritualibus,
3673 442 3767 499 sed

2112 526 2274 598 quasi
2323 527 2847 599 camalibus(lCor.
2879 543 2960 594 ιιι,
2998 525 3069 597 1).
3109 525 3171 580 Et
3217 523 3393 580 homo
3441 525 3766 593 spiritualis

2116 607 2199 661 sic
2232 609 2285 661 in
2324 609 2428 662 hac
2459 609 2576 661 vita
2597 607 2825 672 dicitur,
2847 613 2905 661 ut
2938 617 3127 660 tamen
3150 621 3388 676 corpore
3413 605 3604 659 adhuc
3635 622 3768 660 car-

2114 687 2265 741 nalis
2285 687 2380 753 sit,
2405 694 2460 741 ct
2481 688 2671 740 videat
2695 689 2868 741 aliam
2905 685 3088 754 legem
3133 687 3187 739 in
3223 686 3498 740 membris
3528 687 3649 739 suis
3685 703 3768 740 re-

2119 775 2479 837 pugnantem
2507 767 2615 836 legi
2643 767 2852 821 mentis
2883 783 3002 820 suae
3031 767 3210 837 (Rom.
3245 782 3343 831 vn,
3365 767 3458 836 ‘33)
3495 783 3508 820 :
3533 766 3636 821 erit
3660 784 3769 819 au-

2117 859 2225 903 tem
2261 852 2433 904 etiam
2469 866 2712 919 corpore
2741 848 3087 920 spiritualis,
3129 863 3262 902 cum
3289 849 3490 904 eadem
3525 865 3655 902 raro
3681 849 3768 904 sic

2118 930 2514 986 resurrexcrit.
2568 936 2632 983 ut
2683 930 2782 983 fiat
2835 933 2984 998 quod
3035 927 3320 1000 scriptum
3354 934 3459 996 cst,
3513 927 3772 982 Semina-

2119 1015 2210 1063 tur
2237 1025 2434 1078 contus
2461 1010 2724 1072 animale.
2758 1017 3002 1080 resurget
3021 1025 3217 1072 war-pus
3245 1007 3542 1074 spirituale
3561 1009 3606 1081 (Ι
3645 1009 3766 1064 Cor.

2116 1105 2208 1154 xv,
2235 1090 2339 1159 4'2).
2366 1092 2498 1156 Quae
2532 1092 2606 1145 sit
2636 1098 2848 1151 autem.
2883 1096 2941 1144 et
2974 1105 3149 1160 quam
3203 1105 3411 1158 magna
3441 1088 3769 1159 spiritualie

2118 1172 2376 1241 corporis
2407 1173 2613 1241 gratia,
2649 1171 2922 1242 quoniam
2954 1173 3208 1224 nondum
3256 1172 3416 1225 venit
3455 1169 3510 1224 in
3545 1169 3771 1240 experi-

2120 1259 2405 1315 mentum,
2455 1267 2654 1306 vereor
2682 1267 2751 1305 ne
2783 1252 3158 1305 temerarium
3191 1251 3264 1304 sit
3297 1266 3471 1305 omne
3504 1253 3654 1320 quod
3699 1250 3771 1305 de

2117 1332 2218 1386 illa
2267 1333 2556 1402 profertur
2621 1331 2938 1402 eloquium.
2989 1330 3407 1385 Verumtamen
3454 1331 3594 1401 quia
3645 1330 3766 1398 spei

2119 1420 2327 1465 nostrae
2348 1410 2619 1477 gaudium
2655 1418 2880 1481 prOpter
2917 1411 3010 1466 Dei
3044 1410 3271 1465 laudem
3312 1427 3423 1466 non
3450 1421 3533 1465 est
3567 1419 3767 1464 tacen-

2117 1491 2280 1557 dum,
2313 1499 2369 1546 ct
2401 1495 2470 1547 de
2501 1493 2724 1546 intimis
2746 1494 3006 1546 ardentis
3033 1492 3218 1545 sancti
3251 1493 3471 1546 amoris
3495 1492 3764 1546 medullis

2118 1573 2337 1626 dictum
2369 1581 2476 1638 est,
2512 1575 2756 1636 Domine,
2785 1572 3422 1628 dilexidecoremdomus
3453 1583 3564 1628 tua:
3594 1571 3766 1642 (Psal.

2117 1668 2246 1717 xxv,
2280 1655 2335 1723 8)
2371 1670 2383 1707 :
2417 1653 2487 1707 de
2518 1655 2685 1707 donis
2717 1657 2845 1723 ejus
2877 1670 3002 1724 qua
3026 1653 3085 1708 in
3131 1657 3233 1707 hac
3267 1653 3772 1707 aerumnosissima

2116 1733 2229 1786 vita
2267 1733 2435 1788 bonis
2467 1734 2754 1804 malisque
2793 1734 3066 1804 largitur,
3101 1735 3228 1804 ipso
3267 1734 3599 1803 adjuvante,
3632 1748 3770 1788 con-

2113 1812 2414 1881 jiciamus,
2449 1819 2509 1866 ut
2558 1829 2900 1882 possumus,
2945 1820 3234 1884 quantum
3270 1815 3345 1868 sit
3393 1812 3560 1874 illud.
3610 1811 3770 1884 quod

2120 1892 2380 1946 nondum
2413 1895 2656 1964 experti,
2683 1895 2885 1964 utique
2917 1895 3092 1964 digne
3122 1894 3313 1964 eloqui
3339 1910 3454 1948 non
3485 1893 3768 1949 valemus.

2118 1973 2333 2028 Omitto
2363 1975 2516 2028 enim
2543 1976 2776 2046 quando
2798 1974 3241 2030 fecithominem
3278 1980 3496 2030 rectum
3523 1994 3538 2042 ;
3563 1976 3769 2030 omitto

2118 2055 2291 2108 vitam
2324 2053 2485 2110 illam
2517 2057 2756 2110 duorum
2790 2057 3108 2126 conjugum
3143 2056 3199 2109 in
3227 2055 3482 2127 paradisi
3501 2057 3772 2111 fecundi—

2118 2138 2238 2189 tate
2271 2134 2521 2201 felicem,
2551 2135 2825 2204 quoniam
2859 2139 2876 2172 ¹
2911 2145 3026 2190 tam
3063 2137 3249 2190 brevis
3299 2137 3424 2202 fuit,
3461 2141 3523 2190 ut
3555 2137 3624 2190 ad
3669 2152 3771 2191 na-

2121 2218 2404 2271 sccntium
2428 2232 2664 2270 sensum
2698 2233 2801 2271 nec
2825 2218 2951 2286 ipsa
2985 2216 3345 2286 pervenerit:
3379 2217 3432 2270 in
3459 2216 3568 2272 hac
3592 2233 3770 2287 quam

2122 2298 2411 2364 novimus,
2445 2299 2502 2351 in
2545 2315 2661 2370 qua
2699 2299 2890 2353 adhuc
2920 2315 3149 2364 sumus,
3185 2302 3352 2368 cujus
3397 2301 3773 2367 tentationes,

2121 2379 2238 2434 imo
2259 2395 2435 2449 quam
2461 2383 2632 2434 totam
2651 2381 3050 2447 tentationem,
3067 2379 3346 2449 quamdiu
3375 2379 3430 2433 in
3455 2395 3522 2434 ea
3542 2395 3774 2450 sumus,

2123 2459 2556 2531 quantumlibet
2586 2460 2986 2531 proficiamus,
3020 2462 3245 2531 perpeti
3280 2477 3391 2516 non
3427 2460 3771 2527 desinimus,

2123 2556 2248 2609 quae
2282 2541 2400 2594 sint
2431 2540 2650 2595 indicia
2681 2541 2834 2595 circa
2882 2555 3069 2612 genus
3110 2540 3440 2596 humanum
3495 2541 3776 2597 bonitatis

2125 2619 2244 2685 Uci,
2273 2618 2406 2688 quis
2441 2619 2653 2690 poterit
2689 2619 2978 2689 explicare
3015 2619 3042 2673 ‘I

2124 2778 2352 2836 CAPUT
2381 2779 2545 2834 XXII.
2582 2810 2649 2819 —
2677 2779 2751 2833 De
2767 2777 3009 2833 miseriis
3040 2795 3107 2834 ac
3130 2779 3312 2846 malis,
3336 2778 3536 2850 quibus
3574 2780 3775 2836 huma-

2193 2876 2329 2914 num
2357 2877 2524 2930 genus
2541 2858 2735 2914 merito
2745 2860 2836 2929 pri
2842 2873 2946 2915 ma?
2964 2857 3454 2928 pravaricationis
3473 2859 3776 2915 obnoxium

2195 2951 2290 3008 est,
2322 2947 2373 2997 et
2401 2959 2435 2997 α
2467 2941 2662 3013 quibus
2682 2956 2840 2996 nemo
2872 2942 2983 2995 nisi
3011 2956 3111 3011 per
3133 2939 3338 2996 Christi
3364 2941 3601 3012 gratiam
3630 2941 3776 2998 libe-

2196 3032 2282 3077 rat
2289 3039 2377 3078 ur.

2198 3159 2248 3213 1.
2281 3156 2423 3212 Nam
2457 3157 2609 3228 quod
2642 3157 2710 3212 ad
2743 3157 2994 3230 primam
3027 3157 3309 3229 originem
3349 3157 3618 3227 pertinet,
3651 3173 3779 3213 om-

2127 3254 2260 3294 nem
2311 3236 2639 3293 mortalium
2676 3238 3007 3309 progeniem
3041 3239 3216 3293 fuisse
3254 3237 3622 3305 damnatam,
3654 3238 3777 3294 haec

2127 3320 2257 3392 ipsa
2289 3320 2422 3386 vita,
2453 3319 2503 3375 si
2549 3319 2666 3374 vita
2709 3320 2956 3375 dicenda
2997 3323 3107 3386 est,
3138 3323 3225 3374 tot
3254 3324 3311 3374 et
3369 3319 3549 3374 tantis
3609 3319 3779 3376 malis

2130 3399 2303 3470 plena
2332 3405 2594 3455 testatur.
2627 3399 2771 3462 Quid
2805 3400 2960 3455 enim
3007 3399 3165 3456 aliud
3218 3399 3438 3454 indicat
3489 3399 3781 3456 horrenda

2131 3481 2392 3553 quaedam
2428 3479 3165 3551 profunditasignorantize,
3188 3495 3256 3535 ex
3283 3495 3399 3549 qua
3415 3480 3610 3535 omnis
3627 3495 3784 3534 error

2132 3559 2346 3625 existit,
2376 3559 2477 3630 qui
2509 3575 2712 3615 omnes
2755 3559 2904 3615 ﬁlios
2943 3559 3130 3614 Adam
3177 3559 3487 3613 tenebroso
3532 3559 3782 3629 quodam

2133 3642 2266 3697 sinu
2299 3639 2560 3710 suscipit,
2596 3645 2661 3696 ut
2692 3639 2865 3694 homo
2895 3639 2968 3694 ab
3001 3639 3097 3694 illo
3144 3638 3374 3694 liberari
3407 3640 3533 3693 sine
3567 3640 3784 3708 labore,

2134 3719 2352 3788 dolore,
2386 3719 2592 3774 timore
2623 3735 2736 3774 non
2772 3717 2995 3789 possit?
3039 3718 3186 3782 Quid
3231 3733 3396 3773 amor
3424 3717 3547 3787 ipse
3579 3722 3667 3774 tot
3698 3734 3783 3773 re-

2136 3816 2258 3856 rum
2291 3815 2574 3853 venarum
2605 3804 2780 3870 atque
2810 3798 3137 3868 noxiarum,
3169 3801 3225 3854 et
3250 3813 3316 3853 ex
3339 3797 3446 3852 hoc
3489 3801 3786 3853 mordaces

2136 3897 2309 3949 cum,
2334 3880 2822 3951 perturbationes,
2855 3895 3153 3947 mmrores,
3187 3879 3551 3946 formidines,
3582 3879 3788 3934 insana

2138 3963 2365 4032 gaudia,
2398 3961 2717 4027 discordiis,
2750 3961 2897 4028 lites,
2944 3960 3120 4025 bella,
3169 3959 3413 4030 insidiis,
3451 3961 3786 4028 iracundiae,

2138 4044 2478 4111 inimicitiae,
2513 4041 2760 4106 fallacia,
2784 4041 3057 4107 adulatio,
3079 4042 3259 4106 fraus,
3286 4041 3527 4106 furtum,
3563 4041 3784 4113 rapina,

2140 4125 2402 4196 perfidia,
2436 4123 2726 4195 superbia,
2753 4122 3016 4187 ambitio,
3066 4121 3406 4187 invidentia,
3449 4121 3785 4183 homicidia,

2142 4203 2474 4276 parricidia,
2507 4203 2840 4269 crudelitas,
2900 4200 3138 4264 saevitia,
3192 4200 3475 4270 nequitia,
3534 4201 3786 4271 luxuria,

2143 4283 2481 4356 petulantia,
2515 4283 2897 4352 impudentia,
2931 4281 3316 4353 impudicitia,
3351 4282 3788 4348 fornicationes,

2143 4365 2448 4430 adulteria,
2507 4365 2750 4425 incesta.
2801 4370 2862 4421 et
2916 4372 3120 4421 contra
3151 4369 3422 4420 naturam
3487 4365 3793 4434 utriusque

2143 4462 2320 4502 sexus
2353 4451 2437 4500 tot
2465 4448 2669 4514 stupra
2701 4452 2875 4516 atque
2905 4444 3318 4512 immunditiis,
3354 4461 3499 4516 quas
3521 4449 3687 4516 turpe
3709 4449 3796 4500 est

2143 4528 2311 4584 etiam
2330 4526 2538 4594 dicere,
2573 4527 2899 4598 sacrilegia,
2935 4526 3200 4595 haereses,
3235 4526 3635 4595 blasphemiae,
3667 4541 3794 4597 per-

2137 4606 3172 4677 juria,oppressionesinnocentium,
3189 4607 3518 4672 calumnia,
3543 4607 3798 4662 circum-

2149 4689 2462 4755 vcntiones,
2495 4688 3013 4759 praevaricationes,
3049 4686 3192 4743 falsa
3214 4687 3574 4751 testimonia,
3599 4685 3799 4755 iniqua

2142 4768 2381 4838 judicia,
2427 4769 2733 4832 violentiae,
2777 4767 3101 4836 latrocinia,
3140 4771 3197 4822 et
3251 4765 3541 4838 quidquid
3589 4765 3799 4820 talium

2148 4847 2435 4904 malorum
2487 4847 2546 4903 in
2579 4855 2833 4904 mentem
2880 4865 2996 4903 non
3028 4846 3206 4914 venit,
3265 4851 3324 4902 et
3351 4851 3550 4901 tamen
3582 4846 3658 4900 de
3685 4847 3802 4900 vita

2149 4927 2260 4982 ista
2294 4928 2601 4983 hominum
2640 4945 2751 4982 non
2785 4929 2998 4983 recedit
3029 4926 3054 4979 ?
3085 4925 3290 4982 Verum
3326 4925 3446 4980 haec
3492 4925 3798 4980 hominum

2148 5014 2285 5062 sunt
2319 5010 2722 5077 malorum,ab
2763 5009 2863 5063 illa
2911 5013 3107 5062 tamen
3168 5005 3379 5062 erroris
3439 5011 3497 5060 et
3547 5005 3802 5077 perversi

2149 5089 2364 5142 amoris
2396 5088 2587 5143 radice
2609 5088 2920 5153 venientia,
2937 5104 3063 5142 cum
3089 5104 3203 5157 qua
3224 5085 3411 5140 omnis
3435 5085 3594 5139 ﬁlius
3616 5087 3799 5140 Adam

2149 5171 2426 5222 nascitur.
2454 5167 2596 5222 Nam
2630 5169 2761 5240 quis
2804 5168 3030 5238 ignorat
3062 5182 3190 5222 cum
3223 5173 3436 5236 quanta
3474 5164 3806 5236 ignorantia

2147 5249 2430 5316 veritatis,
2463 5265 2590 5319 qua:
2614 5251 2736 5319 jam
2767 5248 2825 5302 in
2862 5247 3188 5305 infantibus
3233 5246 3543 5303 manifesta
3580 5254 3668 5301 est
3701 5261 3715 5314 ;
3747 5248 3804 5299 et

2218 5492 2233 5524 ¹
2267 5489 2352 5541 Sic
2378 5491 2500 5541 Mss.
2532 5493 2600 5542 At
2633 5491 2780 5550 editi,
2813 5491 3053 5555 quando.
