4134 6198
355 360 472 425 785

355 498 1144 585 cum_quanta__abundantia
1193 518 1351 560 vanas
1393 509 1752 580 cupiditatis,
1786 529 1912 585 qua:
1944 515 2002 572 in

354 578 549 648 pueris
582 578 790 649 incipit
812 597 1108 651 apparere,
1131 582 1306 639 homo
1329 578 1524 643 veniat
1542 589 1600 644 in
1629 578 1774 646 hanc
1794 578 1998 664 vitam,

351 660 528 746 ita-ut
563 659 988 746 sidimittatun
1010 666 1199 746 vivere
1231 671 1295 721 ut
1341 668 1493 734 velit,
1522 675 1579 724 et
1611 672 1798 729 facere
1828 659 2001 746 quid;

349 736 494 808 quid
525 737 683 821 velit,
716 739 772 793 in
804 740 926 796 haec
964 742 1215 799 facinora
1250 755 1301 801 et
1324 746 1545 820 ﬂagitia
1590 768 1721 821 qua:
1751 736 2002 813 comme-

349 819 591 903 moravi,
624 826 681 903 et
703 836 831 888 quas
854 838 1309 883 commemorare
1341 844 1457 885 non
1480 819 1664 903 potui,
1697 836 1787 890 vel
1821 854 2003 895 cunc-

347 902 405 954 ta
435 897 523 953 vel
557 900 745 955 multa
778 903 1107 972 perveniat?

415 980 471 1035 2.
505 980 618 1036 Sed
648 980 840 1037 divina
870 984 1289 1054 gubernatione
1321 1007 1437 1047 non
1469 995 1629 1049 omni
1673 999 1846 1054 modo
1898 1000 2003 1057 de-

350 1064 581 1116 serente
620 1062 952 1130 damnatos,
1003 1070 1061 1122 et
1114 1072 1227 1125 Deo
1273 1085 1388 1126 non
1430 1077 1765 1132 continente
1809 1078 1869 1134 in
1919 1081 2005 1136 ira

350 1156 455 1195 sua
487 1140 896 1229 miserationes
926 1161 1062 1201 suas
1116 1150 1285 1216 (Psal.
1340 1168 1524 1221 LXXVI,
1580 1156 1691 1225 10),
1740 1157 1796 1212 in
1857 1159 2004 1229 ipsis

353 1222 629 1277 sensibus
685 1223 917 1293 generis
976 1226 1224 1285 humani
1276 1232 1592 1301 prohibitio
1642 1222 1695 1292 et
1753 1222 2007 1299 eruditio

352 1306 554 1358 contra
581 1302 746 1368 istas,
778 1319 911 1359 cum
946 1307 1159 1376 quibus
1187 1311 1503 1383 nascimur,
1547 1317 1815 1373 tenebras
1858 1321 2004 1392 vigi-

352 1382 499 1449 lant,
528 1387 585 1437 et
615 1388 818 1472 contra
869 1385 976 1472 hos
1018 1388 1281 1472 impetus
1328 1382 1762 1464 opponuntur‘,
1823 1382 2005 1472 plenas

350 1470 544 1517 tamen
567 1463 753 1546 etiam
788 1466 925 1536 ipsa
958 1467 1224 1527 laborum
1256 1478 1311 1528 et
1342 1476 1634 1533 dolorum.
1668 1463 2005 1546 Quid-enim

348 1542 459 1597 sibi
494 1540 698 1627 volunt
729 1546 1087 1602 multimoda;
1121 1552 1484 1623 formidines,
1512 1573 1640 1627 quas
1663 1540 2005 1618 cohibendis

350 1623 729 1713 parvulorum
772 1628 1130 1713 Vanita‘tibus
1179 1623 1575 1692 adhibentur?
1622 1640 1762 1710 quid
1810 1645 2004 1713 paeda-

351 1702 503 1794 gogi,
538 1705 685 1795 quid.
711 1708 1002 1795 magistri,
1034 1711 1187 1795 quid
1217 1714 1434 1783 ferulae,
1478 1702 1828 1789 quid'lora;
1865 1725 2005 1795 quid

350 1783 728 1869 virgea-quid
775 1787 1083 1869 disciplina
1130 1792 1225 1848 illa
1285 1811 1402 1865 qua
1447 1783 1752 1869 scriptura
1798 1783 2008 1859 sancta

354 1864 498 1948 dicit
528 1864 720 1948 dilecti
763 1867 865 1923 ﬁlii
898 1870 1077 1926 latera
1129 1889 1257 1930 esse
1303 1864 1621 1948 tundenda,
1670 1898 1740 1937 ne
1790 1890 2007 1941 crescat

355 1943 690 2035 indomitus,
723 1948 1064 2035 domarique
1104 1953 1229 2035 jam
1276 1956 1458 2013 durus
1507 1943 1616 2014 aut
1655 1961 1746 2017 vix
1798 1966 2005 2035 possit,

358 2030 461 2114 aut
490 2024 728 2114 fortasse
758 2031 1080 2114 necpossit
1108 2034 1274 2089 Eccli.
1306 2053 1433 2104 xxx,
1468 2039 1598 2109 t2)?
1638 2024 2008 2114 Quid‘agitur

357 2104 452 2161 bis
484 2107 994 2193 pcenisomnibus,
1029 2113 1141 2169 nisi
1176 2121 1241 2169 ut
1278 2104 1922 2193 debelleturimperitiva,
1950 2128 2008 2179 et

357 2202 532 2258 prava
561 2189 854 2258 cupiditas
884 2190 1206 2248 infrenetur
1228 2195 1271 2262 ³,
1304 2212 1435 2252 cum
1469 2189 1914 2269 quibus—malis,
1946 2205 2005 2259 in

356 2268 471 2323 hoc
502 2268 780 2326 saeculum
819 2273 1087 2328 venimus
1110 2275 1137 2328 ?
1166 2276 1311 2339 Quid
1345 2283 1434 2333 est
1464 2268 1641 2351 enim,
1674 2285 1825 2353 quod
1870 2301 2004 2341 cum

360 2346 559 2404 labore
591 2351 988 2418 meminimus,
1020 2354 1147 2410 sine
1179 2355 1374 2413 labore
1403 2346 1841 2432 obliviscimur;
1869 2382 2005 2421 cum

362 2427 560 2485 labore
590 2431 894 2497 discimus,
918 2434 1045 2489 sine
1076 2436 1270 2491 labore
1292 2441 1588 2497 nescimus
1615 2461 1627 2510 ;
1661 2460 1788 2498 cum
1812 2427 2007 2501 labore

358 2511 606 2577 strenui,
634 2511 761 2566 sine
811 2514 1009 2569 labore
1044 2514 1260 2573 inertes
1309 2522 1559 2576 sumus?
1614 2522 1816 2579 Nonne
1873 2527 2007 2582 hinc

358 2592 681 2676 apparet‘in
716 2594 856 2664 quid
893 2596 1045 2650 velut
1078 2598 1330 2667 pondere
1361 2617 1464 2657 suo
1494 2604 1768 2674 proclivis
1798 2611 1855 2661 et
1878 2624 2004 2676 pro-

357 2687 433 2727 na
464 2672 541 2753 sit
569 2672 779 2753 vitiosa
809 2679 1097 2743 natura,et
1127 2685 1346 2749 quanta
1377 2672 1512 2753 Ope,
1535 2689 1599 2740 ut
1625 2687 1762 2742 hinc
1800 2672 2006 2746 libere-

355 2756 474 2841 ιρι,
506 2752 805 2841 indigeat?
835 2757 1086 2841 Desidia,
1109 2752 1688 2836 segnities,pigritia,
1713 2769 2007 2841 negligen-

356 2831 455 2918 tia,
487 2830 628 2918 vitia
657 2838 794 2918 sunt
825 2839 1032 2918 utique
1082 2840 1297 2908 quibus
1353 2830 1523 2899 labor
1568 2830 1821 2918 fugitur,
1871 2830 2004 2905 cum

354 2906 691 2992 laboripse,
719 2913 893 2969 etiam
928 2906 1024 2986 qui
1057 2906 1146 2972 est
1177 2919 1357 2989 utilis,
1390 2938 1562 2992 pcena
1584 2906 1679 2982 sit.

423 2989 479 3045 3.
514 2989 625 3044 Sed
653 2998 852 3059 praeter
886 2998 1137 3063 pueriles
1178 2989 1407 3069 poenas,
1427 3005 1553 3059 sine
1604 3007 1816 3075 quibus
1864 3009 2006 3063 disci

354 3078 696 3161 nophpotest
744 3077 893 3161 quod
940 3079 1185 3147 majores
1223 3081 1443 3149 volunt,
1494 3086 1590 3155 qui
1643 3089 1737 3142 vix
1784 3090 2004 3161 aliquid

357 3149 580 3242 utiliter
602 3152 829 3221 volunt,
867 3162 1008 3226 quot
1036 3163 1093 3212 et
1123 3162 1357 3242 quantis
1390 3149 1575 3233 poenis
1604 3182 1789 3237 genus
1822 3149 2005 3242 agite-

354 3237 451 3320 tur
476 3232 984 3320 humanum,un
1017 3256 1129 3294 non
1165 3241 1236 3296 ad
1262 3232 1539 3300 malitiam
1567 3232 2006 3320 néquitianique

356 3313 848 3386 iniquorum,sed
909 3319 979 3371 ad
1035 3322 1425 3378 conditionem
1486 3313 1779 3395 pertinent
1836 3313 2008 3386 mise-

354 3395 619 3465 riamque
658 3412 1057 3467 communem,
1101 3401 1233 3471 quis
1284 3404 1403 3458 ullo
1454 3422 1724 3463 sermone
1772 3410 2003 3482 digerit,

354 3478 484 3545 quis
518 3475 635 3529 ulla
674 3480 1023 3545 cogitatione
1066 3483 1558 3553 comprehendit?
1607 3475 1868 3551 Quantus
1918 3475 2007 3547 est

352 3566 569 3624 metus,
600 3566 818 3628 quanta
850 3562 1154 3615 calamitas
1187 3567 1261 3617 ab
1294 3566 1644 3622 orbitatibus
1685 3577 1854 3636 atque
1887 3572 2003 3627 luc-

353 3642 434 3701 tu,
460 3652 490 3689 a
520 3638 753 3691 damnis
785 3644 838 3691 et
870 3641 1369 3709 damnationibus,
1423 3663 1455 3698 a
1479 3647 1917 3718 deceptionibus
1948 3657 2005 3707 et

352 3718 677 3772 mendaciis
727 3718 1058 3788 hominum,
1108 3742 1138 3775 a
1193 3726 1633 3795 suspzcionibus
1688 3729 1871 3796 falsis,
1929 3734 2001 3789 ab

352 3800 631 3856 omnibus
660 3801 930 3857 violentis
957 3804 1309 3861 facinoribus
1332 3813 1387 3862 et
1408 3810 1727 3866 sceleribus
1750 3814 1954 3869 alienis
1976 3816 2005 3870 ?

357 3883 839 3967 quandoquidem
873 3887 943 3941 ab
976 3888 1059 3942 eis
1085 3896 1141 3943 et
1170 3890 1545 3962 depraedatio,
1577 3900 1632 3949 et
1674 3897 2000 3967 captivitas,

351 3971 408 4019 et
433 3965 689 4029 vincula,
720 3979 767 4020 et
804 3983 1086 4033 carceres,
1120 3976 1178 4025 et
1223 3972 1439 4039 exsilia,
1472 3980 1528 4029 et
1576 3965 1890 4046 cruciatus,
1945 3984 2002 4034 et

353 4046 674 4115 amputatio
720 4048 1140 4117 membrorum,
1197 4056 1249 4105 et
1311 4055 1552 4123 privatio
1592 4072 1897 4123 sensuum,
1948 4068 2001 4115 et

353 4127 654 4211 eppressio
686 4130 946 4211 corporis
976 4131 1045 4184 ad
1089 4132 1398 4187 obscenam
1452 4135 1756 4193 libidinem
1802 4142 1999 4211 oppri-

355 4208 569 4260 mentis
600 4206 964 4276 explendam,
1006 4222 1063 4265 et
1109 4214 1226 4266 alia
1274 4214 1457 4268 multa
1506 4214 1791 4272 horrentia
1844 4206 1999 4291 sirpe

354 4287 726 4355 contingunt.
760 4289 904 4353 QUId
942 4290 1011 4343 ab
1047 4291 1368 4349 innumeris
1399 4296 1627 4350 casibus
1657 4299 1752 4368 qui
1776 4297 1799 4332 ³
1830 4287 2000 4355 forin-

351 4382 523 4421 secus
555 4369 775 4434 corpori
813 4371 1221 4441 tormidiintur,
1274 4377 1514 4430 aestibus
1558 4383 1615 4432 et
1665 4378 1997 4451 trigoribus,

349 4449 821 4515 tempestatibus,
856 4451 1165 4515 imbribus,
1198 4454 1612 4524 alluvionibus,
1647 4449 1997 4517 coruscatio?

350 4530 693 4596 ne,tonitru,
728 4531 1033 4600 grandine,
1070 4534 1334 4603 fulmine,
1394 4541 1647 4595 motibus
1706 4540 1996 4597 hiatibus-

348 4624 463 4680 que
504 4615 815 4676 terrarum,
849 4614 1331 4682 Oppressionibus
1366 4618 1691 4688 ruinarum,
1722 4625 1791 4676 ab
1824 4624 2000 4677 olfen-

348 4688 640 4745 sione‘et
691 4708 899 4757 pavore
947 4691 1035 4748 vel
1074 4694 1248 4748 etiam
1304 4696 1526 4751 malitia
1569 4701 1996 4770 jumentorum,

348 4785 383 4824 a
404 4774 489 4823 tot
516 4771 753 4825 venenis
785 4770 1085 4836 fruticum,
1110 4789 1418 4844 aquarum,
1455 4793 1749 4843 aurarum,
1785 4781 1997 4835 bestia-

354 4864 512 4915 rum,
544 4870 573 4903 a
604 4850 854 4905 ferarum
888 4852 973 4905 vel
996 4855 1405 4908 tantummodo
1434 4858 1693 4911 molestis
1715 4860 1798 4912 vel
1822 4860 1996 4916 etiam

350 4930 665 4987 mortiferis
742 4932 1057 5001 morsibus,
1138 4950 1171 4989 a
1228 4938 1385 4992 rabie
1439 4954 1561 5007 quae
1600 4941 1887 5010 contingit
1930 4959 1998 4998 ex

348 5011 553 5065 rabido
585 5027 749 5076 cane,
781 5013 1049 5068 utetiam
1086 5014 1297 5071 blanda
1326 5023 1382 5071 et
1412 5021 1596 5073 amica
1628 5036 1734 5075 δυο
1758 5022 1997 5077 domino

350 5090 536 5146 bestia
576 5108 1001 5165 nonnunquam
1036 5096 1439 5153 vehementius
1462 5105 1517 5153 et
1538 5100 1795 5155 amarius
1822 5118 1998 5172 quam

348 5169 546 5228 leones
578 5172 976 5246 draconesque
1010 5180 1322 5248 metuatur,
1358 5179 1642 5253 faciatque
1672 5169 1993 5247 hominem,

417 5470 435 5532 ξ
473 5466 729 5532 ῌοηιιρω
758 5468 903 5520 Μεε..
934 5478 1320 5532 apponuntur.

415 5528 438 5595 ξ
470 5528 556 5595 Sic
576 5530 714 5595 Mss.
745 5532 816 5581 At
842 5528 988 5588 editi,
1010 5528 1350 5595 refrenetur.

412 5592 435 5660 ξ
468 5591 858 5660 Rrobaepotae
884 5596 1028 5660 Mss,
1062 5591 1220 5660 'quae.

414 5652 437 5688 ⁸
468 5655 611 5716 Μαι,
643 5657 710 5707 ab
739 5652 1156 5721 οπεηιςίοηίὂῖιε.

1465 374 1704 438 LIBER
1745 379 2167 447 VIGESIMUS
2216 387 2646 452 SECUNDUS.

3650 402 3769 464 786

2116 536 2290 593 quem
2327 523 2471 579 forte
2502 524 2956 593 attaminaverit,
2991 529 3336 598 contagione
3372 534 3647 602 pestifera
3682 536 3768 594 ita

2114 604 2431 687 rabiosum,
2466 611 2591 660 uta
2653 610 3017 676 parentibus,
3072 612 3350 682 conjuge,
3401 614 3555 683 filiis,
3608 620 3772 687 pejus

2122 685 2282 739 omni
2315 685 2496 741 bestia
2530 688 2918 744 formidetur?
2948 693 3081 754 Quae
3112 692 3266 746 mala
3290 694 3589 764 patiuntur
3608 685 3773 753 navi-

2118 773 2323 835 gantes
2343 767 2370 820 ?
2400 783 2549 836 quas,
2584 777 2805 823 terrena
2833 770 3047 825 itinera
3074 773 3448 842 gradientes?
3470 774 3611 838 Quis
3641 795 3772 834 am-

2118 845 2283 900 bulat
2316 849 2673 920 ubicumque
2692 867 2805 905 non
2832 851 3145 921 inopinatis
3169 854 3480 924 subjaceos
3498 858 3769 915 casibus?

2118 926 2200 982 De
2225 927 2353 1009 foro
2383 930 2617 999 quidam
2642 931 2873 987 rediens
2901 932 3139 987 domum
3167 936 3327 989 sanis
3352 936 3598 1006 pedibus
3622 940 3766 1009 suis,

2119 1008 2345 1073 cecidit,
2381 1010 2582 1077 pedem
2616 1011 2810 1082 fregit,
2838 1016 2895 1067 et
2923 1027 2993 1067 ex
3023 1012 3121 1067 illo
3154 1015 3390 1070 vulnere
3412 1016 3597 1071 ﬁnivit
3620 1017 3768 1075 hanc

2118 1086 2316 1143 vitam.
2349 1090 2496 1154 Quid
2528 1090 2757 1146 videtur
2780 1092 3018 1148 sedente
3045 1095 3362 1150 securius?
3400 1096 3477 1151 De
3520 1096 3665 1154 sella
3704 1099 3764 1154 in

2119 1184 2237 1238 qua
2266 1168 2498 1224 sedebat
2532 1171 2742 1226 cecidit
2772 1171 2895 1227 Heli
2919 1175 3215 1241 sacerdos,
3267 1180 3323 1229 et
3372 1181 3637 1232 mortuus
3679 1182 3769 1235 est

2119 1250 2165 1318 (Ι
2199 1249 2321 1318 Reg.
2356 1265 2431 1315 ιν,
2468 1250 2574 1319 18).
2610 1250 2908 1322 Agricolae,
2931 1252 3049 1307 imo
3082 1269 3214 1309 vero
3254 1271 3459 1312 omnes
3494 1256 3763 1314 homines

2118 1333 2261 1400 quot
2290 1334 2346 1383 et
2376 1337 2628 1401 quantos
2661 1349 2694 1387 a
2720 1331 2861 1388 ccelo
2893 1337 2949 1388 et
2996 1337 3169 1404 terra,
3202 1335 3287 1391 vel
3343 1354 3375 1391 a
3419 1338 3762 1408 perniciosis

2119 1410 2471 1466 animalibus
2500 1428 2670 1467 casus
2700 1420 2965 1469 metuunt
2995 1432 3263 1484 agrorum
3298 1417 3629 1474 fructibus?
3659 1419 3762 1475 So-

2119 1490 2241 1548 lent
2272 1504 2465 1550 tamen
2496 1494 2567 1548 de
2601 1496 2909 1551 frumentis
2940 1498 3178 1552 tandem
3212 1499 3470 1555 collectis
3492 1508 3547 1555 et
3570 1517 3765 1556 recon-

2119 1572 2257 1628 ditis
2288 1589 2417 1629 esse
2448 1576 2657 1631 securi.
2702 1576 2811 1630 Sed
2863 1578 3234 1647 quibusdam,
3281 1581 3431 1648 quod
3472 1581 3761 1647 novimus,

2120 1661 2460 1726 proventum
2494 1657 2780 1725 Optimum
2815 1657 3239 1714 frumentorum
3293 1660 3501 1717 ﬂuvius
3546 1661 3765 1732 impr0~

2116 1737 2296 1803 visus,
2328 1737 2687 1807 fugientibus
2720 1738 3079 1807 hominibus,
3109 1740 3179 1795 de
3212 1741 3435 1796 horreis
3466 1742 3637 1811 ejecit
3681 1746 3765 1796 at-

2118 1831 2231 1886 que
2259 1817 2525 1872 abstulit.
2556 1817 2770 1873 Contra
2802 1818 3182 1875 milleformes
3211 1821 3545 1876 daemonum
3574 1823 3768 1877 incur-

2118 1914 2243 1965 sus,
2277 1899 2410 1969 quis
2441 1899 2776 1954 innocentia
2798 1915 2906 1953 sua
2952 1899 3126 1953 ﬁdit?
3176 1903 3650 1973 quandoquidem
3697 1920 3767 1958 ne

2120 1978 2248 2047 quis
2317 1978 2535 2043 fideret,
2584 1981 2754 2032 etiam
2818 1980 3087 2047 parvulos
3146 1980 3491 2051 baptizatos,
3552 1984 3766 2052 quibus

2119 2065 2270 2111 certe
2313 2057 2461 2112 nihil
2513 2058 2905 2124 innocentius,
2943 2060 3253 2127 aliquando
3296 2061 3379 2114 sic
3418 2068 3642 2125 vexant,
3699 2066 3765 2117 ut

2118 2140 2176 2195 in
2210 2140 2291 2195 eis
2325 2140 2574 2195 maxime
2600 2138 2713 2194 Deo
2754 2138 3001 2205 sinente,
3044 2141 3155 2194 ista
3187 2146 3544 2196 monstretur
3584 2143 3764 2210 hujus

2116 2221 2243 2277 vita:
2275 2221 2467 2275 ﬂenda
2495 2220 2813 2283 calamitas,
2847 2226 2903 2276 et
2931 2220 3168 2276 alterius
3201 2222 3592 2278 desideranda
3630 2223 3763 2279 feli-

2118 2303 2283 2356 citas.
2315 2301 2446 2357 Jam
2478 2315 2610 2355 vero
2642 2300 2711 2355 de
2741 2299 2869 2371 ipso
2913 2316 3150 2371 corpore
3179 2306 3263 2356 tot
3308 2303 3563 2357 existunt
3604 2320 3762 2358 mor-

2118 2382 2326 2437 borum
2362 2381 2539 2445 mala,
2571 2389 2631 2434 ut
2662 2397 2765 2435 nec
2796 2379 2961 2435 libris
2990 2382 3347 2436 medicorum
3379 2392 3589 2438 cuncta
3613 2399 3767 2439 com-

2119 2463 2408 2533 prehensa
2437 2462 2576 2518 sint.
2612 2462 2675 2517 In
2711 2478 2958 2533 quorum
2986 2462 3252 2534 pluribus
3281 2480 3347 2517 ac
3382 2480 3526 2535 pene
3570 2466 3762 2521 omni-

2114 2543 2224 2598 bus
2254 2543 2430 2599 etiam
2460 2542 2591 2614 ipsa
2617 2543 2959 2611 adjumenta
2987 2546 3044 2597 et
3074 2543 3498 2600 medicamenta
3517 2548 3767 2601 tormen-

2120 2631 2175 2679 ta
2223 2628 2379 2691 sunt,
2436 2628 2503 2678 ut
2560 2624 2825 2677 homines
2881 2640 2915 2677 a
2968 2640 3271 2694 pinnarum
3326 2624 3497 2681 exitio
3550 2626 3763 2697 pmnali

2119 2709 2400 2760 eruantur
2432 2703 2667 2758 auxilio.
2699 2703 2898 2758 Nonne
2929 2705 2997 2757 ad
3041 2702 3151 2757 hoc
3193 2704 3459 2773 perduxit
3501 2707 3766 2761 sitientes

2119 2783 2381 2839 homines
2410 2785 2582 2838 ardor
2610 2782 2907 2849 immanis,
2941 2788 3005 2837 ut
3026 2782 3249 2838 urinam
3284 2801 3518 2855 quoque
3550 2786 3769 2841 huma-

2120 2881 2254 2920 nam
2288 2865 2376 2919 vel
2401 2864 2575 2918 etiam
2611 2879 2777 2917 suam
2810 2862 3101 2918 liberant?
3151 2881 3343 2919 nonne
3392 2868 3462 2919 ad
3519 2864 3626 2921 hoc
3681 2866 3769 2921 fa-

2119 2960 2265 3008 mes,
2309 2949 2441 2999 uta
2498 2943 2773 2998 carnibus
2828 2942 3133 2998 hominum
3193 2944 3482 3000 abstinere
3532 2962 3591 3001 se
3649 2962 3765 3002 non

2116 3033 2371 3095 possent,
2449 3039 2560 3079 nec
2653 3024 2919 3079 inventos
2996 3024 3265 3079 homines
3320 3030 3601 3091 mortuos,
3662 3028 3764 3083 sed

2114 3114 2349 3175 propter
2381 3102 2491 3159 hoc
2520 3120 2551 3157 a
2610 3119 2672 3157 se
2729 3103 2977 3171 occisos,
3021 3120 3128 3158 nec
3186 3103 3475 3176 quoslibet
3522 3104 3763 3173 alienos,

2112 3201 2310 3239 verum
2343 3184 2520 3238 etiam
2554 3182 2705 3237 ﬁlios
2749 3190 2965 3239 matres
3017 3184 3347 3240 incredibili
3397 3186 3762 3255 crudelitate,

2114 3281 2285 3335 quam
2322 3265 2527 3318 rabida
2566 3264 2791 3318 esuries
2844 3264 3114 3331 faciebat,
3156 3266 3585 3322 absumerent?
3632 3272 3767 3338 Ipse

2115 3351 2409 3414 postremo
2442 3359 2708 3409 somnus,
2742 3344 2841 3414 qui
2875 3348 3107 3415 proprie
3134 3346 3350 3416 quietis
3400 3364 3612 3402 nomen
3662 3364 3766 3403 ac-

2113 3425 2285 3491 cepit,
2321 3427 2453 3493 quis
2488 3424 2676 3477 verbis
2711 3424 2957 3489 explicet
3005 3441 3158 3495 saape
3207 3427 3568 3483 somniorum
3620 3428 3761 3484 visis

2112 3520 2283 3571 quam
2318 3503 2394 3557 sit
2425 3502 2757 3571 inquietus;
2792 3510 2847 3557 et
2878 3520 3053 3574 quam
3101 3506 3351 3575 magnis,
3406 3506 3536 3560 licet
3586 3507 3760 3561 falsa-

2114 3599 2240 3638 rum
2278 3599 2489 3645 rerum,
2522 3582 2864 3646 terroribus,
2898 3599 3045 3653 quas
3079 3582 3160 3637 ita
3198 3586 3451 3650 exhibet,
3501 3590 3557 3640 et
3614 3603 3760 3656 quo-

2113 3663 2421 3717 dammodo
2451 3663 2743 3729 eXprimit,
2780 3668 2841 3715 ut
2872 3679 2905 3716 a
2956 3664 3101 3716 veris
3131 3680 3230 3718 eas
3278 3664 3609 3719 discernere
3664 3682 3756 3719 ne-

2111 3759 2418 3813 queamus,
2450 3743 2707 3795 animam
2743 3743 3015 3795 miseram
3050 3759 3381 3814 sensusque
3422 3744 3761 3813 perturbet?

2110 3825 2233 3887 Qua
2257 3822 2511 3876 falsitate
2543 3821 2797 3875 visorum
2831 3823 3006 3877 etiam
3054 3822 3359 3892 vigilantes
3409 3824 3467 3878 in
3518 3825 3763 3896 quibus-

2109 3904 2243 3958 dam
2283 3905 2498 3957 lllOl‘th
2529 3908 2585 3955 et
2642 3903 2880 3956 venenis
2936 3903 3322 3959 miserabilius
3375 3907 3709 3975 agitanturl
3744 3923 3757 3962 :

2110 3985 2378 4053 quamvis
2456 3983 2803 4037 multimoda
2859 3987 3137 4038 varietate
3197 3984 3437 4039 tallacia
3500 3988 3761 4042 homines

2108 4067 2281 4120 etiam
2314 4079 2488 4117 sanos
2522 4062 2754 4132 maligni
2800 4064 3092 4117 daemones
3136 4080 3558 4134 nonnunquam
3602 4066 3760 4121 deci-

2110 4148 2272 4215 piant
2306 4144 2521 4198 talibus
2555 4144 2715 4210 visis,
2752 4148 2833 4207 ut,
2868 4144 3096 4198 etiamsi
3132 4161 3229 4199 eos
3264 4162 3362 4215 per
3396 4147 3513 4199 haec
3545 4147 3613 4200 ad
3649 4163 3757 4202 sua

2109 4229 2410 4281 traducere
2443 4242 2556 4279 non
2593 4224 2906 4292 potuerint,
2935 4242 3145 4278 sensus
3176 4233 3366 4279 tamen
3399 4242 3600 4281 eorum
3630 4226 3755 4282 solo

2109 4309 2365 4377 appetitu
2432 4307 2939 4377 qualitercumque
2995 4306 3409 4376 persuadendas
3467 4306 3744 4363 falsitatis

2108 4387 2376 4442 illuotant.

2180 4468 2231 4523 4.
2265 4470 2351 4523 Ab
2383 4466 2562 4536 huius
2601 4470 2718 4521 tam
2754 4466 2979 4520 miserae
3012 4467 3175 4536 quasi
3209 4466 3560 4536 quibusdam
3613 4467 3751 4527 infe-

2108 4548 2186 4602 ris
2221 4559 2367 4608 vnaa,
2396 4564 2509 4601 non
2542 4548 2750 4601 liberat
2783 4546 2892 4600 nisi
2935 4550 3120 4617 gratia
3161 4547 3473 4603 SalvatOris
3512 4548 3751 4612 Christi,

2107 4629 2203 4685 Dei
2239 4644 2304 4682 ac
2340 4628 2563 4682 Domini
2598 4629 2801 4683 nostri.
2854 4628 2971 4683 Hoc
3021 4629 3175 4683 enim
3230 4645 3441 4683 nomen
3495 4637 3584 4683 est
3628 4630 3752 4699 ipse

2103 4709 2316 4775 Jesus;
2347 4710 2758 4779 interpretatur
2787 4711 3001 4779 quippe
3032 4710 3323 4765 Salvator:
3380 4712 3629 4765 maxime
3680 4727 3751 4767 ne

2106 4800 2232 4860 post
2265 4791 2413 4844 hanc
2436 4790 2702 4845 miserior
2750 4806 2814 4842 ac
2864 4790 3223 4857 sempiterna
3272 4788 3573 4857 suscipiat,
3634 4805 3750 4845 non

2106 4873 2243 4937 vita,
2276 4878 2374 4927 sed
2409 4888 2584 4926 mors.
2618 4870 2762 4925 Nam
2793 4870 2850 4922 in
2886 4870 2996 4923 ista
3028 4870 3291 4938 quamvis
3323 4870 3434 4922 sint
3464 4886 3564 4938 per
3585 4886 3752 4925 sanc-

2106 4958 2167 5008 ta
2199 4969 2263 5008 ac
2301 4961 2533 5007 sanctos
2580 4950 2947 5004 curationum
3000 4966 3214 5019 magna
3262 4948 3502 5015 solatia;
3554 4954 3751 5007 tamen

2102 5034 2233 5089 ideo
2266 5049 2381 5087 non
2433 5046 2661 5101 semper
2704 5029 2879 5085 etiam
2926 5030 3049 5101 ipsa
3088 5029 3371 5085 beneﬁcia
3415 5029 3755 5088 tribuuntur

2107 5112 2454 5184 petentibus,
2492 5127 2561 5166 ne
2596 5114 2827 5182 propter
2859 5110 2965 5164 hoc
3005 5110 3207 5182 religio
3258 5115 3569 5180 quaeratur,
3626 5129 3755 5184 qua

2104 5201 2340 5268 propter
2370 5196 2545 5251 aliam
2590 5210 2774 5265 magis
2821 5192 3023 5256 vitam,
3062 5194 3159 5249 ubi
3216 5193 3364 5249 mala
3412 5209 3529 5248 non
3586 5203 3759 5251 erunt

2104 5274 2345 5333 omnino
2379 5275 2522 5343 ulla,
2562 5276 2875 5346 quaerenda
2921 5280 3046 5330 est:
3096 5281 3152 5330 et
3207 5274 3281 5329 ad
3332 5273 3436 5329 hoc
3488 5276 3757 5332 meliores

2109 5371 2377 5429 quosque
2406 5356 2465 5410 in
2500 5355 2592 5411 his
2641 5354 2807 5409 malis
2856 5355 3090 5424 adjuvat
3147 5354 3357 5427 gratia,
3416 5358 3481 5409 ut
3537 5359 3755 5426 quanto

2106 5435 2389 5507 ﬁdeliore,
2424 5441 2585 5493 tanto
2613 5436 2847 5492 fortiore
2872 5436 3043 5492 corde
3080 5435 3416 5492 tolerantur.
3457 5435 3542 5493 Ad
3576 5451 3755 5508 quam

2174 5601 2373 5717 {castius
2410 5572 2573 5656 sua.
2628 5604 2768 5668 Lov.,
2812 5603 3022 5656 mea
3062 5611 3127 5656 ει.
3158 5603 3403 5669 om,
3428 5602 3759 5658 metu

2174 5680 2204 5715 η
2256 5680 2297 5716 η
2362 5682 2415 5717 r.

2108 5680 2415 5728 agitentur.
