4146 6198
331 333 453 392 ’187

342 482 464 525 rem
513 464 689 521 etiam
738 458 1171 533 philosophiam
1238 457 1517 529 prodesse
1570 455 1774 511 dicunt
1831 453 1986 510 docti

336 547 513 617 hujus
560 542 778 609 seaculi,
842 556 1015 611 quam
1077 538 1155 593 dii
1213 536 1563 607 quibusdam
1619 534 1843 608 paucis,
1896 534 1982 617 ait

342 615 589 692 Tullius,
621 638 813 678 veram
847 621 1134 676 dederunt
1170 618 1272 691 (α).
1322 622 1437 673 Nec
1490 617 1847 682 horninibus,
1892 615 1979 671 in-

341 708 487 779 quit,
521 705 592 759 ab
625 704 716 757 bis
745 707 847 756 aut
867 702 1067 756 datum
1100 706 1189 755 est
1222 701 1439 755 donum
1474 698 1690 768 majus,
1732 705 1831 752 aut
1880 713 1982 767 po-

337 786 449 842 tuit
482 782 666 838 ullum
700 782 857 838 dari:
901 798 1089 853 usque
1119 781 1262 836 adeo
1310 783 1366 834 et
1412 779 1546 849 ipsi,
1598 782 1800 834 contra
1838 791 1983 847 quos

337 866 588 938 agimus,
623 879 857 934 quoquo
891 864 1061 917 modo
1094 859 1380 930 compulsi
1416 864 1554 913 sunt
1596 859 1653 913 in
1692 857 1982 938 habenda,

337 937 451 1001 nun
490 958 878 1015 quacumque,
947 943 1047 998 sed
1106 958 1240 997 vera
1299 938 1669 1011 philosophia
1723 937 1982 992 divinam

332 1024 587 1097 gratiam
622 1022 909 1078 confiteri.
947 1022 1119 1077 Porro
1152 1022 1199 1076 si
1236 1020 1439 1092 paucis
1472 1019 1752 1073 divinitus
1783 1018 1984 1071 datum

333 1096 422 1161 est
451 1121 595 1159 verae
637 1102 1015 1174 philosophia
1072 1106 1272 1157 contra
1321 1100 1590 1154 miserias
1633 1098 1812 1167 hujus
1858 1096 1986 1150 vita:

334 1183 919 1248 unicumauxilium,
948 1182 1089 1238 satis
1112 1187 1169 1238 et
1201 1182 1335 1235 hino
1374 1184 1613 1251 apparet
1658 1179 1985 1233 humanum

335 1282 520 1337 genus
553 1265 622 1319 ad
650 1264 898 1318 luendas
931 1262 1297 1317 miseriarum
1334 1276 1530 1329 pcenas
1572 1274 1696 1314 esse
1739 1258 1987 1312 damna-

340 1354 485 1402 tum.
520 1345 683 1400 Sicut
713 1349 907 1399 autem
941 1343 1071 1412 hoc,
1119 1348 1178 1398 ut
1230 1344 1507 1407 fatentur,
1560 1338 1787 1393 nullum
1833 1337 1986 1391 divi-

344 1443 481 1482 num
516 1427 705 1496 majus
738 1430 827 1480 est
857 1426 1097 1491 donum,
1130 1424 1214 1479 sic
1246 1440 1274 1478 a
1320 1421 1481 1477 nullo
1529 1420 1635 1475 deo
1690 1420 1815 1474 dari
1865 1434 1990 1474 cre-

340 1507 597 1564 dendum
621 1510 729 1574 est,
764 1504 875 1559 nisi
911 1506 981 1560 ab
1017 1504 1136 1573 illo,
1184 1521 1295 1573 quo
1331 1507 1387 1557 et
1443 1501 1555 1573 ipsi
1614 1501 1713 1569 qui
1772 1498 1989 1553 multos

345 1589 484 1644 deos
514 1587 733 1653 colunt,
770 1584 999 1639 nullum
1033 1584 1234 1639 dicunt
1264 1598 1390 1639 esse
1425 1582 1728 1651 majorem.

343 1746 574 1803 CAPUT
608 1745 803 1801 XXIII.
836 1775 904 1784 —
938 1744 1008 1797 De
1040 1743 1123 1797 his
1153 1759 1289 1814 quae,
1322 1748 1520 1813 praeter
1550 1742 1651 1796 illa
1680 1741 1831 1795 mata
1868 1754 1994 1811 quae

414 1828 567 1883 bonis
596 1825 873 1897 malisque
901 1823 1215 1879 communia
1245 1831 1397 1893 sunt,
1429 1822 1497 1877 ad
1527 1822 1808 1893 justorum
1846 1820 1993 1875 tabo-

415 1924 531 1962 rem
561 1906 876 1977 specialiter
900 1906 1197 1976 pertinent.

418 2044 628 2098 Praeter
657 2041 777 2097 hinc
811 2047 1007 2096 autem
1039 2038 1193 2094 mala
1223 2037 1401 2109 hujus
1434 2037 1559 2092 vitae
1593 2035 1762 2091 bonis
1794 2033 1991 2090 malis-

347 2141 461 2196 que
492 2123 840 2189 communia,
878 2123 1089 2176 habent
1123 2120 1178 2173 in
1212 2135 1279 2173 ea
1314 2118 1459 2188 justi
1511 2118 1681 2171 etiam
1736 2115 1998 2196 pr0prios

353 2195 637 2278 quosdam
677 2205 901 2259 labores
933 2218 1092 2269 suos,
1128 2201 1338 2271 quibus
1367 2200 1645 2254 adversus
1677 2198 1814 2252 vitia
1842 2195 1997 2251 mili-

350 2293 501 2353 tant,
524 2293 581 2342 et
611 2287 671 2341 in
704 2285 910 2340 talium
946 2283 1281 2355 praeliorum
1317 2281 1741 2337 tentationibus
1773 2278 2000 2350 pericu-

350 2368 542 2441 lisque
572 2373 897 2423 versantur.
934 2364 1245 2435 Aliquando
1285 2364 1438 2416 enim
1487 2360 1854 2423 concitatius,
1896 2358 1999 2413 ali-

352 2450 589 2522 quando
623 2448 947 2512 remissius,
983 2462 1093 2500 non
1130 2450 1324 2500 tamen
1358 2443 1575 2498 desinit
1616 2459 1749 2499 caro
1794 2457 2004 2497 concu-

350 2532 573 2603 piscers
619 2529 897 2584 adversus
954 2525 1249 2598 spiritum,
1308 2528 1364 2579 et
1421 2523 1667 2594 spiritus
1727 2523 2004 2603 adversus

344 2600 609 2678 carnem,
644 2612 706 2662 ut
737 2623 848 2662 non
881 2622 949 2661 ea
980 2622 1106 2678 quae
1154 2605 1421 2661 volumus
1471 2603 1755 2658 faciamus
1803 2600 2005 2671 (Galat.

352 2707 406 2757 v,
444 2689 556 2760 17),
588 2703 823 2744 omnem
855 2685 1065 2741 malam
1097 2683 1630 2753 concupiscentiam
1664 2697 2010 2737 consumen-

355 2772 428 2826 do
458 2788 470 2837 ;
504 2769 608 2825 sed
640 2784 771 2824 eam
805 2767 998 2834 nobis,
1033 2770 1317 2838 quantum
1352 2764 1631 2819 divinitus
1662 2763 1846 2833 adjuti
1880 2777 2010 2833 pos—

357 2865 589 2914 sumus,
651 2864 767 2902 non
824 2848 875 2903 ei
936 2846 1352 2902 consentiendo
1413 2843 1757 2911 subdamus,
1799 2841 2011 2914 vigiliis

363 2928 656 2984 continuis
688 2928 1061 2995 excubantes,
1097 2943 1168 2981 ne
1198 2924 1393 2997 opinio
1423 2924 1541 2980 veri
1571 2924 1781 2978 similis
1830 2921 2012 2991 fallat,

367 3024 439 3065 ne
470 3007 715 3079 decipiat
748 3025 941 3063 sermo
972 3015 1262 3074 versutus,
1307 3023 1380 3062 ne
1428 3023 1490 3063 se
1539 3007 1789 3061 tenebra
1840 3003 2016 3059 alicu-

362 3090 465 3160 jus
497 3088 711 3142 erroris
751 3087 1077 3149 otl'undant,
1104 3102 1172 3143 ne
1203 3088 1354 3157 quod
1398 3087 1614 3142 bonum
1646 3090 1735 3141 est
1775 3084 2014 3153 malum,

369 3173 472 3226 aut
496 3168 650 3238 quod
686 3167 904 3222 malum
933 3172 1021 3222 est
1050 3167 1271 3223 bonum
1314 3181 1437 3221 esse
1488 3168 1778 3233 credatur,
1826 3181 1896 3219 ne
1945 3164 2017 3219 ab

368 3249 464 3304 his
494 3264 623 3319 quae
649 3249 876 3319 agenda
903 3251 1041 3303 sunt
1075 3251 1266 3302 metus
1321 3253 1564 3315 revocet,
1591 3261 1661 3301 ne
1692 3246 1750 3300 in
1782 3262 1849 3300 ea
1888 3260 2017 3316 qua:

369 3329 593 3401 agenda
652 3344 764 3386 non
834 3334 975 3384 sunt
1041 3328 1253 3398 cupido
1323 3328 1657 3400 praecipitet,
1713 3344 1786 3382 ne
1844 3342 2020 3396 super

366 3410 733 3466 iracundiam
765 3409 851 3466 sol
875 3410 1099 3467 occidat
1118 3410 1336 3481 (Ephes.
1368 3427 1442 3479 1v,
1468 3410 1582 3482 26),
1609 3425 1679 3463 ne
1699 3407 2018 3463 inimicitiae

364 3495 681 3562 provocent
702 3491 771 3545 ad
798 3492 1239 3547 retributionem
1262 3491 1400 3546 mali
1424 3507 1524 3560 pro
1552 3488 1804 3556 malo,no
1824 3489 2020 3542 absor-

363 3571 496 3627 beat
517 3572 574 3626 in
607 3571 852 3627 honesta
882 3572 970 3627 vel
1002 3572 1383 3627 immoderata
1413 3570 1665 3637 tristitia,
1700 3585 1769 3621 ne
1811 3568 2022 3638 imper-

363 3652 696 3708 tiendorum
719 3653 1136 3709 beneﬁciorum
1172 3654 1402 3724 ingerat
1434 3665 1601 3705 mens
1652 3651 1879 3721 ingrata
1904 3658 2017 3704 tor-

364 3750 589 3804 porem,
626 3748 699 3788 ne
743 3733 1045 3789 maledicis
1078 3733 1412 3788 rumoribus
1460 3730 1615 3785 bona
1661 3730 2021 3787 conscientia

366 3813 667 3884 fatigetur,
702 3830 772 3869 ne
803 3814 1110 3869 temeraria
1142 3813 1212 3868 de
1240 3812 1352 3868 alio
1384 3810 1637 3882 suspicio
1670 3826 1774 3865 nos
1822 3819 2021 3866 nostra

368 3893 719 3965 decipiat,ne
749 3894 940 3949 aliena
963 3895 1033 3949 de
1060 3893 1228 3948 nobis
1252 3890 1396 3946 falsa
1418 3907 1523 3945 nos
1548 3892 1870 3963 frangat,ne
1893 3906 2017 3962 reg-

369 3978 466 4028 net
489 3980 791 4045 peccatum
817 3974 875 4028 in
903 3977 1097 4029 nostro
1122 3970 1355 4027 mortali
1386 3987 1622 4041 corpore
1643 3972 1712 4024 ad
1745 3971 2020 4026 obedien-

370 4054 508 4108 dum
544 4054 849 4110 desideriis
880 4055 1023 4124 ejus,
1059 4068 1130 4107 ne
1160 4052 1423 4107 membra
1469 4058 1668 4106 nostra
1704 4050 2019 4106 exhibean-

369 4140 462 4190 tur
495 4136 821 4207 iniquitatis
850 4152 1015 4191 arma
1046 4139 1277 4206 peccato
1308 4134 1483 4202 (Rom.
1533 4148 1609 4199 v1,
1661 4132 1745 4197 12,
1779 4132 1889 4204 13),
1948 4146 2019 4186 ne

370 4216 573 4271 oculus
632 4224 905 4288 sequatur
953 4214 1512 4286 concupiscentiam,
1572 4228 1642 4267 ne
1689 4211 2020 4266 vindicandi

370 4296 657 4363 cupiditas
685 4298 897 4364 vincat,
934 4312 1003 4351 ne
1034 4297 1096 4351 in
1118 4311 1183 4351 eo
1216 4294 1372 4365 quod
1422 4293 1570 4347 male
1615 4293 1880 4359 delectat,
1936 4295 2022 4351 vel

369 4376 512 4431 visio
571 4375 657 4430 vel
717 4376 984 4445 cogitatio
1029 4378 1373 4440 remoretur,
1427 4388 1497 4426 ne
1540 4371 1877 4442 improbum
1922 4377 2022 4427 aut

369 4453 644 4509 indecens
685 4455 921 4509 verbum
968 4455 1217 4508 libenter
1255 4452 1542 4517 audiatur,
1608 4467 1679 4505 ne
1726 4451 1826 4506 ﬁat
1865 4450 2023 4522 quod

378 4549 493 4587 non
526 4532 679 4596 licet,
715 4534 943 4589 etiamsi
974 4532 1137 4596 libet,
1173 4547 1243 4585 ne
1292 4530 1348 4585 in
1383 4529 1491 4586 hoc
1548 4530 1700 4585 bello
1753 4531 2020 4586 laborum

376 4612 890 4685 periculorumque
923 4612 1269 4686 plenissimo
1299 4612 1388 4667 vel
1430 4612 1497 4667 de
1539 4612 1760 4666 viribus
1807 4611 2022 4666 nostris

372 4697 638 4764 speretur
669 4693 933 4749 facienda
962 4693 1225 4759 victoria,
1260 4692 1343 4748 vel
1378 4691 1598 4745 viribus
1628 4691 1846 4744 nostris
1871 4691 2025 4744 facta

373 4774 693 4844 tribuatur,
729 4775 828 4831 sed
864 4776 989 4845 ejus
1019 4773 1239 4845 gratia),
1282 4773 1351 4827 de
1392 4789 1507 4843 quo
1553 4770 1628 4825 ait
1676 4769 2020 4838 Apostolus:

373 4857 596 4911 Gratias
649 4862 834 4911 autem
889 4858 1019 4923 Deo,
1077 4858 1174 4926 qui
1231 4856 1326 4909 dat
1382 4855 1538 4908 nobis
1595 4852 1882 4906 victoriam
1927 4866 2027 4921 per

376 4936 669 4991 Domi-num
697 4942 945 4992 nostrum
973 4938 1156 4993 Iesum
1199 4935 1475 4990 Christum
1526 4933 1571 5004 (Ι
1604 4932 1725 4987 Cor.
1777 4948 1865 4999 xv,
1907 4932 2022 5003 57).

376 5017 481 5082 Qui
512 5024 565 5072 et
595 5016 709 5071 alio
743 5018 887 5084 loco,
920 5020 983 5073 In
1024 5017 1133 5084 his,
1179 5015 1393 5087 inquit,
1440 5014 1696 5069 omnibus
1732 5015 2024 5084 supervin-

374 5100 548 5153 cimus
574 5114 677 5169 per
699 5113 825 5152 eum
857 5099 956 5169 qni
984 5096 1181 5152 dilexit
1204 5112 1300 5151 nos
1334 5096 1504 5167 (Rem.
1543 5110 1666 5161 VIII,
1709 5094 1823 5164 37).
1872 5093 2026 5148 Scia-

374 5194 505 5235 mus
536 5183 732 5235 tamen
766 5178 1133 5256 quantalibet
1160 5178 1373 5233 virtute
1404 5174 1708 5249 pra-liandi
1741 5175 1898 5231 vitiis
1939 5190 2026 5231 re-

428 5385 506 5447 (a)
577 5384 676 5433 Ubi
742 5384 843 5433 hoc
900 5384 968 5432 ad
1028 5384 1256 5431 verbum
1310 5384 1453 5431 dicat
1525 5384 1649 5431 Cios:

376 5447 600 5497 memini
657 5445 933 5496 Sententia
988 5445 1180 5494 similis
1240 5446 1321 5495 est
1374 5445 1431 5493 in
1508 5445 1649 5494 libro

742 5384 843 5433 hoc
900 5384 968 5432 ad
1028 5382 1256 5431 verbum
1310 5382 1453 5431 dicat
1525 5381 1721 5439 Cicero,
1780 5395 1888 5432 non
1945 5384 2029 5431 sat

377 5446 600 5497 memini
657 5446 933 5496 Sententia
988 5446 1180 5494 similis
1240 5446 1321 5495 est
1374 5446 1431 5493 in
1508 5446 1649 5494 libro
1714 5446 1903 5508 quinto
1964 5446 2029 5494 de

377 5510 597 5559 Finibus
653 5510 914 5559 bonorum
972 5511 1026 5558 et
1080 5509 1364 5567 malorum,
1420 5520 1533 5567 cap.
1590 5508 1697 5558 21:
1756 5509 2030 5558 Praeclare

370 5573 513 5619 enim
567 5572 760 5621 Plato:
806 5572 1026 5620 Beatum
1072 5572 1158 5621 cui
1215 5571 1378 5620 etiam
1427 5590 1452 5615 «
1483 5571 1539 5620 in
1597 5572 1866 5621 senectute
1910 5584 2028 5621 con-

372 5651 397 5676 «
430 5633 623 5696 tigerit,
695 5637 756 5682 ut
810 5635 1128 5696 sapientiam
1185 5647 1443 5696 verasque
1471 5634 1751 5696 opiniones
1806 5634 2018 5695 assequi

382 5712 408 5736 «ι
444 5694 632 5754 possit.
664 5712 691 5739 »
722 5696 839 5743 Luo.
870 5694 1033 5746 Vivus.

1394 322 1497 381 DE
1538 318 1902 381 CIVITATE
1945 318 2096 391 DEI,
2141 319 2206 379 S.
2254 317 2683 379 AUGUSTINI

2097 469 2443 526 pugnemus,
2475 452 2565 510 vel
2599 453 2775 510 etiam
2807 454 2948 511 vitia
2984 471 3327 525 superemus
3366 460 3425 514 et
3472 458 3749 532 subjuge-

2097 552 2248 600 mus,
2281 536 2560 606 quamdiu
2592 552 2799 591 sumus
2829 536 2888 591 in
2921 537 3030 593 hoc
3062 553 3324 608 corpore,
3350 538 3517 595 nobis
3540 542 3747 597 deesse

2095 634 2210 672 non
2247 634 2416 687 posse
2449 617 2602 673 unde
2625 618 2889 674 dicamus
2921 619 3059 685 Deo,
3090 621 3322 675 Dimitte
3358 622 3513 677 nobis
3559 622 3744 679 debita

2094 706 2287 754 nostra
2317 698 2524 767 (Matth.
2554 714 2629 765 vi,
2664 698 2765 768 12).
2801 699 2865 753 In
2900 699 2997 755 illo
3031 708 3223 755 autem
3256 716 3432 772 regno
3454 702 3554 757 ubi
3592 719 3747 758 sem-

2098 795 2199 851 per
2266 796 2399 833 cum
2459 778 2798 850 corporibus
2846 779 3278 836 immortalibus
3335 782 3578 849 erimus,
3638 801 3744 840 nec

2099 857 2292 930 praelia
2318 858 2482 914 nobis
2516 864 2687 914 erunt
2714 860 2850 923 ulla,
2886 877 2989 916 nec
3021 861 3252 930 debita;
3288 878 3411 933 quis
3453 880 3744 935 nusquam

2098 944 2156 995 et
2187 956 2488 1010 nunquam
2522 948 2736 1007 essent,
2783 941 2831 994 si
2875 946 3084 996 natura
3132 950 3349 1009 nostra,
3394 942 3544 998 sicut
3593 951 3748 1000 recta

2099 1024 2293 1073 creata
2323 1024 2432 1086 est,
2466 1025 2851 1090 permaneret.
2885 1023 2964 1075 Ao
3017 1037 3117 1090 per
3157 1022 3264 1077 hoc
3312 1024 3488 1077 etiam
3547 1030 3750 1079 noster

2099 1100 2211 1155 iste
2242 1100 2567 1167 conflictus,
2603 1101 2659 1155 in
2692 1117 2807 1170 quo
2839 1101 3260 1171 periclitamur,
3293 1108 3347 1158 et
3381 1104 3450 1158 de
3482 1120 3596 1175 quo
3640 1121 3749 1160 nos

2098 1181 2339 1236 victoria
2370 1182 2691 1238 novissima
2709 1184 2980 1253 cupimus
3013 1183 3267 1252 liberari,
3302 1185 3370 1237 ad
3404 1184 3533 1239 vitm
3574 1185 3751 1256 hujus

2101 1265 2254 1318 mala
2286 1263 2547 1332 pertinet,
2598 1279 2768 1332 quam
2814 1268 2896 1317 tot
2944 1268 3360 1334 tantorumque
3412 1265 3751 1321 testimonio

2104 1342 2388 1398 malorum
2426 1343 2737 1414 probamus
2765 1346 2780 1379 ⁸
2814 1358 2943 1397 esse
2973 1344 3337 1400 damnatam.

2103 1504 2334 1559 CAPUT
2368 1503 2567 1560 XXIV.
2588 1534 2658 1543 -
2689 1505 2761 1559 De
2793 1505 2948 1559 bonis
2978 1504 3179 1574 quibus
3202 1506 3370 1561 etiam
3413 1505 3555 1561 hanc
3580 1507 3752 1562 vitam

2307 1584 2657 1639 damnationi
2686 1584 2988 1640 obnoxiam
3020 1585 3247 1640 Creator
3276 1586 3546 1647 implevit.

2178 1721 2226 1774 1.
2258 1719 2391 1775 Jam
2442 1736 2597 1775 nunc
2655 1720 3133 1776 considerandum
3183 1724 3293 1789 est,
3352 1720 3504 1776 hanc
3564 1722 3754 1792 ipsam

2107 1801 2402 1855 miseriam
2434 1800 2665 1871 generis
2698 1800 3041 1867 bumani,in
3074 1817 3186 1872 qua
3222 1801 3497 1857 laudatur
3521 1802 3759 1871 justitia

2107 1882 2703 1955 punientis,qualibus
2734 1888 2984 1953 etquam
3011 1882 3211 1939 multis
3236 1883 3562 1954 impleverit
3588 1884 3759 1939 bonis

2108 1962 2372 2031 ejusdem
2406 1963 2655 2031 bonitas,
2691 1968 2901 2017 cuncta
2932 1978 3059 2032 qum
3100 1964 3313 2018 creavit
3344 1963 3760 2019 administran-

2106 2043 2202 2097 tis.
2239 2041 2496 2097 Primum
2534 2043 2997 2097 benedictionem
3025 2042 3183 2098 illam
3227 2059 3402 2114 quam
3437 2044 3763 2115 protulerat

2110 2127 2244 2176 ante
2276 2128 2604 2193 peccatum,
2633 2123 2855 2189 dicens,
2895 2123 3148 2189 Crescite,
3182 2131 3231 2177 et
3276 2123 3759 2194 multiplicamini,

2110 2207 2160 2258 et
2189 2204 2390 2273 replete
2417 2210 2626 2258 terram
2674 2205 2830 2275 (Gen.
2869 2220 2909 2272 ι,
2962 2204 3079 2276 28),
3140 2221 3245 2260 nec
3276 2211 3405 2275 post
3453 2212 3759 2277 peccatum

2111 2282 2295 2337 voluit
2326 2283 2589 2338 inhibere
2613 2284 2940 2353 mansitque
2961 2282 3020 2337 in
3054 2284 3234 2353 stirpe
3254 2285 3530 2342 damnata
3551 2287 3764 2341 donata

2113 2364 2439 2419 fecunditas
2465 2381 2478 2431 ;
2507 2380 2610 2420 nec
2632 2364 2787 2418 illam
2812 2363 2928 2418 vim
2963 2364 3292 2420 mirabilem
3324 2366 3762 2434 seminum,imo

2113 2446 2285 2501 etiam
2321 2445 2733 2500 mirabiliorem
2768 2461 2879 2515 qua
2917 2445 3253 2501 efficiuntur
3283 2451 3340 2502 et
3387 2448 3635 2515 semina,
3677 2450 3763 2504 iu-

2114 2525 2295 2580 ditam
2327 2526 2665 2595 corporibus
2698 2525 2974 2580 humanis
3006 2530 3062 2580 et
3091 2525 3523 2596 quodammodo
3567 2530 3762 2584 intex-

2114 2611 2254 2675 tam,
2306 2606 2519 2676 peccati
2570 2607 2775 2661 vitium
2808 2606 2996 2679 potuit
3024 2610 3272 2677 auferre,
3303 2626 3414 2678 quo
3446 2610 3618 2667 nobis
3649 2611 3761 2667 im-

2117 2691 2282 2757 pacta
2312 2691 2402 2741 est
2431 2687 2605 2741 etiam
2640 2687 2955 2742 necessitas
3008 2688 3213 2742 mortis
3242 2705 3255 2743 :
3301 2690 3403 2745 sed
3452 2694 3767 2761 utrumque

2119 2765 2292 2821 simul
2325 2768 2502 2821 currit
2530 2766 2641 2822 isto
2672 2767 2840 2837 quasi
2874 2767 3049 2822 ﬂuvio
3076 2772 3250 2838 atque
3276 2774 3523 2825 torrente
3542 2768 3767 2841 generis

2122 2847 2402 2915 humani;
2442 2848 2660 2902 malum
2695 2849 2846 2917 quod
2880 2864 2913 2901 a
2945 2855 3183 2918 parente
3233 2848 3508 2918 trahitur,
3560 2854 3615 2906 et
3660 2851 3766 2905 bo-

2121 2943 2261 2981 num
2296 2927 2444 2997 quod
2477 2944 2509 2981 a
2557 2931 2787 2981 creante
2839 2927 3133 2982 tribuitur.
3183 2927 3242 2983 In
3295 2928 3559 3000 originali
3609 2928 3767 2985 malo

2124 3007 2228 3062 deo
2261 3012 2419 3073 sunt,
2454 3014 2751 3078 peccatum
2777 3012 2949 3079 atque
2980 3007 3337 3078 supplicium
3365 3026 3379 3063 :
3406 3010 3464 3064 in
3498 3004 3773 3081 originali

2125 3088 2273 3143 bono
2322 3086 2438 3141 alia
2487 3087 2623 3153 duo,
2684 3088 3022 3158 propagatio
3078 3092 3134 3143 et
3195 3090 3598 3145 conformatio.
3656 3088 3775 3146 Sed

2124 3172 2405 3238 quantum
2439 3167 2507 3221 ad
2542 3175 2878 3237 praesentem
2911 3167 3160 3239 pertinet
3202 3168 3591 3226 intentionem
3642 3186 3775 3226 nos-

2124 3256 2295 3317 tram,
2322 3252 2390 3304 de
2424 3249 2617 3319 malis,
2645 3266 2890 3319 quorum
2923 3266 3107 3305 unum
3140 3251 3213 3306 de
3243 3255 3440 3307 nostra
3469 3253 3623 3307 venit
3664 3269 3776 3308 au-

2125 3330 2312 3396 dacia,
2346 3330 2401 3384 id
2433 3335 2522 3385 est
2552 3333 2873 3401 peccatum,
2908 3329 3155 3385 alterum
3186 3332 3258 3386 de
3307 3331 3529 3401 iudicio
3558 3332 3682 3401 Dei,
3715 3332 3773 3387 id

2123 3414 2213 3465 est
2243 3408 2625 3480 supplicium,
2648 3409 2770 3479 jam
2805 3408 2947 3463 satis
2981 3408 3260 3466 diximus.
3302 3410 3467 3468 Nunc
3498 3412 3569 3468 de
3602 3412 3773 3466 bonis

2126 3490 2243 3555 Dei,
2280 3489 2541 3561 quaeipsi
2572 3505 2799 3561 quoque
2831 3488 3043 3543 vitiatas
3098 3490 3501 3563 damnataeque
3550 3496 3772 3546 natura;

2125 3571 2388 3636 contulit,
2422 3571 2541 3625 sive
2572 3585 2746 3640 usque
2794 3585 2949 3625 nunc
2996 3570 3239 3640 confert,
3283 3570 3475 3626 dicere
3520 3571 3776 3628 institui.

2124 3651 2323 3722 Neque
2355 3652 2502 3705 enim
2533 3650 2865 3705 damnando
2915 3653 3017 3704 aut
3074 3654 3259 3706 totum
3322 3651 3565 3707 abstulit
3622 3652 3778 3723 quod

2124 3730 2379 3800 dederat,
2413 3728 2673 3800 alioquin
2706 3744 2808 3785 nec
2849 3731 3002 3783 esset
3034 3730 3311 3795 omnino;
3354 3736 3459 3785 aut
3504 3745 3635 3786 eam
3684 3747 3780 3786 re-

2126 3812 2307 3866 movit
2333 3827 2364 3864 a
2397 3827 2499 3865 sua
2532 3814 2832 3881 potestate,
2864 3807 3040 3863 etiam
3072 3825 3207 3865 cum
3250 3809 3479 3867 diabolo
3525 3811 3777 3881 poenali-

2124 3895 2211 3946 ter
2240 3890 2524 3955 subdidit,
2554 3906 2685 3944 cum
2723 3904 2825 3944 nec
2856 3888 3047 3958 ipsum
3081 3888 3380 3946 diabolum
3408 3907 3439 3945 a
3471 3906 3579 3946 suo
3632 3891 3778 3945 alie-

2126 3971 2347 4028 naverit
2379 3970 2662 4040 imperio;
2694 3968 3173 4040 quandoquidem
3208 3975 3271 4025 ut
3298 3970 3483 4041 ipsius
3535 3986 3777 4044 quoque

2126 4051 2340 4107 diaboli
2369 4056 2576 4106 natura
2609 4051 2906 4121 subsistat,
2953 4048 3049 4106 ille
3082 4050 3217 4107 facit
3257 4053 3355 4123 qui
3407 4067 3637 4107 summe
3667 4055 3776 4119 est,

2124 4137 2181 4186 et
2211 4131 2349 4185 facit
2378 4146 2505 4185 esse
2536 4129 2819 4202 quidquid
2851 4132 3046 4206 aliquo
3080 4132 3251 4186 modo
3284 4135 3390 4187 est.

2193 4215 2247 4267 2.
2280 4211 2536 4267 Duorum
2572 4211 2747 4280 igitur
2794 4212 3047 4283 illorum,
3111 4229 3237 4284 quae
3297 4211 3558 4267 diximus
3620 4211 3775 4267 bona

2126 4293 2300 4347 etiam
2336 4292 2394 4345 in
2429 4296 2697 4346 naturam
2757 4304 2990 4363 peccato
3047 4294 3311 4349 vitiatam
3370 4292 3781 4365 supplicioque

2127 4374 2461 4427 damnatam
2496 4370 2566 4426 de
2596 4371 2874 4429 bonitatis
2920 4376 3050 4444 ejus
3102 4372 3358 4444 quodam
3399 4372 3578 4427 veluti
3622 4372 3781 4426 fonte

2128 4468 2385 4518 manare,
2418 4454 2895 4522 propagationem
2928 4455 2984 4510 in
3015 4453 3221 4526 primis
3254 4452 3460 4508 mundi
3491 4452 3770 4523 operibus

2127 4533 2526 4589 benedictione
2553 4533 2798 4605 largitus
2826 4540 2936 4603 est,
2990 4553 3022 4592 a
3074 4536 3287 4606 quibus
3345 4533 3625 4605 operibus
3689 4532 3782 4587 die

2128 4614 2374 4684 septimo
2407 4615 2703 4687 requievit.
2735 4616 3131 4673 Conformatio
3165 4630 3295 4671 vero
3328 4615 3389 4670 in
3419 4613 3518 4670 illo
3549 4615 3681 4685 eius
3698 4620 3781 4669 est

2127 4711 2318 4766 opere,
2355 4712 2471 4767 quo
2512 4712 2700 4767 usque
2748 4713 2904 4753 nunc
2956 4700 3233 4768 operatur
3292 4697 3474 4764 (Joan.
3532 4711 3610 4759 vr,
3674 4694 3779 4764 t7).

2129 4778 2431 4832 Efficacem
2453 4776 2663 4848 quippe
2696 4779 3004 4848 potentiam
3061 4794 3228 4833 suam
3274 4776 3367 4831 si2
3416 4777 3591 4831 rebus
3642 4775 3782 4830 sub-

2127 4857 2339 4924 trahat,
2392 4872 2497 4912 nec
2555 4858 2822 4929 progredi
2876 4863 3147 4928 poterunt
3194 4865 3248 4913 et
3309 4856 3433 4912 suis
3490 4855 3783 4910 dimensis

2132 4938 2384 4993 motibus
2418 4953 2687 5008 peragere
2718 4941 3002 5008 tempora,
3039 4953 3145 4993 nec
3179 4953 3420 5008 prorsus
3452 4936 3511 4991 in
3538 4951 3605 4991 eo
3630 4935 3784 5006 quod

2130 5022 2332 5074 creatis
2383 5024 2519 5071 sunt
2568 5016 2940 5087 aliquatenus
2996 5017 3443 5088 permanebunt.
3501 5015 3597 5071 Sic
3646 5030 3780 5086 ergo

2130 5100 2345 5154 creavit
2374 5097 2672 5153 hominem
2711 5098 2881 5164 Deus,
2919 5104 2982 5153 ut
3013 5097 3094 5153 illi
3141 5098 3381 5152 adderet
3427 5095 3782 5151 fertilitatem

2131 5181 2472 5254 quamdam,
2504 5196 2618 5250 qua
2646 5180 2915 5237 homines
2967 5181 3111 5235 alios
3156 5183 3522 5251 propagaret,
3565 5194 3775 5249 conge-

2134 5279 2343 5317 nerans
2373 5262 2456 5316 eis
2488 5261 2673 5332 ipsam
2707 5262 2884 5316 etiam
2919 5262 3273 5332 propagandi
3309 5258 3772 5331 possibilitatem,

2135 5359 2246 5397 non
2280 5342 2700 5407 necessitatem,
2733 5341 2947 5411 quibus
2980 5347 3173 5397 tamen
3211 5339 3386 5395 voluit
3428 5338 3783 5395 hominibus

2200 5571 2212 5602 ¹
2249 5566 2333 5615 Sic
2362 5565 2483 5615 Mss.
2516 5564 2654 5613 Editi
2690 5566 2885 5619 autem.
2910 5562 3293 5623 probavimus.

2139 5630 2218 5742 M2
2279 5632 2425 5687 Lov.,
2489 5630 2539 5677 si
2583 5628 2733 5687 jam.
2794 5629 2977 5687 Abest,
3026 5629 3162 5689 iam,
3221 5627 3288 5676 ab
3344 5625 3502 5677 editis
3547 5624 3670 5676 aliis
3723 5628 3777 5676 et

2193 5706 2264 5743 ss.
