4134 6198
401 397 521 458 789

404 532 648 591 abstulit
676 548 797 588 eam
825 529 997 596 Deus,
1020 532 1076 585 et
1105 528 1334 584 steriles
1365 529 1602 585 fuerunt
1637 547 1651 585 :
1697 545 1812 584 non
1854 534 2049 585 tamen

402 613 601 687 generi
633 613 889 667 humano
922 609 1166 666 abstulit
1197 609 1375 666 semel
1407 611 1599 666 datam
1653 610 1860 682 primis
1912 613 2050 666 duo-

401 697 514 752 bus
545 694 893 766 conjugibus
952 691 1416 747 benedictionem
1477 691 1862 764 generandi‘.
1925 691 2052 748 Haec

399 795 535 850 ergo
568 777 908 850 propagatio
933 774 1199 846 quamvis
1221 779 1457 845 peccato
1481 775 1676 830 ablata
1700 791 1814 830 non
1852 774 2051 844 fuerit,

400 876 517 916 non
549 864 742 915 tamen
775 858 948 912 etiam
984 855 1113 927 ipsa
1152 854 1286 911 talis
1316 862 1430 924 est,
1483 855 1672 927 qualis
1723 854 1949 923 fuisset,
2004 856 2052 910 si

401 956 570 996 nemo
606 943 918 1011 peccasset.
947 936 1027 990 Ex
1051 952 1162 1007 quo
1192 939 1346 992 enim
1372 937 1549 992 homo
1579 936 1638 992 in
1685 936 1902 992 honore
1954 952 2054 1006 po-

400 1022 572 1088 situs,
602 1025 978 1091 posteaquam
1027 1017 1292 1089 deliquit,
1327 1027 1699 1088 comparatus
1721 1022 1809 1073 est
1839 1017 2055 1088 pecori-

399 1103 510 1158 bus
541 1100 707 1171 (Psal.
741 1115 940 1163 xnvm,
976 1098 1084 1170 13),
1119 1098 1392 1154 similiter
1422 1104 1696 1171 generat:
1733 1115 1850 1153 non
1885 1099 1941 1152 in
1987 1114 2052 1153 eo

402 1189 599 1238 tamen
633 1180 866 1252 penitus
897 1178 1185 1234 exstincta
1215 1183 1304 1234 est
1335 1181 1599 1251 quadam
1628 1178 1780 1235 velut
1801 1177 2053 1233 scintilla

402 1261 663 1327 rationis,
695 1261 754 1316 in
784 1276 902 1331 qua
933 1260 1122 1314 factus
1154 1264 1243 1316 est
1273 1260 1342 1314 ad
1386 1260 1700 1331 imaginem
1745 1259 1865 1314 Dei.
1908 1259 2053 1313 Huic

401 1347 592 1398 autem
617 1340 1019 1413 propagationi
1044 1339 1092 1394 si
1115 1340 1497 1395 conformatio
1521 1356 1634 1395 non
1657 1339 2050 1406 adhiberetur,

402 1439 507 1477 nec
537 1422 664 1493 ipsa
696 1421 753 1475 in
788 1421 876 1475 sui
914 1418 1142 1491 generis
1176 1421 1392 1475 formas
1418 1419 1738 1490 modosque
1784 1419 2055 1489 procede—

400 1506 508 1558 ret.
541 1502 594 1557 Si
629 1501 786 1557 enim
819 1517 933 1555 non
966 1500 1421 1556 concubuissent
1452 1499 1741 1568 homines,
1774 1505 1830 1554 et
1870 1498 2052 1553 nihilo

400 1582 597 1637 minus
637 1583 786 1636 Deus
817 1580 994 1637 vellet
1023 1579 1266 1650 implere
1292 1587 1473 1634 terras
1512 1579 1848 1634 horninibus
1872 1594 1886 1645 ;
1914 1595 2054 1649 quo-

393 1662 566 1718 modo
596 1660 813 1716 creavit
849 1675 1032 1715 unum
1065 1659 1194 1715 sine
1224 1660 1645 1716 commixtione
1677 1660 1855 1714 maris
1886 1664 1942 1714 et
1972 1659 2050 1712 fe-

401 1743 594 1809 minae,
625 1741 710 1796 sic
742 1745 936 1811 posset
966 1755 1206 1796 omnes:
1255 1740 1710 1794 concumbentes
1759 1755 1888 1794 vero
1940 1738 2051 1793 nisi

397 1820 498 1876 illo
531 1825 764 1876 creante
816 1823 1162 1890 generantes
1220 1834 1348 1874 esse
1395 1835 1510 1873 non
1564 1822 1831 1889 possunt.
1890 1817 2054 1872 Sicut

399 1918 536 1974 ergo
570 1902 651 1956 ait
678 1899 991 1972 Apostolus
1038 1900 1110 1954 de
1155 1899 1523 1954 institutione
1567 1897 1880 1969 spirituali,
1936 1914 2054 1968 qua

400 1983 575 2039 homo
609 1982 680 2036 ad
734 1981 1008 2052 pietatem
1059 1980 1465 2050 justitiamque
1516 1979 1821 2042 formatur,
1875 1978 2054 2048 Neque

397 2065 498 2136 qui
524 2063 748 2134 plantat
778 2061 1122 2131 estaliquid,
1151 2076 1324 2131 neque
1353 2058 1450 2130 qui
1469 2061 1652 2129 rigat:
1683 2059 1775 2114 sed
1828 2057 1922 2128 qui
1965 2059 2052 2112 in-

396 2147 732 2200 crementum
762 2141 858 2196 dat
889 2143 1027 2195 Deus
1056 2141 1100 2211 (Ι
1135 2140 1257 2194 Cor.
1292 2155 1375 2206 ιιι,
1404 2140 1485 2212 7),
1508 2141 1589 2193 ita
1618 2138 1788 2194 etiam
1821 2138 1913 2192 hic
1939 2137 2051 2192 dici

399 2228 608 2296 potest,
638 2222 753 2277 Nec
786 2222 882 2292 qui
917 2219 1277 2287 concumhit,
1328 2235 1434 2274 nec
1491 2219 1590 2290 qui
1647 2219 1916 2284 seminat,
1965 2223 2055 2273 est

397 2302 784 2376 aliquid;sed
817 2301 912 2373 qui
974 2301 1226 2356 format'
1283 2301 1457 2355 Deus.
1516 2300 1632 2356 Nec
1687 2305 1869 2355 mater
1926 2317 2051 2370 quae

401 2391 746 2455 conceptum
779 2385 990 2453 portat,
1022 2385 1078 2436 et
1109 2389 1342 2452 partum
1387 2380 1597 2445 nutrit,
1649 2386 1739 2435 est
1793 2380 2049 2452 aliquid;

399 2465 502 2521 sed
534 2464 635 2535 qui
694 2464 1126 2518 incrementum
1185 2461 1285 2515 dat
1342 2460 1519 2516 Deus.
1575 2459 1743 2532 Ipsa3
1799 2476 2053 2532 namque

398 2544 755 2616 operatione,
780 2558 896 2612 qua
927 2557 1080 2596 nunc
1113 2555 1294 2611 usque
1320 2545 1618 2612 operatur,
1663 2541 1800 2596 facit
1840 2549 1900 2595 ut
1943 2557 2054 2595 nu-

400 2640 592 2679 meros
624 2637 764 2678 suos
794 2621 1089 2692 explicent
1118 2621 1365 2688 semina,
1398 2625 1453 2676 et
1483 2639 1514 2676 a
1564 2620 1918 2692 quibusdam
1968 2620 2052 2676 la-

397 2703 661 2760 tentibus
694 2707 874 2772 atque
925 2701 1324 2757 invisibilibus
1369 2701 1684 2758 involucris
1729 2703 1786 2756 in
1838 2702 2054 2757 formas

399 2784 663 2841 visibiles
694 2783 872 2854 hujus
905 2783 1058 2854 quod
1109 2782 1429 2853 aspicimus
1479 2784 1709 2839 decoris
1764 2782 2050 2838 evolvant.

400 2867 528 2936 Ipse
575 2864 978 2935 incorporeum
1032 2878 1493 2935 corporeamque
1551 2871 1846 2929 naturam,
1893 2861 2052 2916 illam

396 2943 789 3014 praepositam,
823 2944 991 2998 istam
1024 2943 1374 3013 subjectam,
1421 2943 1590 2998 miris
1640 2942 1831 2997 modis
1879 2957 2053 3012 copu-

397 3021 529 3078 lans
560 3026 616 3077 et
647 3027 1024 3087 connectens,
1068 3022 1428 3076 animantem
1484 3022 1641 3076 facit.
1693 3021 1857 3084 Quod
1903 3036 2050 3090 opus

399 3104 528 3174 ejus
560 3106 679 3158 tam
713 3118 995 3173 magnum
1030 3105 1085 3156 et
1118 3101 1384 3156 mirabile
1415 3105 1524 3168 est,
1575 3105 1640 3155 ut
1686 3117 1800 3154 non
1859 3099 2050 3155 solum

399 3182 460 3238 in
493 3181 916 3254 homine,quod
951 3185 1037 3238 est
1072 3181 1290 3236 animal
1343 3181 1645 3248 rationale,
1704 3184 1762 3235 et
1819 3196 1886 3234 ex
1947 3180 2051 3233 hoc

397 3264 626 3320 cunctis
684 3263 932 3318 terrenis
990 3260 1388 3318 animantibus
1445 3259 1826 3315 excellentius
1877 3264 2051 3328 atque

396 3342 782 3414 praestantius.
817 3343 916 3398 sed
951 3343 1009 3396 in
1042 3340 1299 3412 qualibet
1341 3339 1740 3394 minutissima
1785 3337 2052 3392 muscula

393 3425 533 3479 bene
567 3421 962 3481 consideranti
1007 3427 1308 3491 stuporem
1362 3419 1576 3475 mentis
1623 3418 1868 3490 ingerat,
1927 3417 2051 3472 lau-

394 3505 639 3575 demque
673 3504 858 3576 pariat
886 3502 1197 3558 Creatoris.

465 3584 519 3639 3.
551 3574 690 3656 Ipse
732 3585 935 3655 itaque
979 3582 1185 3638 animae
1233 3579 1505 3635 humana:
1565 3583 1819 3635 mentem
1866 3574 2050 3643 dedit,

394 3663 492 3719 ubi
526 3664 671 3719 ratio
701 3668 758 3720 et
785 3661 1170 3733 intelligentia
1199 3661 1260 3715 in
1302 3660 1520 3714 infante
1570 3660 1761 3731 sopita
1799 3666 1880 3713 est
1911 3673 2054 3729 quo-

393 3745 724 3814 dammodo,
759 3743 927 3816 quasi
961 3742 1120 3797 nulla
1153 3743 1250 3809 sit,
1283 3740 1587 3797 excitanda
1627 3740 1844 3796 scilicet
1874 3743 2054 3810 atque

394 3823 711 3880 execranda
749 3825 772 3859 ⁸
800 3823 984 3879 atatis
1023 3837 1282 3889 accessu,
1327 3838 1442 3893 qua
1482 3821 1558 3876 sit
1596 3819 1854 3876 scientiae
1875 3835 2054 3890 capax

395 3909 572 3976 atque
602 3904 901 3970 doctrinas,
959 3907 1016 3959 et
1050 3903 1260 3958 habilis
1308 3901 1662 3974 perceptioni
1709 3899 1966 3956 veritatis
1998 3901 2055 3953 et

395 3986 613 4042 amoris
652 3986 788 4041 boni
833 4000 848 4039 :
901 4001 1018 4056 qua
1065 3983 1384 4055 capacitate
1434 3983 1655 4038 hauriat
1701 3981 2052 4052 sapientiam

394 4066 825 4137 virtutibusque
863 4065 940 4120 sit
973 4063 1230 4135 praedita,
1288 4063 1504 4134 quibus
1549 4063 1888 4134 prudenter,
1933 4061 2052 4116 for-

397 4145 554 4214 titer,
589 4149 1004 4216 temperanter,
1029 4149 1084 4200 et
1099 4144 1280 4214 juste,
1308 4142 1584 4198 adversus
1614 4157 1836 4197 errores
1857 4145 1914 4196 et
1943 4156 2057 4196 caa-

401 4232 522 4284 tera
550 4227 886 4298 ingenerata
909 4224 1048 4280 vitia
1078 4223 1336 4292 dimicet,
1382 4239 1565 4293 eaque
1594 4221 1812 4277 nullius
1835 4221 1913 4277 rei
1945 4221 2055 4276 de-

400 4308 614 4366 siderio
657 4308 771 4364 nisi
813 4306 949 4363 boni
1001 4305 1161 4361 illius
1209 4305 1424 4360 summi
1469 4311 1642 4377 atque
1668 4302 2058 4359 immutabilis

399 4390 612 4446 vincat.
645 4390 808 4456 Quod
839 4388 946 4444 etsi
979 4403 1093 4443 non
1143 4387 1334 4453 faciat,
1370 4387 1500 4458 ipsa
1530 4385 1741 4441 talium
1774 4385 2056 4440 bonorum

405 4471 696 4544 capacitas
746 4470 806 4526 in
857 4473 1068 4524 natura
1126 4465 1394 4523 rationali
1452 4465 1736 4522 divinitus
1792 4463 2060 4520 instituta

408 4555 691 4624 quantum
739 4551 818 4606 sit
858 4548 1017 4615 boni,
1065 4562 1239 4618 quam
1295 4546 1561 4602 mirabile
1603 4563 1748 4618 Opus
1777 4545 2056 4616 Omnipo-

409 4632 612 4698 tentis,
637 4631 769 4703 quis
800 4631 1196 4699 competenter
1220 4627 1449 4696 effatur,
1483 4631 1584 4681 aut
1621 4628 1831 4693 cogitat
1861 4626 1888 4680 ?
1919 4625 2063 4681 Pra-

412 4719 502 4768 ter
530 4713 686 4768 enim
719 4715 874 4766 artes
908 4709 1051 4764 bene
1071 4707 1302 4762 vivendi
1335 4711 1390 4761 et
1419 4709 1488 4761 ad
1519 4705 1907 4761 immortalem
1941 4721 2064 4776 per-

408 4792 680 4849 veniendi
712 4790 1070 4854 felicitatem,
1103 4803 1236 4859 quze
1264 4785 1504 4841 virtutes
1527 4790 1832 4854 vocantur,
1853 4791 1910 4840 et
1939 4785 2064 4841 sola

412 4873 518 4929 Dei
567 4872 773 4944 gratia,
817 4887 938 4942 qua:
970 4871 1029 4924 in
1059 4869 1290 4925 Christo
1334 4871 1440 4938 est,
1492 4866 1630 4922 filiis
1660 4866 2066 4937 promissionis

415 4954 701 5026 regnique
731 4953 1042 5019 donantur,
1067 4965 1260 5005 nonne
1283 4949 1540 5004 humano
1559 4946 1790 5018 ingenio
1814 4950 1899 5002 tot
1927 4950 2066 5002 tan-

414 5038 605 5107 tasque
635 5037 786 5089 artes
819 5035 960 5087 sunt
1009 5031 1256 5086 inventa
1296 5037 1349 5084 et
1398 5028 1681 5096 exercitas,
1724 5027 1931 5099 partim
1966 5043 2065 5084 ne-

415 5114 700 5183 cessariis,
732 5112 946 5187 partim
976 5111 1310 5184 voluptariis
1350 5110 1392 5176 ⁵,
1420 5113 1486 5166 ut
1516 5115 1630 5165 tam
1660 5108 1947 5166 excellens
1975 5108 2066 5167 vis

483 5312 502 5349 1
559 5308 812 5385 Nonnulli
864 5308 1062 5374 probae
1127 5307 1285 5358 notae
1341 5305 1487 5368 Msa,

422 5389 492 5424 ne
503 5374 640 5424 rali.

495 5437 518 5471 ³
547 5436 673 5486 Sola
699 5436 863 5485 editio
891 5436 1038 5495 Lov.,
1070 5433 1363 5497 informat.

495 5501 514 5534 3
545 5500 764 5561 Aliquot
793 5500 938 5557 Mss,
969 5499 1107 5561 ipsa.

494 5562 515 5595 ι
546 5562 631 5611 Sic
647 5557 840 5625 'plures
868 5557 1008 5625 Mss?
1027 5561 1162 5609 Editi
1191 5572 1350 5625 vero._
1368 5557 1686 5625 exercenda.

496 5627 516 5658 5
565 5618 814 5673 Norinulli
861 5624 1002 5682 Mss.,
1062 5621 1432 5672 voluntariae.
1479 5649 1542 5659 —
1587 5621 1672 5671 Sic
1714 5619 1875 5670 etiam
1919 5618 2070 5669 codd.

431 5685 554 5738 2051
593 5691 646 5738 et
671 5686 783 5738 253.
813 5687 881 5736 M.

1562 5303 1928 5356 benedictione
1981 5319 2068 5368 ge-

1507 395 1743 456 LIBER
1785 392 2217 458 VIGESIMUS
2262 394 2686 463 SECUNDUS.

3689 401 3807 465 790

2162 532 2374 589 mentis
2406 538 2576 606 atque
2608 535 2848 592 rationis
2891 535 2950 591 in
2983 534 3074 591 his
3108 535 3283 591 etiam
3325 537 3496 595 rebus
3528 555 3677 610 quas
3707 555 3806 595 su-

2159 613 2434 684 perﬂuas,
2459 617 2576 672 imo
2607 622 2662 674 et
2694 617 3050 688 periculosas
3083 616 3548 688 perniciosaeque
3565 621 3802 692 appetit,

2161 699 2444 764 quantum
2481 698 2700 753 bonum
2736 702 2751 734 ¹
2786 698 2992 753 habeat
3037 697 3097 751 in
3129 705 3355 764 natura,
3391 699 3546 753 unde
3577 701 3682 755 ista
3704 717 3804 772 po-

2159 773 2267 828 tuit
2289 775 2375 830 vel
2399 778 2680 847 invenire,
2711 780 2796 833 vel
2820 779 3064 841 discere,
3099 778 3184 832 vel
3207 793 3485 841 exercere,
3521 781 3804 835 testetur?

2158 853 2646 913 Vestimentorum
2665 866 2717 912 et
2737 858 3114 913 mdiﬁciorum
3139 859 3209 912 ad
3233 875 3408 927 opera
3430 875 3605 929 quam
3632 860 3803 915 mira-

2156 933 2320 1006 bilia,
2344 955 2520 1009 quam
2560 940 2874 1010 stupenda,
2907 940 3197 994 industria
3237 940 3495 995 humana
3518 958 3804 1011 pervene-

2160 1015 2234 1070 rit
2265 1036 2278 1084 ;
2319 1034 2436 1088 quo
2468 1019 2524 1073 in
2559 1019 2932 1089 agricultura,
2966 1037 3079 1090 quo
3113 1021 3170 1074 in
3198 1021 3565 1091 navigatione
3619 1023 3806 1092 profe-

2159 1097 2336 1165 cerit;
2368 1115 2494 1170 qua:
2520 1101 2574 1154 in
2615 1100 2995 1156 fabricatione
3018 1116 3382 1172 quorumque
3403 1101 3806 1170 vasorum,vel

2159 1178 2332 1232 etiam
2359 1185 2686 1236 statuarum
2712 1187 2767 1235 et
2791 1183 3147 1251 picturarum
3171 1181 3807 1252 varietateexcogitave-

2158 1257 2304 1312 ritet
2323 1258 2664 1330 impleverit,
2681 1280 2809 1335 quae
2831 1263 2886 1316 in
2917 1262 3158 1316 theatris
3180 1261 3468 1316 mirabilia
3493 1261 3808 1332 spectanti-

2158 1337 2265 1392 bus
2287 1339 2327 1403 ³,
2342 1341 2713 1398 audientibus
2738 1341 3101 1397 incredibilia
3116 1341 3258 1396 facie
3274 1343 3387 1396 nda
3405 1346 3461 1396 et
3477 1343 3805 1397 exhibenda

2159 1419 2362 1476 molita
2392 1422 2468 1476 sit
2501 1439 2513 1488 ;
2546 1423 2603 1477 in
2640 1423 2956 1495 capiendis,
2995 1422 3348 1489 occidendis,
3393 1423 3699 1478 domandis
3734 1423 3806 1475 ir-

2160 1499 2542 1557 rationalibus
2571 1505 2969 1560 animantibus
2996 1520 3121 1573 quaa
3149 1508 3205 1557 et
3235 1507 3455 1573 quanta
3486 1503 3763 1574 repererit
3790 1517 3804 1556 :

2159 1579 2434 1634 adversus
2462 1582 2619 1650 ipsos
2649 1584 2914 1638 homines
2947 1587 3032 1636 tot
3071 1598 3281 1652 genera
3311 1598 3690 1649 venenorum,
3722 1585 3808 1636 tot

2157 1674 2448 1726 amorum,
2477 1666 2558 1715 tot
2584 1663 3208 1724 machinamentorum,
3234 1667 3289 1715 et
3314 1678 3413 1730 pro
3436 1661 3628 1716 salute
3651 1677 3802 1716 mor-

2157 1739 2256 1794 tali
2282 1742 2499 1795 tuenda
2530 1747 2705 1812 atque
2737 1744 3061 1814 reparanda
3089 1747 3228 1812 quot
3263 1743 3688 1796 medicamenta
3716 1749 3801 1795 at-

2158 1836 2271 1892 que
2301 1821 2640 1891 adjumenta
2662 1823 3165 1895 comprehenderit
3191 1840 3204 1878 :
3241 1839 3342 1893 pro
3373 1823 3666 1893 voluptate
3685 1823 3811 1877 fau-

2158 1901 2314 1955 cium
2347 1912 2482 1971 quot
2515 1904 2888 1959 condimenta
2918 1910 2972 1958 et
2999 1903 3147 1972 gulae
3184 1903 3551 1957 irritamenta
3582 1904 3603 1937 ³
3634 1919 3802 1972 repe-

2160 1982 2342 2034 rerit:
2390 1983 2459 2035 ad
2502 1982 2842 2038 indicandas
2896 1989 2952 2038 et
3003 1984 3339 2038 suadendas
3393 1984 3805 2052 Cogitationes,

2160 2076 2334 2130 quam
2372 2061 2804 2118 multitudinem
2858 2065 3312 2132 varietatemque
3342 2063 3669 2132 signorum,
3706 2063 3808 2116 ubi

2159 2141 2518 2213 praecipuum
2564 2142 2754 2197 locum
2787 2143 2956 2198 verba
3002 2147 3057 2196 et
3088 2143 3291 2197 litteris
3326 2149 3516 2195 tenent
3548 2158 3562 2206 ;
3598 2141 3666 2194 ad
3704 2141 3807 2194 de-

2159 2221 2459 2276 lectandos
2489 2223 2734 2288 animos,
2769 2239 2911 2292 quos
2951 2221 3294 2276 elocutionis
3333 2227 3595 2286 ornatus,
3630 2235 3807 2290 quam

2160 2305 2523 2358 diversorum
2556 2304 2870 2359 carminum
2916 2305 3141 2374 copiam
3177 2319 3190 2369 ;
3224 2303 3294 2357 ad
3337 2301 3668 2356 mulcendas
3699 2317 3805 2355 au-

2161 2401 2275 2451 res,
2300 2389 2438 2455 quot
2468 2401 2687 2457 organa
2715 2386 2955 2451 musica,
2998 2400 3140 2454 quos
3167 2383 3466 2440 cantilenae
3499 2381 3698 2437 modos
3719 2398 3810 2437 ex-

2160 2465 2500 2534 cogitaverit
2527 2482 2541 2521 :
2578 2469 2859 2536 quantam
2884 2465 3151 2535 peritiam
3178 2463 3602 2518 dimensionum
3638 2472 3808 2532 atque

2161 2562 2562 2614 numerorum,
2589 2555 2931 2616 meatusque
2951 2549 3008 2600 et
3038 2545 3272 2600 ordines
3297 2544 3551 2598 siderum
3587 2547 3809 2613 quanta

2160 2626 2474 2698 sagacitate
2525 2625 3033 2694 comprehenderit
3083 2640 3095 2680 :
3144 2639 3322 2694 quam
3375 2622 3562 2678 multa
3610 2638 3806 2677 rerum

2160 2707 2586 2760 mundanarum
2621 2705 2948 2778 cognitione
2977 2720 3036 2758 se
3077 2703 3422 2774 impleverit,
3456 2703 3589 2773 quis
3621 2701 3810 2772 possit

2159 2786 2372 2856 eloqui,
2405 2784 2655 2840 maxime
2701 2785 2748 2839 si
2780 2784 3030 2840 velimus
3072 2799 3188 2838 non
3235 2786 3548 2837 acervatim
3597 2789 3808 2837 cuncta

2159 2881 2485 2936 congerere,
2518 2867 2616 2920 sed
2652 2865 2707 2920 in
2749 2864 2998 2936 singulis
3029 2864 3327 2919 immorari
3360 2863 3387 2917 ‘l
3420 2863 3483 2916 In
3519 2862 3666 2932 ipsis
3709 2878 3815 2932 po-

2158 2951 2373 3001 stremo
2394 2945 2692 3000 erroribus
2719 2949 2776 3000 et
2809 2943 3166 2999 falsitatibus
3191 2943 3595 3009 defendendis,
3629 2957 3805 3012 quam

2161 3042 2370 3095 magna
2393 3025 2704 3080 claruerint
2726 3025 2958 3094 ingenia
2986 3023 3464 3092 phi1030phorum
3495 3027 3666 3091 atque
3688 3022 3806 3076 hae-

2161 3105 2640 3175 reticorum,quis
2663 3105 2954 3159 aestimare
2983 3104 3237 3158 sufﬁciat
3263 3104 3292 3157 ?
3309 3103 3630 3174 Loquimur
3650 3103 3808 3157 enim

2161 3199 2317 3239 nunc
2347 3185 2414 3238 de
2448 3189 2654 3239 natura
2688 3186 2900 3241 mentis
2924 3183 3345 3254 humanae,qua
3378 3186 3491 3238 ista
3507 3183 3624 3237 vita
3655 3199 3810 3238 mor-

2161 3264 2292 3319 talis
2323 3270 2582 3333 ornatur,
2630 3281 2745 3320 non
2779 3266 2848 3321 de
2898 3265 3010 3319 ﬁde
3043 3269 3218 3336 atque
3263 3265 3468 3320 itinere
3516 3263 3810 3329 veritatis,

2162 3360 2276 3414 qua
2297 3344 2394 3398 illa
2424 3344 2768 3400 immortalis
2800 3345 3140 3414 acquiritur.
3179 3344 3366 3414 Hujus
3397 3351 3566 3398 tantae
3593 3351 3811 3398 natura

2159 3424 2426 3479 conditor
2475 3439 2609 3477 cum
2663 3424 2736 3478 sit
2783 3425 2984 3494 utique
3027 3425 3180 3478 Deus
3223 3438 3394 3478 verus
3417 3427 3472 3477 et
3517 3439 3810 3489 summus,

2157 3503 2282 3574 ipso
2305 3507 2514 3558 cuncta
2545 3519 2671 3574 qua:
2695 3503 2830 3558 fecit
2860 3502 3302 3558 administrante
3321 3507 3373 3558 et
3395 3518 3683 3556 summam
3717 3519 3812 3573 po-

2159 3586 2430 3638 testatem
2461 3597 2864 3651 summamque
2895 3581 3478 3652 habentejustitiam,
3508 3597 3810 3651 nunquam

2163 3663 2416 3736 profecto
2457 3662 2516 3717 in
2547 3662 2652 3718 has
2684 3661 2952 3717 miserias
2984 3661 3320 3728 decidisset,
3373 3667 3548 3732 atque
3595 3677 3660 3715 ex
3692 3661 3808 3730 his,

2161 3747 2366 3814 praeter
2385 3757 2484 3798 eos
2514 3741 2670 3798 solos
2707 3742 2808 3814 qui
2839 3740 3264 3810 liberabuntur,
3297 3743 3356 3796 in
3382 3747 3627 3797 aeternas
3657 3749 3812 3797 esset

2160 3823 2312 3880 itura
2356 3824 2398 3889 ⁴,
2445 3825 2556 3880 nisi
2597 3823 2770 3880 nimis
2811 3824 3030 3895 grande
3093 3829 3396 3895 peccatum
3458 3823 3519 3878 in
3579 3823 3812 3880 homine

2163 3906 2373 3978 primo,
2396 3906 2467 3960 de
2497 3921 2613 3976 quo
2643 3905 2834 3961 casteri
2863 3904 3046 3961 exorti
3079 3909 3240 3973 sunt,
3275 3904 3686 3975 pracessisset.

2234 3985 2284 4039 4.
2318 3985 2450 4040 Jam
2497 4001 2628 4042 vero
2671 3985 2731 4040 in
2763 3985 2888 4055 ipso
2937 4000 3194 4054 corpore,
3236 3983 3506 4055 quamvis
3537 3983 3708 4038 nobis
3739 3984 3816 4039 sit

2165 4080 2295 4120 cum
2328 4063 2534 4120 belluis
2585 4064 2934 4120 mortalitate
2965 4079 3298 4130 commune,
3372 4061 3688 4132 multisque
3718 4079 3816 4118 ea-

2165 4161 2296 4200 rum
2358 4145 2680 4216 reperiatur
2733 4144 3053 4212 infirmius,
3118 4147 3340 4214 quanta
3401 4143 3502 4197 Dei
3561 4143 3814 4210 bonitas,

2167 4228 2385 4295 quanta
2416 4224 2773 4295 providentia
2803 4223 2952 4278 tanti
2985 4223 3270 4278 Creatoris
3301 4225 3539 4294 apparet
3566 4223 3594 4276 ?
3615 4221 3818 4277 Nonne

2167 4306 2249 4360 ita
2277 4311 2416 4361 sunt
2446 4305 2503 4358 in
2537 4322 2602 4361 eo
2635 4304 2760 4360 loca
2781 4320 3058 4360 sensuum
3091 4307 3147 4359 et
3177 4311 3380 4359 caetera
3410 4302 3672 4357 membra
3694 4302 3818 4358 dis-

2169 4387 2372 4458 posita,
2406 4385 2738 4458 speciesque
2768 4385 2897 4457 ipsa
2935 4401 3001 4440 ac
3042 4385 3228 4456 figura
3271 4388 3330 4440 et
3375 4388 3600 4439 statura
3638 4384 3821 4440 totius

2169 4466 2422 4537 corporis
2453 4467 2532 4522 ita
2561 4465 2915 4534 modiﬁcata,
2967 4469 3029 4520 ut
3059 4465 3126 4520 ad
3172 4463 3564 4520 ministerium
3613 4466 3820 4519 animm

2169 4545 2472 4602 rationalis
2506 4563 2568 4602 se
2599 4547 2810 4602 indicet
2844 4547 3056 4601 factum
3088 4544 3116 4600 ?
3143 4546 3267 4600 Non
3299 4543 3455 4600 enim
3499 4548 3564 4600 ut
3595 4544 3822 4600 anima-

2172 4625 2249 4681 lia
2279 4625 2520 4680 rationis
2542 4625 2800 4697 expertia
2829 4641 3010 4696 prona
3041 4640 3170 4680 esse
3200 4622 3469 4680 videmus
3505 4624 3561 4678 in
3585 4628 3820 4690 terram,

2170 4707 2253 4764 ita
2281 4713 2510 4764 creatus
2540 4712 2629 4763 est
2660 4708 2834 4762 homo
2868 4724 2881 4762 :
2917 4707 3014 4761 sed
3050 4709 3237 4759 erecta
3265 4703 3326 4759 in
3359 4703 3568 4758 cmlum
3610 4719 3824 4773 corpo-

2173 4789 2254 4844 ris
2291 4789 2475 4844 forma
2521 4790 2796 4844 admonet
2832 4802 2964 4841 eum
3000 4801 3124 4854 qua:
3165 4799 3397 4838 sursum
3445 4788 3582 4838 sunt
3619 4797 3821 4853 sapere

2172 4869 2269 4940 (a).
2296 4869 2469 4924 Porro
2503 4868 2650 4922 mira
2681 4864 2996 4929 mobilitas,
3040 4879 3168 4934 qua:
3199 4861 3412 4932 linguae
3449 4878 3516 4918 ac
3549 4861 3820 4917 manibus

2242 5241 2259 5276 ί
2282 5240 2342 5288 In
2361 5240 2476 5290 sola
2501 5236 2732 5289 editione
2750 5236 2899 5293 Lov.,
2929 5243 3210 5300 quantum
3237 5234 3506 5285 bonorum
3535 5233 3729 5285 habeat
3760 5232 3826 5285 in

2180 5311 2411 5352 natura.

2243 5365 2264 5398 2
2294 5366 2510 5428 Aliquot
2538 5365 2695 5428 Msa,
2712 5360 3172 5428 exspectantibus.

2245 5429 2264 5462 3
2299 5427 2382 5477 Sic
2395 5425 2531 5477 —Mss.
2565 5427 2702 5476 Editi
2731 5439 2877 5482 vero,
2916 5425 3301 5474 incitamenta.

2244 5489 2266 5525 ι
2294 5491 2378 5540 Er.
2407 5493 2461 5540 et
2487 5491 2612 5539 Lov.
2643 5490 2730 5539 hic
2757 5489 2978 5550 addunt,
3006 5501 3229 5550 poenas;
3260 5499 3355 5550 pro
3374 5500 3480 5549 quo
3503 5484 3828 5537 subaudien-

2180 5553 2325 5614 dum,
2357 5553 2629 5601 miserias.

2250 5611 2322 5680 (α)
2351 5616 2498 5668 Cont.
2530 5615 2621 5666 lib.
2655 5615 2681 5664 1
2713 5616 2778 5666 de
2811 5615 2939 5666 Gen.
2971 5614 3112 5665 cont.
3137 5613 3385 5672 Manich.,
3416 5627 3470 5663 ιι.
3499 5611 3579 5663 28.
