4146 6198
298 323 412 384 791

301 456 584 513 attributa
624 459 732 524 est,
786 455 857 510 ad
898 454 1258 526 loquendum
1301 458 1358 511 et
1395 453 1767 512 scribendum
1817 455 1953 522 apta

305 540 483 609 atque
509 537 873 598 conveniens,
906 539 964 590 et
1000 535 1070 589 ad
1104 551 1275 605 opera
1316 536 1526 590 artium
1561 535 1950 606 plurimarum

303 617 747 686 ofﬁciorumque
793 615 1159 686 complenda,
1228 632 1421 671 nonne
1479 616 1628 672 satis
1672 612 1950 680 ostendit,

305 696 465 770 quali
495 697 700 751 animas
734 700 796 750 ut
817 696 1059 751 serviret
1086 696 1195 752 tale
1213 697 1289 751 sit
1327 713 1536 768 corpus
1560 695 1902 766 adjunctum
1923 695 1952 749 ?

310 777 652 846 Quanquam
700 780 758 830 et
820 776 1093 831 detractis
1146 777 1594 832 necessitatibus
1654 775 1956 848 operandi,

308 855 391 912 ita
421 855 682 910 omnium
718 857 973 927 partium
1014 859 1398 930 congruentia
1429 873 1739 912 numerosa
1780 857 1874 924 sit,
1907 861 1961 908 et

313 935 562 1008 pulchra
582 935 693 991 sibi
719 937 1011 1008 parilitate
1033 939 1400 1008 respondeat,
1431 941 1493 992 ut
1517 937 1741 992 nescias
1762 945 1960 990 utrum

310 1018 370 1072 in
401 1031 468 1070 eo
500 1017 804 1073 condendo
847 1019 1034 1089 major
1082 1020 1159 1074 sit
1209 1019 1478 1074 utilitatis
1541 1018 1736 1072 habita
1795 1016 1960 1083 ratio,

311 1113 489 1168 quam
523 1096 768 1155 decoris.
802 1099 962 1154 Certe
1011 1099 1162 1155 enim
1211 1099 1358 1155 nihil
1409 1104 1663 1155 creatum
1700 1098 1961 1152 videmus

308 1177 366 1232 in
399 1193 637 1248 corpore
663 1179 930 1234 utilitatis
962 1197 1157 1251 causa,
1190 1181 1343 1252 quod
1383 1196 1495 1235 non
1546 1179 1756 1234 habeat
1783 1178 1961 1233 etiam

310 1257 536 1312 decoris
568 1257 784 1313 locum.
831 1259 965 1315 Plus
997 1266 1188 1316 autem
1235 1260 1402 1316 nobis
1449 1259 1505 1314 id
1556 1263 1879 1331 appareret,
1911 1257 1962 1312 si

313 1353 590 1394 numeros
616 1354 1043 1407 mensurarum,
1070 1340 1283 1413 quibus
1316 1342 1467 1396 inter
1496 1356 1558 1395 se
1590 1345 1802 1395 cuncta
1833 1354 1962 1394 con-

317 1432 464 1472 nexa
510 1423 646 1474 sunt
676 1423 734 1473 et
780 1427 1067 1491 coaptata,
1119 1437 1426 1476 nossemus
1472 1437 1486 1476 :
1540 1435 1684 1491 quos
1719 1418 1965 1474 forsitan

318 1496 455 1552 data
484 1514 660 1569 opera
689 1498 750 1553 in
783 1499 874 1554 his
905 1517 1031 1571 qua:
1062 1501 1202 1556 foris
1222 1501 1505 1565 eminent,
1539 1501 1802 1555 humana
1832 1515 1968 1570 pos-

315 1586 402 1631 set
433 1578 720 1648 vestigare
753 1582 769 1616 ι
803 1579 1039 1636 solertia
1071 1599 1084 1648 ;
1119 1597 1243 1651 quas
1273 1597 1406 1635 vero
1439 1586 1591 1635 tecta
1617 1588 1770 1647 sunt,
1797 1586 1966 1650 atque

317 1672 352 1710 a
382 1659 595 1711 nostris
627 1664 846 1714 remota
875 1661 1303 1730 conspectibus,
1348 1660 1519 1714 sicuti
1552 1666 1640 1714 est
1659 1665 1822 1714 tanta
1845 1675 1966 1730 per-

317 1735 563 1808 plexitas
593 1754 872 1794 venarum
906 1745 1081 1811 atque
1109 1757 1417 1796 nervorum
1442 1747 1498 1796 et
1526 1740 1838 1810 viscerum,
1871 1756 1968 1794 se-

319 1820 478 1872 creta
506 1817 796 1887 vitalium,
856 1820 1118 1876 invenire
1168 1821 1364 1876 nullus
1423 1827 1631 1891 potest.
1684 1821 1830 1887 Quia
1859 1820 1974 1876 etsi

322 1896 683 1953 medicorum
713 1898 1015 1968 diligentia
1048 1901 1328 1956 nonnulla
1358 1902 1631 1969 crudelis,
1665 1917 1809 1973 quos
1839 1917 1974 1956 ana-

318 1975 568 2032 wmicos
615 1977 932 2049 appellant,
973 1979 1218 2035 laniavit
1284 1997 1526 2052 corpora
1584 1986 1971 2049 mortuorum,

321 2055 446 2111 sive
475 2055 646 2111 etiam
687 2057 838 2112 inter
887 2075 1094 2114 manus
1130 2061 1382 2115 secantis
1431 2061 1975 2132 perscrutantisque

326 2135 728 2205 morientium,
758 2141 934 2210 atque
981 2139 1039 2194 in
1073 2140 1342 2196 carnibus
1392 2140 1668 2196 humanis
1715 2140 1860 2196 satis
1889 2140 1976 2195 in-

323 2215 580 2273 humane
607 2218 808 2274 abdita
836 2224 1044 2276 cuncta
1075 2221 1287 2276 rimata
1316 2226 1427 2288 est,
1461 2225 1524 2276 ut
1555 2221 1714 2290 quid,
1747 2225 1803 2276 et
1835 2238 1978 2294 quo-

324 2301 516 2366 modo,
537 2301 756 2372 quibus
777 2299 921 2356 locis
944 2305 1270 2358 curandum
1294 2307 1446 2359 esset
1477 2303 1840 2370 addisceret;
1869 2320 1978 2358 nu-

327 2394 518 2434 meros
552 2388 738 2436 tamen
773 2381 844 2437 de
878 2383 1092 2453 quibus
1143 2383 1372 2455 loquor,
1417 2383 1630 2454 quibus
1660 2381 1974 2452 coaptatio,

325 2473 454 2530 quas
486 2457 722 2530 ἁρμονία
752 2477 934 2532 grece
957 2463 1190 2532 dicitur,
1225 2471 1506 2535 tanquam
1541 2465 1850 2532 cujusdam
1883 2481 1977 2517 or-

322 2538 482 2610 gani,
515 2542 876 2596 extrinsecus
907 2549 1081 2614 atque
1112 2543 1465 2599 intrinsecus
1499 2545 1678 2598 totius
1721 2543 1978 2614 corporis

334 2624 580 2687 constat,
632 2621 767 2692 quid
802 2623 1014 2688 dicam,
1065 2640 1234 2680 nemo
1283 2625 1467 2679 valuit
1513 2624 1793 2690 invenire,
1829 2641 1978 2696 quos

333 2716 508 2755 nemo
540 2717 722 2756 ausus
752 2713 834 2757 est
865 2721 1122 2775 quaerere
1164 2703 1192 2758 ?
1222 2705 1324 2770 Qui
1355 2706 1403 2760 si
1438 2705 1556 2760 noti
1587 2719 1718 2759 esse
1751 2705 1978 2774 potuis-

330 2787 482 2845 sent,
517 2781 571 2834 in
621 2781 998 2838 interioribus
1027 2801 1257 2857 quoque
1299 2785 1643 2852 visceribus,
1684 2801 1815 2856 quas
1847 2784 1978 2838 nul-

323 2861 446 2915 lum
477 2862 787 2918 ostendant
807 2865 1006 2930 decus,
1038 2866 1117 2920 ita
1146 2865 1446 2920 delectaret
1487 2865 1859 2936 pulchritudo
1883 2883 1980 2920 ra-

319 2938 529 3007 tionis,
565 2944 628 2994 ut
649 2943 804 2997 omni
838 2943 1032 2999 forma;
1055 2949 1358 3015 apparenti
1392 2962 1520 3017 quas
1553 2945 1738 3000 oculis
1771 2945 1980 3014 placet,

320 3019 511 3090 ipsius
536 3023 768 3090 mentis,
803 3040 930 3095 quas
969 3026 1155 3080 oculis
1178 3027 1382 3093 utitur,
1422 3027 1790 3096 praeferretur
1819 3024 1980 3078 arbi-

327 3101 460 3158 trio.
495 3101 643 3158 Sunt
673 3120 805 3159 vero
847 3108 1108 3177 quaedam
1157 3106 1238 3161 ita
1288 3107 1474 3175 posita
1520 3108 1580 3162 in
1620 3122 1881 3177 corpore,
1917 3110 1980 3162 ut

328 3186 735 3240 tantummodo
760 3188 1024 3242 decorem
1059 3186 1331 3258 habeant,
1366 3204 1481 3242 non
1505 3193 1562 3242 et
1593 3204 1766 3242 usum
1795 3204 1809 3242 :
1834 3186 1982 3242 sicut

330 3264 508 3320 habet
532 3271 733 3336 pectus
760 3267 926 3323 virile
972 3268 1288 3336 mamillas,
1325 3269 1472 3323 sicut
1511 3270 1683 3324 facies
1715 3269 1980 3338 barbam,

329 3358 501 3413 quam
539 3361 648 3399 non
681 3362 806 3401 esse
858 3347 1238 3414 munimento,
1291 3349 1390 3402 sed
1436 3347 1582 3402 virili
1616 3355 1978 3414 ornamento,

327 3421 594 3478 indicant
618 3443 771 3496 puras
811 3429 984 3483 lacies
1031 3430 1404 3494 feminarum,
1458 3445 1604 3498 quas
1655 3430 1856 3500 utique
1888 3428 1982 3481 iii-

333 3502 623 3560 firmiores
657 3508 867 3562 muniri
899 3509 1081 3564 tutius
1113 3510 1468 3564 conveniret.
1494 3508 1552 3564 Si
1585 3525 1722 3579 ergo
1757 3509 1984 3562 nullum

335 3585 665 3641 membrum
689 3595 796 3657 est,
831 3587 887 3642 in
927 3589 1011 3643 bis
1042 3590 1278 3661 quidem
1304 3588 1635 3659 conspicuis
1667 3589 1846 3658 (unde
1867 3605 1987 3643 am-

337 3662 484 3735 bigit
521 3668 731 3736 nemo).
766 3669 920 3738 quod
956 3670 1033 3722 ita
1074 3669 1150 3724 sit
1181 3671 1354 3724 alicui
1385 3667 1544 3735 operi
1577 3670 1985 3722 accommoda-

335 3750 484 3811 tum,
522 3753 584 3798 ut
610 3763 723 3801 non
755 3750 930 3804 etiam
977 3751 1053 3805 sit
1084 3751 1355 3804 decorum
1394 3766 1408 3810 ;
1443 3753 1582 3802 sunt
1611 3755 1799 3804 autem
1834 3765 1990 3804 non-

337 3825 518 3892 nulla,
553 3841 803 3896 quorum
850 3830 1041 3885 solum
1075 3831 1277 3896 decus,
1311 3835 1369 3883 et
1414 3828 1609 3883 nullus
1657 3835 1746 3884 est
1789 3845 1928 3883 usus
1971 3844 1986 3883 :

335 3916 474 3979 puto
507 3909 670 3964 facile
701 3912 946 3982 intelligi
986 3910 1043 3965 in
1077 3910 1405 3966 conditione
1434 3910 1688 3972 corporis
1729 3910 1988 3982 dignita-

337 3987 449 4041 tem
500 3989 829 4044 necessitati
907 3992 1087 4046 tuisse
1135 3990 1452 4061 praelatam.
1511 3989 1846 4045 Transitura
1903 3992 1992 4046 est

341 4067 556 4138 quippe
612 4071 950 4136 necessitas,
1000 4076 1341 4142 tempusque
1390 4077 1697 4125 venturum
1759 4073 1990 4140 quando

342 4150 472 4203 sola
504 4150 747 4206 invicem
783 4151 1214 4223 pulchritudine
1260 4151 1387 4207 sine
1420 4151 1537 4206 ulla
1585 4150 1826 4206 libidine
1862 4167 1989 4221 per-

342 4228 611 4286 fruamur
645 4247 658 4286 :
693 4239 844 4304 quod
881 4234 1131 4290 maxime
1162 4233 1230 4288 ad
1263 4232 1494 4287 laudem
1521 4234 1880 4286 referendum
1905 4237 1994 4288 est

345 4311 692 4378 Conditoris,
726 4314 816 4368 cui
852 4315 1066 4369 dicitur
1110 4314 1168 4367 in
1220 4312 1469 4381 Psalmo,
1513 4312 1914 4382 Confessionem
1942 4321 1992 4369 et

345 4389 594 4445 decorem
624 4393 860 4448 induisti
887 4392 1063 4466 (Psal.
1092 4408 1210 4454 cm,
1245 4394 1319 4456 1).

422 4478 476 4529 5.
510 4475 638 4530 Jam
683 4481 889 4528 cetera
923 4472 1295 4542 pulchritudo
1333 4474 1388 4527 et
1421 4471 1642 4526 utilitas
1679 4477 1992 4541 creaturae,

348 4573 477 4630 qua;
499 4554 744 4622 homini,
773 4554 903 4608 licet
935 4554 991 4607 in
1024 4551 1167 4607 istos
1200 4554 1424 4608 labores
1459 4554 1839 4625 miseriasque
1865 4571 1993 4624 pro-

343 4641 498 4710 jecto
529 4642 704 4706 atque
728 4637 1024 4702 damnato,
1061 4634 1370 4704 spectanda
1406 4642 1576 4704 atque
1607 4635 1894 4690 sumenda
1915 4634 1994 4688 di-

345 4719 763 4790 vinalargitate
808 4733 1086 4773 concessa
1108 4722 1213 4783 est,
1258 4733 1370 4789 quo
1405 4732 1670 4772 sermone
1695 4716 1992 4772 terminari

343 4807 536 4878 potest
562 4802 590 4857 ?
610 4803 666 4856 in
701 4797 826 4856 coeli
860 4804 914 4854 et
935 4804 1100 4854 terras
1123 4797 1373 4878 etmaris
1405 4795 1749 4878 multimoda
1765 4802 1820 4851 et
1839 4796 1994 4854 varia

347 4876 803 4957 pulchritudine,
834 4879 895 4933 in
943 4878 1132 4948 ipsius
1179 4877 1327 4934 lucis
1357 4881 1520 4932 tanta
1561 4876 1724 4946 copia
1754 4882 1994 4957 tamque

346 4956 602 5020 mirabili
625 4964 839 5032 specie,
859 4960 918 5014 in
951 4960 1072 5014 sole
1094 4975 1161 5014 ac
1186 4959 1326 5014 luna
1346 4965 1398 5012 et
1428 4957 1742 5022 sideribus,
1769 4956 1830 5013 in
1856 4974 1994 5028 opa-

341 5043 611 5100 citatibus
643 5056 968 5100 nemorum.
1027 5039 1087 5095 in
1119 5038 1412 5094 coloribus
1466 5043 1523 5094 et
1573 5038 1853 5095 odoribus
1885 5039 1987 5096 flo-

341 5141 496 5190 rum,
529 5124 584 5178 in
621 5119 969 5176 diversitate
1000 5135 1064 5174 ac
1103 5118 1485 5175 multitudine
1523 5118 1823 5175 volucrum
1858 5136 1989 5192 gar-

346 5204 606 5262 rular-um
650 5205 825 5271 atque
869 5201 1174 5270 pictarum,
1201 5200 1258 5255 in
1300 5200 1644 5257 multiformi
1677 5202 1866 5273 specie
1906 5207 1990 5259 tot

342 5288 757 5354 tantorumque
787 5280 1197 5347 animantium,
1222 5296 1468 5352 quorum
1492 5283 1593 5339 illa
1620 5283 1753 5355 plus
1775 5283 1992 5340 habent

349 5364 772 5436 admirationis,
850 5379 978 5436 quas
1019 5360 1191 5420 molis
1261 5361 1569 5421 minimum
1628 5363 1786 5438 (plus
1831 5365 1987 5422 enim

406 5632 421 5665 ί
456 5628 614 5685 Editi,
643 5627 996 5690 investigare.
1026 5626 1215 5677 Melius
1243 5626 1387 5680 Mss.,
1420 5627 1702 5689 vestigare.

1349 319 1452 379 DE
1495 318 1853 382 CIVITATE
1894 317 2051 390 DEI,
2098 318 2163 380 S.
2209 316 2645 380 AUGUSTINI

3587 315 3710 374 792

2059 450 2505 509 formicularum
2523 453 2580 505 et
2600 446 2967 520 apicularum
2987 462 3162 518 opera
3175 449 3506 518 stupemus,
3529 463 3710 520 quam

2059 531 2352 587 immensa
2383 546 2626 602 corpora
2655 529 3010 585 balaenarum
3046 528 3087 600 1)
3119 545 3134 596 ;
3168 527 3226 583 in
3263 527 3452 599 ipsius
3483 545 3716 600 quoque

2062 614 2239 669 maris
2266 619 2384 668 tam
2414 611 2621 683 grandi
2655 610 3012 680 spectaculo,
3041 625 3174 664 cum
3200 625 3325 664 sese
3351 609 3599 666 diversis
3625 627 3716 666 co-

2061 694 2282 750 loribus
2313 693 2506 748 induit
2540 691 2698 745 velut
2747 690 3027 756 vestibus,
3059 696 3116 744 et
3159 689 3476 760 aliquando
3505 691 3714 758 viride,

2059 782 2232 846 atque
2261 777 2366 828 hoc
2399 771 2596 827 multis
2624 771 2833 837 modis,
2857 769 3176 842 aliquando
3203 786 3586 840 purpureum,
3616 770 3721 827 ali-

2060 855 2290 929 quando
2345 852 2655 908 caeruleum
2689 856 2798 906 est.
2853 852 3037 916 Quam
3089 865 3260 922 porro
3305 849 3723 906 delectabiliter

2060 939 2359 1008 spectatur
2425 935 2600 989 etiam
2661 931 3154 1004 quandocumque
3207 931 3501 998 turbatur,
3553 937 3613 987 et
3659 933 3726 988 fit

2062 1017 2198 1072 inde
2232 1016 2412 1084 major
2443 1013 2723 1077 suavitas,
2755 1012 2897 1084 quia
2927 1011 3011 1066 sie
3041 1011 3328 1067 demulcet
3371 1012 3722 1080 intuentem,

2065 1102 2127 1153 ut
2158 1096 2471 1167 nonjactet
2500 1100 2556 1150 et
2578 1095 2798 1165 quatiat
2831 1092 3196 1162 navigantem
3231 1092 3259 1146 ?
3287 1092 3434 1158 Quid
3458 1093 3726 1149 ciborum

2067 1191 2490 1249 usquequaque
2529 1174 2694 1242 copia
2725 1178 2930 1228 contra
2971 1173 3234 1227 famem?
3273 1172 3412 1242 quid
3449 1189 3726 1244 saporum

2070 1258 2374 1313 diversitas
2390 1259 2588 1310 contra
2610 1255 2929 1318 fastidium,
2953 1259 3176 1308 naturas
3209 1253 3423 1309 diffusa
3441 1253 3662 1310 divitiis
3681 1254 3724 1322 ',

2070 1357 2184 1396 non
2216 1355 2533 1410 coquorum
2569 1342 2690 1392 arte
2719 1352 2784 1391 ac
2834 1335 3032 1390 labore
3077 1336 3319 1406 quaesita
3342 1336 3371 1390 ?
3401 1334 3628 1399 Quanta
3669 1335 3728 1392 in

2071 1425 2194 1476 tam
2221 1419 2423 1474 multis
2454 1418 2629 1473 rebus
2661 1416 2890 1472 tuendis
2921 1431 2988 1470 ac
3028 1416 3438 1486 recuperandis
3464 1414 3486 1450 ⁸
3516 1416 3725 1472 salutis

2071 1499 2288 1556 auxilia
2307 1499 2334 1552 Ἰ
2379 1499 2560 1565 Quam
2596 1501 2762 1568 grata
2784 1495 3120 1550 vicissitudo
3144 1494 3620 1550 dieialternantis
3663 1500 3724 1551 et

2079 1582 2268 1636 noctis
2298 1579 2326 1633 ?
2357 1581 2648 1634 Aurarum
2682 1591 2859 1648 quam
2894 1575 3108 1630 blanda
3140 1574 3492 1644 temperies?
3520 1576 3580 1631 In
3613 1575 3730 1630 fru-

2076 1660 2290 1716 ticibus
2330 1668 2386 1713 et
2435 1656 2740 1730 pecoribus
2799 1656 3278 1710 indumentorum
3344 1654 3734 1712 conficiendo-

2076 1759 2208 1798 rum
2243 1750 2459 1812 quanta
2492 1741 2762 1795 materies
2795 1736 2823 1792 ?
2867 1737 3080 1793 Omnia
3109 1752 3563 1792 commemorare
3594 1737 3734 1809 quis

2077 1822 2262 1894 possit
2290 1820 2317 1876 τ
2350 1820 2480 1876 Haec
2511 1823 2705 1874 autem
2734 1818 2879 1884 sola,
2911 1834 3038 1889 quas
3069 1833 3103 1872 a
3134 1832 3226 1872 me
3256 1816 3417 1872 velut
3439 1817 3498 1870 in
3529 1833 3732 1889 quem-

2077 1901 2210 1956 dam
2245 1915 2516 1971 aggerem
2547 1904 2687 1954 sunt
2736 1904 3047 1961 coarctata,
3088 1895 3136 1951 si
3167 1896 3379 1952 vellem
3409 1895 3570 1952 velut
3609 1895 3733 1951 col-

2080 1981 2264 2052 ligata
2299 1978 2596 2036 involucra
2645 1978 2866 2034 solvere
2925 1986 3100 2048 atque
3146 1976 3458 2046 discutere,
3509 1983 3734 2048 quanta

2080 2063 2226 2118 mihi
2258 2077 2419 2117 mora
2449 2065 2601 2116 esset
2629 2060 2689 2115 in
2720 2058 2992 2131 singulis,
3027 2057 3242 2130 quibus
3271 2058 3518 2127 plurima
3557 2057 3735 2114 conti-

2081 2148 2296 2200 nentur
2325 2141 2352 2198 ?
2381 2143 2450 2196 Et
2479 2141 2602 2196 haec
2632 2141 2831 2196 omnia
2871 2140 3220 2194 miserorum
3253 2146 3392 2193 sunt
3423 2138 3733 2193 damnato-

2081 2239 2332 2296 rumque
2361 2222 2582 2288 solatia,
2619 2238 2732 2277 non
2759 2220 2997 2293 praemia
3028 2220 3351 2276 beatorum.
3389 2220 3522 2286 Quin
3554 2220 3735 2290 igitur

2081 2305 2184 2363 illa
2213 2312 2370 2371 sunt,
2404 2305 2452 2360 si
2503 2309 2586 2358 tot
2621 2318 2687 2358 ac
2734 2301 2868 2355 talia
2899 2305 2956 2356 et
2999 2306 3158 2354 tanta
3206 2305 3344 2356 sunt
3385 2300 3501 2355 ista
3525 2299 3552 2353 τ
3582 2297 3738 2363 Quid

2082 2385 2242 2443 dabit
2270 2385 2352 2440 eis
2384 2399 2528 2453 quos
2571 2380 2995 2450 praedestinavit
3016 2383 3082 2434 ad
3118 2380 3320 2448 vitam,
3355 2379 3452 2449 qui
3485 2381 3609 2434 hac
3642 2379 3736 2434 de-

2083 2468 2168 2521 dit
2195 2467 2369 2521 etiam
2403 2465 2486 2518 eis
2515 2479 2663 2535 quos
2699 2461 3125 2534 praedestinavit
3155 2461 3225 2516 ad
3263 2469 3510 2516 mortem
3539 2462 3568 2516 ‘f
3599 2477 3726 2532 quas

2085 2549 2238 2602 bona
2267 2547 2325 2600 in
2357 2545 2458 2600 illa
2494 2546 2658 2600 beata
2687 2545 2801 2598 vita
2835 2543 3002 2597 faciet
3031 2557 3130 2597 eus
3174 2557 3421 2607 sumere,
3467 2557 3567 2612 pro
3600 2541 3732 2612 qui-

2086 2629 2193 2683 bus
2217 2630 2268 2682 in
2291 2627 2398 2682 hac
2431 2627 2640 2681 misera
2669 2623 2692 2657 ⁴
2717 2624 3082 2694 unigenitum
3107 2621 3318 2676 Filium
3352 2638 3527 2676 suum
3550 2623 3738 2677 voluit

2087 2725 2274 2780 usque
2302 2709 2371 2762 ad
2406 2710 2645 2761 mortem
2682 2703 2832 2760 mala
2863 2708 3024 2757 tanta
3044 2703 3294 2771 proferre
3322 2701 3351 2756 ?
3383 2701 3544 2756 Unde
3567 2718 3736 2772 apos-

2086 2790 2239 2847 tolus
2276 2791 2346 2844 de
2389 2787 2531 2852 ipsis
2591 2787 2651 2841 in
2693 2785 2836 2840 illud
2880 2799 3119 2854 regnum
3179 2783 3609 2853 praedestinatis
3650 2781 3736 2840 lo-

2087 2887 2295 2944 quens,
2329 2870 2432 2938 Qui
2453 2868 2696 2937 proiirio,
2747 2864 2961 2936 inquit,
3004 2863 3144 2919 Filio
3176 2879 3287 2917 non
3333 2866 3594 2944 pepercit,
3642 2862 3740 2918 sed

2085 2943 2183 3022 pro
2217 2951 2374 3007 nobis
2397 2949 2650 3005 omnibus
2680 2946 2906 3001 tradidit
2937 2961 3082 3013 eum,
3115 2943 3378 3017 quomodo
3409 2959 3515 2998 non
3540 2949 3591 2999 et
3610 2959 3739 2998 cum

2089 3035 2184 3090 illo
2215 3034 2403 3089 omnia
2423 3031 2583 3085 nobis
2612 3029 2841 3083 donabit
2869 3025 2894 3060 ⁵
2919 3027 3097 3097 (Rom.
3143 3041 3268 3092 vni,
3298 3024 3413 3091 32).
3444 3028 3583 3079 Cum
3615 3023 3740 3080 hac

2089 3113 2404 3186 promissio
2445 3107 2846 3178 complebitur,
2893 3107 3031 3177 quid
3069 3105 3287 3160 erimus
3319 3103 3346 3160 ?
3395 3103 3598 3176 quales
3627 3103 3740 3160 eri-

2089 3194 2282 3250 mus?
2313 3193 2449 3256 Quae
2481 3191 2635 3244 bona
2680 3188 2737 3243 in
2783 3187 2883 3242 illo
2933 3202 3110 3256 regno
3178 3192 3468 3256 accepturi
3511 3201 3740 3250 sumus,

2091 3272 2565 3348 quandoquidem
2631 3268 2859 3324 Christo
2922 3268 3205 3348 moriente
3267 3283 3366 3337 pro
3406 3265 3580 3348 nobis
3627 3267 3743 3348 tale

2082 3345 2205 3428 jam
2242 3354 2456 3425 pignus
2486 3351 2815 3418 accepimtts
2846 3348 2874 3402 ?
2910 3346 3104 3413 Qualis
3139 3349 3247 3401 erit
3276 3345 3519 3418 spiritus
3553 3345 3743 3400 homi-

2093 3440 2207 3502 nis,
2237 3437 2462 3489 nullum
2515 3430 2753 3486 omnino
2794 3429 3017 3484 habens
3060 3428 3290 3489 vitium.
3342 3443 3446 3482 nec
3488 3430 3598 3482 sub
3629 3443 3743 3498 quo

2085 3517 2300 3587 jaceat,
2334 3529 2438 3570 nec
2468 3511 2559 3566 cui
2590 3512 2776 3573 cedat,
2812 3525 2916 3564 nec
2947 3516 3150 3563 contra
3179 3507 3331 3577 quod
3373 3507 3581 3562 saltem
3617 3506 3744 3561 lau-

2095 3597 2366 3652 dabiliter
2414 3593 2669 3658 dimicet,
2722 3588 3093 3660 pacatissima
3135 3589 3343 3642 virtute
3393 3591 3682 3659 perfectus
3716 3588 3745 3643 ?

2096 3677 2310 3733 Iterum
2346 3675 2422 3728 ibi
2460 3673 2721 3729 omnium
2758 3679 2995 3740 quanta,
3033 3685 3208 3740 quam
3241 3669 3528 3735 speciosa,
3567 3684 3740 3739 quam

2097 3767 2249 3813 certa
2280 3757 2544 3820 scientia,
2597 3753 2723 3806 sine
2780 3764 2972 3806 errore
3016 3750 3212 3818 aliquo
3248 3747 3337 3803 vel
3387 3747 3608 3813 labore,
3643 3747 3742 3803 ubi

2100 3840 2196 3895 Dei
2243 3835 2534 3907 sapientia
2576 3834 2645 3888 de
2688 3833 2810 3902 ipso
2856 3848 2960 3886 suo
3013 3833 3172 3886 fonte
3231 3830 3552 3899 potabitur,
3611 3845 3742 3884 cum

2099 3934 2336 3975 summa
2397 3915 2689 3978 felicitate,
2745 3911 2871 3966 sine
2929 3910 3046 3965 ulla
3093 3910 3438 3965 difficultate
3487 3908 3515 3965 τ
3563 3911 3744 3974 Quale

2101 4001 2206 4056 erit
2238 4013 2469 4065 corpus,
2519 3994 2673 4065 quod
2719 3991 2876 4046 omni
2925 3992 3094 4047 modo
3149 3989 3380 4062 spiritui
3416 3990 3742 4055 subditum,

2100 4087 2247 4137 eteo
2275 4077 2631 4132 sufficienter
2671 4071 3043 4140 viviﬁcatum,
3094 4070 3274 4124 nullis
3308 4067 3604 4125 alimoniis
3653 4069 3745 4123 in-

2102 4158 2373 4234 digcbit?
2409 4157 2532 4212 Non
2573 4153 2729 4210 enim
2788 4151 3057 4234 animale,
3116 4150 3221 4206 sed
3269 4149 3570 4234 spirituale
3616 4151 3744 4213 erit,

2101 4245 2326 4300 habens
2356 4239 2588 4312 quidem
2622 4235 2836 4301 carnis,
2867 4233 2964 4290 sed
2988 4233 3114 4289 sine
3147 4234 3266 4288 ulla
3296 4233 3518 4288 carnali
3553 4247 3748 4288 corru-

2104 4325 2297 4396 ptione
2328 4316 2744 4376 substantiam.

2103 4476 2332 4536 CAPUT
2365 4473 2540 4530 XXV.
2577 4503 2643 4512 —
2674 4472 2748 4527 De
2784 4468 3096 4542 pervicacia
3125 4467 3506 4540 quarumdam,
3539 4468 3636 4537 qui
3653 4482 3744 4522 re-

2173 4553 2564 4614 surrectionem
2609 4555 2822 4618 carnis,
2869 4567 3054 4623 quam,
3093 4552 3235 4604 sicut
3274 4549 3608 4621 praedictum
3649 4555 3748 4612 est,

2174 4644 2320 4696 totus
2350 4639 2585 4692 mundus
2614 4633 2813 4701 credit,
2843 4633 3194 4705 impugnant.

2173 4794 2388 4850 Verum
2429 4793 2501 4848 de
2543 4788 2722 4846 animi
2757 4787 2951 4859 bonis,
2982 4785 3195 4860 quibus
3226 4787 3356 4857 post
3387 4784 3539 4840 hanc
3569 4784 3748 4841 vitam

2170 5058 2778 5162 ῖῇεξξὲλξείῑῖιςςξίξξλη
2792 5046 3750 5162 ἒίαῖὶὶὲἓῗ⁰ἆ¹ιῖἒξὲῗξὲῗῗαδῖἓὲῗῗῗ

2104 5107 2546 5200 ζλὸιᾶῖςξῆὰνωη.
2576 5119 2778 5170 Dicitur
2803 5131 2836 5167 a
2858 5129 3060 5178 graeco,
3095 5107 3320 5169 ὸαῖἰείη,
3346 5107 3505 5175 iuxta
3531 5107 3679 5173 Isid.,
3709 5107 3749 5158 Ι.

2105 5189 2186 5325 1.2.23
2331 5248 2452 5298 Mss.
2483 5247 2552 5295 At
2577 5245 2722 5306 editi,
2752 5239 3262 5302 contra-fastidium
3280 5246 3510 5296 natura,
3536 5236 3750 5300 defusa

2106 5314 2398 5362 divinitus.

2166 5377 2186 5411 ³
2218 5376 2362 5431 Mss.,
2392 5387 2456 5437 ac
2486 5370 2856 5437 recipiendaa._
2969 5430 3013 5437 η
3065 5428 3116 5437 __
3269 5425 3281 5437 ,
3377 5426 3393 5437 ,
3569 5423 3584 5436 .

2165 5439 2188 5475 ι
2216 5426 2467 5510 Ιεξᾱὶιὶζλη
2519 5426 2619 5484 hac
2659 5431 2893 5482 miseria
2954 5430 3022 5481 At
3065 5428 3210 5490 Msa,
3260 5426 3326 5475 in
3369 5426 3746 5486 haamt'qera:

2101 5501 2479 5631 an?
2509 5557 2844 5631 donavit-{it
2883 5557 2944 5631 in
2962 5555 3116 5631 Mss”
3147 5551 3391 5612 donabit,
3419 5548 3598 5611 διμιιὶ
3618 5551 3747 5601 tem-

2101 5627 2262 5690 poris,
2291 5625 2446 5688 juxta
2476 5635 2720 5684 graecum
2750 5623 3050 5670 Karisetai.
