4146 6198
278 377 404 438 797

283 515 472 584 perat,
505 524 622 565 non
652 509 743 564 est
770 504 1050 561 dubium:
1079 503 1127 561 si
1159 507 1358 560 autem
1390 505 1627 574 superat
1657 504 1712 584 et
1736 503 1938 584 Ange-

284 582 501 660 lorum,
536 593 600 644 ut
629 603 734 643 nec
766 586 924 658 ipsos
945 585 1240 656 excepisse
1269 584 1551 649 videatur,
1574 582 1672 653 qui
1695 583 1792 650 ait,
1824 597 1939 636 om-

283 686 409 728 nem
439 670 808 730 intellectum;
839 667 1162 722 secundum
1213 665 1320 722 hoc
1351 663 1570 720 dictum
1603 679 1732 718 esse
1761 662 1935 717 debe-

286 767 419 808 mus
447 750 730 820 accipere,
765 749 905 819 quia
933 761 1130 818 pacem
1180 745 1305 814 Dei,
1339 761 1455 816 qua
1498 744 1624 814 ipse
1652 743 1804 799 Deus
1833 758 1930 812 pa-

282 837 449 888 catus
479 835 591 897 est,
623 830 778 884 sicut
807 825 965 882 novit
993 831 1163 895 Deus,
1217 842 1333 881 non
1384 839 1512 879 eam
1546 839 1651 879 nos
1682 823 1765 878 sic
1799 837 1934 890 pos-

283 927 492 968 sumus
523 924 712 976 nosse,
746 923 850 962 nec
882 905 986 961 ulli
1030 905 1255 978 Angeli.
1295 905 1532 976 Superat
1576 903 1775 974 itaque
1814 917 1929 957 om-

281 1009 410 1047 nem
440 991 803 1057 intellectum,
836 1003 952 1042 non
1001 986 1246 1042 dubium
1298 988 1451 1058 quod
1502 989 1706 1054 praeter
1735 997 1930 1038 suum.

282 1072 392 1130 Sed
415 1071 552 1145 quia
583 1075 639 1126 et
668 1085 774 1125 nos
796 1085 897 1140 pro
930 1068 1138 1123 modo1
1174 1073 1372 1123 nostro
1399 1065 1559 1140 pacis
1593 1065 1718 1134 ejus
1749 1062 1933 1132 parti-

286 1153 444 1225 cipes
493 1152 625 1208 facti
674 1165 972 1205 summam
1013 1149 1070 1202 in
1114 1147 1285 1203 nobis
1333 1153 1507 1220 atque
1554 1146 1706 1200 inter
1746 1159 1850 1198 nos
1879 1145 1936 1198 et

289 1248 420 1289 cum
454 1233 580 1302 ipso
614 1245 834 1302 pacem,
868 1231 1150 1298 quantum
1182 1236 1443 1282 nostrum
1480 1239 1772 1282 summum
1824 1228 1930 1288 est,

279 1313 714 1371 obtinebimus:
747 1311 859 1366 isto
892 1309 1061 1364 modo
1095 1325 1196 1380 pro
1240 1324 1343 1364 suo
1378 1308 1551 1363 modo
1583 1305 1772 1361 sciunt
1803 1317 1932 1357 eam

280 1394 466 1451 sancti
515 1390 740 1464 Angeli,
789 1389 1054 1446 homines
1104 1393 1299 1444 autem
1351 1403 1506 1444 nunc
1544 1385 1716 1464 longe
1758 1382 1930 1464 intra,

281 1461 703 1545 quantumlibet
731 1476 999 1540 provectu
1051 1468 1264 1522 mentis
1313 1465 1615 1522 excellant.
1648 1461 1933 1518 Conside-

283 1553 527 1609 randum
582 1555 672 1608 est
729 1550 885 1606 enim
944 1553 1200 1620 quantus
1238 1548 1326 1602 vir
1375 1546 1622 1614 dicebat,
1654 1546 1737 1599 Ea:
1782 1549 1937 1613 parte

281 1634 507 1704 scimus,
540 1637 593 1689 et
621 1649 693 1688 ea:
719 1636 882 1704 parte
924 1631 1330 1702 prophetamus,
1367 1629 1534 1684 donec
1571 1627 1767 1682 veniat
1795 1623 1936 1695 quod

282 1720 570 1789 per/ectun
599 1717 676 1770 est
704 1713 753 1785 (Ι
786 1713 904 1768 Cor.
951 1727 1074 1779 xm,
1121 1710 1177 1779 9,
1229 1712 1315 1780 10)
1342 1726 1357 1777 ;
1387 1714 1466 1777 et,
1513 1706 1758 1762 Videmus
1787 1719 1936 1789 nunc

281 1787 379 1868 per
405 1796 690 1867 speculum
730 1795 792 1849 in
826 1791 1140 1864 aenigmate,
1181 1796 1312 1847 tunc
1353 1798 1532 1846 autem
1559 1789 1707 1858 [acie
1743 1787 1818 1868 ad
1844 1787 1935 1868 [af

279 1865 615 1945 ciem—(Ibid.
669 1874 776 1946 l2).
833 1874 928 1930 Sic
974 1874 1089 1940 iam
1120 1873 1320 1927 vident
1368 1869 1552 1927 sancti
1581 1867 1802 1938 Angeli,
1837 1865 1932 1936 qui

282 1959 455 2013 etiam
489 1957 668 2013 nostri
700 1955 903 2027 Angeli
938 1955 1078 2010 dicti
1107 1958 1266 2020 sunt,
1306 1952 1440 2024 quia
1469 1949 1615 2008 eruti
1645 1951 1714 2004 de
1746 1953 1932 2019 potes~

283 2040 399 2093 tate
433 2038 819 2104 tenebrarum,
850 2039 906 2091 et
936 2039 1170 2105 accepto
1199 2033 1448 2104 Spiritus
1479 2032 1721 2102 pignore
1751 2033 1938 2082 trans-

281 2117 382 2174 lati
419 2119 490 2172 ad
523 2132 767 2187 regnum
800 2114 1038 2178 Christi,
1087 2115 1158 2168 ad
1185 2129 1284 2167 eos
1323 2110 1576 2180 Angelos
1601 2110 1724 2178 jam
1757 2108 1935 2176 ccepi-

283 2213 419 2253 mus
451 2198 761 2268 pertinere,
792 2210 926 2250 cum
960 2194 1170 2264 quibus
1192 2192 1362 2247 nobis
1392 2191 1499 2246 erit
1529 2192 1731 2245 sancta
1760 2192 1937 2268 atque

280 2266 646 2345 dulcissima,
676 2275 748 2329 de
780 2291 892 2346 qua
911 2273 1039 2342 jam
1096 2277 1181 2327 tot
1226 2270 1407 2326 libros
1439 2269 1802 2339 scripsimus,
1834 2266 1936 2322 Dei

278 2357 479 2414 civitas
508 2357 634 2428 ipsa
663 2354 1015 2411 communis.
1052 2353 1145 2409 Sic
1163 2355 1303 2408 sunt
1328 2368 1463 2424 ergo
1494 2349 1697 2422 Angeli
1729 2349 1933 2418 nostri,

294 2438 393 2509 qui
425 2442 564 2493 sunt
589 2434 799 2508 Angeli
823 2434 948 2502 Dei,
980 2434 1477 2505 quemadmodum
1525 2431 1792 2486 Christus
1817 2430 1934 2497 Dei,

283 2518 552 2574 Christus
581 2522 670 2573 est
699 2523 915 2572 noster.
953 2515 1049 2569 Dei
1089 2518 1248 2579 sunt,
1279 2513 1418 2584 quia
1447 2513 1629 2567 Deum
1662 2525 1775 2564 non
1809 2509 1937 2566 reli-

284 2602 575 2670 querunt;
610 2595 792 2653 nostri
823 2600 978 2661 sunt,
1031 2594 1169 2666 quia
1219 2609 1358 2649 suos
1401 2593 1551 2648 cives
1580 2606 1686 2646 nos
1731 2589 1937 2646 habere

287 2683 606 2748 cmperunt.
656 2676 813 2732 Dixit
851 2682 1044 2731 autem
1089 2673 1374 2730 Dominus
1413 2672 1610 2736 Jesus,
1663 2671 1842 2728 Videte
1868 2681 1939 2724 ne

281 2760 648 2816 contemnam
669 2773 843 2814 unum
873 2757 940 2813 de
965 2755 1194 2828 pusillis
1243 2755 1383 2810 istis.
1433 2755 1562 2810 Dico
1589 2755 1742 2810 enim
1767 2751 1934 2816 vobis,

280 2842 414 2911 quia
443 2840 640 2908 Angeli
658 2854 847 2895 eorum
877 2837 940 2893 in
967 2837 1122 2893 caelis
1152 2852 1364 2906 semper
1390 2837 1579 2891 vident
1604 2834 1805 2905 [aciem
1837 2838 1936 2888 Pa-

281 2920 386 2974 tris
412 2921 557 2996 mei,
596 2919 694 2990 qui
746 2922 809 2974 in
850 2916 1008 2973 caelis
1055 2925 1134 2973 est
1183 2915 1405 2986 (Matth.
1437 2931 1598 2984 xvm,
1635 2917 1744 2985 10).
1776 2913 1940 2972 Sicut

280 3015 417 3071 ergo
447 2999 532 3055 illi
563 3001 780 3066 vident,
814 2999 891 3054 ita
919 3003 975 3054 et
1001 3014 1110 3054 nos
1137 2997 1318 3053 visuri
1370 3012 1616 3051 sumus:
1651 2997 1748 3050 sed
1785 3010 1937 3049 non-

279 3081 418 3137 dum
477 3081 558 3136 ita
612 3079 900 3135 videmus.
957 3077 1198 3149 Propter
1251 3077 1408 3148 quod
1472 3076 1554 3130 ait
1601 3073 1936 3145 Apostolus,

281 3160 440 3233 quod
468 3160 642 3231 paulo
681 3163 815 3214 ante
846 3157 989 3224 dixi,
1027 3157 1274 3214 Videmus
1323 3171 1472 3210 nunc
1513 3171 1612 3226 per
1652 3152 1940 3224 speculum

281 3243 344 3298 in
369 3243 692 3310 aenigmate,
725 3248 854 3296 tunc
882 3243 1069 3295 autem
1096 3240 1242 3310 facie
1269 3237 1340 3292 ad
1377 3239 1596 3307 faciem.
1632 3235 1936 3292 Praemium

285 3323 483 3393 itaque
528 3321 660 3378 fidei
701 3321 871 3376 nobis
918 3320 1066 3375 visio
1116 3319 1230 3375 ista
1282 3321 1563 3380 servatur,
1617 3318 1688 3372 de
1738 3333 1854 3387 qua
1883 3320 1941 3370 et

281 3402 533 3459 Joannes
559 3401 856 3472 apostolus
879 3398 1148 3471 loquens,
1175 3399 1312 3455 Cum
1341 3396 1687 3468 apparuerit,
1721 3394 1936 3465 inquit,

283 3482 494 3539 similes
519 3484 573 3539 ei
598 3483 827 3546 erimus,
860 3479 1128 3552 quoniam
1171 3478 1476 3534 videbimus
1522 3491 1648 3533 eum
1670 3475 1836 3531 sicuti
1863 3478 1943 3530 est

284 3565 330 3638 (Ι
357 3566 515 3622 Joan.
549 3582 637 3634 ιιι,
679 3564 758 3637 2).
790 3563 984 3620 Facies
1015 3565 1210 3617 autem
1259 3560 1360 3616 Dei
1394 3557 1785 3614 manifestatio
1817 3557 1943 3627 ejus

289 3646 673 3718 intelligenda
701 3649 811 3714 est,
845 3661 957 3700 non
996 3641 1230 3715 aliquod
1253 3641 1367 3698 tale
1400 3642 1754 3708 membrum,
1777 3638 1944 3710 quale

284 3743 391 3782 nos
420 3727 708 3782 habemus
739 3724 800 3780 in
830 3739 1090 3796 corpore,
1123 3729 1298 3794 atque
1329 3723 1440 3777 isto
1467 3720 1702 3777 nomine
1725 3735 1946 3775 nuncu-

285 3823 495 3878 pamus
528 3807 633 3878 (a).

356 3887 410 3941 2.
436 3887 799 3958 Quapropter
828 3901 963 3941 cum
993 3900 1064 3940 ex
1106 3900 1200 3940 me
1228 3882 1531 3956 quaeritur,
1563 3881 1704 3954 quid
1758 3880 1945 3937 acturi

287 3967 410 4024 sint
431 3967 619 4024 sancti
641 3967 700 4022 in
740 3965 842 4022 illo
869 3982 1110 4038 corpore
1139 3964 1452 4035 spirituali,
1480 3980 1595 4018 non
1628 3962 1756 4018 dico
1789 3961 1945 4033 quod

282 4049 404 4119 jam
435 4047 623 4115 video,
655 4047 756 4103 sed
807 4047 937 4102 dico
968 4045 1127 4118 quod
1174 4046 1342 4100 credo
1374 4060 1388 4100 :
1426 4043 1749 4100 secundum
1801 4041 1945 4096 illud

287 4129 441 4200 quod
465 4128 524 4184 in
568 4126 787 4183 Psalmo
821 4127 967 4197 lego,
1015 4124 1262 4189 Credidi,
1300 4130 1534 4196 prapter
1573 4123 1714 4195 quod
1739 4125 1948 4177 loeutus

287 4225 410 4265 sum
439 4208 613 4281 (Psal.
647 4223 772 4275 cxv,
807 4207 917 4278 10).
943 4205 1080 4261 Dico
1111 4205 1331 4276 itaque,
1360 4203 1558 4259 Visuri
1590 4206 1730 4259 sunt
1769 4202 1948 4257 Deum

288 4289 350 4345 in
385 4290 509 4359 ipso
539 4303 777 4358 corpore
808 4285 950 4342 :sed
995 4293 1191 4340 utrum
1223 4299 1326 4354 per
1390 4283 1606 4354 ipsum,
1641 4282 1799 4337 sicut
1847 4294 1951 4352 per

290 4358 503 4438 corpus
537 4382 694 4422 nunc
723 4365 987 4421 videmus
1011 4364 1214 4433 solem,
1249 4362 1474 4430 lunam,
1507 4358 1728 4426 stellas,
1763 4375 1947 4429 mare,

292 4465 362 4505 ac
390 4452 631 4515 terram,
669 4449 725 4502 et
750 4462 877 4517 quis
908 4443 1136 4501 suntin
1186 4459 1274 4513 ea,
1333 4458 1449 4498 non
1491 4457 1668 4513 parva
1706 4441 1950 4511 quaestio

291 4534 402 4586 est.
423 4527 648 4583 Durum
689 4531 776 4582 est
803 4525 960 4582 enim
993 4523 1186 4579 dicere
1224 4523 1378 4594 quod
1436 4521 1616 4578 sancti
1651 4520 1792 4577 talia
1821 4536 1950 4575 cor-

293 4625 440 4682 pora
468 4613 608 4664 tunc
641 4607 956 4668 habebunt,
990 4611 1052 4660 ut
1074 4620 1190 4660 non
1214 4603 1442 4674 possint
1470 4601 1670 4658 oculos
1714 4600 1950 4656 claude-

293 4707 358 4749 re
389 4695 566 4762 atquc
591 4689 816 4761 aperire
847 4703 976 4743 cum
1015 4685 1229 4742 volent.
1275 4683 1492 4740 Durius
1523 4687 1741 4762 autem.
1797 4682 1952 4762 quod

296 4767 378 4827 ibi
409 4761 619 4840 Deum,
652 4767 923 4842 quisquis
943 4766 1143 4824 oculos
1171 4763 1469 4824 clauserit,
1495 4779 1608 4817 non
1631 4761 1871 4842 videbit.
1891 4761 1954 4816 Si

295 4854 458 4909 enim
489 4841 771 4924 propheta
799 4849 1040 4906 Elisteus
1074 4860 1320 4917 puerum
1351 4859 1525 4900 suum
1558 4841 1717 4924 Giezi
1743 4842 1957 4924 absens

296 4921 540 5005 corpore
579 4921 729 4988 vidit
785 4928 1162 5001 accipientem
1207 4939 1474 4992 munera,
1505 4939 1633 4995 quas
1688 4922 1849 5005 dedit
1903 4921 1954 4977 ei

297 5000 560 5072 Naaman
583 5012 786 5085 Syrus,
809 5000 986 5082 quem
1018 5005 1294 5080 propheta
1334 5006 1693 5062 memoratus
1723 5019 1756 5056 a
1784 5000 1956 5074 lepra

298 5094 668 5151 deformitate
713 5091 1114 5155 mundaverat,
1147 5087 1298 5157 quod
1341 5100 1542 5142 servus
1574 5097 1822 5152 nequam
1853 5085 1956 5138 do-

300 5175 464 5231 mino
495 5190 603 5229 suo
634 5188 750 5228 non
780 5171 1035 5232 vidente,
1081 5168 1327 5224 latenter
1377 5181 1440 5222 se
1482 5163 1689 5220 fecisse
1727 5169 1958 5234 putave-

301 5265 389 5310 rat
413 5253 507 5327 (ιν
538 5255 676 5326 Reg.
708 5268 765 5314 v,
795 5251 998 5322 8-27);
1031 5251 1249 5321 quanto
1280 5245 1468 5319 magis
1497 5245 1558 5300 in
1591 5243 1698 5327 illo
1720 5259 1960 5327 corpore

301 5323 600 5407 spirituali
616 5323 901 5390 videbunt
922 5329 1110 5386 sancti
1131 5327 1351 5388 omnia.
1384 5342 1498 5382 non
1522 5325 1715 5381 solum
1746 5323 1797 5380 si
1818 5338 1962 5383 ocu-

368 5603 386 5638 ¹
416 5600 543 5651 Sola
570 5598 732 5648 editio
760 5598 908 5652 ιον..
940 5595 1190 5647 modulo.

363 5666 446 5727 (α)
475 5662 626 5712 Οοιιι.
657 5659 821 5723 Epist.
855 5658 964 5710 147.

1423 368 1659 430 LIBER
1703 365 2118 429 VIGESIMUS
2162 367 2604 438 SECUNDUS.

3579 385 3695 445 798

2046 501 2132 559 los
2175 505 2469 587 claudant,
2494 527 2694 567 verum
2726 511 2900 568 etiam
2933 515 3080 570 unde
3127 518 3265 569 sunt
3315 532 3554 587 corpore
3592 516 3696 572 ab-

2045 589 2238 641 sentes
2269 586 2477 646 ?Tunc
2536 592 2691 647 enim
2736 595 2845 648 erit
2887 595 3205 664 perfectum
3256 586 3432 657 illud,’
3459 597 3525 651 de
3578 613 3693 668 quo

2044 672 2286 736 loquens
2318 671 2652 742 Apostolus,
2694 675 2776 729 Ex
2809 684 3002 744 parte,
3038 675 3251 747 inquit,
3281 675 3506 742 scimus,
3529 685 3579 731 et
3625 693 3694 731 ea:

2043 751 2201 813 parte
2225 751 2670 820 prophetamus;
2716 770 2840 809 eum
2870 762 3055 811 autem
3101 757 3311 812 venerit
3367 758 3514 827 quod
3568 772 3694 827 per-

2042 829 2246 897 fectum
2277 839 2375 892 est,
2407 834 2548 904 quod
2577 841 2823 904 exparte
2847 840 2927 891 est
2954 836 3324 892 evacuabitur.
3359 836 3577 891 Deinde
3609 839 3692 897 ut,

2045 911 2337 978 quomodo
2386 921 2598 982 posset,
2660 914 2857 986 aliqua
2909 916 3295 973 similitudine
3343 917 3694 977 ostenderet.

2045 995 2330 1058 quantum
2362 993 2434 1048 ab
2469 993 2569 1048 illa
2599 1013 2722 1065 quas
2756 997 2952 1052 futura
2969 998 3251 1053 estdistet
3273 998 3393 1052 haec
3415 997 3553 1064 vita,
3576 1011 3692 1050 non

2045 1071 2564 1158 qualiumcumque
2604 1077 2933 1144 hominum,
2967 1094 3168 1133 verum
3195 1079 3367 1133 etiam
3402 1079 3501 1148 qui
3554 1093 3694 1148 prae-

2044 1150 2216 1220 cipua
2248 1150 2340 1207 hic
2372 1155 2674 1212 sanctitate
2723 1162 2864 1212 sunt
2894 1159 3118 1228 praediti
3153 1175 3166 1213 :
3210 1159 3344 1214 Cum
3378 1173 3565 1224 essem,
3595 1156 3694 1210 in-

2043 1229 2186 1298 quit,
2214 1234 2503 1302 parvulus,
2550 1237 2710 1306 quasi
2735 1239 3004 1308 parvulus
3032 1237 3330 1308 sapiebam,
3378 1238 3534 1309 quasi
3560 1252 3693 1306 ραν-
3801 1297 3808 1306 I

2042 1309 2205 1363 vulus
2224 1311 2504 1382 loquebar,
2524 1315 2682 1385 quasi
2710 1318 2975 1386 parvulus
2994 1317 3326 1387 cogitabam;
3355 1332 3479 1371 cum
3509 1323 3691 1370 autem

2041 1387 2218 1456 factus
2238 1408 2360 1448 sum
2389 1397 2493 1456 vir,
2524 1401 2785 1452 evacuavi
2814 1414 2874 1453 ea
2906 1413 3030 1469 quae
3057 1398 3279 1468 parvuli
3326 1402 3501 1452 erant.
3544 1397 3692 1452 Vide-

2043 1486 2165 1525 mus
2189 1490 2340 1529 nunc
2384 1491 2482 1546 per
2515 1478 2798 1547 speculum
2837 1478 2898 1532 in
2945 1482 3254 1548 amigmate,
3313 1485 3448 1533 tunc
3500 1485 3691 1533 autem

2042 1553 2188 1621 facie
2215 1555 2290 1608 ad
2317 1554 2537 1623 faciem.
2573 1557 2731 1613 Nunc
2757 1560 2866 1613 scio
2895 1574 2965 1613 ea:
3005 1567 3184 1629 parte,
3218 1567 3346 1612 tunc
3373 1562 3557 1612 autem
3592 1573 3691 1614 co-

2041 1648 2295 1703 gnoscam
2324 1635 2464 1691 sicut
2492 1645 2543 1692 et
2571 1641 2822 1707 cognitus
2855 1655 2976 1692 sum
3005 1640 3051 1710 (l
3079 1639 3199 1693 Cor.
3225 1655 3344 1699 xui,
3380 1639 3463 1698 11,
3499 1638 3608 1706 12).
3632 1636 3689 1690 Si

2043 1729 2178 1785 ergo
2200 1715 2258 1769 in
2291 1715 2401 1771 hac
2435 1716 2568 1784 \ita,
2595 1718 2692 1772 ubi
2719 1719 3023 1772 hominum
3057 1718 3418 1773 mirabilium
3444 1717 3690 1788 pr0phe—

2044 1794 2125 1850 tia
2156 1797 2234 1850 ita
2265 1799 2654 1866 comparanda
2683 1802 2770 1853 est
2824 1798 2902 1852 illi
2937 1798 3062 1853 vita:
3116 1798 3282 1867 quasi
3335 1795 3558 1868 parvuli
3615 1796 3687 1850 ad

2036 1873 2337 1944 juvenem,
2371 1875 2515 1932 vidit
2537 1882 2734 1934 tamen
2767 1878 3004 1933 Elisaaus
3029 1879 3411 1948 accipientem
3445 1891 3688 1932 munera

2044 1971 2274 2009 servum
2311 1973 2510 2022 suum,
2535 1958 2632 2011 ubi
2665 1959 2791 2027 ipse
2822 1975 2934 2012 non
2963 1964 3084 2012 erat
3117 1974 3130 2024 ;
3159 1958 3314 2011 itane
3345 1973 3478 2012 cum
3511 1971 3690 2011 vene-

2045 2034 2118 2088 rit
2149 2036 2300 2105 quod
2337 2038 2650 2102 perfectum
2677 2043 2786 2105 est,
2815 2039 3055 2108 necjam
3079 2053 3290 2107 corpus
3305 2037 3688 2106 corruptibile

2045 2113 2383 2185 aggravabit
2413 2116 2688 2177 animam,
2723 2119 2818 2171 sed
2865 2115 3302 2186 incorruptibile
3333 2115 3476 2169 nihil
3499 2117 3684 2186 impe-

2044 2194 2181 2254 diet,
2215 2191 2298 2247 illi
2328 2194 2511 2248 sancti
2541 2195 2614 2249 ad
2645 2211 2710 2250 ea
2735 2211 2861 2267 quas
2893 2195 3144 2250 videnda
3173 2198 3313 2250 sunt
3341 2194 3523 2250 oculis
3556 2209 3688 2248 cor-

2044 2274 2252 2343 porcis,
2287 2273 2497 2344 quibus
2527 2275 2768 2330 Elismus
2797 2276 3007 2331 absens
3039 2275 3112 2330 ad
3141 2291 3372 2332 servum
3402 2291 3572 2330 suum
3608 2275 3690 2330 vi-

2044 2355 2302 2411 dendum
2321 2371 2432 2409 non
2459 2356 2731 2427 indiguit.
2764 2356 3110 2427 indigebunt
3139 2357 3168 2410 ?
3195 2356 3339 2411 Nam
3364 2353 3686 2411 secundum

2044 2434 2392 2505 interpretes
2435 2437 2830 2507 Septuaginta,
2866 2437 2976 2491 ista
3023 2441 3160 2492 sunt
3195 2437 3265 2491 ad
3315 2434 3467 2491 Giezi
3513 2434 3684 2490 verba

2046 2518 2342 2590 Prophetas
2374 2533 2387 2572 :
2422 2521 2616 2574 Nonne
2655 2535 2750 2573 cor
2771 2535 2949 2574 meum
2978 2521 3046 2574 iit
3078 2523 3270 2586 tecum,
3303 2517 3517 2590 quando
3555 2533 3682 2572 con-

2041 2615 2230 2656 versus
2256 2608 2332 2654 est
2355 2601 2373 2632 ί
2402 2600 2494 2654 vir
2521 2599 2585 2656 de
2612 2616 2783 2654 curru
2810 2616 2906 2656 suo
2945 2603 3004 2655 in
3032 2603 3249 2658 obviam
3289 2599 3410 2667 tibi,
3456 2601 3506 2654 et
3532 2615 3690 2655 acce-

2044 2681 2175 2751 pisti
2193 2679 2494 2750 pecuniam
2517 2679 2614 2751 (ιν
2640 2682 2766 2749 Reg.
2799 2698 2851 2750 v,
2874 2681 2968 2754 26)
2995 2681 3023 2737 ?
3043 2687 3100 2738 et
3130 2688 3353 2738 cetera.
3396 2680 3557 2736 Sicut
3587 2696 3689 2735 au-

2045 2764 2163 2816 tem
2194 2775 2262 2814 ex
2283 2759 2943 2832 Hebraaointerpretatus
2973 2768 3061 2817 est
3090 2763 3387 2834 presbyter
3417 2762 3694 2832 Hierony-

2048 2856 2204 2908 mus,
2234 2841 2421 2895 Nonne
2455 2856 2548 2896 cor
2601 2857 2803 2910 meum,
2866 2842 3075 2913 inquit,
3127 2843 3189 2899 in
3241 2845 3502 2914 praesenti
3547 2846 3692 2911 erat,

2047 2921 2262 2992 quando
2284 2937 2531 2976 reversus
2584 2928 2664 2978 est
2693 2921 2850 2980 homo
2880 2923 2944 2979 de
2983 2940 3152 2979 curru
3179 2939 3273 2980 suo
3321 2926 3379 2978 in
3411 2937 3696 2978 occursum

2046 3002 2134 3055 tui
2160 3002 2188 3055 ?
2207 3000 2390 3056 Corde
2412 3017 2518 3057 suo
2541 3018 2604 3057 se
2636 3002 2781 3058 dixit
2800 3003 2909 3059 hoc
2932 3004 3146 3059 vidisse
3175 3003 3481 3074 Propheta,
3497 3003 3696 3072 adjulo

2046 3081 2286 3155 quidem
2322 3083 2692 3146 mirabiliter,
2719 3083 2881 3140 nullo
2905 3085 3228 3146 dubitante,
3264 3083 3563 3138 divinitus.
3587 3082 3696 3138 Sed

2047 3167 2265 3235 quanto
2300 3163 2554 3233 amplius
2586 3167 2726 3219 tunc
2757 3180 2958 3220 omnes
2999 3179 3238 3220 munere
3279 3166 3391 3220 isto
3439 3163 3702 3218 abunda-

2046 3246 2214 3304 bunt,
2249 3259 2383 3298 cum
2415 3243 2564 3299 Deus
2595 3246 2702 3300 erit
2734 3247 2930 3302 omnia
2963 3245 3020 3300 in
3071 3246 3350 3300 omnibus
3379 3245 3424 3313 (Ι
3449 3245 3568 3298 Cor.
3602 3259 3695 3308 xv,

2046 3325 2138 3395 28)
2166 3325 2196 3378 ?
2222 3322 2524 3378 Habebunt
2556 3328 2752 3379 tamen
2777 3326 2951 3380 etiam
2987 3325 3070 3378 illi
3101 3325 3249 3379 oculi
3284 3324 3540 3393 corporei
3572 3323 3709 3377 ofﬁ-

2047 3405 2204 3458 cium
2236 3418 2436 3462 suum,
2469 3408 2526 3456 et
2559 3403 2618 3457 in
2648 3403 2772 3458 loco
2812 3419 2914 3458 suo
2968 3408 3159 3468 erunt,
3220 3407 3532 3473 uteturque
3585 3403 3701 3457 illis

2049 3481 2293 3552 spiritus
2337 3495 2436 3550 per
2465 3480 2764 3550 spirituale
2794 3497 3030 3551 corpus.
3085 3481 3280 3550 Neque
3322 3481 3478 3535 enim
3525 3485 3582 3535 et
3603 3479 3702 3535 ille

2050 3562 2360 3635 Propheta,
2391 3563 2529 3632 quia
2559 3577 2673 3617 non
2732 3562 2814 3616 eis
2847 3560 3096 3632 indiguit
3151 3569 3211 3617 ut
3251 3559 3466 3615 videret
3497 3560 3706 3615 absen-

2049 3647 2188 3704 tem,
2214 3658 2328 3697 non
2360 3642 2444 3696 eis
2477 3656 2618 3695 usus
2668 3645 2758 3697 est
2789 3642 2860 3695 ad
2904 3641 3153 3696 videnda
3188 3641 3494 3710 praesentia
3527 3656 3541 3707 ;
3576 3656 3701 3709 quae

2049 3729 2246 3780 tamen
2275 3722 2485 3793 spiritu
2531 3722 2729 3776 videre
2761 3725 2976 3792 posset,
3012 3720 3241 3776 etiamsi
3292 3719 3423 3775 illos
3469 3720 3704 3776 claude-

2052 3813 2157 3872 ret,
2193 3804 2346 3860 sicut
2374 3802 2519 3858 vidit
2550 3801 2836 3870 absentia,
2862 3803 2960 3857 ubi
2993 3818 3128 3857 cum
3151 3804 3234 3858 eis
3257 3803 3380 3874 ipse
3412 3818 3526 3858 non
3558 3811 3704 3858 erat.

2051 3887 2217 3942 Absit
2245 3901 2408 3956 ergo,
2468 3889 2533 3940 ut
2575 3885 2835 3939 dicamus
2865 3882 2994 3939 illos
3031 3887 3267 3939 sanctos
3324 3883 3380 3939 in
3438 3883 3540 3939 illa
3596 3883 3711 3939 vita

2053 3967 2237 4023 Deum
2267 3964 2486 4020 clausis
2545 3964 2730 4020 oculis
2789 3980 2904 4019 non
2960 3964 3209 4026 visuros,
3265 3981 3441 4036 quem
3501 3963 3708 4036 spiritu

2053 4061 2283 4115 semper
2314 4045 2616 4100 videbunt.

2125 4129 2178 4181 3.
2209 4127 2320 4181 Sed
2371 4131 2564 4181 utrum
2618 4125 2901 4181 videbunt
2931 4134 2984 4182 et
3013 4141 3113 4197 per
3168 4125 3368 4182 oculos
3425 4123 3705 4196 corporis.

2054 4223 2188 4263 cum
2239 4222 2337 4262 eos
2369 4210 2601 4276 apertos
2643 4206 2959 4274 habebunt,
3000 4207 3135 4262 inde
3186 4205 3433 4278 quaestio
3483 4210 3590 4260 est.
3645 4204 3708 4259 Si

2054 4288 2206 4344 enim
2241 4291 2465 4342 tantum
2491 4289 2764 4358 poterunt
2783 4289 3094 4356 incorpore
3120 4285 3408 4358 spirituali
3432 4301 3499 4341 eo
3531 4285 3706 4341 modo

2059 4369 2258 4440 utique
2271 4368 2446 4423 etiam
2475 4366 2587 4438 ipsi
2602 4366 2750 4422 oculi
2773 4366 3129 4439 spirituales,
3154 4372 3436 4437 quantum
3461 4368 3708 4438 possunt

2057 4449 2154 4504 isti
2186 4448 2387 4520 quales
2417 4463 2572 4503 nunc
2621 4447 2905 4504 habemus
2941 4465 2954 4516 ;
2990 4447 3190 4518 procul
3247 4448 3422 4504 dubio
3483 4464 3583 4517 per
3611 4463 3712 4503 eos

2056 4528 2213 4585 Deus
2269 4527 2452 4582 videri
2511 4544 2624 4584 non
2686 4528 2914 4600 poterit.
2978 4528 3165 4600 Longe
3223 4528 3418 4601 itaque
3475 4528 3713 4585 alterius

2059 4612 2234 4665 erunt
2263 4607 2556 4679 potenliis,
2589 4607 2640 4663 si
2671 4625 2774 4680 per
2794 4625 2890 4665 eos
2943 4609 3230 4666 videbitur
3278 4610 3587 4680 incorpore
3616 4609 3716 4664 illa

2061 4695 2294 4759 natura,
2322 4705 2452 4761 quae
2496 4706 2611 4746 non
2661 4691 2995 4746 continetur
3022 4690 3169 4754 loco,
3211 4691 3309 4744 sed
3353 4689 3566 4758 ubique
3597 4694 3716 4742 tota

2060 4775 2169 4825 est.
2203 4769 2326 4825 Non
2360 4770 2513 4824 enim
2549 4771 2688 4841 quia
2721 4771 2972 4824 dicimus
3007 4775 3186 4823 Deum
3217 4773 3275 4822 et
3307 4769 3364 4822 in
3394 4768 3538 4822 ccelo
3561 4781 3712 4828 esse,

2061 4856 2118 4906 et
2149 4855 2203 4904 in
2231 4860 2381 4906 terra
2411 4853 2551 4921 (ipse
2583 4851 2800 4920 quippe
2831 4851 2909 4902 ait
2951 4864 3052 4918 per
3091 4848 3462 4916 Prophetam,
3506 4847 3714 4902 Cretum

2061 4935 2114 4986 et
2141 4935 2350 4986 terram
2380 4945 2477 4999 ego
2524 4929 2726 4998 impleo
2757 4927 2980 4998 [Jerem.
3023 4943 3181 4995 χχιιι,
3217 4925 3333 4997 24],
3367 4925 3539 4982 aliam
3580 4942 3713 4998 par-

2065 5014 2180 5064 tem
2214 5008 2425 5063 dicturi
2457 5022 2664 5062 sumus
2693 5021 2825 5062 eum
2857 5006 2914 5060 in
2956 5005 3099 5060 cmlo
3131 5005 3363 5066 habere,
3396 5010 3454 5060 et
3481 5005 3540 5061 in
3565 5014 3716 5063 terra

2065 5089 2239 5147 aliam
2275 5104 2288 5143 :
2322 5103 2418 5144 sec
2454 5091 2613 5145 totus
2640 5087 2698 5142 in
2729 5086 2874 5145 cmlo
2905 5091 3012 5149 est,
3073 5089 3227 5142 totus
3273 5089 3332 5142 in
3363 5091 3517 5142 terra
3550 5101 3565 5155 ;
3596 5103 3713 5143 non

2131 5406 2148 5439 ί
2200 5401 2285 5452 Sic
2337 5400 2460 5450 Mss.
2511 5402 2581 5450 At
2620 5399 2776 5451 Vind.
2817 5400 2934 5450 Am.
2989 5399 3097 5456 Er.,
3142 5397 3342 5449 Nonne
3393 5411 3485 5446 cor
3527 5408 3714 5445 meum

2066 5473 2248 5528 tecum
2332 5471 2472 5523 erat,
2555 5464 2779 5528 quando
2864 5477 3162 5513 conversus
3217 5469 3323 5528 est,
3379 5460 3495 5528 _etc.
3569 5458 3696 5508 Lov.

2069 5527 2279 5642 thmnt;
2297 5542 2389 5577 cor
2417 5522 2606 5579 meum
2638 5535 2815 5608 tecum
2841 5536 2978 5583 erat,
3009 5535 3058 5575 et
3096 5525 3228 5574 novi
3250 5522 3396 5588 quod
3421 5535 3715 5572 conversus

2067 5605 2121 5640 es
2153 5630 2165 5642 .
2197 5603 2226 5640 e
2284 5627 2298 5642 .

2151 5630 2165 5654 θ
2197 5627 2298 5642 νυνι
