4134 6198
418 386 537 450 799

417 520 656 577 alternis
697 519 1087 590 temporibus,
1145 517 1245 573 sed
1306 520 1625 587 utrumque
1673 514 1873 580 simul,
1907 514 2063 586 quod

419 601 578 658 nulla
601 605 806 655 natura
825 598 1143 670 corporalis
1167 602 1370 669 potest.
1400 599 1490 654 Vis
1513 599 1706 668 itaque
1723 596 2068 667 praepollen-

417 685 530 741 tior
559 682 858 739 oculorum
891 682 997 737 erit
1031 680 1275 740 illorum,
1311 697 1425 734 non
1468 685 1530 734 ut
1573 681 1765 734 acrius
1811 679 2064 736 videant,

420 781 593 838 quam
646 763 882 834 quidam
946 761 1331 832 perhibentur
1381 761 1578 816 videre
1635 765 1932 831 serpentes
1982 756 2068 812 vel

421 842 1192 916 aquilaa(quantalibetenim
1227 841 1544 897 acrimonia
1566 839 1838 897 cernendi
1871 840 2074 894 eadem

422 925 656 998 quoque
687 924 965 980 animalia
1003 923 1152 978 nihil
1189 923 1349 980 aliud
1384 927 1632 993 possunt
1675 922 1867 976 videre
1899 935 2076 991 quam

419 1008 680 1078 corpora)
715 1023 728 1060 :
764 1007 862 1062 sed
897 1010 974 1060 .ut
1004 1005 1238 1059 videant
1296 1011 1352 1060 et
1387 1003 1793 1075 incorporalia.
1847 1006 1914 1056 Et
1960 1000 2076 1056 for-

421 1092 578 1144 tasse
610 1088 722 1143 ista
751 1087 932 1142 virtus
966 1102 1178 1157 magna
1209 1085 1480 1142 cernendi
1503 1085 1639 1140 data
1663 1084 1834 1138 fuerit
1863 1082 1935 1137 ad
1968 1082 2076 1137 ho-

424 1186 546 1225 ram
578 1168 755 1223 etiam
791 1170 846 1222 in
881 1167 992 1222 isto
1027 1165 1253 1220 mortali
1275 1179 1512 1235 corpore
1541 1162 1724 1219 oculis
1747 1162 1938 1218 sancti
1967 1160 2076 1216 viri

422 1249 550 1308 Job,
585 1249 817 1319 quando
841 1247 921 1302 ait
951 1247 1024 1302 ad
1056 1246 1261 1313 Deum,
1287 1247 1340 1301 In
1385 1245 1658 1300 obaudilu
1684 1241 1842 1298 auris
1886 1241 2081 1297 audie-

427 1331 666 1387 bam‘te
708 1330 887 1400 prius,
918 1343 1067 1382 nunc
1120 1332 1306 1382 autem
1345 1327 1533 1382 oculus
1579 1341 1729 1380 meus
1787 1322 1929 1378 videt
1988 1329 2081 1389 te;

421 1414 710 1484 propterea
766 1411 997 1479 despexi
1044 1409 1445 1479 memetipsum,
1477 1416 1527 1462 et
1572 1405 1833 1470 distabui,
1853 1409 1905 1460 et
1936 1404 2084 1459 exis-

428 1493 623 1549 timavi
654 1508 738 1547 me
784 1498 993 1547 terram
1040 1499 1090 1545 et
1134 1493 1377 1545 cinerem
1415 1489 1532 1559 (Job
1579 1503 1713 1553 xw,
1743 1487 1778 1540 5
1815 1495 1866 1542 et
1893 1486 1949 1552 6,
1977 1501 2080 1540 sec.

429 1575 625 1642 LXX).
659 1573 928 1637 Quamvis
973 1572 1068 1626 hic
1101 1570 1244 1626 nihil
1279 1570 1584 1641 prohibeat
1624 1567 1860 1622 oculum
1895 1565 2085 1621 cordis

429 1654 698 1723 intelligi,
732 1653 802 1706 de
823 1653 1036 1723 quibus
1058 1651 1241 1705 oculis
1273 1649 1710 1721 aitApostolus:
1733 1647 2084 1702 Illuminatos

431 1738 610 1792 oculos
639 1735 837 1789 habere
863 1733 1042 1788 cordis
1070 1734 1458 1802 vestri(Ephes.
1488 1748 1525 1797 1,
1563 1730 1669 1800 18).
1705 1733 1854 1800 Ipsis
1886 1733 2084 1784 autem

432 1813 612 1869 videri
645 1812 852 1879 Deum,
884 1828 1018 1865 cum
1072 1811 1381 1869 videbitur,
1423 1809 1794 1864 Christianus
1842 1806 2088 1878 ambigit

435 1909 627 1960 nemo,
662 1892 761 1964 qui
795 1891 1044 1946 ﬁdeliter
1082 1891 1317 1961 accipit,
1350 1891 1503 1962 quod
1537 1889 1618 1944 ait
1661 1893 1808 1944 Deus
1840 1887 1936 1942 ille
1967 1904 2088 1942 ma-

433 1973 615 2044 gister
641 1987 656 2026 :
689 1971 852 2026 Beati
870 1971 1069 2025 mundi
1097 1969 1275 2038 corde,
1304 1968 1566 2041 quoniam
1597 1968 1708 2038 ipsi
1739 1969 1905 2022 Deum
1933 1966 2089 2021 vide-

437 2054 569 2109 bunt
593 2051 802 2122 (Matth.
834 2067 886 2120 v,
920 2052 997 2119 8).
1059 2051 1170 2106 Sed
1222 2055 1414 2104 ultum
1462 2050 1638 2103 etiam
1684 2047 2089 2120 corporalibus

435 2133 623 2190 oculis
674 2131 754 2186 ibi
809 2131 1094 2199 videatur,
1127 2130 1236 2185 hoc
1273 2130 1331 2184 in
1383 2128 1496 2185 ista
1542 2129 1857 2200 quaestione
1894 2144 2088 2184 versa-

437 2228 589 2270 mus.

461 2357 464 2360 ,
510 2292 560 2346 4.
582 2290 732 2347 Illud
765 2291 919 2348 enim
943 2290 1099 2362 quod
1127 2290 1415 2360 scripturn
1438 2292 1550 2350 est,
1584 2290 1646 2344 Et
1670 2287 1883 2344 videbit
1904 2303 2093 2344 omnis

437 2388 570 2430 caro
596 2373 842 2427 salutare
873 2373 963 2427 Dei
982 2372 1134 2441 (Luc.
1161 2387 1248 2432 ιιι.
1275 2372 1352 2441 6).
1385 2371 1512 2425 sine
1535 2368 1711 2424 ullius
1734 2370 1905 2426 modo
1935 2368 2092 2423 difﬁ-

439 2453 672 2510 cultatis
699 2454 784 2508 sic
828 2453 1076 2523 intelligi
1111 2458 1322 2522 potest,
1357 2467 1422 2506 ac
1453 2450 1499 2506 si
1546 2450 1767 2506 dictum
1802 2450 1994 2511 fuerit,
2029 2448 2096 2503 Et

438 2533 657 2590 videbit
678 2534 870 2588 omnis
905 2533 1074 2588 homo
1118 2531 1415 2587 Christum
1453 2531 1547 2586 Dei
1585 2548 1597 2586 :
1633 2531 1735 2602 qui
1798 2530 2002 2602 utique
2033 2529 2092 2584 in

441 2629 679 2684 corpore
710 2613 868 2667 visus
893 2617 1001 2673 est,
1031 2617 1088 2666 et
1128 2612 1188 2668 in
1236 2627 1475 2679 corpore
1513 2609 1826 2677 videbitur,
1859 2609 2093 2680 quando

439 2694 599 2750 vivos
629 2702 683 2751 el.
714 2699 972 2749 mortuos
999 2693 1308 2763 judicabit.
1333 2692 1496 2756 Quod
1529 2696 1720 2746 autem
1744 2691 1865 2761 ipse
1897 2692 1969 2745 sit
2001 2707 2095 2746 sa-

441 2777 630 2833 lutare
661 2776 782 2836 Dei.
817 2774 1002 2830 multa
1032 2779 1170 2830 sunt
1199 2783 1250 2828 et
1282 2772 1396 2830 alia
1449 2773 1787 2829 testimonia
1833 2773 2094 2845 Scriptu-

446 2873 641 2912 rarum
680 2874 693 2912 ε
728 2855 828 2910 sed
861 2855 1190 2910 evidentius
1223 2853 1532 2910 venerandi
1582 2851 1742 2908 illius
1792 2853 1952 2908 senis
2005 2853 2098 2908 Si-

450 2935 674 2992 meonis
689 2935 860 2989 verba
881 2934 1202 2994 declarant,
1223 2936 1321 3004 qui
1346 2949 1479 2988 cum
1503 2932 1784 2988 infantem
1801 2931 2098 2987 Christum

450 3014 772 3086 accepisset
800 3013 858 3068 in
884 3031 1094 3070 manus
1116 3031 1276 3081 suas,
1302 3015 1474 3076 Nunc,
1501 3013 1716 3084 inquit,
1739 3013 1970 3067 dimittis
1986 3028 2100 3068 ser-

449 3113 574 3155 uum
597 3105 774 3164 tuum,
807 3097 1050 3162 Domine,
1072 3095 1370 3151 secundum
1391 3095 1619 3150 verbum
1640 3098 1818 3155 tuum,
1849 3093 1912 3148 in
1931 3109 2060 3161 pace
2082 3109 2102 3156 :

450 3178 709 3250 quoniam
760 3176 1014 3231 viderunt
1060 3175 1208 3230 oculi
1255 3174 1365 3230 mei
1410 3176 1652 3230 salutare
1691 3181 1869 3228 tuum.
1901 3172 2002 3245 (Id.
2039 3190 2100 3235 ιι.

449 3259 540 3319 29,
572 3259 684 3329 30).
722 3257 865 3311 lllud
899 3256 1071 3311 etiam
1107 3255 1261 3327 quod
1282 3255 1363 3310 ait
1383 3271 1558 3326 supra
1589 3265 1942 3310 memoratus
1970 3253 2102 3316 Job,

453 3340 606 3394 sicut
639 3342 691 3391 in
711 3335 1141 3407 exemplaribus
1159 3353 1284 3406 quae
1299 3352 1367 3391 ex
1390 3337 1620 3390 Hebraeo
1638 3335 2105 3396 suntinvenitur,

455 3423 515 3477 Et
548 3423 606 3474 in
637 3434 802 3474 carne
827 3435 954 3472 mea
982 3419 1169 3474 videbo
1197 3418 1364 3473 Deum
1391 3418 1510 3488 (Job
1541 3433 1655 3478 χιιι,
1687 3418 1776 3477 26,
1811 3432 1918 3473 sec.
1964 3418 2106 3472 Vul-

454 3502 662 3572 gatam)
697 3499 1216 3554 :resurrectiunem
1251 3499 1486 3568 quidem
1538 3496 1730 3552 carnis
1763 3499 1890 3551 sine
1929 3496 2106 3552 dubio

457 3579 911 3653 prophetavit(o)
941 3586 1294 3646 ;uontamen
1314 3579 1474 3638 dixit,
1503 3578 1603 3632 Per
1635 3595 1863 3632 carnem
1897 3594 2105 3632 meam.

456 3661 618 3726 Quod
652 3661 884 3729 quidem
916 3661 966 3715 si
996 3662 1261 3725 dixisset,
1294 3666 1490 3730 posset
1540 3659 1688 3714 Deus
1721 3658 1988 3712 Christus
2018 3661 2107 3714 in-

456 3742 768 3814 telligi,qui
794 3759 894 3809 per
913 3758 1146 3797 carnem
1170 3743 1224 3794 in
1251 3757 1422 3795 carne
1447 3741 1767 3795 videbitur:
1798 3757 1951 3794 nunc
1975 3757 2108 3795 vero

461 3829 649 3894 potest
678 3829 734 3876 et
763 3821 844 3878 sic
861 3823 1066 3894 accipi.
1102 3824 1160 3877 1η
1180 3836 1346 3874 carne
1375 3837 1494 3875 mea
1525 3820 1719 3875 videbo
1755 3821 1917 3874 Deum
1942 3821 1962 3854 ³
1991 3837 2011 3879 ;
2041 3837 2108 3875 ac

464 3902 513 3958 si
546 3902 809 3968 dixisset,
857 3905 916 3958 In
943 3919 1115 3957 carne
1146 3918 1274 3956 mea
1300 3917 1417 3966 ero,
1451 3917 1586 3955 cum
1647 3900 1850 3955 videbo
1903 3899 2105 3956 Deum.

464 3983 532 4040 Et
562 3985 705 4039 illud
742 3987 892 4054 quod
919 3982 1352 4054 aitApostolus,
1384 3984 1544 4037 Facie
1585 3982 1654 4036 ad
1680 3983 1879 4049 [aciem
1912 3983 1958 4050 (ι
1985 3983 2106 4038 Cor.

462 4083 586 4131 χιιι,
622 4067 732 4138 12),
767 4083 880 4120 non
914 4067 1060 4136 cogit
1093 4070 1156 4118 ut
1187 4066 1355 4119 Deum
1385 4081 1484 4134 per
1506 4064 1652 4118 hanc
1684 4064 1886 4118 faciem
1914 4079 2114 4134 corpo-

467 4147 669 4213 ralem,
703 4146 801 4201 ubi
831 4151 971 4201 sunt
999 4145 1149 4200 oculi
1183 4145 1533 4215 corporales,
1574 4161 1680 4200 nos
1711 4145 1934 4200 viruros
1983 4160 2112 4200 esse

466 4226 791 4291 credamus,
826 4241 999 4295 quem
1023 4225 1230 4296 spiritu
1265 4226 1387 4279 sine
1419 4224 1847 4280 intermissione
1886 4224 2108 4279 videbi-

467 4323 620 4362 mus.
646 4306 760 4360 Nisi
786 4307 938 4361 enim
959 4312 1108 4363 esset
1129 4309 1300 4359 etiam
1328 4306 1620 4359 interioris
1640 4305 1894 4358 hominis
1912 4306 2111 4375 iacies,

467 4403 582 4441 non
615 4386 1003 4441 diceretidem
1037 4385 1361 4456 apostolus,
1393 4385 1694 4440 Nosautem
1717 4386 1949 4438 revelata
1965 4388 2110 4454 facie

466 4466 700 4535 gloriam
758 4466 978 4519 Domini
1023 4466 1381 4533 speculantes,
1423 4466 1480 4515 in
1519 4464 1762 4518 eamdem
1811 4468 2109 4532 imaginem

466 4547 934 4610 trans/ormamur
961 4544 1025 4596 de
1053 4544 1233 4610 gloria
1264 4542 1324 4596 in
1352 4544 1609 4612 gloriam,
1653 4551 1917 4616 tanquam
1944 4563 1977 4600 a
2011 4547 2111 4600 Do-

469 4621 614 4676 mini
641 4621 839 4690 spiritu
869 4619 891 4654 ³
913 4622 984 4693 (Il
1012 4621 1132 4676 Cor.
1163 4623 1365 4695 111,18).
1401 4623 1514 4678 Nec
1535 4623 1703 4680 aliter
1733 4627 2113 4696 intelligimus

469 4702 624 4774 quod
659 4704 714 4757 in
750 4701 976 4770 Psalmo
999 4704 1248 4772 canitur,
1285 4703 1528 4759 Accedite
1565 4704 1635 4760 ad
1685 4723 1835 4770 eum,
1865 4710 1918 4759 et
1968 4705 2110 4759 illu-

467 4783 843 4854 minamini,et
863 4785 1032 4852 facies
1047 4789 1245 4842 vestrae
1264 4800 1373 4841 non
1390 4786 1705 4842 erubescent
1725 4785 1893 4856 (Psal.
1913 4800 2113 4852 χχχιιι,

540 5082 555 5116 ι
588 5079 670 5129 Ita
695 5079 752 5128 in
784 5079 890 5128 Mss
915 5113 928 5134 ,
960 5078 1028 5128 At
1053 5078 1112 5127 in
1141 5078 1314 5136 editis,
1331 5076 1708 5126 obaudiebam.

538 5142 560 5176 ²
588 5143 741 5205 Apud
770 5142 921 5190 Vind.
953 5140 1070 5190 Am.
1119 5144 1174 5190 et
1222 5143 1306 5191 Er.
1358 5141 1574 5190 additur
1617 5142 1718 5190 hoc
1743 5141 1954 5190 tantum
1979 5140 2115 5201 loco,

475 5205 826 5254 Salvatorem
854 5217 1058 5252 meum.

537 5269 556 5302 3
587 5267 742 5322 Editi.
788 5275 1056 5328 tanquam
1090 5265 1160 5314 ad
1190 5265 1419 5315 Domini
1466 5265 1752 5328 spiritum.
1784 5265 2121 5328 Castigantur

474 5344 541 5380 ex
569 5343 690 5380 man
699 5329 837 5378 uscri
842 5330 964 5389 ptis.
1138 5355 1146 5376 ι

531 5395 610 5451 (αι
659 5393 739 5440 Ita
778 5392 1149 5455 Hieronymus.
1195 5392 1430 5454 Epistula
1475 5391 1555 5450 61,
1605 5393 1673 5441 ad
1701 5391 2116 5455 Pammachium,

473 5455 640 5504 citabo
663 5455 763 5518 hoc
788 5455 906 5518 loco
933 5454 1073 5518 Julii:
1109 5472 1133 5496 «
1179 5455 1314 5511 Quid
1347 5457 1464 5510 hac.
1502 5477 1523 5498 υ
1554 5455 1747 5518 inquit,
1780 5474 1806 5500 cz
1845 5454 2120 5518 prophetia

475 5535 505 5562 α
535 5517 909 5581 manifestius?
940 5517 1125 5581 Nullus
1153 5518 1264 5567 tam
1292 5521 1474 5581 aperte
1501 5517 2125 5581 post’Christum.’quam

475 5579 818 5694 «exaggam
873 5579 1160 5634 Christum,
1217 5581 1283 5632 de
1329 5579 1719 5633 resurrectione
1777 5581 2031 5643 loquitur.
2097 5597 2123 5623 ιι

1471 383 1574 444 DE
1617 379 1982 444 CIVITATE
2025 379 2180 452 DEI,
2226 380 2294 440 S.
2339 377 2761 440 AUGUSTINI

3715 375 3842 435 800

2172 522 2252 592 6).
2285 521 2424 576 Fide
2450 519 2666 591 quippe
2705 518 3004 575 acceditur
3033 519 3104 574 ad
3167 518 3371 585 Deum,
3431 533 3607 590 quam
3645 517 3841 573 cordis

2176 608 2404 658 constat
2433 617 2588 668 esse,
2612 617 2726 656 non
2759 600 3042 672 corporis.
3067 599 3181 655 Sed
3213 598 3345 670 quia
3375 597 3680 669 spirituale
3708 613 3844 653 cor-

2177 699 2285 753 pus
2306 682 2604 738 nescimus
2621 687 2873 752 quantos
2890 679 3133 736 habebit
3155 695 3424 735 accessus
3438 680 3534 747 (de
3548 695 3607 734 re
3623 680 3845 749 quippe

2179 764 2479 833 inexperta
2503 761 2828 833 loquimur)
2851 777 2865 827 ;
2887 760 2984 814 ubi
3009 759 3226 829 aliqua,
3261 775 3389 830 quis
3420 757 3591 814 aliter
3618 757 3844 814 intelli-

2177 842 2237 915 gi
2270 847 2520 914 nequeat
2541 843 2580 910 ',
2614 841 2943 896 divinarum
2977 840 3414 910 Scripturarum
3441 855 3554 894 non
3588 838 3847 895 occurrit

2177 930 2234 979 et
2263 922 2549 978 succurrit
2578 921 2920 987 auctoritas,
2961 935 3193 976 necesse
3222 925 3312 975 est
3343 926 3409 974 ut
3447 919 3752 992 contingat
3779 918 3843 974 in

2178 1004 2346 1061 nobis
2377 1005 2532 1076 quod
2565 1002 2776 1070 legitur
2815 1003 2874 1057 in
2907 1002 3054 1057 libro
3086 1002 3433 1072 Sapientiae:
3471 1002 3851 1071 Cogitationes

2179 1086 2500 1141 mortalium
2512 1083 2748 1152 timidis,
2765 1088 2816 1138 et
2835 1084 3062 1140 incertae
3079 1081 3444 1155 prouidentiae
3461 1087 3660 1140 nostra:
3685 1083 3847 1156 (Sap.

2180 1182 2258 1233 ιχ,
2293 1166 2402 1234 14).

2253 1247 2306 1302 5.
2334 1245 2720 1302 Ratiocinatio
2753 1245 2973 1316 quippe
3024 1243 3128 1299 illa
3189 1243 3694 1315 philosophorum,
3728 1261 3852 1316 qua

2185 1325 2488 1396 disputant
2515 1325 2597 1380 ita
2627 1325 2842 1383 mentis
2873 1331 3110 1396 aspectu
3135 1324 3522 1392 intelligibilia
3553 1324 3757 1393 videri,
3787 1329 3856 1382 et

2185 1422 2364 1463 sensu
2406 1407 2662 1475 corporis
2690 1404 3015 1472 sensibilis,
3050 1405 3107 1460 id
3129 1409 3239 1473 est,
3264 1405 3614 1476 corporalia,
3648 1410 3711 1461 ut
3740 1421 3855 1461 nec

2186 1486 2579 1559 intelligibilia
2611 1503 2709 1557 per
2735 1502 2972 1555 corpus,
3025 1501 3130 1541 nec
3159 1485 3485 1556 corporalia
3516 1501 3618 1557 per
3647 1501 3708 1540 se
3754 1484 3854 1556 ip-

2187 1585 2311 1625 sam
2341 1569 2362 1602 ²
2392 1584 2557 1622 mens
2579 1567 2770 1622 valeat
2807 1566 3044 1633 intueri,
3077 1566 3128 1622 si
3153 1571 3350 1638 posset
3371 1566 3540 1622 nobis
3567 1581 3696 1621 esse
3721 1581 3849 1621 cer-

2187 1650 2442 1714 tissime,
2476 1649 2736 1718 profecto
2777 1657 2996 1704 certum
3029 1652 3184 1703 esset
3217 1663 3320 1717 per
3348 1645 3549 1702 oculos
3587 1645 3856 1716 corporis

2189 1730 2365 1787 etiam
2398 1728 2724 1800 spiritualis
2744 1728 2902 1783 nullo
2922 1727 3095 1782 modo
3109 1742 3276 1796 posse
3301 1725 3482 1781 videri
3504 1725 3710 1782 Deum.
3735 1725 3852 1782 Sed

2189 1811 2359 1868 istam
2417 1809 2918 1865 ratiocinationem
2952 1815 3006 1863 et
3036 1823 3164 1863 vera
3195 1807 3344 1862 ratio
3402 1813 3456 1862 et
3513 1806 3855 1878 prophetica

2191 1891 2388 1947 irridet
2420 1890 2757 1944 auctoritas.
2793 1887 2931 1954 Quis
2961 1887 3115 1943 enim
3147 1887 3227 1943 ita
3259 1888 3336 1942 sit
3367 1902 3603 1942 aversus
3626 1903 3662 1942 a
3689 1901 3848 1947 vero.

2191 1976 2257 2027 ut
2313 1971 2502 2026 dicere
2549 1971 2762 2026 audeat
2818 1971 2994 2024 Deum
3054 1966 3377 2040 corporalia
3423 1967 3533 2022 ista
3574 1965 3856 2022 nescire?

2192 2051 2488 2122 Numquid
2529 2066 2662 2120 ergo
2695 2065 2905 2119 corpus
2950 2049 3141 2116 habet,
3175 2064 3279 2120 per
3327 2049 3498 2118 cujus
3545 2046 3749 2103 oculos
3779 2062 3852 2101 ea

2195 2134 2382 2207 possit
2410 2133 2710 2189 addiscere
2737 2133 2765 2188 7
2798 2131 3012 2188 Deinde
3043 2133 3196 2202 quod
3230 2131 3300 2186 de
3332 2128 3617 2202 propheta
3641 2129 3854 2185 Elisao

2195 2213 2368 2286 paulo
2400 2219 2533 2268 ante
2554 2213 2830 2282 diximus,
2863 2227 3055 2268 nonne
3110 2210 3255 2266 satis
3285 2209 3500 2266 indicat
3528 2209 3701 2266 etiam
3735 2210 3858 2281 spi-

2197 2295 2334 2364 ritu,
2366 2310 2482 2350 non
2501 2310 2598 2364 per
2625 2291 3195 2365 corpus,corporalia
3224 2308 3398 2363 posse
3425 2289 3625 2346 cerni?
3654 2291 3856 2356 Quan-

2196 2376 2270 2432 do
2301 2375 2456 2431 enim
2486 2390 2691 2431 servus
2723 2374 2821 2430 ille
2853 2389 3096 2430 munera
3135 2373 3377 2443 accepit,
3409 2372 3615 2442 utique
3653 2386 3860 2443 corpo-

2198 2456 2399 2513 raliter
2427 2461 2656 2526 gestum
2687 2457 2778 2510 est
2809 2471 2824 2520 ;
2857 2453 3013 2525 quod
3052 2457 3245 2508 tamen
3275 2451 3566 2522 Propheta
3604 2467 3723 2507 non
3757 2466 3862 2523 per

2197 2553 2431 2607 corpus,
2463 2535 2564 2590 sed
2616 2549 2712 2604 per
2744 2536 3019 2605 spiritum
3050 2533 3214 2588 vidit.
3266 2533 3428 2588 Sicut
3455 2548 3594 2605 ergo
3624 2534 3863 2587 constat

2197 2616 2378 2673 videri
2411 2631 2654 2686 corpora
2689 2615 2895 2684 spiritu
2931 2632 2944 2682 ;
2981 2613 3121 2685 quid
3155 2613 3206 2668 si
3235 2618 3400 2668 tanta
3458 2614 3567 2668 erit
3597 2610 3864 2684 potentia

2200 2695 2518 2767 spiritualis
2549 2695 2831 2767 corporis,
2863 2703 2929 2750 ut
2955 2709 3195 2766 corpore
3219 2692 3554 2749 videaturet
3573 2691 3861 2764 spiritus?

2200 2778 2448 2849 Spiritus
2477 2776 2633 2833 enim
2666 2782 2755 2832 est
2776 2776 2950 2832 Deus.
2972 2774 3191 2831 Deinde
3204 2774 3383 2830 vitam
3408 2774 3644 2845 quidem
3662 2789 3866 2842 suam,

2204 2874 2319 2931 qua
2349 2873 2505 2913 nunc
2533 2855 2673 2912 vivit
2701 2857 2758 2911 in
2803 2872 3064 2927 corpore,
3095 2861 3154 2910 et
3186 2855 3303 2910 base
3333 2861 3568 2910 terrena
3597 2855 3865 2910 membra

2202 2944 2428 3012 vegetat
2467 2938 2721 3009 facitque
2750 2935 3027 3005 viventia,
3058 2935 3332 2991 interiore
3370 2951 3547 2990 sensu
3581 2935 3862 3005 quisque,

2207 3036 2322 3076 non
2363 3035 2465 3089 per
2510 3032 2816 3088 corporeos
2866 3015 3122 3085 occulos,
3180 3014 3341 3071 novit
3374 3031 3388 3072 :
3421 3013 3674 3070 aliorum
3723 3029 3866 3068 vero

2205 3100 2376 3166 vitas,
2410 3114 2544 3155 cum
2577 3097 2696 3154 sint
2726 3095 3064 3164 invisibiles,
3097 3112 3199 3168 per
3254 3110 3465 3165 corpus
3494 3095 3673 3150 videt.
3711 3092 3869 3149 Nam

2209 3183 2366 3239 unde
2393 3177 2644 3235 viventia
2675 3177 3066 3233 discernimus
3096 3191 3126 3231 a
3153 3193 3265 3232 non
3299 3175 3634 3232 viventibus
3667 3190 3873 3245 corpo-

2211 3279 2297 3330 ra,
2329 3260 2442 3316 nisi
2470 3275 2714 3330 corpora
2743 3257 2920 3312 simul
2953 3257 3222 3328 vitasque
3252 3255 3576 3320 videamus,
3603 3271 3753 3324 quas
3784 3253 3872 3308 ni-

2212 3344 2261 3401 si
2294 3358 2394 3413 per
2422 3356 2636 3411 corpus
2671 3338 2864 3394 videre
2921 3354 3036 3394 non
3075 3352 3389 3409 possumus
3417 3335 3446 3391 ?
3475 3335 3640 3390 Vitas
3671 3345 3870 3390 autem

2213 3425 2342 3480 sine
2371 3423 2714 3491 corporibus
2745 3423 3036 3486 corporeis
3065 3417 3252 3474 oculis
3285 3434 3400 3472 non
3434 3415 3726 3472 videmus.

2282 3505 2337 3560 6.
2365 3503 2746 3566 Quamobrem
2768 3499 2887 3554 ﬁeri
2911 3505 3117 3569 potest,
3142 3497 3427 3568 valdeque
3447 3496 3729 3553 credibile
3759 3501 3874 3562 est,

2215 3586 2299 3640 sic
2331 3600 2434 3638 nos
2463 3598 2589 3637 esse
2620 3583 2844 3636 visuros
2887 3581 3186 3636 mundana
3243 3589 3380 3633 tunc
3438 3594 3686 3647 corpora
3740 3575 3875 3631 coeli

2215 3664 2346 3720 novi
2376 3671 2433 3718 et
2464 3668 2624 3716 terra:
2661 3677 2839 3725 novae,
2883 3665 2946 3714 ut
2980 3660 3156 3714 Deum
3183 3659 3399 3730 ubique
3436 3665 3786 3730 precantem
3817 3660 3877 3711 et

2219 3748 2489 3801 universa
2500 3745 2673 3798 etiam
2692 3741 3020 3810 corporalia
3040 3742 3486 3811 gubernantem,
3505 3754 3608 3810 per
3625 3753 3879 3807 corpora

2217 3843 2342 3898 quis
2375 3825 2753 3890 uestabimus,
2778 3827 2834 3876 et
2863 3838 2994 3892 quae
3023 3821 3453 3890 conspiciemus
3504 3834 3879 3892 quaquaver-

2216 3923 2347 3962 sum
2401 3903 2602 3959 oculos
2660 3902 3021 3966 duxerimus,
3076 3902 3398 3956 clarissima
3455 3899 3876 3970 perspicuitate

2215 3987 2516 4043 videamus
2547 4001 2560 4038 :
2599 4001 2710 4038 non
2741 3983 2891 4038 sicut
2921 3999 3075 4038 nunc
3126 3980 3442 4037 invisibilia
3500 3980 3620 4046 Dei,
3657 3995 3760 4047 per
3807 3993 3877 4033 ea

2217 4085 2343 4140 quas
2378 4072 2527 4122 l'acta
2557 4075 2715 4132 sunt,
2755 4063 3052 4118 intellecta
3106 4062 3549 4133 conspiciuntur
3596 4060 3779 4140 (Rom.
3837 4077 3875 4126 1,

2214 4149 2304 4218 20)
2340 4164 2434 4216 per
2464 4147 2765 4216 speculum
2807 4144 2867 4199 in
2899 4143 3229 4213 aenigmate,
3259 4147 3316 4196 et
3355 4157 3425 4196 ex
3477 4148 3636 4212 parte
3665 4140 3709 4210 (l
3747 4139 3876 4196 Cor.

2217 4246 2342 4292 χιιι,
2377 4227 2488 4298 12),
2523 4227 2618 4281 ubi
2654 4226 2784 4297 plus
2817 4226 2874 4279 in
2923 4225 3092 4278 nobis
3124 4223 3274 4277 valet
3313 4223 3455 4277 ﬁdes
3512 4237 3632 4292 qua
3690 4220 3877 4275 credi-

2221 4327 2375 4373 mus,
2409 4323 2582 4378 quam
2619 4322 2806 4362 rerum
2865 4304 3251 4375 corporalium
3284 4302 3509 4374 species
3561 4317 3744 4372 quam
3779 4316 3878 4367 per

2219 4391 2422 4446 oculos
2453 4389 2748 4443 cernimus
2796 4383 3148 4458 corporales.
3207 4384 3316 4440 Sed
3380 4387 3534 4438 sicut
3577 4383 3877 4443 homines.

2219 4472 2372 4526 inter
2400 4483 2544 4536 quos
2579 4467 2834 4521 viventes
2875 4473 3186 4536 motusque
3245 4463 3447 4519 vitales
3490 4469 3829 4518 exsere-utea
3858 4462 3880 4495 ³

2219 4551 2490 4611 vivimus,
2523 4564 2657 4603 mox
2687 4554 2747 4601 ut
2786 4546 3126 4617 aspicimus,
3160 4562 3274 4600 non
3315 4543 3612 4600 credimus
3663 4543 3877 4611 vivere,

2221 4633 2322 4686 sed
2361 4630 2825 4696 videmus;cum
2857 4643 3056 4682 eorum
3110 4625 3287 4686 vitam
3345 4625 3475 4680 sine
3528 4624 3878 4694 corporibus

2219 4713 2416 4768 videre
2448 4725 2832 4782 nequeamus,
2864 4723 3040 4779 quain
3074 4718 3267 4762 tamen
3301 4707 3358 4760 in
3391 4707 3477 4760 eis
3500 4721 3603 4776 per
3632 4720 3878 4774 corpora

2221 4798 2442 4850 remota
2500 4792 2662 4846 omni
2713 4789 3094 4858 ambiguitate
3138 4786 3586 4858 conspicimus:
3618 4785 3701 4839 ita
3729 4799 3877 4854 qua-

2221 4889 2470 4944 cumque
2494 4870 2822 4943 spiritualia
2844 4869 2943 4925 illa
2965 4867 3189 4924 lumina
3209 4881 3521 4938 corporum
3538 4871 3876 4920 nostrorum

2223 4955 2724 5020 oircuml’eremus,
2757 4953 3166 5023 incorporeum
3216 4955 3398 5005 Deum
3443 4948 3640 5003 omnia
3671 4961 3881 5017 regen-

2222 5042 2364 5108 tem,
2398 5035 2572 5092 etiam
2604 5051 2708 5108 per
2735 5050 2981 5107 corpora
3006 5031 3438 5090 contuebimur.
3468 5033 3585 5086 Aut
3607 5043 3749 5101 ergo
3781 5040 3881 5100 per

3577 5297 3794 5340 «eant:
3829 5288 3884 5360 et

3595 5370 3622 5403 ³
3852 5357 3861 5360 -

2294 5305 2309 5338 ί
2345 5301 2432 5351 Sic
2459 5299 2581 5350 Mss.
2632 5297 2775 5348 Editi
2807 5298 2987 5348 autem
3025 5296 3139 5344 Am.
3170 5294 3254 5344 Er.
3286 5293 3435 5348 Lam.
3471 5307 3506 5339 η

2228 5365 2372 5414 intra
2398 5363 2668 5437 habebant
2693 5374 2816 5412 cum
2834 5359 3018 5420 .Vind.,
3055 5372 3168 5408 non
3182 5356 3446 5418 occurrit,
3474 5371 3500 5404 ι

2231 5435 2556 5478 auctoritas.

2245 5571 2257 5583 ⁸
2295 5507 2317 5542 ²
2346 5507 2426 5557 Its.
2451 5506 2604 5554 Vind.
2627 5505 2741 5554 Am.
2774 5506 2828 5555 et
2855 5501 3222 5566 manuscripti.
3254 5502 3322 5551 At
3345 5500 3430 5550 Er.
3461 5500 3516 5551 et
3541 5499 3691 5555 ιον..
3705 5509 3810 5560 per
3827 5506 3884 5543 se

2236 5586 2474 5683 ῳςαλω.
2505 5633 2560 5683 et
2587 5631 2691 5694 En,
2722 5636 3048 5681 exercentes.
