4146 6198
292 325 408 386 801

290 459 425 546 illos
456 461 656 518 oculos
687 462 774 546 sic
802 463 1088 522 videbitur
1119 471 1287 536 Deus,
1323 474 1390 526 ut
1437 471 1654 546 aliquid
1690 476 1943 537 habeant

290 541 350 597 in
392 549 552 598 tanta
582 544 924 602 excellentia
955 550 1136 606 menti
1193 551 1404 622 simile,
1441 541 1556 626 quo
1587 564 1644 612 et
1673 558 1941 633 incorpo-

290 639 388 679 rea
420 631 937 715 naturace-rnatur,
971 631 1124 701 quod
1145 631 1570 707 ullisexemplis
1601 641 1720 695 sive
1752 631 1941 715 Scrip-

289 710 549 760 turarutu
585 707 936 765 testimoniis
966 712 1293 769 divinarum
1327 719 1409 772 vel
1448 719 1686 775 ditlicile
1709 724 1788 776 vel
1821 707 1940 779 irri-

288 786 674 874 possibile‘est
703 795 1004 874 ostendere
1031 808 1044 846 :
1078 802 1178 848 aut
1200 806 1353 866 quot
1390 805 1480 852 est
1509 802 1580 853 ad
1610 802 1940 874 intelligen-

285 867 424 952 dum
453 868 698 936 facilius,
722 870 806 952 ita
837 871 987 926 Deus
1024 875 1192 930 nobis
1214 877 1323 930 erit
1357 884 1528 933 notus
1563 888 1738 952 atque
1768 867 1941 940 cons-

284 948 516 1029 picuus,
546 954 617 1029 ut
646 951 909 1007 videatur
937 954 1144 1024 spiritu
1181 973 1214 1011 a
1244 957 1492 1029 singulis
1524 948 1690 1017 nobis
1724 965 1779 1018 in
1812 967 1938 1020 sin-

283 1027 432 1098 gulis
463 1028 929 1090 nobis.videatur
949 1035 1021 1088 ab
1053 1035 1232 1091 altero
1261 1037 1322 1092 in
1348 1027 1552 1108 altero,
1586 1045 1851 1100 videatur
1879 1046 1939 1101 in

286 1124 348 1164 se
377 1109 524 1177 ipso.
557 1111 822 1191 videatur
851 1113 908 1168 in
938 1113 1085 1172 coelo
1123 1133 1267 1172 novo
1298 1125 1356 1173 et
1387 1119 1444 1174 in
1478 1127 1632 1178 terra
1664 1141 1832 1191 nova,
1858 1131 1941 1180 at-

285 1205 400 1260 que
431 1191 489 1244 in
538 1190 695 1246 omni
730 1209 857 1262 quas
901 1198 1046 1250 tunc
1099 1197 1273 1252 fuerit
1329 1205 1645 1270 creatura;
1677 1190 1942 1260 videatur

283 1276 343 1326 et
365 1287 468 1342 per
501 1286 739 1354 corpora
763 1275 822 1328 in
854 1276 1015 1330 omni
1042 1293 1282 1348 corpore
1306 1297 1678 1354 quocumque
1724 1286 1942 1340 fuerint

284 1352 610 1433 spiritualis
639 1358 900 1426 corporis
931 1358 1086 1414 oculi
1136 1360 1260 1416 acie
1311 1352 1678 1433 perveniente
1711 1368 1938 1425 directi.

284 1430 571 1488 Patebunt
598 1437 771 1489 etiam
808 1437 1192 1508 cogitationes
1223 1430 1432 1498 nostris
1467 1445 1710 1502 invicem
1747 1449 1936 1504 nobis.

285 1513 450 1604 Tunc
471 1515 624 1604 enim
650 1515 986 1604 implebitur
1006 1523 1160 1590 quod
1183 1525 1497 1604 Apostolus
1518 1544 1646 1582 cum
1673 1529 1939 1604 dixisset,

284 1594 464 1649 Nolite
491 1600 617 1650 ante
639 1601 850 1668 tempus
867 1599 1127 1669 judicare
1155 1603 1453 1673 quidquam
1482 1625 1505 1672 ,·
1539 1625 1670 1664 mox
1699 1594 1936 1673 addidit,

285 1674 455 1729 donec
485 1679 666 1732 veniat
697 1681 984 1749 Dominus,
1015 1688 1066 1736 et
1101 1681 1386 1740 illuminat
1441 1689 1758 1745 abscondita
1789 1695 1940 1746 tene-

289 1754 536 1838 brarum,
570 1765 622 1813 et
660 1761 1034 1829 mani/estabit
1057 1761 1074 1795 ¹
1104 1765 1459 1832 cogitationes
1487 1769 1687 1838 cordis,
1728 1774 1776 1826 et
1809 1775 1941 1827 tunc

287 1836 412 1892 laus
435 1840 545 1894 erit
567 1839 866 1911 unicuique
891 1859 923 1898 a
955 1843 1122 1917 Deo(l
1153 1849 1276 1902 Cor.
1309 1863 1383 1914 ιν,
1414 1850 1492 1919 5).

292 1992 526 2050 CAPUT
554 1996 740 2052 XXX.
771 2026 842 2038 —
869 1998 946 2053 De
980 2005 1191 2056 eterna
1227 2001 1500 2071 felicitate
1545 2004 1784 2062 civitati:
1822 2008 1937 2073 Dei,

796 2079 1128 2152 sabbatoque
1148 2090 1434 2153 perpetuo.

367 2211 417 2265 1,
450 2209 676 2272 Quanta
705 2211 817 2266 erit
847 2211 946 2267 illa
989 2213 1248 2284 felicitas,
1284 2217 1383 2272 ubi
1418 2217 1644 2275 nullum
1677 2223 1782 2277 erit
1812 2238 1943 2278 ma-

284 2287 431 2355 lum,
465 2288 688 2343 nullum
735 2288 934 2346 latebit
979 2292 1221 2363 bonum,
1255 2297 1559 2353 vacabitur
1589 2299 1687 2355 Dei
1742 2303 1939 2357 laudi-

284 2368 419 2438 bus,
451 2369 547 2441 qui
582 2374 691 2425 erit
739 2372 934 2427 omnia
966 2374 1024 2428 in
1057 2375 1330 2431 omnibus
1362 2375 1375 2432 l
1409 2378 1555 2434 Nam
1611 2383 1748 2452 quid
1783 2382 1937 2438 aliud

280 2451 642 2535 agatur,“ubi
691 2468 881 2535 neque
932 2453 1048 2510 ulla
1096 2457 1320 2513 desidia
1370 2451 1716 2530 cessabitur,
1753 2480 1941 2535 neque

280 2529 398 2586 ulla
421 2531 742 2603 indigentia
773 2533 1150 2606 laborabitur,
1175 2529 1731 2597 nescio.Admoueor
1761 2529 1937 2602 etiam

280 2615 488 2693 sancto
518 2611 770 2693 Cantica,
805 2613 902 2668 ubi
935 2613 1081 2687 lego,
1112 2617 1200 2673 vel
1229 2617 1423 2686 audio,
1455 2621 1613 2676 Beati
1648 2626 1750 2693 qui
1779 2625 1938 2680 habi-

283 2695 401 2747 tant
434 2692 492 2746 in
515 2691 670 2748 domo
699 2703 816 2755 tua,
840 2695 1084 2765 Domine,
1116 2699 1179 2753 in
1207 2699 1411 2755 secula
1433 2691 1763 2758 saeculorum
1814 2705 1937 2760 lau-

281 2770 500 2850 dabunt
521 2778 574 2826 te
603 2774 781 2842 (Psal.
808 2777 1333 2850 Lxxxm,5).0mnia
1357 2781 1618 2836 membra
1640 2789 1695 2837 et
1718 2783 1940 2841 viscera

281 2849 749 2935 incorruptibilis
795 2857 1080 2935 corporis,
1131 2876 1259 2930 quae
1310 2876 1467 2916 nunc
1523 2862 1788 2920 videmus
1842 2881 1940 2935 per

282 2945 428 2984 usus
475 2933 841 3012 necessitatis
873 2937 1059 2992 varios
1109 2939 1442 3011 distributa,
1475 2943 1753 3012 quoniam
1801 2933 1940 3000 tunc

280 3025 397 3064 non
428 3011 540 3092 erit
587 3011 715 3082 ipsa
759 3015 1090 3083 necessitas,
1123 3020 1223 3074 sed
1275 3020 1467 3091 plena,
1492 3011 1680 3088 certa,
1712 3041 1937 3092 secura,

281 3091 642 3168 sempiterna
689 3092 960 3162 felicitas,
1011 3099 1319 3168 proficient
1366 3101 1428 3157 in
1475 3100 1752 3160 laudibus
1813 3091 1936 3161 Dei.

281 3167 500 3252 omnes
549 3171 766 3245 quippe
814 3173 921 3243 illi,
955 3167 1026 3231 de
1065 3179 1281 3248 quibus
1322 3179 1448 3250 jam
1497 3199 1628 3238 sum
1679 3182 1935 3252 locutus,

281 3250 381 3340 qui
406 3267 570 3340 lnunc
609 3252 808 3340 latent,
842 3253 1161 3339 harmoniae
1211 3250 1936 3340 corpoqraliing‘mﬁerinon

280 3330 566 3413 latebunt,
616 3327 1940 3413 ἱηῑιιίηεθιῖίιπέῑΐῐιῖιῖἒρόὑέᾟθῗῗίῖιῖροξιὶε

281 3420 489 3491 cuncta
533 3412 803 3483 dispositi
839 3429 853 3480 ;
887 3419 943 3469 et
983 3431 1117 3470 cum
1170 3418 1393 3472 caeteris
1441 3419 1638 3482 rebus,
1685 3412 1808 3491 quae
1859 3422 1939 3476 ibi

282 3487 757 3564 magicam
824 3495 1125 3552 mirabiles
1188 3497 1561 3566 videbuntur,
1623 3487 1939 3557 rationales

282 3577 508 3627 mentes
537 3571 597 3626 in
628 3573 775 3628 tanti
808 3574 1048 3630 artificis
1095 3575 1328 3631 laudem
1363 3578 1728 3635 rationabilis
1757 3581 1778 3614 ²
1810 3579 1940 3650 pul-

282 3651 636 3708 chritudinis
659 3652 1043 3711 delectatione
1066 3657 1444 3712 succendent.
1470 3659 1573 3724 Qui
1608 3667 1798 3716 motus
1817 3660 1940 3722 illio

279 3731 487 3788 talium
537 3748 846 3806 corporum
879 3735 998 3790 sint
1047 3736 1228 3791 futuri
1279 3747 1495 3793 temere
1543 3739 1784 3795 definire
1823 3755 1940 3797 non

281 3812 489 3883 audeo,
523 3816 678 3884 quod
728 3815 1056 3887 excogitare
1088 3834 1204 3872 non
1253 3817 1434 3874 valeo.
1468 3819 1685 3875 Tamen
1717 3826 1773 3875 et
1813 3837 1938 3877 mo-

189 3877 382 3950 ΒἽιιετι
412 3877 485 3949 δι’
512 3877 721 3963 status,
756 3877 908 3952 sicut
937 3896 1062 3969 ipsa
1111 3899 1355 3968 species,
1392 3899 1602 3955 decens
1650 3900 1779 3968 erit,
1811 3900 1936 3972 qui-

279 3990 533 4046 cumque
560 3976 690 4040 erit,
718 3977 813 4032 ubi
847 3979 1002 4049 quod
1034 3994 1148 4032 non
1184 3979 1431 4046 decebit,
1465 3997 1578 4036 non
1619 3981 1745 4036 erit.
1778 3983 1942 4037 Certe

282 4057 386 4110 ubi
420 4054 567 4110 volet
599 4057 854 4127 spiritus,
877 4057 957 4112 ibi
990 4056 1258 4128 protinus
1290 4059 1400 4115 erit
1430 4075 1675 4131 corpus:
1709 4077 1813 4117 nec
1841 4077 1941 4118 vo-

280 4134 366 4191 let
396 4135 619 4207 aliquid
669 4137 1094 4209 spiritus,quod
1126 4155 1230 4194 nec
1260 4140 1532 4212 spiritum
1565 4141 1743 4212 possit
1772 4143 1939 4198 dece-

282 4232 370 4282 re,
405 4233 511 4272 nec
554 4233 784 4289 corpus.
819 4217 960 4274 Vera
1003 4219 1084 4274 ibi
1116 4219 1304 4292 gloria
1343 4222 1471 4290 erit,
1498 4222 1596 4277 ubi
1647 4221 1940 4279 laudantis

283 4311 394 4352 nec
424 4311 616 4353 errore
646 4297 977 4369 quisquam,
1024 4315 1130 4355 nec
1197 4301 1530 4357 adulatione
1585 4300 1938 4359 laudabitur.

281 4374 476 4433 Verus
507 4377 710 4446 honor,
745 4379 846 4451 qui
875 4379 1018 4435 nulli
1049 4383 1360 4453 negabitur
1385 4383 1586 4453 digno,
1620 4381 1762 4438 nulli
1785 4382 1941 4439 defe-

284 4463 452 4513 retur
478 4457 714 4529 indigno
748 4476 760 4514 :
795 4461 897 4516 sed
930 4477 1034 4516 nec
1065 4463 1136 4516 ad
1167 4479 1301 4518 eum
1350 4463 1568 4520 ambiet
1597 4463 1753 4518 ullus
1785 4463 1944 4519 indi-

282 4554 463 4612 gnus,
516 4539 616 4596 ubi
664 4541 860 4596 nullus
919 4543 1286 4611 permittatur
1337 4559 1464 4601 esse
1519 4545 1634 4601 nisi
1691 4546 1939 4615 dignus.

283 4620 439 4676 Vera
471 4637 578 4691 pax
609 4622 651 4688 ³,
689 4622 788 4678 ubi
837 4621 981 4676 nihil
1032 4623 1281 4689 adversi,
1314 4639 1420 4680 nec
1476 4642 1508 4679 a
1564 4641 1626 4680 se
1657 4624 1802 4695 ipso,
1837 4643 1944 4682 nec

285 4700 362 4756 ab
420 4699 537 4756 alio
592 4702 906 4774 quisquam
984 4702 1277 4774 patietur.
1336 4704 1650 4758 Praemium
1708 4704 1944 4760 virtutis

286 4780 400 4835 erit
431 4779 554 4849 ipse
601 4780 702 4852 qui
733 4782 1003 4837 virtutem
1058 4781 1236 4850 dedit,
1270 4782 1437 4853 eique
1467 4798 1526 4838 se
1576 4783 1791 4853 ipsum,
1825 4799 1944 4854 quo

289 4860 506 4916 melius
553 4869 607 4918 et
641 4865 833 4934 majus
881 4864 1030 4919 nihil
1071 4865 1257 4936 possit
1299 4880 1450 4933 esse,
1486 4863 1764 4934 promisit.
1797 4864 1944 4928 Quid

288 4947 379 4998 est
408 4943 564 4997 enim
598 4943 753 4999 aliud
780 4947 933 5016 quod
969 4962 1070 5016 per
1099 4945 1448 5017 Propbetam
1481 4945 1646 5010 dixit,
1673 4949 1780 4999 Ero
1812 4944 1946 5000 illo-

288 5036 418 5076 rum
451 5027 620 5090 Deus,
633 5029 685 5079 et
715 5026 822 5095 ipsi
849 5029 1008 5081 erunt
1046 5025 1185 5079 mihi
1213 5025 1366 5097 plebs
1399 5025 1589 5097 (Levit.
1622 5040 1771 5086 xxvr,
1807 5025 1894 5094 12)
1929 5038 1943 5090 ;

293 5101 431 5169 nisi,
463 5101 576 5173 Ego
616 5120 713 5160 ero
746 5107 897 5160 unde
945 5104 1251 5172 satientur,
1284 5122 1390 5177 ego
1429 5121 1524 5161 ero
1563 5119 1948 5176 quaecumque

293 5181 366 5234 ab
398 5181 740 5240 hominibus
772 5185 1014 5241 honeste
1052 5186 1474 5252 desiderantur,
1508 5191 1566 5240 et
1595 5184 1730 5252 vita,
1762 5189 1819 5239 et
1847 5201 1944 5239 sa-

291 5258 410 5333 lus,
444 5271 498 5319 et
528 5266 731 5335 victus,
765 5274 820 5321 et
859 5267 1046 5338 ecpia,
1073 5278 1127 5322 et
1169 5267 1371 5337 gloria,
1404 5273 1460 5322 et
1492 5268 1695 5334 honor,
1729 5272 1784 5321 et
1817 5282 1946 5336 pax,

294 5347 350 5399 et
379 5345 572 5402 omnia
599 5347 750 5404 bona
769 5349 798 5403 ?
821 5350 916 5406 Sic
944 5351 1099 5405 enim
1129 5355 1186 5406 et
1214 5349 1360 5406 illud
1393 5355 1546 5405 recte
1577 5349 1946 5422 intelligitur,

363 5528 379 5592 ξ
410 5525 495 5592 $ic
522 5527 644 5578 Mss.
675 5529 816 5579 Editi
841 5543 986 5590 vero,
1017 5530 1356 5592 mani/estet.

361 5588 382 5622 ²
409 5590 470 5638 In
500 5592 614 5642 sola
640 5593 875 5643 editione
904 5588 1048 5650 ιον..
1081 5588 1406 5643 rationalis.

296 5651 577 5763 Hiemi“
631 5656 854 5714 addunt.
915 5656 990 5704 ibi
1044 5666 1170 5716 est;
1222 5657 1367 5718 quod
1421 5657 1508 5707 hic
1556 5670 1663 5707 non
1729 5655 1947 5704 habent.

1449 339 1686 403 LIBER
1727 342 2136 410 SECUNDUS
2178 349 2627 412 VI'GESIMUS.

3591 363 3707 426 802

2053 484 2207 556 quod
2233 484 2314 541 ait
2361 485 2693 552 Apostolus,
2725 491 2787 542 ut
2825 489 2897 542 sit
2946 488 3082 543 Deus
3111 491 3296 544 omnia
3343 492 3398 546 in
3449 494 3706 551 omnibus

2050 565 2095 635 (1
2129 565 2246 620 Cor.
2275 583 2366 636 xv,
2398 568 2511 636 28).
2543 569 2672 635 I,»se
2706 568 2837 623 linis
2887 569 2994 624 erit
3025 571 3439 627 desideriorum
3473 581 3708 631 nostros

2051 661 2200 711 rum,
2227 649 2325 718 qui
2351 650 2477 703 sine
2505 649 2616 703 {ine
2638 650 2949 712 videbitur,
2972 651 3098 705 sine
3131 651 3366 706 fastidio
3390 657 3704 726 amabitur,

2056 725 2181 780 sine
2214 727 2542 793 fatigatione
2588 727 2940 783 laudabitur.
2980 729 3094 784 Hoc
3129 748 3360 800 munus,
3396 734 3488 787 hic
3526 725 3704 790 affecé

2055 810 2171 870 tus,
2200 807 2291 861 hic
2323 817 2487 862 actus
2514 811 2761 877 profecto
2789 813 2900 864 crit
2932 813 3231 881 omnibus,
3253 814 3404 867 sicut
3434 813 3561 884 ipsa
3591 817 3706 872 vita

2055 893 2289 952 eterna,
2327 891 2675 944 communis.

2125 971 2177 1023 2.
2197 967 2475 1024 Caeterum
2501 986 2600 1040 qui
2628 970 2804 1024 futuri
2827 971 2946 1026 sint
2969 988 3069 1041 pro
3089 972 3312 1027 meritis
3332 974 3702 1044 praemiorum

2055 1048 2228 1102 etiam
2260 1049 2479 1120 gradus
2527 1053 2812 1106 bonorum
2866 1060 3040 1123 atque
3079 1053 3421 1122 gloriarum,
3455 1057 3584 1124 quis
3618 1060 3705 1112 est

2055 1128 2301 1184 idoneus
2322 1132 2824 1204 cogitare,quanto
2847 1135 3034 1204 magis
3065 1133 3292 1188 dicere?
3314 1133 3471 1197 Quod
3509 1146 3702 1192 tamen

2056 1208 2235 1263 futuri
2270 1211 2408 1277 sint,
2445 1229 2557 1267 non
2591 1219 2680 1267 est
2724 1213 3164 1283 ambigendum.
3197 1217 3381 1283 Atque
3419 1217 3475 1269 id
3525 1220 3701 1273 etiam

2054 1289 2220 1344 beata
2240 1291 2442 1346 civitas
2463 1292 2563 1346 illa
2588 1309 2862 1362 magnum
2887 1297 2944 1349 in
2966 1311 3026 1348 se
3050 1295 3267 1349 bonum
3292 1296 3700 1368 videbit,quod

2055 1371 2198 1426 nulli
2247 1374 2534 1443 superiori
2564 1375 2722 1430 ullus
2753 1376 2989 1431 inferior
3019 1375 3320 1444 invxvtebit,
3351 1379 3507 1433 sicut
3547 1395 3701 1435 nunc

2055 1467 2168 1507 non
2229 1453 2490 1509 invident
2539 1455 2877 1526 Archangeli
2937 1457 3135 1528 Angeli
3197 1459 3381 1512 caeteri
3420 1475 3432 1513 :
3469 1466 3702 1531 tamque

2055 1535 2251 1587 nolet‘
2277 1551 2404 1590 esse
2436 1537 2842 1607 unusquisque
2879 1540 3032 1608 quod
3071 1555 3182 1592 non
3216 1539 3457 1609 accepit,
3493 1557 3702 1611 quam-

2053 1615 2140 1668 vis
2163 1615 2238 1668 sit
2269 1615 2638 1687 pacatissimo
2669 1620 2995 1673 coucordiae
3024 1619 3254 1674 vinculo
3278 1620 3326 1674 ei
3353 1620 3452 1690 qui
3483 1621 3703 1691 accepit

2053 1696 2388 1762 obstrictus,
2422 1713 2595 1766 quam
2646 1715 2750 1752 nec
2784 1700 2840 1752 in
2891 1715 3129 1768 corpore
3173 1701 3294 1754 vult
3329 1702 3534 1755 oculus
3573 1716 3702 1756 esse

2053 1776 2152 1847 qui
2185 1782 2272 1831 est
2315 1777 2552 1847 digitus,
2585 1793 2712 1832 cum
2769 1781 3100 1834 membrum
3149 1785 3466 1851 utrumque
3512 1781 3697 1836 conti-

2053 1861 2187 1910 neat
2216 1860 2394 1912 totius
2444 1857 2637 1912 carnis
2669 1869 2867 1928 pacata
2906 1875 3204 1930 compago.
3236 1860 3328 1915 Sic
3372 1862 3568 1932 itaque
3602 1863 3700 1917 ha-

2052 1936 2212 1990 bebit
2241 1938 2458 1991 donum
2508 1937 2656 1992 alius
2695 1938 2806 1992 alio
2840 1940 3057 2007 minus,
3092 1947 3154 1992 ut
3187 1939 3290 1994 hoc
3333 1955 3563 2011 quoque
3597 1939 3701 1996 do-

2053 2031 2193 2070 num
2229 2017 2456 2082 habeat,
2489 2033 2558 2070 ne
2587 2015 2717 2070 velit
2749 2017 3023 2086 amplius.

2123 2096 2178 2150 3.
2210 2095 2324 2150 Nec
2371 2095 2501 2149 ideo
2545 2095 2790 2149 liberum
2844 2095 3148 2150 arbitrium
3201 2113 3318 2152 non
3377 2098 3699 2165 habebunt,

2053 2175 2192 2246 quia
2242 2179 2481 2246 peccata
2519 2190 2617 2229 eos
2664 2175 2952 2230 delectare
3005 2191 3118 2230 non
3168 2181 3456 2246 poterunt.
3519 2180 3699 2248 Magis

2052 2255 2266 2326 quippe
2295 2254 2404 2310 erit
2433 2255 2704 2321 liberum,
2737 2273 2771 2310 a
2803 2254 3186 2310 delectatione
3213 2256 3483 2326 peccandi
3516 2274 3700 2329 usque

2050 2336 2124 2391 ad
2154 2335 2586 2390 delectationem
2621 2352 2735 2390 non
2770 2335 3041 2404 peccandi
3075 2335 3545 2392 indeclinabilem
3570 2339 3591 2372 ²
3627 2337 3700 2394 li-

2052 2415 2491 2472 beratum.Nam
2523 2415 2778 2486 primum
2813 2415 3058 2470 liberum
3086 2417 3576 2489 arbitrium,quod
3598 2418 3700 2475 ho-

2053 2497 2196 2552 mini
2222 2495 2423 2552 datum
2447 2503 2552 2559 est.
2575 2497 2806 2567 quando
2829 2498 3082 2567 primum
3115 2502 3343 2553 creatus
3364 2505 3453 2554 est
3484 2504 3698 2569 rectus,

2053 2578 2242 2651 potuit
2266 2595 2377 2632 non
2415 2593 2669 2648 peccare,
2702 2578 2801 2632 sed
2839 2577 3022 2646 potuit
3051 2582 3108 2632 et
3140 2594 3373 2648 peccare
3405 2595 3418 2633 :
3454 2581 3560 2635 hoc
3590 2597 3701 2636 au-

2050 2665 2166 2714 tem
2203 2657 2579 2714 novissimum
2601 2674 2666 2714 eo
2697 2659 2993 2729 potentius
3015 2657 3144 2724 erit,
3174 2675 3286 2730 quo
3320 2674 3556 2730 peccare
3585 2677 3698 2717 non

2052 2740 2284 2810 poterit.
2317 2741 2531 2792 Verum
2577 2738 2681 2794 hoc
2730 2753 2962 2808 quoque
2997 2738 3091 2793 Dei
3144 2753 3404 2807 munere,
3425 2756 3547 2810 non
3581 2754 3698 2796 sua

2051 2818 2438 2891 possibilitate
2487 2823 2726 2874 naturae.
2759 2817 2934 2873 Aliud
2964 2823 3053 2874 est
3100 2817 3274 2886 enim,
3306 2835 3433 2876 esse
3463 2819 3646 2876 Deum
3681 2837 3696 2888 ;

2053 2900 2230 2966 aliud,
2250 2899 2589 2974 participem
2625 2899 2749 2956 Dei.
2774 2899 2926 2956 Deus
2959 2905 3166 2955 natura
3200 2916 3434 2970 peccare
3465 2917 3576 2957 non
3603 2917 3699 2974 po-

2050 2986 2165 3038 test
2197 3001 2211 3048 ;
2246 2981 2534 3052 particeps
2582 2998 2712 3038 vero
2739 2981 2838 3037 Dei
2872 2981 2943 3036 ab
2974 2981 3074 3036 illo
3107 2981 3339 3052 accipit,
3372 2990 3433 3037 ut
3464 2997 3700 3054 peccare

2051 3077 2165 3116 non
2208 3060 2411 3130 possit.
2459 3061 2740 3118 Servandi
2785 3065 2978 3116 autem
3038 3061 3254 3132 gradus
3301 3067 3469 3118 erant
3517 3063 3702 3118 divini

2051 3141 2326 3207 muneris,
2369 3148 2429 3195 ut
2481 3141 2734 3210 primum
2785 3140 3021 3196 daretur
3073 3141 3321 3196 liberum
3367 3143 3700 3212 arbitrium,

2049 3236 2164 3291 quo
2213 3237 2328 3276 non
2363 3236 2600 3292 peccare
2648 3225 2837 3291 posset
2882 3223 3056 3276 homo
3092 3238 3105 3287 ;
3139 3221 3550 3290 novissimum,
3585 3238 3700 3293 quo

2050 3313 2286 3372 peccare
2317 3317 2432 3355 non
2473 3306 2666 3371 posset
2699 3317 2711 3356 :
2748 3307 2919 3371 atque
2951 3300 3098 3355 illud
3129 3302 3200 3356 ad
3243 3307 3698 3373 comparandum

2053 3384 2343 3443 meritum,
2368 3379 2475 3434 hoc
2508 3381 2580 3434 ad
2599 3381 2999 3450 recipiendum
3027 3380 3329 3451 praemium
3364 3383 3697 3451 pertineret.

2049 3458 2157 3513 Sed
2188 3459 2323 3528 quia
2355 3463 2612 3528 peccavit
2638 3460 2749 3513 ista
2799 3465 3010 3514 natura
3038 3475 3170 3513 cum
3205 3477 3444 3530 peccare
3489 3463 3696 3532 potuit,

2048 3538 2297 3608 largiore
2327 3540 2513 3608 gratia
2543 3538 2847 3604 liberatur,
2887 3545 2949 3593 ut
2978 3540 3048 3594 ad
3083 3555 3209 3593 eam
3252 3541 3599 3609 perducatur
3632 3542 3700 3594 li-

2051 3618 2354 3684 bertatem,
2379 3617 2437 3671 in
2472 3634 2584 3688 qua
2614 3634 2848 3689 peccare
2871 3635 2988 3673 non
3023 3618 3207 3688 possit
3226 3620 3329 3689 (a).
3353 3619 3517 3674 Sicut
3545 3620 3700 3676 enim

2051 3699 2236 3770 prima
2258 3698 2672 3754 immortalitas
2697 3699 2823 3767 fuit,
2850 3715 3023 3770 quam
3051 3700 3340 3768 peccando
3363 3699 3548 3754 Adam
3573 3716 3702 3771 per-

2049 3778 2215 3846 didit,
2247 3795 2412 3850 posse
2462 3796 2576 3834 non
2611 3779 2754 3834 mori
2789 3799 2803 3848 ;
2838 3780 3157 3834 novissima
3210 3779 3320 3834 erit
3371 3795 3483 3834 non
3534 3796 3701 3851 posse

2051 3859 2245 3915 mori:
2281 3861 2360 3915 ita
2410 3859 2662 3932 primum
2705 3858 2954 3915 liberum
3004 3860 3312 3915 arbitrium
3366 3877 3537 3931 posse
3586 3877 3699 3916 non

2051 3955 2311 4012 peccare,
2344 3941 2729 3996 novissimum
2780 3957 2894 3996 non
2929 3957 3096 4012 posse
3128 3955 3387 4012 peccare.
3422 3941 3516 3997 Sic
3546 3943 3702 3997 enim

2051 4021 2161 4076 erit
2217 4019 2626 4076 inamissibilis
2685 4020 2951 4077 voluntas
3010 4020 3241 4092 pietatis
3290 4025 3346 4075 et
3393 4020 3700 4092 aequitatis,

2051 4102 2342 4172 quomodo
2386 4106 2476 4156 est
2507 4099 2813 4156 felicitatis.
2841 4101 2984 4156 Nam
3022 4103 3221 4172 utique
3266 4103 3555 4172 peccando
3595 4117 3701 4157 nec

2049 4184 2322 4255 pietatem
2346 4199 2448 4238 nec
2482 4181 2817 4238 felicitatem
2842 4183 3159 4248 tenuimus,
3185 4181 3545 4238 voluntatem
3567 4198 3700 4238 vero

2050 4264 2348 4320 felicitatis
2392 4280 2495 4319 nec
2549 4266 2772 4333 perdita
2804 4263 3074 4319 felicitate
3123 4261 3506 4334 perdidimus.
3540 4263 3705 4319 Certe

2051 4344 2204 4400 Deus
2237 4345 2361 4416 ipse
2411 4344 2719 4414 numquid,
2754 4343 3032 4416 quoniam
3081 4359 3318 4415 peccare
3347 4359 3460 4399 non
3495 4347 3700 4414 potest,

2050 4423 2178 4478 ideo
2208 4423 2458 4479 liberum
2491 4423 2793 4479 arbitrium
2827 4423 3040 4480 habere
3079 4425 3384 4496 negandus
3413 4428 3500 4479 est
3528 4422 3555 4478 ‘l
3588 4422 3706 4478 Erit

2052 4520 2189 4574 ergo
2220 4503 2379 4558 illius
2409 4504 2658 4560 civitatis
2679 4511 2738 4561 et
2768 4521 2885 4560 una
2913 4503 2974 4560 in
3005 4505 3301 4573 omnibus,
3324 4509 3381 4561 et
3409 4504 3703 4576 insepara-

2052 4584 2186 4640 bilis
2237 4585 2295 4640 in
2349 4584 2600 4656 singulis
2649 4586 2917 4641 voluntas
2965 4587 3169 4649 libera,
3220 4586 3292 4640 ab
3342 4585 3501 4640 omni
3551 4584 3704 4643 malo

2051 4664 2314 4728 liberata,
2347 4669 2403 4720 et
2433 4664 2666 4735 impleta
2713 4667 2872 4722 omni
2918 4666 3089 4734 bono,
3124 4666 3322 4720 fruens
3353 4665 3702 4719 indeﬁcien-

2051 4749 2137 4800 ter
2167 4751 2517 4800 aeternorum
2542 4747 2910 4816 jucunditate
2959 4745 3324 4816 gaudiorum,
3358 4743 3540 4798 oblita
3581 4744 3705 4799 cul-

2054 4841 2284 4894 parum,
2317 4826 2494 4882 oblita
2543 4842 2840 4896 pcenarum
2877 4842 2890 4890 ;
2926 4841 3028 4880 nec
3060 4829 3252 4878 tamen
3305 4823 3433 4877 ideo
3471 4839 3588 4878 sum
3629 4822 3703 4877 li-

2053 4904 2374 4960 bcrationis
2413 4905 2608 4969 oblita,
2643 4909 2705 4957 ut
2735 4902 3027 4956 liberatori
3076 4917 3181 4955 suo
3215 4917 3330 4954 non
3362 4900 3439 4955 sit
3467 4909 3632 4971 grata
3658 4901 3700 4955 ⁸.

2125 4983 2177 5035 4.
2207 4985 2496 5047 Quantum
2519 4998 2655 5054 ergo
2687 4981 2896 5036 attinet
2916 4983 2983 5036 ad
3010 4979 3311 5036 scientiam
3334 4981 3702 5051 rationalem,

2056 5078 2283 5118 memor
2340 5063 2762 5133 praeteritorum
2812 5060 2988 5118 etiam
3049 5062 3337 5118 malorum
3394 5077 3633 5117 suorum
3683 5081 3699 5132 ;

2121 5277 2136 5309 ι
2169 5273 2272 5331 Er.,
2308 5282 2418 5321 tam
2455 5274 2613 5322 nolit.
2645 5275 2790 5336 Lov.,
2825 5281 3095 5337 tanquam
3121 5273 3311 5324 nollet.
3341 5273 3705 5323 Emendantur

2054 5337 2259 5386 auxilio
2284 5337 2780 5398 manuscriptorum.

2119 5400 2140 5433 2
2169 5399 2292 5448 Cod.
2328 5399 2442 5457 258,
2469 5400 2879 5450 indeclinabile.
2915 5401 2985 5452 M.

2118 5463 2138 5496 ³
2169 5463 2316 5526 Lov.,
2349 5477 2456 5510 non
2484 5463 2557 5510 sit
2605 5463 2853 5525 ingrata.
2899 5464 3337 5526 Expungendum,
3372 5479 3481 5511 non
3517 5477 3529 5522 ;
3561 5461 3704 5524 quod

2054 5525 2244 5574 merito
2274 5526 2528 5574 omissum
2559 5528 2638 5576 est
2682 5527 2739 5574 in
2768 5527 2924 5575 editis
2951 5525 3103 5575 Vind.
3136 5528 3252 5575 Am.
3283 5529 3337 5575 et
3362 5527 3444 5574 Er.
3471 5526 3559 5574 vel
3587 5537 3699 5586 pro.

2055 5589 2304 5650 ingrata,
2334 5589 2614 5650 legendum
2648 5592 2706 5638 ut
2737 5590 2794 5638 in
2830 5590 3064 5639 melioris
3098 5593 3254 5638 notae
3302 5587 3702 5650 manuscriptis,

2054 5660 2237 5711 grata.

2117 5716 2200 5776 (α)
2226 5713 2373 5764 ΟοιιῙ.
2403 5713 2669 5766 Enchirid.
2700 5729 2753 5766 n.
2779 5714 2860 5764 28.
