4146 6198
433 308 551 369 803

431 444 719 514 quantum
770 442 964 495 autem
996 437 1066 492 ad
1124 434 1477 507 experientis
1525 450 1786 500 sensum,
1837 451 2077 507 prorsus

430 523 759 578 immemor.
820 524 959 573 Nam
1010 522 1069 573 et
1126 516 1521 589 peritissimus
1572 517 1867 585 medicus,
1926 516 2078 578 sicut

431 608 556 660 arte
586 602 1076 667 sciuntur,omnes
1100 600 1215 655 fere
1239 600 1468 655 morbos
1489 598 1748 668 corporis
1772 599 1929 654 novit
1954 616 1967 655 :
1994 600 2075 656 si-

434 687 533 740 cut
590 686 783 737 autem
835 697 1071 751 corpore
1129 682 1483 748 sentiuntur,
1532 679 1820 750 plurimos
1871 681 2074 755 nescit,

430 779 579 833 quos
626 762 751 832 ipse
780 778 896 817 non
930 778 1134 833 passus
1178 766 1287 817 est.
1321 760 1395 816 Ut
1424 776 1559 831 ergo
1591 760 1841 815 scientiae
1892 760 2075 816 malo-

428 858 561 897 rum
614 845 739 897 duae
786 847 970 909 sunt;
1006 859 1142 909 una,
1178 858 1291 912 qua
1328 842 1646 910 potentiam
1698 842 1912 895 mentis
1961 857 2074 896 non

428 921 654 989 latent;
688 922 888 991 altera,
930 938 1043 993 qua
1085 922 1431 994 experientis
1480 921 1750 975 sensibus
1797 920 2076 976 inhaerent

426 1002 619 1074 (aliter
667 1002 877 1073 quippe
908 1003 1173 1058 sciuntur
1219 1002 1412 1056 omnia
1463 1003 1604 1056 vitia
1636 1018 1734 1071 per
1778 1000 2077 1073 sapientiae

426 1085 773 1153 doctrinam,
797 1086 961 1140 aliter
991 1100 1089 1154 per
1118 1084 1450 1155 insipientis
1483 1083 1795 1155 pessimam
1825 1083 2027 1154 vitam)
2061 1098 2075 1137 :

426 1167 509 1223 ita
534 1170 591 1222 et
620 1166 937 1221 obliviones
960 1164 1242 1220 malorum
1276 1164 1405 1220 dum
1439 1169 1593 1221 sunt.
1618 1164 1793 1219 Aliter
1822 1180 1888 1219 ea
1920 1180 2079 1219 nam-

425 1262 536 1318 que
582 1243 945 1301 obliviscitur
977 1243 1242 1299 eruditus
1274 1252 1327 1298 et
1355 1245 1579 1309 doctus,
1605 1243 1773 1298 aliter
1804 1251 2071 1312 expertus

427 1331 486 1382 et
529 1342 739 1397 passus
772 1341 785 1380 :
818 1324 937 1393 ille,
971 1325 1015 1380 si
1048 1323 1313 1395 peritiam
1370 1323 1622 1395 negligat
1655 1341 1667 1391 ;
1704 1324 1831 1390 iste,
1884 1324 1931 1377 si
1964 1322 2076 1377 mi-

426 1409 577 1465 seria
622 1410 836 1463 careat.
890 1407 1226 1461 Secundum
1276 1405 1425 1460 hanc
1492 1404 1836 1460 oblivionem
1898 1420 2075 1475 quam

426 1488 740 1559 posteriore
787 1486 912 1541 loco
963 1486 1147 1555 posui,
1181 1502 1293 1540 non
1346 1489 1519 1539 erunt
1569 1500 1851 1540 memores
1892 1484 2078 1540 sancti

426 1568 845 1641 praeteritorum
898 1566 1184 1621 malorum
1221 1581 1234 1621 :
1269 1566 1545 1620 carebunt
1592 1565 1747 1619 enim
1783 1564 2077 1631 omnibus,

425 1651 507 1705 ita
538 1653 601 1704 ut
631 1648 859 1719 penitus
891 1646 1192 1701 deleantur
1223 1647 1291 1700 de
1322 1645 1591 1700 sensibus
1621 1660 1844 1699 eorum.
1880 1645 1957 1699 Ea
1987 1649 2079 1699 ta-

428 1744 562 1784 men
596 1728 853 1798 potentia
891 1726 1163 1793 scientiae,
1196 1742 1321 1795 qum
1354 1741 1567 1795 magna
1597 1724 1655 1778 in
1689 1725 1773 1779 eis
1804 1725 1933 1792 erit,
1961 1742 2075 1779 non

423 1808 613 1865 solum
663 1824 768 1862 sua
816 1805 1127 1877 prasterita,
1160 1806 1259 1859 sed
1311 1805 1482 1859 etiam
1531 1805 1940 1859 damnatorum
1974 1820 2075 1859 eos

424 1887 779 1959 sempiterna
811 1886 1045 1941 miseria
1078 1902 1189 1940 non
1216 1885 1434 1940 latebit.
1468 1884 1737 1953 Alioquin
1764 1884 1812 1939 si
1846 1901 1907 1939 se
1932 1883 2075 1939 fuis-

423 1984 487 2025 se
516 1970 761 2025 miseros
792 1967 1063 2022 nescituri
1096 1969 1252 2030 sunt,
1278 1964 1590 2035 quomodo,
1614 1965 1769 2018 sicut
1798 1965 1878 2019 ait
1912 1964 2075 2019 Psal-

423 2064 573 2115 mus,
610 2045 1032 2103 misericordias
1080 2044 1308 2099 Domini
1342 2044 1398 2098 in
1429 2051 1708 2099 aeternum
1758 2044 2078 2099 cantabunt

420 2130 594 2201 (Psal.
643 2144 909 2195 Lxxxvm,
942 2126 1055 2197 2)?
1096 2125 1217 2188 Quo
1268 2125 1492 2180 cantico
1548 2124 1604 2179 in
1650 2123 1896 2196 gloriam
1946 2141 2077 2195 gra-

423 2212 517 2266 tia:
566 2210 803 2276 Christi,
836 2209 1005 2277 cujus
1058 2206 1343 2275 sanguine
1394 2205 1618 2259 liberati
1670 2220 1896 2271 sumus,
1932 2203 2076 2259 nihil

422 2290 533 2345 erit
566 2289 819 2359 profecto
857 2286 941 2341 illi
967 2286 1283 2355 jucundius
1315 2284 1553 2339 civitati.
1588 2283 1668 2338 Ibi
1720 2286 2072 2355 perficietur,

429 2371 640 2436 Vacate,
672 2371 721 2422 et
767 2366 945 2422 videte
984 2366 1246 2435 quoniam
1294 2381 1388 2435 ego
1415 2382 1541 2419 sum
1574 2366 1709 2420 Deus
1738 2367 1914 2435 (Psal.
1947 2384 2076 2436 XLV,

425 2448 535 2520 11).
568 2448 729 2512 Quod
763 2447 869 2503 erit
902 2450 918 2482 ί
952 2462 1085 2501 vere
1117 2446 1435 2501 maximum
1484 2445 1786 2501 sabbatum
1823 2464 1936 2502 non
1966 2447 2071 2502 ha-

422 2529 568 2585 bens
617 2543 943 2599 vesperam,
986 2528 1141 2598 quod
1188 2527 1624 2583 commendavit
1679 2527 1961 2583 Dominus
2016 2528 2074 2584 in

423 2609 632 2681 primis
675 2609 954 2679 operibus
1007 2608 1235 2676 mundi,
1270 2606 1370 2662 ubi
1419 2606 1632 2677 legitur
1663 2624 1676 2663 :
1710 2609 1774 2663 Et
1806 2608 2077 2679 requievit

422 2691 566 2746 Deus
586 2690 675 2745 die
704 2691 928 2760 septimo
950 2687 1018 2743 ab
1048 2688 1299 2743 omnibus
1326 2688 1582 2759 operibus
1607 2690 1741 2755 suis,
1764 2706 1881 2760 quae
1908 2691 2038 2759 fecit
2054 2708 2075 2748 :

418 2779 471 2828 et
498 2770 775 2827 benedixit
806 2770 940 2825 Deus
968 2769 1111 2824 diem
1130 2771 1440 2840 septimum,
1463 2773 1512 2824 et
1542 2770 1907 2840 sanctiﬁcavit
1929 2787 2075 2838 eum,

422 2855 551 2923 quia
597 2851 657 2906 in
688 2867 752 2907 eo
797 2851 1065 2921 requievit
1094 2850 1161 2903 ab
1209 2849 1463 2905 omnibus
1510 2849 1765 2921 operibus
1794 2852 1933 2920 suis,
1958 2868 2076 2922 quz

420 2932 699 2989 inchoavit
729 2934 868 2987 Deus
896 2934 1079 3001 facere
1108 2932 1253 3001 (Gen.
1293 2950 1352 2998 ιι,
1385 2932 1441 2997 2,
1473 2933 1550 3001 3).
1586 2931 1719 2987 Dies
1750 2934 1902 2987 enirn
1938 2950 2073 3004 sep-

422 3013 604 3068 timus
630 3011 802 3067 etiam
838 3028 945 3066 nos
970 3010 1080 3080 ipsi
1113 3012 1352 3078 erimus,
1379 3012 1610 3081 quando
1642 3012 1772 3081 ejus
1797 3013 2074 3067 fuerimus

423 3092 827 3148 benedictione
858 3095 913 3145 et
938 3090 1393 3145 sanctiﬁcatione
1427 3090 1577 3160 pleni
1608 3096 1781 3162 atque
1811 3092 2005 3147 refecti
2029 3092 2069 3148 ῖ.

426 3173 511 3229 Ibi
534 3176 805 3228 vacantes
826 3169 1155 3226 videbimus
1173 3169 1450 3240 quoniam
1476 3170 1601 3240 ipse
1622 3176 1711 3226 est
1732 3173 1901 3227 Deus:
1917 3173 2070 3244 quod

427 3252 593 3310 nobis
624 3251 728 3321 ipsi
749 3266 876 3306 esse
906 3248 1472 3321 voluimus,quando
1502 3251 1574 3306 ab
1606 3250 1703 3306 illo
1734 3252 2071 3321 cecidimus,

419 3334 721 3391 audientes
752 3350 786 3388 a
816 3332 1135 3401 seductore,
1158 3332 1325 3387 Eritis
1345 3332 1487 3387 sicut
1516 3332 1600 3387 dii
1625 3333 1728 3404 (1d.
1753 3349 1840 3405 in,
1872 3336 1983 3405 5,);
2017 3340 2075 3391 et

422 3416 760 3473 recedentes
792 3430 825 3469 a
853 3430 985 3470 vero
1020 3414 1275 3484 Deo,quo
1299 3412 1542 3469 faciente
1564 3414 1643 3468 dii
1664 3431 1925 3471 essemus
1947 3416 2073 3486 ejus

420 3497 879 3570 participatione,
911 3512 1025 3551 non
1074 3494 1418 3551 desertione.
1454 3495 1602 3560 Quid
1634 3496 1789 3551 enim
1823 3497 1947 3553 sine
1974 3495 2072 3555 illo

422 3580 684 3641 fecimus.
736 3577 849 3632 nisi
888 3576 1042 3647 quod
1093 3575 1152 3629 in
1205 3575 1292 3630 ira
1338 3576 1465 3645 ejus
1512 3575 1833 3632 defecimus
1884 3579 2061 3646 (Psal.

422 3677 645 3727 mxxx,
675 3660 729 3730 9)
759 3658 786 3713 ‘t
817 3659 863 3712 A
894 3674 1008 3728 quo
1042 3655 1261 3721 refecti,
1296 3660 1350 3709 et
1381 3655 1567 3727 gratia
1609 3658 1819 3727 majore
1852 3661 2069 3729 perfec-

420 3742 486 3810 ti,
518 3739 858 3794 vacabimus
907 3739 965 3791 in
997 3740 1297 3805 aeternum,
1329 3735 1595 3790 videntes
1640 3737 1776 3807 quia
1817 3738 1939 3809 ipse
1984 3745 2071 3797 est

420 3820 596 3887 Deus,
631 3835 745 3889 quo
796 3816 948 3888 pleni
991 3816 1232 3882 erimus,
1268 3816 1500 3885 quando
1550 3817 1674 3886 ipse
1719 3818 1827 3872 erit
1874 3820 2069 3875 omnia

420 3901 480 3957 in
512 3900 806 3956 omnibus.
832 3897 977 3952 Nam
1010 3901 1065 3951 et
1094 3896 1223 3966 ipsa
1257 3894 1405 3950 bona
1437 3912 1608 3966 Opera
1641 3902 1858 3964 nostra,
1883 3916 2066 3971 quan-

422 3982 495 4037 do
544 3981 731 4053 ipsius
761 3978 957 4050 potius
1006 3975 1416 4047 intelliguntur
1445 3993 1573 4032 esse
1617 3994 1792 4049 quam
1845 3986 2064 4050 nostra,

421 4197 633 4309 libilvigir.
665 4199 718 4248 et
759 4196 905 4253 Lov..
954 4195 1110 4250 Quod
1155 4197 1264 4247 erit
1310 4198 1400 4248 ibi.
1452 4194 1632 4261 Abest,
1682 4199 1775 4259 ibi,
1827 4202 1893 4252 ab
1944 4202 2067 4254 aliis

447 4275 594 4373 '3'}?
623 4324 887 4386 plerisque
914 4326 1060 4389 Mss.,
1082 4324 1335 4387 perfecti.

1485 302 1584 362 DE
1625 299 1992 362 CIVITATE
2033 302 2186 367 DEI.
2236 302 2303 361 S.
2350 298 2771 363 AUGUSTINI

3719 301 3841 363 804

2184 437 2324 491 tunc
2371 433 2541 491 nobis
2589 435 2661 491 ad
2710 433 2820 490 hoc
2869 430 3181 490 sabbatum
3231 430 3680 504 adipiscendum
3732 436 3842 492 im-

2186 519 2484 587 putantur.
2528 514 2675 577 Quia
2722 515 2771 570 si
2817 514 2985 569 nobis
3035 530 3102 570 ea
3153 512 3556 580 tribuerimus,
3608 516 3845 572 servilia

2186 600 2355 652 erunt
2384 613 2399 663 ;
2432 612 2566 652 cum
2598 596 2667 650 de
2697 595 2937 651 sabbato
2987 595 3236 661 dicatur,
3269 594 3442 650 Omne
3471 612 3604 667 opus
3642 596 3845 653 servile

2184 676 2242 731 in
2273 693 2333 732 eo
2357 679 2371 711 ¹
2398 693 2507 733 non
2537 675 2751 745 facietis
2771 676 2951 744 (Deut.
2977 692 3029 741 ν,
3055 675 3165 746 14).
3192 674 3436 747 Propter
3464 678 3620 747 quod
3652 683 3710 733 et
3741 693 3847 749 per

2186 757 2541 813 Ezechielem
2577 756 2918 828 prophetam
2953 757 3188 823 dicitur,
3219 758 3281 811 Et
3310 756 3536 812 sabbata
3566 775 3686 814 mea
3719 760 3847 815 dedi

2182 840 2260 895 eis
2306 840 2363 893 in
2393 841 2617 909 signum
2647 840 2792 893 inter
2835 854 2922 893 me
2949 841 2998 893 et
3030 837 3176 894 inter
3222 854 3334 904 eos,
3366 847 3423 893 ut
3468 842 3672 895 scirent
3710 840 3845 911 quia

2184 935 2277 990 ego
2331 920 2591 975 Dominus
2639 922 2734 991 qui
2759 919 3040 988 sancti/ica
3086 934 3174 974 eos
3208 918 3426 991 (Ezech.
3459 936 3553 989 xx,
3588 921 3697 991 12).
3728 922 3845 978 Hoc

2186 1002 2436 1071 perfecte
2461 1007 2601 1057 tunc
2631 1002 2911 1067 sciemus,
2935 1000 3169 1071 quando
3201 1001 3451 1072 perfecte
3482 1000 3842 1067 vacabimus,

2185 1086 2242 1138 et
2273 1084 2519 1153 perfecte
2548 1082 2876 1139 videbimus
2908 1082 3048 1154 quia
3076 1082 3201 1154 ipse
3222 1086 3313 1139 est
3345 1086 3516 1138 Deus.

2253 1164 2309 1221 5.
2333 1164 2462 1234 Ipse
2493 1164 2668 1219 etiam
2701 1179 2983 1219 numerus
3014 1166 3276 1229 natatum,
3300 1162 3477 1218 veluti
3508 1161 3763 1230 dierum,
3788 1170 3839 1226 si

2187 1246 2505 1301 secundum
2538 1261 2636 1301 eos
2686 1244 2968 1301 articulos
2999 1243 3278 1315 temporis
3317 1248 3706 1316 computetur,
3739 1244 3843 1316 qui

2185 1326 2245 1382 in
2293 1326 2612 1397 Scripturis
2655 1326 2922 1381 videntur
2968 1324 3247 1396 expressi,
3286 1324 3397 1381 iste
3442 1325 3844 1383 sabbatismus

2186 1408 2512 1464 evidentius
2543 1406 2859 1479 apparebit,
2885 1406 3165 1477 quoniam
3198 1404 3486 1476 septimus
3508 1406 3841 1461 invenitur:

2188 1491 2251 1542 ut
2280 1487 2467 1558 prima
2516 1492 2654 1542 astas
2683 1490 2964 1557 tanquam
3006 1485 3131 1541 dies
3180 1486 3403 1555 primus
3432 1486 3509 1540 sit
3538 1486 3609 1540 ab
3654 1487 3840 1541 Adam

2188 1582 2375 1638 usque
2416 1566 2488 1621 ad
2520 1566 2826 1627 diluvium,
2859 1566 3110 1622 secunda
3160 1566 3294 1621 inde
3323 1581 3510 1636 usque
3559 1566 3630 1621 ad
3663 1567 3845 1621 Abra-

2188 1649 2350 1714 ham,
2382 1664 2493 1703 non
2527 1647 2857 1718 mqualitate
2888 1652 3241 1718 temporum,
3272 1646 3374 1701 sed
3406 1661 3639 1702 numero
3666 1661 3844 1716 gene-

2186 1730 2470 1784 rationum
2513 1744 2527 1784 :
2557 1730 2738 1784 denas
2766 1727 2981 1800 quippe
3023 1728 3236 1783 habere
3268 1726 3662 1797 reperiuntur.
3701 1727 3843 1782 Hinc

2179 1810 2328 1879 jam,
2361 1810 2511 1865 sicut
2564 1810 2866 1865 Mattheus
2911 1807 3271 1879 evangelista
3312 1807 3690 1872 determinat,
3724 1812 3840 1863 tres

2186 1894 2382 1945 aetates
2415 1906 2602 1961 usque
2651 1890 2721 1945 ad
2762 1890 2975 1945 Christi
3007 1891 3451 1959 subsequuntur
3499 1888 3838 1958 adventum,

2186 1987 2314 2041 quae
2346 1971 2587 2041 singulae
2619 1970 2783 2026 denis
2812 1978 2867 2025 et
2904 1969 3205 2041 quaternis
3235 1967 3709 2040 generationibus
3737 1983 3839 2024 ex-

2186 2050 2512 2121 plicantur:
2539 2051 2611 2107 ab
2642 2051 2933 2107 Abraham
2969 2066 3149 2119 usque
3180 2048 3256 2104 ad
3286 2047 3462 2104 David
3498 2064 3633 2112 una,
3653 2048 3839 2103 altera

2186 2132 2321 2188 inde
2370 2150 2558 2205 usque
2610 2133 2681 2188 ad
2732 2131 3310 2202 transmigrationem
3345 2128 3401 2183 in
3434 2127 3839 2199 Babyloniam,

2186 2214 2355 2269 tertia
2411 2213 2546 2269 inde
2592 2227 2772 2286 usque
2831 2213 2901 2268 ad
2960 2210 3173 2267 Christi
3232 2208 3522 2264 carnalem
3570 2208 3842 2286 nativita-

2184 2296 2323 2348 tem.
2358 2293 2530 2347 Fiunt
2560 2284 2755 2364 itaque
2786 2307 2990 2348 omnes
3022 2290 3302 2361 quinque.
3334 2292 3503 2343 Sexta
3532 2302 3689 2342 nunc
3719 2284 3843 2356 agi-

2184 2378 2301 2443 tur,
2328 2373 2490 2429 nullo
2520 2372 2960 2445 generationum
2991 2386 3236 2425 numero
3268 2368 3581 2434 metienda,
3609 2372 3843 2438 propter

2185 2454 2240 2508 id
2285 2454 2442 2523 quod
2483 2454 2703 2509 dictum
2736 2457 2846 2519 est,
2881 2452 2997 2508 Non
3026 2455 3105 2506 est
3134 2454 3371 2505 vestrum
3400 2451 3546 2503 scire
3574 2453 3841 2518 tempora,

2184 2549 2305 2605 quae
2332 2535 2497 2590 Pater
2516 2536 2698 2602 posuit
2720 2532 2777 2588 in
2799 2550 2902 2588 sua
2921 2536 3185 2603 potestate
3208 2530 3341 2601 (Act.
3367 2546 3406 2594 ι,
3429 2529 3507 2600 7).
3535 2528 3668 2583 Post
3690 2528 3841 2583 hanc

2185 2619 2457 2685 tanquam
2483 2614 2545 2669 in
2576 2613 2668 2669 die
2689 2616 2940 2685 septimo
2972 2612 3292 2683 requiescet
3314 2608 3486 2676 Deus,
3512 2624 3647 2663 cum
3682 2623 3840 2662 eum-

2186 2694 2316 2749 dem
2351 2694 2667 2766 septimum
2702 2694 2876 2759 diem,
2912 2694 3068 2764 quod
3111 2708 3217 2747 nos
3249 2690 3491 2757 erimus,
3525 2688 3582 2743 in
3619 2704 3680 2743 se
3714 2689 3838 2760 ipso

2191 2775 2305 2832 Deo
2335 2777 2357 2809 ²
2398 2775 2561 2831 faciet
2613 2775 2995 2845 requiescere.
3039 2773 3117 2828 De
3170 2770 3295 2827 istis
3346 2786 3518 2842 porro
3568 2768 3836 2823 aetatibus

2187 2856 2436 2929 singulis
2463 2873 2617 2912 nunc
2650 2855 2960 2928 diligenter
2988 2854 3227 2925 longum
3253 2856 3337 2908 est
3367 2852 3683 2922 disputare.
3709 2849 3839 2905 Haec

2185 2945 2378 3000 tamen
2410 2940 2659 3009 septima
2693 2936 2803 2991 erit
2832 2936 3140 2992 sabbatum
3181 2937 3470 2999 nostrum,
3502 2932 3665 3002 cujus
3699 2929 3839 2984 finis

2186 3036 2299 3074 non
2327 3018 2435 3073 erit
2465 3034 2720 3088 vespera,
2755 3016 2851 3071 sed
2894 3014 3224 3071 dominicus
3256 3014 3384 3068 dies
3413 3010 3566 3067 velut
3594 3013 3840 3064 octavus

2184 3107 2453 3167 aeternus,
2503 3098 2603 3169 qui
2653 3097 2867 3152 Christi
2932 3095 3354 3151 resurrectione
3412 3095 3679 3149 sacratus
3726 3094 3835 3159 est,

2182 3186 2457 3237 aeternam
2489 3197 2601 3235 non
2636 3178 2823 3234 solum
2856 3177 3116 3249 spiritus,
3140 3192 3342 3232 verum
3366 3174 3543 3229 etiam
3575 3172 3835 3242 corporis

2183 3262 2446 3332 requiem
2471 3259 2860 3332 praeﬁgurans.
2894 3258 2979 3313 Ibi
3000 3257 3360 3319 vacabimus,
3393 3259 3449 3309 et
3472 3252 3831 3332 videbimus;

2181 3330 2529 3406 videbimus,
2563 3348 2616 3396 et
2664 3339 2996 3395 amabimus
3028 3355 3042 3406 ;
3078 3336 3430 3401 amabimus,
3464 3338 3523 3389 et
3564 3330 3834 3388 laudabi-

2184 3438 2337 3478 mus.
2361 3422 2503 3477 Ecce
2526 3420 2678 3492 quod
2701 3420 2811 3475 erit
2842 3420 2899 3473 in
2927 3419 3039 3473 fine
3060 3417 3184 3472 sine
3208 3416 3340 3472 ﬁne.
3361 3414 3508 3469 Nam
3531 3413 3659 3483 quis
3683 3410 3834 3467 alius

2183 3507 2380 3558 noster
2425 3506 2511 3555 est
2548 3501 2705 3567 ﬁnis,
2740 3499 2850 3555 nisi
2901 3498 3198 3571 pervenire
3243 3497 3313 3552 ad
3365 3510 3633 3566 regnum,
3665 3493 3831 3561 cujus

2182 3583 2377 3638 nullus
2406 3592 2489 3638 est
2523 3583 2657 3636 finis
2685 3582 2713 3636 ‘t

2247 3676 2302 3729 6.
2336 3674 2549 3729 Videor
2601 3672 2742 3727 mihi
2774 3671 3037 3727 debitum
3085 3668 3338 3740 ingentis
3390 3667 3567 3737 hujus
3615 3664 3831 3736 operis,

2178 3756 2492 3826 adjuvante
2536 3752 2805 3818 Domino,
2835 3750 3177 3807 reddidisse.
3213 3748 3434 3814 Quibus
3484 3762 3712 3817 parum,
3742 3741 3833 3799 vel

2179 3834 2393 3905 quibus
2425 3832 2668 3887 nimium
2700 3835 2811 3897 est,
2839 3829 2981 3885 mihi
3014 3829 3355 3900 ignoscant:
3384 3826 3601 3897 quibus
3634 3832 3828 3880 autem

2176 3914 2322 3970 satis
2354 3919 2463 3984 est,
2488 3929 2602 3968 non
2638 3912 2801 3981 mihi,
2826 3911 2925 3967 sed
2948 3912 3062 3967 Deo
3086 3924 3316 3966 mecum
3346 3908 3562 3979 gratias
3584 3921 3828 3978 congra-

2176 3994 2437 4051 tulantes
2469 3998 2664 4065 agant.
2698 3994 2899 4048 Amen.

2240 4208 2258 4243 1
2291 4205 2470 4261 Abest.
2502 4205 2562 4254 in
2593 4220 2668 4267 eo,
2701 4218 2734 4253 a
2761 4206 3032 4257 veteribus
3061 4204 3234 4255 libris.

2236 4268 2258 4302 ²
2292 4268 2377 4323 Er.
2412 4272 2466 4318 et
2512 4263 2666 4331 Lov.,
2694 4269 2755 4317 in
2783 4284 2839 4317 se
2883 4270 2997 4331 ipso
3041 4270 3209 4321 Deus.
3244 4266 3432 4318 Melius
3478 4265 3607 4317 editi
3652 4263 3747 4315 alii
3778 4263 3833 4311 et

2174 4332 2542 4395 manuscripti,
2575 4332 2636 4380 in
2668 4346 2723 4380 se
2753 4332 2866 4391 ipso
2898 4332 3023 4382 Deo.
