4146 6198
3781 266 3906 330 808

2253 427 2354 482 per
2384 425 2472 466 me
2502 413 2704 482 postea
2735 410 2794 465 in
2846 410 3098 466 latinum
3146 426 3307 466 versa
3337 413 3443 465 est.
3497 409 3632 474 Quae
3674 415 3734 467 et
3774 428 3904 479 vos,

2253 486 2436 536 sancti
2470 491 2526 536 et
2556 484 2704 537 beati
2746 484 2971 548 fratres,
3005 499 3178 553 quam
3214 483 3494 537 veraciter
3534 497 3696 552 gesta
3739 490 3903 551 sunt,

2255 564 2367 609 tam
2397 556 2640 609 fideliter
2662 562 2931 624 suscepta
2950 555 3214 608 habeatis
3240 553 3507 622 imploro.
3538 559 3744 608 Certus
3767 573 3903 610 sum

2252 642 2405 679 enim
2442 629 2600 696 quia,
2633 628 2787 681 sicut.
2820 630 2941 696 ipse
2992 629 3198 680 beatus
3232 625 3450 692 Martyr
3492 627 3765 695 dignatus
3816 634 3907 682 est

2252 699 2523 752 nuntiare
2553 711 2599 752 et
2639 715 2738 763 pro
2771 700 2957 752 salute
2987 697 3184 752 mundi
3220 697 3600 766 periclitantis
3625 713 3687 752 se
3721 701 3906 753 mani-

2255 771 2482 832 festare,
2513 769 2725 823 auxilio
2747 775 2803 823 et
2828 769 3131 836 pra-sentia
3155 769 3298 822 tanti
3324 770 3572 838 patroni,
3596 772 3640 823 si
3667 787 3766 823 vos
3791 769 3909 824 tale

2254 842 2461 911 pignus
2490 842 2664 905 digno
2697 841 2890 894 studio
2921 839 3195 908 diligatis,
3232 842 3339 895 tuti
3372 856 3435 894 ex
3471 840 3578 895 hoc
3601 841 3910 911 quietique

2250 910 2477 967 vivatis.
2548 911 2751 968 Gratia
2812 911 3039 966 Domini
3101 921 3284 966 nostri
3353 915 3492 966 Jesu
3552 910 3771 968 Christi
3817 910 3911 968 et

2253 985 2437 1038 sancti
2468 984 2717 1056 Spiritus
2749 984 3075 1052 vobiscum,
3125 983 3493 1039 dilectissimi
3542 984 3601 1039 in
3632 984 3907 1040 Domino.

2256 1061 2464 1111 Amen.

503 283 622 344 807
1989 273 2418 338 APPENDIX.

501 415 637 470 misi
668 413 832 469 vobis
863 428 962 484 per
993 414 1263 468 sanctum
1301 409 1486 465 tilium
1520 414 1577 465 et
1605 409 2138 484 compresﬁbyterum

503 503 699 541 meum
733 482 998 540 Orosium
1025 484 1300 554 reliquias
1327 486 1395 536 de
1425 499 1664 552 corpore
1687 484 1832 536 beati
1858 482 2140 546 Stephani

502 559 675 630 primi
709 557 998 625 martyris,
1034 557 1138 630 boc
1156 562 1272 630 est,
1299 557 1589 630 pulverem
1615 555 1804 630 carnis
1821 561 1995 624 atque
2019 571 2143 607 ner-

505 626 728 690 verum,
762 638 812 681 et
846 630 996 696 quod
1036 627 1264 681 ﬁdelius
1295 629 1622 695 certiusque
1653 626 2005 681 credendum
2029 632 2141 688 est,

503 717 634 755 ossa
681 699 867 753 solida
916 707 1089 768 atque
1123 698 1426 752 manifesta
1476 700 1565 750 sui
1620 698 1930 752 sanctitate
1981 714 2142 751 novus

502 771 820 842 pigmentis
851 772 934 824 vel
963 769 1240 825 odoribus
1286 770 1612 839 pinguiora.
1659 769 1729 824 Ut
1758 781 1949 842 antem
1984 769 2144 842 nulla

503 840 689 914 possit
718 859 846 897 esse
879 842 1185 907 dubitatio,
1227 841 1414 914 ipsam
1449 842 1518 894 ad
1553 857 1652 914 vos
1684 841 1973 896 subditam
1999 840 2140 894 scri-

503 912 618 984 ptis
646 914 801 979 meis,
834 915 1020 968 sancti
1056 913 1394 984 presbyteri,
1427 915 1518 966 cui
1555 912 1672 966 beo
1709 914 1951 966 revelata
1983 916 2141 979 sunt,

501 987 808 1056 epistulam
835 985 1440 1054 conscriptionemque
1471 984 1793 1050 transmisi,
1828 999 2002 1052 quam
2055 999 2144 1038 me

504 1074 606 1128 pro
638 1059 748 1111 lide
795 1057 1044 1111 veritatis
1080 1057 1306 1127 plenius
1348 1058 1760 1126 cognoscenda:
1813 1061 2045 1125 rogante
2087 1061 2146 1128 et

501 1125 796 1196 expetente
828 1129 1062 1183 dictavit
1083 1125 1273 1194 graeco
1297 1125 1544 1191 primum
1580 1128 1704 1197 ipse
1729 1143 2018 1190 sermone,
2043 1125 2142 1180 sed

1325 1235 2558 1346 ΑυΜυΝιΤῙόῙηέυΒεΕουΕΝΤΕΜ
2610 1277 3074 1337 EPISTOLAM.

575 1398 812 1456 Luciani
844 1397 914 1451 ad
947 1411 1178 1451 omnem
1214 1393 1527 1448 Ecclesium
1561 1392 1856 1463 totiusque
1876 1392 2034 1446 orbis
2073 1391 2434 1448 Christianos
2467 1391 2783 1462 Epistulam
2814 1391 3069 1448 indicare
3105 1391 3333 1449 videtur
3360 1395 3724 1466 Augustinus
3755 1398 3910 1453 Tra-

502 1498 658 1546 ctalu
693 1489 789 1541 120
822 1488 876 1540 in
909 1489 1213 1548 Joannem,
1249 1501 1379 1538 cum
1414 1483 1554 1538 dicit
1586 1500 1641 1536 n.
1676 1484 1708 1535 4
1751 1499 1764 1537 :
1816 1481 2234 1550 Intelligendum
2282 1493 2359 1536 est
2407 1481 2476 1536 ad
2517 1484 2719 1550 Iesum,
2767 1498 2877 1537 non
2927 1486 3056 1536 tunc
3100 1483 3299 1550 solum,
3347 1484 3442 1540 sed
3488 1488 3619 1540 tunc
3663 1487 3908 1556 primum

501 1577 713 1632 venisse
752 1574 1453 1634 Nicodemumwentztasse
1483 1577 1664 1625 autem
1694 1582 1897 1640 postea,
1939 1581 1995 1624 ut
2024 1570 2179 1640 ﬁeret
2210 1569 2481 1625 audiendo
2525 1570 2864 1640 discipulus;
2890 1572 3030 1641 quod
3071 1577 3220 1626 certe
3264 1572 3418 1628 modo
3466 1575 3527 1628 in
3574 1577 3911 1632 reuelatione

500 1669 742 1736 corporis
774 1663 1078 1718 beatissimi
1125 1661 1389 1730 Stephani
1424 1663 1543 1730 fere
1583 1661 1834 1714 omnibus
1882 1664 2132 1729 gentibus
2180 1659 2516 1714 declaratur.
2550 1659 2617 1714 Et
2666 1659 3032 1715 revelationis
3080 1661 3380 1716 historiam
3433 1661 3526 1718 hic
3573 1663 3818 1720 relatam
3872 1683 3908 1723 ι

506 1754 756 1809 Luciano
786 1753 1093 1807 confirmat
1125 1767 1336 1818 magna
1367 1767 1434 1804 ex
1468 1755 1628 1820 parte
1659 1750 1718 1803 in
1761 1755 2038 1804 Sermone
2069 1750 2194 1812 318,
2230 1767 2286 1804 n.
2323 1751 2373 1818 1,
2406 1750 2476 1805 de
2512 1749 2807 1820 Stephano
2837 1750 2919 1803 sic
2950 1748 3227 1820 loquens:
3264 1752 3438 1822 Hujus
3464 1769 3658 1824 corpus
3691 1771 3758 1810 ea:
3806 1755 3906 1811 illo

503 1859 671 1915 usque
699 1841 767 1897 ad
794 1844 894 1897 ista
929 1850 1168 1910 tempora
1209 1840 1412 1901 latuit;
1447 1855 1622 1909 nuper
1651 1849 1835 1893 autem
1876 1842 2156 1910 apparuit,
2187 1838 2328 1893 sicut
2357 1839 2531 1892 solent
2559 1853 2826 1909 apparere
2853 1846 3167 1894 sanctorum
3197 1856 3422 1912 corpora
3452 1847 3780 1914 martyrum,
3813 1859 3903 1899 re-

503 1932 775 1989 uelatione
803 1931 920 2000 Dei,
963 1931 1176 2002 quando
1215 1929 1426 2000 placuit
1461 1929 1728 1984 Creatori.
1766 1928 1955 1983 Verum
1994 1939 2177 1984 autem
2219 1929 2522 1984 revelatum
2559 1928 2671 1998 fuit
2704 1927 2777 1996 ei,
2811 1928 2909 2000 qui
2939 1945 3026 1984 res
3077 1929 3225 2001 ipsas
3255 1933 3504 1988 inventas
3546 1933 3897 1991 monstravit.

501 2021 942 2080 Praecedentibus
973 2022 1117 2076 enim
1148 2021 1324 2089 signis
1358 2019 1504 2074 locus
1549 2017 1957 2074 demonstratus
1985 2022 2064 2073 est
2083 2037 2106 2083 ;
2135 2027 2186 2074 et
2217 2019 2477 2089 quomodo
2527 2020 2708 2088 fuerat
2762 2020 3083 2084 revelatum,
3114 2023 3189 2076 sic
3218 2030 3268 2076 et
3294 2023 3579 2078 inventum
3606 2032 3698 2078 est.
3740 2023 3905 2081 Nulli

504 2113 630 2170 inde
653 2113 937 2184 reliquias
967 2114 1311 2182 acceperunt,
1352 2111 1480 2179 quia
1511 2109 1650 2164 Deus
1679 2110 1872 2177 voluit,
1904 2115 1954 2164 et
1978 2109 2080 2165 huc
2116 2116 2402 2164 venerunt.
2439 2111 2581 2164 Item
2615 2109 2671 2164 in
2704 2109 2982 2165 Sermone
3010 2109 3136 2175 319,
3170 2127 3226 2166 n.
3264 2113 3332 2166 6:
3373 2115 3554 2168 Latuit
3588 2119 3741 2170 tanto
3763 2123 3902 2170 tem-

500 2219 635 2273 pore
662 2219 857 2274 corpus
905 2203 1041 2270 eius,
1071 2201 1330 2272 processit
1361 2199 1574 2272 quando
1603 2200 1740 2253 Deus
1770 2199 1966 2264 voluit,
2016 2199 2355 2255 illuminavit
2385 2209 2580 2266 terras,
2633 2203 2789 2255 tanta
2817 2200 3088 2255 miracula
3132 2201 3286 2271 fecit,
3317 2213 3566 2259 mortuus
3596 2207 3741 2260 vivos
3770 2205 3908 2275 facit

503 2299 757 2360 mortuos,
792 2292 922 2365 quia
960 2307 1058 2347 nec
1105 2301 1366 2346 mortuus.
1400 2291 1507 2344 Sed
1543 2289 1808 2344 eamdem
1842 2287 2161 2359 Epistulam
2194 2287 2422 2344 vicinus
2451 2305 2646 2345 corum
2681 2295 3008 2361 temporum
3044 2290 3378 2347 Gennadius
3411 2295 3662 2366 propriis
3715 2296 3909 2352 verbis

506 2388 792 2440 memorat
823 2384 881 2437 in
917 2381 1062 2436 libro
1095 2382 1164 2436 de
1194 2379 1348 2434 Viris
1382 2378 1748 2433 illustribus:
1782 2378 2078 2445 Lucianus,
2115 2379 2214 2444 ait,
2248 2379 2548 2449 presbyter,
2570 2381 2658 2434 uir
2694 2390 2934 2446 sanctus,
2965 2379 3059 2435 cui
3087 2382 3350 2437 reuelauit
3378 2384 3536 2449 Deus,
3568 2386 3908 2444 temneribus

503 2473 732 2532 Honorii
759 2478 808 2529 et
839 2469 1115 2528 Theodosii
1143 2471 1529 2540 Augustorum,
1554 2471 1730 2522 locum
1758 2467 1994 2536 sepulcri
2022 2477 2075 2521 et
2103 2467 2470 2536 reliquiarum
2503 2470 2744 2539 corporis
2772 2469 2951 2524 sancti
2967 2469 3231 2539 Stephani
3258 2475 3521 2543 martyris
3549 2474 3743 2544 primi,
3769 2473 3909 2530 scri-

499 2567 611 2636 psit
654 2566 828 2634 ipsam
857 2561 1249 2617 reuelationem
1279 2557 1348 2613 ad
1378 2558 1629 2612 omnium
1673 2557 2039 2612 Ecclesiarum
2067 2573 2350 2627 personas,
2391 2573 2572 2625 gra'co
2599 2573 2868 2613 sermone.
2903 2558 3277 2630 Superﬂuum
3321 2566 3410 2615 est
3441 2566 3618 2618 testes
3648 2580 3746 2618 eos
3797 2565 3910 2620 ad-

495 2656 762 2727 jungere,
795 2651 892 2723 qui
925 2649 1208 2706 Gennadii
1243 2647 1418 2702 verba
1449 2647 1576 2718 ipsa
1597 2645 2047 2715 exscripserunt,
2073 2650 2134 2700 ut
2157 2645 2526 2702 Marcellinus
2551 2646 2608 2700 in
2641 2647 2944 2716 Chronico,
2968 2647 3121 2703 Beda
3154 2648 3211 2703 in
3237 2647 3381 2705 libro
3405 2651 3476 2706 de
3499 2668 3596 2706 sex
3621 2652 3906 2709 [Elatibus

503 2743 730 2808 mundi,
763 2747 819 2796 et
852 2739 1196 2812 posteriores
1227 2736 1344 2792 alii.
1378 2735 1655 2791 Nonnihil
1685 2739 1879 2790 autem
1917 2737 2070 2806 quod
2105 2737 2176 2791 ad
2227 2741 2458 2808 tempus
2488 2741 2727 2807 spectat,
2761 2736 3122 2793 dissentiunt
3161 2738 3409 2795 invicem
3441 2740 3815 2797 Marcellinus
3845 2746 3906 2798 et

500 2832 675 2897 Beda,
708 2832 844 2885 dum
881 2829 971 2885 hic
1002 2827 1412 2884 revelationem
1436 2825 1506 2880 ad
1532 2825 1843 2896 septimum
1876 2824 2114 2881 Honorii
2145 2824 2488 2897 imperantis
2519 2842 2758 2890 annum,
2791 2824 2887 2881 ille
2917 2842 3048 2883 vero
3078 2826 3150 2881 ad
3181 2826 3418 2884 Honorii
3451 2829 3708 2885 consulis
3741 2830 3904 2886 deci-

506 2937 664 2978 mum
697 2920 888 2976 refert.
924 2917 1258 2974 Marcellino
1291 2913 1677 2986 adstipulatur
1702 2913 1992 2969 Lucianus
2021 2914 2210 2985 qualis
2234 2931 2267 2968 a
2290 2913 2514 2971 Joanne
2544 2913 2884 2970 Ulimmerio
2908 2915 3186 2987 primum,
3212 2933 3277 2973 ac
3298 2916 3506 2974 deinde
3525 2935 3557 2973 a
3591 2918 3914 2976 Lovanien-

505 3011 671 3068 sibus
703 3008 950 3079 aliisque
972 3007 1159 3062 fuerat
1190 3003 1475 3076 vulgatus,
1513 3008 1720 3058 notans
1752 3003 2030 3060 nimirum
2061 3004 2290 3059 eosdem
2324 3009 2498 3074 atque
2529 3003 2895 3062 Marcellinus
2918 3005 3187 3062 consules
3213 3023 3227 3062 :
3261 3023 3408 3078 quos
3440 3007 3647 3064 mirum
3678 3013 3771 3064 est
3791 3025 3909 3065 non

507 3101 842 3156 observatos
875 3098 1049 3152 fuisse
1081 3112 1114 3150 a
1145 3095 1317 3163 Beda,
1352 3095 1450 3164 qui
1484 3093 1803 3149 Lucianum
1837 3093 1988 3148 hunc
2017 3093 2208 3165 ipsum
2249 3091 2736 3149 Ulimmerianum
2773 3094 2926 3166 legit,
2973 3099 3031 3150 et
3063 3095 3230 3167 plura
3285 3112 3351 3152 ex
3381 3098 3582 3153 eodem
3606 3100 3665 3153 in
3693 3098 3908 3154 librum

507 3187 998 3246 Retractationum
1032 3185 1089 3240 in
1119 3187 1262 3238 Acta
1287 3199 1409 3252 cap.
1439 3185 1470 3236 8
1505 3183 1889 3253 lranscripsit.
1921 3184 2086 3238 Certe
2117 3181 2348 3254 quidem
2384 3182 2504 3237 haec
2529 3182 2836 3238 consulum
2863 3193 2996 3240 nota
3021 3186 3091 3240 ab
3121 3184 3234 3241 alio
3262 3186 3426 3241 abest
3449 3185 3686 3243 Luciani
3709 3203 3908 3242 exem-

503 3282 674 3354 plari,
706 3279 860 3350 quod
893 3277 949 3332 in
981 3275 1270 3332 veteribus
1303 3272 1592 3329 nonnullis
1637 3273 1940 3328 codicibus
1973 3273 2277 3344 reperitur.
2317 3272 2484 3328 Caret
2512 3272 2686 3330 etiam
2718 3275 2872 3329 idem
2905 3275 3058 3331 istud
3089 3275 3241 3332 aliud
3274 3277 3570 3348 exemplar
3601 3278 3657 3333 in
3689 3277 3908 3334 Floria-

503 3372 661 3429 censi
693 3371 890 3427 codice
922 3367 1037 3424 illis
1069 3369 1125 3421 in
1169 3365 1283 3420 fine
1315 3364 1521 3429 verbis,
1557 3381 1612 3417 n.
1643 3365 1700 3428 9,
1734 3364 1816 3418 Ea:
1847 3363 1931 3418 his
1962 3379 2086 3434 ergo
2118 3363 2374 3434 reliquiis
2413 3363 2699 3419 transmisi
2731 3365 3069 3421 Beatiludini
3106 3374 3311 3434 vestrae,
3353 3383 3481 3439 quas
3515 3367 3766 3423 hominis
3793 3385 3910 3424 non

504 3470 639 3518 sunt
670 3457 975 3514 scribentis
1008 3456 1077 3510 ad
1111 3452 1376 3510 omnium
1410 3451 1794 3507 Ecclesiarum
1831 3466 2128 3521 personas.
2153 3450 2495 3523 Quanquam
2531 3451 2652 3508 haec
2687 3453 2923 3509 forsitan
2953 3455 3178 3510 dicebat
3210 3455 3501 3513 Lucianus
3522 3472 3804 3513 converso
3837 3456 3910 3512 ad

505 3567 601 3606 eos
631 3548 786 3615 stilo,
821 3561 1070 3618 quorum
1102 3559 1281 3598 causa
1311 3541 1684 3612 scriptionem
1733 3539 1883 3595 hanc
1926 3541 2131 3595 edebat
2161 3548 2394 3611 rogatus
2423 3541 2497 3596 ab
2525 3543 2712 3609 Avito,
2745 3544 2833 3598 cui
2867 3542 3042 3598 etiam
3093 3543 3476 3615 reliquiarum
3510 3553 3733 3616 partem
3765 3546 3912 3616 ipsis

505 3637 1043 3703 transmittendam,
1067 3633 1233 3688 siculi
1267 3632 1450 3702 liquet
1479 3647 1546 3685 ex
1576 3629 1724 3684 Aviti
1759 3628 2034 3700 Epistula,
2068 3629 2402 3687 donaverat.
2436 3633 2612 3687 Porro
2644 3642 2952 3704 utrumque
2996 3633 3089 3690 bic
3119 3637 3328 3690 damus
3357 3636 3684 3706 exemplum
3722 3635 3910 3707 scrip-

503 3729 682 3785 tionis
715 3726 970 3791 Luciani,
1005 3720 1488 3778 Ulimmerianum
1523 3719 1628 3788 (sic
1677 3718 1969 3790 appellare
1997 3719 2168 3774 liceat
2197 3720 2352 3790 quod
2386 3718 2710 3776 Ulimmerii
2761 3738 2898 3777 cura
2949 3723 3172 3795 pridem
3225 3723 3540 3796 prodierat)
3590 3726 3658 3780 ad
3711 3725 3912 3797 plures

509 3817 940 3889 manuscriptos
968 3813 1355 3883 recognitum,
1386 3815 1443 3864 et
1474 3808 1629 3864 aliud
1666 3809 1836 3862 modo
1867 3809 2227 3880 descriptum
2273 3826 2342 3864 ex
2384 3809 2726 3866 Floriacensi
2762 3811 2908 3867 libro
2944 3830 3129 3868 annos
3159 3813 3384 3870 circiter
3414 3818 3762 3886 quingentos
3804 3815 3912 3871 ha-

506 3911 696 3977 bente,
729 3909 882 3980 quod
918 3906 978 3960 in
1019 3903 1146 3959 aliis
1176 3902 1350 3957 etiam
1386 3898 1800 3970 manuscriptis
1841 3899 2141 3954 nonnullis
2174 3900 2480 3970 reperitur.
2525 3901 2685 3956 Certe
2717 3901 2827 3958 hoc
2867 3904 3155 3974 posterius
3210 3921 3324 3960 non
3355 3904 3716 3974 incognitum
3763 3905 3913 3961 anti-

505 4002 640 4074 quis
673 4001 820 4065 l‘uit;
855 4012 989 4052 nam
1022 3994 1382 4066 Chrysippus
1417 3992 1714 4064 presbyter
1743 3989 2268 4062 Jerosolymitanus
2301 3991 2357 4046 in
2409 3990 2596 4048 Pbotii
2626 3993 3001 4066 Bibliotheca,
3033 3997 3162 4051 cod.
3195 3997 3316 4063 171,
3349 4002 3406 4052 et
3434 3996 3557 4053 Ado
3594 3997 3654 4053 in
3704 4000 3916 4070 Marty-

503 4089 721 4160 rologio
753 4089 805 4142 id
841 4086 1079 4143 omnino
1109 4088 1456 4156 sequuntur,
1488 4086 1662 4152 atque
1693 4097 1760 4136 ex
1786 4080 1911 4150 ipso
1943 4080 2276 4135 exscribunt
2299 4081 2504 4149 multa,
2529 4099 2656 4154 quas
2680 4083 2736 4138 in
2763 4082 3179 4140 Ulimmeriano
3200 4085 3463 4158 exemplo
3485 4087 3918 4146 desiderantur.

505 4179 754 4235 Additur
784 4176 934 4249 apud
958 4173 1252 4239 Pbotium,
1288 4169 1644 4226 Gamalielem
1675 4167 1996 4241 praecepisse
2016 4167 2279 4236 Luciano,
2310 4186 2381 4225 ne
2399 4171 2624 4241 posthac
2645 4172 2914 4244 reliquias
2936 4171 3071 4228 illas
3097 4173 3212 4230 sole
3233 4177 3284 4229 et
3303 4174 3496 4246 pluvia
3521 4176 3804 4247 corrumpi
3818 4192 3921 4248 per

504 4268 903 4340 negligentiam
931 4268 1173 4326 sineret;
1204 4261 1360 4332 quod
1396 4259 1554 4315 nullo
1589 4259 1702 4329 iam
1737 4257 1793 4312 in
1827 4258 2141 4327 exemplari
2174 4257 2404 4329 legitur.

1702 4439 2734 4596 EPISTULA

1277 4661 1745 4753 LUCIANI
1803 4663 1944 4745 AD
2006 4660 2420 4749 OMNEM
2485 4663 3148 4772 ECCLE‘SIAM,

786 4797 886 4858 DE
934 4793 1486 4856 REVELATIONE
1529 4786 1908 4848 CORPORIS
1955 4784 2337 4848 STEPHANI
2385 4790 2794 4852 MABTYRIS
2837 4791 3068 4851 PRIMI
3112 4791 3212 4852 ET
3253 4790 3643 4856 ALIORUM.

1681 1234 1864 1246 al—

510 4922 580 4960 ει
607 4921 794 4960 Εῡιτιε
826 4917 990 4958 υιιΜ.
1023 4919 1090 4957 ET
1118 4917 1242 4956 LOV.
1267 4917 1332 4955 ET
1353 4913 1664 4954 RECOGNITA
1691 4911 1764 4950 AD
1787 4909 2000 4948 PLURES
2023 4909 2150 4948 MSS.

514 4987 812 5042 Lucumus
846 4981 1242 5038 misericordia
1267 4981 1362 5035 Dei
1390 4980 1656 5047 indigens
1680 4982 1736 5032 et
1765 4974 2028 5030 omnium
2056 4974 2155 5028 ho-

587 5059 808 5111 minum
845 5055 1150 5117 minimus,
1188 5053 1484 5123 presbyter
1506 5047 2036 5123 Ecclesias_Deiques
2067 5049 2156 5099 est

581 5127 642 5184 in
671 5127 808 5181 villa
849 5118 1308 5193 Caphargamala
1340 5118 1396 5178 in
1429 5121 1720 5176 territorio
1761 5118 2152 5193 Jerosolymof

585 5216 736 5265 rum,
761 5190 970 5253 sancta:
992 5190 1253 5251 Ecclesia
1272 5199 1327 5250 et
1355 5194 1628 5250 omnibus
1649 5191 1868 5265 sanctis
1892 5190 1991 5265 qui
2017 5191 2157 5244 sunt

582 5270 640 5326 in
661 5263 885 5326 Christo
906 5269 1042 5324 Jesu
1064 5268 1122 5322 in
1157 5267 1420 5322 universo
1446 5265 1688 5330 mundo,
1712 5263 1768 5317 in
1796 5263 2040 5318 Domino
2064 5276 2155 5315 sa-

587 5342 792 5398 lutem.

587 5416 637 5471 1.
671 5415 831 5469 Visio
855 5411 873 5446 ί
906 5428 1031 5484 quis
1054 5409 1324 5481 apparuit
1355 5424 1494 5484 meai
1527 5405 1889 5484 pusillitatia
1911 5403 2024 5484 I_)eo
2049 5406 2152 5484 ter,

515 5487 585 5541 de
614 5477 960 5542 revelatione
1005 5477 1380 5554 reliquiarum
1417 5477 1569 5554 beati
1600 5477 2157 5554 et‘gluriosiproto-

403 5555 413 5568 ’
516 5560 789 5630 martyris
816 5556 1093 5630 Stephani
1119 5545 1177 5630 et
1209 5554 1383 5630 primi
1405 5552 1633 5630 diaconi
1658 5545 2156 5630 Cbristi,.etuNico-.

517 5614 790 5698 demi'qui
815 5629 872 5682 in
887 5614 1194 5698 Evangelio
1211 5614 1466 5695 scriptus
1488 5629 1594 5686 est,
1621 5627 1676 5675 et
1694 5614 2026 5675 Gumalielis
2057 5614 2156 5688 qui

585 5752 599 5784 ι
632 5749 692 5796 In
725 5749 847 5798 Mss.
878 5751 1022 5799 deest
1051 5764 1174 5806 vox,
1216 5749 1385 5798 Visio.

2506 4912 2574 4950 nx
2614 4913 2979 4953 FLORIACENSI
3017 4914 3215 4954 CODICB
3253 4915 3320 4954 ΕΤ
3354 4915 3500 4955 Αιιιο
3539 4915 3674 4954 MSS.

2267 4975 2561 5032 Lucumus
2592 4978 2968 5033 misericordia
2994 4979 3251 5047 indigens
3276 4987 3334 5034 et
3361 4982 3603 5034 omnium
3633 4980 3919 5035 nentiam

2333 5051 2610 5115 minimus,
2638 5051 2926 5119 presbyter
2956 5051 3214 5107 Ecclesiae
3238 5053 3337 5105 Dei
3381 5067 3502 5119 quae
3543 5059 3625 5107 est
3679 5053 3743 5105 in
3784 5053 3922 5107 villa

2339 5120 2786 5194 Qaphargamata
2807 5125 2871 5194 in
2891 5125 3172 5177 territorio
3191 5120 3679 5194 Jerosolymitano,
3712 5128 3923 5178 sancta!

2338 5192 2593 5266 Ecclesiae
2624 5198 2675 5245 et
2700 5191 2954 5248 omnibus
2984 5197 3188 5250 sanctis
3204 5195 3301 5266 qui
3327 5191 3454 5249 sunt
3475 5195 3531 5249 in
3557 5193 3779 5266 Christo
3792 5197 3921 5252 Iesu

2338 5264 2396 5315 in
2422 5265 2675 5318 universo
2697 5267 2922 5328 mundo,
2959 5267 3016 5319 in
3050 5264 3280 5320 Domino
3309 5267 3541 5321 salutem
3565 5265 3609 5320 ί.

2342 5335 2391 5389 1.
2424 5335 2834 5408 ῌευειαιίοηεηι
2853 5338 3035 5392 sancti
3057 5338 3353 5408 Stephani,
3372 5354 3493 5408 quae
3515 5336 3655 5392 mihi
3671 5355 3920 5408 pergra-

2269 5405 2404 5459 tiam
2435 5407 2651 5461 Domini
2679 5414 2731 5462 et
2763 5409 3068 5464 Saluatoris
3097 5405 3278 5466 nostri
3311 5405 3528 5464 ostensa
3557 5416 3656 5478 est,
3676 5405 3922 5478 dignun

2336 5545 2354 5580 ι
2385 5546 2447 5594 In
2475 5549 2652 5598 codice
2696 5549 3042 5602 Germanensl
3071 5561 3337 5600 annorum
3367 5551 3476 5600 lem
3501 5549 3596 5599 400
3623 5551 3703 5600 sic
3733 5551 3924 5600 ineat-

2268 5608 2919 5676 biturqgjbminosancto
2949 5621 2996 5660 et
3035 5613 3342 5676 venerabili
3359 5614 3629 5676 Hymesio
3654 5617 3923 5674 episeopo,

2271 5669 2633 5739 humillimus
2683 5684 2732 5739 et
2761 5677 3014 5739 omnium
3055 5675 3290 5739 inﬁmus
3322 5669 3924 5739 Lucianuspresby'ter

2270 5733 2332 5780 de
2384 5733 2525 5783 villa
2581 5736 3038 5800 Caphargamala
3086 5733 3370 5788 territorio
3425 5733 3922 5802 Jerosolyrnitano,
