4146 6198
1296 17 1435 25 ___~
1542 18 1649 21 vii,

1172 30 1193 45 .“
1369 18 1437 41 -Ῐ-

1204 48 1253 59 --ο
1284 50 1331 57 -..ρ
1346 46 1361 51 ι

1124 40 1453 131 <;;1/

306 237 424 300 809
1627 238 2001 303 EPISTULA
2054 240 2393 302 LUCIANI.
3593 242 3714 307 810

305 374 364 429 in
413 372 652 429 Actibus
696 370 1105 443 Apostolorum
1159 370 1516 437 nominatur,
1560 376 1955 433 necessarium

307 447 444 501 duxi
479 446 732 518 pandere
760 449 961 500 vestrae
993 446 1051 499 in
1073 444 1303 500 Christo
1326 444 1656 518 Dilectioni,
1680 448 1958 518 implora-

306 525 399 573 tus
429 516 495 573 ac
547 518 733 588 magis
761 518 964 585 jussus
994 534 1027 570 a
1075 522 1275 591 sancto
1304 523 1371 591 Aet
1402 516 1500 571 Dei
1533 516 1961 591 cultore‘patre

304 590 468 644 Avito
494 591 919 660 presbytero,ut
942 588 1262 643 secundum
1294 588 1465 660 fidem
1489 588 1951 648 consummatam

305 659 682 732 interroganti
716 661 874 730 quasi
908 660 1068 732 illius
1096 661 1246 725 patri
1278 659 1625 728 obaudiens,
1671 666 1820 718 sicut
1851 681 1949 720 co-

302 733 501 804 gnovi,
534 747 664 786 cum
696 732 856 786 omni
879 731 1251 805 simplicitate
1282 733 1771 805 impigerintegre
1792 737 1948 791 indi-

303 803 495 859 carem
529 818 762 858 omnem
806 803 1128 858 veritatem.

371 876 429 930 2.
463 875 560 948 Die
591 874 770 943 igitur
814 873 1145 948 Parasceve,
1189 874 1296 929 hoc
1326 881 1603 948 estsexta
1636 877 1795 945 feria,
1821 893 1947 948 quae

302 954 388 1003 est
416 946 593 1001 tertio
625 961 809 1000 nonas
856 946 1201 1013 decembris,
1235 947 1537 1003 consulatu
1589 946 1949 1005 Honorii—de-

301 1019 418 1075 cies
441 1023 498 1072 et
512 1017 1047 1092 Theodositsexies
1061 1020 1451 1092 Augustorum
1475 1019 1577 1092 (a),
1604 1021 1946 1077 adveniente

301 1088 796 1164 nocledormiens
827 1088 884 1142 in
917 1087 1095 1143 cubili
1125 1087 1277 1164 meo,
1310 1090 1369 1143 in
1402 1087 1772 1164 locof'sancto
1804 1091 1943 1164 bap-

301 1159 532 1244 tisterij,
566 1159 624 1214 in
658 1174 772 1244 quo
811 1160 1180 1244 .oonsuetudo
1228 1165 1357 1244 erat
1399 1163 1857 1244 mihidormire,
1882 1159 1947 1219 'et

298 1230 595 1290 custodire
620 1230 1007 1286 ecclesiastica
1038 1249 1169 1303 quae
1198 1238 1365 1287 erant
1396 1234 1453 1288 in
1488 1235 1947 1302 ministerio,ho-

301 1321 363 1359 ra
384 1303 555 1377 tertia
587 1304 770 1357 noctis
800 1318 941 1377 qua:
958 1308 1048 1358 est
1078 1304 1275 1377 prima
1295 1307 1561 1377 custodia
1590 1307 1940 1377 vigiliarum,

300 1374 471 1447 quasi
503 1375 567 1449 in_
602 1374 837 1449 ecstasi_
864 1374 1103 1449 eﬂ'ectus
1134 1375 1557 1449 semivigilans,
1597 1374 1711 1431 viui
1755 1374 1942 1433 virum

300 1444 524 1520 senem,
553 1444 1227 1520 longum,hieroprepen,
1243 1444 1461 1504 hoc'est
1481 1444 1722 1520 dignum
1747 1466 1945 1505 sacer-

299 1518 513 1591 dotem,
541 1533 779 1591 canum,
800 1517 1039 1591 barbam
1074 1519 1355 1588 prolixam
1389 1517 1721 1591 habentem,
1746 1522 1943 1591 pallia-

299 1594 420 1645 tum
449 1588 583 1644 alba
609 1589 783 1659 stola,
804 1589 899 1644 cui
925 1589 1156 1645 inerant
1176 1590 1484 1661 gemmulis
1517 1609 1704 1647 aureas
1735 1588 1946 1649 haben-

298 1668 389 1717 tes
410 1661 765 1716 intrinsecus
795 1665 1008 1734 sanctis
1030 1663 1221 1717 crucis
1237 1666 1493 1734 signum,
1516 1668 1573 1719 et
1602 1665 1818 1734 virgam
1844 1681 1945 1719 au-

300 1748 459 1788 ream
493 1734 552 1788 in
588 1748 761 1788 manu
794 1732 1129 1789 habentem.
1163 1734 1228 1789 Et
1258 1732 1495 1791 veniens
1527 1732 1779 1790 stetit'ad
1812 1737 1943 1791 dex-

300 1808 482 1859 teram
514 1820 726 1871 meam,
750 1807 807 1877 et
828 1819 1013 1877 aurea
1033 1806 1195 1877 virga
1226 1806 1477 1876 pulsavit
1503 1814 1707 1872 me,ter
1728 1823 1942 1863 vocans

300 1877 536 1931 nomine
568 1892 718 1942 meo,
742 1876 938 1931 dicens
963 1892 975 1930 :
1000 1876 1270 1942 Luciane,
1294 1878 1559 1944 Luciane,
1591 1879 1855 1934 Luciane.
1874 1880 1943 1934 Et

299 1949 447 2021 dixit
479 1947 620 2021 mihi
651 1963 836 2018 graeco
862 1963 1150 2014 sermone,
1188 1948 1338 2004 Vade
1378 1950 1436 2005 in
1480 1950 1771 2005 civitatem
1816 1967 1940 2021 qua;

300 2019 513 2075 dicitur
563 2019 746 2087 Helia,
803 2034 931 2090 quae
974 2026 1057 2075 est
1097 2021 1445 2086 Jerusalem,
1493 2026 1552 2075 et
1600 2022 1692 2076 dic
1741 2019 1940 2075 sancto

297 2090 509 2147 Joanni
540 2092 639 2161 qui
664 2096 754 2145 est
782 2091 839 2145 in
874 2107 941 2146 ea
962 2092 1307 2161 episcopus:
1341 2092 1610 2156 Quandiu
1644 2093 1824 2146 clausi
1850 2109 1944 2146 su-

300 2178 453 2234 mus,
476 2167 533 2218 et
565 2177 677 2234 non
702 2161 893 2229 aperis
928 2163 1091 2234 nobis
1110 2164 1140 2214 ?
1171 2161 1237 2215 Et
1261 2161 1678 2234 maxime,quia
1700 2163 1757 2217 in
1793 2169 1942 2217 tem-

301 2233 541 2304 poribus
571 2232 655 2304 tui
687 2233 996 2287 sacerdotii
1028 2236 1252 2300 oportet
1308 2248 1414 2287 nos
1466 2232 1728 2304 revelari.
1769 2235 1940 2302 Aperi

299 2302 470 2376 nobis
499 2302 840 2358 festinanter
869 2309 1341 2376 monumentum,
1368 2304 1464 2359 ubi
1497 2305 1556 2359 in
1589 2303 1941 2376 negligentia

301 2375 507 2447 posita
528 2380 667 2430 sunt
688 2380 897 2429 nostrae
916 2374 1273 2447 reliquiarum
1305 2391 1405 2446 per
1426 2392 1530 2431 nos
1545 2374 1768 2447 aperiat
1788 2376 1941 2433 Deus

298 2446 356 2502 et
384 2446 647 2501 Christus
668 2448 797 2516 ejus
819 2451 876 2500 et
908 2446 1162 2516 Spiritus
1188 2458 1429 2501 sanctus
1451 2446 1667 2502 ostium
1691 2449 1943 2504 clemen-

297 2518 391 2574 tia
429 2533 547 2572 sum
577 2517 635 2571 in
671 2517 778 2573 hoc
810 2517 1051 2575 mundo.
1086 2519 1450 2573 Periclitatur
1478 2519 1633 2575 enim
1671 2520 1940 2575 saeculum

299 2589 411 2646 hoc
433 2604 502 2645 ex
525 2588 723 2645 multis
744 2589 980 2662 casibus
1003 2590 1103 2661 (b),
1119 2591 1219 2662 qui
1247 2590 1397 2644 ﬁunt
1414 2591 1471 2645 in
1488 2606 1553 2646 eo
1574 2592 1849 2662 quotidie.
1874 2593 1943 2647 Et

300 2677 418 2734 non
440 2666 669 2715 tantum
691 2659 976 2734 sollicitus
997 2659 1265 2734 sum'pro
1296 2659 1692 2734 me,quant‘um
1723 2679 1826 2734 pro
1847 2662 1940 2718 his

298 2733 401 2806 qui
420 2736 561 2806 sunt
580 2732 746 2801 positi
765 2732 1218 2806 mec_um,sancti
1230 2737 1288 2806 et
1309 2732 1474 2806 multi
1501 2732 1739 2789 honoris
1757 2735 1936 2806 digni.

369 2804 423 2859 3.
451 2804 517 2858 Et
546 2803 816 2873 respondi
850 2803 902 2859 ei
928 2803 1161 2858 dicens:
1187 2803 1327 2867 Quis
1357 2805 1513 2860 enim
1546 2821 1609 2860 es
1639 2811 1724 2870 tu,
1749 2803 1939 2861 domi-

297 2889 392 2949 ne,
408 2879 465 2929 et
482 2874 548 2949 hi
565 2874 674 2949 qui
693 2879 899 2949 tacum
923 2881 1065 2929 sunt
1080 2875 1109 2930 ‘t
1125 2875 1445 2949 Respondit
1468 2877 1609 2931 mihi
1634 2893 1648 2934 :
1676 2881 1785 2949 Ego
1810 2894 1940 2933 sum

296 2944 705 3016 Gamaliequui
732 2945 978 3000 Paulum
1012 2944 1335 3016 apostolum
1367 2948 1582 3003 Christi
1616 2944 1849 3016 nutrivi,
1882 2956 1942 3005 et

298 3016 505 3089 Legem
528 3014 711 3089 docui
745 3017 801 3071 in
832 3014 1170 3089 Jerusalem.
1217 3018 1283 3071 Et
1330 3019 1431 3089 qui
1476 3035 1699 3073 mecum
1747 3014 1841 3074 est
1879 3020 1937 3074 in

296 3086 564 3159 orientali
597 3091 754 3158 parte
773 3086 1370 3159 monumentijacens',
1387 3090 1509 3159 ipse
1528 3095 1616 3145 est
1640 3092 1893 3145 domnus
1919 3094 1935 3128 ¹

299 3174 467 3231 meus
485 3158 835 3229 Stephanus,
858 3159 958 3230 qui
987 3158 1280 3228 lapidatus
1303 3165 1393 3215 est
1414 3158 1448 3214 a
1467 3161 1687 3216 Judaeis
1705 3168 1762 3214 et
1785 3163 1939 3231 prin-

296 3230 525 3302 cipibus
550 3231 918 3285 sacerdotum
942 3231 1000 3285 in
1019 3231 1333 3286 Jerusalem
1360 3247 1462 3302 pro
1482 3233 1691 3287 Christi
1717 3230 1828 3287 fide
1853 3234 1935 3288 fo-

296 3303 380 3358 ris
412 3306 632 3373 portam
660 3318 790 3373 quas
810 3307 900 3357 est
931 3303 1001 3356 ad
1024 3302 1513 3373 aquilonem,qusa
1535 3304 1696 3359 ducit
1726 3305 1798 3358 ad
1829 3305 1940 3359 Ce-

297 3374 435 3429 dar:
469 3373 567 3428 ubi
596 3374 691 3428 die
721 3390 788 3428 ac
819 3379 985 3427 nocte
1008 3374 1193 3441 jacuit
1212 3375 1605 3443 projectus,ut
1625 3377 1937 3443 sepulturae

295 3461 416 3501 non
442 3446 693 3512 daretur,
727 3445 1051 3500 secundum
1078 3443 1417 3498 mandatum
1444 3445 1757 3514 impiorum
1787 3446 1939 3513 prin-

295 3518 518 3588 cipum,
541 3521 607 3588 ut
636 3533 670 3570 a
696 3516 833 3571 feris
864 3525 1311 3588 consumeretur
1329 3532 1542 3586 corpus
1563 3516 1711 3588 ejus.
1737 3516 1815 3569 Ex
1842 3516 1938 3569 Dei

298 3586 490 3643 autem
520 3586 818 3644 voluntate
848 3602 963 3642 non
996 3586 1183 3653 tetigit
1212 3603 1345 3642 eum
1379 3603 1561 3641 unum
1594 3602 1663 3641 ex
1696 3586 1937 3649 his,non

295 3659 439 3727 fera,
466 3675 579 3715 non
612 3660 754 3726 avis,
780 3674 894 3715 non
919 3661 1100 3713 canis.
1129 3658 1244 3730 Ego
1267 3657 1547 3713 Gamaliel
1580 3657 1940 3727 compatiens

295 3730 513 3786 Christi
544 3729 834 3796 ministro,
858 3735 916 3785 et
960 3729 1245 3786 festinans
1285 3730 1496 3785 habere
1529 3731 1849 3785 mercedem
1884 3734 1941 3785 et

296 3806 525 3875 partem
559 3818 691 3856 cum
724 3803 1080 3875 sanotoyiro
1116 3801 1176 3856 in
1224 3801 1354 3875 ﬁde,
1381 3801 1519 3875 misi
1557 3818 1678 3875 per_
1711 3804 1937 3856 noctem

296 3871 551 4001 ﬂuantos
573 3888 845 3955 noveram
875 3873 1200 3956 religiosus,
1224 3876 1280 3927 et
1300 3873 1359 3955 in
1392 3871 1623 3956 Christo
1648 3873 1790 3929 Jesu
1822 3889 1942 3927 cre-

340 3951 526 4001 antes.
543 3944 939 3999 habitantesin
954 3944 1276 4000 Jerusalem
1298 3960 1354 3998 in
1377 3945 1939 4001 medioJudaaorum.

340 3951 526 4008 entes,
543 3944 939 3999 habitantesin
954 3944 1276 4000 Jerusalem
1298 3944 1354 3998 in
1377 3944 1847 4000 medioJudaaoru
1861 3961 1912 3999 m
1926 3986 1939 4013 ,

295 4023 356 4073 et
387 4016 655 4072 hortatus
686 4032 815 4071 sum
851 4031 972 4082 eos,
1013 4020 1070 4071 et
1100 4017 1425 4070 necessaria
1458 4018 1795 4073 substantiae
1828 4018 1939 4070 mi.

295 4087 562 4155 nistravi,
597 4102 663 4143 ac
694 4088 957 4156 persuasi
1007 4086 1123 4141 illis
1153 4087 1236 4141 ire
1266 4092 1510 4156 occulte,
1544 4092 1607 4142 ut
1651 4092 1944 4155 portarent

295 4175 515 4230 corpus
531 4160 659 4229 ejus
684 4173 809 4213 meo
827 4157 1089 4230 vehiculo
1114 4158 1169 4213 in
1193 4157 1388 4212 villam
1413 4175 1622 4224 meam,
1649 4160 1756 4214 hoc
1773 4163 1859 4213 est
1883 4160 1940 4212 in

295 4229 763 4302 Caphargamiala
778 4229 955 4300 (quod
972 4229 1542 4302 interpretaturVilla
1558 4230 1940 4297 Gamalielis),

295 4301 506 4373 viginti
530 4301 717 4356 millia
744 4317 779 4355 a
809 4302 1036 4356 civitate
1070 4301 1311 4363 habens,
1337 4305 1393 4356 et
1425 4301 1505 4355 ibi
1537 4302 1642 4356 feci
1672 4302 1756 4356 illi
1782 4303 1939 4372 plan-

295 4380 458 4430 ctum
499 4374 621 4428 fieri
652 4374 862 4427 diebus
892 4374 1275 4445 quadraginta
1297 4374 1401 4445 'et
1442 4374 1680 4444 praecepi
1721 4389 1854 4428 eum
1885 4373 1942 4445 in

298 4461 432 4501 meo
456 4449 837 4501 monumento
860 4443 994 4516 poni
1028 4444 1085 4498 in
1106 4443 1371 4517 orientali
1401 4443 1588 4513 theca,
1610 4450 1667 4499 et
1700 4443 1943 4517 praecepi

295 4519 384 4572 eis
414 4532 798 4587 quaecumque
828 4515 1156 4571 necessaria
1187 4522 1349 4570 erant
1394 4532 1497 4584 pro
1541 4520 1670 4583 ejus
1703 4515 1944 4587 planctu

295 4589 369 4669 d_e_
403 4604 530 4669 meo
552 4587 676 4643 dari
713 4588 803 4669 (e)_.
841 4588 1174 4669 Ipse‘etiam
1227 4590 1487 4669 domnus
1507 4588 1942 4669 l‘licodemus‘in

294 4659 413 4716 alia
445 4660 615 4715 theca
647 4657 875 4730 positus
906 4663 1014 4723 est,
1037 4658 1133 4727 qui
1168 4657 1325 4712 venit
1354 4659 1423 4730 ad
1456 4660 1811 4713 Salvatnrem
1844 4659 1947 4714 Je-

296 4747 430 4786 sum
464 4727 664 4794 nocte;
685 4736 742 4785 et
791 4730 1217 4799 evangelizatus
1246 4733 1335 4782 est
1363 4727 1386 4762 ³
1423 4730 1493 4782 ab
1542 4746 1630 4794 eo,
1655 4731 1898 4783 audiens
1931 4745 1943 4784 :

294 4804 416 4859 Nisi
445 4805 566 4874 quis
595 4808 824 4857 renatus
853 4803 1027 4869 fuerit
1058 4817 1127 4855 ea:
1173 4816 1321 4870 aqua
1349 4806 1402 4874 et
1451 4803 1692 4874 Spiritus
1735 4807 1946 4874 sancto,

295 4891 418 4929 non
442 4872 628 4945 potest
655 4875 892 4927 introire
920 4874 979 4926 in
1011 4888 1242 4945 regnum
1265 4872 1525 4945 caelorum
1554 4873 1740 4945 (Joan.
1760 4889 1846 4934 ιιι,
1868 4873 1946 4937 5).

300 4950 370 5000 Et
408 4942 607 5000 eiiens
633 4946 964 5016 baptizatus
995 4953 1081 4998 est
1111 4960 1143 4996 ιι
1172 4942 1386 4997 Christi
1417 4943 1739 5012 discipulis.
1766 4945 1833 4997 Et
1853 4960 1950 4998 co-

300 5022 649 5089 gnoscentes
670 5015 851 5071 Judaai
874 5020 1219 5071 amoverant
1241 5030 1369 5089 eum
1397 5031 1432 5089 a
1462 5016 1946 5089 principatusuo,

298 5085 356 5146 Et
387 5085 1346 5152 anathematizaverunteum,etde
1385 5086 1616 5140 civitate
1647 5086 1948 5141 exsiliave-

300 5165 462 5218 runt.
498 5160 561 5216 Et
579 5160 734 5215 hunc
750 5176 852 5229 ego
874 5156 1149 5214 Gamaliel
1174 5157 1338 5228 quasi
1363 5157 1824 5228 persecutionem
1850 5174 1953 5228 pro

300 5232 534 5289 Christo
568 5248 836 5303 passum,
871 5229 1083 5286 sustuli
1120 5244 1254 5283 eum
1288 5229 1344 5283 in
1399 5245 1596 5283 meum
1645 5245 1874 5301 agrum,
1898 5233 1955 5285 et

367 5360 387 5396 ί
418 5359 557 5409 Editi
598 5359 689 5409 hic
732 5360 786 5408 et
831 5358 949 5408 aliis
978 5355 1300 5419 quibusdam
1343 5355 1492 5409 locis.
1523 5355 1786 5404 dominus
1816 5370 1829 5414 ;
1862 5369 1957 5418 pro

305 5436 416 5485 quo
445 5423 592 5480 Msa,
625 5422 883 5471 domnus.

333 5545 346 5559 .
372 5484 394 5518 ³
424 5485 510 5559 Sic
534 5498 721 5559 omnes
747 5484 869 5534 Mss.
919 5484 986 5532 At
1024 5481 1172 5540 editi,
1211 5481 1586 5544 septuaginta.
1636 5481 1791 5537 Beda,
1824 5495 1956 5543 qua-

306 5545 585 5612 draginta
610 5548 878 5610 quinque.
965 5609 976 5622 .
1159 5607 1170 5618 ⁸
1319 5608 1330 5619 .
1364 5608 1374 5619 .
1653 5607 1664 5619 ⁸

373 5612 394 5681 ξ
424 5613 513 5681 Ita_
526 5608 1125 5681 _in_manuscript1_s._At
1157 5620 1230 5681 in.
1250 5608 1424 5681 editis,
1457 5607 1827 5657 catechzsatus
1858 5612 1955 5656 est.

377 5674 454 5735 (a)
481 5674 574 5723 Die
601 5673 760 5724 tertio
787 5669 1079 5722 decembris
1107 5670 1235 5720 anni
1269 5669 1379 5735 415.

378 5733 443 5799 (ὁ)
476 5737 536 5785 Id
565 5735 961 5799 estplapsibus,
994 5735 1106 5799 sive
1128 5733 1384 5799 peccatis.

376 5795 453 5865 (ο)
480 5799 637 5855 Beda.
672 5795 770 5851 lib:
798 5798 1027 5848 Retract.
1056 5798 1113 5845 in
1141 5798 1312 5857 Acta,
1343 5810 1456 5858 cap.
1485 5795 1534 5847 8.

636 5891 903 5951 PATBOL.
946 5887 1098 5948 XLI.

2067 377 2209 432 duxi
2239 384 2302 431 ut
2330 381 2520 431 vestris
2562 376 2863 447 penderem
2912 375 3226 442 Sanctitati,
3278 392 3391 431 non
3429 376 3715 447 jactantia

2069 449 2332 520 quadam,
2363 448 2459 503 sed
2488 450 2560 501 ad
2590 449 3060 515 confirmationem
3090 449 3455 503 audientium.

2146 525 2197 574 2.
2236 523 2419 573 Tertia
2435 521 2577 573 enim
2592 522 2707 573 vice
2726 521 2858 573 mihi
2871 528 3142 573 ostensum
3156 527 3252 585 est,
3268 520 3390 573 dum
3414 523 3715 589 quiscerem

2067 595 2122 645 in
2157 592 2383 645 basilica
2417 590 2728 661 baptisterii
2758 594 2818 644 in
2847 597 3029 644 stratu
3076 606 3213 655 meo,
3247 590 3335 644 die
3381 602 3535 645 sexta
3564 595 3714 660 feria

2066 663 2440 727 illucescente,
2472 666 2617 716 circa
2649 664 2837 717 horam
2870 661 3049 716 noctis
3095 666 3337 727 tertiam,
3370 664 3497 715 dum
3529 666 3710 719 adhuc

2059 751 2237 805 prope
2265 734 2571 803 vigilarem.
2608 741 2872 803 tanquam
2904 736 2961 786 in
2993 749 3210 787 excessu
3240 737 3432 788 mentis
3463 736 3707 802 effertus,

2063 807 2180 859 vidi
2210 808 2387 859 vimm
2417 811 2581 859 aetate
2608 821 2806 870 senem,
2830 810 3048 859 statura
3080 820 3393 872 procerum,
3422 807 3580 859 vultu
3608 806 3713 861 de-

2065 893 2276 941 corum,
2303 879 2575 945 promissa
2599 877 2791 944 barba,
2823 878 2880 929 in
2906 878 3107 930 vestitu
3134 876 3392 940 candido,
3426 879 3706 937 amictum.

2055 950 2255 1019 pallio,
2278 951 2333 1001 in
2350 949 2509 1018 cujus
2529 950 2842 1002 summitate
2857 955 3016 1002 erant
3039 955 3302 1017 tanquam
3322 964 3506 1002 aurem
3526 964 3711 1003 cruces

2062 1023 2287 1074 intexta
2318 1026 2389 1087 (et
2417 1035 2586 1073 manu
2616 1021 2828 1073 tenebat
2858 1022 3071 1088 virgam
3102 1020 3371 1087 auream).
3403 1020 3710 1081 calceatum

2048 1093 2254 1160 "caligis
2282 1093 2345 1145 in
2372 1093 2658 1161 superﬁcie
2684 1091 2991 1158 deauratis,
3025 1090 3470 1144 deambulantem
3520 1105 3708 1146 coram

2059 1179 2164 1226 me,
2196 1171 2246 1216 et
2274 1168 2561 1216 tacentem.
2598 1164 2663 1216 Et
2693 1179 2812 1217 cum
2845 1164 2949 1216 hoc
2976 1162 3238 1224 viderem,
3273 1161 3532 1216 haesitans
3558 1164 3710 1217 intra

2046 1236 2435 1304 memetipsum
2465 1232 2713 1287 dicebam
2737 1252 2753 1287 :
2787 1236 2915 1298 Quis
2943 1239 3107 1303 putas
3129 1231 3253 1287 est?
3282 1233 3350 1287 de
3371 1235 3481 1287 Deo
3510 1240 3609 1291 est.
3632 1250 3705 1288 an

2058 1306 2124 1359 de
2172 1304 2402 1359 adversa
2443 1308 2659 1374 parte?
2704 1306 2806 1359 Nec
2845 1307 2990 1359 enim
3038 1305 3240 1359 oblitus
3288 1307 3505 1372 fueram
3549 1305 3705 1360 verbi

2060 1377 2311 1446 Apostoli
2340 1376 2588 1442 dicentis,
2623 1380 2766 1430 Nam
2800 1382 2858 1430 et
2889 1379 3008 1444 ipse
3058 1381 3296 1446 satanas
3329 1374 3709 1441 transﬁgurat

2059 1445 2121 1501 se
2152 1450 2208 1501 in
2242 1446 2515 1517 angelum
2552 1447 2697 1501 lucis
2727 1449 2798 1516 (ll
2835 1449 2956 1504 Cor.
2992 1464 3069 1513 xx,
3106 1447 3211 1516 14).
3250 1445 3382 1501 Cum
3402 1464 3533 1515 ergo
3553 1447 3705 1502 vide-

2057 1535 2171 1573 rem
2202 1535 2320 1573 eum
2352 1518 2813 1585 deambulantem,
2847 1522 3091 1587 cogitare
3121 1522 3260 1588 cazpi
3278 1521 3339 1572 in
3369 1518 3530 1573 corde
3561 1535 3703 1586 meo,

2059 1597 2111 1644 et
2135 1591 2318 1645 dicere
2344 1607 2355 1643 :
2390 1590 2450 1645 Si
2478 1591 2564 1644 hic
2595 1590 2752 1643 homo
2780 1590 2849 1644 de
2879 1592 2990 1644 Deo
3025 1596 3123 1651 est,
3158 1591 3325 1644 tertia
3361 1588 3479 1643 vice
3504 1606 3586 1643 me
3610 1606 3709 1644 no-

2052 1663 2201 1715 mine
2231 1677 2347 1715 meo
2377 1661 2637 1715 clamabit
2662 1677 2674 1713 :
2699 1662 2847 1730 quod
2875 1664 2922 1715 si
2948 1678 3032 1714 me
3050 1662 3215 1715 semel
3232 1662 3707 1725 vocitaverit,non

2044 1732 2143 1785 illi
2169 1732 2314 1786 dabo
2342 1747 2681 1801 responsum.
2717 1733 2822 1795 Qui
2866 1732 3007 1785 nihil
3036 1732 3318 1794 dubitans,
3350 1730 3709 1786 dissimulata

2052 1803 2503 1857 deambulatione
2531 1805 2679 1856 venit
2704 1803 2777 1856 ad
2804 1818 2922 1856 me:
2957 1809 3007 1856 et
3029 1803 3097 1856 de
3126 1805 3305 1873 virga,
3336 1818 3503 1871 quam
3539 1818 3708 1857 manu

2057 1872 2301 1943 tenebat,
2321 1874 2564 1944 pulsans
2592 1890 2694 1941 me,
2729 1877 2888 1928 tertio
2920 1890 3004 1928 me
3032 1877 3248 1928 nomine
3282 1872 3402 1928 meo
3429 1873 3706 1939 clamavit,

2039 1946 2239 1999 dicens
2266 1962 2283 1999 :
2313 1947 2578 2012 Luciane,
2600 1947 2856 2011 Luciane,
2886 1948 3147 1999 Lucianc.
3166 1947 3265 1999 Cui
3285 1961 3385 2013 ego
3403 1945 3703 2015 respondi:

2056 2018 2184 2080 Quis
2206 2016 2532 2082 es,domine?
2552 2016 2709 2069 Dixit
2727 2016 2881 2068 mihi:
2900 2016 3151 2084 Surge,et
3161 2016 3376 2080 vade,et
3396 2016 3483 2070 die
3501 2018 3709 2070 Joanni

2055 2089 2312 2155 episcopo
2341 2086 2802 2155 Jerosolymitano
2820 2103 2838 2139 :
2867 2087 3151 2155 Usquequo
3180 2086 3355 2139 clausi
3372 2101 3556 2141 sumus
3578 2088 3707 2155 ?us-

2054 2153 2270 2228 queque
2302 2173 2413 2209 non
2444 2159 2626 2226 aperis
2657 2154 2818 2210 nobis
2842 2159 2889 2228 ?7
2910 2153 3172 2228 maxime,
3196 2172 3317 2209 cum
3367 2153 3707 2225 temporibus

2055 2227 2163 2283 tuis
2184 2228 2471 2281 revelandi
2500 2229 2685 2282 simus.
2712 2227 2890 2297 Aperi
2909 2227 3069 2281 nobis
3090 2227 3345 2293 velocius,
3368 2232 3430 2281 ut
3453 2243 3559 2297 per
3578 2242 3705 2282 nos-

2055 2306 2198 2354 tram
2227 2302 2536 2353 orationem
2566 2301 2783 2368 aperiat
2833 2299 2968 2353 Deus
3009 2300 3199 2368 generi
3230 2298 3472 2352 humano
3504 2297 3706 2353 ostium

2052 2370 2443 2425 misericordia:
2470 2386 2601 2425 suae.
2634 2372 2814 2424 Instat
2845 2372 2987 2424 enim
3009 2377 3238 2439 tempus,
3264 2373 3325 2423 ut
3355 2368 3446 2423 hic
3465 2369 3701 2424 mundus

2052 2445 2309 2508 intereat,
2336 2458 2457 2513 prs:
2486 2442 2839 2513 multitudine
2884 2443 3247 2511 iniquitatum
3287 2456 3543 2513 suarum,
3564 2456 3703 2510 quas

2054 2514 2299 2584 quotidie
2326 2511 2567 2580 faciunt.
2589 2515 2661 2567 Et
2675 2512 2930 2584 posthac
2952 2516 3030 2567 ait
3053 2514 3209 2584 :fNon
3241 2511 3576 2567 solummodo
3596 2513 3704 2566 mei

2042 2583 2221 2640 causa
2251 2584 2518 2639 sollicitus
2548 2598 2687 2643 sum.
2720 2583 2814 2639 sed
2843 2590 2897 2637 et
2922 2600 3025 2653 pro
3045 2583 3156 2638 illis
3185 2585 3284 2652 qui
3300 2599 3507 2637 mecum
3526 2590 3657 2638 sunt
3680 2601 3698 2636 .-

2052 2657 2211 2725 digni
2230 2658 2375 2711 enim
2396 2662 2526 2710 sunt
2546 2657 2795 2709 maximis
2812 2656 3112 2710 honoribus
3133 2653 3409 2709 cumulari
3420 2657 3479 2707 in
3497 2655 3658 2708 terris
3677 2671 3699 2718 ;

2042 2731 2188 2798 'quia
2222 2729 2372 2781 locus
2401 2729 2460 2781 in
2490 2743 2598 2797 quo
2618 2727 2887 2795 jacemus,
2920 2727 3081 2781 valde
3108 2727 3391 2795 despectus
3419 2731 3516 2781 cst.

2123 2800 2176 2853 3.
2212 2800 2346 2853 Cum
2376 2796 2694 2867 haeciigitur
2736 2798 3022 2864 audissem,
3054 2800 3146 2853 aio
3193 2798 3267 2853 ad
3313 2813 3471 2852 eum:
3515 2796 3696 2851 Dicito

2049 2871 2204 2928 mihi,
2246 2870 2480 2936 domine,
2517 2876 2575 2923 tu
2602 2872 2723 2939 quis
2753 2885 2827 2929 es,
2859 2875 2912 2923 et
2936 2872 3034 2940 qui
3061 2876 3188 2924 sunt
3220 2869 3438 2923 tecum?
3457 2870 3531 2921 lit
3559 2867 3697 2921 dicit

2050 2942 2183 2995 mihi
2210 2958 2222 2994 :
2259 2943 2370 3009 Ego
2401 2957 2519 2995 sum
2539 2941 2826 3005 Gamaliel,
2860 2943 2956 3012 qui
2976 2943 3187 2995 nutrici
3201 2940 3436 2995 Paulum
3458 2940 3555 3008 qui
3570 2953 3703 3012 pos-

2052 3019 2140 3066 tea
2156 3012 2435 3082 apostolus
2457 3014 2638 3079 factus
2658 3019 2753 3066 est.
2780 3014 2884 3076 Qui
2902 3019 3084 3067 autem
3097 3012 3252 3081 jacet
3294 3026 3522 3072 mecum,
3546 3012 3699 3082 dom-

2050 3098 2155 3136 nus
2186 3081 2499 3152 Stephanus
2527 3089 2627 3148 est,
2651 3086 2797 3151 quia
2824 3083 3027 3138 Iudaeis
3046 3083 3393 3151 Jerosolymis
3415 3081 3694 3143 lapidatus

2048 3160 2148 3219 est,
2180 3161 2231 3225 et
2261 3154 2350 3208 die
2378 3161 2652 3223 noctuque
2680 3156 2740 3207 in
2756 3156 3015 3225 exapeleo
3032 3155 3218 3223 jacuit
3244 3155 3500 3219 civitatis,
3526 3153 3699 3225 invia

2048 3223 2307 3279 euntibus
2338 3225 2534 3291 Cedar,
2556 3225 2719 3293 jussu
2749 3223 3052 3296 impiorum
3081 3225 3429 3281 sacerdotum
3460 3223 3697 3295 projec-

2050 3303 2157 3361 tus,
2191 3302 2251 3349 ut
2283 3312 2317 3348 a
2346 3296 2526 3350 bestiis
2557 3304 2608 3350 et
2639 3295 3213 3352 avibus’devoraretur
3233 3295 3274 3352 ί.
3298 3298 3365 3350 Et
3387 3301 3570 3350 tamen
3598 3310 3695 3350 nec

2053 3365 2236 3420 bestiae
2267 3382 2406 3431 eum,
2432 3383 2528 3419 nec
2546 3383 2669 3420 aves
2686 3374 2909 3434 tangere
2926 3372 3415 3437 prasumpserunt.
3438 3368 3551 3434 Ego
3564 3381 3689 3437 vero

2048 3436 2317 3489 Gamaliel
2348 3452 2469 3488 cum
2499 3438 2698 3489 scirem
2726 3440 3047 3490 santitatem
3076 3435 3184 3490 viri
3211 3444 3264 3490 et
3291 3436 3453 3503 ﬁdem
3499 3442 3551 3488 et
3588 3435 3694 3489 de—

2046 3512 2319 3560 votionem
2348 3506 2486 3574 ejus,
2518 3507 2741 3560 credens
2771 3523 2854 3560 me
2868 3514 3088 3576 partem
3109 3523 3229 3561 cum
3246 3522 3308 3560 eo
3328 3508 3387 3576 in
3407 3520 3691 3559 resurrec-

2050 3580 2199 3631 tione
2229 3577 2447 3641 habere,
2474 3579 2598 3630 misi
2626 3578 2699 3630 ad
2728 3575 3009 3644 religiosos
3036 3579 3181 3631 viros
3212 3583 3265 3630 et
3295 3575 3499 3644 ﬁdeles,
3531 3591 3693 3628 man-

2048 3650 2187 3703 dans
2217 3654 2269 3701 et
2300 3647 2523 3702 dicens:
2557 3649 2779 3702 Nullum
2808 3647 3174 3717 formidantes
3203 3647 3525 3717 acquiescite
3555 3661 3690 3717 con-

2046 3721 2184 3775 siliis
2212 3722 2359 3784 meis,
2392 3726 2445 3772 et
2475 3720 2716 3785 colligite
2743 3715 2942 3789 corpus
2986 3721 3168 3773 sancti
3193 3715 3488 3787 Stephani,
3519 3723 3571 3770 et
3601 3715 3693 3770 de-

2048 3794 2191 3860 ferte
2249 3790 2321 3844 ad
2379 3793 2764 3858 possessionem
2827 3807 3019 3856 meam,
3071 3806 3237 3859 quam
3297 3790 3519 3842 nomine
3573 3802 3691 3843 meo

2050 3862 2327 3932 appellari
2359 3861 2807 3931 Caphargamala
2827 3879 2845 3915 :
2876 3868 2928 3915 et
2961 3863 3220 3930 deponite
3249 3876 3368 3914 eum
3398 3862 3459 3914 in
3488 3875 3693 3932 monu-

2049 3929 2233 3988 mento
2265 3948 2381 3986 meo
2411 3929 2550 3987 novo
2570 3929 2601 3996 ;’
2622 3940 2672 3987 et
2689 3935 2865 4001 facite
2893 3929 3157 3987 consueta
3176 3932 3441 3987 solemnia
3455 3946 3562 3999 per
3578 3929 3695 4001 dies

2050 4005 2443 4076 quadraginta.
2479 4006 2536 4057 in
2566 3999 2697 4074 ipsa
2714 4007 3072 4075 possessione,
3106 4020 3226 4073 quae
3257 4009 3334 4057 est
3356 4004 3415 4056 in
3432 3999 3694 4076 vigesimo

2049 4069 2296 4142 secundo,
2306 4076 2507 4145 lapide.
2542 4069 2611 4130 Et
2632 4069 2983 4145 quiscumque
3003 4078 3062 4128 in
3084 4069 3336 4144 eEcpensis
3362 4069 3697 4145 solemnibus

2050 4153 2278 4215 erogata
2306 4143 2540 4214 fuerint,
2583 4143 2658 4201 de
2694 4164 2811 4202 meo
2858 4143 3095 4216 praeberi
3143 4143 3371 4213 faciam.
3420 4143 3523 4198 Ille
3568 4160 3694 4199 vero

2050 4219 2212 4282 alius,
2246 4220 2341 4288 qui
2370 4234 2495 4272 eum
2524 4219 2622 4272 illo
2641 4218 2818 4287 jacet,
2852 4218 3173 4272 Nicodemus
3225 4232 3391 4285 nepos
3417 4230 3566 4270 meus
3596 4221 3696 4288 est,

2051 4294 2148 4360 qui
2178 4284 2347 4344 noctu
2377 4289 2450 4344 ad
2479 4284 2819 4344 Salvatorem
2848 4290 3121 4353 reniebat,
3154 4294 3215 4342 ut
3245 4284 3489 4360 veritatis
3521 4284 3699 4360 verba

2053 4358 2396 4430 agnosceret,
2430 4367 2482 4415 et
2509 4369 2889 4416 renasceretur
2934 4377 3034 4430 per
3081 4376 3283 4430 aquam
3332 4364 3383 4413 et
3431 4358 3698 4427 Spiritum

2051 4440 2321 4487 sanctum.
2356 4434 2459 4497 Qui
2487 4450 2607 4486 cum
2637 4450 2671 4487 a
2700 4434 2928 4487 Domino
2958 4432 3196 4487 audisset
3227 4432 3539 4501 baptizatus
3568 4434 3645 4485 est
3665 4446 3700 4483 a

2052 4506 2254 4558 sanctis
2287 4505 2553 4573 apostolis
2582 4506 2745 4559 Petro
2768 4512 2821 4559 et
2848 4506 3080 4559 Joanne.
3117 4506 3225 4558 Pro
3248 4519 3355 4572 quo
3372 4501 3700 4573 baptismate

2052 4572 2337 4643 indignati
2368 4581 2494 4629 sunt
2523 4578 2804 4644 principes
2831 4576 3173 4630 sacerdotum
3205 4575 3463 4629 adversus
3482 4572 3704 4628 Nicode-

2051 4653 2279 4711 mum,et
2310 4647 2630 4715 cogitabant
2647 4649 2896 4702 occidere
2921 4664 3039 4701 eum
3056 4664 3072 4700 :
3088 4646 3183 4700 sed
3194 4653 3425 4715 propter
3444 4645 3701 4699 honorem

2054 4734 2230 4772 meum
2261 4724 2313 4772 ct
2343 4734 2457 4772 rem
2479 4718 2498 4751 τ
2527 4721 3031 4787 consanguinitatis
3076 4734 3185 4771 non
3232 4719 3507 4783 fecerunt.
3541 4716 3703 4787 Atta-

2054 4806 2176 4842 men
2195 4791 2377 4859 plagis
2408 4805 2528 4843 eum
2558 4781 2763 4864 multis
2779 4781 3546 4864 afﬁcientes,semimortuam
3574 4781 3704 4864 reli-

2055 4856 2317 4929 querunt}
2343 4867 2394 4914 et
2424 4862 3050 4919 anathematizaverunt,
3072 4863 3122 4909 et
3138 4860 3289 4919 foras
3309 4856 3584 4929 civitatem
3606 4856 3706 4906 mi-

2055 4926 2269 4994 serunt,
2301 4932 2629 4999 diripientes
2658 4945 2869 4982 omnem
2899 4928 3262 4982 substantiam
3287 4927 3423 4994 ejus.
3445 4926 3557 4999 Ego
3577 4939 3704 4999 vero

2057 5009 2109 5055 et
2140 5003 2283 5055 hunc
2311 4994 2427 5067 feci
2449 5000 2667 5069 collegi,
2700 5007 2753 5053 et
2786 5002 2844 5052 in
2870 5001 3263 5068 possessionem
3284 5012 3459 5069 meam
3488 4994 3705 5053 deduci.

2052 5066 2382 5143 przecipiens
2411 5066 2786 5141 dispensatori
2810 5066 2943 5136 meo,
2976 5076 3037 5124 ut
3067 5068 3342 5139 quidquid
3366 5066 3710 5122 illinecessa-

2050 5176 2380 5232 perpetuam
2415 5168 2476 5215 in
2528 5168 2750 5232 Christo
2790 5168 2927 5215 Jesu
2954 5166 3218 5232 salutem:
3235 5166 3314 5232 _Et
3342 5164 3531 5232 incipit
3558 5174 3571 5210 ι
3604 5163 3713 5232 _Re-—

2058 5226 2388 5280 velationem
2420 5245 2562 5288 quae
2604 5231 2729 5279 nihi
2777 5239 2995 5279 ostensa
3039 5238 3135 5281 est,
3186 5228 3424 5288 dignum
3473 5226 3615 5273 duxi
3648 5232 3714 5288 ut

2058 5246 2388 5280 vetationem
2456 5246 2562 5277 uae
2604 5246 2729 5279 ηῑηι
2777 5246 2995 5279 ostensa
3039 5246 3135 5281 ειη,
3186 5246 3424 5288 argnum
3473 5246 3614 5273 αιωσι
3648 5246 3714 5274 αι

2058 5302 2269 5360 vestrae
2296 5246 2956 5360 pangeremgSanctitati.
2999 5292 3150 5360 Alius
3187 5287 3715 5360 vero_Germanensi_s

2060 5359 2186 5406 ante
2230 5351 2420 5409 annos,
2461 5358 2525 5405 ut
2572 5356 2802 5414 videtur,
2852 5358 3126 5404 sexcentos
3176 5354 3406 5414 scriptus
3448 5351 3716 5414 consentit

2060 5419 2381 5468 Floriacensi
2427 5419 2581 5471 libro.
2631 5412 2798 5480 quem
2838 5418 2926 5467 hic
2970 5416 3261 5477 sequimur.
3284 5412 3532 5480 Mutavit
3579 5412 3715 5480 torte

2063 5481 2465 5543 inscriptionem
2510 5474 2772 5543 Epistolas
2822 5480 2935 5541 ipse
2982 5474 3261 5536 Lucianus,
3309 5490 3429 5526 cum
3461 5474 3716 5537 Stephani

2067 5544 2323 5613 reliquias
2351 5544 2599 5613 Hymesio
2631 5544 3029 5613 transmitteret.
3139 5603 3179 5613 Π
3250 5602 3261 5613 _
3383 5600 3415 5613 ,Α
3513 5599 3525 5613 ο
3569 5600 3582 5613 ,

2129 5602 2578 5673 1_'Germanensis
2625 5607 2824 5673 eodem.
2850 5605 2912 5653 in
2956 5602 3442 5673 e.vapolijacuit_
3474 5602 3715 5673 civitate.

2066 5668 2200 5720 Inde
2227 5670 2538 5718 abstractus
2566 5677 2645 5717 est
2676 5670 2737 5717 in
2772 5667 2860 5716 ria
2888 5664 3151 5716 euntibus
3186 5665 3380 5722 Cedar,
3405 5664 3582 5722 jussu
3614 5664 3719 5712 im-

2065 5732 2669 5796 piorumisacerdotum.
2687 5739 2757 5796 rut
2780 5746 2815 5779 a
2834 5731 3020 5796 bestiis
3048 5738 3099 5778 et
3126 5730 3322 5779 avibus
3340 5727 3718 5776 decoraretur.

2134 5799 2148 5831 ¹
2188 5797 2248 5845 In
2277 5795 2624 5846 Germanensi
2651 5795 2796 5849 Μεε..
2828 5803 2875 5843 et
2894 5793 3061 5854 jura.

2994 5880 3402 5964 (Vingt-six.)
