4134 6198
426 200 548 265 811

434 334 559 393 alui
582 338 637 390 et
661 327 866 388 vestivi
896 342 1031 385 cum
1062 338 1253 398 usque
1284 324 1358 398 ad
1381 324 1560 398 tinem
1577 320 1705 377 vitae
1735 322 1887 398 ejus,
1910 322 2084 398 etde-

433 391 705 479 iuuctum
739 400 1056 479 honoriﬁce
1076 391 1314 479 sepelivi
1339 397 1511 479 ,ἱρείη
1530 391 2083 479 domnum§tepha-

433 494 602 536 num.
650 473 932 531 Similiter
976 475 1035 526 et
1063 464 1521 525 Abibasi'ﬁlius
1567 481 1733 522 meus
1780 464 2085 520 dilectissi-

432 566 588 614 mus,
614 548 715 618 qui
735 542 1351 618 mecum‘Baptismum
1371 538 1586 618 Christi
1610 536 1834 618 accepit
1863 537 1936 592 ab
1954 536 2083 607 ejus

432 611 764 691 discipulis,
779 613 991 691 viginti
1008 611 1303 691 annorum
1332 611 1613 691 existens,
1640 615 1777 665 ante
1801 623 1899 691 me
1926 624 2083 691 mor-

432 679 712 759 tuus'est,
743 679 802 743 δι
832 679 1098 759 sepultus
1144 685 1203 740 in
1235 682 1401 759 tertia
1448 682 1617 759 theca
1658 679 1980 759 excelsiori,
2024 680 2083 733 in

434 780 551 835 qua
595 766 653 818 et
681 752 788 832 ego
835 752 1189 835 ipse_p_ostea
1225 755 1560 835 defunctus,
1582 752 1894 835 applicitus
1926 765 2082 832 sum.

436 822 568 893 mea
593 822 906 889 vero'uxor
950 822 1139 885 Ethna
1167 827 1393 883 habens
1436 822 1671 891 nomen,
1706 827 1765 877 et
1804 822 2085 893 Selemias

440 892 872 980 primogenitae
904 899 1236 980 meus,quia
1257 897 1574 980 noluerunt
1592 894 1870 980 esse-fidei
1892 892 2085 980 (ξιιμ-ἱε-

437 964 482 1035 li
515 964 789 1040 cultEres,
809 975 868 1029 in
892 972 1007 1028 alia
1021 964 1159 1026 villa
1184 970 1390 1025 matris
1420 984 1533 1023 sua
1557 965 1772 1039 sepulti
1804 971 1959 1040 sunt,
1978 964 2085 1040 hoc

438 1034 530 1107 est
557 1048 616 1104 in
654 1034 1141 1116 Capharsemelia.
1166 1040 1526 1116 Interrogavi
1543 1034 1736 1116 autem
1758 1053 1862 1107 ego
1893 1034 2089 1091 humi-

439 1121 516 1177 lis
551 1110 847 1201 Luoianus
879 1114 1176 1241 presbgter
1215 1110 1454 1193 dicens:
1489 1111 1557 1166 Et
1588 1110 1688 1166 ubi
1729 1126 1831 1192 vos
1861 1123 2089 1179 quaere-

440 1209 578 1241 mus
597 1191 626 1241 ?
650 1192 758 1241 0m
790 1191 936 1241 dixit
967 1203 1044 1241 m1
1098 1203 1110 1239 ι
1136 1201 1151 1240 :
1179 1185 1241 1240 In
1268 1185 1460 1239 medio
1485 1183 1507 1217 ³
1532 1186 1786 1241 proastio
1807 1180 1963 1241 quod
1990 1194 2089 1241 po-

440 1209 578 1250 mus
597 1191 626 1246 ?
650 1191 758 1256 Qui
790 1180 936 1245 dixit
967 1180 1110 1242 mihi
1136 1201 1151 1240 :
1179 1185 1241 1240 In
1268 1185 1460 1239 medio
1485 1183 1507 1217 ³
1532 1180 1793 1256 proastio
1807 1180 1963 1256 quod
1990 1194 2089 1250 po-

440 1270 559 1321 test
590 1252 835 1333 intelligi
860 1258 1116 1333 proximo
1147 1259 1218 1312 de
1245 1256 1386 1333 villa
1415 1252 1575 1326 agro,
1607 1253 1707 1325 qui
1739 1252 1957 1308 dicitur
1988 1256 2092 1307 De-

442 1333 686 1407 lagabri,
719 1327 922 1407 idg'est,
950 1329 1217 1407 _Viror_um
1245 1327 1366 1383 Dei.

514 1392 569 1463 ἷί.
602 1392 989 1476 Είθνίεἱιάγί,
1017 1406 1075 1458 et
1099 1402 1441 1476 deprecatus
1479 1413 1608 1476 sum
1641 1393 1976 1476 Dominum,
1999 1392 2087 1476 di-_

442 1495 583 1535 cena
607 1496 621 1535 :
643 1467 884 1533 Domine
910 1467 1051 1530 Je'su
1075 1467 1323 1539 Christe,
1347 1472 1396 1527 si
1422 1474 1512 1525 est
1531 1470 1653 1524 hac
1679 1467 1823 1523 visio
1854 1482 1923 1522 ex
1950 1467 2093 1539 te,et

441 1567 561 1606 non
591 1554 682 1605 est
710 1547 929 1613 illusio,
950 1546 1041 1601 fac
1069 1550 1135 1599 ut
1154 1535 1366 1598 iterum
1400 1548 1457 1597 et
1482 1541 1656 1613 tertio
1689 1542 1966 1613 appareat
1987 1535 2093 1591 mi-

445 1621 509 1677 hi
540 1620 777 1691 quando
800 1611 991 1691 vis,'et
1012 1615 1300 1691 quomodo
1329 1614 1433 1669 vis.
1465 1612 1623 1691 βαξρί
1646 1627 1780 1691 ergo
1797 1611 2087 1680 jejunare,

449 1697 510 1747 et
538 1684 723 1747 s'iccaa
753 1684 1144 1744 escasdueere
1163 1686 1186 1719 ³
1212 1701 1397 1747 usque
1419 1684 1488 1738 ad
1510 1684 1686 1738 aliam
1711 1687 2089 1736 Parasceven.

449 1765 522 1818 Et
551 1762 763 1817 iterum
808 1760 1063 1814 domnus
1109 1751 1392 1811 Gamaliel
1440 1755 1642 1811 eadem
1686 1751 2089 1816 similitudine,

446 1835 771 1903 eodemque
799 1830 1091 1903 schemate
1121 1826 1389 1903 apparuit
1430 1825 1597 1903 mihi,
1629 1824 1782 1903 sicut
1808 1823 1869 1878 in
1902 1822 2093 1893 prima

442 1896 895 1969 visioneJdicens
919 1902 1138 1966 :Quare
1160 1896 1465 1968 neglexisti
1498 1897 1603 1969 ire,
1625 1896 2095 1969 egdicere_sanc-

443 1983 505 2034 to
528 1964 1033 2048 episcopoJoanni
1054 1970 1081 2025 ?
1106 1964 1305 2048 Etego
1336 1968 1608 2048 respondi
1636 1964 2095 2048 :'I_‘imui,dorni-

445 2064 539 2115 ne,
565 2035 698 2101 mox
715 2035 783 2099 ad
815 2046 1065 2115 primam
1088 2035 1370 2097 visionem
1397 2035 1517 2093 hinc
1541 2038 1831 2102 nuntiare,
1856 2052 1926 2115 n_e
1946 2035 2096 2115 viﬁde-

444 2107 540 2174 rer
563 2107 838 2174 seductor
855 2113 1368 2184 esse.Deprecatus
1389 2126 1517 2166 sum
1541 2114 1838 2184 autem,_ut
1858 2109 1904 2163 si
1925 2125 1955 2162 a
1986 2107 2095 2163 Do-

453 2189 615 2246 mino
647 2189 859 2244 missus
882 2180 1182 2241 fuisses—ad
1217 2199 1327 2251 me,
1350 2185 1536 2238 denuo
1559 2198 1625 2237 ac
1646 2180 1818 2236 tertio
1848 2195 2095 2250 appare-

449 2278 543 2317 res
574 2259 744 2316 mihi.
779 2258 928 2312 Dixit
958 2264 1150 2313 autem
1180 2257 1250 2310 ad
1283 2271 1377 2310 me
1401 2251 1682 2310 Gamaliel
1709 2268 1722 2309 :
1755 2252 2092 2321 Acquiesce,

448 2333 771 2401 acquiesco,
801 2331 1104 2401 acquiesco
1137 2326 1300 2401 mihi.
1325 2327 1391 2381 Et
1408 2328 1614 2401 iterum
1646 2324 1724 2378 ait
1746 2323 1888 2378 mihi
1913 2340 1927 2378 :
1952 2324 2097 2401 Quo-

450 2395 608 2461 niam
643 2395 940 2473 requisisti
973 2400 1045 2456 de
1085 2398 1349 2469 reliquiis
1389 2397 1754 2473 singulorum
1779 2395 2094 2473 quomodo

449 2482 509 2532 et
536 2474 637 2531 ubi
669 2465 790 2530 sint
822 2473 1056 2543 positas;
1081 2465 1680 2543 apponegsensumtet
1702 2466 1832 2521 vide
1854 2465 2099 2543 diligen-

450 2554 540 2603 ter
568 2562 693 2617 quas
722 2538 1264 2617 ostenduntur't’ibi.
1300 2540 1560 2617 Et_di_xi:
1596 2539 1807 2617 Etiam,
1840 2538 2093 2617 domine.

451 2624 527 2676 Et
572 2612 769 2673 statim
803 2613 998 2670 attulit
1027 2619 1279 2685 quatuor
1307 2612 1587 2685 calathos,
1626 2616 1743 2685 tres
1778 2624 2013 2685 aureos,
2040 2614 2099 2663 et

453 2706 640 2746 unum
671 2680 1210 2760 argenteum—Tres
1239 2701 1439 2739 eorum
1487 2682 1638 2760 pleni
1687 2686 1853 2760 erant
1890 2680 2047 2760 .rosis
2079 2695 2093 2734 :

454 2765 567 2819 duo
601 2752 892 2815 habebant
914 2758 1078 2812 albas
1109 2765 1363 2824 rosas,el
1388 2752 1592 2811 tertius
1620 2752 1981 2807 rubicundae
1996 2767 2096 2805 co-

454 2834 594 2889 loris
625 2830 931 2902 sanguinei
964 2845 979 2885 :
1034 2835 1289 2902 quartus
1314 2843 1442 2882 vero
1492 2824 2098 2902 calathusargenteus

457 2905 664 2976 pientis
694 2896 816 2957 erat
846 2916 1033 2976 croco
1053 2896 1212 2976 bene
1240 2899 1449 2976 olente.
1496 2898 1563 2976 Et
1596 2896 1789 2976 posuit
1807 2912 1930 2976 “09‘s
1964 2898 2097 2976 apte

459 2965 572 3046 tne.
607 2974 805 3046 Etego
836 2972 953 3028 dixi
985 2971 1076 3027 ei:
1109 2970 1257 3035 Quid
1278 2978 1414 3046 sunt
1436 2970 1556 3046 isti,
1579 2965 1834 3046 domne?
1866 2966 1931 3021 Et
1954 2965 2098 3020 dixit

457 3045 642 3101 mihi:
673 3037 925 3115 Lipsana
950 3048 1147 3098 nostra
1177 3040 1451 3104 sunt.Qui
1473 3057 1535 3115 ru
1549 3040 1677 3115 bras
1708 3037 1875 3115 habet
1908 3053 2093 3115 rosas,

456 3119 585 3190 ipse
614 3124 703 3172 est
740 3108 995 3190 domnus
1033 3114 1388 3190 stephanus,
1417 3110 1518 3181 qui
1550 3128 1583 3165 a
1622 3109 1839 3190 dextris
1872 3108 2095 3190 positus

453 3179 543 3245 est
580 3190 651 3244 ad
692 3186 976 3243 orientem
1018 3184 1093 3239 ab
1122 3179 1358 3240 introitu
1391 3179 2095 3237 monumenti.Secundus

453 3261 743 3329 calathus,
767 3259 1017 3313 domnus
1037 3255 1390 3329 Nicodemus
1410 3259 1515 3321 est,
1541 3252 1987 3329 posituscontra
2006 3266 2096 3329 os-

454 3333 623 3388 tium.
648 3322 806 3387 Un'us
833 3344 965 3384 vero
1004 3327 1272 3384 calathus
1302 3330 1633 3394 argenteus,
1666 3323 1883 3379 Abibas
1912 3327 1997 3377 est
2024 3322 2095 3394 ti-

451 3402 571 3459 lius
601 3418 792 3468 meus,
825 3400 896 3456 de
919 3404 1082 3456 utero
1110 3392 1447 3461 testimonii,
1480 3398 1531 3451 id
1556 3405 1634 3451 est
1668 3396 1906 3451 iteratus
1932 3394 1990 3468 in
2022 3392 2091 3449 le-

449 3491 541 3548 ge,
570 3465 988 3530 immaculatus
1034 3488 1104 3548 ex
1152 3478 1317 3548 utero
1365 3469 1569 3548 malris
1620 3484 1739 3521 sua:
1768 3465 2030 3548 excessit.
2064 3481 2095 3520 e

450 3537 691 3610 mundo,
716 3551 1020 3616 propterea
1037 3544 1095 3597 in
1119 3540 1557 3616 similitudinem
1586 3538 1806 3603 argenti
1830 3537 2093 3616 mundis-

449 3620 586 3675 simi
620 3608 905 3690 apparuit.
939 3614 1238 3690 Numquid
1281 3628 1402 3690 non
1426 3612 1878 3690 vid-eserocum,
1901 3608 2090 3690 quiin

449 3693 579 3761 ipso
609 3678 717 3755 est;
742 3686 1079 3761 suavissimi
1100 3678 1230 3761 esse
1247 3683 1440 3761 odoris
1460 3682 1488 3736 ‘l
1511 3681 1584 3761 Et.
1601 3679 1732 3761 ipse
1748 3678 1875 3747 conj
1887 3682 2094 3761 unctus

447 3749 535 3816 est
564 3749 952 3815 meo'oalatho
983 3760 1039 3813 in
1062 3756 1288 3813 excelso
1325 3756 1469 3821 loco,
1490 3751 1589 3807 ubi
1620 3751 1793 3805 ambo
1815 3749 2094 3819 positisu-

447 3848 581 3889 mus
613 3831 780 3903 quasi
814 3829 1060 3903 gemini.
1098 3829 1324 3884 Etcum
1363 3827 1477 3880 haec
1509 3822 1771 3889 dixisset,
1801 3824 1990 3876 denuo
2024 3836 2092 3875 ex

444 3902 809 3962 oculis’meis
837 3902 1093 3957 evanuit.

512 3977 567 4031 5.
600 3976 866 4046 Cumque
886 3971 1328 4046 expergefactus
1351 3966 1613 4046 luissem,
1631 3961 1960 4046 gratias‘eg‘i
1974 3960 2089 4017 Deo

443 4034 850 4115 omnipoteriti,
885 4050 943 4100 et
961 4034 1267 4115 'cori'suelis
1290 4038 1535 4115 jejuniis
1565 4051 1807 4115 operam
1832 4034 1964 4089 dedi
1989 4049 2088 4115 u_s_-

443 4134 556 4190 que
587 4107 658 4173 a'd
690 4107 1482 4190 tertiam,revelatione‘mLIn
1516 4109 1682 4190 tertia
1712 4107 1889 4190 igitur
1918 4107 2089 4175 septi-

443 4178 639 4256 mana,
669 4190 871 4246 eadem
899 4188 993 4243 die
1014 4194 1072 4243 et
1090 4182 1420 4256 hora,venit
1438 4180 1812 4256 supradictus
1828 4178 1915 4230 vir
1931 4191 2087 4232 com-

440 4250 676 4317 minans
705 4266 765 4317 et
802 4250 1245 4323 fremebundus,
1276 4260 1334 4310 et
1367 4250 1532 4309 dixit'
1552 4251 1696 4308 mihi
1729 4265 1741 4302 :
1777 4250 1961 4323 Quare
1990 4263 2087 4302 us-

440 4346 553 4401 que
584 4347 737 4387 nunc
759 4330 1165 4401 dissimulasti,
1188 4318 1514 4401 etnoiuisti
1540 4335 1796 4401 pergere,
1819 4318 2089 4401 et-dicere

439 4390 713 4470 episcopo
744 4399 955 4455 Joanni
990 4390 1474 4470 quar'tibidicta
1514 4390 1669 4470 supr
1697 4396 1752 4444 et
1801 4394 2036 4470 ostensa
2058 4390 2088 4446 ‘l

437 4463 623 4533 Quam
643 4463 1096 4525 excusationem
1130 4465 1375 4521 habebis
1395 4464 1553 4534 apud
1571 4463 1885 4527 Deum,aut
1907 4477 2082 4534 quam

437 4532 667 4612 veniam
704 4555 806 4612 pro
832 4538 954 4612 hoc
970 4540 1309 4612 contemptu
1343 4532 1604 4612 sperabis
1636 4536 1694 4612 in
1718 4534 1809 4612 die
1829 4532 2086 4612 iudicii?

435 4604 733 4683 Numquid
759 4626 874 4667 non
909 4610 1066 4683 vides
1095 4604 1572 4683 quanta__siccitas
1596 4610 1683 4683 est
1703 4609 1759 4683 et
1782 4604 2082 4683 tribulatio

433 4685 495 4740 in
528 4675 648 4740 toto
680 4682 904 4740 mundo
925 4681 953 4737 ‘l
998 4684 1068 4736 Et
1097 4675 1158 4736 t'u
1192 4677 1556 4749 negligenter
1587 4676 1745 4746 agis!
1782 4675 2082 4746 Numquid

433 4772 547 4813 non
571 4755 905 4812 consideras
937 4754 1076 4826 quia
1106 4750 1280 4808 multi
1305 4749 1573 4826 meliores
1604 4753 1659 4804 te
1682 4751 1821 4826 sunt
1843 4761 1946 4817 per
1960 4762 2083 4826 ere-

430 4844 598 4884 mum
625 4827 811 4884 sancti
845 4816 972 4893 viri;
1000 4841 1151 4896 quos
1182 4824 1758 4896 praetereuntes,__per
1802 4816 1859 4896 te
1889 4816 2083 4896 volui-

430 4916 567 4956 mus
596 4899 881 4956 inuotesci
902 4898 930 4953 ‘l
956 4888 1087 4953 ideo
1114 4888 1371 4967 namque
1403 4899 1459 4949 te
1490 4909 1559 4949 ex
1588 4888 1702 4947 alia
1726 4889 1785 4945 in
1818 4888 2081 4967 h_ao_villa

430 4970 725 5028 voluimus
755 4987 886 5027 esse
925 4961 1308 5029 sacerdotem,
1345 4969 1406 5020 ut
1450 4980 1551 5036 per
1594 4968 1649 5036 te
1669 4961 2081 5036 manifestare-

431 5059 585 5099 mur.
618 5042 877 5113 Exsurge
906 5040 1106 5113 igitur,
1138 5048 1195 5096 et
1219 5040 1383 5113 vade,
1416 5032 1471 5113 ei
1500 5032 1746 5113 dicilli,
1767 5037 1828 5088 ut
1858 5033 2082 5113 aperiat

431 5115 623 5181 nobis,
656 5122 714 5171 et
753 5104 1159 5168 faciat'locum
1212 5108 1519 5181 orationis,
1553 5110 1620 5161 ut
1668 5104 2080 5181 intgrcessione

430 5176 629 5241 nostra
661 5184 1011 5240 misereatur
1030 5181 1315 5237 Dominus
1347 5176 1560 5250 populo
1591 5193 1718 5233 suo.
1746 5176 1811 5250 Et
1837 5176 2077 5250 cum_a_d

427 5257 605 5312 verba
634 5257 763 5326 ejus
793 5253 1252 5326 intremuissem,
1286 5247 1456 5326 di'xi':
1490 5249 1611 5326 Non
1641 5247 1941 5318 negligens
1971 5248 2077 5314 lui,

428 5328 642 5383 domne
662 5320 766 5393 ini,
782 5326 879 5381 sed
901 5324 1273 5397 praestolabar
1289 5320 1525 5378 tertium
1543 5321 1857 5397 adventum
1884 5327 2073 5397 tuum.

426 5403 593 5456 Nunc
622 5391 760 5453 vero
780 5391 1179 5453 sine—crastina
1196 5394 1287 5449 die
1310 5391 1773 5464 pergam,omnia
1804 5407 1932 5462 quas
1960 5391 2071 5444 mi-

427 5470 486 5525 hi
509 5470 801 5527 mandasti
826 5468 1113 5523 dicturus.
1144 5467 1211 5521 Et
1248 5481 1381 5522 cum
1426 5464 1735 5531 indignans
1765 5465 2072 5517 adversum

425 5556 517 5596 me
540 5545 740 5609 staret,
773 5539 1009 5595 videbar
1036 5538 1179 5593 mihi
1214 5535 1384 5608 quasi
1417 5535 1475 5590 in
1519 5534 1700 5609 altero
1734 5532 1942 5589 mentis
1973 5548 2072 5609 ex-

424 5624 593 5666 cessa
615 5603 918 5667 devenisse
937 5603 1383 5680 Jerosolymam,
1406 5610 1463 5661 et
1479 5603 1650 5675 quasi
1668 5604 1725 5660 in
1755 5608 2072 5676 conspectu

545 5834 760 5897 vetere;
787 5834 928 5892 libri,
957 5836 1222 5897 Adbibas;
1252 5836 1359 5896 vel,
1389 5831 1638 5882 Abbibas.

496 5895 520 5929 2
547 5893 690 5942 Mss.
719 5893 787 5941 In
813 5909 945 5943 meo.

500 5960 522 5991 8
552 5954 637 6004 Sic
662 5953 785 6002 Mss.
816 5954 953 6005 Editi
980 5962 1176 6023 autem,
1205 5973 1438 6009 sumere.

1924 187 2340 251 APPENDIX.

3717 190 3843 255 813

2190 323 2577 397 riumifuisset,
2607 328 2919 397 prastaret.
2940 323 3044 397 Qui
3055 338 3177 379 cum
3186 323 3481 397 paululum
3502 328 3848 397 supervixis-

2190 403 2291 469 set,
2322 395 2584 469 dormivit
2612 398 2672 449 in
2704 396 2955 450 Domino.
2988 396 3155 460 Quem
3184 398 3293 463 feci
3319 396 3544 467 sepeliri
3564 395 3649 453 ad
3673 399 3846 469 pedes

2191 468 2337 522 beati
2365 466 2656 535 Stephani,
2692 474 2956 537 tanquam
2982 483 3088 536 pro
3120 470 3340 522 nomine
3366 466 3720 537 confessoris.
3742 472 3848 527 Ille

2192 555 2317 594 vero
2348 542 2562 602 tertius,
2594 540 2689 609 qui
2716 555 2928 592 mecum
2962 540 3138 608 jacet,
3172 540 3287 609 ipse
3314 546 3391 595 est
3440 542 3646 596 Abibas
3691 543 3845 610 ﬁlius

2194 626 2362 678 meus,
2389 613 2487 682 qui
2513 624 2722 684 mecum
2744 612 2964 679 pariter
2994 610 3232 665 credidit
3264 610 3472 667 Christi
3521 617 3844 684 preceptis,

2195 689 2247 738 et
2275 700 2483 738 mecum
2507 682 2730 750 pariter
2761 684 3097 751 Baptismum
3127 688 3440 738 consecutus
3468 682 3547 738 est
3577 701 3612 738 a
3636 682 3849 741 sanctis

2199 756 2505 824 Apostolis,
2552 755 2886 826 vigesimum
2925 755 3145 808 circiter
3192 770 3356 823 agens
3399 771 3630 820 annum,
3688 757 3849 826 Legis

2198 826 2431 881 multam
2461 827 2662 881 habens
2692 824 2998 897 scientiam,
3029 830 3209 897 castus
3256 842 3508 897 corpore,
3539 834 3592 882 et
3631 824 3845 883 nullam

2199 897 2448 953 mulieris
2471 901 2652 969 sciens,
2671 894 2985 969 maculam:
3013 896 3108 951 sed
3135 894 3368 967 semper'
3386 900 3589 969 templo
3618 901 3720 954 Dei
3738 916 3849 955 va-

2200 985 2333 1024 cans
2362 986 2482 1024 cum
2512 968 2688 1026 Paulo
2717 967 2987 1037 discipulo
3017 984 3155 1022 meo.
3205 967 3567 1025 Pra’cesserat
3597 973 3743 1025 enim
3771 972 3851 1027 ad

2200 1042 2367 1095 Deum
2400 1041 2784 1096 immaculatus
2815 1040 2916 1107 (a).
2949 1040 3124 1093 Juxta
3152 1054 3310 1108 quem
3344 1044 3360 1077 ¹
3387 1044 3566 1112 positi
3600 1050 3731 1097 sunt
3776 1043 3849 1098 de

2240 1112 2402 1167 uibus
2430 1129 2605 1184 supra
2637 1114 2848 1184 locutus
2877 1127 3016 1184 sum,
3055 1127 3178 1165 cum
3208 1112 3407 1181 quibus
3436 1120 3490 1167 et
3518 1130 3616 1182 ego
3653 1115 3845 1183 jaceo.

2250 1201 2337 1238 am
2366 1181 2574 1256 conjue:
2601 1182 2937 1256 meaiEthna
2968 1181 3493 1256 1letprimogenitus
3529 1181 3677 1240 meus
3696 1186 3848 1254 ﬁlius

2204 1254 2483 1322 Selemias,
2515 1257 2615 1323 qui
2641 1255 2941 1309 noluerunt
2969 1255 3029 1307 in
3051 1254 3329 1309 Christum
3359 1256 3602 1323 credere,
3622 1273 3853 1313 recesse-

2203 1334 2336 1383 runt
2365 1344 2399 1382 a
2428 1325 2608 1399 nobis,
2640 1332 2694 1399 et
2723 1325 2784 1380 in
2816 1327 3156 1399 possessione
3197 1342 3297 1382 sua
3334 1334 3591 1383 materna
3646 1330 3853 1399 sepulti

2202 1406 2351 1466 sunt,
2384 1416 2504 1469 qua:
2535 1397 2983 1469 Capharselemia
3009 1396 3220 1451 dicitur
3240 1414 3259 1452 :
3279 1400 3413 1468 quia
3432 1399 3652 1469 indigni
3673 1396 3853 1456 habiti

2200 1476 2329 1543 sunt
2359 1473 2620 1526 societate
2649 1474 2859 1543 nostra.
2898 1469 2965 1523 Ut
2993 1474 3177 1543 autem
3205 1469 3416 1536 credas,
3455 1487 3579 1525 cum
3620 1475 3853 1543 caperis

2200 1542 2412 1611 fodere,
2442 1544 2683 1597 invenies
2712 1541 2887 1595 locum
2918 1542 3109 1594 uxoris
3139 1557 3269 1596 meae
3287 1548 3339 1596 et
3358 1543 3465 1610 ﬁlii
3492 1541 3745 1598 vacuum.
3779 1546 3852 1599 Et

2202 1616 2284 1669 ita
2313 1621 2373 1669 ut
2403 1617 2549 1668 dixit
2578 1615 2904 1668 invenimus.
2935 1613 3004 1666 Et
3033 1628 3155 1667 cum
3184 1629 3284 1681 ego
3312 1616 3646 1670 miserrimus
3676 1618 3854 1670 inter-

2202 1702 2498 1755 rogassem,
2522 1686 2742 1740 dicens:
2775 1683 2877 1739 Ubi
2905 1698 2996 1738 vos
3036 1686 3390 1749 invenientus,
3424 1685 3689 1741 domine?
3717 1687 3858 1741 dicit

2200 1760 2370 1811 mihi:
2401 1759 2469 1811 In
2492 1758 2831 1827 possessione
2859 1771 2981 1808 mea
3010 1757 3256 1827 invenies
3276 1772 3396 1822 nos,
3420 1773 3542 1826 qua
3570 1773 3720 1812 nunc
3749 1759 3860 1812 lin-

2200 1845 2313 1898 gua
2354 1826 2585 1897 Syriaca
2621 1828 2825 1882 dicitur
2871 1826 3233 1881 Delanlabria
3257 1827 3298 1893 ³,
3344 1831 3457 1884 sive
3502 1828 3854 1896 Debathalia,

2201 1900 2351 1970 quod
2377 1904 2780 1970 interpretatur
2809 1900 3075 1952 Possessio
3103 1900 3348 1954 virorum
3380 1902 3499 1967 Dei,
3529 1902 3642 1956 sive
3674 1898 3854 1956 bella-

2205 1979 2385 2097 torqm
2416 1973 2456 2025 ⁴.
2486 1974 2552 2056 Iit
2583 1987 2703 2025 cum
2731 1971 2847 2025 haec
2876 1972 3063 2024 omnia
3094 1971 3466 2041 prasdixisset,
3509 1975 3736 2026 evanuit
3779 1989 3856 2028 ea:

2205 2059 2304 2097 ocu
2334 2060 2376 2097 is
2404 2059 2556 2097 meis.

2203 2059 2376 2098 oculis
2404 2059 2536 2097 mets
2544 2085 2556 2096 .

2273 2115 2327 2168 4.
2361 2115 2473 2183 Ego
2497 2130 2624 2168 vero
2648 2120 2774 2184 post
2804 2114 2946 2169 hanc
2975 2116 3231 2169 visionem
3247 2116 3486 2180 surrexi,
3518 2121 3571 2169 et
3594 2123 3854 2186 prostra-

2206 2193 2292 2240 tus
2321 2186 2584 2249 orationi,
2616 2187 2811 2255 rogavi
2840 2186 3058 2239 Domini
3098 2186 3550 2249 misericordiam,
3581 2193 3636 2241 et
3677 2188 3805 2243 dixi
3834 2205 3857 2242 :

2204 2260 2433 2312 Domine
2459 2259 2606 2321 Jesu,
2638 2260 2684 2312 si
2713 2257 2822 2310 haec
2851 2258 3115 2311 revelatio
3143 2259 3252 2312 sive
3280 2260 3418 2312 visio
3454 2274 3524 2312 ea:
3562 2259 3857 2314 voluntate

2206 2336 2305 2384 tua
2331 2337 2430 2395 est,
2458 2335 2665 2398 praesta
2693 2334 2751 2382 ut
2783 2331 2981 2382 iterum
3011 2335 3062 2382 et
3094 2331 3258 2383 tertio
3278 2332 3664 2398 manifestetur
3692 2332 3856 2396 mihi,

2205 2407 2267 2455 ut
2295 2403 2529 2468 conﬁsus
2555 2400 2892 2467 fiducialiter
2919 2402 3245 2455 annuntiem
3275 2402 3664 2456 reuelationem
3680 2404 3857 2458 Sanc-

2205 2479 2390 2526 torum
2417 2479 2657 2527 tuorum.
2683 2473 2753 2526 Et
2781 2473 2919 2540 cmpi
2964 2486 3034 2525 ea:
3079 2471 3182 2526 illa
3234 2471 3324 2526 die
3371 2474 3660 2543 jejunare,
3686 2480 3740 2528 et
3780 2472 3856 2528 ab

2205 2544 2456 2598 omnibus
2486 2560 2568 2597 me
2599 2543 2893 2608 abstinere,
2927 2550 2977 2597 et
3003 2550 3213 2613 prater
3249 2560 3454 2613 panem
3502 2552 3555 2599 et
3591 2544 3765 2600 salem
3796 2548 3858 2600 in

2205 2632 2384 2669 escam
2415 2615 2497 2669 nil
2520 2630 2748 2676 sumere,
2781 2619 2834 2668 et
2864 2629 3066 2682 aquam
3096 2615 3295 2681 bibere,
3334 2617 3477 2669 sicut
3531 2617 3765 2672 solemus
3796 2619 3855 2670 in

2204 2687 2393 2742 diebus
2422 2692 2625 2740 sanctae
2651 2685 3091 2753 Quadragesimz
3120 2689 3322 2754 facere.
3355 2688 3676 2757 Insequenti
3722 2705 3857 2744 vero

2205 2765 2363 2813 sexta
2389 2760 2536 2825 feria
2558 2758 2740 2811 denuo
2768 2759 2915 2811 venit
2943 2763 3164 2812 sanctus
3192 2758 3464 2813 Gamaliel
3493 2762 3552 2813 in
3594 2762 3717 2828 ipso
3748 2761 3851 2814 ha-

2209 2831 2342 2889 bitu,
2373 2832 2511 2883 sicut
2537 2832 2698 2899 prius
2727 2835 2971 2895 venerat,
3004 2835 3056 2883 et
3098 2830 3154 2884 in
3192 2832 3313 2899 ipsa
3353 2833 3529 2885 noctis
3570 2831 3733 2891 hora.
3765 2849 3853 2887 me

2207 2902 2436 2955 necdum
2465 2901 2627 2955 valde
2656 2907 2913 2969 saporato
2943 2917 2965 2965 ;
2994 2906 3043 2954 et
3069 2899 3207 2954 dicit
3238 2901 3409 2957 mihi:
3455 2903 3636 2966 Quare
3680 2903 3857 2958 dissi-

2206 2972 2455 3036 mulasti,
2478 2972 2795 3026 charissime
2822 2974 3024 3039 frater,
3057 2978 3108 3025 et
3140 2988 3249 3027 non
3278 2974 3582 3042 perremisti
3609 2981 3661 3028 et
3698 2981 3859 3030 retu-

2208 3044 2321 3098 listi
2347 3045 2555 3098 Joanni
2584 3046 2839 3113 episcopo
2862 3047 2890 3097 ?
2918 3044 3194 3115 Numquid
3214 3059 3327 3098 non
3352 3044 3502 3099 vides
3522 3050 3859 3115 quantasic-

2206 3118 2340 3169 citas
2361 3122 2437 3169 est
2467 3130 2635 3185 super
2665 3121 2870 3169 terram
2901 3122 2951 3168 et
2973 3114 3257 3170 tribulatio
3290 3118 3349 3170 in
3369 3123 3485 3171 toto
3504 3114 3707 3172 mumlo
3728 3124 3757 3171 ?
3784 3120 3856 3173 Et

2205 3193 2266 3241 tu
2296 3187 2639 3255 negligenter
2668 3187 2830 3255 agis!
2863 3186 3038 3253 Surge
3065 3188 3259 3255 igitur,
3291 3193 3342 3241 et
3371 3188 3529 3251 vade,
3559 3195 3613 3243 et
3643 3190 3735 3244 die
3766 3191 3855 3244 illi

2204 3264 2266 3312 ut
2296 3260 2515 3327 aperiat
2544 3255 2721 3320 nobis,
2754 3263 2804 3310 et
2830 3260 3011 3326 faciat
3040 3257 3217 3312 locum
3234 3261 3525 3325 orationis,
3548 3266 3608 3314 ut
3629 3277 3735 3331 per
3765 3263 3856 3314 in-

2205 3331 2580 3384 tercessionem
2608 3331 3201 3401 nostrammisereatur
3221 3332 3485 3385 Dominus
3502 3332 3713 3401 populo
3733 3348 3852 3387 suo.

2203 3403 2321 3469 Ego
2352 3416 2479 3455 vero
2510 3402 2599 3454 aio
2629 3400 2706 3454 ad
2728 3416 2847 3453 eum
2868 3417 2887 3453 :
2918 3402 3039 3455 Non
3069 3404 3152 3470 egi
3170 3400 3604 3467 dissimulanter,
3637 3403 3858 3458 domine

2202 3476 2278 3525 mi
2296 3490 2317 3537 ;
2344 3472 2437 3526 sed
2461 3474 2657 3541 rogavi
2685 3473 2995 3539 Dominum,
3028 3478 3078 3526 et
3108 3472 3248 3536 dixi,
3282 3474 3508 3528 Domine
3531 3475 3682 3541 Iesu,
3710 3478 3760 3530 si
3787 3492 3861 3530 ea:

2203 3550 2256 3597 te
2285 3550 2362 3597 est
2387 3544 2499 3598 haec
2529 3543 2815 3609 revelatio,
2842 3543 3082 3598 secundo
3112 3550 3162 3598 et
3192 3546 3360 3599 tertio
3389 3553 3665 3615 appareat
3694 3548 3857 3600 mihi.

2200 3616 2269 3668 Et
2292 3631 2462 3681 nunc,
2494 3615 2732 3678 domine,
2763 3630 2884 3668 ecce
2912 3615 3150 3669 secunda
3178 3617 3293 3670 vice
3321 3618 3538 3682 venisti,
3580 3624 3633 3671 et
3663 3618 3863 3685 laetiﬁ-

2200 3689 2344 3766 casti
2370 3703 2495 3766 mea:
2524 3688 2570 3741 si
2594 3692 2776 3766 autem
2809 3688 2977 3766 tertio
2991 3689 3234 3766 veneris,
3259 3688 3485 3757 plenius
3511 3704 3597 3742 me
3635 3690 3863 3743 exhila-

2202 3758 2381 3830 rabis.
2436 3759 2678 3826 Cumque
2726 3758 2838 3811 hac
2865 3758 3130 3824 audisset,
3162 3758 3230 3813 de
3278 3775 3448 3814 manu
3492 3759 3857 3830 signiﬁcavit,

2198 3828 2386 3883 dicens
2411 3844 2429 3881 :
2457 3830 2710 3897 Ignosco,
2742 3830 2983 3897 ignosco,
3018 3832 3261 3898 ignosco.
3294 3832 3365 3885 Et
3393 3847 3515 3885 cum
3546 3828 3662 3886 haec
3680 3831 3861 3887 dia-is-

2199 3906 2300 3973 set,
2333 3900 2466 3954 dicit
2497 3901 2630 3953 mihi
2654 3916 2666 3953 :
2696 3899 2869 3973 _Audi,
2899 3901 3204 3973 presbyter.
3238 3901 3337 3955 Cui
3363 3919 3465 3971 ego
3493 3903 3780 3973 respondi,
3801 3911 3858 3958 et

2197 3970 2319 4024 diri
2342 3988 2353 4025 :
2386 3973 2649 4041 Loquere,
2673 3971 2891 4025 domine
2917 3975 3049 4041 quia
3061 3971 3247 4028 audio.
3270 3974 3337 4027 Et
3357 3970 3490 4028 dicit
3504 3970 3666 4039 mihi,
3709 3974 3857 4037 Quia

2199 4042 2467 4098 haesitasti
2494 4046 2552 4096 in
2583 4044 2767 4096 animo
2800 4049 2919 4105 tuo,
2948 4043 3153 4099 dicens.
3189 4045 3250 4099 Si
3266 4046 3441 4113 fuerit
3471 4051 3531 4099 ut
3563 4048 3850 4100 inveniam

2198 4114 2396 4179 locum,
2422 4120 2588 4183 putas
2613 4116 2672 4167 in
2713 4130 2826 4168 uno
2877 4115 2994 4169 loco
3030 4116 3243 4184 positos
3293 4132 3478 4171 omnes
3522 4118 3852 4171 inveniam?

2197 4186 2356 4250 Quod
2381 4188 2429 4240 si
2455 4188 2536 4239 ita
2564 4187 2825 4253 evenerit,
2856 4186 3311 4256 quemadmodum
3317 4194 3516 4257 potero
3535 4187 3850 4243 discernere

2194 4258 2457 4327 reliquias
2484 4258 2877 4328 singulorum?
2902 4258 3031 4312 Haec
3055 4273 3187 4326 ergo
3203 4260 3359 4312 intra
3380 4261 3723 4328 temetipsum
3744 4276 3849 4314 co-

2194 4329 2425 4397 gitabas.
2460 4327 2566 4381 Cui
2593 4345 2693 4396 ego
2724 4344 2928 4397 negare
2956 4344 3067 4382 non
3089 4331 3286 4399 potui;
3334 4337 3387 4384 et
3424 4330 3547 4384 dixi
3565 4327 3585 4384 ξ
3644 4332 3846 4385 νει-ωτι

2193 4406 2294 4463 est,
2325 4400 2563 4463 domine,
2588 4401 2669 4452 ita
2698 4400 2978 4454 solvebam
3008 4402 3067 4454 in
3096 4402 3282 4454 animo
3298 4418 3434 4455 meo.
3458 4402 3656 4457 Omnia
3676 4405 3845 4469 nosti,

2192 4476 2242 4523 et
2275 4471 2494 4543 nihilte
2525 4469 2679 4543 (alet.
2710 4472 2779 4523 Et
2810 4470 2943 4543 dicit
2973 4472 3107 4525 mihi
3131 4490 3143 4526 :
3174 4473 3294 4526 Non
3322 4487 3528 4536 sumus,
3561 4479 3623 4527 ut
3648 4481 3846 4543 putas,

2190 4543 2247 4594 in
2278 4557 2386 4595 uno
2416 4541 2533 4595 loco
2550 4542 2722 4610 positi
2739 4560 2760 4605 ;
2790 4542 2884 4596 sed
2904 4546 3280 4612 unusquisque
3301 4550 3549 4599 nostrum
3578 4541 3737 4599 suum
3761 4544 3850 4599 lo-

2187 4628 2321 4685 cum,
2344 4612 2526 4668 habet.
2559 4613 2954 4668 Animadverte
2984 4616 3170 4684 itaque
3198 4630 3319 4685 quae
3358 4615 3483 4670 dico
3512 4614 3630 4682 tibi,
3664 4622 3719 4669 et
3750 4619 3850 4669 in-

2190 4684 2351 4739 tende
2380 4686 2585 4738 animo.
2624 4687 2689 4738 Et
2718 4686 3013 4754 respiciens
3053 4685 3170 4739 vidi
3227 4688 3607 4741 attendentem
3639 4704 3845 4742 manus

2187 4771 2313 4810 suas
2343 4755 2416 4810 ad
2445 4757 2656 4828 malum,
2689 4764 2740 4809 et
2772 4763 3044 4811 orantem.
3078 4759 3148 4812 Et
3174 4760 3366 4812 statim
3410 4757 3669 4828 deposuit
3714 4759 3847 4813 inde

2187 4834 2426 4897 quatuor
2445 4827 2711 4895 calathos,
2729 4833 2835 4882 tres
2852 4843 3069 4894 aureos,
3092 4834 3143 4901 et
3166 4844 3336 4883 unum
3353 4827 3701 4899 argenteum,
3716 4830 3847 4901 ple-

2187 4915 2285 4954 nos
2314 4902 2454 4954 rosis
2473 4917 2490 4952 :
2520 4905 2572 4953 et
2603 4916 2744 4953 unus
2774 4916 2842 4953 ea:
2869 4902 3003 4970 ipsis
3042 4899 3242 4970 plenus
3285 4907 3409 4955 erat
3449 4917 3633 4956 croco.
3689 4899 3844 4958 Unus

2185 4986 2314 5025 vero
2344 4970 2411 5025 de
2441 4972 2618 5025 tribus
2640 4972 2874 5026 calathis
2903 4971 3161 5026 rubentes
3190 4970 3352 5025 valde
3399 4988 3550 5027 rosas
3598 4970 3843 5030 habebat

2186 5048 2449 5112 tanquam
2480 5044 2822 5111 sanguinem,
2856 5058 3014 5112 quem
3042 5049 3096 5097 et
3121 5042 3193 5097 ad
3222 5041 3508 5098 dexteram
3536 5060 3715 5100 meam
3732 5061 3839 5114 po-

2245 5141 2263 5175 ί
2296 5140 2381 5189 Sic
2408 5139 2756 5189 Flor-incensis
2783 5141 2967 5190 codex.
2997 5142 3067 5189 AI:
3106 5140 3499 5197 Germanensis.
3537 5151 3591 5189 et
3615 5157 3839 5192 mecum

2172 5202 2407 5268 pariter:
2421 5203 2775 5268 Baptismum
2808 5211 3130 5268 consecutus
3167 5212 3249 5251 est
3294 5219 3332 5253 a
3362 5204 3674 5268 praedictis
3701 5207 3841 5267 Apo—

2177 5265 2352 5330 stolis.
2382 5266 2525 5330 Nam
2571 5265 2899 5330 vigesimum
2947 5266 3170 5330 circiter
3197 5265 3635 5330 agens—annum,
3668 5265 3841 5330 Legi:

2170 5328 2565 5389 plenissimam
2592 5327 2795 5375 habens
2815 5327 3126 5389 scientiam,
3158 5327 3318 5389 virgo
3342 5338 3393 5378 et
3420 5330 3615 5378 animo
3643 5337 3697 5378 et
3721 5327 3841 5379 ebr-

2171 5399 2409 5457 pore._et
2426 5390 2657 5457 nullum
2687 5389 3149 5457 mulieris_scie_ns
3168 5401 3471 5457 peccatum,
3501 5392 3596 5440 sed
3620 5407 3842 5457 semper

2182 5454 2385 5514 templo
2416 5452 2516 5500 Dei
2548 5467 2750 5519 vacans
2779 5467 2907 5502 cum
2943 5453 3123 5502 Paulo
3150 5452 3593 5519 discipulorum,
3624 5452 3840 5519 qui'po.

2179 5524 2298 5565 stea
2350 5515 2633 5575 apostolus
2672 5516 2880 5577 factus,
2930 5517 3233 5580 praecessit
3280 5515 3354 5566 ad
3405 5518 3607 5570 Deum.

2218 5593 2360 5632 uem,
2479 5614 2491 5626 .

2180 5594 2212 5714 lg
2244 5581 2668 5714 {tier-igneum
2692 5641 2876 5701 codex,
2916 5642 3107 5691 Athea.
3144 5643 3296 5693 Alius
3324 5643 3705 5695 Germanensis
3736 5658 3835 5695 ve-

2181 5703 2395 5759 tustior,
2440 5703 2489 5751 E
2496 5717 2645 5751 mna.

2243 5766 2263 5830 ξι
2295 5765 2444 5830 Iidem,
2466 5764 2840 5830 Germanensis
2867 5768 3050 5830 codex,
3082 5766 3445 5830 Delagabria.

2239 5828 2263 5861 ι
2294 5827 2405 5891 Ago
2432 5828 2488 5891 in
2518 5828 2914 5891 Martyrologio,
2944 5827 3246 5880 beatorum.

2240 5889 2561 5955 (a)_Pl_ioti_us
2588 5891 2644 5955 in
2661 5889 3010 5955 Bibliotheca,
3059 5894 3173 5944 cod.
3206 5892 3315 5950 171,
3363 5892 3596 5943 sectione
3632 5893 3829 5955 altera,

2178 5952 2232 6000 et
2257 5952 2369 6002 Ado
2397 5951 2454 6001 in
2483 5952 2876 6017 Martyrologio,
2908 5956 3001 6018 qui
3027 5957 3190 6007 etiam
3218 5956 3494 6020 sequentia
3519 5956 3702 6007 refert.

3653 5520 3839 5568 Juxta
