4134 6198
325 230 446 294 813

327 363 619 420 adstarem
647 361 920 434 episcopo
949 359 1183 434 Joanni,
1206 376 1451 434 narrans
1470 359 1522 415 ei
1544 375 1780 434 omnem
1810 362 1979 419 visio-

330 452 484 492 nem.
518 438 562 490 Α
591 431 705 507 quo
734 431 976 507 videbar
1003 431 1205 507 aud_ire
1235 451 1261 507 ς⁸
1285 431 1345 487 Si
1389 432 1520 507 haec
1541 432 1624 489 sic
1664 448 1726 507 se
1759 433 1978 507 habent

329 512 393 564 ut
420 507 586 573 dicis,
607 502 982 570 charissime,
1012 510 1071 560 et
1098 502 1385 559 Dominus
1416 504 1525 560 tibi
1547 503 1822 560 revelavit
1853 505 1975 562 haec

331 578 698 650 temporibus
728 577 968 650 nostris,
989 582 1213 647 oportet
1232 591 1329 650 me
1348 575 1621 646 colligere
1653 576 1724 632 de
1754 593 1977 650 posses-

329 647 491 707 sione
521 649 623 703 illa
652 650 858 705 bovem
891 647 1059 702 illum
1093 648 1412 721 maximum
1445 647 1770 721 aratorem;
1790 649 1901 721 qui
1921 654 1977 705 et

327 738 493 779 carro
533 724 589 775 et
619 725 812 775 aratro
842 728 1013 788 aptus
1044 723 1153 787 est,
1188 719 1484 775 dimittere
1516 719 1617 774 tibi
1652 719 1973 791 possessio-

330 809 463 850 nem
497 808 631 847 cum
663 791 939 863 omnibus
971 791 1215 845 caeteris.
1250 791 1334 845 Ad
1368 807 1541 863 quem
1590 791 1679 846 aio
1712 808 1726 846 :
1758 791 1974 863 thuid

328 864 472 921 mihi
504 863 818 935 possessio,
846 862 1055 917 domne
1090 862 1191 930 mi,
1219 862 1269 916 si
1301 861 1417 918 non
1451 861 1637 917 habeo
1669 861 1977 935 boveuiiil-

326 938 448 992 tum
485 934 587 1006 per,
613 949 785 1006 quem
819 940 1055 1004 regatur
1073 938 1133 1006 et
1165 938 1363 990 aretur
1385 936 1671 1006 possessio
1690 934 1717 990 ‘t
1742 940 1809 990 Et
1829 934 1977 991 dixit

327 1004 812 1077 mihiepiscOpus
848 1021 862 1078 ς
896 1007 1001 1078 Ita_
1030 1004 1272 1077 placuit,
1305 1004 1666 1072 charissime,
1695 1007 1970 1078 quoniam

327 1076 757 1136 civitas’nostra
776 1076 1064 1132 vehiculis
1088 1078 1473 1147 ministratur,
1487 1085 1539 1132 et
1564 1094 1680 1132 unu
1694 1076 1746 1133 τί]
1768 1079 1972 1134 bovem

327 1151 413 1209 ad‘
434 1149 596 1205 illum
623 1148 944 1221 maximum
969 1165 1199 1204 carrum
1225 1150 1423 1205 minus
1448 1149 1732 1221 habemus
1756 1152 1976 1221 ‘,quem

327 1228 389 1279 tu
419 1222 629 1278 diceris
659 1220 720 1275 in
771 1220 1132 1289 possessione
1165 1230 1262 1275 tua
1291 1220 1499 1276 celare.
1533 1220 1765 1291 Oportet
1799 1239 1976 1277 nam-

330 1311 443 1367 que
475 1302 531 1367 ut
566 1293 628 1348 in
660 1292 893 1367 civitate
941 1291 1427 1367 celeberrimaisit
1476 1293 1661 1367 magis
1704 1309 1881 1367 quam
1912 1294 1972 1348 in

371 1365 583 1435 arvula
612 1364 1002 1435 possessione.
1045 1362 1339 1434 Numquid
1383 1379 1498 1418 non
1531 1364 1636 1417 tibi
1669 1362 1976 1421 sufficiunt

371 1384 571 1422 arvum
612 1384 1002 1435 pOSSBSSIOHB.
1045 1384 1339 1434 numqum
1383 1384 1498 1418 non
1531 1384 1636 1417 ιωι
1669 1384 1973 1421 sumcnunt

329 1384 444 1495 Suo
476 1434 691 1491 residui
726 1436 897 1491 boves
929 1435 1184 1491 minores
1216 1436 1287 1490 ad
1338 1435 1715 1492 excolendam
1758 1442 1973 1491 terram

330 1506 580 1566 vehiculi
612 1507 699 1561 tui
718 1509 745 1561 ἲ

398 1581 453 1635 6.
484 1580 751 1650 Cumque
782 1577 982 1633 hocin
1024 1577 1262 1650 exstasi,
1313 1577 1420 1633 hoc
1471 1586 1556 1634 est
1614 1578 1673 1635 in
1731 1595 1975 1634 excessu

332 1652 571 1718 mentis,
616 1649 941 1716 audissem,
990 1649 1185 1705 statim
1230 1650 1670 1720 eXpergeiactus
1712 1650 1976 1705 benedixi

331 1723 666 1790 Dominum,
698 1728 758 1776 et
808 1720 1157 1793 perrexiad
1217 1721 1514 1777 civitatem
1573 1724 1644 1777 ad
1703 1729 1974 1777 sanctum

330 1796 669 1867 episcopum
701 1792 1010 1867 Joannem.
1043 1792 1277 1867 Etcum
1300 1793 1393 1867 illi
1424 1794 1625 1867 omnia
1655 1811 1782 1865 qua
1815 1794 1977 1850 vide-

330 1864 458 1923 ram
491 1864 844 1932 narrasscm,
869 1864 1076 1921 reticui
1105 1865 1176 1920 de
1207 1864 1426 1922 visione
1447 1864 1975 1934 bovis,eXspectans

331 1939 479 2011 quid,
504 1937 763 2011 audirem
797 1937 869 2011 ab
899 1952 986 1994 eo.
1017 1936 1422 2011 Intellexeram
1451 1938 1608 2011 enim
1650 1938 1790 2006 quia
1811 1952 1977 2011 sanc-

330 2007 427 2067 fus
458 2008 789 2079 Stephanus
818 2007 939 2077 ipse
985 2013 1149 2079 esset
1196 2008 1302 2064 bos
1360 2008 1667 2075 maximus,
1727 2007 1980 2079 etiquia

329 2081 479 2138 carri
510 2078 596 2136 illi
627 2081 698 2137 de
745 2078 1240 2151 quibusidicebat
1270 2083 1502 2151 sanctis
1542 2082 1735 2133 essent
1783 2078 1976 2133 Eccle-

328 2154 452 2217 siae,
484 2158 543 2208 et
570 2152 705 2207 Sion
742 2149 928 2219 prima
959 2149 1233 2217 Ecclesia,
1265 2149 1394 2219 ipsa
1423 2154 1580 2204 esset
1609 2165 1812 2206 carrus
1850 2166 1978 2205 ma-

320 2225 439 2295 jor.
470 2223 541 2277 Et
570 2223 708 2295 quia
738 2220 990 2295 habebat
1020 2228 1258 2295 sanctus
1296 2220 1604 2295 episcopus
1651 2237 1687 2295 a
1734 2236 1824 2295 me
1850 2236 1978 2295 _pe—

330 2291 453 2352 tere
482 2291 771 2349 ben—edicti
800 2292 1077 2362 Stephani
1127 2291 1423 2362 reliquias,
1474 2293 1602 2348 ideo
1658 2292 1728 2347 de
1755 2291 1976 2348 visione

330 2366 493 2424 bovis
523 2369 795 2437 episcopo
826 2364 1016 2437 dicere
1047 2363 1228 2419 nolui.
1264 2362 1522 2435 Cumque
1560 2364 1681 2421 haec
1719 2364 1978 2437 audisset

327 2434 590 2495 Joannes
620 2434 951 2507 episcOpus,
988 2435 1338 2507 lacrymajus
1369 2434 1458 2490 est
1486 2453 1611 2507 pra:
1652 2434 1887 2507 gaudio,
1920 2439 1978 2491 et

329 2509 510 2566 dixit:
547 2506 893 2564 Benedictus
919 2506 1201 2562 Dominus
1232 2506 1383 2562 Deus
1415 2506 1596 2563 Filius
1628 2507 1727 2562 Dei
1760 2506 1890 2563 vivi.
1915 2507 1975 2562 Si

328 2580 452 2637 haec
481 2584 547 2635 ut
577 2579 747 2647 dicis,
779 2577 1141 2643 charissime,
1166 2582 1222 2633 et
1246 2579 1459 2633 audisti
1486 2580 1527 2645 ³,
1570 2586 1625 2634 et
1674 2583 1822 2634 Deus
1870 2577 1975 2633 tibi

330 2651 625 2719 reVelavit,
659 2653 883 2720 oportet
914 2665 1007 2705 me
1035 2649 1172 2705 inde
1210 2651 1525 2706 transferre
1573 2651 1805 2705 beatum
1854 2654 1975 2704 Ste-

375 2724 590 2779 banum
676 2721 932 2790 primum
1008 2726 1324 2792 martyrem
1383 2726 1442 2777 et
1497 2721 1974 2777 archidiaconum

376 2740 590 2779 nanum
676 2740 932 2790 primum
1008 2740 1324 2792 martyrem
1383 2740 1442 2777 et
1497 2740 1974 2777 arcniaiaconum

331 2740 991 2864 Ehristi,quiprimum
1029 2793 1339 2864 adversum
1396 2793 1625 2849 Iudaeos
1683 2794 1980 2864 dominica

330 2864 489 2920 bella
518 2863 787 2935 bellavit,
805 2867 862 2918 et
890 2863 1071 2919 Deum
1105 2863 1164 2918 in
1193 2880 1294 2918 sua
1343 2865 1650 2935 majestate
1695 2864 1759 2920 in
1808 2863 1978 2935 terris

369 2934 644 3007 ositusin
687 2933 831 3007 cmlo
861 2935 1005 3007 vidit
1036 2939 1300 3004 stantem,
1331 2942 1390 2991 et
1416 2933 1696 3007 tanquam
1738 2934 1979 3007 angelus

353 3023 390 3062 n
423 3006 699 3061 concione
730 3005 1037 3060 hominum
1070 3007 1361 3077 apparuit.
1394 3005 1751 3061 Hmc‘autem
1784 3005 1980 3060 omnia

330 3086 395 3134 ut
425 3077 565 3144 vidi,
599 3078 679 3132 ita
709 3084 1023 3132 evenerunt
1052 3082 1111 3132 et
1149 3092 1401 3133 consona
1434 3078 1545 3132 sibi
1584 3081 1980 3148 apparuerunt

331 3149 623 3205 universa.
673 3148 823 3202 Dixit
877 3151 1070 3203 autem
1129 3148 1274 3203 mihi
1331 3154 1572 3205 sanctus
1619 3149 1976 3219 episcopus:

331 3221 515 3289 Vade,
549 3219 679 3275 fode
708 3219 769 3274 in
800 3234 1025 3291 acervo,
1055 3220 1155 3291 qui
1187 3225 1275 3274 est
1302 3220 1362 3275 in
1414 3220 1540 3291 ipso
1589 3218 1728 3291 agro
1764 3237 1777 3275 :
1824 3218 1978 3291 et_.si

331 3292 649 3361 inveneris,
680 3292 890 3362 nuntia
921 3289 1088 3344 mihi.
1122 3289 1188 3345 Et
1218 3306 1323 3362 ego
1351 3289 1468 3346 dixi
1499 3291 1551 3346 ei
1586 3289 1978 3362 :iDeambulao

329 3364 386 3420 vi
418 3360 732 3433 agrum,et
760 3361 879 3416 vidi
910 3376 1185 3418 acervum
1218 3360 1580 3417 minutorum
1614 3361 1878 3433 lapidum
1902 3360 1976 3433 in

333 3430 547 3503 medio,
578 3432 677 3489 ubi
709 3434 1027 3488 arbitratus
1058 3448 1177 3487 sum
1211 3447 1310 3488 eos
1346 3448 1493 3489 esse.
1537 3433 1604 3488 Et
1647 3430 1793 3487 dixit
1839 3430 1980 3503 mihi

337 3522 522 3578 papa:
552 3506 679 3562 lam
712 3504 841 3578 dixi
864 3503 988 3572 tibi,
1032 3503 1206 3571 Vade,
1253 3505 1416 3578 rode;
1448 3509 1525 3578 “et
1569 3504 1620 3559 si
1667 3502 1978 3578 inveneris,

335 3574 548 3634 sedens
579 3577 804 3633 custodi
832 3576 1043 3643 locum,
1065 3581 1123 3630 et
1146 3577 1359 3631 manda
1379 3574 1524 3631 mihi
1547 3591 1648 3644 per
1665 3576 1979 3630 diaconum

337 3658 399 3706 ut
427 3648 654 3705 veniam
685 3649 754 3703 ad
784 3647 996 3703 locum.
1030 3648 1099 3702 Et
1128 3646 1211 3702 ita
1235 3663 1325 3702 me
1358 3645 1601 3702 dimisit.
1626 3646 1695 3701 Et
1725 3662 1858 3700 cum
1891 3660 1984 3699 ve-

337 3720 556 3778 nissem
606 3720 664 3774 in
697 3718 917 3785 villam,
958 3719 1090 3775 misi
1133 3734 1442 3789 praecones,
1477 3726 1536 3773 ut
1569 3733 1771 3774 omnes
1814 3716 1986 3789 habi-

332 3797 553 3849 tatores
581 3790 729 3847 villa:
759 3789 1019 3847 diluculo
1050 3787 1493 3862 consurgerent,
1526 3795 1583 3846 et
1611 3788 1875 3846 foderant
1922 3787 1982 3841 in

340 3880 566 3922 acervo.

406 3938 463 3992 7.
498 3934 710 3991 Eadem
742 3949 875 3989 vero
907 3938 1095 4001 nocte,
1128 3932 1397 4006 apparuit
1440 3935 1562 4006 ipse
1593 3933 1845 4006 domnus
1876 3929 1984 3985 Ga-

342 4007 536 4063 maliel
573 4006 803 4061 cuidam
849 4006 1132 4061 monacho
1184 4004 1419 4061 nomine
1466 4004 1700 4075 Migetio
1727 4005 1770 4068 ³,
1821 4004 1988 4075 iuno:

340 4080 496 4135 centi
527 4081 583 4149 et
614 4075 867 4149 simplici
886 4077 1042 4149 Aviro,
1075 4079 1276 4133 eadem
1309 4072 1692 4149 similitudine
1711 4091 1821 4149 qua
1846 4072 1988 4149 mihi

341 4148 635 4222 apparuit,
667 4145 938 4222 et:_dixit_
981 4151 1050 4222 ad
1112 4164 1284 4222 eum:
1346 4147 1677 4222 Vade,~__dic
1736 4145 1988 4222 Luciano

339 4216 704 4292 presbytero,
733 4218 895 4275 Vane
925 4219 1154 4292 laboras
1184 4219 1257 4292 in,
1278 4235 1479 4274 acervo
1512 4216 1609 4274 illo
1636 4220 1840 4292 ;modo
1873 4232 1987 4270 non

341 4288 424 4349 ibi
455 4288 687 4359 sumus,
718 4292 819 4346 sed
854 4296 995 4346 tunc
1026 4291 1106 4346 ibi
1140 4290 1308 4361 positi
1342 4292 1584 4357 fuimus,
1609 4306 1744 4345 cum
1772 4288 1992 4343 lamen-

341 4368 608 4420 tarentur
629 4378 733 4418 nos
749 4364 1074 4418 secundum
1095 4363 1576 4419 consuetudinem
1596 4361 1989 4430 antiquorum,

391 4443 582 4506 ropter
607 4434 762 4504 quod
797 4434 878 4506 ibi
900 4449 1138 4490 acervus
1170 4436 1226 4489 in
1274 4435 1671 4490 testimonium
1724 4432 1991 4506 planctus

369 4503 535 4562 actus
566 4503 675 4562 est.
713 4505 824 4561 Sed
854 4522 1041 4576 quaere
1073 4523 1174 4561 nos
1203 4505 1264 4560 in
1294 4506 1407 4561 alia
1438 4513 1616 4576 parte,
1651 4521 1777 4576 quas
1809 4503 1989 4576 estad

342 4578 643 4644 boream‘,
678 4583 735 4632 et
765 4574 891 4632 loco
922 4578 1021 4648 qui
1046 4578 1260 4632 dicitur
1289 4593 1418 4648 syra
1441 4574 1640 4648 lingua
1670 4574 1990 4648 Debatalia,

345 4651 503 4723 quod
540 4643 957 4723 interpretatur
982 4651 1043 4704 in
1082 4664 1266 4723 graeco
1308 4643 1556 4723 ἀνδρῶνῖ
1577 4644 1813 4723 διγαιθιέγ2
1836 4646 1992 4723 quod

344 4715 454 4778 nos
487 4715 803 4792 possumus
833 4715 1362 4792 dicereLVirorum
1394 4715 1678 4792 i't‘ortium.
1730 4715 1993 4792 Dilu’culo

344 4790 876 4862 vero—consurgens
929 4792 1001 4847 ad
1059 4790 1331 4863 hymnos,
1389 4790 1599 4863 inveni
1640 4790 1993 4863 monachum

346 4865 514 4921 illum
604 4858 1012 4934 praedicantem
1089 4858 1363 4918 6mnibus
1418 4860 1715 4934 fratribus.
1748 4858 1995 4931 Hymnis

346 4935 559 4992 deinde
589 4932 783 4998 dictis,
842 4934 983 5005 ccepi
1042 4934 1266 4990 dicere:
1328 4938 1542 4988 Eamus
1599 4932 1669 4987 ad
1727 4947 1994 5005 acervum

346 5007 541 5075 illum,
573 5013 630 5062 et
670 5002 963 5062 fodiemus
1002 5006 1059 5060 in
1093 5005 1212 5062 illo.
1245 5007 1404 5061 Tunc
1444 5004 1678 5072 quidam
1710 5002 1998 5075 dixerunt

350 5079 498 5135 mihi
520 5074 536 5134 ξ
571 5079 718 5133 Audi
744 5080 994 5150 primum
1021 5079 1160 5150 quid
1184 5076 1338 5150 dicat
1362 5074 1682 5150 monachus
1705 5074 1992 5150 itiigetius2

347 5155 415 5207 Et
444 5151 725 5206 advocato
744 5145 1054 5206 'monacho'
1075 5149 1324 5221 Migetio,
1358 5147 1644 5218 exquisivi
1669 5146 1738 5221 ab
1769 5162 1834 5201 eo
1860 5145 1996 5215 quid

351 5230 500 5279 esset
530 5222 687 5293 quod
723 5222 984 5277 vidisset.
1019 5220 1119 5293 llle
1145 5219 1331 5276 autem
1364 5221 1635 5293 universa
1665 5219 1835 5289 signa
1874 5233 1999 5293 qua

349 5289 612 5349 videram
644 5294 842 5348 domui
875 5292 1210 5349 Gamalielis
1238 5292 1384 5347 dixit
1425 5290 1584 5357 mihi,
1612 5296 1668 5345 et
1717 5289 1999 5355 quemad-

351 5366 588 5422 modum
635 5364 869 5421 vidisset
900 5370 1103 5421 contra
1134 5372 1397 5421 austrum
1433 5378 1635 5432 agrum
1687 5361 1889 5422 situm,
1946 5362 2003 5413 et

354 5441 804 5493 monumentum
835 5436 893 5492 in
927 5453 994 5493 eo
1026 5438 1191 5508 quasi
1226 5435 1554 5507 neglectum
1593 5439 1650 5488 et
1672 5432 2000 5496 ruinosum,

353 5510 454 5565 ubi
483 5509 732 5565 vidisset
764 5514 885 5565 tres
916 5508 1097 5565 lectos
1129 5523 1336 5565 aureos
1365 5512 1602 5572 stratos,
1634 5511 1688 5560 et
1718 5519 1902 5559 unum
1935 5518 2005 5557 ex

352 5580 438 5637 eis
473 5580 741 5637 altiorem
771 5580 994 5637 ceteris
1050 5581 1109 5636 in
1170 5596 1282 5650 quo
1341 5584 1502 5650 erant
1555 5580 1682 5650 duo
1720 5577 2003 5650 jacenies,

354 5668 511 5708 unus
544 5668 724 5708 senex
754 5657 809 5707 et
850 5668 1001 5707 unus
1045 5647 1301 5720 juvenis,
1358 5656 1414 5706 et
1470 5649 1529 5703 in
1589 5647 1736 5720 aliis,
1780 5647 2005 5720 duobus

353 5724 518 5780 lectis
549 5729 717 5780 erant
744 5723 982 5795 singuli.
1014 5718 1084 5779 Et
1111 5723 1413 5793 respondit
1443 5720 1540 5792 qui
1573 5724 1696 5776 erat
1724 5719 1782 5774 in
1815 5718 2002 5774 excel-

420 5816 435 5850 ί
467 5814 626 5872 Editi,
657 5824 708 5865 et
741 5829 922 5864 unum
952 5814 1136 5863 bovem
1166 5813 1336 5861 illum
1352 5811 1670 5861 maximum
1690 5808 1760 5857 ad
1775 5821 2007 5859 carrum

354 5876 551 5927 minus
579 5878 860 5928 habemus.
894 5876 1233 5936 Castigantur
1261 5889 1327 5925 ex
1354 5875 1476 5923 Mss.

420 5938 443 5974 ²
465 5940 636 5996 Forte.
662 5941 747 5990 ita
774 5939 1004 5989 audisti.
1038 5939 1105 5987 M.

422 6003 444 6035 ³
475 6002 563 6051 Sic
587 6004 694 6052 Mss
742 6002 881 6052 Editi
909 6004 1106 6061 antem,
1135 5999 1385 6059 Nugetio.

366 6063 630 6144 nffditi,
662 6080 802 6128 quae
829 6072 907 6114 est
937 6067 1160 6116 Boram.
1208 6062 1571 6113 Emendantur
1598 6062 1667 6113 ad
1695 6063 1900 6113 veteres
1927 6072 2008 6109 co-

1643 226 2031 291 EPISTOLA
2071 230 2399 293 LUCIANI
2411 275 2424 290 .

3610 241 3744 311 ω
3794 270 3803 277 .

2083 366 2216 441 suit.
2249 365 2366 441 Alii
2396 380 2527 421 vero
2562 365 2673 421 duo
2697 366 2858 441 pleni
2883 372 3046 421 erant
3073 358 3213 424 rosis
3240 370 3402 441 albis,
3432 375 3491 428 in
3520 375 3743 431 modum

2088 437 2212 503 lilii,
2243 436 2337 491 sed
2367 454 2504 493 rosa
2536 444 2719 493 erant.
2749 440 2819 493 Et
2848 445 3084 508 quartus
3108 441 3359 498 calathus
3388 436 3614 502 crocum
3644 447 3744 503 ha-

2087 509 2262 585 bebat,
2287 509 2447 578 cujus
2468 510 2605 565 odor
2623 510 2921 585 fragrabat
2934 514 3315 585 suavissimus.
3344 516 3602 585 Etposuit
3618 520 3745 575 illos

2085 582 2147 634 in
2167 589 2465 649 conspectu
2486 588 2682 643 meo,et
2711 582 2846 635 dicit
2863 583 2999 635 mihi
3019 598 3037 636 :
3065 584 3214 639 Vides
3232 586 3327 640 hos
3356 582 3605 645 calathos
3628 596 3655 644 ?
3672 592 3743 646 Et

2087 654 2179 706 aio
2208 652 2282 707 ad
2302 668 2424 706 cum
2449 670 2461 707 :
2490 652 3015 717 Etiam,domine.Et
3035 654 3168 709 dicit
3190 657 3326 710 mihi
3349 675 3367 709 :
3388 659 3489 713 Isti
3506 667 3635 715 sunt
3664 662 3743 715 lo-

2087 724 2201 802 culi
2228 727 2403 802 nostri
2419 726 2477 777 in
2509 726 2705 802 quibus
2728 730 2992 802 iacemus,
3014 726 3169 802 ethaf
3192 744 3328 783 rosae
3354 732 3601 802 reliquiae
3624 748 3744 789 nos-

2088 800 2189 872 trae
2206 801 2337 872 sunt
2360 802 2450 872 :_et
2478 800 2622 850 sicut
2652 797 2800 872 vides
2829 797 2974 850 hunc
3003 798 3276 853 calathum
3309 797 3743 872 rosas—pulcher-

2087 868 2259 942 rimas
2294 867 2584 921 habentem
2603 869 2687 942 ad
2715 868 2999 924 dexteram
3029 876 3182 925 tuam
3204 867 3589 942 positum-ita
3620 891 3742 930 cum

2091 940 2308 1006 aperire
2336 942 2563 1009 caperis
2592 940 3036 1014 locum,invenies
3066 940 3264 996 ostium
3290 945 3616 1014 scpulcri,et
3647 948 3742 999 in-

2094 1015 2401 1086 trogressus
2428 1014 2665 1086 reperies
2696 1014 2752 1065 in
2772 1013 3002 1086 dextera
3030 1019 3191 1086 parte
3221 1013 3459 1070 loculum
3484 1033 3497 1070 :
3522 1019 3636 1086 ipse
3665 1024 3742 1072 est

2088 1081 2576 1158 sancti_Stephani.
2612 1085 2683 1137 Et
2703 1100 2768 1137 ne
2797 1081 3057 1158 dubitare
3087 1085 3258 1139 velis:
3289 1089 3423 1157 quia
3452 1081 3568 1158 ipse
3596 1088 3742 1143 solus

2090 1168 2159 1205 ea:
2188 1154 2341 1207 nobis
2370 1157 2641 1223 martyrio
2675 1157 2871 1209 meruit
2900 1158 3177 1210 coronari.
3214 1158 3280 1211 Et
3299 1154 3433 1213 “ideo
3463 1154 3521 1213 in
3550 1162 3744 1214 orien-

2093 1225 2197 1301 tali
2219 1232 2388 1301 parte
2411 1229 2627 1295 positus
2643 1233 2751 1301 est.
2774 1226 2874 1281 Ille
2893 1242 3020 1301 vero
3052 1229 3262 1284 loculus
3298 1232 3398 1299 qui
3439 1231 3512 1285 ad
3550 1237 3743 1301 partes
3794 1228 3801 1235 ’

2092 1294 2285 1371 ὺεονεὲε,
2317 1297 2376 1350 id
2400 1294 2475 1371 est
2498 1298 2793 1371 aquilonis,
2808 1300 3023 1368 positus
3052 1306 3151 1365 est,
3174 1303 3287 1371 ipse
3306 1294 3357 1355 et.
3378 1294 3569 1357 sancti
3579 1303 3744 1359 Nico-

2092 1366 2236 1446 demi
2265 1366 2600 1446 neophyti“.
2627 1370 2785 1424 Alius
2809 1366 2945 1424 vero
2999 1366 3232 1446 loculus,
3291 1377 3389 1443 qui
3438 1374 3738 1446 paululum

2091 1440 2421 1516 eminentior
2449 1446 2548 1516 est,
2581 1443 2694 1516 ipse
2723 1448 2799 1496 est
2831 1458 2978 1516 meus
3008 1450 3060 1516 et
3089 1444 3193 1511 ﬁlii
3220 1440 3324 1498 me}
3343 1463 3361 1499 :
3392 1440 3527 1516 quia
3556 1454 3611 1500 et
3641 1463 3741 1503 nos

2092 1511 2359 1585 neophyti
2384 1513 2610 1579 fuimus.
2635 1515 2705 1585 Et
2734 1530 2833 1582 ego
2856 1515 2944 1567 aio
2976 1515 3049 1567 ad
3092 1532 3212 1568 eum
3245 1534 3262 1569 :
3295 1511 3465 1585 Rogo,
3515 1517 3740 1572 domine

2092 1584 2188 1646 mi,
2218 1598 2390 1650 quare
2420 1599 2561 1637 unus
2590 1584 2839 1637 calathus
2860 1592 3151 1652 argenteus
3181 1593 3257 1639 est
3280 1590 3308 1639 ?
3329 1584 3394 1641 Et
3415 1588 3551 1642 dicit
3572 1590 3738 1643 mihi:

2093 1654 2361 1716 Quoniam
2391 1654 2538 1722 ﬁlius
2567 1670 2715 1709 meus
2745 1661 2923 1709 castus
2960 1662 3011 1708 et
3065 1659 3446 1712 immaculatus
3469 1658 3490 1692 ε
3513 1661 3739 1714 excessit

2088 1726 2367 1798 eimundo,
2392 1732 2699 1795 propterea
2730 1729 2788 1779 in
2808 1726 3223 1781 similitudinem
3254 1730 3739 1798 argentimundis-

2088 1797 2213 1870 simi
2241 1799 2527 1865 apparuit.
2562 1798 2841 1867 Numquid
2875 1814 2988 1870 non
3039 1799 3187 1853 vides
3236 1797 3473 1866 croCum,
3524 1803 3623 1870 qui
3676 1803 3737 1855 in

2088 1869 2207 1939 ipso
2238 1874 2332 1931 est,
2364 1870 2670 1922 suavissimi
2697 1884 2805 1923 esse
2835 1869 3017 1923 odoris
3040 1872 3066 1921 .’
3092 1870 3161 1923 Et
3190 1871 3320 1925 dum
3350 1872 3461 1926 haec
3489 1869 3737 1939 dixisset,

2089 1937 2267 1991 denuo
2296 1954 2363 1990 ea:
2393 1940 2559 1993 oculis
2587 1941 2716 1992 meis
2746 1943 2989 1995 evanuit.

2159 2009 2213 2062 5.
2250 2009 2487 2078 Cumque
2516 2012 2937 2078 expergefactus
2965 2010 3211 2077 fuissem,
3256 2016 3468 2080 gratias
3500 2013 3591 2081 egi
3626 2016 3739 2068 Deo

2089 2082 2477 2147 omnipotenti,
2510 2087 2561 2134 et
2593 2083 2907 2134 constitutis
2918 2081 3159 2150 jejuniis
3179 2098 3402 2151 operam
3423 2082 3552 2136 dedi
3570 2098 3739 2153 usque

2089 2154 2308 2224 tertiam
2340 2153 2743 2207 reuelationem.
2777 2155 2839 2206 In
2869 2155 3036 2206 tertia
3065 2154 3238 2221 igitur
3265 2156 3591 2224 septimana,
3644 2170 3739 2209 ea-

2088 2223 2208 2277 dem
2238 2222 2326 2276 die
2356 2228 2406 2276 et
2438 2224 2576 2277 hora
2606 2226 2754 2277 venit
2783 2224 3139 2294 supradictas
3168 2226 3274 2290 vir,
3307 2222 3647 2280 comminans
3685 2230 3740 2279 et

2086 2293 2496 2367 fremebundus,
2530 2301 2582 2348 et
2609 2294 2745 2349 dicit
2769 2293 2904 2365 mihi
2933 2313 2950 2348 :
2982 2297 3161 2361 Quare
3192 2311 3360 2367 usque
3389 2312 3536 2350 nunc
3575 2296 3739 2350 dissi-

2088 2366 2336 2425 mulasti,
2368 2372 2421 2438 et
2446 2367 2677 2421 noluisti
2698 2383 2954 2436 pergere,
2981 2368 3234 2438 etidicere
3258 2366 3509 2438 episcopo
3530 2368 3742 2422 Joanni

2088 2453 2210 2560 quae
2241 2437 2342 2490 tibi
2368 2437 2519 2492 dicta
2546 2445 2748 2492 suntet
2791 2446 3005 2493 ostensa
3025 2437 3052 2492 ‘l
3102 2437 3298 2502 Quam'
3329 2437 3735 2494 excusationem

2127 2507 2310 2560 abebis
2341 2509 2493 2560 apud
2522 2511 2710 2560 Deum.
2745 2515 2843 2560 aut
2874 2527 3040 2560 quam
3068 2513 3281 2560 veniam
3302 2527 3405 2560 pro
3435 2512 3539 2560 hoc
3585 2526 3735 2560 corn-

2127 2507 2310 2562 abebis
2341 2509 2710 2580 apudiDcum,
2745 2515 2843 2563 aut
2874 2527 3040 2579 quam
3068 2513 3281 2565 veniam
3296 2527 3405 2580 pro
3435 2512 3539 2566 hoc
3585 2526 3737 2565 com-

2089 2587 2294 2649 temptu
2321 2577 2569 2649 sperabis
2612 2583 2669 2634 in
2699 2581 2788 2635 die
2824 2577 3076 2651 judicii?
3124 2584 3191 2635 Et
3248 2577 3360 2635 nbn
3417 2582 3737 2637 consideras

2089 2653 2222 2720 quia
2249 2652 2412 2705 multi
2438 2653 2689 2707 meliores
2720 2659 2771 2707 te
2799 2659 2931 2707 sunt
2954 2669 3060 2722 per
3105 2670 3341 2708 eremum
3383 2656 3564 2709 sancti
3607 2654 3737 2719 viri,

2089 2739 2228 2793 quos
2256 2730 2657 2792 prsetereuntes
2698 2740 2804 2793 per
2846 2730 2896 2778 te
2942 2726 3209 2779 voluimus
3266 2726 3553 2780 innotesci.
3611 2724 3739 2778 Ideo

2091 2810 2330 2864 namque
2361 2801 2411 2848 te
2441 2812 2509 2849 ea:
2548 2796 2664 2850 alia
2694 2796 2918 2850 basilica
2948 2796 3033 2849 hic
3058 2798 3327 2850 voluimus
3354 2812 3464 2850 esse
3492 2794 3743 2850 sacerdo-

2092 2871 2196 2918 tem
2212 2866 2255 2933 ³,
2288 2872 2347 2919 ut
2369 2882 2475 2935 per
2507 2873 2557 2920 te
2576 2867 3153 2933 manifestaremur.Et
3182 2883 3303 2922 cum
3333 2868 3408 2920 ad
3436 2867 3601 2921 verba
3622 2866 3741 2935 ejus

2089 2939 2509 3007 intremuisscm.
2541 2938 2700 2992 dixi:
2739 2940 2859 2992 Non
2887 2939 2977 3005 fui
3022 2939 3327 3007 negligens,
3388 2938 3603 2992 domine
3641 2938 3740 3001 mi,

2088 3006 2183 3061 sed
2223 3008 2599 3076 praestolabar
2655 3012 2819 3063 tertio
2860 3006 3155 3063 adventum
3184 3006 3378 3063 tuum.
3430 3010 3584 3064 Nunc
3614 3024 3741 3063 vero

2089 3080 2477 3150 sineicrastina
2497 3079 2586 3134 die
2604 3096 2838 3150 pergam
2860 3077 2901 3143 ⁴,
2935 3082 3122 3134 omnia
3151 3094 3279 3150 qua?
3306 3080 3443 3134 mihi
3481 3080 3739 3135 man/ias-

2091 3152 2137 3203 ti
2164 3147 2437 3204 dicturus.
2472 3152 2539 3204 Et
2580 3147 2727 3205 cum
2751 3151 3056 3219 indignans
3090 3147 3377 3206 adversum
3424 3169 3508 3207 me
3543 3157 3741 3219 staret,

2090 3220 2318 3275 videbar
2346 3222 2482 3274 mihi
2511 3224 2672 3291 quasi
2698 3225 2753 3276 in
2785 3224 3025 3277 alterum
3055 3225 3251 3277 mentis
3280 3239 3557 3278 excessum
3585 3224 3744 3280 deve-

2091 3294 2288 3345 nissem
2345 3293 2697 3360 Jerosolymis
2716 3292 2759 3358 ⁵,
2787 3300 2840 3345 et
2883 3296 3018 3362 quia
3076 3297 3133 3346 in
3189 3301 3481 3362 conspectu
3538 3301 3744 3348 starem

2091 3363 2331 3431 episcopi
2357 3362 2611 3428 Joannis,
2644 3379 2882 3418 narrans
2912 3367 2963 3416 ei
2985 3380 3195 3417 omnem
3230 3366 3513 3418 visionem.
3546 3366 3593 3417 Α
3635 3380 3742 3431 quo

2090 3432 2318 3486 videbar
2346 3433 2540 3486 audire
2562 3450 2580 3486 :
2612 3433 2671 3487 Si
2700 3433 2812 3488 hac
2840 3437 2922 3487 ita
2948 3450 3003 3487 se
3034 3434 3258 3501 habent,
3291 3442 3354 3489 ut
3396 3435 3552 3496 dicis,
3602 3432 3746 3488 cha-

2093 3505 2319 3570 rissime,
2353 3510 2404 3557 et
2464 3506 2726 3559 Dominus
2785 3505 2885 3558 tibi
2936 3505 3197 3558 revelarit
3255 3505 3357 3560 hoc
3405 3502 3742 3575 temporibus

2092 3577 2291 3630 nostris
2311 3592 2330 3635 .·
2359 3582 2580 3645 Oportet
2606 3592 2690 3630 me
2722 3575 2913 3631 tollere
2942 3576 3008 3630 de
3032 3578 3370 3645 possessione
3412 3573 3527 3630 illd
3559 3573 3745 3630 bovem

2093 3647 2249 3701 illum
2280 3648 2579 3701 maximum
2609 3654 2909 3713 aratorem,
2940 3648 3044 3716 qui
3070 3663 3233 3701 carro
3254 3654 3305 3701 et
3338 3652 3531 3702 aratro
3576 3654 3744 3718 aptus

2094 3724 2192 3783 est,
2224 3724 2277 3773 et
2306 3718 2584 3773 dimittere
2615 3718 2719 3773 tibi
2744 3721 3133 3788 possessionem
3162 3734 3284 3773 cum
3311 3721 3521 3773 caeteris
3560 3720 3748 3773 omni-

2097 3789 2335 3856 bus._Ad
2365 3806 2523 3859 quem
2552 3792 2677 3845 aio:
2716 3790 2920 3860 thuid
2948 3790 3082 3843 mihi
3093 3793 3496 3860 possessio_est,
3529 3790 3747 3845 domine

2096 3862 2190 3927 mi,
2221 3862 2268 3915 si
2295 3857 2404 3932 non
2435 3861 2606 3926 habeo
2637 3857 2823 3916 bovem
2846 3878 2951 3932 per
2980 3857 3138 3932 quem
3186 3857 3419 3930 regatur
3459 3867 3513 3914 et
3555 3861 3747 3916 alatur

2090 3930 2404 4003 possessio?
2434 3934 2502 3986 Et
2531 3933 2666 3987 dicit
2696 3933 2832 3987 mihi
2846 3930 3184 4003 cpiscopus:
3215 3934 3305 3987 Ita
3338 3933 3576 4003 placuit,
3616 3933 3747 3988 cha-

2096 4005 2323 4067 rissime,
2356 4006 2488 4073 quia
2515 4006 2709 4059 civitas
2740 4011 2934 4059 nostra
2963 4004 3224 4059 vehiculis
3270 4006 3644 4070 ministratur,
3692 4010 3747 4058 et

2096 4091 2267 4129 unum
2292 4075 2476 4130 bovem
2505 4076 2578 4129 ad
2604 4077 2761 4130 illum
2791 4078 3090 4130 maximum
3117 4091 3339 4130 carrum
3375 4078 3555 4130 minus
3584 4075 3749 4129 habe-

2097 4163 2239 4213 mus,
2269 4162 2426 4214 quem
2457 4153 2518 4200 tu
2541 4147 2739 4202 diceris
2768 4149 2827 4200 in
2850 4148 3186 4216 possessione
3216 4154 3314 4201 tua
3330 4147 3527 4202 celare.
3562 4147 3749 4216 Opor-

2101 4224 2173 4272 tet
2203 4234 2439 4288 namque
2469 4224 2529 4271 ut
2570 4221 2628 4271 in
2666 4220 2889 4273 civitate
2930 4219 3282 4273 celeberrima
3340 4221 3412 4271 sit
3465 4234 3632 4288 quam
3663 4219 3749 4288 Vin

2093 4305 2275 4359 parva
2299 4287 2652 4358 possessione.
2686 4290 2963 4360 Numquid
3002 4290 3102 4344 tibi
3137 4305 3250 4343 non
3298 4287 3587 4359 sufﬁciunt
3634 4287 3747 4343 duo

2099 4360 2308 4415 residui
2336 4362 2512 4429 boves,
2544 4368 2596 4415 et
2626 4378 2769 4416 unus
2796 4362 3021 4428 vitulus,
3054 4367 3107 4416 et
3130 4362 3391 4415 utensilia
3433 4360 3580 4416 bovis
3626 4376 3748 4415 ma.

2097 4434 2256 4497 trimi,
2287 4432 2361 4486 ad
2387 4432 2738 4487 excolendam
2772 4439 2973 4487 terram
2994 4433 3231 4488 vehiculi
3259 4433 3383 4487 tui?

2172 4504 2221 4558 6.
2263 4505 2329 4556 Et
2357 4520 2477 4558 cum
2508 4505 2606 4558 hoc
2635 4507 2695 4558 in
2724 4507 2936 4566 ecstasi,
2972 4505 3070 4560 hoc
3101 4510 3177 4559 est
3200 4507 3259 4558 in
3288 4520 3509 4559 excessu
3531 4505 3750 4570 mentis,

2102 4575 2386 4632 audissem.
2415 4578 2599 4630 statim
2620 4580 3042 4646 expergefactus
3065 4576 3318 4630 benedici
3342 4578 3535 4630 Deum:
3554 4581 3605 4627 et
3619 4590 3751 4644 per-

2102 4649 2226 4701 rexi
2256 4648 2313 4699 in
2344 4649 2617 4702 civitatem
2656 4648 2731 4703 ad
2780 4654 3028 4702 sanctum
3086 4649 3400 4715 episcopum
3457 4646 3749 4715 Joannem.

2101 4720 2170 4774 Et
2200 4735 2319 4772 cum
2352 4720 2437 4773 illi
2466 4721 2651 4774 omnia
2671 4735 2791 4789 qua;
2812 4718 3055 4789 videram
3086 4713 3447 4789 enarrassem.
3472 4716 3667 4789 reticui
3686 4713 3753 4789 de

2104 4792 2309 4845 visione
2341 4791 2507 4855 bovis,
2540 4782 2862 4857 exspéctans
2890 4788 3025 4857 quid
3055 4787 3305 4841 audirem
3337 4783 3408 4839 ab
3452 4801 3532 4839 eo.
3575 4782 3751 4857 Intel-

2107 4861 2347 4916 lexeram
2377 4852 2520 4914 enim
2551 4852 2684 4928 quia
2730 4852 2952 4913 sanctus
2998 4858 3313 4927 Stephanus
3347 4858 3484 4928 ipse
3539 4860 3621 4911 est
3662 4852 3755 4910 bos

2105 4935 2416 4996 maximus;
2447 4936 2499 4983 et
2525 4927 2657 5001 quia
2687 4931 2838 4985 carri
2865 4929 2970 4995 illi,
3003 4929 3069 4983 de
3098 4927 3555 5001 quibusdicebat,
3588 4942 3756 4981 sanc-

2109 5010 2175 5058 ιω
2206 5008 2382 5057 essent
2410 5003 2661 5057 Ecclesiae
2683 5019 2703 5065 ;
2732 5007 2783 5055 et
2815 5001 2949 5056 Sion
2972 5002 3160 5071 prima
3192 5000 3451 5054 Ecclesia.
3484 5000 3605 5069 ipsa
3623 5003 3757 5053 esset

2108 5090 2303 5129 carrus
2332 5074 2553 5134 maior:
2583 5079 2635 5127 et
2675 5073 2808 5143 quia
2858 5072 3092 5126 habebat
3137 5077 3356 5143 sanctus
3403 5072 3683 5143 episcopus
3722 5085 3757 5123 a

2106 5162 2189 5200 me
2214 5151 2401 5215 petere
2430 5148 2610 5199 sancti
2639 5141 2905 5214 Stephani
2944 5144 3231 5213 reliquias,
3274 5142 3395 5215 ideo
3442 5141 3508 5196 de
3553 5142 3758 5215 visione

2112 5212 2259 5271 bovis
2289 5218 2540 5286 episcopo
2565 5212 2747 5271 dicere
2798 5216 2972 5270 nolui.
3009 5212 3247 5284 cumque
3285 5212 3524 5268 audisset
3554 5214 3758 5286 episco-

2100 5304 2210 5359 pus
2233 5284 2492 5351 Joannes',
2518 5304 2638 5358 prae
2671 5287 2878 5357 gaudio
2918 5288 3250 5355 lacrymatus
3306 5290 3404 5359 est,
3441 5290 3509 5359 et
3532 5284 3710 5359 dixit
3739 5298 3759 5359 .f

2109 5354 2439 5415 Benedictus
2471 5354 2730 5413 Dominus
2759 5360 2902 5413 Deus
2931 5354 3101 5413 Filius
3130 5360 3231 5412 Dei
3259 5358 3387 5411 vivi.
3429 5356 3489 5410 Si
3526 5354 3658 5421 hac,
3698 5357 3763 5407 ut

2109 5432 2263 5495 dicis,
2303 5429 2638 5495 charissime,
2669 5432 2748 5484 ita
2780 5429 3007 5490 audisti,
3041 5436 3094 5484 et
3140 5431 3282 5483 Deus
3318 5428 3419 5481 tibi
3460 5426 3763 5486 reuelauit;

2110 5508 2328 5574 oportet
2357 5519 2440 5556 me
2472 5505 2776 5570 transferre
2815 5501 2944 5574 inde
2986 5502 3203 5574 beatum
3256 5499 3594 5574 Stephanum
3633 5496 3762 5574 pri-

2109 5569 2253 5630 mum
2287 5580 2607 5643 martyrem,
2631 5569 3096 5628 archidiaconum
3137 5571 3361 5637 Christi,
3407 5571 3504 5640 qui
3545 5569 3764 5640 primus

2178 5685 2192 5718 1
2228 5680 2599 5731 Germanensis
2625 5682 2742 5736 Ms,
2778 5679 2989 5743 nepotis
3017 5679 3148 5729 mei.

2177 5744 2199 5778 ²
2227 5743 2599 5794 Germanensis
2628 5744 2810 5803 codex,
2843 5739 3002 5806 virgo
3031 5752 3081 5791 et
3117 5739 3539 5806 immaculatus.

2178 5808 2199 5840 ³
2228 5807 2372 5877 idem
2402 5799 3009 5877 Qermanensis'codéx,
3051 5803 3431 5877 Ulimmeriano
3473 5799 3766 5877 exemplari

2113 5869 2401 5937 magisth
2423 5871 2538 5937 loco
2560 5870 2915 5937 consentiens.
2946 5864 3068 5937 Ideo
3102 5882 3351 5930 numque
3381 5875 3431 5916 te
3459 5881 3525 5937 ea;
3554 5864 3676 5915 alia
3704 5864 3768 5937 in

2115 5933 2215 5982 hac
2244 5932 2387 5982 villa
2418 5934 2701 5983 voluimus
2729 5948 2841 5982 esse
2863 5933 3236 5997 presbyterum
3270 5939 3331 5979 ut
3369 5943 3473 5993 per
3508 5936 3558 5978 te
3586 5932 3767 5977 mani-

2115 5997 2470 6059 festaremur.

2184 6058 2206 6123 ξ
2220 6059 2375 6123 _Idem
2398 6061 2579 6117 codex,
2610 6058 2732 6107 sine
2761 6059 3141 6123 retardatione
3164 6070 3420 6123 pergam.

2992 6137 3011 6144 -
3052 6124 3141 6144 Δ---
3156 6121 3207 6144 Σ..
3222 6121 3237 6144 .’

2186 6120 2276 6144 K1-
2293 6123 2470 6144 --λα-.-
2486 6122 2825 6144 ηρ-οιι-ιαισιζ
2844 6123 3011 6144 --ΔΞ-ρ
3052 6124 3141 6144 .1---
3156 6116 3207 6144 ΖΑ
3222 6116 3327 6144 2..ζ-
3351 6116 3739 6144 τααηαΑ⁷αιωηιΜ
