4134 6198
377 257 497 318 817
1252 267 1353 324 DE
1395 266 1991 324 TRANSLATIONE
2037 266 2428 324 STEPHANI
2478 265 2902 324 MARTYRIS.
3664 262 3783 324 8I8

1252 267 1353 327 DE
1395 266 1991 328 TRANSLATIONE
2037 266 2428 328 STEPHANI
2478 265 2902 328 MARTYRIS.

444 396 497 448 9.
530 395 746 472 Etidgo
776 403 952 472 orate,
980 415 1196 468 precor,
1234 417 1341 470 pro
1380 404 1683 472 exiguitate
1721 418 1862 470 mea,
1902 409 1964 457 ut
1995 402 2193 471 dignus
2232 404 2487 458 inveniar
2525 403 2582 456 in
2622 406 2917 469 conspectu
2956 399 3192 464 Domini,
3225 398 3455 469 adjutus
3487 397 3783 472 beatissimi

371 469 634 543 martyris
674 469 943 538 Stephani
979 473 1208 537 meritis,
1234 469 1294 526 et
1322 469 1514 529 vestris
1562 469 1908 530 orationibus
1957 491 1975 530 :
2015 469 2286 543 regnante
2325 475 2543 529 Christo
2581 476 2708 529 Jesu
2741 473 2972 527 Domino
3002 476 3210 535 nostro,
3243 473 3330 524 cui
3359 477 3435 524 est
3463 487 3583 543 cum
3617 471 3781 524 Patre

369 543 430 615 et
451 539 668 615 Spiritu
695 547 884 595 sancto
931 543 1115 609 gloria
1143 550 1195 597 et
1224 547 1513 615 imperium
1561 549 1621 600 in
1664 547 1864 602 saecula
1907 539 2250 602 saeculorum.
2293 549 2488 602 Amen.
2522 547 2770 601 Inventa
2809 549 2936 599 sunt
2992 549 3172 597 autem
3203 543 3451 611 reliquiae
3480 542 3780 597 beatissimi

370 608 644 678 Stephani
672 615 833 666 tertio
863 630 1040 670 nonas
1068 608 1350 685 augustas.

933 855 1606 934 ADMONITIO
1658 861 1777 933 IN
1831 859 2498 934 EPISTOLAM
2547 852 3157 930 ANASTASH

1348 1011 1447 1071 ET
1478 1013 1556 1071 IN
1601 1010 2224 1083 SUBSEQUENTEM
2265 1008 2790 1071 SCRIPTURAM.

430 1235 512 1290 Ex
526 1238 712 1292 vetere
742 1235 889 1294 libro
909 1237 1261 1296 Floriacensi
1294 1241 1488 1312 prodit
1511 1243 1770 1314 Epistola
1801 1243 1922 1299 haec
1946 1244 2258 1312 Anastasii,
2284 1259 2399 1315 qua
2429 1242 2526 1298 ille
2564 1240 2855 1312 signiﬁcat
2875 1254 2906 1293 e
2927 1250 3110 1308 graeco
3145 1249 3416 1290 sermone
3437 1233 3496 1288 in
3522 1230 3774 1288 latinum

357 1325 701 1380 translatam
729 1341 832 1383 suo
863 1327 1059 1384 labore
1092 1332 1548 1404 subsequentem
1583 1333 1956 1404 scripturam.
1982 1335 2241 1399 Quonam
2279 1338 2512 1388 auctore
2543 1331 2771 1386 condita
2801 1343 2986 1399 graece
3017 1333 3070 1381 et
3101 1324 3352 1380 conﬁcta
3382 1322 3556 1380 fuerit
3588 1320 3774 1392 scrip-

353 1414 507 1478 tura,
541 1423 906 1486 compertum
940 1434 1053 1472 non
1082 1424 1205 1474 est:
1240 1420 1290 1474 ei
1322 1425 1516 1476 tamen
1551 1421 1724 1476 ﬁdem
1756 1422 1977 1478 addunt
2009 1421 2177 1477 multi
2209 1439 2239 1477 e
2270 1421 2506 1489 Graecis,
2539 1419 2638 1492 qui
2674 1417 3016 1490 plerumque
3043 1413 3204 1470 illam
3247 1411 3530 1484 Stephani
3563 1414 3777 1484 marty-

354 1501 458 1568 ris,
492 1519 667 1573 quam
702 1511 916 1575 narrat,
951 1507 1338 1565 detectionem
1390 1510 1561 1566 aliam
1596 1516 1652 1566 et
1675 1511 1733 1566 in
1767 1511 1969 1566 urbem
2003 1511 2565 1580 Constantinopolim
2610 1507 3053 1564 translationem
3081 1506 3347 1560 statuunt
3378 1504 3506 1574 post
3551 1499 3776 1570 aliquot

354 1606 541 1647 annos
571 1611 602 1648 a
633 1592 984 1651 revelatione
1036 1597 1186 1653 facta
1218 1598 1490 1656 Luciano.
1522 1599 1828 1655 Enimvero
1864 1600 2179 1670 contigisse
2227 1600 2530 1656 translatio
2561 1599 2679 1653 haec
2712 1597 2943 1661 dicitur,
2983 1616 3007 1646 α
3041 1609 3168 1649 cum
3201 1597 3357 1649 esset
3405 1589 3770 1646 reconditum

353 1679 539 1735 sancti
568 1680 850 1752 Stephani
877 1700 1089 1754 corpus
1120 1687 1496 1757 Jerosolymis
1530 1687 1587 1743 in
1619 1692 1822 1744 sancta
1856 1688 1991 1742 Sion
2027 1705 2040 1742 :
2077 1710 2105 1737 »
2129 1705 2242 1759 quo
2275 1689 2554 1743 nimirum
2588 1703 2620 1742 a
2649 1685 2873 1742 Joanne
2903 1682 3385 1754 lerosolymitano
3421 1678 3771 1735 translatum

353 1771 485 1838 post
514 1768 754 1824 Luciani
783 1772 1193 1830 revelationem
1229 1775 1360 1844 fuit,
1393 1777 1718 1832 secundum
1752 1776 1940 1848 ipsius
1972 1776 2293 1848 Epistulam
2345 1776 2604 1831 Luciani.
2658 1775 2932 1829 Attamen
2977 1769 3358 1842 Nicephorus,
3390 1767 3493 1823 lib.
3524 1766 3610 1834 14,
3642 1781 3769 1835 capo

349 1855 406 1923 9,
429 1857 604 1913 refert
647 1859 904 1930 primum
954 1861 1232 1933 Stephani
1282 1865 1563 1937 reliquias
1593 1866 2156 1938 Constantinopolim
2211 1865 2543 1937 deportatus
2593 1865 2704 1919 sub
2735 1862 3140 1930 Constantino,
3179 1867 3299 1915 tum
3351 1857 3514 1913 addit
3550 1859 3770 1927 partem

351 1947 668 2016 quamdam
700 1950 826 2020 ejus
857 1951 1256 2024 reliquiarum,
1276 1971 1403 2026 quae
1434 1955 1722 2012 occultata
1752 1955 1993 2011 forsitan
2025 1961 2082 2010 et
2109 1956 2308 2011 relicta
2329 1959 2453 2011 erat
2477 1955 2535 2008 in
2569 1953 2897 2019 Palaestina,
2925 1968 2957 2005 a
2980 1951 3230 2006 Luciano
3259 1954 3459 2020 postea
3482 1949 3768 2002 detectam

354 2034 554 2093 divina
596 2039 966 2098 revelatione.
1000 2047 1277 2100 Caeterum
1331 2047 1747 2117 subsequentis
1795 2046 2093 2116 scripturas
2144 2045 2458 2100 falsitatem
2486 2042 2740 2113 produnt
2786 2040 3063 2112 plurima,
3101 2056 3226 2110 qua
3257 2052 3391 2091 cum
3441 2041 3768 2106 temporum

355 2121 599 2183 historia
644 2137 929 2201 pugnant.
963 2132 1188 2188 Dicitur
1217 2135 1496 2203 Stephani
1552 2135 1779 2190 loculus
1821 2134 1879 2189 in
1911 2134 2162 2190 oratorio
2214 2151 2316 2204 per
2345 2133 2738 2188 Alexandrum
2790 2133 3085 2186 exstructo
3118 2149 3146 2178 «
3182 2128 3403 2199 positus
3455 2124 3766 2180 consulatu

356 2212 721 2274 Constantini
768 2221 1017 2291 Augusti
1065 2223 1255 2278 decies
1290 2239 1303 2277 :
1337 2247 1367 2274 »
1402 2229 1461 2280 at
1490 2224 1910 2280 Constantinus
1959 2227 2274 2295 imperator
2313 2226 2491 2278 octies
2538 2226 2768 2278 tantum
2809 2217 3013 2275 consul
3045 2217 3103 2272 in
3137 2215 3324 2272 Fastis
3366 2214 3764 2285 consignatur.

357 2301 630 2376 Cyrillus,
661 2308 762 2378 qui
789 2308 885 2364 hic
916 2312 1256 2368 nominatur
1284 2313 1593 2386 episcopus
1638 2313 2185 2386 Jerosolymitanus,
2220 2329 2333 2368 non
2367 2314 2474 2368 sub
2506 2311 2884 2367 Constantino
2915 2307 3173 2378 suscepit
3201 2305 3629 2377 episcopatum,
3664 2303 3764 2359 sed

357 2393 468 2450 sub
499 2395 856 2466 Constantio,
879 2399 1048 2455 annis
1073 2408 1224 2456 certe
1257 2403 1458 2459 multis
1490 2407 1620 2475 post
1644 2410 1887 2460 mortem
1917 2404 2152 2462 Eusebii
2186 2403 2470 2475 EpiscOpi,
2492 2403 2590 2474 qui
2623 2399 2903 2458 Eusebius
2934 2396 3322 2454 nihilominus
3351 2391 3767 2450 Constantino-

356 2482 473 2554 poli
505 2485 708 2542 sedere
736 2491 792 2542 et
820 2488 1094 2560 Stephani
1127 2507 1340 2564 corpus
1370 2493 1633 2564 excipere
1665 2495 1920 2567 ﬁngitur.

1550 2766 1886 2917 EPI
1909 2764 2586 2920 STOLA

858 3013 1752 3128 ANAS'I‘ASII
1864 3023 2080 3130 ΑΙ)
2202 3017 3262 3134 LANDULEUMa

359 3184 458 3245 DE
520 3185 955 3250 SCRIPTURA
1014 3191 1646 3253 TRANSLATIONIS
2460 3193 2877 3267 STEPHANI,
2958 3193 3177 3266 QUAM
3237 3194 3284 3254 E
3346 3192 3630 3254 GRECO
3686 3192 3763 3253 IN

353 2615 797 2636 ῃ

1827 3405 2301 3455 m9

357 3532 649 3590 [Ληουιεο
698 3538 920 3606 egregio
962 3543 1015 3592 et
1045 3537 1153 3592 Deo
1191 3537 1362 3607 digno
1405 3539 1658 3609 episcOpo
1716 3539 2002 3608 Copuano,

2117 3538 2226 3592 hoc
2270 3555 2304 3592 a
2351 3537 2606 3662 praefatae
2658 3536 2819 3592 urbis
2873 3535 3082 3593 incolis
3130 3537 3339 3592 obnixe
3403 3550 3656 3607 rogarer,
3701 3548 3767 3592 eo

2118 3611 2269 3662 auod
2303 3609 2340 3662 il
2375 3610 2426 3662 ic
2456 3609 2633 3662 huius
2681 3609 2954 3662 martvris
2985 3608 3270 3662 habeatur
3312 3611 3621 3662 templum.
3655 3607 3765 3662 ho-

427 3610 770 3666 ANASTASIUS
800 3611 1032 3677 exiguus
1062 3609 1392 3679 Apostolicaz
1423 3614 1439 3645 ί
1474 3610 2007 3677 bibliothecarius,in
2118 3611 2269 3679 quod
2303 3609 2385 3663 illi

2118 3611 2269 3682 quod
2303 3607 2633 3682 illic_hujus
2681 3609 2954 3679 martyris
2985 3608 3270 3664 habeatur
3312 3611 3621 3679 templum,
3655 3607 3765 3662 ho-

429 3680 658 3733 Domino
687 3680 937 3734 salutem.

432 3755 481 3804 1.
531 3751 674 3815 Quia
721 3762 923 3807 sancta
964 3751 1236 3818 Ecclesia,
1292 3753 1382 3807 cui
1435 3753 1854 3809 Venerabilitas
1903 3757 2008 3808 tua

357 3836 604 3892 praeesse
625 3824 888 3896 decenter
906 3825 1262 3896 agnoscitur,
1279 3825 1430 3880 beati
1455 3825 1722 3896 Stephani
1750 3825 2009 3895 reliquiis

357 3896 413 3947 et
443 3895 723 3950 memoria
753 3895 998 3968 celebris
1024 3900 1080 3950 et
1111 3895 1356 3968 insignis
1386 3895 1652 3964 habetur,
1673 3914 1738 3952 ac
1770 3914 1870 3968 per
1901 3897 2008 3952 hoc

357 3979 572 4037 magno
614 3981 750 4036 erga
779 3967 906 4036 ejus
939 3967 1311 4022 reverentiam
1356 3969 1642 4023 Sanctitas
1675 3967 1784 4023 tua
1807 3969 2009 4037 ﬂagrat

355 4036 562 4108 affectu
594 4053 607 4103 ;
641 4046 828 4092 ratum
863 4040 1022 4102 duxi,
1057 4055 1232 4108 penes
1266 4039 1641 4094 Mantuanam
1676 4036 2009 4095 urbem’Se-

357 4105 448 4161 dis
478 4109 804 4182 apostolicae
832 4105 1142 4182 legationis
1175 4111 1328 4180 apud
1363 4116 1650 4182 Augustos
1681 4111 1966 4180 eXplenda
1987 4112 2008 4144 ²

355 4193 532 4234 causa
580 4181 818 4250 degens,
846 4180 1305 4236 Translationem
1338 4180 1526 4250 ipsius
1559 4183 1703 4236 sacri
1753 4184 2008 4252 corporis

355 4264 536 4320 graec
567 4252 1053 4323 conscriptam,ac
1078 4269 1142 4306 ex
1165 4254 1476 4323 improviso
1511 4254 2006 4318 delatam,latine-

355 4336 469 4446 aue
500 4338 788 4393 nusquam
815 4342 846 4379 a
869 4339 960 4378 me
997 4329 1131 4378 ante
1149 4341 1388 4395 prorsus
1420 4327 1733 4394 inventam,
1769 4342 2007 4381 romano

397 4407 493 4446 are
517 4395 782 4446 sermoni.
804 4403 1030 4446 tuasoue
1056 4395 1160 4446 uiae
1192 4396 1488 4446 destinare
1514 4397 1801 4446 devotioni
1829 4414 1841 4446 ε
1867 4413 2007 4446 oua-

397 4407 493 4447 are
517 4395 782 4468 sermoni,
804 4403 1030 4468 tuasque
1056 4395 1160 4464 piae
1187 4396 1488 4468 destinare
1514 4397 1801 4452 devotioni
1829 4414 1841 4452 :
1867 4413 2008 4468 qua-

352 4465 526 4519 tenus
557 4481 660 4536 per
689 4466 800 4522 hoc
830 4471 888 4521 et
918 4467 1232 4522 otiositatis
1262 4485 1294 4523 a
1327 4485 1415 4523 me
1447 4485 1654 4524 rancor
1684 4465 2012 4524 excludere-

352 4537 560 4612 tu_r,_et
589 4536 844 4612 latinitas
874 4543 1171 4612 tantorum
1192 4540 1631 4612 _miraculorum
1675 4542 2008 4612 cognitione

353 4606 596 4663 minime
627 4608 1013 4665 fraudaretur.
1036 4609 1260 4665 Accidit
1291 4619 1508 4676 autem,
1533 4617 1596 4666 ut
1629 4606 1800 4667 etiam
1836 4627 2011 4683 super

418 4768 434 4830 ξ
467 4765 682 4830 Supple.
715 4768 889 4819 Sedis.

414 4828 436 4862 ²
464 4828 637 4890 Forte,
667 4830 984 4894 explendae.

2118 3679 2279 3736 uesta
2310 3679 2588 3752 qualitate
2618 3687 3037 3736 constructum.

2185 3754 2240 3809 2.
2274 3749 2514 3822 suscipe
2562 3753 2752 3823 itaque
2797 3752 2906 3807 hoc
2953 3751 3318 3822 cpusculum,
3353 3755 3412 3824 et
3442 3749 3590 3806 mira
3640 3765 3766 3824 qua

2119 3824 2344 3895 primus
2365 3824 2582 3879 Christi
2614 3825 2840 3880 Domini
2875 3828 3090 3896 Martyr
3119 3830 3293 3896 atque
3327 3823 3613 3896 Diaconus
3636 3823 3767 3894 post

2117 3897 2434 3951 transitum
2465 3896 2668 3968 gessit,
2701 3912 2945 3968 quasque
2979 3895 3123 3968 forte
3157 3895 3432 3952 hactenus
3458 3895 3763 3968 ignorasti,

2117 3967 2506 4040 comperiens,
2541 3967 2739 4022 laudes
2771 3967 2989 4024 anetori
3021 3967 3228 4038 dignas
3259 3967 3507 4040 repende
3539 3982 3554 4022 :
3583 3967 3768 4040 diem-

2117 4057 2230 4110 que
2256 4037 2744 4105 anniversarium,
2778 4041 2890 4094 mei
2923 4037 3163 4110 quoque,
3198 4037 3675 4101 non'immemor,
3705 4037 3766 4092 in

2116 4109 2295 4180 huius
2327 4111 2612 4166 mirabilis
2641 4109 3042 4166 translationis
3064 4109 3534 4166 celebrationem
3559 4110 3769 4180 solem-

2116 4179 2266 4237 niter
2295 4199 2418 4255 age.
2443 4185 2549 4237 Sed
2583 4183 2860 4255 quoniam
2898 4189 3038 4238 tunc
3067 4181 3583 4255 temporisibidem
3620 4179 3767 4252 posi-

2116 4260 2207 4308 tus
2239 4252 2563 4309 sermonem
2599 4252 2986 4309 nihilominus
3010 4252 3280 4324 quem—de
3311 4252 3640 4322 virginitate
3661 4268 3770 4324 su-

2117 4342 2220 4408 per
2249 4329 2508 4409 Anna-et
2537 4326 2829 4409 Simeone,
2863 4326 2980 4409 imo
3012 4322 3184 4409 quem
3226 4325 3514 4409 de‘t‘ribus
3547 4322 3770 4409 profes-

2118 4393 2380 4452 sionibus
2412 4397 2854 4466 Amphilochius
2883 4393 3063 4452 lconii
3099 4396 3310 4467 praesul
3341 4395 3645 4462 habuerat,
3677 4393 3770 4448 in-

2117 4472 2472 4540 terpretatus
2521 4485 2676 4540 sum,
2707 4473 2763 4524 et
2795 4468 2951 4523 hunc
2998 4485 3231 4540 quoque
3258 4483 3397 4540 cum
3449 4471 3768 4540 memorato

2121 4539 2294 4594 simul
2319 4539 2597 4610 apusculo
2619 4539 3030 4596 Sanctimoniaa
3054 4539 3167 4595 tua)
3193 4539 3423 4594 mittere
3444 4539 3767 4610 procuravi.

2119 4609 2416 4682 Spirituali
2464 4611 2679 4682 quippe
2721 4612 2801 4666 nil
2841 4613 2958 4668 fore
2986 4612 3352 4668 commodius
3380 4609 3558 4682 duxi,
3592 4624 3774 4680 quam,

2119 4680 2451 4754 spiritualia
2481 4680 2820 4750 'offerenda,
2871 4683 3202 4742 Beatitudo‘.
3226 4688 3328 4754 tua
3376 4680 3436 4754 in
3485 4686 3767 4754 internum

2116 4751 2306 4810 valeat
2328 4755 2437 4811 mei
2462 4756 3162 4827 memor,impetrantibus
3185 4752 3285 4808 Dei
3305 4752 3474 4806 sedes
3496 4751 3773 4806 orationi-

2116 4827 2228 4882 bus
2258 4827 2402 4883 suis.

1472 5065 2656 5221 SCRIPTURA

956 5315 1104 5387 DE
1159 5313 2052 5393 ΤειΑκςιΑτιοηΕ
2106 5315 2515 5392 SANCTI
2566 5312 3150 5392 STEPHANI

1289 5460 1390 5520 DE
1418 5461 1874 5523 JERUSALEM
1915 5461 1992 5522 IN
2026 5461 2290 5523 URBEM
2333 5459 2823 5523 BYZANTIUM.

1849 5603 2270 5662 ﬁmi!-

425 5741 477 5798 1.
495 5737 737 5814 Factum
759 5744 1009 5809 est,cum
1032 5743 1185 5814 esset
1206 5742 1568 5798 reconditum
1590 5758 1803 5814 corpus
1820 5741 2009 5800 sancti

350 5812 630 5886 Stephani
655 5812 826 5886 primi
852 5813 1125 5886 martyris
1152 5813 1524 5886 Jsrosolymis
1543 5815 1600 5870 in
1629 5812 1829 5870 sancta
1848 5815 2006 5882 Sion,

348 5885 411 5941 in
461 5884 674 5942 diebus
702 5884 946 5941 Joannis
972 5885 1226 5957 episcopi
1255 5884 1752 5958 Jerosolymitani,
1786 5891 1851 5942 ut
1874 5886 2004 5942 Ale-

2117 5743 2334 5799 xander
2356 5742 2596 5816 quidam
2640 5745 2977 5800 senatorum
3021 5740 3316 5815 posuisset
3360 5740 3418 5798 in
3444 5740 3632 5801 animo
3663 5758 3770 5800 suo

2119 5821 2456 5872 construere
2494 5817 2804 5872 oratoriam
2839 5817 3091 5872 domum
3115 5816 3298 5873 sancti
3322 5816 3620 5886 Stephani.
3644 5819 3770 5882 Quo

2119 5889 2719 5959 peracto,dcprecatus
2739 5893 2829 5944 est
2846 5889 3091 5944 multum
3105 5889 3386 5945 Joannem
3402 5890 3772 5961 episcopum,
