4146 6198
308 181 430 244 819

310 323 378 376 ut
406 316 678 375 conderet
705 328 916 382 corpus
945 309 1129 366 sancti
1164 307 1428 382 martyris
1456 306 1738 382 Stephani
1771 305 1832 382 in
1864 319 1959 360 eo-

313 393 445 447 dem
477 387 750 445 oratorio.
773 378 933 439 Tunc
964 399 1098 450 ergo
1121 378 1429 452 episcopus
1460 381 1647 450 posuit
1675 378 1960 445 loculum,

313 470 372 518 et
402 461 635 516 titulum
667 457 845 512 clavis
876 454 1114 508 contixit
1135 453 1475 519 forinsecus,
1507 467 1707 506 mense
1737 452 1966 504 decem-

312 534 424 600 bri,
459 534 552 587 die
583 533 790 602 quarta
821 526 1067 602 decima,
1096 525 1412 602 indictiope
1443 524 1648 602 quinta
1671 525 1965 602 _',.consu‘-.

316 589 434 660 latu
468 589 686 658 dom-Ini
720 599 900 652 nostri
925 589 1294 666 imperatoris
1325 589 1680 650 Constantini
1716 589 1973 664 Augusti

316 677 526 730 decies.
560 675 762 741 Itaque
807 673 934 738 post
977 685 1160 722 annos
1209 668 1469 738 quinque
1503 667 1560 721 in
1611 666 1972 741 infirmatam

316 746 581 802 incidens
611 737 939 796 Alexander
969 737 1660 807 senator,’testamentum
1698 737 1826 790 fecit
1848 751 1974 807 san-

320 823 420 872 ctae
457 814 722 868 Ecclesiae
753 816 810 866 et
841 806 1215 882 pauperibus
1242 818 1419 880 atque
1449 807 1678 880 conjugi
1713 823 1830 882 sua;
1861 806 1972 860 Ju—

319 888 816 952 lianaa,adjurans
842 879 1123 937 Ioannem
1157 879 1493 952 episcOpum
1529 897 1626 951 per
1663 879 1971 952 Dominum

320 947 579 1014 nostrum
608 947 811 1012 desum
845 954 1157 1018 Christum,
1195 947 1265 1008 Ut
1295 947 1423 1024 po'st
1471 947 1722 1012 obitum,
1759 947 1969 1018 inquit,

322 1047 518 1086 meum
554 1029 654 1082 ﬁat
678 1027 904 1082 loculus
939 1027 1220 1095 persicus,
1244 1023 1305 1079 et
1329 1025 1511 1079 locate
1544 1023 1818 1091 mejuxta
1846 1036 1976 1095 san-

323 1103 398 1158 cti
431 1099 870 1172 protomartyris
917 1094 1199 1172 Stephani
1230 1095 1524 1172 tumulum
1559 1111 1572 1172 _:
1610 1110 1741 1172 nam
1783 1094 1974 1172 etndo-

325 1163 482 1228 mum
513 1173 640 1242 ejus
670 1163 946 1242 aediﬁcavi
998 1163 1065 1222 ex
1117 1183 1238 1222 mea
1287 1168 1629 1242 substantia.
1663 1165 1784 1227 Quo
1825 1163 1978 1242 dicto

324 1235 599 1300 dormivit
637 1245 694 1296 in
733 1241 1160 1312 pace._Postera
1195 1255 1324 1294 vero
1355 1240 1448 1312 die
1479 1240 1714 1312 veniens
1751 1235 1976 1312 episcoj

325 1333 438 1387 pus
470 1331 584 1369 una
633 1308 764 1367 cum
799 1310 1171 1387 multitudine
1206 1309 1425 1387 populi,
1461 1310 1705 1364 sustulit
1735 1322 1891 1371 eum,
1925 1308 1979 1358 et

329 1383 714 1459 posuitjuxta
753 1387 1025 1437 sanctum
1072 1383 1431 1459 Stephanum
1477 1386 1976 1459 protomartyrem.

399 1459 453 1514 2.
477 1451 615 1512 Post
643 1463 770 1511 octo
803 1460 997 1508 autem
1031 1451 1216 1508 annos
1239 1454 1474 1508 Juliana
1505 1469 1646 1506 uxor
1678 1451 1804 1520 ejus
1834 1451 1983 1520 cogig

329 1533 460 1584 tans
492 1535 549 1584 et
594 1545 722 1583 esse
755 1528 970 1581 bonum
1020 1525 1380 1593 existimans,
1413 1523 1595 1578 voluit
1645 1519 1854 1592 corpus
1877 1519 1980 1572 viri

331 1601 552 1666 tollere,
587 1616 652 1652 ac
681 1601 901 1652 deferre
935 1597 1270 1666 Byzantium
1308 1598 1362 1650 in
1424 1594 1745 1666 propriam;
1761 1607 1984 1666 posses-

335 1663 581 1725 sionem.
615 1671 683 1722 Et
717 1670 824 1722 hoc
855 1663 1177 1734 conetliata,
1207 1663 1456 1737 profecta
1489 1663 1577 1720 est.
1607 1666 1675 1737 ad
1709 1663 1983 1737 Cyrillum

333 1739 891 1811 Jerosolymitanum
925 1733 1291 1806 episcopum,
1321 1743 1379 1811 et
1403 1737 1547 1811 dixit
1578 1736 1629 1790 ei
1667 1751 1678 1787 :
1711 1734 1852 1797 Quia
1882 1733 1984 1787 viri

338 1813 448 1868 mei
483 1807 691 1879 corpus
725 1809 848 1863 volo
877 1816 1104 1878 portare
1150 1808 1484 1880 Byzantium
1517 1807 1576 1860 in
1619 1822 1805 1880 meam
1849 1821 1985 1874 pos-

339 1876 688 1938 sessionem.
722 1883 824 1941 Qui
877 1876 1019 1933 dixit
1053 1880 1102 1933 ei
1139 1897 1152 1932 :
1189 1876 1311 1933 Non
1364 1894 1618 1950 possumy
1648 1879 1750 1930 hoc
1780 1876 1986 1950 facere,

339 1959 395 2010 et
421 1952 700 2024 populum
725 1952 1089 2024 conturbare.
1116 1951 1278 2024 Tunc
1307 1948 1826 2024 Julianaplorans,
1849 1948 1989 2000 abiit

341 2028 400 2079 in
421 2020 662 2079 domum
691 2039 878 2085 suam,
900 2030 955 2075 et
988 2023 1202 2076 faciens
1234 2021 1456 2075 litteras
1486 2020 1648 2074 misit
1677 2036 1747 2087 ap
1772 2024 1988 2088 patrem

342 2112 515 2151 suum
549 2095 569 2128 ³
601 2093 854 2160 Byzantii
910 2099 1189 2162 poeitum,
1234 2094 1496 2147 scribens
1546 2092 1623 2144 ita
1654 2106 1720 2162 :7«
1757 2089 1992 2158 Propria

342 2167 462 2221 illia
494 2172 591 2219 tua
621 2164 874 2228 Juliana,
902 2161 1044 2233 patri
1077 2180 1203 2218 meo
1236 2166 1292 2218 in
1326 2163 1570 2218 Domino
1603 2161 1871 2216 salutem.
1897 2162 1990 2214 Do-

344 2245 543 2292 centes
567 2234 589 2269 ³
613 2235 861 2290 honores
891 2236 1090 2300 oti'ero,
1123 2243 1177 2289 et
1203 2251 1340 2304 rogo
1373 2241 1608 2305 praestes
1639 2233 1781 2286 mihi
1814 2249 1928 2305 quo
1961 2248 1994 2286 a

343 2313 400 2364 te
431 2307 738 2374 suscipiar.
765 2307 908 2360 Nam
944 2323 1058 2362 non
1090 2307 1244 2361 dicta
1268 2303 1458 2362 verbis
1491 2305 1722 2360 blandis
1755 2303 1990 2374 repleta,

347 2381 447 2435 sed
499 2378 712 2434 caelesti
746 2379 1018 2448 mysterio
1066 2379 1348 2439 nuntiata.
1382 2393 1569 2448 neque
1613 2375 1993 2446 compositam

346 2452 537 2506 verbis
570 2450 873 2504 rhetoricis
896 2449 1196 2504 suadelam
1232 2449 1717 2515 circumferentia,
1741 2448 1837 2501 sed
1866 2462 1995 2517 pre-

349 2539 444 2578 ces
474 2522 660 2592 dirigo
693 2521 764 2576 ad
801 2526 1022 2592 patrem
1055 2537 1251 2575 meum
1284 2526 1342 2575 et
1371 2520 1700 2587 dominum,
1721 2518 1994 2592 quoniam

347 2595 466 2648 vim
519 2590 702 2664 patior
733 2609 766 2646 a
799 2590 1161 2664 principibus
1210 2599 1273 2647 ut
1314 2593 1507 2658 vidua,
1541 2607 1713 2645 causa
1761 2590 1996 2659 nuptia-

351 2681 499 2721 rum.
531 2663 792 2718 Accelera
824 2680 958 2733 ergo
992 2672 1054 2717 ut
1084 2666 1185 2718 tiat
1214 2666 1405 2730 Sacra,
1430 2669 1484 2718 et
1517 2664 1783 2716 mittatur
1811 2677 1998 2733 ayma-

350 2754 464 2805 gno
497 2737 838 2805 imperatore
865 2731 1526 2806 COnstantino‘,Cyrillo
1552 2731 2001 2806 episcopo_Jero-

353 2804 722 2875 solymitano.
751 2812 814 2860 ut
843 2807 1065 2861 veniam
1101 2814 1156 2862 et
1183 2808 1332 2877 ipsa,
1365 2804 1683 2877 maritique
1736 2804 1848 2877 mei
1880 2820 2001 2877 cor-

353 2895 463 2948 pus
495 2879 726 2931 atferam
753 2881 820 2930 ad
858 2875 1281 2948 possessionem
1318 2894 1522 2932 meam.
1550 2875 1688 2930 {At
1719 2875 1812 2930 ille
1845 2875 1997 2948 acci-

354 2946 521 3019 piens
572 2949 804 3004 Sacram
858 2946 889 3002 ξι
935 2965 1142 3020 magno
1200 2951 1542 3018 imperatore
1578 2946 1998 3020 Constantino,

354 3020 510 3075 misit
536 3036 662 3074 eam
696 3020 904 3090 Cyrillo
935 3023 1204 3091 episcopo
1243 3019 1642 3091 Jerosolymis.

423 3092 475 3145 3.
513 3093 712 3162 Itaque
743 3087 986 3146 Sacram'
1011 3087 1320 3161 episcopus
1350 3087 1569 3162 legens,
1605 3095 1661 3144 et
1684 3087 1998 3162 contradi-

353 3179 481 3219 cere
509 3159 631 3217 non
645 3163 863 3227 valens,
889 3159 1128 3216 adduxit
1150 3159 1479 3228 mulierem,
1503 3166 1558 3216 et
1579 3161 1722 3216 dixit
1742 3160 1792 3214 ei
1819 3176 1832 3212 :
1856 3159 2004 3223 Quo-

353 3236 523 3290 modo
578 3251 894 3305 possumus
946 3235 1049 3288 boc
1083 3236 1290 3302 facere,
1324 3251 1454 3288 cum
1505 3234 1759 3288 nesciam
1796 3232 1894 3305 qui
1928 3231 2004 3284 sit

358 3302 590 3361 loculus
617 3307 799 3360 sancti
837 3306 1004 3375 primi
1042 3309 1313 3377 martyris
1344 3305 1643 3376 Stephani,
1665 3309 1722 3377 et
1752 3302 1852 3372 qui
1884 3318 2004 3356 ma-

362 3377 455 3432 riti
487 3378 621 3432 tui?
649 3378 756 3432 Sed
791 3378 1006 3431 vadens
1041 3375 1296 3448 praepara
1340 3394 1466 3448 qua:
1499 3375 1689 3448 itineri
1734 3391 2004 3448 necessa-

359 3451 446 3504 ria
475 3454 632 3515 sunt,
654 3456 721 3518 iet
752 3448 944 3503 indica
984 3445 1148 3503 mihi.
1183 3445 1848 3520 Qumfpraeparatisbis
1879 3461 2005 3520 quin

359 3520 548 3576 itineri
585 3516 930 3582 congruunt,
967 3522 1214 3591 perrexit
1255 3521 1324 3574 ad
1358 3516 1785 3591 episcopumin
1819 3516 2005 3591 eccle-

359 3593 463 3647 sia.
499 3589 1032 3662 Advesperascen‘te
1062 3599 1255 3646 autem
1304 3589 1652 3662 profundius
1683 3589 2000 3662 descende-

359 3671 498 3719 runt
532 3666 584 3716 in
616 3660 952 3730 oratorium,
979 3665 1075 3717 ubi
1103 3660 1333 3732 jacebat
1366 3663 1655 3733 lipsanum
1690 3660 1883 3714 Sancti
1911 3664 2006 3733 :_et

357 3735 685 3804 aperientes
720 3730 1458 3804 positionem,invenerunt
1494 3733 1716 3788 loculos
1749 3730 2007 3804 diuos._Et

363 3801 507 3860 dixit
554 3801 861 3876 episcopus
911 3805 1134 3860 mulieri
1171 3806 1331 3860 :Non
1365 3805 1494 3860 novi
1538 3805 1637 3876 qui
1677 3803 1752 3876 sit
1781 3801 2005 3876 loculus

364 3876 542 3932 sancti
575 3872 1012 3947 protomartyris
1037 3877 1335 3946 Stephani,
1360 3883 1416 3932 et
1437 3877 1536 3948 qui
1558 3872 1876 3948 hiarititui.
1903 3872 2006 3948 Cui

362 3945 614 4004 mulier:
647 3949 786 4018 Ego,
823 3945 1032 4018 inquit,
1067 3945 1198 4004 novi
1231 3952 1327 4019 qui
1373 3945 1836 4019 sit—locutusviri
1865 3945 2007 4019 Amei,

362 4019 636 4091 quoniam
662 4017 765 4090 ego
793 4017 1070 4074 feci’eum.
1091 4017 1577 4090 Tunc‘episcopus
1601 4017 1840 4091 audiens
1865 4017 2008 4082 haec,

353 4089 535 4163 jussit
565 4092 615 4146 ei
648 4089 846 4146 tollere
877 4107 1046 4162 quem
1082 4089 1373 4146 nosset.Et
1404 4092 1614 4163 impetu
1651 4089 1850 4163 abiens
1880 4106 2007 4141 am-

364 4161 591 4234 plexata
637 4169 724 4218 est
772 4161 1063 4234 lipsanum
1096 4165 1281 4220 sancti
1333 4161 1633 4233 Stephani,
1667 4161 2009 4234 existimans

367 4231 494 4290 esse
524 4235 715 4289 mariti
748 4231 834 4290 sui
869 4252 1099 4306 corpus.
1134 4237 1198 4290 Et
1230 4231 1531 4306 accipiens
1554 4233 1746 4306 posuit
1776 4231 1914 4284 illud
1951 4231 2009 4284 in

365 4307 652 4362 lecticam.
691 4311 755 4360 Et
807 4303 1128 4361 valedicens
1177 4308 1466 4377 episcopo,
1500 4305 1620 4357 ibat
1651 4303 1858 4377 itinere
1905 4317 2010 4355 suo

363 4380 646 4448 gaudens.
680 4377 744 4430 Et
795 4393 894 4445 per
919 4383 1099 4431 totam
1148 4373 1388 4431 no'ctem'
1429 4373 1905 4448 hymnusyfactus
1926 4380 2012 4427 est

365 4444 421 4500 in
457 4448 564 4511 via,
601 4453 655 4499 et
687 4444 828 4500 odor
858 4448 1139 4514 unguenti
1191 4448 1476 4500 suavitate
1511 4445 1697 4500 referti
1734 4444 2008 4514 spirabat.

366 4517 541 4572 Porro
593 4514 834 4585 spiritus
884 4517 1168 4572 immundi
1204 4517 1534 4572 clamabant
1581 4517 1882 4570 dicentes:
1916 4515 2010 4568 Vae.

365 4587 554 4655 nobis,
579 4587 715 4659 quia
747 4593 1132 4661 protomartyr
1154 4589 1482 4660 Stephanus
1514 4587 1875 4661 transit,diro
1907 4604 2011 4661 nos

362 4658 675 4716 verberans
703 4658 854 4732 igne.
892 4658 1097 4716 Mulier
1119 4658 1309 4717 autem
1344 4661 1400 4715 in
1425 4660 1689 4716 vehiculo
1721 4676 1831 4732 suo
1851 4658 2014 4732 sede-

364 4734 484 4800 bat,
515 4737 573 4789 et
621 4730 783 4804 pueri
814 4731 1193 4790 ambulabant
1239 4750 1432 4788 coram
1472 4733 1698 4798 lectica,
1727 4735 1784 4804 et
1816 4730 2013 4804 formi-

366 4807 582 4861 dabant
609 4799 903 4878 dicentes:
937 4805 1082 4869 Quid
1115 4813 1201 4861 est
1230 4806 1376 4878 quod
1410 4804 1619 4878 accidii
1651 4801 1840 4878 nobis,
1875 4799 2016 4878 quia

365 4878 607 4948 spiritus
652 4875 903 4948 clamant
930 4878 1001 4932 de
1030 4872 1567 4948 sancto'Stephano
1597 4875 1626 4927 ?
1650 4875 1902 4948 Putasne
1926 4872 2014 4948 ip-

367 4944 493 5003 sius
540 4955 624 5003 cst
659 4947 763 5002 hoc
794 4965 1028 5019 corpus,
1069 4958 1120 5004 et
1171 4966 1276 5004 nos
1324 4944 1617 5004 nescimus
1643 4946 1670 5001 ‘l
1703 4944 2016 5019 Multitudo

369 5019 521 5074 enim
573 5016 919 5088 Angelorum
967 5024 1100 5074 ante
1131 5019 1390 5075 lecticam
1440 5022 1657 5074 canunt
1704 5016 2011 5088 hymnum.

367 5091 475 5146 Sed
510 5089 646 5160 quid
699 5091 999 5154 faciemus,
1032 5093 1267 5145 domina
1315 5095 1513 5145 nostra
1545 5090 1571 5144 ?
1603 5090 1862 5160 Forsitan
1896 5104 2013 5160 non

367 5167 453 5218 est
469 5159 570 5217 viri
598 5163 680 5215 tui
715 5178 943 5229 corpus,
969 5163 1068 5216 sed
1102 5162 1288 5216 sancti
1310 5159 1742 5231 protomartyris
1774 5159 2015 5229 Stepha-

368 5233 450 5288 ni.
501 5232 665 5287 Tunc
693 5233 788 5287 illa
821 5233 913 5288 his
935 5233 1173 5300 auditis,
1197 5234 1340 5289 ﬂens
1364 5231 2015 5302 tacebat.Praecepitque

368 5305 563 5376 pueris
582 5306 829 5388 "nemini
881 5305 1067 5388 dicere
1098 5322 1224 5375 quae
1257 5303 1895 5388 sibihapparn‘er'antin
1919 5302 2017 5388 iti-

369 5374 501 5432 nere
535 5392 548 5430 :
581 5376 692 5431 Sed
724 5377 771 5430 si
805 5376 939 5447 quis
970 5374 1434 5448 interrogaverit,
1464 5374 1673 5448 inquit,
1697 5375 1755 5430 in
1789 5374 2014 5429 civitate

427 5519 444 5583 ἢ
499 5518 579 5568 Ita
629 5521 974 5570 Floriaeensis
1021 5521 1431 5583 manuscriptus.
1478 5522 1544 5569 At
1590 5520 1754 5569 codex
1796 5517 2018 5583 Joannis

363 5581 656 5647 Ulimmerii
689 5585 777 5644 qui
805 5585 943 5632 hanc
960 5585 1272 5646 scripturam
1293 5581 1505 5647 primus
1529 5583 1788 5643 vulgavit,
1821 5582 2018 5642 aliique

365 5645 548 5703 postea
575 5646 702 5691 editi
732 5647 949 5704 habent,
988 5645 1370 5694 indictione'n.
1403 5647 1466 5695 Et
1493 5646 1651 5701 intra,
1681 5647 1872 5706 Itaque
1894 5650 2018 5705 post

368 5717 550 5750 annos
601 5718 633 5748 ll

434 5761 1126 5832 11S_ic_l_"_lor.iacensiscodex
1175 5767 1310 5817 Editi
1347 5781 1489 5823 vero,
1521 5767 1592 5815 ad
1613 5765 2016 5830 presbyterum.

379 5861 394 5892 ί
493 5824 556 5892 [ᾳ.
582 5823 1034 5892 l’loriace_ns*i__ltls..
1071 5833 1363 5878 Ducentos.

439 5883 461 5950 ξ
507 5883 848 5950 l-‘ioriacensis
889 5887 981 5932 Ms.
1037 5891 1133 5950 hoc
1179 5894 1312 5949 loco,
1359 5891 1727 5950 Constantio;
1779 5889 1868 5938 sed
1898 5904 2021 5938 mox

376 5943 518 5993 intra
546 5941 722 5994 habet,
759 5943 1136 5997 Constantino.

1789 168 2209 234 APPENDIX.

3617 165 3739 229 820

2071 309 2173 360 aut
2219 305 2278 360 in
2313 305 2548 376 regione
2596 304 2764 375 cujus
2797 302 2874 360 sit
2919 302 3041 358 haec
3080 301 3304 376 lectica,
3336 301 3513 376 dicite
3547 319 3561 358 :
3594 303 3741 368 Quia

2076 377 2264 434 mariti
2314 374 2565 432 dominae
2595 374 2805 432 nostras
2836 383 2940 442 est,
2975 380 3033 430 et
3063 374 3222 429 vadit
3273 374 3640 443 Byzantium.
3677 377 3742 429 ln

2075 450 2276 504 eadem
2296 465 2429 504 vero
2454 455 2618 503 nocte
2643 448 3024 503 transivimus
3047 446 3388 500 mansiones
3415 446 3742 501 tres.Porro

2079 521 2332 576 interdiu
2380 520 2829 591 quiescentibus,
2863 525 2919 591 et
2950 534 3079 574 sero
3115 519 3517 591 incedentibus
3552 517 3744 591 nobis,

2081 594 2318 661 spiritus
2353 589 2641 662 profunda
2672 597 2834 646 nocte
2869 590 3203 645 clamabant
3232 589 3490 644 dicentes
3518 608 3533 649 :
3565 589 3742 644 Tran-

2085 664 2162 718 sit
2212 664 2260 717 is
2292 661 2390 734 qdi
2444 663 2689 731 ﬂagellat
2725 679 2867 728 nos;
2903 679 3016 717 non
3071 677 3390 732 possumus
3434 663 3580 716 ferre
3632 661 3754 715 vir-

2087 740 2266 789 tutem
2297 733 2483 789 sancti
2516 735 2792 804 corporis,
2817 734 2954 804 quia
2985 733 3147 802 ignis
3178 739 3288 798 est,
3311 738 3368 788 et
3397 734 3610 788 acriter
3640 749 3749 788 nos

2087 806 2385 861 consumit
2419 822 2431 861 :
2468 824 2581 860 non
2614 807 2968 861 sustinentes
2995 808 3113 858 vim
3147 806 3329 859 sancti
3365 810 3747 876 protomarty-

2087 879 2167 932 ris
2215 878 2516 948 Stephani.
2553 879 2845 933 Sanitates
2895 884 3086 931 autem
3129 881 3188 931 et
3237 877 3481 932 virtutes
3531 876 3752 931 ﬂebant

2087 949 2288 1004 multis
2327 952 2383 1003 in
2417 951 2528 1004 via.

2163 1021 2214 1076 4.
2249 1023 2424 1076 Porro
2473 1020 2837 1091 pervenimus
2880 1017 3225 1091 Ascalonem
3273 1019 3648 1086 maritimam,
3692 1022 3754 1072 et

2091 1091 2423 1148 invenimus
2453 1090 2641 1146 navim
2671 1101 2903 1147 euntem
2934 1090 3296 1162 Byzantium,
3320 1097 3754 1160 convocatoque

2096 1164 2392 1229 nauclero,
2429 1165 2636 1219 mulier
2666 1164 2825 1217 dedit
2851 1163 2903 1217 ei
2933 1164 3359 1234 quinquaginta
3390 1179 3626 1232 aureos,
3657 1162 3751 1215 di-

2093 1251 2230 1290 cens
2258 1253 2269 1289 :
2298 1237 2446 1300 Quia
2468 1240 2754 1292 secretum
2780 1235 2964 1290 habeo
2989 1235 3091 1288 tibi
3123 1249 3418 1298 enarrare,
3437 1239 3494 1289 et
3523 1249 3595 1289 ne
3619 1249 3755 1287 con-

2093 1308 2340 1361 tradicas
2374 1309 2536 1361 mihi.
2567 1307 2846 1362 Loculum
2881 1304 3063 1360 habeo
3087 1306 3514 1376 deportandum
3540 1306 3756 1376 Byzan-

2093 1379 2255 1442 tium,
2291 1395 2465 1448 quem
2501 1381 2726 1433 salvum
2764 1381 2909 1432 ferre
2935 1393 3198 1446 procura,
3232 1382 3287 1432 et
3317 1376 3562 1432 habebis
3599 1392 3755 1431 mer—

2094 1447 2394 1504 cedem’ab
2425 1449 2812 1521 omnipotenti
2843 1448 2978 1521 Deo.
3004 1448 3111 1512 Qui
3145 1449 3290 1502 dixit
3319 1449 3404 1502 ei:
3447 1447 3590 1503 Nolo
3622 1464 3756 1501 con-

2091 1521 2377 1576 tradicere
2393 1519 2638 1576 domina:
2658 1537 2822 1588 mere,
2838 1519 2939 1591 qui
2965 1535 3215 1592 magnus
3241 1523 3432 1575 tecum
3455 1525 3545 1575 est
3569 1522 3762 1590 proto-

2099 1593 2748 1664 martyrStephanus,et
2771 1593 2962 1662 inipso
2984 1595 3074 1664 est
3094 1592 3209 1646 vita
3223 1607 3349 1664 mea
3371 1599 3425 1646 et
3446 1607 3580 1664 spies
3606 1606 3755 1664 mea,

2099 1667 2236 1734 quia
2253 1661 2456 1719 Vvideru
2472 1670 2531 1718 nt
2552 1665 2703 1720 oculi
2725 1664 2834 1718 mei
2860 1663 3276 1732 gloriosissima
3297 1661 3647 1734 hodie.Veni
3673 1678 3760 1717 er-

2099 1733 2437 1804 go,domina
2459 1742 2668 1803 mea,et
2694 1736 2978 1790 adscende
3003 1735 3217 1790 navim.
3244 1733 3575 1803 Navigaturi
3598 1734 3756 1788 enim

2099 1823 2305 1862 sumus
2335 1825 2469 1862 cum
2505 1811 2710 1862 virtute
2745 1807 2842 1862 Dei
2877 1812 2935 1862 et
2965 1806 3151 1861 sancti
3182 1806 3633 1877 corporis.Tunc
3665 1805 3756 1859 in-

2097 1880 2461 1934 troeuntibus
2509 1881 2783 1934 omnibus
2812 1878 2871 1932 in
2921 1878 3138 1945 navim,
3173 1877 3362 1932 soluta
3407 1882 3493 1932 est
3538 1894 3572 1930 a
3600 1883 3759 1931 terra

2097 1957 2266 2005 vento
2301 1967 2593 2020 prospero.
2628 1952 2691 2004 Et
2726 1951 3017 2005 venientes
3049 1951 3105 2004 in
3140 1950 3398 2003 medium
3429 1947 3636 2018 pelagi,
3661 1965 3757 2002 su-

2099 2022 2220 2076 bito
2253 2028 2569 2092 tempestas
2603 2024 2747 2077 facta
2778 2028 2884 2091 est,
2911 2022 2987 2076 ita
3020 2027 3083 2075 ut
3115 2020 3326 2075 ﬂuctus
3352 2020 3754 2075 exaltarentur

2102 2109 2271 2162 super
2293 2098 2656 2148 armamenta
2689 2093 2872 2148 navis.
2898 2093 2963 2147 Et
2996 2092 3139 2148 mari
3165 2092 3386 2148 fortiter
3417 2092 3756 2159 ﬂuctuante,

2105 2174 2257 2221 metu
2292 2165 2507 2220 detenti
2535 2172 2959 2236 surgentesque
2980 2179 3176 2219 omnes
3210 2165 3591 2236 adoraverunt
3628 2179 3758 2217 san—

2103 2245 2260 2293 ctum
2339 2254 2569 2308 corpus.
2629 2235 2772 2292 Cum
2814 2235 3004 2292 autem
3078 2236 3478 2308 plorarent_et
3531 2235 3755 2308 ﬂerent,

2104 2314 2342 2380 repente
2401 2305 2680 2363 serenitas
2741 2324 2954 2379 magna
3007 2305 3200 2364 exorta
3258 2312 3348 2380 est
3393 2305 3456 2380 in
3488 2306 3764 2380 mari,__et

2106 2377 2380 2451 apparuit
2431 2382 2515 2435 eis
2566 2384 2803 2435 sanctus
2845 2377 3249 2450 protomartyr
3305 2377 3634 2451 Stephanus
3665 2377 3761 2431 di-

2107 2449 2288 2506 cens:
2352 2453 2463 2522 Ego
2522 2468 2678 2519 sum,
2714 2449 2891 2506 nolite
2943 2452 3164 2506 timere.
3190 2449 3468 2522 ’Quodyeo
3510 2449 3757 2513 dicente,

2106 2523 2354 2579 cessavit
2400 2520 2629 2589 ventus,
2671 2528 2727 2577 et
2772 2525 2922 2578 facta
2960 2528 3052 2577 est
3097 2520 3496 2592 tranquillitas
3544 2536 3761 2589 magna

2108 2596 2328 2664 (Matth.
2361 2611 2484 2657 vm,
2513 2596 2628 2663 2d).
2664 2594 2833 2650 Mane
2864 2599 3058 2649 autem
3096 2595 3245 2649 facto
3272 2595 3538 2648 venimus
3567 2594 3636 2647 ad
3662 2609 3761 2664 an-

2108 2663 2277 2734 gusta
2308 2666 2604 2721 Chalantis
2637 2670 2869 2736 propter
2900 2666 3221 2737 principem
3246 2668 3568 2737 Augustum
3584 2668 3630 2737 γί.
3654 2663 3763 2719 Su-

2109 2739 2227 2793 bito
2269 2743 2464 2792 autem
2500 2735 2665 2792 terra;
2698 2735 3110 2792 motus'factus
3146 2745 3232 2792 est
3263 2735 3494 2791 inloco
3534 2735 3656 2804 illo,
3683 2737 3761 2789 ita

2111 2815 2174 2864 ut
2195 2818 2696 2864 commoverentur
2727 2811 3103 2864 fundamenta
3125 2817 3307 2874 terrae,
3332 2808 3511 2864 donec
3534 2817 3761 2878 pertan-

2109 2883 2206 2937 siit
2255 2881 2417 2937 navis
2463 2882 2649 2936 sancti
2699 2881 3136 2952 protomartyris
3183 2879 3459 2949 Stephani
3493 2896 3506 2946 ;
3539 2884 3594 2934 et
3617 2884 3758 2952 tunc

2110 2953 2324 3023 quievit
2355 2957 2506 3007 terra
2537 2970 2661 3023 qua:
2692 2950 3049 3008 movebatur.
3079 2951 3382 3007 Daemones
3413 2957 3602 3023 autem
3632 2950 3754 3023 ola-

2111 3021 2349 3079 mabant
2377 3021 2655 3078 adversus
2688 3023 3008 3095 principem
3056 3024 3316 3095 dicentes
3352 3039 3366 3078 :
3401 3021 3758 3095 Impiissime

2111 3096 2402 3167 princeps,
2428 3112 2606 3165 quare
2652 3093 2765 3150 non
2797 3093 3104 3150 incendisti
3137 3094 3329 3167 navim
3381 3111 3509 3164 quae
3539 3093 3758 3167 transi:

2109 3161 2191 3222 vit
2221 3161 2376 3232 illu'c,
2407 3161 2506 3221 sed
2541 3167 2816 3223 dimisisti
2863 3167 3023 3221 illam
3056 3166 3304 3221 transire
3345 3161 3548 3220 contra
3596 3181 3701 3219 nos
3731 3161 3760 3216 τ

2111 3241 2248 3309 Ipsa
2279 3239 2430 3293 enim
2465 3239 2628 3292 navis
2662 3240 2796 3294 fecit
2836 3246 2992 3293 terra:
3026 3244 3269 3294 motum.
3307 3236 3580 3307 Princeps
3616 3251 3758 3309 vero

2111 3307 2219 3366 hoc
2240 3310 2462 3377 audito,
2489 3310 2652 3365 misit
2671 3311 2980 3365 dromones
3001 3311 3254 3380 quinque
3277 3310 3347 3363 ad
3373 3307 3763 3379 comprehen-

2111 3383 2360 3436 dendam
2385 3387 2440 3435 et
2461 3382 2886 3436 incendendam
2911 3398 3124 3436 navxm.
3152 3380 3542 3435 Dromonibus
3565 3383 3762 3432 autem

2114 3453 2582 3525 pervenientibus
2633 3453 2704 3508 ad
2756 3454 2972 3520 navim,
3005 3452 3249 3524 angelus
3297 3453 3491 3525 exiens
3522 3452 3593 3505 de
3632 3451 3776 3506 navi

2117 3523 2400 3596 percussit
2422 3525 2748 3582 dromones.
2775 3530 2833 3579 et
2857 3523 3173 3580 submersit
3203 3540 3322 3578 eos.
3347 3528 3411 3577 Et
3443 3523 3768 3596 factumest

2116 3592 2394 3724 gaudium
2429 3613 2706 3664 magnum
2730 3596 2787 3650 in
2817 3597 2972 3661 navi,
2996 3598 3134 3667 quia
3155 3602 3306 3650 Deus
3327 3599 3451 3651 erat
3471 3610 3605 3649 cum
3629 3592 3767 3648 illis.

2148 3668 2463 3724 ’aviaantes
2493 3671 2689 3724 itaque
2718 3668 2905 3722 tribus
2937 3669 3167 3724 diebus.
3195 3667 3550 3724 totidemque
3583 3666 3767 3720 nocti-

2148 3668 2463 3738 lavigantes
2493 3668 2905 3738 itaquetribus
2937 3666 3167 3731 diebus,
3195 3667 3550 3737 totidemque
3583 3666 3770 3738 nocti-

2115 3741 2249 3804 bus,
2269 3737 2541 3794 venimus
2574 3737 3017 3809 Chalcedonem,
3038 3744 3094 3794 et
3123 3738 3370 3794 dimissa
3401 3745 3490 3794 est
3521 3737 3683 3809 navis
3712 3737 3774 3791 in

2119 3818 2305 3884 portu.
2342 3811 2712 3884 Facientibus
2743 3817 2933 3884 autem
2976 3807 3154 3884 nobis
3184 3811 3305 3884 illic
3336 3807 3771 3884 diesyquinque,

2119 3881 2380 3955 quoquot
2414 3883 2702 3937 habebant
2737 3883 3046 3946 daemonia,
3078 3881 3384 3955 veniebant
3426 3881 3582 3955 circa
3611 3895 3777 3955 mare

2116 3951 2300 4010 vexati
2349 3955 2668 4008 clamantes
2703 3970 2716 4007 :
2749 3959 2958 4008 Servus
3013 3954 3110 4008 Dei
3141 3954 3319 4020 venit,
3353 3952 3450 4022 qui
3485 3951 3776 4022 lapidatus

2118 4036 2202 4082 est
2235 4027 2305 4080 ab
2331 4025 2544 4096 iniquis
2573 4025 2810 4080 Judteis.
2841 4027 2906 4080 Et
2935 4025 3116 4095 gratia
3139 4027 3320 4080 sancti
3356 4024 3630 4094 Stephani
3656 4024 3771 4096 spi-

2121 4099 2265 4154 ritus
2293 4093 2653 4152 clam'abant:
2683 4096 2780 4151 Vae
2813 4093 2998 4164 nobis,
3022 4097 3156 4166 quia
3184 4096 3477 4152 comburit
3503 4111 3606 4166 nos
3626 4093 3772 4148 acri-

2119 4178 2242 4226 ter:
2295 4185 2406 4239 quo
2460 4170 2746 4240 fugiemus
2800 4171 2990 4222 minas
3024 4165 3164 4240 ejus
3213 4165 3548 4240 terribiles?
3595 4167 3773 4222 Porro

2121 4238 2387 4297 exieba’nt
2418 4238 2679 4295 atrociter
2709 4241 2780 4294 ab
2813 4239 3148 4294 hominibus
3197 4238 3439 4308 repulsi,
3492 4242 3771 4306 tanquam

2122 4315 2193 4368 ab
2224 4313 2394 4384 igne:
2437 4318 2494 4366 et
2539 4316 2826 4382 quotquot
2857 4309 3475 4384 habebantiintirmos.
3513 4311 3776 4364 ferebant

2122 4402 2219 4441 eos
2249 4381 2410 4437 extra
2441 4381 2618 4448 mare,
2650 4381 2937 4438 et’omnes
2968 4381 3112 4437 salvi
3148 4383 3362 4436 fiebant
3394 4382 3604 4436 virtute
3639 4397 3775 4435 san-

2123 4457 2195 4511 cti
2225 4455 2692 4525 Protomartyris.
2726 4455 3009 4509 Praeterea
3041 4454 3174 4508 inde
3207 4453 3346 4508 moti
3379 4452 3647 4525 venimus
3676 4456 3778 4507 So-

2123 4525 2504 4597 sas.Audiens
2535 4524 2726 4581 autem
2763 4542 2907 4597 pene
2937 4531 3057 4580 tota
3087 4525 3290 4580 civitas
3324 4524 3778 4597 currebatitran-

2123 4602 2301 4665 siens,
2325 4596 2667 4653 Christianis
2705 4595 2935 4667 quidem
2961 4597 3370 4668 gaudentibus,
3399 4595 3643 4667 Paganis
3675 4612 3780 4650 au-

2123 4675 2239 4726 tem
2291 4668 2684 4724 tristantibus.
2719 4673 2785 4723 Et
2815 4671 2951 4723 inde
2997 4668 3234 4739 profecti
3286 4684 3492 4722 rursus
3526 4673 3782 4739 iprOpter

2121 4741 2355 4846 tqqrbani
2407 4757 2535 4846 qua:
2583 4742 2642 4796 in
2681 4741 2928 4796 circuitu
2977 4738 3122 4806 erat,
3168 4740 3438 4795 venimus
3485 4738 3780 4795 civitatem

2123 4813 2423 4869 Staurium
2457 4813 2498 4867 ³.

2195 4889 2246 4936 5.
2280 4884 2522 4953 Cognito
2553 4887 2747 4938 autem
2779 4883 2890 4940 hoc
2929 4883 3216 4939 Eusebius
3247 4883 3556 4954 episcopus
3589 4880 3782 4937 Cons-

2126 4954 2663 5026 tantinOpoleoside
2693 4973 2933 5024 corpore
2984 4953 3422 5025 protomartyris
3453 4953 3779 5025 Stephani,

2125 5035 2176 5083 et
2209 5031 2344 5098 quia
2366 5025 2492 5081 tota
2522 5025 2979 5082 Christianorum
3003 5027 3312 5082 multitudo
3340 5030 3494 5081 mota
3523 5030 3668 5091 erat,
3701 5027 3777 5078 ad

2126 5099 2439 5154 videndam
2490 5098 2755 5152 virtutem
2792 5099 2976 5154 sancti
3008 5099 3289 5170 corporis,
3321 5099 3534 5154 cursim
3560 5112 3778 5170 perref

2124 5171 2208 5225 xit
2237 5171 2306 5224 ad
2345 5170 2746 5240 imperatorem
2783 5167 3230 5226 Constantinum
3253 5169 3296 5237 ⁸,
3321 5173 3376 5223 et
3408 5167 3697 5224 nuntiavit
3725 5167 3779 5223 ei

2124 5245 2195 5314 de
2227 5258 2467 5312 corpore
2500 5242 2685 5314 sancti
2719 5243 3019 5312 Stephani.
3051 5241 3369 5314 Imperator
3392 5245 3601 5314 autem
3632 5240 3784 5294 scis-

2128 5313 2410 5368 citabatur
2431 5313 2686 5384 qualiter
2715 5315 2938 5368 venerit
2962 5315 3032 5369 ab
3063 5312 3436 5384 Jerosolymis
3467 5327 3702 5384 corpus,
3723 5314 3784 5366 et

2126 5386 2257 5458 quis
2279 5389 2435 5458 esset
2452 5383 2561 5456 qui
2589 5385 2694 5440 hoc
2726 5385 3032 5458 detulerat.
3057 5386 3163 5449 Qui
3195 5383 3622 5458 adduxeruntci
3652 5399 3783 5437 mu.

2125 5455 2347 5523 lierem,
2381 5456 2640 5511 dicentes
2676 5474 2688 5510 :
2724 5457 2965 5513 Domine
3013 5459 3351 5528 Imperator,
3384 5455 3504 5510 haec
3534 5459 3625 5510 est
3655 5469 3782 5525 qua:

2190 5576 2205 5608 ί
2245 5573 2328 5622 Sic
2356 5575 2510 5623 vetus
2552 5573 2737 5623 codex.
2769 5574 2836 5622 At
2887 5573 3033 5629 editi,
3081 5574 3246 5621 Mane
3290 5579 3477 5619 autem
3524 5573 3671 5631 facto
3702 5584 3787 5617 ce.

2126 5636 2319 5710 nimus
2361 5636 2432 5685 ad
2461 5647 2705 5698 angusta
2738 5637 3003 5698 calantes,
3040 5645 3272 5697 propter
3317 5633 3630 5696 principem
3675 5633 3788 5681 Au-

2127 5707 2282 5760 gusti

2190 5761 2212 5794 ²
2242 5760 2396 5816 Editi,
2436 5761 2707 5810 Taurum.
2739 5765 2810 5812 At
2837 5764 2980 5819 Mss,
3014 5761 3332 5812 Staurium.

2189 5823 2212 5856 3
2236 5824 2395 5872 Vetus
2425 5826 2587 5873 codex
2615 5824 2712 5874 hoc
2748 5828 2944 5875 iterum
2983 5825 3115 5876 loco.
3152 5822 3554 5873 Constantium.
3589 5820 3786 5870 Verum

2127 5883 2399 5949 Eusebius,
2421 5888 2484 5934 de
2504 5901 2609 5947 quo
2629 5901 2805 5949 supra,
2837 5902 2944 5938 non
2973 5889 3299 5944 Constantio,
3322 5886 3412 5935 sed
3431 5885 3785 5935 Constantino

2127 5946 2420 6011 imperante
2450 5946 2551 5998 fuit
2580 5946 2857 6013 episcopus
2885 5949 3519 6011 ConstantinOpolitanns.
