4146 6198
307 265 422 326 821

309 397 508 454 attulit
537 411 750 468 corpus
772 394 960 452 sancti
993 394 1458 468 Protomartyris.
1483 397 1806 465 Imperator
1827 413 1957 454 vero

309 468 457 524 dixit
487 469 558 524 ad
591 465 718 524 eam
740 483 753 523 :
779 467 1081 531 Quomodo
1111 465 1352 522 attulisti
1381 482 1592 538 corpus
1622 468 1810 524 sancti
1841 469 1959 524 Ste-

308 541 480 612 phani
501 541 530 594 ?
551 541 644 596 dic
676 540 819 594 mihi
847 540 1328 612 veritatethuai
1366 537 1545 612 dixit:
1574 538 1818 596 Domine
1851 541 1965 596 Im-

310 610 566 684 perator,
599 612 685 667 vir
716 628 875 666 meus
906 610 1361 684 ipseiaadiﬁcavit
1407 610 1786 684 Jerosolymis
1829 629 1961 668 ora-

309 682 524 740 torium
570 683 1079 755 sanctiStephani,
1113 682 1312 752 etipse
1343 698 1475 755 una
1515 682 1653 755 cum
1688 685 1959 755 episcopo

306 756 536 812 Joanne
567 754 883 812 recondivit
903 759 1169 810 sanctum
1202 753 1583 826 Stephanum.
1609 754 1745 810 Post
1773 753 1958 812 annos

305 834 502 883 autem
538 827 761 899 aliquot
787 831 1052 899 mortuus
1083 830 1173 880 est
1200 824 1517 899 vir'meus,
1544 827 1810 899 deposito
1835 831 1959 899 tes-

300 904 566 955 tamento
606 896 758 970 apud
808 898 1146 970 episcOpum
1196 898 1478 970 Joannem
1527 896 1773 954 dicens:
1830 898 1956 954 Post

301 971 476 1026 ﬁnem
513 986 711 1026 meum
753 969 944 1040 ponite
980 984 1085 1041 me
1117 985 1293 1040 prepe
1340 969 1594 1041 primum
1642 973 1956 1041 martyrem

303 1042 692 1126 Stephaaum.
726 1042 794 1126 E‘t
841 1042 922 1096 ita
970 1040 1204 1126 factum,
1238 1044 1366 1126 est.‘
1398 1040 1713 1126 imperator
1763 1040 1956 1126 autem

307 1111 490 1168 dixit:
522 1113 818 1177 Quomodo
849 1129 985 1183 ergo
1017 1112 1157 1167 illud
1191 1112 1303 1166 huc
1335 1111 1643 1167 detulisti?
1672 1113 1807 1176 Quis
1838 1114 1952 1168 ait:

304 1185 549 1242 Domine
583 1187 916 1256 Imperator,
947 1184 1062 1238 vim
1103 1183 1328 1254 patiens
1359 1200 1392 1238 a
1423 1183 1810 1256 principibus,
1844 1184 1959 1239 sic-

305 1257 389 1312 uli
440 1258 629 1327 vidua,
663 1255 720 1312 et
749 1255 959 1311 nolens
990 1256 1154 1310 alteri
1204 1255 1325 1310 viro
1373 1257 1658 1327 cepulari,
1691 1256 1954 1312 nuntiavi

307 1328 453 1400 patri
487 1326 631 1392 meo,
664 1328 803 1399 quia
832 1327 947 1400 huc
979 1327 1106 1381 volo
1155 1327 1350 1382 venire
1380 1331 1438 1400 et
1467 1326 1671 1382 afferre
1702 1329 1805 1400 viri
1848 1327 1957 1384 mei

305 1399 516 1471 eorpus
548 1401 615 1454 ad
652 1399 1077 1472 possessionem
1124 1414 1336 1472 meam.
1371 1399 1534 1472 Tunc
1581 1399 1826 1472 audiens
1850 1399 1958 1455 hoc

307 1469 469 1544 pater
496 1469 726 1544 meus",
759 1469 978 1544 accepit
1008 1470 1238 1544 Sacram
1288 1469 1360 1525 ab
1392 1470 1632 1544 imperio
1661 1476 1870 1539 vestro,
1903 1475 1960 1526 et

305 1541 463 1599 inisit
506 1543 657 1598 hanc
710 1543 853 1598 mihi
897 1546 954 1597 et
996 1543 1289 1614 episcopo,
1323 1545 1386 1596 ut
1432 1541 1693 1598 tollerem
1745 1559 1955 1614 corpus

301 1615 409 1670 viri
443 1615 577 1670 mei.
607 1613 1201 1686 Descendensitaque
1225 1618 1400 1668 noctu
1419 1629 1563 1686 cum
1597 1614 1806 1686 Cyrillo
1835 1613 1956 1685 epi-

299 1703 502 1758 scopo,
534 1686 862 1758 existimavi
914 1684 1117 1758 tollere
1162 1685 1268 1740 viri
1300 1684 1432 1758 imei
1481 1684 1719 1758 corpus,
1748 1690 1807 1740 et
1848 1684 1957 1742 tuli

299 1757 484 1814 sancti
515 1757 818 1828 Stephani.
852 1757 1022 1812 Dedit
1063 1763 1258 1812 autem
1292 1757 1626 1827 Imperatori
1649 1757 1823 1814 etiam
1849 1759 1955 1814 Sa-

298 1846 502 1901 cram.
535 1832 856 1901 Imperator
915 1835 1106 1884 autem
1151 1844 1309 1901 cump
1340 1828 1574 1900 legeret,
1625 1831 1956 1901 recognovit

298 1918 466 1957 suam
493 1899 680 1972 ipsius
713 1918 975 1958 manum.
1001 1901 1166 1957 Tunc
1199 1899 1415 1957 mulieri
1431 1899 1787 1972 respondens
1808 1904 1953 1958 dixit

301 1973 639 2042 Imperatori
675 1989 687 2028 :
719 1973 956 2029 Domine
1005 1976 1343 2044 Imperator,
1386 1978 1724 2043 potestatem
1777 1974 1953 2028 habes

300 2045 560 2128 corporis
591 2045 988 2128 ‘meipanime
1035 2045 1378 2128 veropeus,
1411 2045 1511 2113 qui
1545 2046 1680 2128 facit
1714 2044 1954 2128 mirabi-

299 2115 376 2171 lia
405 2113 468 2170 in
500 2116 646 2172 ccelo
670 2121 726 2169 et
755 2118 813 2171 in
845 2123 1015 2170 terra.
1040 2115 1200 2176 Quod
1235 2116 1285 2168 si
1317 2130 1431 2167 non
1463 2115 1675 2178 credis,
1701 2113 1950 2178 domine,

304 2187 471 2240 mitte
500 2188 569 2240 ad
593 2187 784 2240 navim
819 2186 1150 2249 Hebraeum,
1177 2185 1268 2237 ubi
1304 2185 1456 2251 iacet
1475 2182 1704 2236 loculus
1725 2183 1951 2250 Sancti,

307 2256 367 2308 in
401 2272 515 2324 quo
549 2255 722 2310 etiam
755 2255 960 2310 titulus
1007 2259 1097 2310 est
1123 2254 1354 2318 afﬁxus,
1381 2253 1629 2322 scriptus
1673 2253 1954 2308 hebraicis

305 2325 535 2394 litteris,
567 2331 624 2381 et
653 2325 848 2397 legens
880 2341 977 2380 eas
1009 2340 1325 2395 cognosces
1366 2324 1798 2397 certitudinem.
1832 2325 1951 2379 Im-

351 2402 541 2453 erator
582 2396 739 2467 vero,
789 2405 987 2452 vocato
1036 2397 1295 2464 Hebraeo,
1329 2396 1622 2466 adjuravit
1669 2412 1803 2450 eum
1851 2412 1951 2466 per

333 2484 496 2541 egem
549 2469 731 2541 ipsius
760 2467 1006 2541 dicens:
1032 2467 1212 2533 Vade,
1245 2475 1303 2522 et
1330 2468 1462 2541 vide
1483 2468 1637 2541 quid
1669 2468 1951 2536 scriptum

304 2538 400 2612 sit.
431 2541 642 2596 Abiens
668 2540 867 2612 itaque
889 2540 1165 2595 Hebrmus
1196 2555 1327 2595 cum
1361 2538 1590 2612 duobus
1621 2541 1955 2612 protectori-

304 2611 430 2678 bus,
455 2617 511 2668 et
537 2612 736 2684 legens
763 2611 944 2684 dixit:
971 2612 1246 2684 Magnum
1280 2611 1676 2684 spectaculum
1709 2611 1815 2665 hoc
1846 2619 1949 2667 est.

299 2682 666 2740 Protectores
696 2700 829 2739 vero
851 2683 1160 2738 dixerunt:
1189 2683 1349 2746 Quod
1384 2682 1787 2751 spectaculum
1823 2692 1899 2738 est
1924 2684 1952 2737 ?

300 2756 394 2811 die
427 2755 616 2812 nobis.
641 2755 912 2811 Hebreus
939 2761 1136 2810 autem
1168 2755 1312 2809 dixit
1343 2770 1355 2809 :
1394 2753 1534 2820 Quia
1566 2760 1952 2826 protomartyr

297 2826 632 2898 Stephanus
673 2832 781 2898 est,
814 2833 870 2882 et
899 2827 961 2883 in
1000 2828 1126 2898 ipso
1157 2826 1275 2880 vita
1303 2841 1434 2882 mea
1481 2833 1536 2881 et
1564 2842 1696 2897 spes
1747 2841 1875 2881 mea
1904 2827 1950 2895 ',

365 2935 382 2970 ί
411 2933 557 2983 Idem
589 2935 769 2993 codex,
809 2934 966 2982 Tunc
983 2933 1222 2981 audiens
1241 2947 1398 2981 meus
1418 2932 1700 2992 dominus,
1723 2934 1822 2981 etc.

363 2995 384 3029 ²
405 2997 466 3044 In
495 2998 660 3047 veteri
690 2996 866 3047 codice
893 3009 1002 3046 non
1030 2996 1280 3055 habetur,
1315 3004 1366 3045 et
1413 2996 1478 3043 in
1519 2995 1635 3056 ipso
1665 2995 1782 3043 vita
1828 3009 1950 3044 mea

302 3065 352 3107 et
381 3073 498 3120 spes
528 3075 668 3109 mea.

1660 231 2035 327 EPISTULA
2079 265 2376 327 SEVERI.

3604 275 3725 340 822

2072 399 2208 470 quia
2239 399 2509 454 viderunt
2539 396 2686 455 oculi
2720 397 2831 454 mei
2877 398 3306 469 gloriosissima
3333 400 3524 459 hodie.
3559 406 3723 463 Tunc

2069 471 2366 544 venientes
2427 474 2781 544 protectores
2843 473 3271 544 _nuntiaverunt
3335 474 3720 544 Imperatori,

2072 542 2210 615 quia
2263 544 2654 612 protomartyr
2703 540 3032 615 Stephanus
3086 548 3193 599 est.
3233 545 3300 598 Et
3345 540 3580 615 gavisus
3636 540 3723 604 est

2069 614 2256 685 valde,
2290 619 2346 669 et
2375 629 2699 670 convocans
2731 613 3044 669 Eusebium
3078 613 3414 685 episcopum
3449 618 3590 674 dicit
3617 621 3668 674 ei
3702 636 3716 674 :

2068 683 2227 740 Vade
2251 687 2319 760 ad
2348 685 2540 740 navim
2565 701 2701 760 cum
2725 683 3424 760 multitudine’populiﬁt
3452 705 3558 760 ego
3591 691 3722 746 mit-

2069 764 2183 830 tam
2217 758 2568 830 plaustrum,
2591 763 2647 830 et
2679 757 2820 812 ferte
2851 757 2996 812 mihi
3029 758 3282 813 loculum
3318 757 3374 830 in
3410 757 3714 830 palatium.

2137 829 2190 882 6.
2216 827 2319 882 Ivit
2350 844 2486 899 ergo
2515 829 2849 900 episcopus,
2883 833 2938 884 et
2959 831 3146 884 omnis
3179 827 3431 900 populus
3458 848 3589 886 cum
3624 848 3713 887 cs-

2068 900 2178 956 reis
2193 901 2468 955 cucurrit.
2485 903 2694 971 Atvero
2717 901 3026 971 episcopus
3045 901 3403 957 descendens
3426 903 3482 956 in
3502 903 3711 971 navim,

2067 970 2203 1045 tulit
2225 971 2481 1045 loculum
2509 988 2522 1028 :
2557 976 2613 1026 et
2647 973 2830 1042 posito
2861 971 3184 1045 incarruca
3207 973 3500 1028 festinavit
3531 976 3587 1029 in
3614 991 3718 1045 pa-

2067 1041 2295 1099 latium.
2327 1043 2490 1098 Mulae
2513 1041 2708 1098 autem
2728 1044 3094 1109 incedebant,
3121 1049 3318 1100 tractae
3341 1041 3716 1102 violenter—ab

2067 1115 2322 1186 Angelis.
2351 1115 2416 1169 Et
2445 1114 2741 1170 venientes
2764 1117 2821 1169 in
2847 1116 3036 1170 locum
3063 1115 3163 1186 qui
3197 1116 3410 1170 dicitur
3432 1117 3716 1172 Constan-

2066 1185 2348 1253 tiuianus,
2383 1191 2690 1253 steterunt,
2734 1193 2791 1242 et
2822 1185 3210 1241 ulterius’non
3256 1186 3525 1242 valebant
3555 1193 3714 1242 tran-

2067 1256 2197 1312 sire.
2224 1258 2632 1312 Percutiebant
2652 1274 2785 1328 ergo
2808 1258 3278 1314 animantia.Una
3299 1266 3491 1314 autem
3516 1275 3716 1315 earum

2067 1344 2168 1398 per
2180 1328 2499 1400 angelicam
2513 1331 2781 1383 virtutem
2805 1331 3057 1384 humana
3072 1347 3206 1386 voce
3222 1331 3415 1385 locuta
3427 1340 3512 1385 est
3525 1347 3714 1387 coram

2068 1400 2228 1454 omni
2265 1401 2480 1471 populo
2515 1401 2912 1465 dicenszouid
2937 1402 3238 1471 percutitis
3259 1403 3431 1456 t'acies
3449 1403 3719 1458 nostras?

2068 1471 2170 1544 Hic
2201 1479 2424 1543 oportet
2443 1488 2574 1528 eum
2601 1473 2834 1527 recondi
2869 1473 2923 1526 in
2949 1473 3074 1527 loco
3107 1473 3235 1529 hoc.
3263 1473 3448 1529 Nolite
3473 1491 3608 1544 ergo
3633 1475 3715 1529 lac

2066 1542 2273 1598 horare
2312 1545 2550 1600 omnino
2581 1559 2593 1598 :
2647 1544 2904 1614 alioquin
2941 1547 3108 1615 signa
3138 1551 3194 1599 et
3246 1545 3504 1614 prodigia
3537 1542 3715 1600 habe-

2068 1615 2141 1669 tis
2167 1616 2379 1672 videre.
2404 1615 2726 1687 EpiscOpus
2745 1632 2875 1671 vero
2892 1617 3264 1671 tremefactus
3283 1621 3339 1671 et
3356 1621 3716 1672 tormentum

2066 1703 2178 1741 non
2214 1688 2530 1756 sustinens,
2556 1687 2846 1742 nuntiavit
2872 1689 3204 1758 Imperatori
3231 1704 3244 1742 :
3271 1688 3417 1754 Quia
3445 1705 3556 1743 non
3582 1705 3718 1758 pos-

2063 1775 2192 1814 sum
2241 1758 2445 1814 aﬁ‘errs
2494 1774 2708 1830 corpus
2748 1759 2961 1814 Sancti.
3026 1760 3282 1814 Audiens
3342 1764 3534 1815 autem
3607 1761 3716 1816 hoc

2063 1829 2405 1900 imperator,
2429 1829 2690 1886 tristatus
2712 1836 2890 1899 est,et
2909 1831 3069 1886 misit
3090 1831 3204 1886 alia
3253 1831 3561 1887 duodecim
3585 1831 3713 1886 ani-

2065 1903 2263 1968 malia,
2301 1907 2362 1956 ut
2410 1902 2700 1956 traherent
2751 1919 3071 1957 carrucam.
3112 1903 3179 1956 Et
3217 1903 3343 1974 ipsa
3375 1920 3610 1974 quoque
3641 1903 3716 1958 si-

2065 1974 2284 2026 militer
2332 1977 2618 2026 steterunt
2650 1979 2882 2040 propter
2929 1974 3040 2026 vim
3090 1973 3460 2041 Angelorum,
3495 1973 3552 2028 et
3596 1991 3714 2030 non

2063 2043 2376 2096 valuerunt
2409 2057 2636 2096 movere
2653 2057 2988 2112 carrucam.
3036 2041 3198 2095 Tunc
3238 2044 3582 2112 episcopus‘
3618 2061 3715 2098 ex-

2064 2112 2340 2166 clamavit
2369 2111 2609 2165 diccns:
2653 2109 2813 2164 Unus
2858 2127 2936 2174 es,
2971 2112 3117 2163 Deus
3166 2109 3556 2180 omnipotens,
3611 2114 3714 2181 qui

2063 2183 2206 2237 facis
2241 2181 2530 2237 mirabilia
2560 2181 2720 2236 solus
2747 2181 2917 2252 (Psal.
2952 2196 3100 2246 LXXI,
3130 2181 3216 2252 18)
3241 2198 3417 2251 super
3447 2188 3711 2236 sanctum

2065 2259 2550 2325 protomartyrem
2593 2261 2757 2308 tuum
2809 2252 3189 2325 Stephanum,
3233 2253 3713 2325 quimartyrium

2063 2323 2271 2395 passus
2301 2323 2521 2395 est‘pro
2568 2326 2802 2379 nomine
2837 2333 2950 2379 tuo.
3000 2323 3080 2378 Da
3112 2339 3246 2390 ergo
3275 2323 3440 2378 nobis
3471 2323 3714 2395 gratiam

2062 2394 2118 2451 et
2174 2394 2661 2460 misericordiam,
2703 2411 2803 2465 per
2841 2395 3130 2450 orationes
3162 2401 3217 2449 et
3265 2394 3714 2450 intercessiones

2061 2468 2248 2522 sancti
2283 2467 2756 2538 Protomartyris.
2786 2467 2944 2521 Tunc
2970 2465 3274 2535 episcopus
3297 2466 3433 2521 tulit
3455 2466 3711 2522 loculum

2063 2556 2095 2594 a
2126 2555 2386 2608 carruca,
2419 2550 2471 2594 et
2498 2540 2704 2594 locavit
2723 2555 2857 2593 eum
2887 2540 3101 2592 faciens
3125 2538 3440 2593 oratorium
3460 2539 3588 2606 ejus
3611 2555 3714 2608 per

2063 2627 2296 2666 menses
2315 2611 2594 2679 quinque,
2621 2611 2676 2664 in
2694 2627 2809 2680 quo
2832 2614 2888 2664 st
2904 2610 3098 2680 posuit
3117 2608 3372 2664 loculum
3397 2625 3525 2664 cum
3549 2612 3710 2664 omni

2060 2681 2302 2738 cautela.
2335 2685 2622 2738 Sanitates
2652 2685 2845 2737 autem
2879 2688 2931 2736 et
2964 2680 3207 2735 virtutes
3249 2683 3409 2735 facta:
3443 2687 3576 2735 sunt
3607 2697 3710 2736 su-

2062 2770 2162 2822 per
2191 2754 2458 2810 inﬁrmos
2489 2753 2548 2807 in
2596 2754 2803 2808 diebus
2836 2752 2974 2818 illis,
3028 2752 3085 2806 in
3136 2752 3375 2821 gloriam
3415 2752 3603 2806 Patris
3651 2757 3709 2808 et

2061 2823 2187 2880 Filii
2212 2831 2268 2880 et
2294 2825 2546 2896 Spiritus
2576 2825 2784 2893 sancti,
2817 2824 2908 2878 cui
2959 2828 3048 2879 est
3076 2822 3265 2878 honor
3293 2833 3348 2880 et
3396 2823 3708 2894 imperium

2062 2897 2120 2951 in
2153 2897 2362 2952 saecula
2391 2896 2761 2953 saeculorum.
2797 2899 2997 2952 Amen.

2125 3060 2141 3094 ί
2175 3058 2236 3106 In
2264 3058 2590 3108 Floriacensi
2617 3057 2810 3114 codice,
2835 3056 3100 3120 populus.

641 3455 643 3457 ,
1493 3291 1828 3438 EPI
1852 3287 2527 3442 STOLA

684 3550 1292 3664 SEVERI
1384 3549 1599 3660 ΑΙ)
1672 3547 2262 3661 ΟΜΝΕΜ
2353 3551 3340 3668 ECCLESIAMa

406 3732 508 3792 DE
553 3728 1021 3795 VIRTUTIBUS
1067 3727 1169 3787 AD
1213 3725 1656 3787 JUD/EORUM
1701 3723 2302 3786 CONVERSIONEM
2350 3724 2429 3786 IN
2474 3727 2975 3794 MINORICENSI
3017 3733 3303 3796 INSULA
3347 3731 3624 3793 FACTIS

964 3827 1041 3887 IN
1088 3823 1554 3886 PRIESENTIA
1595 3823 2134 3894 IIELIQUIARUM
2182 3825 2457 3887 SANCTI
2503 3826 2894 3892 STEPHANI
2941 3831 3055 3911 (a).

1673 3977 1756 3992 *π

303 4073 670 4130 Sanctissimis
700 4091 763 4129 ac
807 4071 1128 4127 beatissimis
1159 4071 1413 4137 dominis,
1459 4070 1755 4140 EpiscOpis,
1790 4071 1949 4125 Pres-

370 4145 593 4214 byteris,
624 4145 976 4210 Diaconibus,
1009 4150 1062 4198 et
1105 4147 1371 4197 universa:
1404 4144 1760 4214 fraternitati
1785 4145 1950 4196 totius

373 4213 515 4272 orbis
547 4224 842 4284 terrarum,
871 4218 1112 4270 SEVERUS
1131 4217 1413 4284 episcopus
1440 4213 1819 4268 misericordia
1851 4215 1952 4266 Dei

370 4289 621 4358 indigens
650 4295 702 4344 et
731 4290 974 4343 omnium
994 4288 1240 4356 ultimus,
1265 4289 1323 4339 in
1355 4285 1569 4342 Christo
1594 4284 1950 4354 Redemptore

369 4367 556 4415 nostro
577 4367 848 4417 aeternam
875 4361 1130 4416 salutem.

374 4449 425 4503 1.
453 4452 595 4521 Cum
620 4448 715 4521 Dei
738 4465 912 4521 opera
934 4447 1181 4521 revelare
1200 4451 1257 4502 et
1276 4446 1534 4521 conﬁteri
1561 4445 1944 4521 honoriﬁcum

297 4534 428 4575 esse
460 4519 712 4592 Raphael
762 4517 1143 4592 archangelus
1195 4523 1428 4592 moneat
1472 4517 1627 4592 (Tob.
1657 4535 1764 4592 7x11,
1812 4518 1944 4588 20);

299 4590 560 4662 profecto
584 4592 756 4647 silere
787 4590 872 4645 vel
905 4593 1092 4646 celare
1113 4605 1282 4657 opera
1304 4590 1514 4662 Christi
1549 4591 1945 4660 periculosum

298 4660 408 4736 est.
443 4662 504 4736 In
539 4663 754 4736 quibus
782 4670 972 4736 tamen
1004 4660 1461 4736 adnum‘erandis
1495 4662 1789 4736 majorpest
1810 4677 1944 4730 gra-

297 4734 399 4800 tia,
445 4733 493 4789 si
543 4731 838 4790 communi
878 4737 934 4788 et
981 4731 1231 4802 simplici
1283 4746 1552 4786 sermone
1600 4732 1942 4802 referantur.

300 4805 530 4877 Celatur
558 4807 716 4861 enim
756 4800 1185 4877 quodammodo
1225 4802 1656 4877 speciosissima
1687 4800 1947 4877 pulchri-

298 4875 437 4932 ludo
467 4878 722 4942 virtutis,
773 4871 822 4932 si
871 4874 1280 4931 abundantiori
1330 4872 1557 4944 eloquio
1589 4871 1946 4926 circumdata

298 4947 474 5004 fuerit
503 4957 673 5020 atque
706 4949 918 5005 fucata.
953 4951 1311 5020 Quapropter
1329 4961 1434 5016 ego
1464 4959 1694 5014 quoque
1719 4958 1949 5013 magna-

296 5021 557 5092 tia,rqua3
580 5019 739 5092 apud
772 5036 878 5092 nos
909 5019 1176 5074 Christus
1206 5021 1480 5092 operatus
1509 5021 1616 5083 est,
1641 5031 1754 5092 non
1788 5030 1946 5069 com-

299 5087 510 5170 posito,
542 5087 644 5170 sed
674 5091 924 5170 veridico
957 5106 1224 5146 sermone
1240 5087 1481 5170 ieierre.
1501 5087 1828 5170 aggredior.

369 5164 424 5219 2.
456 5157 656 5220 Insula
685 5163 978 5228 Minorica,
1004 5178 1122 5218 una
1141 5178 1208 5217 ex
1240 5157 1808 5216 Balearibusinsulis
1834 5159 1945 5225 est,

300 5250 544 5312 quarum
569 5235 1026 5312 nomenounctis
1046 5232 1297 5312 populis,
1322 5230 1689 5312 saecularium
1712 5242 1946 5312 quoque

298 5303 600 5364 auctorum
633 5305 841 5363 litteris
874 5303 1273 5378 pervulgatum
1305 5309 1415 5378 est.
1450 5303 1580 5358 Haec
1611 5303 1764 5378 inter
1793 5305 1948 5355 Mau-

299 5379 574 5435 ritaniam
606 5373 1027 5434 Cesareensem
1060 5373 1116 5434 e't
1145 5376 1482 5446 Hispaniam
1518 5373 1708 5428 medio
1742 5386 1948 5446 prope-

298 5451 538 5525 modum
587 5451 836 5525 azgquoris
886 5444 1268 5525 spatiosita,
1308 5446 1576 5525 angustis
1627 5444 1946 5525 admodum

293 5523 561 5579 terminis
593 5515 904 5582 clauditur,
921 5515 1373 5592 'longitudinem
1390 5515 1662 5592 'triginta,
1693 5515 1943 5571 latitudi-

292 5610 428 5651 nem
459 5611 590 5651 vero
642 5595 752 5650 tria
799 5593 985 5648 millia
1015 5589 1293 5664 passuum
1326 5589 1577 5664 habens.
1616 5591 1754 5654 Quae
1786 5601 1942 5641 nunc

291 5667 512 5722 idcirco
543 5661 1034 5729 commemoravi,‘
1060 5668 1124 5718 ut
1153 5661 1390 5734 agnosci
1425 5661 1630 5734 possit,
1680 5666 1942 5734 contem-

298 5737 527 5811 ptibilis
560 5738 759 5811 mundi
792 5754 836 5811 a_
854 5736 1101 5811 Domino
1131 5731 1244 5811 non
1278 5734 1468 5811 solum
1493 5733 1549 5811 iu
1585 5731 1942 5811 hominibus,

299 5803 403 5867 sed
433 5811 609 5867 etiam
640 5810 700 5866 in
733 5808 870 5865 locis
900 5807 1034 5880 eligi
1067 5805 1113 5880 (Ι
1147 5808 1270 5863 Cor.
1297 5823 1336 5877 ι,
1367 5806 1480 5877 27).
1515 5809 1578 5860 In
1609 5803 1717 5860 hac
1751 5803 1946 5874 itaque

361 5954 444 6017 (a)
469 5955 674 6005 Citatur
712 5955 869 6012 infra,
900 5952 956 6004 in
984 5951 1119 6004 libro
1145 5952 1315 6018 primo
1343 5951 1406 6002 de
1432 5950 1700 6002 Miraculis
1735 5949 1787 5999 S.
1833 5947 1946 6002 Ste-

301 6018 492 6082 phani,
522 6032 635 6083 cap.
675 6019 720 6068 1.

1757 3967 2292 4002 W

2061 4069 2278 4140 insula,
2310 4087 2434 4142 quae
2457 4071 2716 4128 omnium
2749 4073 3061 4139 terrarum,
3092 4069 3397 4142 parvitate,
3421 4068 3711 4139 ariditate,

2063 4145 2371 4212 asperitate
2414 4149 2704 4215 postrema
2733 4148 2838 4212 est,
2880 4143 2994 4197 duo
3028 4159 3200 4213 parva
3231 4143 3468 4214 oppida,
3499 4142 3711 4214 quibus

2061 4230 2095 4269 a
2129 4216 2319 4270 Poenis
2366 4216 2553 4271 indita
2600 4215 2857 4283 nomina,
2893 4230 2923 4269 e
2954 4215 3186 4284 regione
3230 4216 3473 4270 fundata
3520 4219 3706 4269 sunt:

2057 4285 2373 4342 Jammona
2419 4288 2488 4342 ad
2523 4303 2816 4351 occasum,
2865 4290 3101 4355 Magone
3139 4286 3208 4340 ad
3249 4288 3529 4342 orientem
3571 4301 3710 4355 spe-

2056 4361 2192 4413 ctat.
2247 4360 2305 4413 ln
2358 4359 2450 4414 his
2493 4358 2636 4413 mihi
2685 4358 2947 4413 omnium
2983 4358 3315 4413 mortalium
3348 4357 3550 4412 ultimo
3599 4372 3710 4412 nu-

2057 4445 2159 4500 per
2197 4429 2578 4486 sacerdotalis
2610 4430 2784 4485 ot'ﬁcii
2817 4430 3044 4500 pondus
3078 4429 3419 4500 impositum
3450 4433 3556 4485 est.
3592 4429 3704 4484 Sed

2054 4501 2368 4573 Jammona
2390 4503 2696 4573 antiquum
2713 4501 2876 4557 aDeo
2893 4517 3108 4556 munus
3121 4502 3290 4556 etiam
3306 4518 3460 4557 nunc
3475 4501 3703 4573 retinet,

2056 4577 2120 4626 ut
2156 4571 2340 4628 Judaai
2374 4571 2630 4628 habitare
2660 4575 2719 4628 in
2767 4591 2833 4628 ea
2863 4588 3231 4645 nequaquam
3273 4575 3516 4644 possint.
3559 4572 3703 4626 Mul-

2057 4649 2144 4699 tos
2185 4645 2474 4714 siquidem
2521 4646 2573 4698 id
2623 4649 2839 4700 temere
2885 4646 3196 4710 audentes,
3233 4655 3327 4698 aut
3361 4645 3703 4713 aegritudine

2057 4723 2400 4786 praeventas,
2436 4722 2535 4770 aut
2577 4721 2862 4786 repulsos,
2907 4722 3004 4769 aut
3048 4721 3230 4786 morte
3260 4715 3571 4786 subitaneis.
3610 4728 3704 4766 ex-

2056 4784 2322 4857 stinctos,
2354 4793 2451 4842 aut
2481 4784 2656 4843 etiam
2701 4786 2945 4841 fulmine
2975 4785 3304 4857 tru_cidatos_
3331 4784 3509 4857 tradit
3539 4787 3703 4835 vetu-

2057 4863 2178 4913 stas
2206 4877 2218 4912 :
2250 4853 2390 4914 adeo
2423 4864 2486 4913 ut
2516 4857 2759 4912 celebris
2791 4857 2968 4922 hujus
3002 4854 3083 4907 rei
3109 4856 3261 4907 fama
3291 4853 3438 4922 ipsis
3469 4867 3704 4922 quoque

2053 4928 2292 4994 Judzeis,
2327 4945 2398 4982 ne
2430 4930 2484 4981 id
2521 4927 2674 4980 ultra
2697 4936 2906 4980 temere
2927 4925 3204 4988 audeant,
3228 4934 3450 4978 metum
3480 4923 3697 4994 fecerit.

2056 4999 2170 5054 Nec
2203 4993 2311 5053 hoc
2344 4999 2455 5051 ﬁde
2485 4997 2793 5067 indignum
2826 4995 3121 5062 ducimus,
3155 5010 3289 5067 cum
3313 4995 3485 5050 etiam
3508 4993 3700 5067 lupos,

2056 5069 2395 5140 vulpesquc,
2426 5071 2483 5123 et
2513 5066 2710 5123 omnia
2741 5069 2912 5140 noxia
2941 5066 3222 5140 animalia
3260 5067 3462 5140 deesse
3499 5066 3702 5120 videa-

2056 5139 2228 5195 mus:
2262 5139 2394 5196 cum
2444 5154 2640 5195 earum
2683 5139 2910 5211 quaead
2933 5139 3315 5211 pvesceudum
3346 5139 3508 5211 bonis
3542 5141 3702 5211 sunt,

2058 5213 2310 5268 ferarum
2345 5211 2512 5282 copia
2543 5207 2755 5282 magna
2787 5210 2880 5266 sit.
2906 5209 3051 5266 Illud
3081 5209 3252 5265 etiam
3275 5209 3462 5280 magis
3485 5207 3704 5282 mirum

2056 5287 2169 5353 est,
2201 5284 2352 5354 quod
2381 5279 2602 5338 colubri
2634 5279 2690 5337 et
2719 5282 3051 5354 scorpiones
3083 5285 3221 5354 sunt
3270 5279 3702 5354 quamplurimi,

2061 5350 2163 5411 sed
2182 5350 2507 5411 amiserunt
2529 5355 2768 5410 omnino
2793 5350 3035 5409 nocendi
3057 5350 3577 5409 violentiam.Cum
3601 5350 3704 5421 igi-

2055 5431 2154 5482 tur
2182 5428 2551 5483 Jammonam
2579 5425 2770 5480 nullus
2801 5425 3160 5491 Judaorum,
3184 5426 3280 5496 qui
3301 5423 3457 5494 lupis
3487 5438 3553 5477 ac
3582 5421 3707 5477 vul-

2057 5500 2226 5570 pibus
2260 5500 2481 5553 feritate
2513 5504 2688 5569 atque
2721 5498 2980 5569 nequitia
3021 5497 3231 5570 merito
3264 5503 3699 5570 comparantur,

2057 5569 2128 5626 ne
2161 5570 2394 5639 hospitii
2441 5571 2676 5640 quidem
2721 5571 2853 5638 jure
2884 5569 3156 5624 accedere
3187 5569 3431 5636 audeat;
3464 5571 3704 5640 Magone

2056 5647 2284 5698 tantum
2309 5641 2486 5698 veluti
2519 5642 2771 5697 colubris
2801 5647 2858 5696 et
2883 5640 3305 5709 scorpionibus,
3341 5643 3404 5693 ut
3434 5639 3701 5692 tradeba-

2055 5717 2172 5784 tur,
2223 5715 2496 5782 fervebat,
2546 5723 2608 5768 ut
2652 5712 2909 5786 quotidie
2932 5714 3008 5786 ab
3051 5712 3144 5786 his
3185 5709 3396 5786 Christi
3454 5709 3702 5786 Ecclesia

2057 5781 2445 5842 morderetur.
2469 5786 2580 5841 Sed
2601 5781 2907 5857 antiquum
2930 5783 3069 5838 illud
3087 5781 3698 5857 beneﬁciumrcarnale,

2057 5875 2242 5931 nuper
2273 5859 2440 5913 nobis
2471 5854 2771 5930 spirituale
2793 5861 3133 5931 renovatum
3160 5866 3242 5931 est
3265 5873 3278 5922 ;
3301 5862 3365 5910 ut
3401 5854 3522 5931 illa,
3547 5855 3700 5910 sicut

2053 5928 2338 6004 scriptum
2368 5935 2478 6004 est,
2507 5928 2802 6004 generatio
2825 5929 3326 6004 viperarumilmc.
3350 5943 3444 6004 Διιι,
3468 5928 3542 6004 7),
3568 5942 3696 5995 quas

2051 5999 3694 6070 venénatisictibussaeviebat,subitodivinavirtutecom-
