4134 6198
419 253 540 316 823

418 385 590 459 pulsa
637 383 996 439 mortiferum
1047 379 1192 434 illud
1243 379 1399 434 virus
1431 378 1858 436 incredulitatis
1903 379 2060 450 abje-

421 457 589 513 cerit.

487 528 541 582 3.
576 525 836 596 Namque
866 522 1068 578 diebus
1101 538 1244 594 pene
1275 522 1424 591 istis,
1450 524 1665 596 quibus
1687 539 1791 595 ego
1813 524 1955 578 tanti
1979 539 2067 578 sa-

419 596 659 654 cerdotii
695 595 926 662 nomen,
961 598 1094 650 licet
1121 597 1421 666 indignus,
1456 595 1702 666 adeptus
1733 611 1883 662 sum,
1923 611 2064 664 pres-

421 671 580 741 byter
611 669 848 741 quidam
873 667 949 737 (α)
973 671 1279 741 sanctitate
1305 668 1628 736 praecipuus
1653 685 1684 721 a
1703 667 2064 738 Jcrosolyma

419 737 678 806 veniens,
713 738 968 809 Magonm
1002 754 1115 792 non
1148 737 1318 808 longo
1352 747 1609 809 tempore
1641 747 1900 793 moratus
1941 743 2061 793 est:

419 811 521 884 qui
553 817 865 884 postquam
894 810 1188 884 transvehi
1221 813 1288 863 ad
1316 810 1638 884 Hispanias,
1663 812 1811 865 sicut
1845 811 2067 863 deside-

418 881 606 947 rabat,
639 882 892 952 nequivit
915 881 1016 950 (b),
1050 897 1302 936 remeare
1334 882 1402 935 ad
1439 882 1682 936 Africam
1729 885 1916 936 denuo
1949 890 2066 934 sta-

421 955 566 1010 tuit:
601 961 734 1008 tunc
768 953 912 1006 beati
946 952 1223 1022 Stephani
1266 954 1560 1023 reliquias,
1597 969 1722 1024 quin
1765 968 1948 1022 nuper
1981 969 2061 1006 rev

419 1026 618 1082 velatis
641 1036 797 1087 sunt,
823 1040 956 1078 cum
981 1025 1048 1078 ad
1074 1024 1380 1094 Hispanias
1406 1023 1628 1093 portare
1644 1023 2066 1089 constituisset,

424 1096 935 1168 ipsas,sinedubio
954 1096 1560 1168 Martyreinspirante,
1576 1097 1637 1150 in
1657 1095 1957 1150 memorati
1975 1111 2070 1168 op-

425 1166 1460 1242 pidiecelesiacollocavit.Quolacto,
1487 1168 1752 1238 protinus
1777 1167 1872 1221 ille
1896 1166 2070 1242 ignis,

429 1237 602 1312 quem
623 1239 906 1312 Dominus
927 1241 1081 1292 venit
1102 1245 1327 1312 mittere
1344 1240 1402 1312 in
1427 1237 1637 1294 terram
1658 1248 1708 1294 et
1724 1255 1890 1308 quem
1909 1237 2072 1291 valde

428 1310 629 1368 ardere
659 1311 818 1379 cupit
849 1310 999 1381 (Luc.
1032 1327 1134 1375 xu,
1169 1311 1279 1376 49),
1317 1311 1596 1365 charitate
1637 1313 1763 1379 ejus
1795 1325 2073 1365 accensus

429 1393 536 1439 est.
559 1382 766 1437 Statim
791 1381 1079 1452 siquidem
1103 1390 1262 1451 tepor
1284 1388 1482 1436 noster
1502 1383 1834 1448 incaluit,et
1855 1384 2068 1435 factum

431 1460 522 1511 est
551 1470 650 1508 cor
682 1461 974 1520 nostrum,
1009 1454 1160 1508 sicut
1189 1457 1472 1522 scriptum
1506 1461 1612 1519 est,
1655 1454 1866 1508 ardens
1897 1453 1953 1506 in
1987 1453 2077 1506 via

428 1525 518 1598 (Id
545 1542 696 1592 xxiv,
729 1525 842 1592 32).
893 1525 1056 1598 Tunc
1089 1525 1238 1598 enim
1281 1525 1377 1598 ille
1419 1526 1636 1598 infide
1660 1527 1787 1598 jam
1836 1524 2078 1598 ardebat

428 1593 606 1664 ictus,
621 1601 762 1651 tunc
780 1611 882 1667 spe
902 1596 1189 1650 salvandae
1214 1596 1508 1651 multitudi
1521 1597 1609 1650 nis
1622 1593 1895 1667 erigebat.
1917 1593 2079 1649 Deni-

431 1683 544 1740 que
576 1669 774 1740 statim
811 1669 1087 1740 intercisa
1109 1669 1443 1740 suntetiam
1471 1667 2074 1740 salutationisrofﬁcia,

431 1737 488 1794 et
521 1755 634 1792 non
669 1737 860 1792 solum
888 1738 1299 1792 familiaritatis
1323 1740 1683 1792 consuetudo
1708 1739 1952 1805 divulsa,
1976 1738 2078 1791 sed

431 1808 604 1864 etiam
635 1810 807 1863 noxia
845 1808 1173 1862 inveteratae
1197 1808 1421 1878 species
1443 1809 1748 1864 charitatis
1768 1811 1837 1863 ad
1880 1811 2076 1863 odium

429 1881 779 1952 temporale,
810 1880 910 1952 sed
945 1886 1303 1952 proazternse
1335 1880 1540 1935 salutis
1571 1897 1764 1952 amore
1798 1879 2080 1934 translata

435 1950 654 2008 estfln
701 1951 977 2006 omnibus
1008 1950 1213 2020 plateis
1260 1952 1535 2005 adversus
1582 1951 1817 2006 Judazos
1878 1968 2078 2020 pugna:

431 2022 622 2093 Legis,
664 2022 723 2076 in
774 2023 1047 2077 omnibus
1088 2022 1364 2076 domibus
1395 2021 1529 2078 ﬁdei
1562 2024 1758 2094 prelis
1803 2023 2080 2092 gereban-

433 2098 553 2149 tur.

505 2164 557 2218 4.
581 2163 914 2218 Judmorum
942 2163 1190 2234 populus
1209 2164 1456 2220 maxime
1473 2166 1777 2236 cujusdam
1798 2164 2082 2220 Theodori

433 2236 776 2291 auctoritate
807 2239 862 2289 et
895 2236 1155 2304 potentia
1179 2237 1489 2303 nitebatur,
1519 2238 1615 2307 qui
1643 2254 1755 2292 non
1780 2238 1969 2292 solum
1997 2237 2082 2292 in-

435 2313 526 2364 ter
553 2307 802 2374 Judmos,
837 2322 1036 2361 verum
1065 2308 1238 2362 etiam
1267 2308 1418 2362 inter
1438 2311 1798 2364 Christianos
1820 2309 2083 2378 ejusdem

435 2378 633 2462 oppidi
662 2383 720 2432 et
768 2393 946 2462 censu
1066 2382 1282 2462 honore
1313 2379 1510 2462 szeculi
1565 2381 1891 2462 praeeipuus
1940 2389 2082 2447 erat,

437 2449 731 2524 siquidem
772 2450 924 2524 apud
974 2449 1105 2504 illos
1139 2449 1305 2520 Legis
1329 2449 1579 2524 Adoclor,
1603 2459 1658 2524 et
1687 2449 1768 2522 (ut
1820 2453 2083 2524 ipsorum

441 2527 575 2576 utar
619 2521 814 2592 verbo)
848 2527 1008 2590 pater
1056 2530 1286 2592 patrum
1323 2522 1427 2576 fuit
1458 2539 1471 2577 :
1505 2523 1561 2577 in
1604 2521 1862 2578 civitate'
1889 2529 2086 2578 autem

439 2592 666 2648 cunctis
687 2591 859 2648 curia:
884 2591 1102 2647 muniis
1122 2593 1448 2662 exsolutus,
1471 2603 1522 2649 et
1553 2595 1961 2664 defensorjam
1991 2612 2084 2649 ex-

440 2664 689 2731 stiterat,
711 2667 906 2733 etjam
931 2681 1086 2720 nunc
1110 2671 1390 2735 patronus
1407 2667 1789 2736 municipium
1817 2667 2082 2720 habebat.

438 2736 750 2791 Christiani
773 2743 963 2790 autem
999 2743 1060 2790 ut
1099 2738 1292 2805 corde,
1324 2739 1398 2791 ita
1428 2737 1601 2792 etiam
1644 2747 1700 2793 et
1731 2738 1946 2792 viribus
1980 2738 2084 2792 hu-

441 2810 632 2880 miles,
666 2808 767 2862 sed
801 2809 1056 2863 veritatis
1087 2809 1294 2863 robore
1325 2812 1668 2878 superiores,
1705 2809 1930 2880 patroni
1962 2810 2088 2864 Ste-

444 2878 624 2948 phani
667 2880 1052 2947 patrocinium
1105 2880 1610 2951 deprecabantur:
1643 2878 1826 2936 donec
1861 2881 2088 2950 utrique

439 2954 745 3015 exercitus,
779 2967 907 3005 cum
940 2951 1066 3020 jam
1102 2953 1254 3005 diem
1298 2954 1633 3008 certaminis
1665 2953 2084 3019 condixissent,

442 3020 594 3074 datis
625 3026 764 3075 tunc
795 3023 1046 3077 induciis
1075 3023 1489 3082 discesserunt.
1521 3024 1738 3078 Judaeis
1760 3025 1815 3078 id
1842 3037 2086 3093 magno-

444 3107 580 3162 pere
599 3094 1093 3163 exspectantibus,
1120 3101 1180 3146 ut
1207 3094 1426 3148 scilicet
1450 3095 1813 3163 Theodorus,
1838 3098 1892 3148 in
1917 3098 2088 3163 cujus

446 3179 510 3218 se
540 3162 734 3234 omnis
765 3180 1056 3233 synagoga
1106 3164 1323 3218 viribus
1362 3165 1703 3232 acclinabat,
1737 3162 1805 3220 ex
1853 3162 2087 3234 Maiori-

445 3234 601 3288 censi
651 3233 839 3288 insula
872 3242 1272 3299 reverteretur,
1315 3237 1384 3289 ad
1419 3253 1593 3305 quam
1645 3238 1789 3292 forte
1836 3233 2087 3291 visendis

447 3305 836 3378 possessionis
867 3306 1058 3378 gratia
1109 3314 1448 3376 perrexerat.
1483 3307 1588 3370 Qui
1621 3307 1854 3378 quidem
1889 3311 2086 3363 statim

445 3375 512 3432 ut
541 3375 614 3431 ad
644 3391 778 3431 cum
812 3375 994 3431 missa
1040 3375 1247 3447 legatio
1278 3384 1383 3445 est,
1436 3375 1722 3446 remeans,
1752 3380 2091 3435 auctoritate

447 3464 556 3522 sua
591 3449 808 3504 multos
841 3449 1079 3522 terruit;
1110 3450 1206 3504 sed
1241 3467 1355 3505 non
1387 3452 1680 3516 exstinxit,
1706 3453 1803 3506 sed
1831 3453 2093 3522 consopi-

445 3519 528 3574 vit
557 3519 1302 3594 contentioniseincendium
1331 3538 1344 3576 :
1383 3525 1597 3592 majore
1619 3524 1908 3594 siquidem
1935 3519 2090 3579 illi—co

447 3591 1156 3666 exardescensvioleniia,
1180 3595 1351 3666 etiam
1377 3591 1628 3666 vicinum
1654 3591 1932 3666 oppidum
1961 3597 2090 3650 fidei

450 3662 683 3716 ﬂamma
705 3665 1005 3731 corripuit.
1034 3663 1089 3715 Et
1120 3670 1182 3716 ut
1203 3663 1338 3717 illud
1380 3662 1707 3719 Salomonis
1732 3662 2088 3730 impleretur,

453 3735 647 3806 Frater
664 3737 899 3800 fratrem
922 3735 1197 3802 adjuvans
1211 3736 1553 3789 exaltabitur
1573 3739 1714 3790 sicut
1728 3739 1920 3792 civitas
1932 3742 2090 3806 ﬁrma

448 3810 501 3856 et
521 3805 640 3857 alta
658 3806 1019 3872 (Prov.xvm,
1049 3808 1132 3875 19)
1151 3811 1685 3874 ;statuerunttnulti
1711 3805 2089 3864 famuliChri-

451 3877 544 3948 sti,
588 3875 855 3948 laborem,
885 3877 1108 3948 itineris
1161 3878 1401 3932 minime
1451 3885 1808 3948 recusantes,
1852 3888 2091 3936 cunctas

451 3945 630 4000 animi
667 3949 815 4001 vires
845 3947 978 4002 huic
1022 3948 1168 4002 bello
1200 3953 1441 4004 tradere.

517 4017 572 4071 5.
599 4018 884 4095 Pendente
907 4019 1084 4088 igitur
1108 4020 1321 4095 prglio,
1349 4037 1456 4095 nos
1479 4022 1711 4091 quidem
1738 4023 1930 4094 qualia
1954 4041 2092 4095 prai-

449 4092 1052 4165 paraverimusiarma,
1077 4091 1373 4165 subditum
1402 4093 1535 4148 huic
1556 4091 1808 4165 epistolas
1832 4091 2091 4150 Commo-

449 4162 725 4238 nitorium
747 4162 949 4238 probat
974 4178 986 4215 :
1012 4164 1163 4238 quod
1190 4165 1422 4238 quidem
1445 4182 1556 4219 non
1579 4162 1678 4235 pro
1700 4168 2088 4238 quorumdam

447 4230 826 4287 instructions
846 4236 934 4288 edi
958 4230 1244 4308 voluimus
1268 4236 1498 4307 (quippe
1516 4230 1610 4308 qui
1635 4254 1700 4292 ea
1716 4230 2092 4308 'penitusege-

449 4319 601 4380 mus,
623 4311 678 4358 et
701 4320 872 4380 quam
893 4323 931 4380 ea
959 4307 1315 4380 Beatitudine
1339 4315 1524 4363 vestra
1538 4307 1967 4380 magis’speram
1980 4307 2088 4380 us),

449 4373 550 4427 sed
584 4381 645 4448 ut
673 4377 1056 4430 animadverti
1089 4379 1296 4448 possit,
1329 4396 1440 4434 non
1477 4373 1910 4435 minimam-nos
1939 4373 2092 4436 solli;

449 4447 764 4523 cntudinem
790 4447 1109 4523 secundum
1130 4450 1429 4504 modulum
1457 4452 1863 4520 possibilitatis
1882 4460 2086 4523 postraa

450 4517 697 4582 suscepti
733 4518 1006 4592 habuisse
1036 4524 1364 4576 Ct'l‘latttlnls
1391 4540 1402 4574 :
1428 4517 1715 4577 Christum
1741 4517 1894 4590 vero,
1919 4526 2088 4592 cujus

453 4601 696 4661 regnum
725 4604 835 4641 non
871 4589 924 4642 in
951 4607 1234 4657 sermone,
1263 4598 1358 4646 sed
1384 4595 1437 4647 in
1465 4596 1672 4648 virtute
1694 4602 1800 4661 est,
1829 4589 2089 4650 nobis—ne

452 4659 687 4714 verbum
731 4662 965 4730 quidem
1005 4667 1449 4731 prot‘erentibus,
1484 4665 1608 4718 suis
1639 4659 1838 4720 omnia
1871 4667 2088 4722 viribus

451 4744 908 4806 consummasse,
941 4743 996 4788 et
1019 4733 1240 4806 absque
1265 4737 1382 4788 ullo
1404 4737 1615 4789 sudore
1637 4738 1970 4791 certaminis
1995 4755 2090 4792 ex-

449 4803 654 4856 ercitui
688 4820 795 4858 suo
836 4805 1006 4872 hanc,
1043 4803 1214 4877 quam
1252 4823 1420 4861 nemo
1451 4813 1552 4861 aut
1582 4815 1782 4877 optare
1813 4810 2085 4875 audebat,

449 4880 549 4953 aut
597 4890 830 4944 sperare
867 4884 1121 4953 epoterei,
1157 4879 1458 4953 victoriam
1493 4881 1872 4953 concessisse.
1905 4882 2087 4936 Judaei

447 4948 621 5012 igitur
651 4948 934 5014 exemplis
963 4965 1022 5003 se
1055 4949 1370 5004 Machabaei
1397 4953 1679 5021 temporis
1700 4952 2083 5023 exhortantes,

449 5025 688 5096 mertem
723 5034 954 5096 quoque
988 5037 1088 5090 pro
1123 5023 1501 5096 defendendis
1537 5023 1804 5096 legitimis
1838 5027 1958 5080 suis
1988 5026 2089 5080 de-

444 5085 799 5167 siderabant.
834 5085 1188 5167 Itaquenon
1210 5095 1399 5147 solum
1424 5085 1619 5167 _libros
1651 5095 1955 5163 revolvere,
1989 5099 2084 5152 sed

442 5164 615 5235 etiam
647 5176 805 5226 saxa,
829 5171 1014 5226 sudes,
1037 5165 1256 5232 jacula,
1280 5165 1591 5234 omniaque
1613 5167 1860 5221 telorum
1880 5185 2089 5235 genera

441 5229 526 5310 ad.
546 5245 903 5313 synagogam
951 5229 1209 5313 conteris
1233 5253 1478 5313 erepere,
1499 5229 1572 5292 'ut
1599 5229 2085 5313 Christianorum

441 5307 623 5356 aciem
657 5307 866 5379 virtute
916 5307 1098 5362 sancti
1147 5308 1404 5378 Spiritus
1451 5309 1735 5363 munitam
1769 5311 1842 5379 (si
1877 5313 1956 5366 ita
1999 5329 2088 5368 res

439 5376 744 5452 posceret),
777 5377 949 5452 etiam
981 5376 1236 5452 corporis
1270 5381 1486 5434 viribus
1510 5376 1941 5452 propulsarent.

508 5442 562 5498 6.
605 5442 830 5529 Interea
875 5448 1016 5504 dum
1195 5442 1525 5529 apparatus
1558 5442 1914 5529 gererentur,
1962 5470 2086 5529 ma-

483 5530 668 5582 nuque
695 5517 1035 5575 altrinsecus
1076 5517 1932 5579 studiofuturum'instituitur
1965 5525 2086 5580 hel-

469 5599 588 5662 um,
623 5589 900 5662 utrinque
929 5593 1212 5647 exercitus
1247 5594 1736 5649 inenarrabilibus
1768 5603 1824 5650 et
1853 5597 2085 5652 absolu-

446 5657 684 5737 tissimis
708 5657 968 5737 “somniis
1008 5671 1467 5737 commoventur,
1503 5681 1746 5737 quorum
1780 5669 1827 5720 si
1864 5669 2082 5722 nullam

450 5730 677 5787 Pennus
707 5730 947 5784 tacerem
975 5735 1347 5798 mentionem,
1374 5752 1486 5788 non
1515 5730 1816 5790 minimam
1848 5737 2083 5794 videbor

512 5817 581 5874 (α)
615 5818 850 5870 Orosius.

444 5936 480 5985 Β
510 5877 578 5933 (bl
621 5880 748 5952 _Erut
774 5885 912 5931 enim
944 5889 1164 5950 llipania
1191 5896 1406 5944 obsessa
1429 5899 1526 5946 hoc
1557 5896 1790 5958 tempore
1818 5911 1851 5946 a
1879 5899 2081 5949 Gothis.

485 5951 700 5985 aronins
729 5943 794 5985 ad
823 5957 1017 5985 annum
1050 5955 1139 5985 am

485 5943 700 5989 aronius
729 5943 794 5989 ad
823 5943 1024 5996 annum
1049 5955 1155 6002 418.

1914 243 2339 308 ΛΡΡΕΝΒΙΧ.

3713 232 3829 291 824

2172 372 2640 449 partemdjvinez
2686 369 2885 449 gloria:
2925 365 3236 449 operuisse.
3283 364 3377 420 Sic
3406 363 3612 449 enim.
3647 363 3833 445 sancti

2174 433 2422 520 apostoli
2457 443 2616 499 Pauli
2644 433 2944 520 somnium
2966 433 3168 520 Lucas
3201 435 3665 520 sacrishistorias
3686 433 3833 517 inse-

2175 507 2312 584 ruit,
2349 519 2572 583 dicens,
2606 515 2793 568 virum
2831 511 3202 567 Macedonem
3237 508 3490 584 astitisse
3519 509 3581 584 in
3614 507 3835 584 visione

2175 579 2384 658 noctis,
2409 579 2666 643 orantem
2699 590 2761 640 ut
2783 585 3162 658 adjuvaretur
3190 581 3289 658 _ab
3311 597 3376 658 eo
3405 585 3499 658 ;e_t
3519 579 3630 658 hac
3653 581 3834 658 A_pos-_

2175 650 2613 719 tolum'visione
2661 650 3093 728 praemunitum,
3138 650 3516 728 itinerisalio
3565 651 3836 728 destinati

2175 750 2413 791 cursum
2439 733 2506 786 ad
2534 720 2932 784 Macedoniam
2956 720 3311 782 convertisse
3333 723 3480 794 (Act.
3505 739 3619 788 xvi,
3643 721 3697 787 9,
3726 720 3834 791 10).

2180 811 2406 873 Quanto
2437 806 2627 872 itaque
2661 799 2887 873 Domini
2909 797 3093 873 nostri
3123 795 3509 873 Je_su__Christ_i
3534 795 3719 873 major
3749 799 3836 847 est

2180 864 2381 948 gloria,
2417 864 2570 945 quod
2605 873 2658 926 id
2695 870 2955 948 minimis
2985 876 3159 948 etque
3190 864 3707 948 indignis‘famulis
3747 880 3837 948 re-

2182 935 2379 1004 velare.
2404 935 2681 1018 dignatus
2711 947 2821 1018 est,
2855 941 3011 1018 quod
3043 935 3236 1018 etiam.
3256 935 3712 1018 beaiocApostolo
3736 935 3836 1017 de~

2185 1007 2570 1076 monstratum
2604 1007 2906 1085 Scriptura
2931 1013 3117 1066 celare
3145 1010 3333 1085 noluit
3361 1009 3397 1085 ‘?_
3419 1007 3617 1085 igitur‘
3644 1007 3837 1085 brevi-

2183 1093 2321 1148 tatis
2344 1107 2539 1148 causa,
2566 1104 2637 1142 ne
2660 1080 3012 1141 Beatitudini
3039 1089 3242 1138 vestrae
3270 1081 3568 1136 fastidium
3594 1080 3839 1135 fortasse

2185 1163 2629 1235 gignatur,eduo
2651 1164 2875 1235 tantum
2911 1155 3142 1235 somnia
3159 1155 3442 1235 inseram.

2255 1221 2309 1289 ἦ.
2343 1221 2506 1298 Apud
2544 1248 2646 1286 nos
2676 1231 2884 1284 devota
2915 1228 3181 1298 quadam
3216 1221 3682 1298 religiosissima,
3718 1237 3833 1276 no-

2189 1309 2344 1360 mine
2373 1294 2694 1370 Theodora,
2729 1317 2852 1372 qua:
2883 1294 2948 1354 et
2969 1297 3303 1372 virginitate
3331 1294 3703 1372 corporis,et
3744 1308 3832 1348 re-

2186 1378 2401 1448 ligione
2433 1370 2824 1448 propositi,_et
2850 1371 3105 1448 nominis
3137 1370 3605 1448 interpretatione
3627 1371 3831 1448 typum

2189 1437 2730 1520 portare'Ec'clesia:
2765 1447 3094 1520 mereretur,
3139 1440 3366 1520 vidit‘in
3398 1437 3620 1518 visione
3650 1437 3840 1490 noctis

2188 1509 2425 1576 viduam
2459 1519 2772 1588 quamdam
2807 1509 3191 1588 nobilissime,
3220 1513 3295 1588 ad
3320 1527 3428 1588 me,
3462 1509 3560 1580 qui
3586 1524 3710 1588 non.
3734 1523 3840 1588 pro

2192 1594 2420 1652 merito.
2455 1579 2554 1644 sed
2588 1605 2688 1657 pro
2722 1587 2904 1640 divini
2935 1585 3198 1639 numeris
3220 1579 3493 1657 largitate
3515 1579 3842 1657 secerdetio

2193 1650 2423 1735 fungor,
2457 1650 2708 1715 insertas
2731 1657 2750 1691 ί
2784 1657 3006 1712 litteras
3029 1673 3141 1735 per
3179 1671 3242 1735 se
3291 1650 3527 1735 misisse
3549 1653 3592 1718 ³,
3623 1650 3844 1735 quibus

2192 1725 2336 1791 mihi
2362 1725 2602 1789 cunctos
2623 1747 2788 1798 agros
2814 1745 2951 1784 suos
2973 1725 3473 1783 ad‘seminandum
3495 1725 3847 1798 suppiiciter

2191 1808 2441 1862 otferrct.
2474 1794 2879 1858 Similiwetiam
2914 1799 3141 1856 somnio
3179 1815 3271 1854 me
3303 1811 3534 1869 quoque
3565 1794 3843 1849 ultimum

2193 1882 2559 1950 peccatorum
2593 1876 2663 1929 ad
2689 1873 3098 1950 seminandum
3117 1869 3471 1950 praecingere
3497 1873 3845 1950 et‘commo-

2194 1936 2328 2004 nere
2361 1949 2634 2018 dignatus
2665 1949 2775 2000 est.
2810 1945 2998 1998 Vidua
3037 1936 3192 1997 enim
3226 1936 3505 2018 quaedam
3525 1936 3707 2018 altera
3739 1952 3846 1990 no-

2196 2010 2502 2084 bilissimva,
2538 2033 2710 2088 quam
2759 2031 3062 2086 synagogas
3111 2010 3364 2088 speciem
3416 2010 3692 2088 habuisse
3721 2024 3844 2062 non

2194 2091 2437 2148 dubium
2470 2081 2581 2155 est,
2613 2104 2706 2164 me
2738 2081 3438 2164 ut'agros'suosrincultos
3459 2081 3847 2164 susciperem,

2195 2179 2432 2234 eosque,
2454 2152 2688 2233 quando
2709 2152 2938 2234 temp—us
2955 2159 3234 2213 sementis
3262 2152 3852 2234 urgeret,_diligenter

2195 2223 2535 2300 excolerem,
2553 2223 2991 2304 deprecabatur.
3009 2235 3143 2296 Quae
3157 2223 3458 2304 gestantem
3477 2225 3666 2304 altera
3681 2223 3851 2304 nobi-

2197 2308 2426 2363 lissima
2471 2297 2661 2366 vidua,
2699 2302 2808 2356 nisi
2858 2301 2959 2356 illa
2990 2318 3115 2372 quae
3147 2300 3449 2372 Christum
3473 2297 3665 2372 impie_
3683 2297 3853 2372 peri-

2197 2379 2430 2442 mendo,
2483 2365 2854 2445 semctipsam
2917 2365 3315 2428 crudelissime
3362 2365 3672 2445 viduavit?
3722 2365 3852 2420 Hoc

2197 2440 2487 2506 somnium
2521 2440 2826 2516 utriusque
2859 2461 3037 2499 unum
3069 2450 3178 2498 est.
3204 2446 3349 2498 Ante
3371 2442 3612 2516 triginta
3637 2440 3849 2516 terms,

2199 2539 2372 2593 quam
2388 2509 2750 2593 impleretur,
2774 2517 2922 2582 dies,
2945 2516 3229 2593 etvidisse
3245 2509 3591 2593 nos,etlice_t
3612 2509 3857 2593 absolu-

2198 2583 2415 2649 tionem
2440 2583 2568 2661 ejus
2589 2591 3015 2662 ignoraremus,
3037 2592 3235 2642 tamen
3261 2585 3536 2642 fratribus
3557 2583 3855 2638 indicasse

2199 2665 2579 2720 manifestum
2615 2667 2721 2717 est.

2268 2739 2322 2794 8.
2357 2735 2513 2806 Apud
2545 2735 2776 2790 Judaeos
2807 2747 3038 2806 quoque
3057 2730 3203 2806 miro
3224 2727 3427 2806 divina
3459 2723 3851 2806 dispensatio-

2199 2807 2291 2864 nis
2321 2798 2547 2871 ordine,
2583 2812 2644 2860 ut
2673 2808 2730 2879 et
2761 2798 3019 2859 nominis
3053 2800 3338 2879 Theodori
3362 2806 3420 2879 ei
3448 2798 3624 2855 ofﬁcii
3651 2798 3768 2879 mei
3795 2798 3854 2849 in

2200 2897 2316 2935 uno
2338 2879 2565 2934 homine
2585 2877 2832 2932 societas
2847 2873 3199 2930 conveniret.
3223 2873 3670 2941 Theodorusqui
3688 2883 3856 2941 sum:

2201 2968 2335 3006 mus
2367 2951 2637 3006 sacerdos
2690 2947 2892 3018 perﬁdi
2930 2945 3122 3018 populi
3157 2954 3297 3018 erat,
3346 2937 3851 3018 somniuinquod

2198 3024 2443 3088 viderat,
2480 3039 2592 3075 non
2633 3011 2823 3074 solum
2866 3011 3100 3084 Ju'daiis,
3135 3017 3234 3072 sed
3285 3015 3461 3088 etiam
3505 3011 3853 3088 propinques

2198 3080 2441 3149 cuidam,
2459 3091 2888 3146 matrifamilias
2907 3091 3050 3160 prim
3062 3080 3194 3143 ariae
3208 3088 3394 3156 ipsius
3412 3080 3686 3151 civitatis,
3700 3080 3856 3137 mul-

2199 3165 2389 3235 tisque
2407 3163 2580 3218 etiam
2599 3163 2818 3217 aliisCh
2831 3161 3106 3235 ristianis,
3122 3165 3256 3214 ante
3271 3175 3384 3235 non
3405 3173 3641 3227 parvum
3668 3169 3854 3235 quam

2201 3230 2620 3306 adiinplsretur
2651 3239 2906 3307 tempus,
2946 3233 3039 3288 his
3082 3230 3450 3307 sermonibus
3501 3230 3852 3307 propalavit.

2200 3301 2380 3364 Eunti
2415 3307 2581 3375 mihi,
2615 3301 2822 3375 inquit,
2857 3305 2912 3358 in
2959 3319 3338 3376 synagogam,
3374 3301 3711 3376 duodecim
3742 3301 3855 3376 viri

2202 3396 2411 3435 manus
2433 3373 2633 3436 obvias
2655 3373 3013 3444 obtulerunt,
3038 3373 3295 3430 dicentes
3321 3391 3334 3428 :
3359 3375 3480 3438 Quo
3502 3374 3671 3428 vadis
3690 3373 3719 3426 ‘I
3745 3373 3854 3427 Leo

2200 3451 2317 3506 illic
2349 3455 2455 3507 est.
2491 3451 2628 3505 Cum
2663 3465 2794 3518 ergo
2834 3449 3031 3503 audito
3073 3448 3256 3502 leonis
3287 3449 3522 3501 nomine
3561 3446 3856 3514 trepidare

2201 3523 2531 3594 coepissem,
2565 3522 2754 3576 locum
2801 3525 3019 3594 tamen,
3061 3519 3200 3594 dum
3258 3519 3450 3594 fugam
3485 3533 3646 3594 pare,
3698 3520 3858 3573 unde

2202 3588 2695 3664 introspiscerem,
2731 3592 2936 3664 reperi,
2969 3597 3025 3647 et
3053 3588 3676 3664 vidimonachosillie
3707 3603 3859 3664 mira

2203 3659 2484 3721 suavitate
2517 3663 3058 3737 psallentes.7Major
3092 3662 3235 3716 mihi
3268 3678 3445 3737 pavo_r
3474 3659 3859 3737 i_llico_adjec-

2200 3742 2297 3792 tus
2327 3743 2433 3800 est,
2461 3732 2653 3791 et'nisi
2689 3739 2743 3789 in
2779 3736 3087 3804 cujusdam
3122 3733 3356 3788 nomine
3395 3732 3595 3788 Ruben
3627 3732 3860 3803 ingres-

2203 3827 2303 3864 sus
2329 3810 2568 3863 fuissem
2595 3809 2860 3870 domum,
2881 3812 2937 3860 et
2956 3806 3088 3860 inde
3103 3806 3173 3860 ad
3194 3809 3436 3859 matrem
3458 3804 3855 3875 propinquam

2203 3897 2376 3935 cursu
2428 3879 2708 3951 praecipiti
2759 3879 3184 3951 conviolassem,
3221 3891 3593 3951 nequaquam
3645 3892 3857 3951 curam

2203 3947 2480 4007 mortiferi
2507 3947 2741 4006 terroris
2763 3950 3094 4016 evasissem,
3118 3948 3220 4003 illa
3252 3964 3342 4002 me
3363 3947 3689 4002 exanimem
3713 3949 3857 4003 sinu

2202 4040 2308 4079 suo
2349 4025 2681 4090 confovens,
2715 4039 2747 4076 a
2793 4020 3123 4076 discrimine
3156 4022 3369 4092 pariter
3399 4023 3453 4074 et
3484 4036 3516 4074 a
3549 4027 3703 4092 metu
3739 4022 3860 4075 eri-

2202 4097 2346 4167 puit.
2381 4095 2494 4150 Hoc
2515 4095 2644 4164 ejus
2674 4095 2963 4167 somnium
2992 4091 3410 4167 vaide’cl‘arum
3436 4095 3549 4167 est,
3581 4095 3637 4167 et
3661 4091 3860 4167 interf-

2203 4161 2669 4237 pretatione'non
2705 4165 2943 4237 indiget.
2965 4164 3117 4237 Quis
3157 4162 3454 4237 enimeleo,
3493 4161 3608 4216 nisi
3657 4161 3762 4237 ille
3792 4163 3861 4216 de

2202 4233 2351 4294 tribu
2379 4239 2528 4292 Juda
2555 4239 2720 4292 radix
2742 4233 2921 4291 Dauid
2953 4236 3138 4306 (Apoc.
3165 4251 3216 4302 ν,
3239 4234 3344 4304 5)?
3365 4249 3494 4305 quae
3525 4233 3862 4304 propinqua

2201 4310 2319 4371 illa,
2355 4309 2462 4363 nisi
2503 4311 2573 4364 de
2604 4326 2720 4379 qua
2759 4309 3042 4371 scriptum
3083 4311 3189 4372 est,
3247 4307 3365 4360 Una
3403 4311 3488 4379 est
3523 4307 3857 4379 propinqua

2199 4399 2318 4436 mea
2349 4383 2582 4452 (Cantia.
2607 4377 2685 4446 vi,
2719 4381 2768 4452 8)
2789 4379 2818 4433 *Ρ
2847 4379 3158 4452 Illud_ergo
3179 4379 3362 4452 scium
3400 4377 3703 4452 videbatur
3722 4381 3859 4432 obs-

2201 4448 2430 4519 carum,
2465 4453 2615 4522 quod
2649 4453 2708 4506 in
2739 4448 2971 4506 domum
2999 4449 3198 4504 Ruben
3234 4449 3440 4522 Judaei,
3473 4465 3507 4503 a
3529 4448 3699 4522 leone
3728 4465 3862 4504 cum

2202 4520 2530 4604 terreretur,
2565 4525 2860 4604 ingressus
2883 4527 2971 4576 est
2996 4537 3008 4576 :
3033 4522 3192 4604 quod
3224 4521 3462 4604 quidem
3487 4520 3860 4604 nobis‘posi-

2200 4596 2438 4650 modum
2475 4596 2544 4649 ab
2577 4595 2701 4664 ipso
2752 4593 2916 4649 leone
2948 4594 3046 4664 qui
3077 4592 3307 4657 terruit,
3341 4592 3704 4664 utsalvaret,
3737 4592 3860 4664 evi-

2201 4666 2547 4721 dentissime
2577 4663 2902 4736 expositum
2936 4663 3024 4719 est
3057 4680 3069 4717 :
3106 4664 3254 4736 quod
3287 4663 3500 4719 dehinc
3530 4679 3638 4718 suo
3672 4663 3864 4736 expli-

2199 4740 2464 4794 cabimus
2523 4735 2666 4793 loco.
2719 4736 2879 4792 Nunc
2946 4735 3139 4792 autem
3198 4739 3400 4806 emptas
3437 4735 3516 4790 rei
3576 4735 3855 4791 ordinem

2201 4826 2545 4881 prosequar.

2266 4883 2318 4935 9.
2352 4877 2425 4935 Ex
2447 4880 2851 4936 Jammonensi
2877 4877 3108 4935 civitate
3132 4879 3201 4934 ad
3228 4878 3641 4950 profectionem
3671 4878 3864 4934 famu-

2199 4954 2389 5008 lorum
2423 4953 2636 5008 Christi
2669 4953 2981 5008 multitudo
3014 4949 3298 5018 convenit,
3333 4967 3458 5021 quae.
3491 4949 3548 5003 in
3583 4951 3714 5020 ipso
3748 4968 3862 5021 op-

2202 5027 2332 5092 pido
2393 5025 2705 5096 putabatur
2761 5025 3128 5096 consistere;
3181 5029 3461 5096 tantaque
3506 5021 3862 5096 difﬁcillimi

2197 5093 2423 5152 itineris
2456 5097 2710 5151 laborem
2745 5094 3041 5150 alacritate
3062 5094 3329 5159 confecit,
3356 5093 3419 5149 ut
3446 5093 3688 5162 triginta
3725 5093 3865 5148 mil-

2197 5168 2275 5223 lia
2307 5184 2590 5240 passuum
2634 5168 2958 5239 jucundius
3006 5167 3416 5240 transvolaret,
3458 5181 3638 5240 quam
3681 5166 3753 5240 si_
3783 5165 3857 5240 ad

2198 5237 2602 5295 suburbanum
2636 5237 2893 5309 'aliquod
2944 5239 3412 5293 amoenissimum
3464 5238 3534 5291 ad
3587 5237 3862 5309 convivia

2197 5312 2486 5382 epulaturi
2516 5308 2883 5366 vocarentur.
2909 5311 3093 5381 Igitur
3115 5309 3422 5381 Magonem
3457 5308 3856 5382 pervenimus.

2196 5378 2402 5439 Statim
2430 5383 2624 5438 missis
2637 5381 2886 5445 clericis,
2905 5378 3440 5437 adventum—meum
3457 5378 3678 5436 Judaeis
3702 5396 3860 5434 nun-

2196 5456 2354 5522 tiavi,
2389 5459 2444 5510 et
2475 5459 2539 5509 ut
2568 5455 2636 5508 ad
2680 5454 2986 5509 ecclesiam
3029 5458 3295 5509 sanctam
3329 5454 3600 5507 accedere
3628 5451 3856 5522 digna-

2194 5537 2410 5593 rentur,
2449 5527 2704 5597 poposci.
2741 5525 2829 5581 Illi
2863 5531 3045 5581 autem
3085 5525 3450 5597 inopinatum
3484 5523 3654 5597 nobis
3681 5539 3856 5597 nun-

2195 5599 2338 5652 tium
2372 5594 2756 5665 remittentes,
2799 5594 3221 5653 mandaverunt
3253 5596 3552 5652 ecclesiam
3584 5594 3692 5650 sibi
3727 5594 3852 5663 (ne,

2195 5671 2386 5752 credo,
2407 5668 3184 5752 polluerentur)_ingredi_die
3205 5668 3531 5752 eademnon
3547 5673 3822 5752 oportere
3834 5681 3851 5746 ξ

2192 5746 2320 5795 esse
2351 5735 2505 5796 enim
2538 5743 2689 5796 diem
2724 5735 2970 5801 sabbati.
3004 5743 3174 5812 cujus
3207 5735 3730 5812 festivitatem'suis
3755 5735 3850 5790 illi

2192 5812 2419 5868 actibus
2459 5810 3166 5884 corrupissent.'Rursum
3201 5829 3304 5885 ego
3343 5810 3608 5883 expetivi,
3652 5816 3710 5864 ut
3748 5823 3851 5864 me

2257 5905 2271 5963 ξ
2304 5900 2470 5956 Forte,
2504 5901 2819 5963 inscriptas.

2255 5962 2276 5996 2
2306 5962 2467 6018 Alias,
2496 5962 2870 6024 praemisisse.
