4134 6198
360 229 480 291 825

361 363 837 437 adsynagogam,
870 363 919 419 si
952 363 1210 437 mallent,
1252 363 1690 437 opperirentur;
1733 369 2000 437 quando-

359 435 591 504 quidem
629 437 927 507 ingressus
958 435 1216 493 ecclesia:
1248 436 1493 506 pollutio
1524 435 1850 494 videretur:
1884 456 1998 495 non

359 507 561 578 utique
592 523 687 561 eos
718 525 750 561 a
781 507 950 562 nobis
980 508 1039 562 in
1066 508 1154 562 die
1187 508 1313 562 festi
1347 509 1571 563 sabbati
1606 510 1675 564 ad
1709 526 1854 578 Opus
1885 527 2001 567 ser-

351 578 460 633 vile
492 578 800 646 compelli;
849 581 1109 634 futurum
1144 584 1334 634 autem
1387 581 1874 637 honestissimum
1927 583 1998 638 de

352 648 478 720 lege
508 651 863 717 conflictum,
885 667 988 706 nec
1009 650 1336 706 excitandas
1371 651 1502 707 lites
1543 657 1598 707 et
1621 653 1846 708 tabulas
1869 670 1997 709 esse

355 722 727 796 miscendas;
756 727 861 796 _aut
885 723 933 777 si
965 739 1078 777 non
1110 727 1295 796 astute
1318 733 1604 779 certamen
1631 726 1914 796 fugerent,
1941 730 1996 781 et

351 792 679 862 simplicem
711 793 1454 869 aﬁ‘errentexcusationem,
1475 792 1843 852 ostenderent
1865 813 2004 869 prae-

354 870 606 939 ceptum,
641 867 845 939 quoin
877 882 942 920 eo
969 866 1421 939 diesermonem
1447 870 1704 923 conferre
1738 866 1997 939 prohibi-

351 939 478 990 tum
512 936 610 992 sit.
642 935 722 991 Ad
758 935 878 990 haec
910 953 1039 992 cum
1072 937 1156 991 illi
1188 939 1246 992 in
1274 939 1550 994 omnibus
1581 935 1997 994 contradictio-

351 1023 486 1063 nem
511 1008 1033 1063 obstinatissimam
1059 1009 1409 1077 retulissent,
1445 1012 1675 1066 tandem
1699 1009 1860 1065 illius
1887 1011 1999 1066 leo-

354 1079 446 1134 nis
477 1082 696 1134 terrore
727 1079 1036 1154 compulsi,
1066 1081 1134 1135 ad
1170 1081 1410 1154 domum
1442 1083 1498 1136 in
1535 1099 1710 1153 quam
1744 1082 1996 1154 hospitio

352 1166 732 1224 necesseram,
757 1150 1180 1208 conﬂuxerunt.
1209 1153 1290 1207 Ibi
1324 1168 1429 1223 ego
1453 1169 1466 1207 :
1489 1150 1712 1223 Quaeso,
1737 1150 1994 1224 inquam,

353 1223 580 1296 fratres,
614 1239 792 1296 quare
841 1225 1317 1296 quasiadversus
1362 1227 1640 1294 latrones,
1678 1223 1995 1296 praesertim

354 1293 412 1348 in
445 1295 678 1366 civitate
710 1293 990 1350 Romanis
1021 1295 1249 1366 legibus
1279 1296 1528 1365 subdita,
1563 1293 1797 1353 acervos
1829 1315 1996 1353 saxo-

351 1382 483 1420 rum
516 1365 828 1440 omniaque
851 1365 1145 1421 armorum
1177 1383 1388 1438 genera
1413 1371 1806 1440 congregastis
1827 1370 1854 1423 ?
1883 1371 1995 1425 Nos

351 1439 650 1508 acquirere
669 1439 955 1508 cupimus,
977 1455 1076 1494 vos
1102 1440 1334 1509 perdere
1359 1439 1720 1496 desideratis:
1744 1440 1866 1496 Non
1889 1448 1994 1506 est,

351 1514 638 1580 quantum
671 1511 937 1578 arbitror,
969 1527 1200 1580 aequum
1235 1515 1296 1566 ut
1326 1515 1442 1565 tam
1476 1513 1632 1567 varia
1659 1511 1758 1568 lite
1781 1513 1992 1567 alteru-

351 1584 502 1635 trum
536 1580 900 1637 laboremus:
926 1598 1025 1636 vos
1048 1598 1201 1649 vero,
1237 1587 1300 1636 ut
1321 1583 1504 1650 video,
1529 1585 1706 1639 sititis
1731 1590 1993 1639 nostrum

349 1651 717 1724 sanguinem,
751 1669 856 1708 nos
882 1669 1017 1709 vero
1052 1660 1300 1709 vestram
1333 1654 1603 1710 salutem.
1641 1657 1725 1710 Ad
1757 1655 1878 1711 haec
1911 1654 1995 1709 illi

348 1723 647 1796 paululum
703 1725 912 1793 territi,
961 1741 1237 1796 negavere
1288 1727 1539 1794 factum;
1573 1726 1786 1782 nostris
1835 1727 1993 1781 affir-

352 1796 648 1868 mantibus
681 1796 757 1850 ita
785 1813 846 1852 se
878 1797 1090 1852 habere
1119 1799 1294 1853 etiam
1327 1813 1458 1852 cum
1504 1799 1888 1868 jurejurando
1913 1815 1997 1854 re-

349 1867 702 1942 nitebantur.
726 1869 886 1942 Tunc
911 1884 1034 1942 ego,
1068 1873 1130 1924 ut
1155 1872 1366 1925 nodum
1387 1867 1582 1942 emptae
1604 1867 1995 1942 contentionis

350 1939 750 2012 abscinderem
779 1958 791 1993 :
826 1938 932 1995 Ubi
965 1957 1077 2008 res,
1112 1942 1376 2012 inquam,
1410 1938 1593 1997 oculis
1635 1941 1863 2011 probari
1896 1957 1992 2011 pe-

347 2014 482 2078 test,
507 2011 802 2080 juratione
835 2011 969 2080 quid
1001 2029 1146 2083 opus
1175 2011 1310 2068 est?
1337 2018 1552 2068 Eamus
1584 2013 1763 2082 igitur
1793 2013 1863 2066 ad
1898 2028 1995 2079 sy-

349 2098 652 2152 nagogam,
718 2088 773 2138 et
823 2088 1016 2137 utrum
1069 2101 1168 2153 pro
1209 2084 1347 2138 vitio
1392 2102 1464 2138 an
1516 2085 1756 2138 veritate
1807 2087 1997 2137 vestra

346 2153 572 2280 nitlntlur
599 2153 861 2218 assertio,
892 2153 1324 2225 vobismetipsis
1350 2154 1700 2210 testantibus
1740 2170 1998 2226 compro-

390 2243 417 2278 a
468 2242 480 2278 ι
517 2240 603 2278 ur.

390 2225 603 2278 abitur.

420 2296 505 2350 10.
547 2301 788 2369 Pergere
835 2294 1014 2366 igitur
1060 2297 1132 2352 ad
1181 2313 1530 2369 synagogam
1581 2297 1883 2369 cmpimus,
1934 2300 1997 2369 et

337 2366 627 2439 hymnum
656 2366 878 2422 Christo
910 2383 1010 2437 per
1033 2366 1284 2439 plateam
1303 2366 1370 2424 ea
1393 2366 1763 2424 multitudine
1786 2368 1996 2423 laetitiae

342 2441 716 2512 canebamus.
753 2439 1037 2506 Psalmus,
1074 2445 1290 2508 autem,
1329 2457 1501 2512 quem
1543 2441 1692 2496 mira
1720 2440 1998 2512 jucundi-

346 2516 460 2583 tate
493 2511 667 2565 etiam
699 2527 732 2566 a
778 2512 1109 2567 Iudaeorum
1154 2511 1388 2583 papillis
1433 2511 1868 2577 decantabatur,
1903 2511 1997 2568 hic

342 2582 454 2637 fuit
479 2598 492 2638 :
528 2584 702 2637 Periit
732 2584 994 2637 memoria
1014 2582 1201 2638 eorum
1221 2582 1343 2640 cum
1362 2587 1616 2651 strepitu,
1650 2589 1702 2639 et
1733 2585 1997 2638 Dominus

343 2655 688 2726 inueternum
710 2661 999 2723 permanet
1030 2655 1199 2714 (Psal.
1235 2672 1312 2723 ix,
1342 2657 1398 2725 7,
1430 2655 1507 2726 8).
1541 2657 1647 2711 Sed
1682 2660 1995 2726 antequam

345 2725 416 2780 ad
441 2741 794 2799 synagogam
813 2725 1263 2799 perveniremus,
1283 2725 1547 2799 quaedam
1562 2728 1775 2783 Judaeze
1799 2726 2000 2782 mulie-

349 2812 440 2851 res
462 2795 845 2870 (ordinatione
867 2798 1036 2852 credo
1061 2797 1206 2870 Dei),
1225 2795 1527 2854 audaciam
1557 2803 1993 2870 praesumentes,

350 2872 414 2922 ut
444 2868 667 2924 scilicet
697 2873 1030 2941 nostrorum
1062 2868 1270 2926 lenitas
1300 2868 1657 2937 incitaret'ur,
1691 2870 1914 2941 lapides
1934 2869 1995 2925 in

344 2955 449 2993 nos
480 2954 548 2994 ex
571 2940 868 3012 superiore
899 2940 1023 3012 loco
1057 2941 1513 2997 immanissimas
1551 2940 1773 3012 jactare
1814 2957 1996 3012 caepe-

344 3015 521 3066 runt:
554 3013 675 3083 qui,
703 3011 915 3065 mirum
941 3010 1118 3082 dictu,
1137 3027 1270 3068 cum
1297 3029 1471 3083 super
1504 3010 1992 3068 confertissimam

349 3081 781 3136 multitudinem
806 3081 1108 3149 grandinis
1135 3084 1320 3139 instar
1341 3081 1778 3151 descenderent,
1811 3083 1995 3138 nemi-

343 3169 478 3208 nem
533 3157 888 3220 nostrorum,
937 3170 1051 3208 non
1102 3154 1291 3210 solum
1322 3154 1469 3222 ictu,
1526 3157 1627 3212 sed
1675 3171 1777 3210 nec
1834 3158 1992 3210 tactu

342 3226 576 3296 quidem
610 3240 900 3281 vexavere.
935 3226 1036 3296 Hic
1069 3227 1235 3296 agnis
1287 3227 1413 3282 suis
1451 3227 1538 3282 leo
1587 3226 1684 3281 ille
1714 3225 1992 3282 terribilis

344 3295 856 3352 mansuetudinem
891 3295 1199 3366 paululum
1241 3297 1522 3353 abstulit:
1557 3315 1759 3353 omnes
1807 3297 1995 3368 siqui-

344 3368 498 3436 dem,
532 3367 986 3423 reclamantibus
1021 3369 1210 3437 nobis,
1244 3385 1379 3424 saxa
1409 3369 1748 3439 corripiunt,
1781 3373 1835 3423 et
1862 3367 1996 3436 pas-

340 3442 488 3496 toris
514 3439 968 3511 commonitione
999 3440 1354 3511 posthabita,
1397 3456 1532 3496 cum
1574 3455 1755 3494 unum
1799 3439 1995 3511 potius

341 3510 652 3568 consilium
687 3511 919 3566 cunctis
967 3510 1122 3566 zelus
1167 3513 1359 3583 potius
1405 3511 1643 3581 Christi,
1685 3510 1858 3583 quam
1909 3511 1996 3565 ira

344 3588 704 3654 suggereret,
729 3583 900 3652 lupos
922 3583 1198 3638 cornibus
1221 3582 1296 3638 im
1308 3584 1584 3652 petendos
1607 3582 1992 3638 censuerunt:

345 3655 614 3726 quamvis
647 3655 753 3711 hoc
783 3654 943 3709 illius
965 3655 1060 3725 qui
1094 3655 1253 3710 solus
1276 3655 1464 3710 bonus
1490 3662 1688 3724 pastor
1707 3659 1817 3721 est,
1845 3658 1993 3709 nutu

348 3728 564 3782 factum
597 3742 724 3782 esse
753 3726 897 3782 nulli
920 3726 1164 3781 dubium
1191 3726 1284 3798 sit.
1311 3728 1572 3798 Denique
1594 3743 1666 3781 ne
1687 3731 1992 3798 cruentam

345 3798 501 3869 gregi
533 3815 640 3854 suo
664 3799 949 3854 videretur
981 3797 1318 3869 praestitisse
1348 3797 1665 3866 victoriam,
1688 3814 1858 3853 nemo
1887 3797 1996 3852 Ju-

351 3871 608 3924 daeorum
641 3887 702 3925 se
732 3875 1057 3926 contactum
1089 3871 1293 3925 saltem
1324 3869 1524 3938 fuisse,
1548 3887 1619 3925 ne
1651 3887 1751 3940 pro
1775 3869 1995 3924 invidia

347 3941 606 4014 quidem,
641 3947 704 3997 ut
735 3957 862 3997 mos
893 3946 997 4006 est,
1031 3941 1348 3997 simulavit.
1383 3944 1531 3997 Sane
1564 3943 1840 4014 quoniam
1866 3957 1993 4014 ome

346 4013 603 4069 nimodis
635 4014 917 4068 debemus
947 4014 1125 4068 vitare
1145 4015 1536 4080 mendacium,
1563 4013 1715 4068 unus
1745 4030 1812 4067 ex
1833 4013 1993 4068 omni

341 4084 802 4141 Christianorum
825 4100 1064 4140 numero
1081 4085 1352 4156 inventus
1373 4089 1480 4152 est,
1505 4085 1602 4156 qui
1627 4101 1760 4140 cum
1774 4084 1990 4139 Acham

346 4156 431 4210 illi
463 4156 679 4212 similis
709 4172 832 4211 esse
876 4156 1067 4218 vellet.
1111 4155 1212 4227 qui
1244 4157 1354 4211 sub
1383 4155 1704 4212 Jesu’Nave
1745 4157 1815 4211 de
1851 4173 1992 4211 ana-

342 4227 601 4283 themate
633 4227 817 4300 spolia
856 4229 1188 4300 concupivit
1218 4228 1401 4300 (Josue
1429 4232 1571 4300 vn),
1599 4227 1749 4300 Nam
1790 4243 1990 4283 servus

341 4300 647 4369 cujusdam
681 4299 991 4354 Christiani
1026 4298 1205 4365 solus,
1228 4298 1370 4355 dum
1396 4298 1617 4368 aliquid
1641 4316 1674 4354 a
1697 4314 1991 4370 synagoga

338 4370 586 4440 diripere
609 4370 986 4441 concupiscit,
1012 4372 1069 4426 in
1093 4371 1344 4443 lapidem
1361 4369 1987 4443 offensionisiincurrit.

340 4443 586 4514 Quidam
620 4460 752 4498 vero
785 4442 1345 4514 nostrorum,’quasi
1377 4445 1656 4498 adversus
1693 4442 1985 4510 Judaeum,

338 4512 592 4584 lapidem
628 4515 873 4586 injecit;
918 4514 1015 4585 qui
1057 4512 1245 4586 capiii
1282 4516 1408 4585 ejus
1443 4515 1655 4581 illisus,
1691 4519 1752 4568 ut
1777 4514 1988 4586 capitis

335 4587 452 4653 sui,
486 4588 541 4642 id
591 4592 676 4641 est
723 4585 958 4650 Christi,
1011 4585 1395 4652 meminisset,
1443 4587 1786 4640 admonuit:
1833 4585 1985 4656 quod

333 4658 542 4714 vulnus
565 4657 698 4713 licet
722 4658 1110 4728 periculosum
1138 4657 1332 4724 fuerit,
1369 4662 1564 4711 tamen
1606 4665 1659 4710 et
1693 4656 1852 4728 illum
1889 4674 1986 4713 ra-

333 4730 482 4798 pinae
513 4745 635 4786 sum
684 4727 944 4785 confiteri
994 4727 1526 4798 concupiscentiam
1579 4727 1888 4798 compulit,
1929 4737 1983 4784 et

335 4811 575 4857 cunctos
609 4818 678 4856 ne
709 4801 984 4857 similiter
1008 4799 1363 4868 laberentur,
1389 4799 1653 4870 praesenti
1675 4799 1877 4854 terruit
1901 4799 1984 4855 ul-

331 4873 512 4928 tione.
547 4873 729 4944 Igitur
751 4883 1055 4944 postquam
1077 4872 1297 4928 Judaeis
1321 4871 1664 4927 cedentibus
1690 4886 1983 4944 synagoga

330 4945 496 5014 potiti
521 4943 971 5013 su’mus,’nullus
994 4960 1062 4998 ex
1093 4961 1158 4999 ea
1182 4944 1526 5015 quidquam,
1552 4958 1668 4998 non
1694 4943 1822 4997 dico
1847 4943 1980 4998 abs-

329 5015 481 5083 tulit,
517 5018 614 5071 sed
652 5032 755 5071 nec
781 5015 1048 5082 cogitavit
1078 5014 1348 5083 diripere.
1393 5014 1606 5069 Omnia
1638 5017 1762 5083 ejus
1807 5030 1979 5069 orna-

331 5093 525 5160 menta
547 5089 803 5160 exceptis
824 5087 988 5160 libris
1010 5092 1184 5158 atque
1206 5095 1440 5157 argento
1454 5102 1584 5141 cum
1601 5086 1727 5160 ipso
1741 5086 1977 5160 pariete,

328 5159 479 5231 ignis
509 5157 861 5231 absumpsit.
897 5157 1103 5214 Libros
1144 5165 1400 5227 sanctos,
1451 5173 1522 5212 ne
1563 5157 1716 5227 apud
1747 5157 1978 5213 Judaaos

330 5229 611 5301 injuriam
645 5229 999 5302 paterentur,
1047 5231 1436 5296 sustulimus;
1470 5233 1778 5302 argentum
1825 5246 1977 5294 vero,

329 5318 402 5358 ne
430 5302 517 5358 vel
549 5304 621 5358 de
649 5301 844 5374 praeda
866 5308 1078 5367 nostra,
1110 5303 1196 5358 vel
1221 5303 1290 5357 de
1316 5318 1421 5357 suo
1445 5301 1749 5370 dispendio
1773 5317 1978 5374 quere-

327 5379 551 5445 rentur,
612 5372 756 5445 ipsis
801 5374 1185 5431 reddidimus.
1238 5375 1450 5428 Eversa
1499 5373 1696 5443 itaque
1748 5372 1976 5428 cunctis

325 5444 548 5519 Judaeis
596 5444 968 5519 stupentibus
1000 5461 1314 5519 synagoga,
1361 5446 1437 5519 _ad
1488 5445 1794 5519 ecclesiam
1843 5460 1977 5499 cum

326 5515 560 5589 hymnis
593 5515 974 5589 perreximus,
1007 5515 1062 5574 et
1084 5515 1580 5589 aucturivictoriaa
1604 5520 1812 5572 nostrae
1845 5531 1978 5586 gra-

325 5588 440 5646 tias
463 5588 800 5658 referentes,
822 5589 1022 5646 effusis
1045 5589 1312 5661 precibus
1328 5588 1734 5659 poscebamus,
1759 5592 1824 5661 ut
1844 5603 1978 5644 vera

327 5663 586 5732 perfidiae
618 5667 786 5719 antra
815 5659 1098 5718 Dominus
1136 5663 1516 5732 expugnaret,
1554 5663 1609 5714 et
1638 5659 1977 5732 tenebroso-

323 5730 455 5790 rum
491 5739 791 5806 pectorum
842 5733 1155 5806 inﬁdelitas
1210 5730 1618 5806 coargueretur
1648 5750 1679 5786 a
1729 5730 1971 5806 lumine.

399 5804 718 5863 “(Ruben
754 5805 988 5876 quidam
1019 5804 1257 5860 Judaeus
1291 5823 1322 5859 a
1353 5805 1620 5876 Domino,
1656 5810 1716 5858 ut
1762 5804 1972 5876 primo-

323 5879 557 5951 genitus
573 5874 836 5951 omnium
855 5876 1325 5951 constitueretur,
1342 5885 1426 5951 est
1440 5875 1678 5951 electus.
1696 5879 1840 5931 Nam
1863 5874 1976 5951 cla-

324 5945 488 6007 rnore
535 5948 900 6009 sanctissimo
938 5946 1235 6002 laatiﬁcans
1275 5948 1446 6003 corda
1477 5945 1819 6009 multorum.
1871 5947 1972 6002 ab-

323 6021 469 6079 solvi
492 6036 553 6079 se
578 6038 612 6079 a
631 6019 876 6082 vinculis
887 6019 920 6078 J
927 6018 1140 6076 udaicaa
1166 6019 1600 6092 superstitionis
1619 6019 1974 6092 deprecaba-

1704 231 2086 294 EPISTOLA
2132 233 2416 297 SEVERI

3642 225 3760 286 826

2111 375 2254 426 tur:
2307 369 2618 440 statimque
2669 365 3000 440 primitivus
3048 365 3470 440 Jacnb_factu_s,
3520 363 3753 434 signum

2108 441 2362 497 salutare
2409 435 2686 511 suscepit;
2713 443 2768 494 et
2806 438 2940 511 inde
2980 437 3194 511 nostris
3244 435 3520 490 lateribus
3578 441 3757 505 atque

2109 513 2370 568 consiliis
2401 509 2711 576 inhaerens,
2737 509 3259 565 obstinatissimam
3295 512 3631 560 cunctorum
3657 512 3756 560 du-

2108 584 2290 640 ritiem
2317 585 2618 640 nobiscum
2641 583 2917 652 increpat.
2945 579 3248 652 Triduum,
3275 577 3538 652 uitellor,
3564 594 3758 632 emen-

2105 673 2237 712 sum
2271 662 2378 722 est,
2411 673 2477 713 ex
2500 671 2614 727 quo
2639 650 2823 710 nostri
2845 654 2903 707 in
2937 651 3216 727 oratione,
3243 654 3301 727 et
3331 650 3508 703 Judaei
3531 651 3603 727 in_
3624 665 3756 727 per—

2105 728 2242 782 fidia
2266 720 2585 799 perstitere.
2612 727 2886 799 Posthaec
2914 723 3072 778 venit
3111 722 3463 799 Theodorus,
3491 720 3757 799 multitu-

2113 792 2411 855 dinis-sua
2441 800 2671 871 agmine
2711 796 3156 871 circumseptus,
3187 794 3258 871 ad
3311 792 3754 871 locuntinuquo

2108 871 2216 926 soli
2260 864 2564 942 synagogas
2609 873 2873 941 parietes,
2916 864 3017 938 qui
3050 871 3176 936 post
3220 865 3343 942 haec
3386 864 3758 942 credentibus

2107 935 2326 998 Judaeis
2369 935 2514 998 sunt
2556 935 3191 1010 subversi,'superesse
3247 935 3646 1010 videbantur:
3681 935 3751 988 ad

2109 1031 2282 1085 quem
2309 1014 2500 1070 locum
2534 1007 2988 1069 Christianorum
3024 1009 3236 1085 pariter
3276 1007 3755 1085 muttitudocon-

2108 1078 2281 1142 venit.
2319 1087 2400 1142 Ibi
2431 1087 2770 1142 Theodorus
2818 1099 2948 1139 cum
2982 1078 3259 1137 audacter
3289 1079 3357 1133 de
3387 1078 3512 1149 lege
3566 1078 3754 1132 disse-

2108 1174 2264 1225 rens,
2298 1159 2493 1214 omnia
2523 1175 2651 1231 quaa
2684 1156 3108 1231 objiciebantur
3139 1151 3405 1231 irrideret
3425 1157 3595 1231 atque
3624 1165 3754 1231 per-

2107 1222 2389 1298 verteret;
2424 1222 2672 1301 populus
2715 1222 3073 1303 christianus
3108 1223 3326 1303 videns
3360 1222 3513 1303 quod
3565 1222 3752 1303 verbis

2108 1291 2387 1373 superari,
2421 1291 2535 1356 non
2571 1308 2758 1372 posset
2810 1297 3128 1373 humanis,
3153 1291 3435 1373 auxilium
3467 1295 3550 1373 ide
3609 1291 3751 1346 cmlo

2110 1366 2456 1444 imploravit.
2496 1366 2725 1444 omnes,
2751 1373 2945 1442 itaque
2991 1369 3204 1444 pariter
3233 1366 3568 1444 clamantes,
3607 1379 3749 1444 _cum

2107 1436 2339 1501 summo
2389 1443 2559 1500 unita:
2608 1443 2766 1499 vocis
2813 1436 3395 1517 frago_re_d_ixeru_nt_:
3435 1436 3749 1517 Theodore,

2107 1517 2379 1589 crederin
2413 1517 2734 1589 Christum.
2785 1507 2929 1567 Mira
2970 1509 3474 1589 indulgentissimi
3518 1507 3752 1589 Domini

2109 1587 2504 1644 misericordia
2550 1587 2740 1660 adhuc
2792 1601 2962 1660 parva
3011 1584 3376 1660 petebantur,
3424 1584 3753 1660 etumajora

2106 1665 2470 1715 concesserat
2501 1675 2514 1712 :
2549 1659 2668 1713 imo
2700 1652 2812 1712 non
2850 1652 3056 1711 mirum
3101 1659 3190 1709 est
3220 1653 3292 1707 de
3339 1652 3751 1718 Omnipotente

2105 1731 2477 1786 miraculum.
2513 1732 2636 1800 Ipse
2666 1729 2877 1784 etenim
2902 1727 3172 1803 virtutem
3197 1723 3468 1803 clamoris
3489 1721 3671 1803 hujus
3692 1721 3748 1803 in

2103 1803 2345 1858 auribus
2373 1793 2702 1858 Judazcrum
2735 1795 3135 1863 commutavit,
3157 1796 3255 1866 qui
3289 1793 3661 1866 olimelfecit,
3686 1795 3752 1846 ut

2105 1880 2358 1946 quatuor
2389 1873 2602 1948 leprosi
2653 1874 2800 1948 regis
2842 1871 3037 1948 Syrias,
3090 1864 3188 1948 qui
3232 1864 3752 1948 Samariam-obse-

2106 1935 2289 2012 derat,
2316 1935 2522 2000 castris
2555 1935 2914 2012 potiréntur';
2947 1945 3004 1995 et
3025 1935 3250 2012 quiiper
3271 1938 3503 1992 Gedeon
3535 1935 3752 2012 Media-

2107 2008 2362 2071 nitarum
2388 2008 2621 2085 agmina
2635 2013 3019 2085 conturbavit,
3033 2008 3321 2085 deditque
3337 2008 3607 2085 trecentis
3629 2008 3751 2076 ejus

2105 2089 2246 2142 viris
2279 2077 2567 2157 ingentem
2599 2084 2724 2158 sine
2755 2083 2950 2158 labore
2992 2077 3752 2158 victoriam,_efficiensnper

2105 2148 2410 2226 terrorem,
2442 2165 2503 2212 ut
2535 2156 2749 2212 mutuis
2780 2155 3035 2228 hostium
3070 2149 3385 2228 multitudo
3416 2148 3752 2228 vulneribus

2107 2218 2585 2302 prosterneretur.
2621 2231 2705 2284 Ita
2744 2232 2989 2302 ethunc
3017 2224 3132 2278 ista
3171 2238 3276 2302 vox
3299 2220 3472 2290 longe
3501 2218 3670 2274 aliter
3716 2235 3749 2273 a

2107 2297 2618 2374 circumstantibus
2646 2299 2862 2374 Judaiis
2893 2301 3164 2374 suscepta
3196 2297 3303 2374 est,
3334 2307 3574 2374 quam‘a
3605 2306 3750 2374 nos—

2107 2374 2210 2429 tris
2241 2372 2683 2429 immittebatur.
2716 2371 2932 2444 omnes
2963 2363 3118 2444 enirn
3145 2363 3749 2444 putaveruntdicium,

2107 2446 2447 2501 Theodorus
2479 2444 2742 2500 credidit.
2780 2443 2982 2512 Itaque
3004 2439 3406 2512 existimantes
3431 2439 3752 2505 principem

2107 2518 2364 2589 perﬁdiae
2395 2533 2514 2572 suis
2557 2516 2626 2570 ad
2659 2510 3098 2589 Christi—tidem
3150 2510 3329 2564 fuisse
3379 2521 3746 2589 conversum,

2108 2577 2303 2645 cuncti
2335 2590 2550 2659 pariter
2579 2587 2808 2657 trepidi,
2835 2586 2930 2640 ubi
2956 2584 3132 2659 timor
3156 2597 3266 2659 non
3289 2583 3429 2644 erat,
3456 2577 3751 2659 terreban-

2109 2664 2239 2717 tur:
2274 2653 2544 2732 mulieres
2578 2653 2794 2732 teorum
2847 2655 3070 2732 spar_s_is
3101 2653 3365 2732 crinibus
3412 2653 3751 2732 accurentes

2107 2749 2240 2790 cum
2276 2732 2436 2788 ferali
2470 2730 2692 2803 ululatu
2724 2725 2932 2785 nomen
2965 2725 3267 2803 Theudori
3298 2725 3561 2803 repetitis
3598 2725 3752 2803 vnoci-

2107 2805 2215 2860 bus
2245 2803 2615 2868 accusabant,
2667 2802 2924 2857 dicentes
2954 2816 2966 2854 :
3001 2800 3046 2852 0
3075 2792 3395 2858 Theodore,
3427 2793 3565 2868 quid
3615 2792 3753 2868 fecit

2108 2877 2182 2932 sti
2203 2876 2231 2931 ‘l
2261 2876 2380 2930 Viri
2413 2861 2630 2948 autem,
2673 2872 2773 2928 alii
2805 2874 2881 2948 ad
2923 2870 3120 2948 devios
3145 2867 3337 2948 _saltus
3383 2861 3460 2948 et:
3492 2863 3708 2944 fixurus
3733 2861 3750 2894 ί

2108 2949 2393 3003 montium
2420 2938 2754 3020 confugere,
2789 2943 2883 2999 alii
2918 2959 3018 3020 per
3047 2941 3234 3020 ipsius
3265 2938 3464 3020 oppidi
3485 2938 3754 3020 angipor-

2104 3023 2200 3074 tus
2247 3009 2676 3085 discurrebant,
2728 3009 3010 3072 locum—in
3053 3009 3168 3084 quo
3203 3009 3630 3075 delitescerent,
3662 3009 3754 3060 in-

2104 3089 2298 3146 venire
2329 3089 2671 3162 cupientem
3341 3153 3350 3162 _
3517 3150 3556 3162 ,,
3601 3149 3611 3160 ,

2177 3162 2263 3216 12.
2318 3151 2446 3232 Ipse
2477 3159 2820 3234 Theodorus
2867 3162 3108 3228 stupore
3137 3153 3460 3234 perculsus
3500 3151 3751 3234 divivam

2105 3223 2453 3288 sententiam
2495 3232 2554 3287 in
2605 3231 2770 3300 plebe
2811 3247 2918 3284 sua
2963 3223 3234 3284 cernebat
3283 3223 3538 3300 impleri,
3586 3223 3753 3300 Fugit

2104 3306 2304 3374 impius
2337 3294 2905 3376 neminepesequente
2947 3301 3134 3376 (Prov.
3165 3294 3486 3376 xxviit,ri):
3523 3294 3622 3376 sed
3662 3301 3753 3376 ta-

2106 3363 2235 3429 men
2270 3391 2384 3428 non
2419 3363 2651 3427 nemine
2675 3393 2688 3440 ;
2713 3363 3177 3442 persequebatur
3205 3369 3360 3424 enim
3389 3381 3511 3442 eos
3533 3363 3750 3442 ille_leo

2103 3444 2404 3517 terribilis,
2448 3443 2549 3517 qui
2600 3435 3206 3517 de's'ynagogaa‘loco,
3257 3441 3408 3517 sicut
3452 3435 3752 3517 Theodoro

2104 3516 2293 3572 fuerat
2324 3509 2659 3580 revelatum,
2693 3509 2796 3586 per
2816 3509 3146 3588 monachos
3176 3509 3748 3588 rugitumemiserat,

2106 3605 2221 3661 quo
2255 3588 2590 3661 resistentes
2621 3579 2943 3641 tremefecit
2982 3579 3271 3661 inimicos;
3323 3579 3526 3661 Stabat
3573 3579 3754 3661 igitur

2104 3648 2441 3716 Theodorus
2472 3659 2531 3713 in
2562 3657 2688 3713 loco
2722 3673 2957 3729 prorsus
2993 3655 3227 3729 eodem,
3260 3667 3375 3729 quo
3425 3649 3477 3704 ei
3525 3648 3750 3729 pridem

2105 3748 2206 3803 per
2236 3731 2533 3787 somnium
2567 3724 2751 3803 terror
2778 3726 3176 3803 iueratleunis
3205 3727 3502 3803 injectus}
3529 3724 3587 3775 et
3616 3735 3750 3774 cum

2105 3797 2346 3876 causam
2389 3809 2557 3876 tantae
2606 3797 3399 3876 trepidationis_inquireret,
3433 3797 3750 3876 etmomen

2105 3871 2474 3930 solummodo
2498 3872 2683 3929 nostri
2702 3864 2891 3928 leonis
2914 3864 3163 3936 audiret,
3187 3867 3408 3922 nullam
3432 3864 3573 3928 illic,
3597 3864 3750 3917 sicut

2105 3947 2417 4014 ferebatur,
2453 3946 2735 4018 feritatem
2769 3944 2989 4018 videns,
3023 3946 3249 4018 tantum
3285 3937 3597 4018 psallentes
3621 3950 3751 4018 uio-

2103 4019 2323 4074 nachos
2351 4006 2708 4083 intuebatur,
2740 4021 2796 4070 et
2827 4017 2896 4071 ab
2928 4006 3086 4069 omni
3109 4006 3352 4083 suoru'm
3378 4006 3752 4083 multitudine

2104 4089 2443 4165 destitutus,
2479 4095 2661 4165 atque
2697 4078 2853 4144 elabi
2910 4102 3147 4165 parans,
3170 4080 3506 4165 etiamipse
3535 4078 3748 4165 pedum

2102 4161 2252 4217 viam
2300 4149 2720 4232 prospiciebat:
2755 4149 2930 4232 queui
2967 4149 3749 4232 cumihorribili—formidiue

2102 4225 2737 4306 apprehensuanOa
2772 4225 2972 4306 solum
3021 4227 3214 4306 colore
3261 4225 3482 4306 vuitus,
3550 4235 3746 4306 verum

2101 4295 2274 4360 etiam
2305 4304 2459 4361 vocis
2489 4295 2678 4359 ofﬁcio
2708 4302 3052 4356 destitutum
3087 4299 3288 4354 Ruben
3321 4295 3417 4350 ille
3441 4295 3748 4348 sanctissi-

2101 4375 2630 4451 rnus_aspexisset,
2687 4389 2925 4451 propere
2981 4371 3236 4451 accedit,
3281 4368 3747 4451 etnlr‘e‘mentein

2099 4448 2317 4503 blando
2347 4438 2625 4503 sermone
2666 4438 3147 4518 compellans,_ad
3179 4438 3395 4518 Christi
3429 4438 3601 4518 fidem
3636 4449 3748 4518 ἐο-

2098 4519 2476 4586 hortabatur;
2511 4523 2685 4588 atque
2713 4509 2984 4590 ingerens
3015 4509 3088 4590 ei,
3112 4529 3214 4586 pro
3236 4509 3513 4590 suffragio
3534 4509 3746 4590 metus,

2096 4607 2214 4647 suae
2246 4578 2607 4646 credulitatis
2625 4578 2984 4660 exomvplum,
3010 4578 3217 4662 domus
3241 4578 3456 4662 figurae]
3479 4578 3746 4662 adquam

2096 4679 2304 4734 pavore
2337 4662 2522 4719 leonis
2552 4652 2909 4732 confugeret,
2945 4652 3372 4734 quodammodo
3396 4652 3746 4734 satisfacere

2095 4728 2422 4791 videbatur.
2454 4734 2687 4800 Verum,
2721 4728 2785 4786 ut
2808 4735 2864 4785 et
2895 4728 2998 4784 nos
3031 4728 3272 4782 fideliter
3309 4728 3582 4800 universa
3611 4733 3743 4800 nar-

2094 4823 2313 4876 remus,
2346 4813 2402 4862 et
2430 4822 2532 4862 vos
2563 4804 2658 4876 qui
2676 4791 2806 4876 non
2837 4800 3054 4876 eloquii
3087 4801 3384 4876 ornatum,
3407 4791 3505 4876 sed
3538 4791 3743 4876 verita-

2092 4859 2215 4932 tem
2230 4859 2819 4948 quaeritimii'bentius
2840 4859 3111 4948 audiatis,
3128 4867 3322 4948 ipsius
3346 4859 3545 4946 Ruben
3570 4859 3744 4948 verba

2091 4932 2378 5014 inserens,
2413 4932 2561 5018 nihil
2609 4959 2677 4998 ex
2707 4932 3398 5018 simplicitatedictorum
3432 4932 3742 5018 .ejusmsub-

2091 5003 2342 5074 traham.
2366 5003 2599 5071 'Aiebat
2637 5015 2793 5069 enim
2819 5003 2842 5068 ἶ
2867 5013 3016 5078 Quid
3066 5012 3260 5086 times,
3292 5003 3528 5086 domine
3556 5003 3742 5086 Theo-

2091 5091 2277 5145 dore?
2302 5089 2360 5145 Si
2395 5088 2477 5143 vis
2526 5089 2680 5142 certe
2723 5077 2966 5140 securus
3011 5089 3069 5139 et
3120 5085 3439 5137 honoratus
3479 5083 3537 5132 et
3583 5077 3741 5130 dives

2091 5178 2239 5222 esse,
2273 5163 2330 5216 in
2363 5159 2658 5217 Christum
2689 5157 2876 5224 crede,
2910 5156 3063 5230 sicut
3083 5159 3270 5230 et_ego
3293 5149 3533 5230 credidi.
3568 5147 3738 5230 Modo

2090 5237 2152 5288 tu
2186 5219 2324 5302 stas,
2357 5238 2412 5288 et
2443 5247 2548 5302 ego
2581 5246 2714 5285 cum
2747 5219 3038 5300 episcopis
3067 5219 3274 5302 sederit:
3302 5224 3358 5302 _si
3391 5219 3738 5302 tu_credide-

2089 5303 2190 5372 ris,
2221 5310 2277 5360 et
2307 5294 2367 5361 tu
2419 5294 2670 5369 sedebis,
2704 5304 2761 5356 et
2785 5294 2912 5372 'ego
2945 5294 3076 5355 ante
3114 5304 3170 5353 te
3209 5297 3395 5372 stabo.
3449 5294 3574 5372 Hos
3613 5305 3734 5345 ser-

2088 5364 2290 5432 mones
2331 5364 2670 5448 Theodorus
2720 5364 3078 5448 alta—mente
3129 5367 3478 5448 suscipiens,
3509 5364 3582 5448 ad
3628 5376 3736 5442 nos

2089 5449 2206 5504 ait:
2238 5448 2468 5504 Faciam
2495 5446 2643 5518 quod
2676 5442 2888 5518 vultis;
2921 5447 3132 5518 tenete,
3157 5440 3369 5518 inquit,
3399 5440 3735 5518 promissio-

2087 5535 2222 5575 nem
2255 5521 2404 5574 hanc
2431 5542 2446 5585 ;
2477 5507 2572 5574 sed
2615 5507 2933 5589 permittite
2966 5507 3133 5581 mihi,
3166 5507 3424 5589 ut‘prius
3467 5507 3734 5589 alloquar

2086 5591 2307 5663 plebem
2329 5581 2545 5656 meam,
2577 5581 2940 5663 utmajorem
2963 5581 3361 5663 conversionis
3383 5594 3524 5663 uisae
3553 5581 3730 5663 etiam

2085 5649 2155 5720 cx
2202 5663 2444 5735 reliquis
2490 5649 2714 5735 pcssim
2751 5649 2977 5715 habere
3026 5657 3375 5714 mercedem.
3425 5653 3554 5708 Hac
3601 5649 3732 5721 ejus

2151 5838 2164 5872 1
2198 5836 2456 5887 Fortasse.
2475 5831 2578 5880 alii
2605 5830 2678 5879 ad
2707 5828 2887 5877 devios
2905 5827 3085 5877 saltus
3114 5832 3162 5874 et
3192 5826 3427 5889 ﬁssuras
3448 5819 3726 5872 montium

2083 5900 2402 5960 confugere.
2431 5895 2695 5960 Infra,i_n.
2728 5891 2806 5960 12,
2845 5892 2918 5940 ad
2945 5891 3119 5940 silvas
3148 5888 3276 5960 _sive
3311 5888 3384 5936 ad
3411 5895 3574 5960 antra
3602 5897 3728 5960 eon-

2083 5948 2355 6025 ᾗιρενῖιηί
2383 5972 2402 6022 ;
2431 5960 2481 6007 et
2509 5948 2673 6013 n.'13,
2705 5948 2998 6025 qri'unam
3045 5952 3386 6017 speluncam,
3422 5948 3506 5999 vel
3535 5948 3727 6011 potius

2085 6019 2279 6092 rupem
2305 6019 2699 6076 convenerunt.
2726 6019 2796 6071 M.
