4146 6198
401 207 520 266 837

400 336 637 408 sponsio
687 349 822 391 cum
864 331 1298 408 inexistimahili
1351 334 1695 408 cunctorum
1734 329 2044 408 _existima-

399 401 558 465 tione
579 411 852 477 suscepta
873 411 962 477 est
986 422 998 459 :
1023 403 1118 477 alii
1145 403 1201 477 in
1228 419 1362 458 eum
1387 403 1712 477 amabiliter
1733 401 2046 477 irruentes,

401 498 466 553 es
495 482 690 553 ipsius
721 472 778 532 et
808 476 955 553 colla
985 473 1332 553 mulcebant,
1357 476 1450 530 alii
1478 491 1618 553 eum
1657 472 1829 553 ulnis_
1849 473 2047 553 molli-

400 547 1063 621 bus'amplectebantur,
1095 547 1193 602 alii
1227 553 1421 602 autem
1462 547 1756 621 dexteram
1797 547 2045 621 dexteras

397 619 729 693 adjunge're,
762 625 819 676 et
849 635 1178 675 sermonem
1198 635 1501 693 conserere
1528 619 1873 690 gestiebant.
1908 620 2049 693 Per-

397 690 542 750 rexit
591 690 760 764 igitur
809 693 1146 764 Theodorus
1189 692 1255 746 ad
1312 692 1518 746 atrium
1570 707 1742 746 suum
1790 690 2050 762 quolibet

397 765 587 820 ofﬁcio
635 769 969 818 nostrorum
1002 763 1188 828 laetus,
1241 767 1435 818 tamen
1479 764 1768 818 anxietate
1799 779 1909 818 non
1941 776 2042 832 pe-

395 837 558 892 nitus
589 850 812 890 carens.
847 835 993 890 Nam
1028 835 1165 890 licet
1195 835 1253 890 in
1285 837 1523 889 domum
1551 834 1753 888 Ruben
1788 850 1884 904 per
1916 849 2044 904 pro-

393 908 732 963 missionem
756 907 1065 977 sunmjam
1087 909 1401 970 veniretur,
1430 908 1732 976 ingressus
1767 911 1960 960 tamen
1986 909 2042 958 et

391 985 532 1034 tunc
565 980 830 1050 trepidus
869 987 984 1033 erat
1017 997 1030 1045 ;
1066 979 1201 1048 quia
1228 980 1501 1050 nondum
1534 978 1604 1032 ad
1652 978 2040 1050 prapinquam

393 1049 790 1125 venerat,’quae
821 1067 958 1125 eum
998 1054 1128 1120 post
1159 1049 1427 1125 triduum
1477 1055 1734 1125 materno
1773 1049 2043 1125 suscepit

392 1124 547 1191 sinu,
580 1120 737 1177 etab
769 1123 927 1177 omni
949 1120 1392 1191 perturbatione
1417 1120 1819 1190 trepidationis
1851 1120 2038 1174 absol-

389 1194 490 1250 vit.
523 1194 638 1249 Nos
669 1199 863 1249 autem
905 1197 974 1248 ad
1007 1193 1312 1248 ecclesiam
1347 1209 1480 1248 cum
1513 1193 1752 1264 hymnis
1781 1208 1849 1246 ex
1881 1206 2041 1245 more

389 1267 773 1338 perreximus.
807 1266 1154 1338 Benedictus
1185 1269 1274 1319 est
1303 1266 1487 1338 Pater
1507 1264 2039 1338 misericordiarum

393 1335 445 1392 et
481 1343 630 1396 Deus
658 1339 838 1392 totius
871 1337 1307 1402 consolationis,
1337 1337 1435 1408 qui
1461 1337 1616 1390 dedit
1649 1335 2040 1408 eapitinostro

396 1425 610 1480 aquam
643 1415 698 1466 et
729 1408 911 1464 oculis
937 1408 1143 1464 nostris
1164 1405 1376 1463 fontem
1404 1405 1811 1480 lacrymarum,
1837 1413 1900 1480 ut
1922 1405 2040 1480 plo-

395 1478 659 1537 raremus
691 1482 1027 1536 vulneratos
1081 1480 1276 1551 populi
1312 1478 1541 1536 nostri.’
1568 1479 1821 1551 Peractis
1853 1478 2046 1551 siqui-

393 1551 525 1610 dem
563 1554 854 1623 mysteriis
885 1549 1190 1607 ecclesi'am
1223 1551 1620 1623 egressi,tnon
1656 1550 1958 1605 minimam
1983 1549 2042 1602 in

394 1621 702 1679 occursum
731 1629 988 1678 nostrum
1011 1621 1350 1677 Judaeorum
1376 1621 1814 1676 multitudinem
1845 1637 2045 1676 conve-

396 1694 554 1748 nisse
585 1695 964 1764 inspeximus.
1017 1693 1233 1748 Omnes
1267 1694 1633 1764 unanimiter
1663 1693 2046 1763 deprecaban-

391 1769 505 1833 tur,
553 1771 618 1820 ut
661 1763 877 1820 Christi
925 1764 1318 1819 characterem
1375 1782 1408 1819 a
1459 1780 1572 1832 me,
1623 1763 1758 1818 licet
1807 1763 2045 1834 indigno

389 1841 649 1908 pastore,
680 1837 1062 1908 susciperent.
1110 1835 1344 1908 Reversi
1378 1836 1572 1905 itaque
1603 1835 1674 1889 ad
1719 1834 2048 1908 ecclesiam,

388 1905 446 1963 et
477 1912 598 1963 toto
630 1909 800 1963 corde
843 1905 1084 1961 Domino
1137 1907 1357 1977 gratias
1389 1910 1726 1972 referentes,
1781 1905 1936 1961 illico
1985 1907 2046 1961 in

391 1979 688 2034 frontibus
718 1995 916 2034 eorum
949 1979 1180 2048 signum
1215 1978 1424 2032 salutis
1475 1977 1876 2048 impinximus.
1913 1979 2046 2042 Quae

393 2055 586 2106 autem
621 2066 752 2104 cum
789 2050 878 2104 his
926 2055 1027 2119 qui
1075 2048 1147 2102 ad
1179 2048 1376 2114 silvas,
1411 2049 1530 2104 sive
1575 2051 1646 2103 ad
1697 2054 1863 2104 antra
1897 2065 2045 2104 con-

392 2121 684 2191 fugerant,
734 2120 950 2175 Christi
997 2121 1206 2175 virtute
1253 2126 1420 2190 gesta
1468 2122 1606 2186 sint,
1659 2138 1786 2190 quas
1846 2120 2048 2190 lingua

393 2193 708 2248 etfabitur?
732 2191 1038 2264 presertim
1071 2207 1205 2264 cum
1240 2194 1642 2263 unusquisque
1678 2207 1876 2264 eorum
1913 2210 2047 2261 pro-

392 2265 577 2336 priam
611 2263 1006 2320 conVersionis
1029 2280 1148 2319 suis
1167 2263 1377 2319 habeat
1398 2264 1726 2336 historiam.
1755 2263 1915 2319 Sicut
1937 2266 2047 2318 ita-

393 2335 507 2408 que
537 2335 901 2406 impossibile
933 2335 1102 2390 nobis
1133 2340 1222 2390 est
1247 2335 1447 2390 omnia
1476 2337 1704 2401 dicere;
1737 2336 1821 2408 sic
1853 2336 2046 2408 ingra-

389 2411 516 2463 tum
539 2414 749 2463 cuncta
769 2408 1080 2474 praeterire.
1103 2408 1464 2478 Quapropter
1485 2424 1668 2462 unum
1692 2407 1904 2462 Christi
1930 2407 2045 2461 mi-

392 2480 682 2546 raculum,
735 2480 888 2550 quod
924 2483 1044 2534 tum
1094 2496 1128 2534 a
1173 2479 1442 2551 fidelibus
1490 2478 2045 2551 probatissimisque

384 2551 525 2609 viris
544 2551 1238 2622 comperimus,precibus
1269 2550 1740 2622 vestris’adjutus
1763 2551 2040 2622 evolvam.

462 2624 548 2679 13.
583 2621 708 2678 Duo
739 2623 980 2694 quidam
1023 2623 1288 2693 primarii
1337 2623 1696 2687 Iudaeorum,
1751 2621 2038 2694 Meletius,

391 2694 680 2750 Theodori
714 2693 909 2763 frater,
941 2698 996 2749 et
1043 2694 1440 2758 Innocentius,
1474 2693 1574 2765 qui
1633 2693 2038 2763 Hispaniarum

393 2766 614 2821 cladem
642 2783 828 2835 nuper
867 2765 1167 2836 etlugiens,
1196 2782 1328 2821 cum
1377 2766 1612 2820 famulis
1636 2765 1760 2820 suis
1788 2766 1858 2820 ad
1893 2766 2042 2820 hanc

399 2837 653 2891 insulam
686 2842 956 2892 venerat:
992 2837 1146 2893 sicut
1177 2853 1332 2892 nunc
1353 2836 1464 2907 ipsi
1496 2837 1667 2892 etiam
1694 2853 1827 2892 cum
1851 2854 2044 2892 sacra-

400 2913 730 2980 mentorum
779 2908 1022 2964 terribili
1064 2909 1512 2980 interpositione
1555 2909 1924 2974 confirmant,
1968 2909 2041 2964 ad

401 2995 580 3034 unam
613 2979 968 3050 speluncam,
992 2979 1076 3036 vel
1103 2979 1293 3051 potius
1317 2997 1518 3051 rupem
1542 2985 1939 3037 convenerunt
1959 2998 2045 3036 as-

398 3051 675 3107 sociando
706 3067 768 3106 se
799 3052 1024 3107 duobus
1057 3052 1407 3122 quibusdam
1429 3052 1648 3107 Judaeis
1684 3051 1884 3106 humili
1919 3051 2042 3107 loco

396 3123 560 3191 ortis,
593 3123 690 3194 qui
712 3124 856 3179 istos
895 3123 1223 3194 communis
1255 3123 1404 3194 fugaa
1437 3123 1727 3194 principes
1760 3124 2038 3193 legerant.

396 3193 759 3267 Igiturfcum
800 3195 857 3249 in
909 3193 1030 3251 loco
1078 3209 1279 3250 eorum
1329 3193 1542 3267 trepidi
1587 3194 2044 3267 anhelantesque

399 3265 706 3338 paululum
737 3267 1127 3334 resedissent;
1161 3267 1307 3322 duos
1330 3265 1480 3332 illos,
1514 3266 1614 3338 qui
1635 3271 1801 3322 mtate
1821 3266 2044 3323 alacres

399 3343 458 3394 et
481 3339 733 3394 audaces
781 3344 966 3410 erant,
1015 3338 1350 3408 explorandi
1395 3343 1582 3410 gratia
1628 3340 1698 3393 ad
1758 3339 2040 3410 oppidum

397 3411 777 3473 remittentes,
813 3409 925 3466 soli
955 3410 1212 3466 derelicli
1243 3414 1383 3465 sunt
1412 3410 1514 3466 ibi.
1547 3409 1707 3465 Tunc
1741 3409 1896 3481 prior
1926 3410 2041 3466 Me-

398 3483 606 3538 letius:
639 3482 786 3545 Quid
814 3486 922 3550 est,
955 3481 1167 3553 inquit,
1193 3483 1384 3550 frater,
1419 3483 1568 3552 quod
1594 3482 1856 3548 verbum,
1891 3482 2043 3537 sicut

396 3554 564 3610 docet
611 3554 812 3624 religio
859 3558 1076 3618 nostra,
1105 3553 1511 3624 blasphemum
1539 3553 1785 3609 avellere
1815 3571 1848 3609 a
1870 3555 2041 3610 corde

397 3641 524 3682 meo
558 3625 828 3696 nequeo?
855 3625 937 3681 Ex
967 3642 1083 3696 quo
1113 3626 1270 3680 enim
1303 3626 1541 3696 fratrem
1586 3641 1778 3680 meum
1811 3641 2042 3681 conver-

396 3715 530 3753 sum
579 3695 789 3752 fuissse
843 3695 1304 3752 Christianorum
1374 3695 1622 3767 populus
1680 3697 2040 3764 inclamavit,

399 3768 545 3824 nihil
577 3767 733 3822 aliud
767 3768 911 3822 mihi
944 3770 1001 3824 in
1033 3768 1207 3825 corde
1251 3768 1598 3839 suggeritur,
1634 3767 1746 3824 nisi
1777 3769 1886 3824 hoc
1916 3786 2040 3824 ver-

398 3839 540 3894 bum
570 3839 714 3895 mihi
747 3856 929 3910 usque
957 3841 1028 3896 ad
1061 3839 1216 3895 hunc
1238 3838 1392 3893 diem
1423 3838 1650 3910 penitus
1675 3840 2037 3911 ignoratum:

397 3911 644 3981 Christe,
676 3912 733 3966 in
759 3913 990 3968 nomine
1021 3916 1140 3966 tuo.
1182 3911 1411 3982 Quanto
1452 3911 1637 3981 magis
1668 3911 1898 3982 pulsare
1932 3912 2042 3967 hoc

401 3985 474 4040 ab
504 3983 698 4039 animo
723 3999 850 4038 meo
875 3985 1042 4049 nitor,
1095 3987 1257 4038 tanto
1304 3981 1617 4055 violentius
1660 3981 2043 4055 tenaciusque

396 4055 750 4111 inhaerescit.
786 4055 868 4108 Ad
905 4055 1020 4109 hzec
1051 4053 1464 4110 Innocentius:
1497 4058 1646 4121 Non,
1677 4054 1892 4126 inquit,
1930 4053 2043 4110 fru-

398 4135 517 4184 stra
549 4127 641 4183 hic
676 4142 888 4193 sermo,
940 4142 1114 4198 quem
1147 4143 1248 4182 cor
1286 4130 1478 4191 tuum,
1513 4133 1571 4182 ut
1619 4130 1766 4196 apud
1803 4132 2041 4183 cunctos

396 4199 876 4271 probatissimum
901 4197 1003 4267 est,
1029 4204 1199 4254 antea
1222 4214 1326 4254 nec
1339 4197 1630 4269 cogitavit,
1661 4215 1764 4254 nec
1780 4215 2040 4269 unquam

398 4270 660 4342 protulit,
695 4271 786 4327 hic
812 4271 1147 4342 praesertim
1173 4270 1352 4326 menti
1388 4278 1515 4338 tuae,
1560 4275 1623 4324 ut
1652 4271 1885 4342 asseris,
1918 4275 2038 4342 tam

399 4341 679 4398 violenter
707 4341 958 4399 insertus
981 4347 1068 4398 est
1091 4358 1104 4398 :
1139 4341 1246 4397 hoc
1266 4357 1334 4397 ex
1355 4343 1468 4398 Deo
1492 4358 1619 4398 esse
1648 4341 1914 4397 arbitror.
1938 4341 2041 4398 Ve-

401 4419 729 4470 rumtamen
761 4415 1016 4479 elabora,
1047 4414 1306 4481 obsecro,
1334 4417 1392 4468 et
1422 4412 1632 4468 fabulis
1665 4412 1755 4468 his
1783 4413 2038 4469 declina-

397 4484 497 4557 t_is,
530 4484 1052 4557 interpellationem
1102 4483 1358 4540 molestis
1389 4484 1763 4557 cogitationis
1795 4485 2035 4557 expelle.

399 4555 564 4611 Tunc
599 4556 855 4610 Meletius
882 4555 959 4609 ita
997 4555 1326 4627 obstrepere
1355 4561 1412 4612 et
1457 4555 1719 4612 confusis
1763 4555 2042 4613 clamori—

396 4627 506 4684 bus
541 4643 847 4700 personare
876 4628 1066 4699 caapit,
1100 4631 1165 4682 ut
1195 4643 1345 4700 eum,
1402 4643 1536 4684 cum
1596 4644 1695 4683 sua
1727 4635 1918 4684 mente
1948 4630 2039 4700 lu-

397 4699 566 4769 ctari,
598 4716 713 4756 non
746 4699 937 4756 solum
973 4701 1212 4755 nutibus
1255 4699 1472 4766 vultus,
1499 4700 1598 4754 sed
1641 4701 1817 4754 etiam
1858 4699 2038 4756 totius

395 4775 656 4845 corporis
684 4771 899 4828 indicio
929 4772 1304 4845 Innocentius
1325 4776 1604 4845 cerneret.
1624 4770 1782 4845 Quod
1810 4775 2039 4845 postea-

395 4842 571 4915 quam
605 4861 677 4901 ne
709 4860 914 4916 parum
952 4844 1186 4913 quidem
1219 4842 1496 4915 proficere
1525 4842 1830 4916 intellexit,
1861 4851 1914 4898 et
1939 4843 2040 4898 ad-

389 4916 529 4986 jecit
559 4915 733 4972 etiam
764 4915 932 4982 illud,
966 4920 1031 4970 ut
1063 4917 1233 4971 verba
1263 4917 1529 4986 quasdam
1564 4915 1801 4986 profana
1831 4920 1890 4970 et
1916 4918 2040 4970 tur-

397 4987 494 5058 pia
517 4986 869 5059 loqueretur,
903 4990 958 5041 et
1006 5002 1163 5043 nunc
1194 4987 1436 5042 naribus
1467 4986 1790 5058 corrugatis
1844 5003 2038 5043 aerem

394 5059 636 5114 sorbens
666 5059 1008 5115 inhonestos
1025 5059 1302 5129 strepitus
1327 5063 1639 5130 promeret,
1667 5075 1822 5114 nunc
1845 5059 2038 5116 Ietidis

391 5130 612 5187 risibus
642 5131 1130 5197 cachinnaretur;
1162 5131 1257 5185 sed
1290 5129 1414 5186 hinc
1444 5130 1516 5185 ab
1547 5131 1743 5186 animo
1768 5131 1892 5200 ejus
1933 5147 2035 5187 no-

393 5219 527 5260 men
551 5203 759 5259 Christi
791 5201 1129 5274 extinguere
1159 5201 1418 5274 nequivit
1460 5201 1706 5274 insania,
1740 5203 1870 5274 quia
1910 5201 2036 5272 jam

393 5285 628 5331 cunctas
657 5276 783 5346 ejus
822 5273 1109 5346 medullas
1147 5273 1420 5346 sanitatis
1475 5273 1629 5346 ignis
1675 5273 2036 5346 pervaserat:

390 5346 539 5410 Quid
571 5344 728 5419 ergo,
770 5344 983 5416 inquit,
1017 5344 1312 5419 Innocenti
1348 5347 1554 5419 frater,
1586 5344 2035 5419 incontrarium

389 5419 561 5475 verba
592 5416 702 5475 isia
737 5422 1042 5475 vertuntur
1069 5417 1097 5473 ?
1143 5417 1534 5473 Abolitionem
1586 5416 1731 5472 mihi
1783 5417 2036 5474 nominis

391 5490 601 5546 Christi
636 5508 740 5547 nec
770 5487 1116 5547 scurrilitate
1145 5489 1476 5556 verborum,
1510 5489 1775 5559 necipsis
1799 5506 2036 5559 possum

388 5563 644 5618 obscmni
681 5564 912 5620 sonitus
941 5566 1281 5631 extorquere
1302 5559 1725 5632 blasphemiis:
1757 5559 1912 5618 aliud
1959 5562 2037 5618 si-

389 5633 624 5704 quidem
656 5635 800 5690 mihi
831 5634 1217 5700 reddisentio,
1243 5635 1394 5704 quod
1421 5633 1614 5689 cordis
1642 5632 1753 5689 mei
1773 5633 2036 5700 auribus,

391 5717 541 5770 quas
563 5701 805 5781 frustra
831 5707 1134 5781 obstruere
1163 5701 1336 5771 nitor,
1369 5704 2037 5781 Cbri_st_i_neruen__inge_-_-

393 5785 518 5827 rere
560 5773 886 5826 incessabili
944 5775 1194 5828 clamore
1227 5791 1340 5828 non
1392 5774 1624 5829 desinit.
1673 5775 1772 5830 His
1823 5773 2036 5830 Melétii

393 5836 589 5896 verbis
641 5838 779 5893 talia
823 5842 1194 5898 Innocentius
1244 5843 1478 5899 retulit:
1530 5843 1784 5901 Fratrem
1839 5861 2033 5902 meum

391 5906 764 5985 Tbeedorum
794 5909 1073 5976 doctrina,
1109 5913 1327 5985 honore
1355 5921 1409 5970 et
1440 5917 1607 5985 aetate
1637 5917 1938 5985 majorem,
1962 5917 2034 5972 ad

394 5959 616 6032 Bassa
639 5959 826 6032 ﬁdem
840 5959 1336 6044 ’ᾰόὶιῖἒιῑ-ὶιῖιῖἶῐίέ
1356 5959 1610 6045 ἶιιῖίίῖιὶἒ
1637 5959 2031 6045 ῖᾶϊίὲῖιῖἰῦἰίξ

1900 195 2318 258 APPENDIX.

3687 202 3808 264 828

2157 329 2319 399 plebs
2341 325 2657 401 christiana
2681 329 2889 383 testata
2914 331 3037 396 est;
3073 328 3355 401 poteritne
3376 330 3522 401 fieri,
3547 335 3615 388 ut
3634 333 3804 391 etiam

2156 407 2241 466 tu,
2275 399 2537 474 germani
2570 401 2918 474 eonstrictus
2949 399 3232 470 exemplo,
3264 399 3809 474 religion'emjudai-

2156 470 2296 527 eam
2319 472 2554 526 deseras
2579 470 2606 524 ?
2637 470 2783 537 Quid
2814 486 2950 542 ergo
2984 473 3040 527 in
3079 475 3181 528 hac
3216 470 3460 529 terribili
3493 470 3808 534 solitudine

2158 543 2383 619 diutius
2431 553 2654 619 tempus
2704 541 3323 619 terimus?_Quamdiu
3379 550 3550 603 etiam
3615 549 3810 619 inepia

2157 615 2346 670 victus
2369 614 2634 670 laborare
2658 614 2976 684 poterimus
2999 615 3026 669 ‘I
3047 618 3193 682 Quid
3219 633 3412 673 causa
3438 626 3548 685 est,
3573 626 3639 675 ut
3663 614 3811 676 fame

2159 689 2544 763 tabescamus,
2579 702 2910 763 arescamus
2941 687 3060 755 siti,
3096 688 3534 763 obrigescamus
3571 694 3814 763 algore?

2150 759 2645 834 ad__pos_t_remum,
2674 759 2830 834 qued
2858 759 2995 834 ejam
3048 759 3328 834 patimur,
3380 768 3598 834 nostrae
3633 759 3811 834 hujus

2147 828 2484 908 solitudinis
2531 828 2795 908 horribili
2850 828 3157 908 teneamur
3198 833 3481 908 siientio?
3511 828 3812 908 Numquid

2150 901 2440 978 latronum
2491 900 2762 978 vincula,
2803 902 3092 978 numquid
3147 904 3532 978 barbarorum
3582 900 3815 978 gladios

2151 975 2447 1048 fugimus;
2484 973 2762 1043 numquid
2787 973 3137 1048 sanguinem
3169 981 3437 1048 nostrum
3460 973 3628 1048 plebs
3649 983 3816 1035 tanta

2148 1044 2496 1120 misericors,
2530 1060 2724 1120 ‘quam
2778 1059 2879 1120 pro
2943 1045 3110 1120 nobis
3177 1046 3314 1102 ﬂere
3376 1044 3812 1120 conspeximus,

2148 1116 2554 1193 concupiscit?
2575 1114 3305 1193 Recordemur,_robsecro,
3340 1114 3812 1193 quem-unquam

2147 1186 2357 1262 [mserit
2380 1189 2429 1241 vi
2457 1186 2902 1262 nostrorum,vel
2920 1188 3128 1244 saltem
3148 1186 3486 1262 irrogaverit
3504 1186 3810 1261 iniuriam.

2148 1260 2522 1315 Revertamur
2565 1259 2635 1314 ad
2691 1258 2980 1331 innoxios,
3033 1277 3179 1331 quos
3228 1258 3298 1316 iri
3339 1263 3503 1318 nullo
3558 1258 3810 1320 tissimus

2148 1332 2447 1398 inimicos;
2481 1336 2536 1386 et
2574 1331 2725 1402 quod
2765 1329 3202 1402 Deorplacuerit,
3229 1334 3454 1389 ἥδε.Αά
3488 1334 3610 1391 haec
3640 1337 3810 1392 Mele-

2149 1405 2303 1479 tius:
2341 1408 2463 1479 Ego
2488 1409 2562 1479 te,
2596 1401 2838 1479 inquit,
2872 1401 3169 1479 Innocenti
3225 1405 3425 1479 frater,
3469 1423 3640 1479 quem
3695 1425 3808 1465 non

2149 1475 2334 1530 solum
2370 1473 2583 1542 latinis,
2617 1474 2718 1528 sed
2763 1473 2942 1528 etiam
2993 1478 3201 1545 graecis
3252 1473 3462 1532 litteris
3487 1473 3807 1535 'eruditum

2148 1547 2380 1622 scio,_et
2411 1546 2594 1622 legem
2621 1545 2845 1622 jugiter
2877 1546 3448 1622 meditari,_oblitum
3474 1566 3626 1615 reor,
3651 1552 3809 1622 quod

2148 1636 2250 1690 per
2280 1617 2628 1693 Ezechielem
2653 1617 3302 1693 prophetam_Dominu's
3329 1621 3438 1675 ait:
3464 1617 3811 1693 Anima'qua:

2138 1692 2474 1764 peccaverit,
2509 1692 2629 1758 ipsa
2659 1690 2927 1764 morietur
2956 1691 3171 1759 (Ezech.
3203 1707 3362 1757 xvur,
3404 1692 3516 1764 20).
3553 1693 3610 1748 Si
3649 1690 3809 1749 enim

2147 1763 2503 1849 legistihoc,
2537 1778 2645 1849 cur;
2686 1776 2782 1849 in’e
2814 1763 3022 1849 fratris
3062 1765 3177 1849 mei
3207 1763 3812 1849 :l‘hneodor‘inexempio

2147 1831 2358 1888 attrahi
2389 1849 2556 1903 posse
2579 1831 2655 1903 ad,
2684 1831 2855 1886 fidem
2888 1831 3103 1887 Christi
3131 1834 3434 1890 existimas
3453 1836 3482 1888 7
3507 1835 3692 1891 Habet
3714 1831 3815 1894 ille

2148 1901 2405 1960 animam
2430 1920 2623 1978 suam,
2645 1901 2798 1978 itaet
2823 1909 3322 1978 peceatumisuum
3349 1922 3362 1961 :
3386 1907 3543 1977 quod
3572 1909 3811 1978 quidem

2148 1975 2646 2050 peccatumrnihi,
2698 1974 2745 2028 si
2782 1974 3308 2050 Dominum‘Deum
3360 1974 3475 2050 non
3515 1974 3813 2050 relinquo,

2148 2045 2263 2102 non
2299 2046 2545 2122 nocebit.
2597 2045 2802 2122 Testo_r
2833 2051 3021 2122 autem
3057 2046 3222 2122 illum
3257 2050 3351 2122 qui
3384 2049 3588 2122 eduxit
3621 2045 3815 2122 patres

2148 2128 2372 2174 nostros
2405 2117 2474 2173 de
2525 2123 2678 2173 terra
2715 2117 2961 2188 Egypti,
3015 2135 3126 2186 me,
3161 2121 3210 2174 si
3263 2120 3474 2176 hiemis
3535 2117 3814 2178 violentia

2148 2207 2262 2266 non
2296 2192 2547 2256 obesset,
2587 2189 3227 2266 abrepto__quocumqua
3259 2193 3488 2262 navigio
3519 2195 3591 2248 ad
3630 2212 3811 2266 quas-

2147 2263 2287 2317 libet
2319 2267 2500 2316 terras
2531 2259 2718 2316 solum
2747 2260 2892 2333 velle
2917 2259 3203 2332 migrare:
3236 2279 3341 2318 nec
3367 2259 3457 2319 me
3481 2259 3814 2333 possessio-

2149 2351 2288 2388 num
2318 2350 2508 2410 amur,
2543 2332 2991 2410 nee_eti'ectuum
3016 2334 3285 2410 charitas
3315 2332 3622 2410 detineret,
3659 2356 3811 2410 quo-

2149 2422 2276 2461 rum
2312 2405 2495 2460 facilis
2528 2403 2916 2473 mihijactura
2945 2408 3031 2460 est
3065 2429 3079 2473 ;
3112 2410 3343 2480 tantum
3382 2423 3451 2463 ne
3480 2403 3813 2480 Deum'pa-

2147 2483 2322 2549 trum
2385 2492 2645 2549 meorum
2691 2491 2930 2549 _negare
2987 2477 3320 2549 compellar.
3382 2480 3545 2544 Quod
3609 2477 3810 2538 autem

2148 2548 2388 2604 consilio
2412 2547 2603 2621 inutili
2637 2547 3034 2621 ad_civitatem
3067 2547 3440 2605 reineandum
3491 2551 3807 2621 decernis;

2150 2621 2329 2694 miror
2361 2628 2437 2694 te,
2467 2618 2989 2694 prudentissimum
3018 2621 3349 2690 virum,non
3371 2625 3570 2677 animo
3607 2618 3806 2694 prceviL

2147 2693 2281 2766 dere
2307 2692 2444 2761 quid
2476 2692 2546 2745 de
2579 2690 2744 2745 nobis
2777 2690 3034 2766 futurum
3057 2707 3316 2760 censeas,
3351 2694 3400 2748 si
3433 2690 3800 2766 Theodorus,

2148 2763 2420 2820 columna
2438 2777 2743 2834 synagogas
2771 2766 2998 2830 nostrae,
3022 2764 3212 2835 inquo
3251 2781 3484 2820 omnem
3523 2763 3799 2824 fiduciam

2149 2835 2592 2912 reponebamus,
2626 2837 2959 2912 apostatare
2989 2836 3331 2906 compulsus
3359 2843 3468 2892 est.
3510 2837 3628 2894 Hoc
3658 2856 3794 2912 ergo

2147 2907 2350 2962 sanius
2375 2911 2481 2975 est,
2516 2912 2577 2960 ut
2609 2921 2810 2960 eamus
2841 2907 2911 2960 ad
2947 2922 3152 2977 agrum
3187 2923 3404 2974 meum,
3439 2925 3541 2964 nec
3572 2927 3677 2966 nos
3713 2907 3796 2966 ιῖι-

2147 2984 2236 3034 tra
2286 2978 2755 3050 Christianorum
2797 2977 3002 3050 oculis
3069 2979 3428 3050 ingeramus.
3472 2982 3793 3039 Possumus

2147 3051 2303 3106 enim
2327 3049 2445 3123 illic
2464 3049 2699 3123 interim
2723 3047 3078 3123 delitescere,
3100 3047 3283 3107 donec
3305 3060 3628 3123 opportuno
3646 3058 3796 3110 tem-

2187 3137 2288 3195 ore
2324 3121 2748 3195 ad_peregrina
2795 3121 3170 3195 emigremus.
3221 3121 3697 3195 Quandoquidem
3732 3127 3793 3183 in

2187 3139 2285 3178 ore
2324 3139 2394 3175 aa
2448 3139 2748 3192 peregrina
2795 3139 3170 3191 emigremus.
3221 3139 3697 3195 quandoquidem
3732 3143 3790 3183 in

2147 3139 2253 3273 Eae
2275 3191 2472 3273 insula
2496 3193 2576 3273 ita
2596 3193 2747 3273 apud
2771 3198 3013 3273 cunctos
3036 3193 3235 3273 odium
3261 3196 3790 3273 nostraa‘religionis

2145 3265 2408 3331 increvit,
2453 3268 2514 3318 ut
2550 3264 2648 3335 qui
2691 3264 2943 3340 patriam
2970 3281 3081 3340 non
3117 3265 3434 3337 reliquerit,
3470 3264 3643 3340 {idem
3689 3285 3788 3340 pa-

2146 3341 2297 3392 trum
2322 3342 2516 3392 tenere
2539 3353 2652 3391 non
2677 3336 2880 3408 possit.
2907 3336 3018 3408 Cur
3036 3336 3368 3408 itaque’non
3393 3336 3792 3399 voluntarium

2145 3409 2540 3480 suscipiamus
2578 3407 2868 3480 exsilium,
2901 3407 2974 3480 ad
3005 3407 3180 3480 quod,
3231 3411 3380 3466 sicut
3415 3427 3508 3467 res
3550 3412 3790 3476 indicat.

2146 3479 2566 3546 odiis’civium,
2599 3479 2825 3534 etiamsi
2857 3479 3154 3549 nolumus,
3186 3481 3795 3542 destinandisumus?

2145 3553 2262 3626 Hoc
2292 3551 2743 3626 igitur_consilio
2763 3551 3079 3626 utriusque
3109 3555 3399 3626 sententia
3425 3557 3790 3626 conﬁrmata,

2145 3621 2404 3700 laborem
2449 3621 2729 3700 destinati
2760 3621 3320 3700 itineris’arripi‘unt.
3355 3627 3465 3682 Sed
3487 3699 3492 3700 γ
3515 3629 3658 3684 dum
3693 3621 3794 3700 per

2146 3697 2624 3768 angustissimum
2660 3695 3068 3768 ingrediuntur
3096 3695 3326 3764 callem,
3370 3695 3791 3768 cogitationum

2146 3766 2402 3842 tenebris
2472 3767 2660 3842 lucem
2721 3766 3162 3842 occaecantibus
3205 3766 3528 3838 oculorum,
3594 3771 3791 3842 ipsum

2145 3837 2515 3913 queminscii
2547 3837 2968 3913 sequebantur,
2983 3839 3287 3913 tramitem
3317 3837 3713 3913 perdiderunt,
3737 3855 3796 3901 et

2145 3909 2205 3966 in
2229 3909 2372 3966 locis
2395 3910 2637 3965 desertis
2658 3915 2833 3982 atque
2857 3909 3028 3966 inviis
3055 3909 3402 3970 remansere.
3428 3915 3568 3969 Cum
3594 3909 3792 3972 autem

2145 3983 2550 4038 scinderentur
2593 3983 2856 4036 sentibus
2914 3997 2982 4056 ac
3041 3983 3314 4056 vepribus
3372 3985 3791 4056 lacerarentur,

2146 4059 2456 4126 postquam
2488 4069 2697 4128 corpus
2719 4069 2891 4128 suum
2913 4052 3406 4128 longis'foedavere
3431 4052 3791 4128 vulneribus,

2145 4123 2212 4181 ad
2250 4123 2464 4181 la'nlam
2499 4123 2685 4194 primo
2719 4123 2954 4196 quidem
2987 4123 3361 4194 anxietatem,
3388 4129 3596 4186 deinde
3617 4123 3791 4188 etiam

2147 4198 2216 4252 ad
2243 4198 2699 4268 desperationem
2721 4205 2894 4267 atque
2913 4197 3282 4254 formidinem
3307 4215 3531 4267 venere,
3557 4207 3620 4258 ut
3641 4217 3797 4258 com-

2146 4268 2496 4341 pellerentur
2529 4268 2713 4341 fateri,
2747 4283 2905 4341 seea
2929 4269 3151 4337 judicio
3182 4269 3282 4325 Dei
3307 4272 3469 4341 justo
3501 4275 3572 4328 ob
3607 4274 3792 4330 incre-

2145 4340 2445 4415 dulitatem
2479 4340 2716 4410 perpeti.
2750 4340 3171 4415 Igiturnomen
3203 4340 3438 4415 Christi,
3472 4347 3622 4415 quod
3658 4349 3792 4402 ante

2147 4429 2208 4468 se
2241 4414 2390 4484 ultro
2421 4413 2685 4480 ingerens
2716 4410 3090 4484 repellebant,
3143 4413 3413 4470 laceratis
3435 4410 3558 4484 jam
3608 4417 3792 4472 cruri-

2146 4484 2280 4550 bus,
2311 4483 2669 4548 invocantes,
2701 4483 2967 4538 semitam
3001 4501 3126 4556 quae
3158 4501 3254 4541 eos
3283 4483 3487 4543 contra
3521 4489 3791 4545 volunta-

2144 4560 2260 4612 tem
2280 4571 2348 4610 ac
2376 4556 2735 4627 propositum
2759 4571 2930 4610 suum
2954 4560 3020 4610 ad
3045 4556 3320 4627 oppidum
3342 4561 3599 4627 retraxit,
3621 4561 3796 4616 corri-

2147 4633 2418 4703 puerunt.
2471 4627 2580 4682 Sed
2616 4643 2748 4703 cum
2798 4629 2867 4703 ad
2899 4627 3188 4703 civitatem
3239 4628 3405 4684 inviti
3458 4648 3519 4687 ac
3578 4632 3793 4703 trepidi

2147 4701 2588 4772 pervenissent,
2611 4698 2898 4772 curiosius
2931 4699 3128 4754 omnia
3177 4707 3638 4772 percunctantes,
3671 4698 3793 4758 "au-

2146 4771 2378 4828 dierunt
2398 4770 2766 4826 Theodorum
2799 4770 2974 4826 etiam
3007 4785 3161 4827 nunc
3185 4772 3452 4828 Judaeum
3486 4770 3634 4840 esse,
3687 4791 3794 4832 nec

2147 4844 2346 4918 ullam,
2378 4843 2528 4918 sicut
2559 4841 3044 4918 existimaveram,
3079 4844 3275 4914 populi
3304 4844 3620 4902 Christiani
3665 4863 3793 4918 per-

2144 4913 2352 4989 tulisse
2375 4914 2732 4970 violentiam.
2758 4913 3090 4989 Stupentes’
3117 4913 3327 4989 autem,
3362 4925 3415 4972 et
3445 4919 3598 4989 quod
3643 4913 3791 4989 ipsis

2145 4987 2436 5043 acciderat
2514 5003 2628 5042 non
2688 4987 3008 5056 credentes,
3073 4987 3144 5042 ad
3189 4989 3428 5046 domum
3463 4987 3792 5046 _Theodorl

2145 5059 2256 5116 iter
2312 5057 2597 5133 _diri_g_unt
2649 5073 2664 5112 :
2710 5058 2810 5133 ubi
2859 5074 2998 5133 cum
3051 5074 3150 5133 eos
3197 5059 3323 5131 jam
3381 5077 3529 5133 pene
3585 5067 3789 5119 exacto

2146 5129 2390 5201 prandio
2430 5129 2527 5203 ille
2557 5130 3071 5203 excepisset,il|ico
3114 5129 3652 5203 inquirit'causam,
3684 5151 3792 5190 cur

2146 5200 2178 5257 ξι
2203 5218 2265 5257 se
2285 5206 2341 5257 et
2362 5218 2394 5256 a
2415 5200 2640 5276 civitate
2662 5202 3086 5276 abscessissent
3109 5229 3124 5270 ς
3163 5200 3584 5276 univesumque
3627 5200 3793 5261 crdi-

2145 5289 2278 5330 nem
2311 5281 2477 5345 gestis
2511 5273 2613 5338 rei,
2647 5273 2832 5346 magis
2869 5290 3002 5329 cum
3045 5275 3184 5346 risu,
3216 5293 3389 5346 quam
3422 5273 3551 5332 cum
3605 5277 3794 5333 admi-

2146 5345 2369 5401 ratione
2398 5345 2717 5416 cognoscit.

2217 5417 2302 5472 14.
2337 5418 2475 5472 Post
2504 5417 2764 5472 triduum
2793 5417 3154 5481 Theodorus.
3187 5433 3319 5473 cum
3352 5416 3685 5475 concionari
3715 5418 3790 5475 ad

2145 5487 2369 5560 plebem
2394 5505 2580 5556 suam,
2604 5505 2817 5560 eosque
2837 5491 2908 5545 ad
2936 5491 3104 5544 tidem
3124 5489 3335 5545 Christi
3351 5507 3653 5560 provocare
3672 5492 3794 5546 dis-

2143 5565 2406 5633 poneret,
2440 5561 2588 5633 ultro
2621 5577 2682 5616 se
2727 5561 3078 5633 offerentium
3114 5561 3184 5633 ad
3217 5563 3637 5633 confessionem
3667 5563 3787 5618 Ju-

2142 5631 2396 5688 daaorum
2425 5632 2597 5688 etiam
2632 5631 2972 5690 seditionem
3000 5631 3250 5702 pertulit.
3287 5632 3465 5690 Nemo
3495 5635 3652 5689 enim
3686 5651 3788 5691 eo-

2145 5721 2273 5759 rum
2308 5705 2479 5760 ferme
2511 5709 2658 5770 erat,
2690 5704 2787 5774 qui
2816 5721 2929 5760 non
2963 5722 3021 5760 se
3053 5704 3244 5775 palam
3273 5707 3532 5761 sensisse
3567 5706 3788 5762 Christi

2144 5776 2458 5845 potentiam
2492 5781 2932 5832 contestaretur.
2965 5776 3107 5832 Nam
3134 5783 3320 5848 primo
3343 5777 3399 5832 in
3425 5777 3668 5834 concilio
3695 5794 3790 5832 eo-

2143 5863 2271 5902 rum
2303 5848 2640 5925 sdelesceus
2664 5851 2924 5925 quidam,
2956 5851 3138 5920 ipsius
3171 5849 3458 5925 Theodori
3483 5850 3789 5925 consobri-

2142 5934 2274 5988 nus,
2310 5920 2545 5993 nomine
2575 5920 2840 5976 Galilaeus
2883 5923 2967 5990 (ut
3004 5935 3354 5993 congruum,
3385 5920 3533 5977 sicut
3563 5920 3790 5980 dictum

2141 5993 2253 6061 est,
2275 5991 2613 6050 nominibus
2644 5993 2972 6064 mysterium
3001 5991 3170 6066 gestia
3195 5991 3272 6052 rei
3303 5993 3575 6067 usquead
3607 5993 3793 6052 finem
