4146 6198
299 155 424 223 829‘

297 290 725 362 deduceretur),
759 307 888 346 cum
920 289 1140 362 ingenti
1179 288 1394 346 invidia
1443 287 1805 362 proclamare
1833 289 1943 345 hoc

299 365 511 435 erepit:
547 360 866 430 Contcstor,
891 361 1106 433 inquit,
1137 378 1234 435 vos
1263 376 1474 435 omnes
1500 360 1941 435 meJudeorum

298 432 426 490 esse
475 451 591 490 non
639 451 811 506 posse
862 436 920 489 in
973 432 1382 505 possessione;
1433 432 1736 506 siquidem
1768 432 1827 506 in
1858 449 1946 506 rea

298 503 656 562 Christianos
675 503 1201 572 consortes—habeo,
1225 520 1474 575 quorum
1499 503 1666 570 odiis,
1692 503 1740 558 si
1767 504 1823 558 in
1845 505 1944 560 Ju-

299 578 520 633 daismo
568 593 936 649 perseverare
982 577 1232 642 voluero,
1283 578 1521 649 forsitan
1571 576 1946 649 perimendus

295 665 445 704 sum.
479 647 592 721 Ego
625 651 802 720 igitur
849 649 978 704 vitae
1010 665 1148 703 mea;
1194 647 1452 719 periculo
1499 647 1834 721 consulens,
1870 649 1942 702 ad

295 719 738 794 ecclesiamjam
776 736 1036 794 pergam,
1059 724 1122 776 ut
1144 735 1344 774 necem
1364 735 1496 794 ique
1531 719 1944 794 mihi_paratur

295 792 587 861 effugiam.
624 792 754 847 Haec
778 791 1092 858 ‘Galilaaus,
1126 808 1259 847 cum
1309 793 1376 845 ad
1409 797 1639 862 tempus
1680 791 1829 861 fugae
1881 807 1944 845 se

297 869 544 935 pararet,
569 865 737 936 quasi
761 873 817 918 ut
838 880 1048 936 causas
1072 862 1463 936 conversionis
1489 879 1609 918 sua;
1626 862 1952 936 reddidisse

298 934 608 1000 videretur,
642 937 712 992 de
744 935 922 991 futuri
952 935 1149 990 saeculi
1191 940 1375 990 morte
1425 939 1564 988 tunc
1614 934 1760 988 nihil
1793 934 1950 1002 cOgi-

295 1011 446 1075 tans,
475 1008 771 1063 veritatem
813 1007 1034 1062 inscius
1082 1007 1452 1077 loquebatur.
1498 1005 1645 1061 Huic
1694 1004 1949 1077 sermoni

298 1095 442 1150 pene
474 1081 805 1151 prasteriens
835 1080 922 1134 vir
947 1076 1310 1144 honestus,et
1331 1095 1444 1132 non
1468 1078 1655 1132 solum
1681 1078 1829 1132 inter
1849 1076 1949 1151 Ju-

296 1149 489 1219 deos,
509 1167 710 1207 verum
750 1151 926 1207 etiam
969 1153 1028 1205 in
1078 1151 1306 1205 civitate
1337 1164 1524 1220 usque
1575 1151 1717 1204 adeo
1748 1149 1950 1219 praeci-

297 1239 471 1292 puus,
531 1228 596 1278 ut
650 1222 825 1278 etiam
886 1238 1041 1277 nunc
1087 1223 1355 1277 det'ensor
1414 1221 1670 1275 civitatis
1729 1221 1947 1275 electus

294 1294 391 1360 sit,
424 1293 788 1361 Ciecilianus,
823 1310 954 1349 vera
984 1292 1285 1348 Galilaeum
1328 1292 1540 1359 dicere,
1577 1308 1753 1360 seque
1783 1292 1950 1345 simi-

297 1365 411 1420 lem
447 1364 662 1422 habere
694 1382 953 1432 causam,
977 1365 1182 1420 similia
1207 1365 1518 1420 formidare
1547 1363 1945 1418 attestabatur.

296 1436 519 1501 Quibus
570 1437 761 1492 verbis
792 1442 1017 1492 tantam
1050 1453 1230 1507 supra
1261 1439 1579 1490 memorato
1610 1433 1802 1507 inveni
1845 1435 1950 1489 ad-

286 1508 437 1578 jecit
467 1509 906 1573 confidentiam,
939 1515 1001 1562 ut
1030 1507 1088 1562 in
1123 1506 1438 1578 Conspectu
1471 1506 1735 1578 omnium
1769 1521 1947 1578 cursu

295 1577 675 1650 rapidissimo
705 1581 776 1634 ad
809 1579 1244 1650 percipiendum
1274 1577 1410 1634 ﬁdei
1441 1577 1704 1650 bravium
1738 1577 1810 1650 ad
1840 1577 1948 1632 Ga-

293 1647 428 1705 lilaei
459 1651 640 1706 nostri
693 1647 1020 1706 convolaret
1050 1651 1356 1717 auxilium,
1407 1649 1564 1705 etab
1616 1647 1946 1703 humilitate

297 1729 512 1786 nostra,
549 1728 613 1776 ut
649 1723 777 1792 ejus
813 1723 1022 1777 deinde
1059 1723 1290 1777 nomine
1339 1726 1695 1782 censeretur,
1724 1728 1950 1788 expete-

295 1801 396 1849 ret.
431 1793 772 1850 Caecilianus
813 1799 1002 1848 autem
1047 1810 1176 1848 cum
1210 1799 1364 1848 esset
1391 1794 1726 1847 Iudaeorum
1762 1797 1942 1861 pater,

293 1863 492 1920 habito
544 1881 678 1920 cum
734 1866 980 1933 Florino,
1015 1866 1188 1920 fratre
1220 1881 1346 1931 suo,
1404 1879 1564 1934 teque
1600 1863 1943 1919 Judeeorum

294 1942 457 2006 patre
481 1935 1385 2006 seniore,consilio,hujusmodi,
1410 1937 1562 1990 sicut
1584 1934 1945 2002 agnovimus,

293 2005 483 2063 verbis
512 2024 870 2079 synagogam
916 2005 1164 2063 adorsus
1195 2017 1282 2062 est
1333 2024 1346 2061 :
1398 2007 1534 2077 Ego,
1569 2005 1780 2079 inquit,
1813 2021 1945 2059 cum

294 2079 405 2134 sim
439 2080 497 2134 in
530 2076 765 2135 honore
780 2096 1084 2151 synagoga;
1130 2084 1256 2151 post
1282 2076 1651 2151 Theodorum
1694 2076 1943 2151 primus,

293 2167 407 2206 non
440 2147 846 2221 sicutjuvenis
875 2147 1172 2216 Galilaeus,
1206 2155 1449 2205 cunctos
1485 2148 1651 2218 quasi
1681 2147 1946 2219 trepidus

293 2223 557 2291 consulo,
600 2224 1174 2305 con‘testor_que;sed
1228 2221 1422 2293 potius
1465 2221 1946 2305 adhortarettu

294 2309 656 2362 commoneo,
688 2291 1043 2349 denuntians
1075 2299 1139 2348 ut
1167 2291 1360 2349 errore
1393 2294 1552 2364 pravi
1584 2291 1809 2347 itineris
1843 2293 1942 2346 de-

296 2365 517 2434 relicto,
552 2367 601 2422 si
649 2366 773 2422 ﬁeri
806 2370 1011 2436 potest,
1044 2381 1249 2422 omnes
1282 2366 1498 2436 pariter
1529 2365 1599 2418 ad
1650 2365 1817 2436 fidem
1851 2377 1946 2418 ec-

292 2436 680 2493 clesiasticam
713 2435 1146 2493 concurramus.
1182 2435 1344 2500 QuOd
1364 2436 1414 2490 si
1436 2452 1537 2492 vos
1560 2436 1627 2489 ad
1655 2435 1942 2490 Christum

291 2512 453 2564 tanta
484 2509 671 2564 virtus
699 2525 814 2564 non
838 2509 1082 2564 attrahit
1109 2523 1124 2575 ;
1157 2524 1262 2579 ego
1285 2513 1438 2564 certe
1463 2513 1520 2562 et
1548 2507 1815 2579 Florinus
1839 2506 1945 2560 fra-

290 2583 378 2635 ter
408 2596 595 2646 meus,
627 2582 779 2636 sicut
809 2577 1220 2636 recusantibus
1250 2580 1414 2636 vobis
1437 2583 1656 2634 tantam
1691 2577 1938 2632 salutem

291 2651 407 2706 vim
453 2652 666 2707 inferre
698 2669 812 2707 non
846 2668 1180 2722 possumus,
1214 2654 1292 2708 ita
1340 2667 1443 2707 nos
1488 2667 1622 2706 cum
1672 2650 1943 2705 universa

291 2723 466 2794 domo
498 2728 694 2794 nostra
726 2723 1022 2793 religionis
1074 2724 1266 2794 hujus,
1317 2738 1487 2792 quam
1528 2727 1787 2777 astruere
1826 2736 1940 2776 non

290 2793 571 2854 valemus,
589 2793 837 2850 ludibria
850 2793 1204 2862 deserentes,
1219 2794 1677 2850 Christianorum
1704 2808 1941 2847 numero

291 2863 546 2938 ﬁdeique
563 2866 917 2938 sociabimur
940 2883 953 2920 :
977 2868 1078 2938 qui
1107 2883 1412 2938 nunquam
1437 2866 1638 2936 utique
1668 2865 1942 2938 innume-

288 2935 573 3008 rabilibus
620 2935 1024 3008 Sripturarum
1071 2935 1438 3006 testimoniis,
1479 2935 1592 2993 non
1633 2935 1822 2992 solum
1863 2942 1938 3002 te,

291 3008 464 3080 frater
491 3007 815 3076 Theodore,
865 3010 964 3080 qui
1007 3009 1246 3079 peritior
1284 3009 1543 3080 reliquis
1576 3007 1812 3073 videris,
1845 3009 1938 3061 sed

289 3079 458 3135 etiam
512 3088 750 3136 cunctos
798 3085 1224 3148 convincerent,
1267 3080 1380 3136 nisi
1432 3079 1750 3148 veritatem,
1812 3094 1938 3149 quas

285 3151 438 3205 vinci
455 3167 569 3206 non
589 3156 797 3222 potest,
821 3157 1198 3208 sectarentur.
1223 3151 1340 3207 Tali
1365 3151 1735 3208 Caecilianum
1759 3166 1936 3222 sensu

288 3222 517 3293 plebem
549 3221 718 3278 suam
750 3224 990 3279 effatum
1017 3226 1431 3294 comperimus,
1466 3223 1800 3293 multosque
1829 3221 1938 3276 Ju-

291 3296 545 3349 dasorum
570 3296 770 3350 eadem
820 3296 913 3349 die
934 3296 1003 3348 ad
1028 3295 1200 3349 fidem
1243 3294 1448 3348 Christi
1479 3309 1611 3347 cum
1637 3294 1766 3364 ipso
1796 3308 1938 3346 con-

291 3371 587 3421 currentes
639 3382 772 3422 cum
796 3365 1077 3420 ineffabili
1123 3365 1509 3420 exsultatione
1547 3364 1937 3433 suscepimus.

363 3437 450 3491 15.
493 3437 764 3509 Prodigia
793 3453 934 3493 sane
973 3453 1100 3507 quis
1125 3437 1195 3509 de
1236 3436 1547 3509 ccelotunc
1597 3435 1747 3489 facta
1777 3441 1938 3509 sunt,

289 3510 442 3564 sicut
465 3506 866 3580 eloqui'digne
913 3506 1026 3564 non
1058 3508 1300 3572 valeam,
1357 3507 1528 3580 silere
1586 3523 1698 3562 non
1723 3506 1938 3580 audeo.

289 3581 439 3635 [lora
470 3577 700 3637 circiter
730 3577 980 3650 septima
1003 3580 1240 3637 Missam
1273 3578 1620 3634 dominicam
1654 3577 1939 3650 solemni-

285 3655 374 3723 ter
403 3653 690 3723 ccepimus
720 3649 1029 3708 celebrare.
1068 3653 1220 3708 Nam
1256 3652 1396 3706 dum
1429 3667 1535 3706 nos
1566 3649 1941 3723 advenientes

283 3722 359 3778 ad
389 3720 604 3780 Christi
645 3725 819 3779 ﬁdem
860 3726 1094 3781 Judzeos
1143 3724 1227 3780 vel
1277 3723 1673 3788 exhortamur,
1715 3720 1804 3776 vel
1837 3720 1940 3775 ad-

285 3799 563 3868 notamus
617 3795 930 3868 (siquidem
991 3796 1231 3853 nomina
1278 3792 1943 3868 eorum_scripsimus),

327 3866 542 3937 opulus
575 3865 765 3923 autem
797 3868 942 3923 tanti
961 3869 1158 3939 gaudii
1187 3867 1378 3940 epulis
1400 3865 1711 3940 saginatus
1733 3880 1940 3940 carna-

311 3936 432 3992 ium
493 3955 607 3994 non
656 3936 1026 3995 meminisset
1074 3936 1363 4006 escarum,
1428 3936 1561 4010 pars
1603 3937 1715 3993 diei
1755 3936 1942 4010 major

288 4014 641 4084 excurrerat.
673 4011 815 4066 Cum
846 4013 1021 4084 igitur
1046 4011 1104 4066 in
1138 4011 1405 4084 ecclesia,
1428 4007 1566 4082 'qum
1597 4007 1873 4080 populum
1903 4023 1940 4084 Aa

289 4081 519 4137 civitate
578 4079 951 4153 sequestri‘in
1002 4084 1126 4139 loco
1175 4083 1286 4137 sita
1335 4079 1534 4148 est,'in
1582 4079 1718 4153 qua
1753 4079 1941 4134 sancti

287 4153 560 4226 martyris
603 4150 880 4226 Stephani
924 4171 1112 4226 nuper
1158 4150 1771 4226 reconditiereliquise
1803 4166 1942 4206 con-

290 4223 615 4295 quiescunt,
642 4223 941 4282 nobiscum
959 4223 1178 4298 pariter
1207 4226 1380 4298 plebs
1407 4224 1675 4280 universa
1699 4223 1940 4298 Missam

287 4297 699 4367 Opperiebatur
724 4317 738 4366 ;
773 4299 887 4354 duo
910 4295 1145 4370 quidem
1163 4295 1450 4365 monachi,
1485 4311 1639 4370 quos
1661 4295 1943 4350 Dominus

288 4371 468 4440 testes
514 4383 753 4440 suorum
804 4367 1213 4426 miraculorum
1265 4367 1584 4440 praeelegit,
1626 4367 1700 4440 in?
1735 4381 1942 4434 campo

288 4439 386 4512 qui
419 4437 735 4512 ante_f_ores
751 4440 1006 4512 ecclesia;
1029 4437 1414 4512 protenditur,
1449 4437 1510 4495 in
1541 4439 1738 4512 herbis
1770 4453 1940 4494 accu-

288 4507 532 4566 babant.
565 4507 666 4563 Vir
694 4521 884 4565 autem
925 4507 1268 4572 horioratus,
1300 4512 1486 4565 Julius
1518 4510 1773 4579 nomine,
1809 4525 1941 4565 cum

290 4581 403 4636 alio
434 4580 684 4652 quodam
712 4582 782 4635 de
812 4581 1043 4636 civitate
1074 4581 1378 4636 ecclesiam
1422 4585 1640 4650 petens,
1673 4597 1805 4636 cum
1839 4597 1944 4652 per

287 4652 452 4724 ipsos
483 4653 776 4724 praeterire
807 4655 1096 4720 cupisset,
1129 4653 1516 4723 respondente
1567 4669 1684 4707 uno
1713 4667 1783 4707 ex
1817 4667 1942 4706 mo-

291 4723 517 4797 nachis,
545 4723 668 4797 viso
699 4725 952 4781 mirabili
992 4725 1159 4797 signo
1191 4724 1596 4797 conturbatus,
1637 4724 1942 4778 confusum

292 4795 491 4851 emisit
537 4795 901 4866 clamorem;
955 4795 1387 4866 conversusque
1425 4796 1495 4850 ad
1536 4811 1620 4861 se,
1672 4799 1944 4866 protensa

292 4882 488 4934 manu,
523 4884 650 4938 qua
669 4869 845 4924 verbo
875 4868 1160 4939 explicare
1192 4865 1311 4923 non
1336 4872 1579 4938 poterat,
1613 4865 1942 4939 quid_vide-_

296 4945 386 5016 ret
427 4936 704 5016 ostendit.
765 4941 899 5016 Erat
946 4936 1161 5016 globus
1247 4936 1483 5011 quidam
1540 4936 1944 5016 caqdidissimi

293 5009 559 5079 luminis,
612 5008 1093 5084 proceritate'sui
1143 5008 1428 5067 staturam
1480 5009 1650 5084 quasi
1691 5008 1945 5062 hominis

292 5082 631 5155 adaequatus,
663 5083 852 5139 instar
879 5085 1246 5140 vasculorum
1281 5100 1408 5155 quas
1445 5082 1625 5155 vulgo
1655 5096 1803 5155 orcae
1842 5095 1943 5149 ap-

295 5151 818 5224 pelluntur;tanta3
841 5173 976 5212 vero
997 5155 1274 5212 claritatis
1298 5151 1358 5210 et
1380 5151 1644 5225 fulgoris,
1670 5156 1733 5225 ut
1751 5151 1943 5206 visum

294 5225 424 5299 fuit,
458 5227 611 5296 quod
645 5227 812 5299 fratri,
836 5229 932 5299 qui
963 5227 1020 5283 id
1061 5229 1220 5298 prior
1247 5224 1663 5299 notavith‘icut
1692 5224 1945 5299 ipsere-

292 5293 511 5353 ferente
577 5293 976 5369 cognovimus,
1009 5293 1093 5355 sol
1145 5299 1409 5355 decidere
1455 5293 1769 5369 videretur.
1828 5293 1945 5349 Hoc

291 5370 437 5442 sicut
471 5369 596 5424 istis
625 5367 814 5442 visum
848 5367 969 5437 est,
990 5371 1156 5442 quasi
1190 5376 1350 5425 trans
1381 5368 1706 5442 basilicam,
1738 5367 1794 5420 in
1823 5381 1946 5442 qua

291 5440 603 5496 universus
635 5436 949 5497 nobiscum,
973 5436 1224 5512 pppulus
1256 5441 1616 5507 consederat,
1643 5439 1798 5494 lento
1819 5436 1944 5508 lap-

288 5529 353 5567 su
387 5512 838 5584 demittebatur:
871 5530 1074 5569 verum
1108 5513 1184 5567 ita
1216 5512 1612 5584 propinquum
1649 5514 1944 5584 putavcre,

290 5591 449 5656 utqse
468 5583 618 5639 idem
655 5587 830 5640 frater
851 5591 1087 5656 stupore
1114 5582 1365 5656 percitus
1392 5599 1560 5656 cursu
1582 5582 1943 5656 praeriperet,

290 5654 625 5712 existimans
657 5657 708 5710 id
744 5661 872 5724 post
901 5652 1203 5712 basilicam
1237 5655 1537 5711 decidisse.
1573 5654 1682 5710 Sed
1726 5654 1798 5708 ab
1843 5652 1942 5708 illo

293 5732 575 5783 retractus
624 5728 796 5783 fratre
844 5743 1106 5798 gressum
1161 5726 1455 5782 inhibuit:
1508 5725 1820 5798 illeienimi
1861 5724 1942 5780 ita

294 5799 530 5869 quidem
571 5800 750 5855 etiam
783 5797 892 5855 sibi
952 5801 1164 5864 visum,
1216 5805 1412 5855 tamen
1470 5797 1700 5869 longius
1743 5797 1940 5869 fuisse.

294 5867 411 5942 non
443 5872 610 5942 quasi
634 5877 846 5932 certus.
878 5872 979 5929 sed
1007 5875 1072 5928 ut
1107 5869 1404 5942 setismans
1456 5867 1776 5942 astruebat.
1821 5867 1944 5924 Mu-

290 5941 476 6000 lieres
522 5948 712 6001 autem
761 5943 1029 6019 quaedam
1097 5951 1233 6001 tunc
1289 5941 1524 6015 Judeeaa,
1583 5941 1738 5999 inter
1794 5956 1939 6012 quas

1642 157 2018 220 EPISTOLA
2067 157 2352 222 SEVERI

3578 168 3697 230 830

2055 293 2323 364 matrona
2351 289 2569 364 Meletiiﬁ
2590 290 2770 355 illius,
2823 293 2990 361 cujus
3020 310 3199 364 supra
3232 296 3449 354 mentio
3497 298 3698 356 habita

2053 367 2162 440 est,
2197 363 2266 417 de
2305 363 2623 440 cmnaculo
2670 363 3216 440 perspicientes’ita
3273 369 3382 422 sibi
3439 370 3698 440 idipsum

2052 434 2242 489 visum
2263 435 2651 507 afﬁrmabant,
2673 434 2837 507 quasi
2855 452 2918 491 su
2933 453 3030 504 pra
3045 438 3344 494 basilicam
3362 434 3698 500 decidisset.

2055 505 2406 580 Verumrhoc
2464 505 2978 580 utrum'angelus,
3042 525 3114 563 an
3169 509 3291 579 ipse
3348 513 3696 580 Stephanus.

2055 579 2207 648 quod
2236 577 2416 633 visum
2462 582 2569 640 est,
2627 577 2821 647 fuerit,
2872 579 3158 635 incertum
3192 577 3311 636 'est.
3346 577 3556 640 Eadem
3588 587 3700 642 diei

2053 649 2196 725 hora
2222 651 2452 725 circiter
2483 655 2710 720 quarta,
2744 652 2800 705 id
2835 658 2944 711 est,
2979 651 3163 725 paulo
3205 659 3337 708 ante
3384 670 3560 725 quam
3595 656 3702 713 hoc

2055 722 2818 798 signum_dem_ons‘t_raretur.
2836 724 3057 798 grando
3089 722 3702 798 minutissima,quam

2055 792 2254 847 incolae
2285 792 2492 848 insulae
2537 792 2694 848 illius
2725 792 2926 864 gentili
2986 811 3275 869 sermone,
3301 792 3704 869 albigistinum

2055 869 2286 939 vocant,
2316 882 2428 920 non
2490 880 2903 936 usquequaque
2961 867 3194 937 copiosa
3246 867 3506 926 deﬂuxit.
3553 871 3705 939 Hac,

2055 951 2188 991 cum
2223 937 2365 991 odor
2395 953 2462 1009 ex
2491 952 2554 991 ea
2587 939 2777 991 mellis
2811 939 3068 1009 fragrare
3098 939 3384 1009 coepisset,
3420 958 3454 996 a
3502 937 3704 998 multis

2055 1024 2203 1077 quos
2226 1024 2324 1079 per
2354 1007 3266 1080 viamiverberaveratdegustata,
3300 1012 3708 1070 dulciormellc

2054 1088 2345 1152 comperta
2377 1085 2482 1134 est.
2516 1079 2684 1152 Multi
2719 1083 2917 1152 itaque
2948 1079 3262 1151 sapientes,
3321 1100 3448 1138 cum
3501 1086 3705 1140 eadem

2054 1151 2145 1205 die
2178 1151 2326 1228 lilios
2357 1150 2531 1206 Israel
2563 1152 2634 1205 ab
2680 1150 2922 1228 (Egypto
2972 1150 3225 1228 perﬁdia:
3266 1171 3381 1228 suae
3415 1155 3434 1188 ί
3469 1165 3640 1228 atque
3673 1175 3706 1212 a

2055 1223 2622 1297 servituteegressos
2673 1226 2975 1297 viderentt
3005 1224 3124 1279 haec
3183 1241 3311 1297 quas
3345 1227 3497 1282 facta
3545 1223 3704 1289 sunt,

2053 1292 2557 1369 signis_illis"quze
2594 1295 2652 1348 in
2685 1295 2896 1369 Exodo
2955 1292 3215 1369 legimus
3265 1301 3704 1369 comparabant,

2055 1370 2118 1418 ut
2148 1365 2285 1419 huic
2317 1366 2550 1436 populo,
2598 1367 2697 1436 qui
2733 1369 2908 1422 Deum
2961 1365 3194 1423 credulo
3240 1365 3413 1424 corde
3470 1370 3708 1427 intuens

2053 1451 2250 1490 verum
2283 1437 2456 1491 etiam
2489 1437 2719 1492 Israelis
2753 1455 2962 1493 nomen
2996 1441 3228 1507 meruit,
3265 1458 3481 1496 manna
3513 1444 3710 1499 crede-

2055 1511 2182 1561 rent
2212 1508 2473 1585 innovari
2504 1509 2696 1578 (Emod.
2725 1515 2858 1576 xw).
2893 1509 3242 1585 Columnam
3266 1530 3498 1584 quoque
3529 1514 3704 1585 ignis,

2054 1595 2185 1654 quae
2216 1586 2410 1654 patres
2439 1579 2499 1634 in
2539 1582 3120 1654 eremoﬁprascedebat
3153 1584 3250 1652 (Id.
3288 1579 3419 1644 kin:
3461 1579 3581 1654 22):
3643 1579 3709 1640 ut

2054 1651 2227 1724 etiam
2257 1651 2395 1705 ﬁliis
2440 1667 2472 1705 a
2506 1666 2661 1724 Avera
2714 1653 2952 1724 zEgypto
3011 1651 3182 1723 atque
3241 1655 3490 1722 fornace,
3532 1651 3711 1711 'sicut

2053 1721 2333 1796 scriptum
2355 1726 2462 1796 est,
2499 1722 2681 1796 ferrea
2698 1721 3146 1793 egressisweut.
3178 1742 3250 1785 ιν,
3288 1726 3402 1796 20),
3431 1727 3708 1783 ducatum

2053 1791 2338 1918 Eraeberet
2378 1793 2448 1848 ad
2487 1793 2686 1853 vitam,
2720 1791 3016 1851 ostensam
3061 1797 3241 1852 fuisse
3271 1791 3704 1854 existimarunt.

2101 1870 2201 1918 tre
2218 1880 2377 1918 vera.
2401 1866 2554 1918 sicut
2573 1865 2818 1918 lectione
2839 1867 3018 1918 Exodi
3034 1872 3361 1918 attestatur.
3379 1870 3704 1918 similitudo

2101 1870 2201 1919 tre
2218 1880 2377 1923 vera.
2401 1866 2554 1919 sicut
2573 1865 2818 1920 lectione
2839 1867 3018 1921 Exodi
3034 1872 3361 1928 attestatur,
3379 1870 3705 1926 similitudo

2051 1936 2355 2010 signorum
2389 1935 3130 2010 minime_discrepat.Nam
3166 1939 3395 2010 etillud
3431 1941 3584 2010 quod
3619 1942 3708 1996 ni-

2050 2022 2182 2061 vem
2207 2007 2386 2061 fuisse
2443 2006 2822 2067 credidimus,
2855 2006 3078 2062 lsemen
3134 2006 3703 2066 coriandri—minuti

2052 2079 2414 2152 adaequabat,
2442 2077 2630 2152 mellis
2679 2095 2946 2152 saporem
2997 2079 3217 2152 ferebat
3247 2097 3260 2146 ;
3286 2084 3352 2152 et
3381 2080 3490 2136 hoc
3548 2082 3702 2152 quod

2052 2151 2337 2220 apparuit,
2373 2149 2654 2205 columna:
2689 2151 2869 2222 ignea:
2922 2151 3172 2222 speciem
3209 2151 3481 2207 habuisse
3515 2149 3701 2207 mani-

2051 2222 2262 2276 festum
2293 2228 2397 2294 est.
2433 2226 2963 2292 Ulrumqueaulem
2983 2222 3213 2294 signum
3240 2223 3415 2278 etiam
3448 2224 3702 2280 Jammo-

2051 2309 2137 2366 nas
2167 2293 2631 2366 consistentibus
2656 2295 2928 2349 fratribus
2957 2293 3265 2366 revelatum
3293 2295 3464 2350 fuisse
3485 2311 3698 2366 cogno-

2051 2364 2288 2421 scimus.
2321 2363 2464 2418 Nam
2496 2370 2553 2420 et
2583 2365 2836 2436 pluviam
2862 2365 3047 2421 mellis
3065 2366 3253 2426 multi,
3289 2367 3507 2436 quibus
3529 2363 3700 2422 intel-

2050 2436 2229 2490 leclus
2261 2436 2593 2509 requirendi
2635 2442 2692 2492 et
2749 2442 3057 2508 pergustus
3115 2438 3469 2509 agnoscendi
3526 2438 3699 2509 datus

2050 2512 2161 2568 est,
2195 2506 2506 2578 probavere
2540 2525 2552 2562 :
2586 2514 2643 2563 et
2673 2506 2947 2564 colum—na
2977 2506 3379 2565 candidissimi
3422 2509 3582 2564 illius
3612 2508 3698 2565 lu-

2050 2579 2229 2634 minis
2261 2578 2603 2645 multorum,
2635 2596 2778 2650 quos
2822 2579 3030 2650 dignos
3080 2580 3362 2635 Dominus
3387 2581 3694 2650 judicavit,

2051 2667 2114 2708 se
2144 2650 2386 2720 ingessit
2408 2651 2760 2722 aspectibus.
2797 2651 2956 2707 Unde
2988 2651 3228 2723 intelligi
3252 2653 3439 2718 datur,
3471 2654 3698 2709 Judzeos

2051 2739 2154 2795 per
2189 2724 2526 2795 universum
2584 2723 2783 2778 orbem
2846 2723 2978 2778 fidei
3039 2724 3260 2795 lumine
3317 2723 3694 2780 visitundos:

2051 2793 2328 2866 quoniam
2363 2795 2597 2864 quidem
2631 2795 2819 2855 nobis,
2872 2795 2967 2864 qui
3003 2795 3062 2850 in
3112 2794 3220 2850 hac
3275 2795 3473 2850 insula
3527 2801 3702 2866 atque

2051 2865 2110 2921 in
2142 2865 2251 2921 hoc
2295 2870 2557 2937 parvulo,
2586 2871 2650 2921 ut
2705 2867 2789 2921 ita
2826 2866 3092 2933 dixerim,
3127 2867 3266 2921 orbe
3295 2865 3700 2934 consistimus,

2047 2941 2252 2994 tantus
2283 2937 2538 2992 caelestis
2567 2937 2766 3009 gratias
2797 2937 3074 3008 splendor
3094 2937 3306 3004 illuxit,
3331 2942 3394 2994 ut
3415 2953 3596 3009 usque
3627 2938 3701 2993 ad

2047 3014 2334 3081 extremos
2358 3017 2519 3064 terras
2549 3018 2749 3065 vestrae
2764 3009 3046 3066 terminos
3078 3010 3377 3080 signorum
3398 3009 3539 3066 visio
3572 3025 3699 3081 per-

2046 3080 2285 3137 veniret.

2121 3153 2204 3206 16.
2241 3152 2514 3222 Sequenti
2540 3151 2722 3224 igitur
2745 3151 2837 3208 die
2852 3168 3087 3208 summa
3117 3153 3378 3208 omnium
3404 3160 3696 3223 exspecta-

2045 3223 2151 3288 tio,
2172 3229 2235 3277 ut
2263 3224 2601 3278 Theodorus
2624 3225 2928 3294 sponsioni
2947 3241 3063 3278 suae
3093 3225 3474 3292 satisfaceret,
3500 3227 3566 3279 ad
3580 3242 3700 3280 mo-

2047 3295 2221 3366 nebat
2256 3295 2395 3362 :qui
2428 3310 2560 3349 cum
2593 3295 2782 3362 justis,
2817 3300 3100 3364 quantum
3132 3296 3456 3366 videbatur,
3487 3296 3694 3366 allega~

2047 3363 2306 3419 tionibus
2333 3368 2676 3418 cunctorum
2691 3369 2822 3418 vota
2838 3367 3098 3419 crederet
3126 3365 3466 3423 differenda.
3492 3363 3694 3421 dicéns

2049 3440 2378 3490 matronam
2411 3435 2572 3504 prius
2603 3451 2794 3501 suam,
2841 3451 3018 3504 quam
3059 3433 3119 3488 in
3169 3435 3538 3504 Majoricensi
3571 3437 3696 3490 reli-

2050 3505 2273 3577 quisset
2302 3505 2513 3574 insula,
2559 3506 2667 3561 huc
2697 3521 2761 3561 se
2801 3505 2944 3561 velle
2975 3505 3258 3561 deducere
3288 3523 3300 3573 ;
3345 3522 3415 3561 ne
3448 3507 3612 3572 forte,
3644 3507 3696 3561 si

2047 3580 2270 3649 absque
2299 3593 2586 3633 consensu
2614 3577 2926 3649 suoivirum
2957 3593 3127 3632 suum
3156 3593 3498 3633 conversum
3517 3579 3698 3633 fuisse

2049 3648 2405 3722 agnovisset,
2455 3649 2621 3722 sicut
2662 3648 2826 3707 solet,
2856 3649 3143 3722 pertinax
3197 3649 3462 3722 perfidia!
3497 3653 3645 3706 esset
3677 3665 3692 3717 ;

2047 3719 2429 3794 persuasione
2460 3719 2659 3794 matris
2697 3719 2986 3794 praecipue
3028 3737 3168 3787 suae,
3202 3737 3327 3791 quas
3373 3720 3565 3794 adhuc
3595 3737 3698 3794 suf

2053 3790 2304 3865 pererat,
2336 3797 2393 3865 et
2424 3790 2713 3865 consiliis'
2734 3791 3086 3865 dementata,
3120 3800 3184 3865 et
3205 3790 3238 3847 a
3282 3793 3555 3865 conjugio
3585 3793 3695 3865 viri

2048 3863 2325 3935 religione
2347 3864 2833 3919 discederet.Cum
2855 3864 2972 3918 haec
2994 3863 3334 3919 Theodorus
3349 3863 3698 3920 Christianis

2043 3937 2167 4008 jam
2198 3935 2707 4008 acquiescentibus
2731 3935 3125 4006 propalasset;
3158 3935 3398 4003 Judaais,
3431 3935 3698 4008 qui_con-

2047 4006 2194 4064 versi
2229 4006 2476 4067 fuerant,
2504 4007 2786 4062 acerrima
2831 4007 3225 4063 commotione
3274 4006 3694 4074 resistentibus,

2049 4083 2348 4148 amputata
2393 4078 2688 4133 dilationis
2752 4093 2933 4150 mora,
2983 4078 3310 4150 adrmalris
3358 4077 3696 4150 propinquae

2053 4155 2243 4207 sinum
2267 4150 2516 4206 festinus
2540 4149 2686 4220 ipse,
2719 4155 2785 4204 ut
2813 4149 2872 4204 in
2899 4149 3124 4205 somnis
3155 4150 3392 4211 viderat,
3426 4149 3697 4205 cenvola-

2050 4223 2152 4279 vit.
2181 4223 2320 4280 Post
2349 4239 2524 4294 quem
2556 4221 2770 4289 omnis,
2817 4229 3100 4294 tanquam
3141 4227 3360 4278 remoto
3409 4221 3594 4294 obice,
3625 4221 3699 4277 ad

2052 4292 2676 4366 ecclesiamfsynagoga
2700 4295 2994 4366 conﬂuxit.
3029 4292 3240 4366 Mirum
3273 4294 3454 4366 dictu,
3476 4293 3702 4349 invete-

2053 4367 2164 4421 rati
2192 4366 2348 4422 illius
2378 4365 2524 4437 legis
2551 4367 2836 4426 doctores,
2861 4365 2989 4421 sine
3020 4365 3140 4421 ulla
3159 4365 3534 4422 altercatione
3571 4381 3700 4422 ver-

2053 4439 2281 4498 borum,
2315 4438 2440 4493 sine
2475 4437 2596 4493 ullo
2635 4437 3069 4509 Scripturarum
3098 4439 3416 4494 certamine
3443 4437 3702 4494 credide-

2054 4513 2190 4566 runt
2225 4514 2493 4564 :tantum
2526 4508 2903 4581 percnnctati.
2938 4526 3011 4581 an
3043 4509 3257 4565 vellent
3287 4511 3459 4566 fidem
3489 4509 3706 4566 Christi

2055 4581 2370 4653 suscipere.
2404 4580 2637 4636 credere
2669 4597 2729 4636 se
2759 4583 2824 4653 in,
2849 4580 3072 4636 Christo
3105 4590 3158 4635 et
3180 4581 3550 4653 Christianos
3580 4581 3706 4634 fieri

2056 4651 2266 4724 cupere
2307 4653 2748 4723 profitebantur.
2797 4652 3042 4724 Centum
3094 4651 3330 4724 quidam
3366 4660 3419 4705 et
3449 4651 3614 4707 duos,
3641 4653 3705 4702 ut

2055 4721 2340 4785 asserunt,
2372 4725 2555 4780 astatis
2585 4729 2760 4792 atque
2791 4722 3068 4792 perfidiae!
3092 4737 3211 4774 suae
3246 4721 3462 4776 habens
3490 4735 3702 4786 annos,

2054 4797 2182 4851 sine
2227 4795 2398 4849 trium
2453 4790 2910 4849 commutatione
2956 4790 3286 4850 verborum,
3340 4807 3442 4861 spe
3498 4792 3701 4845 futura:

2051 4867 2178 4922 vitae
2210 4865 2400 4920 alacer
2428 4863 2780 4933 decrepitus,
2813 4870 3008 4933 optare
3040 4877 3108 4933 se
3139 4867 3203 4916 ut
3239 4863 3295 4916 in
3331 4863 3444 4917 ﬁne
3474 4865 3700 4932 tempo-

2055 4880 2178 4922 vrtaa
2210 4880 2400 4920 alacer
2428 4880 2780 4933 decrepitus,
2813 4880 2844 4916 ο
2891 4880 3008 4917 tare
3040 4880 3101 4916 se
3139 4880 3203 4916 ut
3239 4880 3295 4916 m
3331 4880 3444 4917 nne
3474 4880 3700 4932 tempo-

2055 4953 2181 4992 rum
2207 4951 2445 4990 suorum
2480 4951 2581 5004 per
2603 4933 2774 4988 ﬁdem
2807 4880 3019 4989 Cbristi
3041 4931 3115 4988 ad
3137 4933 3495 5004 spiritualem
3523 4950 3705 4990 rever-

2053 5007 2626 5071 tereturinfantiam,
2663 5005 2947 5076 nobisque
2993 5007 3315 5077 putrefacta
3367 5007 3488 5077 jam
3538 5006 3703 5062 senio

2056 5079 2403 5148 membra,ut
2434 5077 2785 5148 quantocius
2817 5075 2916 5149 per
2943 5075 3308 5149 Baptismum
3333 5075 3705 5149 regenerare-

2055 5156 2172 5210 tur,
2200 5150 2461 5219 ingessit.

2128 5223 2215 5276 17.
2252 5223 2500 5278 Fuerunt
2517 5221 2755 5292 quidam
2777 5220 2988 5286 Judaei,
3011 5221 3108 5290 qui
3127 5223 3544 5292 praetereuntes
3563 5219 3706 5277 illuc

2056 5293 2308 5366 appulsi,
2342 5293 2835 5366 opportunitatem
2869 5294 3145 5366 temporis
3177 5297 3352 5361 atque
3391 5298 3702 5366 ventorum

2056 5363 2497 5436 aucupabant‘ur
2527 5380 2540 5419 :
2578 5364 2676 5436 qui
2711 5365 3023 5435 navigandi
3054 5380 3333 5420 concessa
3361 5363 3708 5436 opportuni-‘

2053 5442 2170 5494 tate
2201 5434 2433 5493 credere
2465 5434 2821 5492 maluerunt.
2853 5434 2994 5491 Tres
3039 5437 3215 5499 igitur
3263 5434 3491 5491 tantum
3539 5434 3705 5491 femi-

2057 5527 2183 5578 nas,
2216 5511 2315 5565 sed
2350 5507 2746 5564 nobilissimas
2782 5508 3137 5575 Iudaeorum,
3185 5507 3257 5578 ad
3307 5506 3536 5562 virtutis
3587 5523 3706 5562 sua:

2055 5581 2298 5652 gloriam
2326 5581 2686 5636 dilatandam
2719 5581 2778 5635 in
2809 5579 3021 5635 duritie
3062 5577 3313 5650 perfidiae
3346 5596 3464 5633 suae
3518 5577 3711 5652 Chris-

2055 5650 2151 5735 tus
2181 5668 2520 5735 permanere
2552 5653 2982 5735 aliquantulum
3014 5667 3226 5735 passus
3249 5655 3358 5706 est.
3395 5650 3710 5734 Artemisia

2056 5720 2370 5796 siquidem,
2424 5720 2695 5790 Lectorii,
2744 5724 2845 5796 qui
2910 5720 3098 5792 nuper
3145 5720 3706 5796 hancprovinciam

2056 5793 2220 5863 reicit,
2253 5801 2310 5853 et
2341 5793 2494 5852 nunc
2543 5793 2909 5854 Comes'csse
2960 5796 3189 5857 dicitur,
3252 5793 3392 5864 filia,
3440 5793 3708 5865 conjugis

2117 5950 2134 5986 1
2168 5947 2338 6012 Forte,
2361 5948 2682 6016 perﬁdiose.
