4134 6198
474 211 588 271 831
640 194 641 197 γ

473 343 688 400 Meletii
747 342 1120 401 conversione
1169 344 1508 407 commota,
1570 358 1701 397 cum
1764 358 1881 398 una
1951 343 2126 398 ferme

472 418 663 472 amica
693 424 747 470 et
778 416 1001 470 nutrice
1034 417 1090 467 et
1121 412 1317 483 paucis
1350 412 1579 469 ancillis
1616 415 1850 468 domum
1888 414 1990 469 viri
2036 416 2123 470 sui

474 487 763 553 deserens,
798 488 865 540 ad
902 486 1212 555 quamdam
1264 490 1629 555 speluncam,
1676 485 1811 540 licet
1844 486 1900 539 in
1934 488 2126 554 vinea,

472 564 667 613 tamen
704 558 1008 612 remotiore
1028 556 1332 626 paululum
1363 556 1485 612 loco
1505 560 1635 624 sita,
1661 559 1840 612 oblita
1868 558 2124 612 femineae

472 629 834 684 inﬁrmitatis
881 629 1083 683 evasit.
1118 628 1252 682 Erat
1301 628 1357 681 in
1391 644 1457 683 ea
1498 646 1737 700 parvum
1797 645 2126 700 novumque

471 702 749 772 torcular,
784 699 1063 771 lacusque
1087 715 1269 754 novus
1312 699 1515 755 factus
1544 701 1785 771 ﬁguram
1848 699 2127 772 quodam-

474 771 648 852 modo
681 788 884 852 gerere
912 772 1200 852 credentis
1231 771 1787 852 populi_vid_ebatur.
1822 771 1942 827 Non
1965 774 2123 852 enim

472 844 615 899 istos
646 844 804 899 sicut
834 850 989 898 utres
1046 848 1292 909 veteres,
1356 844 1455 898 sed
1516 845 1665 899 sicut
1725 861 1903 899 novos
1965 845 2123 899 lacus

475 919 741 986 mustum
775 914 907 970 novi
965 914 1320 986 Testamenti
1362 916 1669 986 recepisse,
1719 920 1775 971 et
1830 917 2123 972 credimus

472 991 529 1044 et
551 985 840 1042 videmus.
877 987 941 1040 In
963 1003 1027 1040 eo
1053 986 1232 1055 igitur
1267 984 1391 1041 loco
1433 984 1566 1041 cum
1601 1004 1699 1057 per
1719 987 1962 1042 biduum
1992 1005 2123 1042 ma-

473 1065 637 1114 trona
666 1074 699 1113 a
727 1058 848 1113 viro
880 1073 985 1112 suo
1019 1057 1629 1130 offensainexorabilis
1656 1060 2075 1130 permansisset
2108 1077 2122 1128 ;

472 1136 539 1185 ut
571 1130 825 1201 primum
858 1130 1026 1183 tertia
1056 1128 1179 1183 dies
1209 1129 1420 1199 illuxit,
1456 1128 1684 1186 famulae
1742 1146 1953 1202 aquam
1989 1132 2125 1186 hau-

474 1202 589 1257 rire
621 1201 918 1269 imperavit
950 1216 962 1254 :
990 1216 1165 1271 quam
1219 1216 1352 1273 cum
1386 1203 1558 1257 odore
1597 1207 1653 1257 et
1696 1201 1901 1273 sapore
1935 1203 2125 1257 mellis

473 1273 840 1328 dulcedinem
876 1274 1085 1326 referre
1115 1272 1415 1337 sensisset,
1452 1274 1636 1344 primo
1657 1272 1889 1344 quidem
1921 1275 2123 1329 minis-

470 1349 571 1400 tras
597 1359 940 1400 succensere
983 1344 1174 1414 coepit,
1211 1352 1265 1397 et
1294 1361 1391 1399 cur
1440 1346 1496 1399 in
1542 1346 1745 1400 eodem
1794 1362 1966 1401 urceo
2008 1345 2121 1400 mel

473 1416 796 1487 iniecisset,
831 1414 1144 1485 indignans
1171 1416 1523 1485 inquirebat.
1560 1417 1867 1487 Postquam
1902 1422 2119 1484 autem,

471 1494 536 1560 ut
565 1487 728 1556 quasi
778 1494 1084 1560 negantem
1134 1487 1515 1554 convinceret,
1549 1489 1620 1543 ad
1643 1488 1851 1560 lacum
1888 1490 2072 1560 pergit
2104 1506 2116 1555 ;

471 1558 541 1615 de
571 1575 688 1630 quo
722 1558 1025 1630 paululum
1052 1559 1320 1613 concavis
1343 1561 1614 1614 manibus
1641 1558 2115 1630 hauriens,répe-

470 1631 545 1686 rit
566 1629 801 1712 aquam,
833 1646 947 1701 qua
1003 1646 1105 1701 per
1133 1629 1376 1712 biduum
1418 1647 1520 1685 usa
1581 1633 1786 1712 fuerat,
1820 1632 1881 1686 in
1927 1629 2119 1712 mellis

471 1701 805 1759 suavissimi
844 1717 1064 1755 versam
1120 1701 1510 1757 dulcedinem.
1569 1703 1869 1758 Advocans
1924 1702 2119 1773 itaque

472 1779 715 1829 cunctas
740 1790 869 1844 quae
912 1775 1168 1838 aderant,
1207 1778 1270 1827 ut
1313 1778 1614 1844 gustarent
1659 1783 1838 1844 rogat,
1874 1790 1944 1829 ne
1976 1776 2118 1829 forte

472 1845 647 1902 fallax
676 1861 851 1915 sapor
878 1844 938 1898 in
972 1845 1237 1899 faucibus
1275 1850 1505 1899 tantum
1550 1845 1733 1915 ipsius
1774 1847 2116 1900 suavitatem

471 1916 838 1973 mentiretur.
898 1916 1112 1971 Omnes
1170 1922 1471 1985 gustantes
1532 1918 1679 1971 mira
1737 1916 2118 1972 oblectatione

468 1988 858 2055 aﬁ'ectaasunt,
873 1994 936 2042 ut
968 2004 1079 2041 non
1103 2003 1313 2057 aquam
1334 1987 1524 2042 mellis
1543 2004 1750 2059 sapore
1769 1988 2114 2057 delibutam,

474 2059 576 2116 sed
609 2059 722 2115 mel
746 2059 1231 2119 sincerissimum,
1256 2059 1443 2114 solum
1472 2075 1636 2129 aquae
1669 2059 2114 2114 similitudinem

469 2136 791 2188 censerent.
823 2130 1532 2201 Stuporeigiturpercitae,
1557 2132 1698 2185 dum
1728 2132 1798 2186 ad
1826 2131 2114 2186 civitatem

469 2205 676 2259 reverti
714 2208 939 2274 parant,
972 2202 1259 2257 curiosius
1292 2206 1549 2272 agentes,
1582 2202 1758 2257 etiam
1806 2219 1993 2259 rorem
2018 2202 2115 2274 qui

472 2274 531 2330 in
556 2274 752 2329 herbis
784 2274 1053 2346 plurimis
1085 2282 1224 2334 eral,
1266 2274 1634 2346 degustatum
1668 2274 1917 2331 similem
1953 2290 2116 2345 repe-

472 2352 697 2401 rerunt.
732 2349 981 2417 Pergens
1011 2345 1202 2417 itaque
1242 2346 1321 2417 ad
1355 2345 1645 2400 civitatem
1700 2352 1964 2401 matrona
1994 2362 2115 2401 me-

473 2424 716 2485 morata,
749 2418 868 2472 haec
901 2416 1123 2472 marito
1153 2416 1375 2489 detulit,
1407 2421 1487 2489 et
1510 2434 1608 2489 per
1650 2433 1781 2472 eum
1844 2417 2117 2473 omnibus

470 2488 773 2556 indicavit,
808 2488 1124 2560 statimque
1163 2489 1235 2544 ad
1283 2488 1496 2544 Christi
1516 2488 1701 2543 ﬁdem
1756 2489 1880 2545 sine
1936 2489 2117 2560 reluc-

471 2562 688 2617 tatioue
719 2559 1042 2616 consensit.
1076 2560 1287 2615 Verum
1347 2560 1545 2615 eadem
1602 2561 1694 2614 die
1743 2576 1857 2630 qua
1904 2559 2116 2616 Meletii

472 2648 617 2688 uxor
644 2632 1095 2688 amaritudinem
1120 2631 1545 2687 incredulitatis
1569 2631 1816 2700 abjicere
1846 2647 1911 2686 ex
1947 2631 2117 2688 melle

470 2704 774 2775 compulsa
802 2708 909 2771 est,
942 2704 1161 2764 eadem,
1219 2703 1486 2773 inquam,
1525 2704 1759 2775 dieiqua
1797 2709 2117 2758 memorata

471 2774 795 2831 ﬁliarlsrael
825 2777 995 2846 quasi
1027 2776 1085 2830 in
1126 2775 1350 2830 deserto
1382 2776 1571 2846 posita
1609 2774 1776 2829 illum
1809 2774 2115 2845 antiquum

470 2851 625 2919 Mars
652 2846 849 2919 locum,
876 2848 1088 2919 injecto
1120 2848 1312 2901 crucis
1342 2845 1501 2919 ligno
1548 2845 1960 2919 obdulcescere
1987 2862 2115 2919 per-

472 2916 659 2973 sensit
680 2918 870 2987 (Exod.
902 2916 1015 2987 xv),
1040 2918 1121 2973 ita
1142 2916 1651 2989 miriﬁco‘vereque
1681 2918 1896 2975 caelesti
1927 2916 2117 2973 omnis

472 2989 720 3044 ecclesia
759 2989 933 3045 odore
997 2990 1288 3058 fragravit,
1338 2995 1401 3043 ut
1440 2991 1805 3061 praesentiam
1866 2990 2115 3061 Spiritus

472 3062 681 3127 sancti,
707 3076 884 3131 quam
916 3064 971 3116 et
993 3065 1123 3115 ante
1142 3062 1264 3129 jam
1286 3060 1616 3131 aliquoties,
1651 3062 1750 3115 sed
1777 3060 2116 3129 paucissimi

472 3147 869 3199 senseramus,
905 3133 1237 3185 fraternitas
1270 3147 1413 3202 pene
1438 3132 1709 3186 universa
1739 3132 1982 3187 sentiret
2012 3149 2025 3187 :
2060 3136 2117 3187 et

471 3204 684 3260 mirum
720 3202 1097 3258 cunctisillud
1123 3202 1252 3265 fuit,
1281 3202 1438 3273 quod
1465 3218 1564 3273 per
1593 3203 1827 3258 eosdem
1855 3203 2000 3273 dies,
2024 3220 2116 3259 se—

470 3290 613 3331 rena
644 3280 1064 3346 propemodum
1106 3273 1328 3346 jugiter
1356 3279 1749 3345 permanente,
1782 3274 2115 3329 creberrimi

469 3347 691 3402 imbres
722 3345 1204 3413 demittebantur,
1234 3351 1289 3402 et
1320 3347 1603 3417 paulatim
1634 3347 1929 3402 venientes
1953 3346 2025 3402 ad
2058 3347 2118 3401 fi-

474 3418 604 3473 dem
640 3417 850 3473 Christi
881 3417 1116 3473 Judaeos
1148 3417 1343 3488 pluvia
1374 3418 1771 3488 praecedebat:
1805 3419 1883 3473 ita
1914 3422 1979 3472 ut
2009 3418 2116 3473 hoc

470 3490 1016 3556 animadvertentes,
1066 3490 1239 3560 vulgo
1283 3491 1434 3545 inter
1473 3506 1579 3544 nos
1611 3493 1667 3544 et
1697 3491 1862 3560 quasi
1888 3490 2117 3559 jocula-

471 3562 613 3616 riter
629 3561 957 3616 diceremus
975 3576 986 3615 :
1005 3563 1140 3617 Ecce
1160 3563 1279 3631 jam
1304 3560 1690 3632 pluit,scitote
1715 3577 2114 3631 quoscumque

474 3632 705 3688 Judaaos
737 3634 807 3687 ad
840 3632 1054 3687 Christi
1087 3634 1261 3688 ﬁdem
1295 3648 1651 3687 accessuros.
1689 3632 1901 3686 Mirum
1933 3633 2114 3701 dictu,

473 3704 808 3776 frequenter
833 3706 971 3759 dum
996 3705 1187 3759 adhuc
1220 3704 1355 3776 talia
1384 3704 1776 3775 loqueremur,
1808 3721 1841 3758 a
1872 3704 2117 3776 quibus-

472 3775 604 3830 dam
636 3776 856 3830 Judais
888 3776 1213 3843 ﬁdeijanua
1238 3775 1623 3846 pulsabatur:
1658 3791 1763 3829 nec
1796 3775 2117 3839 immerito,

475 3846 628 3929 sicut
647 3848 932 3929 scriptum
965 3852 1068 3929 est,
1112 3848 1371 3929 Pluvfem
1400 3846 1783 3929 coluntariqm
1810 3847 2117 3929 segregabit

472 3918 788 3975 Mreditati
814 3934 927 3973 suae
968 3918 1228 3974 Dominus
1259 3919 1435 3986 (Psal.
1480 3935 1649 3983 van,
1696 3918 1805 3986 40).
1859 3918 2121 3988 Desuper

475 3995 641 4046 erant
674 3990 920 4057 feminae,
946 4007 1063 4061 qua
1094 3991 1154 4046 in
1186 3990 1420 4047 odorem
1448 3994 1879 4062 unguentorum
1904 3989 2117 4044 Christi

471 4077 705 4118 currere
736 4062 1103 4118 recusabant.

546 4133 633 4190 18.
668 4134 990 4190 Innocentii
1017 4132 1198 4202 illius,
1223 4134 1392 4205 cujus
1414 4150 1592 4205 supra
1610 4134 1851 4189 fecimus
1874 4133 2118 4205 mentio-

476 4221 632 4271 nem,
666 4211 935 4262 matrona
982 4222 1113 4261 cum
1157 4204 1313 4277 prole
1370 4204 1505 4275 sua,
1550 4205 1918 4277 venerabilis,
1967 4204 2119 4259 sicut

475 4277 630 4332 fama
660 4277 1127 4345 est,vidua,illico
1161 4287 1220 4332 ut
1244 4276 1893 4342 Innocentium,sororis
1916 4280 2119 4346 conju-

476 4362 631 4419 gem,
655 4365 1000 4405 conversum
1034 4366 1161 4404 esse
1189 4351 1504 4418 conspexit,
1535 4349 1727 4401 navim
1761 4350 2115 4414 conscendit,

476 4418 591 4471 non
633 4418 821 4473 solum
856 4419 1352 4488 permittentibus,
1387 4419 1488 4473 sed
1519 4419 1699 4472 etiam
1730 4419 2118 4475 suadentibus

478 4488 648 4558 nobis
682 4505 695 4552 ;
732 4490 866 4558 quia
897 4489 967 4541 ad
1002 4490 1171 4543 ﬁdem
1200 4488 1383 4542 Cbisti
1418 4505 1521 4545 nec
1547 4490 1763 4555 verbis,
1797 4506 1900 4545 nec
1945 4492 2119 4546 mira-

477 4556 625 4613 culis
648 4556 1045 4633 flecterentur.
1074 4558 1227 4614 Uxor
1266 4564 1459 4633 autem
1490 4561 1811 4617 Innocentii
1845 4578 1946 4633 per
1976 4579 2120 4633 qua-

475 4632 611 4704 tuor
640 4630 756 4704 fere
781 4630 902 4685 dies
934 4632 1174 4704 verbum
1219 4630 1448 4704 salutis,
1489 4634 1643 4702 quod
1677 4630 2114 4704 ingerebamus,

473 4701 780 4757 obduratis
829 4702 1071 4758 auribus
1115 4703 1459 4774 recepiebat.
1508 4701 1649 4759 Haec
1700 4701 1832 4758 cum
1882 4721 2116 4760 omnem

473 4788 755 4845 respuens
785 4774 1161 4842 medicinam,
1182 4774 1487 4830 insanabili
1507 4774 1931 4830 incredulitatis
1962 4777 2119 4832 vale-

472 4847 679 4919 tudine
703 4847 1148 4919 opprimeretur,
1173 4845 1470 4919 nullisque
1502 4846 1823 4919 Innocentii
1845 4848 2116 4919 conjugis

472 4915 572 4998 vel.
591 4915 901 5002 minis,"vel
922 4918 1213 5002 precibus,
1238 4918 1326 4973 vel
1350 4915 1627 5002 lacrymis
1646 4918 1861 4974 moveri
1883 4915 2076 5002 possét
2100 4936 2114 4988 ;

474 4989 763 5063 universa,
802 4989 1452 5063 Innocentio‘rogante,
1483 4990 1553 5044 ad
1598 4992 1837 5045 domum
1889 4989 1951 5063 in
2001 5008 2119 5063 qua

472 5057 791 5127 habitabat,
826 5060 1196 5116 fraternitatis
1224 5057 1538 5115 multitudo
1563 5063 1855 5128 convenit,
1890 5057 2116 5118 habens

472 5146 746 5212 magnum
778 5132 1037 5212 dolorem
1064 5132 1263 5212 animi,
1289 5134 1443 5212 quod
1475 5136 1651 5212 tanta}
1683 5132 1891 5188 laetitias
1926 5134 2117 5212 pleni-

471 5202 658 5275 tudini
690 5219 804 5257 una
833 5202 1046 5275 mulier
1084 5202 1415 5275 obsisteret,
1440 5204 1579 5275 quia
1619 5205 1739 5271 jam
1789 5202 1952 5260 soror
1990 5207 2118 5275 ejus

470 5274 778 5331 manifeste
808 5274 1146 5345 putabatur.
1181 5274 1321 5331 Cum
1369 5274 1550 5348 igitur
1580 5275 1679 5330 diu
1721 5292 1891 5331 cassa
1942 5274 2118 5332 verba

1970 207 2387 268 APPENDIX.

3756 200 3871 263 832

2236 342 2429 398 surdis
2461 340 2701 396 auribus
2733 341 3074 412 ingerentes
3100 338 3244 393 nihil
3303 336 3767 412 profecissemus,
3801 342 3867 394 ad

2237 416 2530 484 cognitum
2567 408 2840 484 orationis
2873 411 3210 484 praesidium
3260 408 3711 484 convolavimus,
3745 427 3869 479 pre-

2238 480 2450 556 cesque
2481 501 2623 555 quas
2653 480 2907 539 humana
2941 480 3571 556 repellebat‘impietas,
3609 482 3872 556 ad_ccele-

2239 551 2387 612 stem
2420 551 2883 612 misericordiam
2913 551 3193 609 vertimus
3220 551 3447 622 :itaque
3476 568 3664 621 usque
3690 552 3745 606 in
3777 553 3872 608 ho-

2239 645 2358 683 ram
2391 628 2621 683 tertiam
2658 628 2833 682 ferme
2857 628 3191 698 hymnorum
3225 622 3641 698 etporationum
3671 623 3871 698 praeliis

2235 701 2511 755 adversus
2544 699 2797 763 Amalec,
2823 694 3047 752 hostem
3077 698 3233 761 Jesu,
3268 695 3434 750 ducis
3461 694 3667 759 nostri,
3700 697 3871 751 suda-

2236 774 2313 826 vit
2345 771 2633 827 exercitus
2662 769 2856 841 (Exod.
2881 770 3040 840 xvn).
3077 769 3212 841 Inde
3236 782 3365 822 cum
3398 767 3511 841 jam
3537 781 3701 836 pene,
3724 770 3869 841 quod

2236 845 2531 898 fatendum
2582 837 2687 909 est,
2738 837 3110 912 desperantes
3158 838 3588 895 abscessionem
3641 837 3873 912 molire-

2235 931 2384 982 mur,
2418 914 2732 985 resumptis
2762 927 2995 967 rursum
3018 911 3246 985 viribus
3285 912 3604 985 orationem
3652 911 3872 985 cunctis

2232 987 2577 1051 indiximus,
2607 982 2844 1057 soloque
2871 983 3031 1057 strati
3063 984 3163 1038 diu
3196 983 3463 1057 ﬂevimus
3494 1000 3509 1049 ;
3544 984 3601 1035 et
3647 996 3780 1057 eum
3814 982 3869 1036 in

2232 1052 3046 1115 consummatione'orationis
3078 1060 3258 1109 Amen
3286 1052 3538 1124 papulus
3560 1052 3868 1109 acclamas-

2232 1140 2336 1198 set,
2378 1137 2431 1185 et
2462 1128 2561 1184 illa
2608 1128 2841 1183 credere
2881 1142 2943 1182 se
2999 1130 3055 1198 et
3111 1126 3514 1198 Christianam,
3552 1124 3676 1198 ﬁeri
3733 1124 3870 1198 velle

2232 1194 2555 1271 subjunxit.
2599 1200 2715 1255 Nos
2742 1201 2959 1268 itaque,
2981 1197 3104 1271 hac
3137 1198 3306 1253 etiam
3338 1213 3371 1251 a
3404 1194 3617 1271 diaboli
3651 1196 3869 1267 laqueis

2230 1268 2415 1340 eruta,
2451 1271 2564 1326 laeti
2596 1271 2668 1326 ad
2702 1268 3035 1325 habitacula
3067 1274 3265 1324 nostra
3296 1268 3678 1340 perreximus.

2307 1345 2388 1398 19:
2423 1344 2722 1420 Sequenti,
2746 1342 2804 1396 id
2830 1347 2917 1397 est
2937 1346 3137 1396 octava
3157 1343 3398 1420 demum
3430 1339 3677 1420 die,_qua
3708 1354 3866 1394 vene-

2229 1432 2429 1471 ramus
2458 1412 2790 1482 Jammona,
2829 1428 3087 1467 remeare
3117 1412 3447 1474 statuimus,
3482 1412 3704 1479 optima
3736 1427 3871 1480 prte-

2228 1487 2393 1542 clarae
2425 1488 2676 1541 victoriae
2709 1485 2921 1557 gaudia
2942 1488 3322 1557 reportantes.
3357 1483 3468 1557 Sed
3500 1498 3635 1557 cum
3663 1483 3782 1551 jam
3810 1482 3867 1537 in

2229 1559 2525 1630 procinctu
2562 1553 2786 1630 itineris
2808 1553 3134 1630 constituti,
3158 1556 3385 1630 civitate
3407 1553 3866 1630 digrederemur,

2227 1626 2512 1685 Dominus
2555 1628 2767 1700 populo
2809 1644 2937 1700 suo,
2972 1627 3137 1700 quasi
3173 1643 3274 1696 pro
3324 1626 3560 1700 viatico,
3591 1626 3867 1700 gaudium

2227 1704 2382 1772 quod
2415 1697 2603 1756 solum
2635 1697 2833 1772 deesse
2858 1698 3175 1772 videbatur,
3200 1697 3429 1772 adjecit.
3455 1697 3665 1772 Afﬁnis
3697 1698 3871 1767 siqui-

2226 1768 2359 1829 dem
2392 1772 2713 1827 Innocentii
2755 1771 2855 1826 illa
2903 1769 3076 1824 vidua
3112 1771 3181 1824 de
3232 1768 3438 1840 pelago
3481 1770 3722 1823 reducta
3768 1777 3870 1833 est,

2227 1862 2351 1915 quae
2383 1844 2577 1899 subito
2600 1860 2660 1898 se
2694 1843 2836 1915 meis
2858 1840 3108 1915 genibus
3129 1840 3465 1915 advolvens,
3496 1840 3627 1915 ﬁdei
3653 1850 3868 1915 nostrae

2227 1911 2508 1971 auxilium
2561 1931 2688 1970 cum
2742 1911 3016 1982 lacrymis
3079 1912 3513 1983 deprecabatur.
3564 1911 3683 1983 Cui
3718 1926 3867 1981 ego:

2228 1988 2358 2053 Cur,
2395 1988 2661 2057 inquam,
2697 1986 2906 2040 mulier
2946 1988 3106 2057 tanta
3150 1982 3349 2057 animi
3379 1983 3608 2057 levitate
3665 1982 3869 2057 fratres

2225 2064 2360 2115 tuos
2394 2054 2653 2113 deserere
2684 2057 2915 2112 voluisti
2946 2055 2973 2110 ‘?
3004 2056 3093 2110 Ad
3140 2056 3262 2110 haec
3292 2054 3430 2110 illa:
3468 2055 3534 2109 Et
3562 2057 3730 2119 Iona,
3776 2055 3872 2109 in-

2226 2133 2372 2201 quit,
2401 2130 2680 2200 propheta
2697 2146 2729 2183 a
2754 2128 2896 2201 facie
2916 2127 3353 2201 Dominifugere
3373 2126 3575 2201 voluit,
3592 2136 3648 2201 et
3670 2130 3867 2201 tamen

2225 2197 2586 2257 volun—tatem
2632 2202 2754 2266 Dei,
2805 2199 2939 2254 licet
2987 2197 3241 2265 invitus,’
3278 2197 3538 2268 implevit
3584 2199 3758 2266 (Jonas
3804 2198 3865 2268 1).

2223 2274 2461 2344 Suscipe
2484 2287 2617 2343 ergo
2648 2278 2708 2327 tu
2747 2288 2862 2326 non
2890 2269 3080 2344 solum
3114 2286 3227 2338 me,
3260 2270 3359 2344 sed
3392 2274 3450 2325 et
3469 2269 3617 2344 istas
3647 2268 3867 2344 orpha-

2225 2362 2352 2412 nas,
2373 2340 2428 2401 et
2457 2340 2684 2399 Christo
2715 2359 2813 2399 eas
2845 2343 3106 2398 nutri.Et
3135 2345 3239 2397 hoc
3260 2341 3670 2397 miserabiliter
3686 2340 3871 2396 accla-

2225 2433 2416 2483 mans,
2451 2416 2596 2470 duas
2630 2414 2779 2470 ﬁlias
2806 2431 2945 2469 suas
2976 2414 3245 2484 parvulas
3282 2414 3424 2468 mihi
3458 2428 3592 2467 cum
3630 2412 3868 2467 ﬂetibus

2224 2489 2541 2561 ingerebat.
2576 2487 2716 2550 Quis
2775 2503 2901 2561 non,
2939 2502 3060 2561 prae
3110 2485 3324 2561 gaudio
3370 2485 3532 2561 flevit
3558 2485 3586 2538 ?
3610 2484 3707 2561 cui
3741 2500 3866 2561 _non

2225 2555 2462 2617 exiorsit
2494 2556 3001 2629 lacrymaslaatitiae
3017 2555 3396 2629 magnitudo?
3425 2555 3662 2624 Suscepi
3697 2555 3869 2625 plane

2226 2648 2411 2696 ovem,
2445 2628 2623 2701 quam
2653 2646 2722 2685 ex
2751 2631 2911 2685 omni
2943 2645 3186 2701 numero
3216 2628 3408 2701 solam,
3448 2642 3670 2701 errasse
3707 2632 3870 2701 puta-

2228 2706 2434 2760 bamus
2458 2698 2480 2767 ξ
2505 2718 2745 2773 eamque
2775 2717 2907 2756 cum
2936 2700 3165 2771 gemino
3198 2701 3317 2756 fetu
3344 2700 3414 2755 ad
3447 2698 3659 2754 Christi
3692 2699 3872 2754 ovilia

2228 2789 2503 2832 I'CVOCEVI.

2294 2848 2382 2901 20.
2430 2848 2581 2901 Sane
2625 2860 2724 2915 per
2752 2843 2857 2899 hos
2886 2847 3035 2910 octo,
3068 2845 3280 2915 quibus
3330 2843 3451 2899 haec
3497 2845 3661 2914 gesta
3710 2846 3869 2906 sunt,

2227 2917 2372 2985 dies,
2411 2922 2543 2972 ante
2574 2916 2802 2972 initium
2833 2915 3319 2987 Quadragesimae,
3352 2916 3654 2987 Paschma
3707 2915 3873 2970 nobis

2228 2990 2515 3044 celebrata
2545 2992 2633 3043 est
2684 2988 3014 3043 festivitas:
3057 2986 3407 3058 quingentas
3464 2986 3762 3057 siquidem
3818 2989 3875 3040 et

2226 3060 2612 3186 tljuadraginta
2638 3060 2866 3114 animas
2894 3060 2963 3114 ad
2989 3058 3303 3114 Ecclesiam
3335 3064 3568 3115 constat
3588 3058 3873 3128 adjectae.

2257 3148 2407 3186 nane
2435 3137 2625 3186 autem
2658 3135 2714 3185 et
2753 3146 3245 3186 supervacaneum
3289 3147 3403 3186 non
3438 3145 3583 3186 reor.
3611 3135 3698 3186 ut.
3745 3145 3871 3184 cum

2257 3148 2407 3187 uane
2435 3137 2625 3186 autem
2658 3135 2714 3185 et
2753 3146 3245 3199 supervacaneum
3289 3147 3403 3186 non
3438 3145 3583 3195 reor,
3611 3135 3698 3197 ut,
3745 3145 3871 3184 cum

2227 3204 2415 3258 multa
2446 3207 2683 3275 propter
2720 3202 3013 3257 inﬁnitam
3062 3202 3286 3273 copiam
3334 3201 3779 3275 praetermisero,
3815 3201 3871 3275 in

2226 3275 2340 3330 ﬁne
2362 3270 2826 3341 commemorem,
2851 3270 3150 3329 neminem
3165 3290 3233 3329 ex
3254 3270 3417 3329 tanta
3435 3270 3873 3329 Jammonensis

2227 3346 2421 3418 populi
2460 3345 2872 3410 'multitudine,
2923 3346 3021 3414 qui
3076 3361 3177 3417 per
3223 3344 3703 3418 triginta_millia
3746 3360 3871 3414 pas-

2228 3416 2403 3473 suum
2440 3423 2576 3472 ante
2598 3425 2673 3472 tot
2695 3418 2818 3473 dies
2838 3416 3204 3484 venerat,aut
3228 3433 3428 3471 curam
3460 3416 3679 3471 domus
3734 3431 3873 3479 suae,

2228 3494 2328 3544 aut
2360 3489 2746 3560 provisionem
2772 3489 3130 3558 substantiae,
3154 3492 3257 3560 aut
3296 3488 3566 3543 desiderii
3594 3487 3871 3560 allectum

2229 3558 2551 3631 huic—operi
2586 3560 3083 3631 praatulisseJllud
3111 3559 3298 3629 magis
3322 3560 3539 3615 mirum
3571 3558 3877 3630 magisque

2269 3633 2603 3687 audendum
2637 3637 2745 3697 est,
2778 3634 2928 3703 quod
2954 3634 3139 3701 ipsam
3170 3632 3428 3687 Judaicaa
3458 3633 3641 3703 plebis
3662 3636 3877 3703 terram

2269 3649 2603 3687 auuenoum
2637 3649 2745 3697 est,
2778 3649 2928 3703 quoa
2954 3649 3139 3701 ipsam
3170 3649 3428 3687 δυαδιοω
3458 3649 3641 3702 plenis
3662 3649 3877 3687 terram

2227 3649 2326 3759 giu
2352 3703 2616 3769 inertem,
2653 3721 2807 3759 nunc
2839 3708 3033 3758 autem
3081 3704 3278 3758 recisis
3321 3701 3756 3758 incredulitatis
3787 3718 3878 3756 ve-

2229 3776 2429 3859 pribus
2469 3780 2525 3830 et
2540 3780 2763 3858 recepto
2781 3776 2951 3831 Verbi
2974 3775 3198 3858 semine
3217 3774 3599 3859 multiplicem
3622 3774 3876 3859 fructum

2223 3846 2465 3917 justitia:
2514 3847 2843 3917 germinare
2890 3846 3335 3917 conspicimus;
3373 3847 3451 3901 ita
3499 3850 3563 3900 ut
3612 3846 3880 3901 nobisin

2229 3935 2332 3988 spe
2365 3924 2649 3973 tantorum
2686 3918 2972 3974 novalium
3005 3918 3557 3989 gaudeamus,unde
3587 3918 3877 3989 insignem

2230 3990 2484 4061 perﬁdiae
2546 3989 2805 4045 eruimus
2855 3989 3059 4045 silvam
3088 4031 3102 4057 ,
3154 3988 3272 4044 illic
3320 3990 3687 4044 fertilissima
3720 3988 3878 4043 ’fidei

2229 4060 2407 4133 opera
2439 4061 2744 4130 pullulare.
2769 4061 3029 4116 Primum
3065 4060 3221 4116 enim
3252 4060 3379 4132 ipsa
3398 4075 3713 4133 synagoga}
3748 4061 3879 4115 fun-

2229 4132 2498 4188 damenta
2548 4138 2820 4200 evertere,
2873 4134 3081 4188 deinde
3147 4134 3215 4186 ad
3286 4149 3493 4187 novam
3571 4132 3878 4187 basilicam

2228 4206 2681 4260 construendam
2715 4222 2828 4260 non
2860 4204 3053 4260 solum
3084 4204 3380 4274 impendia
3415 4204 3746 4269 conferunt,
3780 4203 3875 4259 sed

2228 4278 2400 4333 etiam
2436 4276 2697 4331 humeris
2727 4294 2867 4331 saxa
2887 4282 3270 4345 comportant.

2295 4350 2384 4403 2t.
2422 4347 2548 4401 Hrec
2578 4347 2876 4403 Beatitudo
2908 4352 3091 4403 vestra
3116 4346 3207 4402 die
3239 4352 3448 4404 quarto
3471 4363 3762 4404 nonarum
3798 4346 3874 4401 fe-

2230 4418 2521 4474 brualium
2553 4421 2764 4474 virtute
2789 4419 3015 4475 Domini
3046 4419 3225 4475 nostri
3256 4418 3395 4475 Jesu
3430 4420 3643 4475 Christi
3674 4433 3873 4488 arrep-

2230 4496 2441 4556 ta,octo
2460 4491 2664 4563 diebus
2679 4491 2751 4545 ab
2763 4493 3389 4563 eodemeonsumma’ta
3400 4508 3525 4547 esse
3542 4494 3879 4563 cognoscat,

2229 4566 2361 4630 post
2398 4560 2771 4617 consulatum
2827 4562 3048 4618 domini
3102 4562 3339 4618 Honorii
3393 4560 3795 4628 undecimum,
3826 4565 3882 4615 et

2230 4632 2564 4689 Constantio
2595 4633 2805 4690 iterum
2837 4634 3073 4690 victore.
3126 4634 3510 4700 Quamobrem
3560 4634 3609 4691 si
3655 4631 3879 4703 insigni

2229 4710 2286 4778 et
2319 4705 2635 4775 peccatoris
2664 4706 2905 4778 verbum
2955 4706 3266 4778 dignanter
3296 4706 3630 4778 admittitis,
3684 4707 3878 4761 zelum

2229 4775 2447 4832 Christi
2479 4778 2788 4833 adversum
2818 4775 3075 4844 Judaeos,
3101 4777 3223 4849 sed
3274 4783 3512 4849 propter
3555 4777 3742 4849 Deum
3776 4791 3878 4849 ee-

2229 4849 2608 4919 rumdemque
2640 4853 2979 4920 perpetuam
3031 4846 3301 4917 salutem,
3346 4846 3645 4920 suscipite.
3687 4846 3882 4920 Forsi-

2228 4924 2327 4975 tan
2359 4918 2662 4990 enim’jam
2698 4918 2842 4992 illud
2888 4920 3221 4989 praedictum
3279 4921 3349 4976 ab
3399 4918 3673 4992 Apostolo
3724 4918 3881 4992 venit

2228 4995 2486 5063 tempus,
2519 5000 2582 5047 ut
2639 4991 2999 5062 plenitudine
3043 4993 3302 5062 gentium
3352 4990 3621 5063 ingressa
3687 4990 3881 5063 omnis

2229 5062 2401 5118 Israel
2435 5063 2629 5118 salvus
2662 5063 2957 5131 ﬁat(Bom.
2989 5081 3067 5129 χι,
3102 5065 3212 5132 25).
3246 5063 3315 5118 Et
3348 5064 3591 5119 fortasse
3630 5063 3787 5118 hanc
3810 5062 3878 5116 ab

2227 5140 2481 5190 extremo
2512 5140 2679 5190 terra:
2716 5136 3035 5191 scintillam
3067 5134 3249 5191 voluit
3288 5134 3574 5190 Dominus
3608 5132 3877 5197 excitari,

2230 5212 2294 5261 ut
2318 5207 2624 5332 adniversus
2654 5208 2813 5263 orbis
2858 5212 3144 5264 terrarum
3190 5205 3494 5263 cbaritatis
3542 5205 3753 5277 ﬂagret
3789 5204 3878 5260 in-

2230 5293 2332 5332 cen
2382 5293 2457 5332 to.

2229 5293 2457 5334 0611010.

1384 5501 1824 5566 ADMONITIO
1868 5504 1946 5564 IN
1989 5504 2595 5578 SUBSEQUENTES
2638 5506 2947 5570 LIBROS.

540 5737 746 5800 Incerti
793 5733 1042 5804 auctoris
1074 5749 1214 5804 sunt
1234 5747 1302 5805 de
1332 5742 1630 5805 Miraculis
1663 5748 1849 5806 sancti
1873 5741 2155 5822 Stephani
2184 5748 2453 5821 martyris
2484 5744 2617 5808 libri
2657 5744 2791 5821 duo,
2835 5760 3024 5823 neque
3053 5748 3251 5809 Evodii
3286 5750 3542 5826 episcopi
3582 5744 3879 5807 Uzalensis

472 5847 710 5900 nomen,
740 5834 833 5888 cui
864 5835 1130 5907 inscripti
1160 5853 1193 5891 a
1223 5836 1677 5894 Lovaniensibus
1708 5838 1961 5909 fuerunt,
1987 5838 2368 5910 praeferebant
2396 5841 2455 5896 in
2480 5846 2611 5899 ante
2640 5842 2796 5899 edito
2817 5841 3055 5898 Joannis
3086 5840 3406 5898 Ulimmerii
3432 5842 3647 5912 codice,
3678 5854 3881 5909 neque

464 5922 529 5979 in
561 5924 755 5978 vetere
789 5921 935 5979 libro
965 5924 1336 5983 Floriacensi.
1371 5926 1569 5985 Evodii
1585 5927 1757 6002 jussu
1786 5929 2141 6000 compositos
2162 5933 2415 5989 testatur
2441 5936 2645 5990 auctor
2664 5931 2721 5988 in
2752 5932 3014 6005 prologo,
3039 5946 3218 6005 seque
3234 5931 3407 5991 etiam
3428 5931 3553 6003 ipse
3580 5928 3647 5987 ab
3665 5929 3877 5986 eodem
