4146 6198
348 249 467 310 833

1058 251 1160 312 DE
1204 251 1625 315 MIRACULIS
1671 254 1955 316 SANCTI
1999 254 2388 318 STEPHANI
2432 258 2664 318 LIBER
2705 257 3031 323 PRIMUS.

3636 265 3755 328 83l-

348 387 563 444 Evodio
593 388 866 461 episcopo
897 387 1190 443 diversum
1222 388 1445 444 indicat
1469 388 1529 444 in
1562 395 1726 447 sexto
1777 407 1843 446 ac
1876 370 2104 448 decimo
2164 391 2335 447 tertio
2373 393 2563 464 capite
2602 391 2732 447 libri
2769 392 2941 464 primi
2971 399 3027 449 et
3055 394 3113 450 in
3146 396 3261 452 ﬁne
3298 396 3431 453 libri
3487 400 3751 458 secundi.

347 476 592 533 Proinde
622 477 681 533 in
711 482 1058 551 argumento
1089 480 1239 551 quod
1272 479 1420 536 libro
1451 479 1640 553 primo
1671 498 1704 536 a
1754 482 2036 553 scriptore
2069 482 2412 554 praefigitur,
2449 483 2684 554 quando
2717 482 3000 539 miracula
3032 485 3153 541 haec
3179 487 3457 544 dicuntur
3486 489 3750 545 mandata

344 582 549 639 quoque
575 569 793 625 notitia?
837 567 1083 639 ﬁdelium
1106 569 1173 623 ab
1202 569 1402 625 Evodio
1432 570 1492 625 in
1521 571 1761 627 Ecclesia
1795 571 1956 629 Πωιί
1984 589 1998 639 ;
2024 571 2118 627 bis
2149 572 2340 628 verbis
2374 589 2489 628 non
2520 577 2721 628 auctor
2762 573 3129 645 scriptorque
3159 576 3375 647 operis,
3407 578 3506 633 sed
3540 594 3751 635 suasor

342 665 395 714 et
422 659 774 731 approbator
803 657 905 731 qui
938 659 1114 715 scribi
1145 658 1660 732 legiquejusserit,
1695 662 1946 718 Evodius
1986 663 2375 732 significatur.
2409 663 2714 718 Nescimus
2764 668 2954 719 autem
2987 682 3059 719 an
3092 682 3239 737 opus
3269 667 3424 721 istud
3478 667 3749 726 habuerit

339 763 453 819 praa
483 748 669 806 oculis
694 749 1087 821 Augustinus,
1121 750 1356 820 quando
1386 751 1742 823 descriptum
1770 751 1858 807 hic
1890 752 1949 806 in
1982 751 2112 806 libri
2133 753 2304 822 primi
2334 752 2446 807 line
2468 752 2819 808 miraculum
2849 762 3192 809 narraturus
3222 756 3281 809 in
3313 755 3591 811 Sermone
3619 757 3745 829 523,

341 853 399 891 n.
431 837 485 907 3,
518 838 749 894 dicebat
780 837 975 911 :Apud
1000 839 1235 909 Uzalim,
1285 840 1386 895 ubi
1410 849 1489 896 est
1528 842 1812 913 episcopus
1861 845 2040 912 frater
2068 856 2221 897 meus
2258 841 2513 911 Evodius,
2549 846 2760 914 quanta
2799 844 3074 899 miracula
3107 844 3187 900 ibi
3230 846 3369 916 ﬁant
3415 848 3665 917 querite,
3696 854 3748 903 et

338 927 649 985 invenietis.
678 929 1071 985 Praalermiuis
1100 937 1284 985 autem
1313 930 1468 999 aliis,
1501 931 1684 986 indico
1713 933 1864 987 vobis
1894 946 2067 986 unum
2087 930 2228 1004 quod
2254 930 2335 987 ibi
2359 934 2569 1002 [actum
2599 941 2697 1001 est,
2724 940 2785 988 ut
2812 932 3044 989 rideatis
3073 939 3285 1006 quanta
3305 937 3375 990 sil
3398 935 3476 990 ibi
3504 951 3745 1006 praesen-

1280 1253 1554 1403 DE
1653 1249 2791 1403 MIRACULIS

330 1494 976 1609 SANC'I‘I
1121 1499 2021 1614 STEPHANI
2160 1494 3731 1613 PBO'I‘OMABTYIUS

1737 1678 2001 1783 fibri
2068 1685 2292 1783 huc.

335 1013 414 1070 lia
433 1015 748 1089 maiestatis.

1651 1844 2469 1884 ψ’

1342 1855 1901 2086 uena
2001 1945 2736 2087 PRIMUS.

320 2138 515 2187 Textus
542 2137 847 2204 divinorum
868 2150 1109 2204 operum,
1128 2152 1285 2204 quae
1303 2141 1517 2204 ostensa
1539 2141 1671 2204 sunt
1698 2136 2685 2204 perAbeatisprotomartyrisStephani
2698 2135 3003 2204 venerabile
3031 2138 3298 2204 meritum,
3316 2142 3568 2204 mandata
3594 2156 3731 2204 quo-

417 2214 483 2250 ue
506 2201 731 2250 notitiae
757 2200 1002 2250 ﬁdelium
1030 2202 1098 2250 ab
1127 2200 1324 2251 Evodio
1358 2202 1415 2249 in
1442 2201 1672 2250 Ecclesia

1742 2202 1862 2257 zali,
1893 2199 2045 2264 cujus
2075 2202 2223 2251 urbis
2250 2199 2622 2264 pontificatum
2651 2199 3059 2264 administrabat
3085 2202 3327 2252 sacerdos
3353 2199 3727 2264 dignissimus;

424 2263 593 2313 urelio
622 2265 749 2313 tunc
777 2264 1029 2326 temporis
1058 2265 1353 2326 Augustino
1376 2264 1520 2327 apud
1547 2264 1841 2327 Hipponem
1868 2261 2164 2315 dominicae
2192 2261 2414 2314 sationis
2442 2263 2806 2327 diapensatore
2834 2261 3139 2313 constituto.

1735 2370 2312 2417 ww

979 2473 1308 2530 PROLOGUS.

387 2543 668 2610 Quoniam
704 2548 947 2617 sanctus
975 2545 1228 2617 Raphael
1261 2545 1498 2617 angelus
1529 2562 1634 2601 nos
1666 2546 1965 2603 adhortari

316 2614 613 2686 dignatur,
638 2620 697 2670 ut
719 2632 891 2685 opera
921 2616 1021 2673 Dei
1045 2614 1158 2672 non
1191 2622 1307 2671 tam
1330 2614 1388 2672 in
1421 2617 1763 2674 abscondito
1794 2620 1969 2675 collo-

317 2702 541 2753 cemus,
567 2703 736 2754 quam
766 2687 958 2762 potius
982 2705 1085 2759 pro
1114 2689 1210 2762 Dei
1235 2688 1420 2759 gloria
1441 2690 1500 2743 in
1525 2694 1722 2758 aperto
1755 2693 1969 2762 panda-

314 2772 480 2831 must
503 2772 746 2831 monens
786 2764 843 2813 et
890 2760 1108 2821 dicens,
1142 2760 1566 2815 Sacramentum
1596 2764 1738 2831 regis
1756 2760 1971 2818 bonum

314 2834 395 2904 ast
425 2828 779 2904 abscondere,
809 2847 982 2904 opera
1011 2837 1194 2886 autem
1228 2834 1323 2887 Dei
1359 2834 1604 2887 revelare
1633 2828 1686 2886 et
1724 2836 1974 2904 conﬁteri

314 2899 677 2975 honoriﬁcum
698 2899 945 2975 estlTob.
960 2919 1068 2975 7x11,
1091 2903 1175 2974 7);
1201 2905 1337 2974 quia
1360 2906 1513 2959 sicut
1533 2904 1780 2975 cognitis
1798 2899 1972 2961 tidem

314 2986 428 3025 non
464 2970 741 3027 adhibere
774 2970 1139 3030 inﬁdelitatis
1164 2970 1273 3040 est,
1304 2975 1385 3029 ita
1426 2970 1759 3031 invidentia
1790 2982 1879 3032 est
1910 2978 1968 3033 in

312 3040 755 3097 aedificationem
807 3045 1056 3116 aliorum
1108 3045 1258 3100 nolle
1304 3047 1540 3116 cognita
1595 3047 1907 3116 praedicare
1949 3065 1963 3101 :

315 3119 641 3188 propterea,
674 3115 1011 3188 beatissime
1041 3133 1191 3188 papa
1238 3116 1434 3185 Evodi,
1475 3115 1660 3187 jussis
1702 3119 1967 3174 Paterni-

315 3183 450 3260 t_atis
500 3190 624 3260 tuas
673 3186 928 3260 studiose
979 3183 1378 3260 obtemperare
1422 3183 1637 3257 curavi,
1691 3207 1804 3246 non
1842 3194 1963 3246 tam

309 3256 722 3330 ﬂsus_viribu_s
771 3259 940 3330 meis,
993 3256 1463 3330 quam—adjutus
1521 3256 1710 3330 gratia
1767 3261 1868 3315 Dei
1909 3274 1962 3316 et

308 3326 524 3382 sanctis
553 3328 916 3399 orationibus
946 3326 1099 3394 tuis;
1135 3332 1196 3383 ut
1237 3326 1311 3384 ea
1348 3346 1475 3399 quas
1510 3326 1609 3397 per
1656 3340 1963 3399 patronum

309 3402 577 3453 nostrum
610 3396 974 3468 Stephanum
1001 3400 1256 3470 primum
1282 3396 1593 3467 martyrem
1626 3396 1800 3454 suum
1834 3417 1963 3470 ope.

312 3474 473 3523 ratus
505 3471 596 3523 est
624 3470 775 3539 apud
809 3486 915 3525 nos
946 3470 1226 3538 Christus,
1260 3474 1317 3524 et
1354 3471 1548 3524 adhuc
1598 3472 1823 3540 cperari
1873 3472 1964 3525 di-

309 3545 546 3612 gnatur,
572 3555 684 3595 non
719 3540 987 3595 malivola
1023 3542 1412 3597 taciturnitate
1444 3543 1824 3612 supprimere,
1851 3558 1962 3612 quo

310 3610 494 3668 caeteri
530 3612 975 3678 fraudarentur;
1009 3613 1108 3668 sed
1146 3612 1328 3683 magis
1361 3613 1457 3682 pia
1495 3610 1795 3669 devotione
1828 3610 1964 3668 nar-

313 3698 457 3751 rare,
489 3682 819 3755 quosAmici
852 3684 946 3738 Dei
969 3684 1149 3755 gloria
1181 3682 1449 3739 fraternis
1470 3684 1711 3739 auribus
1739 3685 1965 3741 intime-

309 3759 436 3809 tur:
472 3769 577 3828 nec
606 3754 849 3828 ingenio
872 3764 928 3828 et
961 3754 1160 3824 lingua
1191 3755 1386 3826 aliqua
1417 3755 1586 3828 quasi
1615 3771 1966 3828 exaggerare

354 3827 857 3899 rasvalentesrsed
893 3827 1154 3899 ipsarum
1187 3842 1380 3882 rerum
1428 3827 1751 3899 veritatem,
1776 3827 1965 3899 prout

363 3913 467 3951 eus
487 3898 807 3966 donaverit,
834 3898 1081 3953 ﬁdeliter
1104 3899 1390 3967 explicare
1410 3898 1726 3968 cupientes,
1756 3906 1819 3954 ut
1840 3901 1966 3966 ipsa

320 3974 518 4024 nostra
539 3969 797 4024 narratio
829 3986 943 4025 non
976 3975 1093 4025 tam
1118 3971 1424 4025 verborum
1449 3986 1719 4041 pompam
1753 3973 1967 4026 audeat

319 4041 708 4112 quaerere,sed
734 4041 929 4112 potius
953 4042 1385 4098 mendaciorum
1409 4041 1602 4097 fucum
1618 4043 1852 4098 studeat
1872 4043 1964 4098 de-

318 4111 668 4185 clinare;_ita
698 4111 762 4185 ut
785 4112 1137 4183 ubicumque
1161 4130 1251 4168 res
1276 4112 1675 4185 postulaverit,
1699 4113 1958 4184 ipsorum

313 4186 550 4255 quoque
568 4182 874 4239 hominum
898 4182 1091 4248 verba,
1108 4182 1349 4240 sicutab
1371 4185 1455 4241 eis
1477 4184 1631 4239 dicta
1653 4182 1964 4253 sunt,sim-

315 4254 556 4329 pliciter
594 4271 805 4329 ponere
857 4272 969 4329 non
1030 4256 1347 4329 debeamus
1387 4256 1745 4312 erubescere.
1779 4257 1964 4329 Magis

314 4326 469 4382 enim
506 4326 734 4399 placent
765 4327 934 4383 bonis
956 4344 1022 4382 ac
1045 4327 1330 4399 religiosis
1351 4344 1739 4399 quaecumque
1759 4326 1960 4383 dir-un-

315 4405 411 4452 tur
439 4414 595 4471 vera,
620 4398 1042 4471 etiam_vitiosis
1073 4398 1283 4464 verbis,
1305 4416 1481 4471 quam
1511 4399 1659 4454 falsa
1692 4399 1883 4469 politis
1906 4405 1963 4456 et

313 4469 536 4524 ornatis
564 4470 763 4543 verbis.
800 4469 947 4543 Sane
971 4486 1084 4525 non
1113 4473 1184 4525 ob
1209 4469 1453 4528 hoc—nos
1484 4471 1779 4543 quispiam
1810 4471 1962 4527 arbi-

311 4544 496 4614 tretur
527 4539 781 4614 voluisse
810 4540 921 4614 ista
952 4558 1206 4614 narrare,
1240 4544 1410 4612 quasi
1450 4539 1668 4612 aliquid
1706 4560 1810 4599 nos
1840 4543 1964 4614 glo-

313 4612 413 4685 ria:
434 4612 599 4685 beato
641 4612 876 4685 Martyri
908 4613 1215 4668 videamur
1247 4618 1556 4685 praestare:
1588 4612 1962 4685 quandoqui-

312 4684 444 4738 dem
463 4682 548 4738 illi
568 4700 671 4739 nec
688 4682 929 4739 tacendo
947 4685 1196 4751 demere,
1217 4682 1620 4755 necloquendo
1638 4682 1959 4756 quidquam

310 4770 626 4827 possumus
660 4757 940 4810 conferre.
965 4757 1093 4825 ipsa
1124 4756 1339 4826 quippe
1369 4759 1648 4810 virtulum
1683 4756 1963 4812 miracula

310 4826 757 4882 nullohumanaa
773 4828 981 4897 linguae
1004 4827 1560 4898 praeconioindigent
1577 4828 1727 4896 ;jam
1744 4828 1960 4899 ubique

307 4904 714 4970 personantem
747 4904 1023 4954 exserunt
1050 4899 1251 4954 tubam
1272 4915 1284 4954 :
1305 4899 1419 4970 sed
1444 4903 1674 4954 tantum
1703 4904 1958 4956 nostram

308 4970 670 5025 devotionem
696 4971 766 5024 ad
788 4971 1029 5025 fratrum
1053 4969 1491 5025 aedificationem
1508 4987 1606 5041 pro
1631 4970 1961 5041 recipienda

307 5041 653 5098 obedientiaa
703 5044 964 5098 mercede
1013 5058 1142 5097 cum
1193 5041 1516 5097 humilitate
1555 5042 1826 5098 volumus
1856 5042 1957 5097 de-

309 5120 656 5184 monstrare,
681 5117 1009 5168 metuentes
1030 5129 1262 5184 quoque
1283 5114 1436 5184 quod
1462 5114 1534 5168 ab
1560 5115 1685 5183 ipso
1708 5112 1957 5169 Domino

307 5182 560 5254 legimus
594 5184 932 5240 terribiliter
960 5182 1183 5239 dictum
1209 5182 1351 5251 esse,
1376 5187 1436 5241 Si
1464 5202 1558 5241 vos
1579 5186 1847 5253 tacebitis,
1872 5186 1955 5241 la-

296 5257 459 5328 pides
507 5257 828 5311 clamabunt
877 5257 1030 5328 (Luc.
1062 5273 1177 5323 x1x,
1221 5257 1345 5328 40).
1375 5257 1579 5320 Quaeso
1628 5262 1819 5312 autem
1852 5273 1955 5313 vos

305 5344 528 5397 omnes,
563 5333 850 5401 quotquot
882 5327 1002 5401 haec
1032 5328 1229 5401 audire
1267 5327 1354 5383 vel
1386 5328 1574 5401 legere
1608 5329 1698 5399 pie
1724 5344 1790 5384 ac
1810 5327 1951 5401 reli-

304 5401 461 5471 giose
491 5398 810 5467 volueritis,
844 5404 909 5471 ut
938 5399 1113 5469 hujus
1150 5398 1701 5471 peccatorisultimi,
1724 5398 1821 5469 qui
1846 5398 1954 5456 hoc

304 5470 363 5526 in
396 5471 634 5543 nomine
665 5470 896 5527 Domini
927 5470 1164 5541 scripsi,
1190 5488 1422 5543 semper
1465 5470 1525 5543 in
1570 5474 1788 5543 sanctis
1820 5485 1952 5543 ora-

303 5542 563 5599 tionibus
594 5545 799 5598 vestris
832 5543 1168 5599 meminisse
1197 5541 1515 5613 dignemini
1548 5558 1562 5597 :
1596 5546 1653 5597 et
1683 5542 1729 5597 si
1762 5541 1953 5612 quida

304 5614 472 5669 nobis
519 5614 813 5671 rusticiter
860 5616 1170 5685 profertur,
1224 5630 1335 5671 non
1382 5613 1810 5685 indignemini;
1851 5613 1948 5668 sed

303 5689 552 5751 tantum,
586 5687 725 5756 quia
748 5687 1029 5743 veraciter
1057 5687 1290 5751 dicitur,
1322 5685 1716 5742 delectemini.

302 5756 530 5813 CAPUT
562 5755 859 5814 PRIMUM.
892 5788 960 5798 ——
991 5760 1068 5812 De
1111 5760 1362 5829 ampulla
1399 5759 1689 5827 sanguinis
1717 5755 1951 5824 famulae

728 5831 831 5885 Dei
850 5845 958 5899 per
983 5832 1254 5884 somnium
1281 5835 1517 5885 ostensa.

371 5899 510 5972 Cum
540 5899 714 5972 igitur
745 5900 934 5955 adhuc
978 5900 1171 5972 nullus
1219 5902 1424 5955 saltem
1459 5917 1660 5955 rumor
1702 5915 1951 5972 essegpo-

300 5970 534 6040 tuisset,
570 5970 697 6043 'quo
746 5972 813 6028 ad
865 5986 970 6027 nos
1016 5971 1282 6043 indignos
1328 5972 1557 6028 Domini
1602 5971 1788 6030 sancti
1820 5970 1947 6028 Ste-

2080 2472 2279 2546 phani,
2315 2473 2370 2527 in
2413 2473 2687 2544 martyrio
2734 2471 2897 2546 primi
2928 2472 3282 2546 confessoris
3319 2474 3555 2540 Christi,
3589 2474 3725 2531 relio

2080 2544 2232 2616 quire
2262 2549 2514 2600 venturae
2546 2550 2744 2616 essent
2770 2545 2916 2614 (non
2947 2545 3103 2599 enim
3136 2544 3245 2601 hoc
3276 2546 3398 2601 ﬁeri
3431 2563 3598 2615 posse
3629 2551 3731 2603 aut

2080 2615 2138 2672 in
2187 2616 2537 2688 cogitatione
2586 2615 2971 2689 habebamus,
3022 2620 3124 2670 aut
3171 2616 3455 2687 suspicari
3496 2624 3730 2689 potera-

2079 2689 2236 2759 mus)
2264 2686 2283 2743 Ξ
2312 2703 2444 2744 ecce
2469 2703 2537 2742 ex
2563 2686 2831 2743 anteriori
2857 2693 3117 2758 tempore
3139 2686 3310 2758 cmpit
3340 2686 3732 2757 idem—glorio-

2081 2777 2181 2815 sus
2212 2759 2556 2830 quibusdam
2592 2759 2746 2830 apud
2783 2775 2883 2830 nos
2915 2759 3137 2813 sanctis
3184 2760 3397 2815 animis
3442 2776 3504 2815 se
3535 2761 3729 2830 ipsum

2080 2829 2350 2886 revelare.
2386 2830 2532 2887 Nam
2565 2829 2696 2885 cum
2731 2829 2985 2901 quodam
3020 2830 3142 2885 loco
3170 2831 3256 2887 vel
3287 2832 3379 2888 die
3408 2829 3598 2887 sermo
3630 2849 3732 2888 su-

2078 2903 2471 2973 pradictarum
2524 2900 2917 2973 reliquiarum
2951 2900 3022 2956 ab
3057 2902 3149 2956 his
3193 2902 3372 2959 servis
3412 2903 3509 2957 Dei
3545 2903 3728 2972 fieret,

2078 2971 2177 3045 qui
2211 2976 2444 3029 easdem
2477 2973 2715 3045 sibimet
2736 2974 2806 3028 de
2829 2971 3081 3045 Orientis
3108 2974 3372 3045 partibus
3398 2974 3608 3031 missas
3631 2971 3729 3031 no?

2076 3043 2166 3118 bis
2200 3045 2597 3118 nescientibus
2630 3044 2940 3111 habebant,
2975 3043 3250 3118 aditu’it_in
3283 3061 3553 3100 sermone
3580 3063 3733 3118 qua:-

2074 3116 2207 3170 dam
2231 3116 2405 3171 etiam
2440 3116 2671 3182 mulier,
2704 3131 2870 3188 sacra
2904 3115 3123 3169 famula
3153 3114 3292 3184 Dei;
3328 3133 3457 3188 quae
3492 3114 3730 3174 ubi—hoc

2072 3188 2316 3255 audivit,
2348 3192 2409 3243 ut
2439 3188 2668 3243 evenire
2714 3187 2949 3255 assolet,
2993 3202 3105 3241 non
3158 3188 3321 3243 facile
3349 3187 3637 3257 credidit,
3672 3196 3732 3246 ot

2072 3259 2223 3333 apud
2259 3259 2634 3329 semetipsum
2668 3258 2844 3313 tacite
2875 3259 3067 3333 dicere
3093 3259 3263 3333 cmpit
3295 3277 3315 3333 :7
3346 3260 3409 3316 Et
3457 3263 3588 3333 quis
3618 3261 3729 3318 scit

2073 3330 2119 3382 si
2149 3344 2283 3400 vere
2318 3336 2638 3400 martyrum
2673 3338 2809 3400 sunt
2843 3329 3100 3398 reliquiae
3123 3329 3381 3400 ?rStatim
3412 3329 3609 3387 autem
3642 3349 3729 3390 se-

2115 3399 2269 3452 uenti
2303 3398 2598 3467 nocte'per
2620 3398 2916 3470 somnium
2947 3398 3207 3468 ampulla
3237 3403 3503 3470 quaedam
3536 3404 3725 3460 eidem

2115 3414 2268 3452 uenti
2303 3414 2471 3453 nocte
2502 3414 2598 3467 per
2620 3414 2916 3452 somnium
2947 3414 3207 3468 amputta
3237 3414 3503 3470 quaedam
3536 3414 3725 3460 eidem

2072 3414 2510 3541 gemonstratur
2539 3469 2692 3541 intra
2724 3484 2787 3521 se
2820 3467 3040 3521 habens
3072 3472 3378 3541 sanguinis
3405 3473 3727 3541 quamdam

2070 3539 2463 3610 aspersionem
2496 3544 2553 3592 et
2584 3538 3085 3611 aristarumquasi
3112 3538 3323 3594 ossium
3349 3538 3725 3611 signiﬁcatio-

2073 3608 2236 3666 nem:
2263 3626 2442 3683 quam,
2459 3610 2755 3683 presbyter
2777 3608 3013 3683 quidam
3037 3624 3207 3664 manu
3228 3608 3722 3683 tenensgermano

2071 3684 2198 3752 ejus
2224 3679 2506 3736 monacho
2537 3679 2648 3734 illa
2670 3684 2951 3751 praesente
2981 3679 3211 3735 locutus
3240 3689 3329 3737 est
3349 3679 3548 3739 dicens
3575 3700 3589 3739 :
3619 3684 3724 3743 Vis

2073 3754 2220 3809 scire
2250 3753 2539 3825 quomodo
2565 3752 3232 3825 martyrumprobentur
3267 3754 3521 3825 reliquiae
3544 3756 3573 3811 ?
3601 3756 3724 3820 Quo

2072 3826 2226 3881 dicto
2240 3823 2561 3898 ampullam
2581 3824 2707 3894 ejus
2725 3825 2809 3877 ori
2828 3823 3117 3898 injecit,et
3142 3840 3265 3898 mox
3296 3823 3723 3898 ﬂammaignis‘

2072 3913 2172 3967 per
2194 3913 2387 3970 aures
2403 3896 2532 3966 ejus
2566 3902 2742 3970 atque
2772 3896 2970 3970 oculos
3001 3896 3185 3970 svomi
3210 3897 3398 3967 coepit.
3434 3902 3549 3953 Hoc
3569 3896 3723 3970 'quo-

2073 3965 2246 4023 modo
2263 3984 2354 4023 res
2376 3965 2500 4037 ipsa
2518 3965 2888 4021 manifestata
2902 3965 3575 4038 sitidignanter—accipile.
3598 3965 3725 4028 Am-

2072 4039 2298 4112 pullam
2325 4040 2478 4094 sicut
2500 4038 2688 4112 oculis
2719 4038 2845 4093 suis
2875 4037 3014 4091 vidit
3043 4037 3254 4095 ancilla
3286 4040 3383 4095 Dei
3417 4037 3472 4094 in
3505 4042 3719 4097 somnii

2071 4109 2440 4183 revelatione,
2465 4109 2547 4183 sic
2579 4109 2731 4183 inter
2762 4124 3130 4183 manussuas
3161 4112 3383 4183 accepit
3415 4118 3614 4183 postea
3635 4130 3722 4170 sa-

2071 4184 2273 4239 cerdos
2303 4181 2403 4236 Dei
2431 4183 2489 4235 in
2525 4181 2710 4254 ipsius
2734 4180 2815 4234 rei
2841 4178 3327 4254 manifestatione';
3359 4178 3596 4254 et'quod
3621 4185 3722 4240 illa

2070 4254 2385 4325 quamdam
2414 4252 2835 4325 dubitationem
2856 4251 3016 4323 prius
3040 4252 3096 4325 in
3122 4268 3183 4307 se
3205 4252 3431 4322 habuit,
3454 4251 3721 4312 eamdem

2071 4322 2303 4381 nuncin
2325 4323 2678 4397 quibusdam
2699 4339 2790 4379 res
2813 4322 2942 4394 ipsa
2962 4322 3297 4397 declaravit.
3323 4327 3484 4390 Quod
3510 4327 3720 4383 deinde

2070 4397 2224 4468 ignis
2247 4395 2534 4469 per‘arnpu
2546 4395 2682 4450 llam
2705 4410 2879 4469 aures
2902 4400 3075 4469 atque
3098 4395 3298 4469 oculos
3330 4398 3722 4469 comprehen-

2070 4466 2176 4535 d'it,
2211 4466 2349 4539 quid
2374 4466 2532 4523 aliud
2559 4474 2694 4523 tunc
2716 4466 3107 4537 prresignavit,
3130 4467 3241 4540 nisi
3266 4471 3419 4539 quod
3446 4466 3720 4540 pradica-

2069 4540 2151 4594 tio
2182 4547 2511 4594 sanctarum
2545 4540 2925 4609 reliquiarum
2958 4539 3296 4609 perveniens
3327 4543 3393 4596 ad
3425 4539 3491 4597 os
3522 4558 3722 4598 mona-

2068 4611 2334 4686 chorum,
2371 4626 2551 4686 unum
2583 4608 2794 4686 eorpus
2826 4608 3221 4686 Ecclesiaa_per
3249 4614 3515 4667 auditum
3547 4619 3721 4686 atque

2068 4683 2258 4737 visum
2284 4680 2564 4737 claritatis
2589 4683 2683 4736 Dei
2708 4682 2841 4751 igne
2864 4683 3182 4746 succendit,
3209 4688 3271 4735 ut
3290 4699 3494 4737 omnes
3515 4680 3719 4740 merito

2070 4754 2350 4821 dicerent,
2377 4755 2533 4809 Sicut
2552 4753 2882 4819 audivimus,
2912 4756 2994 4807 ita
3015 4758 3065 4805 et
3094 4753 3327 4807 vidimus
3349 4754 3520 4822 (Psal.
3542 4770 3717 4822 xnvrr,

2066 4826 2167 4896 9)?
2198 4826 2312 4881 Nec
2344 4826 2497 4897 quod
2521 4824 2620 4877 ille
2652 4824 2951 4897 presbyter
2973 4822 3378 4897 apparuit,qui
3402 4826 3472 4897 ad
3508 4840 3572 4897 os
3595 4840 3717 4878 mo-

2068 4893 2240 4953 nachi
2263 4893 2585 4966 ampullam
2611 4893 2912 4966 applicuit,
2937 4908 3064 4963 quas
3086 4893 3279 4966 ignem
3303 4893 3516 4962 emisit,
3545 4895 3719 4952 inane

2066 4969 2195 5023 fuit.
2230 4972 2283 5020 ls
2315 4963 2470 5020 enim
2502 4970 2621 5018 erat
2658 4963 2751 5033 qui
2786 4978 2972 5033 nuper
2999 4979 3067 5018 ex
3096 4963 3331 5018 Oriente
3376 4966 3627 5032 rediens,
3662 4971 3720 5022 et

2066 5038 2136 5093 de
2166 5039 2384 5093 sanctis
2416 5032 2683 5104 reliquiis
2712 5050 2857 5104 quas
2887 5032 3005 5088 illic
3033 5032 3276 5098 viderat,
3309 5034 3367 5090 in
3400 5052 3497 5091 ore
3528 5053 3719 5093 servo—

2065 5125 2192 5164 rum
2230 5108 2324 5165 Dei
2359 5107 2601 5161 verbum
2626 5121 2873 5177 ponens,
2896 5104 3065 5177 quasi
3089 5105 3404 5177 ampullam
3436 5108 3715 5176 admovit,

2062 5190 2115 5236 et
2138 5186 2336 5235 sancto
2363 5180 2493 5250 igne
2515 5177 2835 5233 succendit.
2854 5177 2967 5250 Sed
2990 5176 3113 5250 jam
3139 5177 3342 5250 vellem
3368 5179 3437 5233 ad
3470 5180 3714 5234 eviden-

2062 5251 2212 5307 tiora
2228 5260 2281 5307 et
2311 5248 2713 5307 manifestiora
2746 5249 2971 5319 patroni
3004 5248 3284 5320 Stephani
3318 5250 3567 5305 transire
3598 5251 3717 5306 mi-

2064 5324 2282 5389 racula,
2306 5322 2419 5379 nisi
2446 5323 2515 5376 ad
2553 5336 2673 5376 rem
2701 5322 2988 5391 pertinere
3019 5319 3440 5389 existimarem,
3470 5322 3714 5379 alteram

2062 5395 2254 5451 adhuc
2284 5393 2588 5450 Sanctitati
2646 5396 2845 5464 vestras
2891 5393 3147 5464 proferre
3191 5391 3498 5447 visionem.
3536 5396 3713 5459 Quam

2060 5473 2192 5538 peto
2217 5475 2275 5521 ut
2302 5466 2614 5538 patienter,
2635 5467 2693 5518 et
2720 5463 2872 5519 sicut
2892 5462 3165 5533 arbitror,
3191 5480 3304 5519 non
3329 5464 3712 5537 infructuose,

2060 5535 2263 5594 audire
2295 5535 2638 5609 dignemini.

2056 5610 2289 5667 CAPUT
2324 5606 2394 5664 ll.
2426 5640 2495 5649 —
2529 5606 2635 5665 Ubi
2660 5607 2871 5678 virgini
2915 5612 3137 5662 sanctus
3176 5606 3492 5679 Stephanus
3527 5624 3714 5681 appa-

2814 5681 2953 5738 ruit.

2126 5752 2255 5808 Alia
2272 5756 2465 5809 autem
2488 5753 2646 5823 virgo
2660 5766 2827 5808 sacra
2849 5750 2920 5806 ad
2939 5748 3128 5808 locum
3153 5749 3533 5823 antiquorum
3558 5768 3709 5809 mar-

2123 5916 2159 5987 i.
2184 5912 2271 5988 Sic
2297 5913 2645 5965 Floriacensis
2688 5911 2781 5962 Ms.
2808 5912 2879 5961 At
2897 5911 3044 5973 editi,
3079 5919 3130 5961 et
3150 5924 3282 5962 mox
3305 5911 3544 5979 ﬂamma
3570 5926 3706 5964 san-

2051 5991 2274 6042 guinis.
