4134 6198
246 192 418 279 “837

299 355 539 429 jusdam
573 352 789 410 montis
805 364 1146 429 ascensum,
1181 352 1335 429 unde
1365 349 1522 429 nulla
1552 350 1662 429 sibi
1689 357 1839 429 esset
1869 350 1956 407 fa-

307 422 499 484 cultas
551 423 871 492 remeandi,
904 422 1105 479 nullus
1146 424 1336 479 exitus
1382 423 1684 480 evadendi.
1720 423 1799 478 Ex
1839 439 1955 493 quo

311 497 644 572 quidraliud
694 497 1223 572 demonstra-batur,
1255 511 1434 566 quam
1478 501 1540 550 ut
1586 494 1753 550 sciret
1786 499 1957 565 atque

311 566 663 641 intelligeret
692 567 750 621 in
772 566 1073 641 angustiis
1106 582 1510 641 pressurarum
1552 583 1803 641 suarum
1842 583 1955 641 non

312 637 663 707 humanum,
689 638 792 695 sed
814 637 997 693 solius
1018 639 1116 691 Dei
1141 638 1331 694 deberi
1356 654 1610 708 quaerere
1633 637 1910 692 auxilium
1933 637 1961 693 Ἰ

312 718 576 782 Namque
601 710 944 782 apparuisse
974 708 1085 782 sibi
1109 709 1193 782 ait
1214 712 1526 782 quamdam
1562 710 1859 764 reverendi
1882 710 1961 763 vi—

308 800 410 840 sus
439 779 744 847 feminam,
767 797 895 852 quas
926 779 1053 852 sibi
1071 781 1155 835 sic
1185 781 1399 837 afflicto
1428 786 1487 836 et
1516 782 1779 836 dolorum
1805 798 1963 836 ama-

309 856 567 911 ritudine
614 851 850 924 repleto,
901 851 1153 922 speciem
1202 853 1319 924 ﬁci
1358 855 1626 920 traderet,
1661 869 1760 921 per
1794 855 1961 921 cujus

309 926 639 983 dulcedinis
668 923 1506 995 signiﬁcationemspiritualis
1540 925 1737 995 gratiae
1770 925 1963 995 perci—

310 993 869 1071 peretsuavitatern.
904 993 1270 1071 Undeetiam
1304 993 1578 1071 ﬁduciam
1610 993 1959 1071 impetrandi

310 1066 605 1140 accipiens
652 1067 923 1140 precibus
973 1066 1300 1134 insistebat,
1342 1074 1401 1123 et
1434 1066 1738 1123 sanitatem
1790 1068 1870 1140 ab
1894 1083 1961 1122 ea

313 1139 565 1214 petebat.
600 1139 817 1214 Atilta,
846 1142 1204 1214 quaetypum
1238 1141 1439 1214 procul
1483 1140 1660 1195 dubio
1691 1139 1963 1214 gestabat

310 1208 603 1275 Ecclesiae,
636 1210 823 1274 Modo,
847 1208 1290 1281 inquit,accede
1312 1211 1383 1265 ad
1416 1216 1680 1267 sanctum
1702 1208 1959 1281 Stepha-

313 1300 479 1352 num,
505 1290 563 1339 et
592 1283 763 1337 faciet
786 1291 838 1336 te
869 1296 1099 1352 sanum.
1123 1280 1283 1344 Quod
1309 1282 1528 1337 dictum
1555 1282 1685 1337 tacti
1713 1280 1857 1337 ﬁdes
1875 1290 1961 1337 est

311 1351 806 1413 subsecuta.Nam
831 1367 961 1425 cum
988 1351 1088 1406 illa
1103 1353 1446 1425 discederet,
1462 1358 1518 1408 et
1538 1354 1663 1425 ipse
1686 1360 1814 1423 post
1834 1370 1959 1425 eam

311 1428 563 1499 relinqui
595 1425 885 1499 sedolens
905 1423 1140 1499 diceret.
1170 1424 1424 1499 Dimittis
1447 1423 1642 1499 me,'et
1669 1424 1838 1480 ducis
1859 1430 1913 1480 te
1934 1423 1961 1479 (ἒ

312 1514 445 1555 ecce
473 1493 631 1553 videt
660 1495 841 1562 illam,
875 1495 1029 1551 sicut
1058 1493 1143 1549 illi
1178 1496 1543 1564 promiserat,
1576 1497 1648 1551 ad
1692 1502 1960 1552 sanctum

310 1571 677 1643 Stephanum
711 1568 1082 1643 accedentem
1115 1571 1173 1623 et
1202 1583 1304 1637 pro
1335 1583 1395 1622 se
1440 1572 1743 1643 rogantem
1776 1585 1841 1623 ac
1872 1568 1962 1622 di-

312 1638 537 1700 centem
579 1640 671 1696 his
701 1639 928 1694 verbis:
964 1638 1119 1709 Rogo
1149 1644 1205 1709 te
1237 1654 1338 1709 per
1374 1641 1745 1695 sanctitatem
1776 1645 1961 1705 tuam,

311 1731 450 1770 cura
478 1712 645 1768 illum
673 1728 686 1779 ;
722 1711 997 1766 miserere
1027 1708 1113 1764 illi
1142 1708 1187 1776 ⁸,
1221 1708 1495 1765 miserere
1529 1710 1782 1766 ﬁliorum
1810 1712 1960 1779 eius,

308 1786 494 1842 libera
534 1784 831 1840 hominem
875 1783 1245 1837 innocentem
1287 1782 1357 1836 de
1388 1782 1782 1838 tribulatione.
1814 1782 1959 1837 Tum

311 1858 478 1913 illum
512 1856 609 1924 qui
642 1855 955 1924 rogabatur
975 1853 1117 1907 vidit
1138 1853 1217 1908 ad.
1233 1869 1295 1908 se
1317 1858 1493 1924 atque
1524 1855 1593 1908 ad
1629 1854 1961 1909 cubiculum

312 1930 371 1985 in
405 1943 517 1999 quo
543 1927 796 1997 jacebat,
829 1924 1256 1999 ingredientem
1299 1928 1580 1981 amictum
1615 1935 1779 1999 veste
1823 1941 1958 1980 can-

313 1997 470 2067 dida,
499 1999 688 2069 specie
716 1999 943 2053 decora.
976 1998 1154 2063 Quem
1182 2013 1315 2051 mox
1340 2003 1400 2051 ut
1423 1997 1675 2069 agnovit,
1698 2001 1763 2050 ut
1786 2012 1960 2058 aegro-

314 2080 406 2128 tus
429 2067 747 2134 medicum,
771 2085 986 2140 egenus
1010 2070 1334 2136 cepiosum,
1359 2067 1604 2140 supplex
1629 2072 1959 2140 patronum,

312 2144 404 2199 his
450 2143 638 2197 verbis
687 2138 833 2196 cum'
868 2140 1139 2210 lacrymis
1190 2140 1431 2208 rogabat
1480 2139 1726 2210 dicens:
1781 2138 1963 2210 Chare

312 2214 525 2268 Christi
557 2213 760 2275 amice,
795 2227 937 2266 cura
967 2208 1081 2277 me,
1114 2210 1297 2263 libera
1327 2225 1421 2264 me
1464 2208 1533 2264 de
1565 2209 1960 2278 tribulatione,

314 2285 591 2341 miserere
635 2283 803 2349 mihi,
855 2282 1127 2336 miserere
1172 2280 1311 2336 ﬁliis
1361 2280 1526 2336 meis.
1561 2280 1669 2335 Vix
1700 2286 1964 2351 precator

316 2355 487 2411 verba
528 2352 777 2420 ﬁnierat,
815 2358 872 2407 et
901 2354 1022 2421 jam
1070 2367 1305 2419 precum
1347 2353 1649 2424 exauditur
1689 2353 1962 2424 precibus

315 2426 732 2499 respondebat,
764 2425 963 2479 dicens
997 2439 1009 2479 :
1045 2424 1253 2499 Surge,
1279 2423 1495 2499 _salvus
1542 2423 1729 2480 factus
1774 2440 1855 2499 es.
1892 2429 1964 2499 At

314 2495 645 2555 ille'statim
679 2498 737 2552 in
771 2495 1346 2566 sermonejubentis,
1390 2500 1671 2566 tanquam
1716 2495 1813 2565 qui
1860 2496 1964 2550 ob-

315 2571 611 2625 dormiens
658 2584 920 2638 corpore,
971 2570 1068 2621 sed
1121 2567 1369 2638 vigilans
1419 2567 1628 2638 spiritu
1680 2568 1960 2637 audisset,

314 2642 589 2697 continuo
638 2639 709 2695 de
758 2638 905 2694 lecto
948 2638 1223 2701 exsilivit,
1268 2643 1325 2692 et
1354 2645 1490 2693 ante
1537 2638 1752 2694 lectum
1787 2656 1961 2694 suum

316 2714 504 2767 ﬁrmis
536 2710 830 2781 gressibus
853 2711 1115 2764 incedere
1139 2710 1331 2779 coepit,
1355 2726 1421 2765 ac
1445 2711 1529 2764 sic
1552 2711 1793 2765 verbum
1817 2709 1962 2766 illud

317 2780 632 2856 prophetiae
682 2780 964 2856 implevit,
1011 2784 1079 2836 Et
1128 2782 1360 2856 claudus
1404 2782 1563 2835 saliet
1607 2787 1747 2836 sicut
1775 2798 1964 2856 camus

317 2852 467 2925 (Isai.
493 2870 659 2921 xxxv,
677 2854 755 2924 6).
771 2852 989 2908 Deinde
1014 2867 1180 2925 mane
1201 2854 1409 2924 surgit,
1424 2858 1671 2924 votaque
1692 2870 1799 2908 sua
1820 2854 1967 2908 Mar-

318 2924 562 2997 tyribus,
596 2926 696 2997 ubi
718 2925 933 2979 eisdem
958 2924 1212 2997 reliquiae
1234 2933 1515 2997 susceptae
1537 2929 1696 2997 sunt,
1726 2926 1966 2980 reddere

320 2996 667 3067 properavit.
703 2998 826 3061 Quo
862 3001 1092 3066 propter
1126 2996 1351 3051 itineris
1394 2996 1820 3067 longitudinem
1855 2997 1967 3051 ba-

321 3066 452 3123 culo
483 3068 673 3122 adhuc
703 3068 1075 3121 innitendum
1101 3083 1225 3121 esse
1256 3066 1496 3138 putavit.
1520 3067 1625 3122 Ubi
1657 3073 1963 3137 postquam

320 3139 421 3196 diu
470 3139 675 3207 oravit,
725 3153 919 3193 cereos
966 3137 1269 3205 accendit,
1303 3137 1572 3193 baculum
1633 3138 1963 3209 dereliquit,

318 3216 491 3281 atque
523 3210 730 3265 exinde
760 3208 948 3263 ﬁlium
985 3208 1287 3279 parvulum
1319 3209 1467 3265 collo
1519 3208 1964 3265 sustinens’re-

317 3280 594 3354 pedavit}
632 3282 687 3354 in
733 3282 1035 3354 ecclesiam
1075 3281 1257 3354 venit,
1286 3284 1343 3335 et
1385 3280 1629 3354 gloriam
1663 3281 1762 3335 Dei
1795 3289 1965 3350 atque

320 3351 506 3408 Amici
555 3352 655 3407 Dei
694 3351 963 3406 sanitatis
1009 3353 1378 3406 attestatione
1437 3352 1786 3420 praedicavit.
1829 3356 1968 3405 Post

315 3424 439 3480 hac
490 3423 755 3494 reliquiis
796 3423 854 3477 in
885 3420 1130 3477 ecclesia
1178 3438 1310 3476 cum
1361 3421 1587 3494 ingenti
1634 3421 1967 3494 celebritate

315 3494 628 3561 collocatis,
681 3500 959 3564 tanquam
1013 3494 1309 3563 proposita
1352 3493 1603 3548 statione
1663 3493 1965 3547 medicinae

312 3569 491 3636 (unde
521 3566 909 3631 cantavimus,
936 3564 1303 3634 Suscepimus,
1326 3566 1489 3631 Deus,
1531 3565 1968 3619 misericordiam

313 3636 557 3719 ξηαπς-ξπ
586 3637 762 3719 medio
795 3636 985 3719 templi
1012 3636 1297 3719 tu‘i.[Psal.
1330 3650 1505 3702 xnvn,
1536 3636 1644 3719 in)
1678 3637 1966 3719 quantiex

310 3709 411 3765 illo
434 3709 529 3764 die
547 3708 945 3763 multitudinis
969 3708 1229 3778 undique
1244 3722 1567 3761 concursus
1582 3707 1704 3761 ﬁeri
1721 3722 1965 3777 cmpere,

313 3786 535 3852 quanta
562 3778 1348 3852 beneﬁciart'ueri_nt_collata,
1381 3783 1438 3832 et
1469 3778 1723 3849 quotidie
1766 3779 1968 3852 conie—

312 3849 539 3917 rantur,
556 3856 776 3921 quanta
791 3849 1063 3905 miracula
1085 3850 1661 3920 demonstrata,quot
1678 3852 1811 3905 eieci
1836 3850 1969 3905 illu-

315 3923 520 3979 minati
557 3921 856 3993 paralytici
891 3921 1102 3990 sanati,
1134 3921 1340 3991 quanti
1371 3922 1542 3976 variis
1564 3922 1793 3993 morbis
1825 3938 1965 3993 pas-

316 3992 696 4065 sionibusque
725 3992 932 4065 curati,
955 3993 1055 4047 sed
1088 3998 1145 4065 et
1174 3994 1385 4065 mortui
1420 3992 1707 4065 suscitati,
1729 3993 1964 4063 longum

316 4071 405 4123 est
421 4063 853 4136 nobis—stipans
882 4063 1244 4133 impossibile
1271 4064 1535 4136 universa
1564 4064 1653 4136 vel
1686 4066 1969 4120 memoria

317 4138 588 4204 retinere,
618 4134 1319 4207 vel—sermonerdigerere,
1351 4134 1440 4190 vel
1482 4134 1615 4207 stilo
1650 4136 1962 4204 mandare;

318 4224 453 4265 cum
474 4209 929 4278 unumquodque
945 4206 1289 4262 miraculum
1305 4207 1396 4262 sui
1411 4206 1639 4278 generis
1651 4208 1967 4278 quamdam

315 4279 623 4337 historiam
656 4280 868 4334 habere
918 4282 1210 4334 noscatur.
1244 4278 1325 4334 De
1356 4279 1572 4349 quibus
1619 4283 1813 4333 tamen
1841 4294 1965 4334 om-

318 4352 515 4419 nibus,
544 4367 669 4422 quas
700 4366 886 4422 neque
917 4350 1204 4422 explicare
1232 4366 1566 4422 possumus,
1595 4366 1782 4420 neque
1814 4350 1968 4419 peni-

318 4428 417 4479 tus
449 4421 689 4478 reticere
718 4421 1018 4487 debemus,
1060 4421 1333 4492 pauciora
1371 4437 1612 4493 quaeque
1655 4431 1709 4476 et
1740 4423 1966 4477 notiora

312 4495 610 4566 eligimus,
660 4500 752 4566 ut_
788 4509 979 4566 neque
1018 4494 1443 4566 fastidientium
1496 4508 1667 4566 aures
1714 4493 1960 4549 inunde-

313 4563 471 4627 mus,
500 4580 690 4633 neque
722 4563 1088 4633 diligentium
1124 4565 1320 4619 studia
1350 4565 1783 4619 detraudemus.

314 4582 471 4627 mus,
500 4581 690 4689 neqlue
722 4581 1088 4633 alligem.le
1124 4581 1320 4619 stuoia
1350 4581 1783 4619 oetrauaemus.

314 4636 552 4693 CAPUT
643 4677 657 4690 .
690 4665 758 4676 -—-
796 4638 873 4690 De
907 4637 1135 4691 muliere
1165 4652 1290 4705 qua?
1312 4651 1420 4705 pro
1449 4638 1652 4689 marito
1678 4652 1776 4690 suo
1802 4652 1965 4692 sanc-

492 4714 605 4762 tum
623 4708 962 4778 Stephanum
988 4710 1287 4771 invocavit,
1311 4712 1365 4761 et
1392 4707 1660 4761 exaudita
1685 4713 1783 4761 est.

387 4779 575 4849 Igitur
622 4776 1059 4850 Meinplonitani
1098 4778 1210 4833 loci
1242 4780 1262 4813 ²
1296 4778 1502 4834 mulier
1550 4778 1816 4850 quedam
1860 4776 1962 4850 diu

312 4848 748 4924 peregrinantis
777 4848 970 4924 mariti
1000 4867 1105 4924 nec
1126 4852 1194 4905 de
1225 4855 1411 4906 morte
1440 4853 1618 4913 certa,
1638 4864 1742 4903 nec
1760 4848 1831 4903 de
1850 4848 1963 4904 vita

313 4922 550 4993 secura,
575 4938 709 4978 cum
732 4923 967 4977 triennii
990 4922 1170 4977 ferme
1192 4931 1424 4993 tempus
1453 4936 1759 4977 emensum
1787 4928 1959 4993 esset,

313 4991 560 5067 quogilla
580 4994 826 5067 diversis
843 4994 1215 5067 opinionibus
1237 4991 1577 5067 deconjuge
1598 4993 1879 5067 exagitata
1901 4991 1960 5047 in

313 5062 565 5140 ancipiti
594 5069 651 5119 et
688 5062 1026 5140 dubio—vitm
1072 5082 1190 5140 suae
1234 5069 1390 5120 statu
1424 5062 1631 5140 fuisset
1661 5062 1958 5140 collocata,

311 5135 651 5194 ﬁuct’uabat
680 5152 748 5192 ex
787 5139 1004 5194 incerto
1040 5138 1295 5207 pendens
1319 5136 1624 5193 muliebris
1645 5135 1965 5207 animus,et

308 5209 369 5265 in
395 5208 550 5277 quod
575 5225 635 5263 se
652 5206 805 5281 latus
830 5224 983 5281 aegra
1006 5205 1311 5280 projiceret
1332 5208 1804 5281 ignorabat,dum
1822 5205 1961 5281 hinc

307 5298 385 5337 nu
398 5282 528 5350 ptias
557 5278 909 5335 suaderentu
922 5297 964 5346 r,
976 5278 1287 5351 paupertas
1307 5278 1686 5351 pfoponeretu
1698 5278 1857 5345 r,soll
1870 5278 1961 5332 ici-

306 5351 449 5409 tudo
471 5352 855 5423 ingereretur,
874 5352 1157 5423 fragilitas
1187 5354 1378 5407 carnis
1400 5352 1804 5415 insidiaretur;
1826 5366 1959 5423 rur-

303 5441 435 5481 sum
472 5421 689 5480 ex’alia
729 5428 892 5494 parte
931 5421 1188 5492 castitas,
1233 5423 1502 5492 maritus,
1543 5422 1719 5487 fama,
1758 5421 1960 5494 religio

302 5502 437 5553 ante
466 5494 670 5551 oculos
694 5492 1051 5565 ponerentur
1076 5512 1089 5550 :
1116 5495 1348 5550 tandem
1372 5495 1526 5550 inter
1550 5492 1957 5565 hujuscemodi

301 5567 538 5625 sibimet
557 5563 1006 5638 repugnantium
1027 5566 1452 5639 cogitationum
1476 5563 1960 5638 astus,potentis-

364 5693 383 5730 1
412 5690 586 5740 Editio
615 5691 740 5740 Lov.
773 5692 989 5746 omittit,
1020 5690 1288 5739 miserere
1326 5691 1436 5741 illi.
1466 5692 1534 5740 M.

366 5754 388 5788 ²
415 5754 497 5803 Ita
529 5754 877 5803 Floriacensis
906 5754 1317 5815 manuscriptus.
1374 5755 1441 5804 At
1486 5754 1634 5812 editi,
1677 5752 1866 5815 [gitur
1894 5751 1957 5801 in

304 5816 726 5867 embloniturna
748 5816 871 5879 loci,
890 5819 987 5867 etc.
1012 5816 1139 5866 Vide
1160 5816 1318 5874 intra,
1344 5817 1431 5866 lib.
1459 5817 1507 5877 2,
1535 5830 1654 5880 cap.
1679 5818 1725 5874 4,
1758 5830 1813 5866 n.
1842 5815 1891 5865 2.

1707 216 1941 278 LIBER
1983 215 2303 278 PRIMUS.

3589 218 3707 280 838

2066 348 2202 405 simi
2227 346 2491 423 advocati
2511 346 2787 423 Stephani
2810 345 3125 423 implorare
3141 349 3348 423 debere
3366 351 3706 423 patrocinia,

2067 438 2182 477 non
2199 421 2322 476 sine
2344 418 2535 497 diyina
2556 418 2917 497 providentia
2930 424 3019 497 est
3033 437 3066 476 a
3079 418 3429 497 quibusdam
3450 418 3706 497 instiga;

2066 497 2122 548 ta
2146 498 2323 567 atque
2340 490 2819 567 cohortata.Nam
2845 490 3065 567 ad_ejus
3102 491 3441 567 Memoriam
3461 490 3711 567 suppvlex

2068 564 2376 629 advolavit,
2417 565 2609 633 ibique
2648 579 2709 617 se
2748 578 2882 617 cum
2908 562 3193 635 rlacrymis
3225 565 3440 621 stravit.
3477 562 3705 626 Et'dum

2068 645 2226 711 erat,
2252 637 2455 691 audire
2503 635 2733 711 meruit,
2779 634 3020 711 Mar-itus
3050 634 3419 711 ’t_uus_venit.
3456 639 3706 711 Propere

2067 708 2164 762 illa
2196 709 2435 762 domum
2469 706 2659 774 rediit,
2687 711 2745 761 et
2774 708 3046 761 maritum
3086 707 3438 763 incolumem
3465 706 3705 767 invenit.

2065 781 2151 836 Ita
2197 786 2252 834 et
2308 778 2544 848 conjugi
2595 778 2831 832 castitas
2890 778 3197 843 custodita,
3244 786 3300 834 et
3347 781 3550 837 Amico
3608 783 3706 838 Dei

2067 857 2285 922 quanta
2316 851 2485 924 fuerit
2532 850 2740 924 animae
2782 848 3163 924 periclitantis
3205 867 3366 919 cura,
3409 853 3706 924 cognitum

2069 920 2279 977 factum
2313 931 2401 976 est
2432 923 2488 977 iu
2522 922 2613 975 Dei
2650 920 2897 974 mirabili
2930 923 3137 991 gratia.

2065 994 2302 1051 CAPUT
2344 993 2436 1049 Vl.
2472 1023 2537 1033 -—-
2568 994 2644 1067 De
2685 992 2901 1047 homine
2941 1010 3097 1063 quem
3120 993 3367 1065 collapsa
3395 996 3589 1051 domus
3614 1013 3711 1067 ope

2130 1071 2431 1136 presserat,
2489 1066 2647 1139 cujus
2682 1066 2919 1135 conjuge
2946 1072 3139 1120 orante
3179 1073 3427 1123 sanctum
3471 1066 3733 1139 Stephlz—y

2138 1154 2288 1203 num,
2317 1139 2472 1192 virus
2502 1138 2759 1190 inventus
2788 1144 2886 1191 est.

2138 1209 2244 1264 Per
2274 1209 2424 1264 idem
2450 1209 2785 1281 tempus,_iu
2820 1211 3013 1281 nostra
3054 1207 3284 1265 civitate
3307 1212 3573 1281 quaedam
3602 1212 3708 1266 do-

2069 1296 2199 1335 mus
2226 1281 2398 1334 ruina
2423 1278 2680 1352 collapsa
2722 1278 3018 1352 hominem
3060 1278 3452 1352 oppresserat,
3476 1286 3570 1340 cui
3604 1300 3708 1338 no—

2067 1368 2199 1425 men
2223 1351 2462 1425 Dativus
2494 1358 2603 1408 est.
2643 1350 2824 1425 Cujus
2846 1352 3051 1407 exinde
3071 1350 3303 1409 erutum
3330 1372 3541 1425 corpus
3561 1360 3616 1410 et
3638 1356 3709 1410 ad

2065 1422 2314 1498 vicinam
2337 1422 2577 1498 domum
2601 1422 2979 1498 translatum,
2999 1425 3217 1498 funeris
3245 1422 3527 1498 obsequio
3552 1430 3711 1498 plan-

2105 1494 2330 1551 ebatur.
2368 1495 2610 1550 Proinde
2644 1493 2861 1565 jugalis
2883 1495 3166 1564 ejusdem,
3193 1498 3382 1553 mariti
3407 1493 3513 1554 ‘sui
3548 1493 3708 1554 tanto

2092 1572 2225 1621 uctu
2253 1566 2541 1640 perculsa,
2572 1566 2643 1640 ad
2676 1564 3009 1640 Memoriam
3044 1568 3278 1638 gloriosi
3302 1568 3582 1640 Stephani
3606 1586 3708 1640 pro

2066 1640 2183 1693 vita
2218 1636 2413 1693 mariti
2445 1653 2578 1693 cum
2616 1636 2886 1705 lacrymis
2925 1654 2987 1692 se
3032 1636 3704 1708 prostratura'perreiit.

2068 1711 2288 1765 Ibidem
2315 1710 2454 1764 dum
2481 1708 2579 1762 illa
2611 1708 2949 1777 aliquandiu
2975 1713 3043 1762 ad
3068 1726 3237 1765 aures
3262 1713 3442 1767 Amici
3473 1712 3575 1767 Dei
3596 1712 3709 1768 ﬁde

2069 1780 2349 1853 pulsaret,
2387 1780 2658 1853 precibus
2691 1779 3003 1853 insisteret,
3030 1796 3161 1836 ecce
3192 1787 3428 1853 repente
3458 1784 3517 1837 in
3547 1799 3712 1839 cons-

2068 1850 2235 1924 pectu
2263 1850 2663 1924 plangentium
2688 1851 2872 1924 funeri
2895 1850 3399 1910 circumstantium
3424 1860 3481 1910 et
3499 1871 3710 1910 nomen

2066 1920 2374 1997 venerandi
2402 1920 2670 1991 Martyris
2692 1920 3109 1997 invocantium,
3134 1928 3217 1978 vir
3239 1926 3365 1995 ejus
3396 1926 3455 1979 in
3488 1929 3710 1997 quoja—

2068 1995 2234 2048 cebat
2257 1995 2635 2061 loco,aperire
2659 1991 2873 2064 oculos,
2890 2002 2944 2047 et
2967 2010 3174 2064 corpus
3200 1991 3712 2064 m6vere,videnti-

2068 2066 2179 2119 bus
2206 2069 2262 2118 et
2293 2064 2646 2136 mirantibus
2673 2063 2948 2117 omnibus
2982 2068 3088 2136 qui
3125 2066 3383 2136 aderant,
3413 2063 3617 2136 empit:
3645 2085 3711 2122 ac

2068 2136 2279 2190 deinde
2299 2144 2419 2206 post
2444 2134 2819 2207 aliquantum
2832 2135 3090 2207 ejusdem
3110 2135 3223 2207 diei
3246 2134 3713 2207 spatium'emen-

2068 2224 2198 2263 sum
2214 2208 2282 2261 ad
2306 2208 2463 2262 vivos
2477 2206 2790 2278 rediens,et
2809 2205 2865 2259 in
2891 2223 2951 2260 se
2979 2205 3522 2274 residens,adillum
3541 2208 3711 2278 cujus

2070 2281 2279 2333 domus
2302 2283 2445 2347 erat,
2467 2276 2645 2331 dixit:
2683 2278 2885 2332 Beatus
2913 2292 2995 2344 es,
3022 2280 3214 2340 frater,
3239 2280 3513 2350 quoniam
3539 2276 3712 2335 hodie

2070 2351 2315 2422 angelus
2340 2351 2436 2405 Dei
2463 2351 2890 2422 domumtuam
2915 2350 3169 2404 intravit.
3190 2351 3509 2406 Etnarrare
3541 2354 3715 2422 cmpit

2070 2423 2555 2491 quaaanimresuzs
2581 2421 3113 2476 revelatafuissent.
3143 2422 3291 2477 Dixit
3321 2423 3475 2477 enim
3503 2421 3712 2479 multi-

2070 2494 2271 2549 tudine
2296 2499 2659 2548 mortuorum
2692 2509 2753 2547 se
2776 2493 2957 2548 fuisse
2989 2493 3439 2562 circumdatum,
3468 2512 3712 2563 quorum

2070 2565 2215 2620 alios
2232 2563 2736 2635 agnovisset,alios
2755 2563 3099 2634 ignorasset.
3130 2565 3343 2620 Deinde
3360 2569 3609 2637 quodam
3629 2568 3711 2621 in-

2069 2653 2268 2708 gresso
2284 2636 2763 2707 juvene,candida
2778 2640 2934 2690 veste
2954 2637 3463 2708 nitente,habitum
3482 2638 3710 2693 diaconi

2072 2707 2491 2780 praeferentext
2513 2708 2743 2778 pietatis
2767 2708 2842 2780 im
2854 2707 3338 2780 periojubenteac
3360 2707 3713 2764 dicenteillis

2072 2778 2341 2845 mortuis,
2368 2780 2677 2845 Reeedite;
2712 2778 2910 2833 statim
2945 2778 3076 2834 illas
3111 2786 3472 2836 mortuorum
3510 2782 3711 2837 turbas

2072 2868 2185 2907 non
2207 2852 2627 2922 comparuisse.
2654 2851 2804 2905 Tum
2831 2849 2996 2904 illum
3022 2852 3089 2905 ad
3108 2868 3169 2906 se
3183 2853 3524 2917 accessisse,
3542 2869 3607 2907 ac
3630 2854 3712 2907 si-

2072 2923 2128 2977 bi
2158 2923 2395 2988 dixisse,
2423 2923 2616 2978 Redde
2648 2924 2802 2991 quod
2829 2922 3121 2991 accepisti.
3157 2923 3224 2977 Et
3252 2940 3313 2978 se
3349 2941 3462 2979 non
3508 2923 3718 2978 intelli-

2071 3000 2262 3061 gente,
2285 2994 2497 3048 iterum
2522 2996 2684 3049 illum
2709 2993 3004 3063 repetisse,
3026 2994 3214 3049 Redde
3237 2997 3390 3064 quod
3415 2995 3712 3064 accepisti.

2071 3066 2180 3120 Sed
2204 3072 2261 3120 et
2283 3066 2454 3120 tertio
2474 3075 2531 3120 ut
2555 3066 2820 3120 redderet
2841 3065 3114 3136 similiter
3138 3065 3486 3136 imperatum
3510 3066 3619 3121 sibi
3643 3068 3715 3122 ab

2068 3153 2136 3192 eo
2160 3138 2355 3203 luisse,
2380 3153 2561 3206 seque
2582 3135 2972 3206 respondisse,
3002 3136 3147 3191 Num
3176 3135 3512 3205 symbolum
3537 3139 3712 3208 jubes

2070 3214 2134 3263 ut
2181 3209 2466 3263 reddam?
2503 3209 2574 3263 Et
2612 3207 2712 3262 illo
2743 3210 2993 3273 dicente,
3038 3208 3259 3274 Redde;
3304 3225 3365 3265 se
3406 3226 3472 3264 ex
3508 3207 3713 3265 ordine

2068 3280 2407 3350 Symbolum
2436 3279 2783 3350 reddidisse,
2804 3285 2858 3333 et
2883 3279 3183 3346 adjecisse.
3208 3281 3474 3346 Sijubes,
3500 3287 3555 3334 et
3578 3280 3715 3336 Ora-

2070 3348 2285 3404 tionem
2311 3348 2662 3403 dominicam
2687 3351 2905 3404 reddo:
2938 3356 3112 3418 atque
3139 3351 3237 3404 illo
3265 3357 3557 3406 annuente
3579 3353 3718 3408 red-

2069 3420 2237 3474 didit.
2265 3421 2431 3491 Tune
2462 3418 2558 3491 ille
2581 3419 2747 3489 signo
2777 3418 3011 3491 salutari
3035 3436 3133 3473 cor
3155 3422 3402 3486 jacentis
3432 3422 3711 3491 signavit,

2067 3491 2236 3561 eique
2251 3490 2396 3546 dixit
2419 3506 2439 3561 :7
2466 3489 2781 3560 Surgejam
2809 3490 3024 3544 salvus.
3055 3491 3123 3544 Et
3149 3489 3570 3558 surgens,sicut
3591 3494 3709 3546 dic-

2067 3560 2190 3616 tum
2216 3567 2327 3629 est,
2360 3560 2560 3617 salvus
2583 3562 2822 3615 eti‘ectus
2843 3568 2949 3615 est.

2066 3632 2293 3689 CAPUT
2333 3632 2447 3687 Vll.
2471 3660 2539 3675 —
2586 3632 2686 3687 Ubi
2707 3633 2993 3703 prohibuit
3026 3638 3251 3687 sanctus
3280 3632 3616 3704 episcopum,
3646 3650 3713 3689 ne

2315 3705 2580 3774 reliquias
2603 3719 2729 3759 suas
2756 3707 3063 3772 transferre
3085 3712 3459 3773 praesumeret.

2138 3776 2348 3831 Eodem
2393 3782 2650 3846 tempore
2681 3776 3030 3830 venerabilis
3061 3776 3373 3846 episcopus
3414 3780 3611 3832 noster
3641 3777 3713 3834 de

2065 3847 2332 3917 ejusdem
2350 3848 2533 3901 sancti
2558 3847 2823 3918 reliquiis
2836 3847 3087 3918 aliquam
3109 3854 3318 3915 partem
3346 3848 3713 3918 disposuerat

2064 3919 2123 3991 in
2150 3918 2630 3974 Promontoriensi
2657 3917 2900 3974 ecclesia
2924 3917 3234 3991 collocare:
3253 3919 3377 3975 dies
3395 3922 3569 3975 etiam
3592 3936 3709 3991 quo

2063 3990 2121 4045 id
2148 3991 2310 4045 ﬁeret
2339 3995 2594 4045 statutus
2625 3997 2764 4046 erat.
2810 3992 2948 4046 Ecce
2974 3995 3110 4044 ante
3143 3990 3293 4045 diem
3332 3991 3447 4047 fere
3476 3990 3709 4048 tertium

2065 4061 2300 4134 quidam
2339 4059 2609 4134 Ecclesia:
2644 4071 2853 4134 nostrae
2907 4062 3227 4133 presbyteri
3278 4063 3415 4123 duo,
3457 4078 3710 4134 quorum

2065 4150 2221 4188 unus
2246 4133 2575 4187 maturioris
2597 4133 3131 4197 aztatis,Zumurus‘
3159 4134 3417 4189 nomine.
3438 4133 3714 4190 admone-

2065 4209 2183 4269 tur,
2207 4206 2357 4273 quod
2386 4205 2511 4275 ipse
2533 4206 2911 4277 postmodum
2936 4204 3153 4268 retulit,
3181 4209 3249 4277 ut
3276 4206 3345 4260 ad
3370 4205 3710 4277 episcopum

2069 4292 2241 4331 mane
2262 4275 2545 4347 pergeret,
2569 4276 2733 4345 eique
2767 4275 2998 4341 diceret,
3030 4291 3099 4330 ne
3118 4275 3423 4347 perﬁceret
3457 4275 3611 4347 quod
3640 4279 3712 4332 de

2070 4353 2232 4419 parte
2264 4346 2653 4418 reliquiarum
2698 4346 3339 4419 facereudisposuisset.
3378 4346 3537 4412 Quod
3577 4365 3710 4403 cum

2070 4417 2425 4491 memoratus
2449 4421 2747 4491 presbyter
2779 4417 3149 4491 negligenter
3170 4417 3490 4485 habuisset,
3516 4434 3621 4475 nec
3642 4422 3712 4475 ad

2069 4490 2407 4561 episcopum
2436 4490 2793 4614 pertulisset,
2817 4491 3075 4545 secunda
3105 4490 3227 4546 vice
3256 4496 3314 4546 et
3342 4492 3595 4561 graviter
3624 4508 3715 4547 ar-

2069 4564 2288 4614 guitur.
2314 4571 2367 4614 et
2399 4579 2429 4614 a
2460 4578 2569 4614 ana
2604 4561 2757 4614 illisa
2781 4562 2839 4614 in
2883 4561 3089 4614 faciem
3128 4562 3483 4614 verberatur.
3522 4562 3713 4614 Alium

2068 4564 2288 4633 guitur,
2314 4571 2367 4616 et
2399 4561 2569 4632 alapa
2604 4561 2758 4616 illisa
2781 4562 2839 4615 in
2883 4561 3089 4617 faciem
3128 4562 3483 4618 verberatur.
3522 4562 3713 4618 Alium

2070 4640 2264 4715 autem
2323 4634 2748 4715 presbyterum,
2790 4633 3087 4715 Donatum.
3124 4634 3382 4715 nomine,
3445 4636 3715 4689 retulisse

2070 4707 2218 4775 quod
2245 4705 2300 4759 in
2325 4703 2597 4775 ipsoloeo
2616 4709 2901 4760 Memoria:
2921 4706 3185 4760 eumdem
3233 4703 3567 4774 episcopum
3612 4719 3713 4758 no-

2069 4785 2252 4832 strum
2276 4777 2482 4832 viderit
2517 4777 2742 4832 sibimet
2783 4775 3055 4829 ediverso
3094 4782 3400 4839 astantem,
3425 4779 3482 4828 et
3520 4789 3714 4828 sacra-

2068 4853 2268 4903 menta
2298 4848 2447 4902 nivei
2484 4846 2752 4902 candoris
2775 4846 2833 4898 in
2858 4844 3020 4916 palla!
3050 4843 3320 4899 manibus
3339 4849 3395 4899 et
3415 4843 3714 4916 colleges-

2069 4925 2308 4973 tantem.
2334 4919 2515 4982 Quem
2539 4917 2805 4985 protinus
2833 4914 3505 4984 a’ppellaus,eonstanter
3526 4914 3707 4971 diiit:

2067 4994 2220 5045 Pone
2260 4989 2353 5043 hic
2392 4990 2545 5058 quod
2593 4992 2811 5059 portas.
2836 4986 3100 5059 Cumque
3130 4985 3204 5059 ab
3235 4986 3349 5042 alio
3381 4986 3440 5041 in
3473 4986 3715 5059 sinistra

2067 5060 2324 5141 episcopi
2348 5064 2542 5141 stante
2564 5059 2898 5141 presbytero
2918 5058 3152 5141 sibimet
3172 5058 3558 5141 diceretur,Et
3579 5060 3713 5141 quis

2068 5132 2218 5187 alius
2241 5130 2496 5202 portabit
2516 5130 2543 5185 ?
2564 5130 2691 5202 ipse
2713 5132 3036 5202 respondit,
3061 5131 3209 5194 Quid
3232 5130 3300 5184 ad
3328 5135 3403 5197 te,
3430 5132 3596 5185 modo
3620 5131 3713 5202 hic

2067 5204 2218 5272 quod
2244 5200 2333 5259 tab
2372 5200 2642 5273 episcopo
2684 5206 2972 5273 portatur,
3008 5200 3133 5257 loco
3185 5218 3292 5256 suo
3340 5206 3659 5272 reponatur
3687 5200 3716 5255 ?

2067 5276 2227 5341 Quod
2253 5275 2402 5330 sicut
2424 5274 2742 5329 revelatum
2766 5277 2871 5341 est,
2896 5274 2977 5329 ita
3000 5278 3130 5344 post
3157 5274 3311 5328 diem
3348 5273 3583 5328 tertium
3608 5273 3716 5327 im-

2068 5349 2286 5419 pletum
2310 5350 2416 5401 est.
2442 5345 2704 5415 Namque
2723 5361 2853 5400 cum
2883 5346 3005 5415 jam
3041 5345 3400 5419 precedente
3430 5346 3523 5400 die
3551 5344 3711 5419 vehi-

2068 5415 2263 5474 culum
2291 5421 2613 5488 pararetur,
2642 5424 2702 5472 ut
2724 5433 2857 5471 cum
2882 5421 3044 5488 parte
3077 5415 3456 5487 reliquiarum
3488 5416 3713 5488 episco-

2067 5506 2174 5562 pus
2198 5486 2687 5562 proﬁcisceretur,
2705 5486 2939 5559 repente
2960 5486 3217 5562 hujusce
3235 5488 3316 5562 rei
3340 5486 3616 5562 famaper
3635 5487 3716 5562 ci-

2066 5558 2301 5618 vitatem
2324 5558 2943 5628 divulgata,immensa
2962 5560 3029 5614 ad
3063 5558 3369 5615 ecclesiam
3397 5558 3712 5615 multitudo

2067 5632 2365 5691 conﬂuxit.
2400 5630 2715 5689 Tumultus
2737 5635 2794 5689 et
2829 5630 3053 5690 clamor
3086 5646 3333 5705 magnus
3364 5631 3490 5689 fieri
3521 5630 3714 5705 coepit.

2134 5817 2149 5850 ι
2183 5813 2355 5864 Codex
2384 5812 2745 5868 Floriacensis,
2775 5811 3005 5861 Zm'ius.
