4146 6198
486 219 603 280 839

485 351 648 408 zelus
670 348 805 405 ﬁdei
837 355 891 402 et
923 361 1085 400 amor
1113 342 1296 398 Amici
1319 340 1417 396 Dei
1448 356 1652 395 omnes
1689 338 1973 393 accendit.
2000 339 2121 392 Cir-

488 427 798 479 cumdatur
835 420 1144 489 episcopus
1170 412 1528 489 stipantibus
1553 411 1760 472 turbis,
1785 416 2040 489 rogatur,
2067 414 2123 464 et

488 501 737 558 tenetur,
766 483 1016 546 nec-ante
1037 483 1556 553 dimittitur,quam
1576 491 1936 558 sacramento
1950 483 2123 535 etiam

488 555 826 637 interposito
841 561 983 616 nihil
999 577 1059 615 se
1074 559 1449 637 reliquiarum
1467 558 1535 610 de
1550 557 1777 637 civitate
1792 555 2124 637 ablaturum

489 655 612 694 esse
634 625 1002 708 polliceretur
1025 650 1037 687 :
1058 647 1173 702 quo
1190 625 1273 708 ita
1289 630 1523 708 domum
1549 628 1647 708 illa
1664 625 1859 708 populi
1885 642 1984 706 pro
2006 625 2126 707 zelo

488 697 982 778 ﬁdei'tempestas
1033 697 1376 778 placaretur,
1406 700 1714 778 simulque
1757 698 2013 778 reliquie:

487 798 670 836 unum
695 768 1292 849 corigregarén_tur,_in
1317 771 1515 849 eodem
1542 768 1828 849 Memoria?
1857 770 2000 849 loco,

477 853 604 923 jam
631 869 762 923 pars
802 839 994 923 fuerat
1010 845 1392 923 reliquiarum
1421 843 1688 923 primitus
1711 841 2016 923 collocata,
2043 839 2124 923 ibi

484 913 542 980 et
563 913 674 980 alia
701 939 829 994 pars
847 920 1111 976 similiter
1136 913 1801 994 reponeretur._Donat-us
1826 913 2128 994 presbyter

485 1013 585 1067 per
607 985 902 1051 somnium
927 985 1291 1067 sacramenta
1309 992 1629 1067 portantem
1645 985 2124 1067 episcopum,hoc

484 1059 574 1122 est
615 1072 973 1123 sacratarum
1006 1060 1388 1132 reliquiarum
1423 1059 1742 1132 portionem
1778 1061 2122 1132 gestantem.

484 1139 851 1209 compellere,
878 1137 1028 1190 sicut
1068 1127 1288 1209 dictum
1318 1135 1429 1209 est,
1451 1129 1865 1209 videbatur,.ut
1899 1127 1960 1180 in
1991 1127 2124 1209 loco

483 1227 588 1266 suo
610 1198 992 1283 reponeretur
1013 1205 1279 1283 quoduab
1317 1203 1516 1283 eodem
1544 1200 1964 1283 reperiebatur.
1990 1198 2124 1283 Ideo

485 1271 703 1338 factum
754 1281 947 1349 credo,
1000 1271 1070 1332 n'e
1121 1271 1816 1350 ullusdivisionisilocus
1867 1271 2123 1350 daretur,

485 1356 739 1408 maxime
763 1355 900 1425 quia
931 1345 989 1406 in
1014 1347 1270 1425 Ecclesia
1289 1347 1407 1425 hoc
1439 1345 1740 1425 agebatur,
1768 1359 1902 1425 quas.
1924 1345 2126 1412 primi-

481 1430 575 1480 tus
599 1443 631 1481 a
671 1419 1097 1481 Donatistarum
1131 1419 1418 1473 divisione
1454 1422 1756 1485 usurpata,
1784 1419 1982 1484 postea
2018 1428 2122 1466 us-

527 1513 596 1551 ue
634 1498 692 1551 in
732 1496 1077 1551 hodiernum
1123 1490 1327 1544 unitati
1371 1487 1675 1544 Catholicae
1717 1492 1802 1539 est
1837 1485 2119 1537 restituta.

535 1570 646 1623 nde
668 1569 837 1622 etiam
860 1564 1202 1621 vocabulum
1235 1561 1579 1631 sumpsit,ut
1601 1557 1844 1612 ecclesia
1868 1555 2120 1610 Restitu-

482 1643 537 1692 ta
561 1640 837 1708 appellari
867 1635 1158 1692 meruerit.

481 1727 724 1782 CAPUT
751 1727 893 1781 VIII.
930 1755 993 1764 —
1036 1727 1108 1778 De
1139 1741 1274 1776 cwco
1306 1720 1404 1790 qui
1435 1719 1730 1788 capsellam
1761 1719 2116 1785 reliquiarum

929 1798 1128 1863 tetigit,
1161 1800 1212 1847 et
1245 1795 1417 1845 risum
1451 1792 1676 1859 recepit.

550 1890 699 1941 Sane
720 1886 920 1940 eodem
944 1900 1056 1954 quo
1087 1883 1206 1936 haec
1228 1880 1544 1954 agebantur
1564 1877 1814 1954 die_,cum
1841 1892 1969 1954 pars
1992 1874 2121 1945 ipsa

481 1959 866 2027 reliquiarum
895 1949 977 2009 de'
1006 1952 1331 2027 monasterii
1375 1949 1701 2027 habitaculo
1736 1949 1956 2017 prolata
1989 1962 2118 2027 cum

481 2017 702 2100 ingenti
735 2021 1505 2100 celebritatisexsultatione
1535 2029 1591 2073 et
1614 2020 1962 2100 hymnorum
1987 2017 2118 2071 cho-

475 2090 990 2154 risvresonantibus
1019 2094 1173 2150 dulci
1209 2092 1599 2148 modulatione
1635 2090 1906 2143 manibus
1933 2105 2121 2142 sacer-

473 2171 624 2226 dotis
663 2172 730 2224 ad
764 2168 1068 2224 ecclesiam
1104 2169 1469 2235 portaretur;
1503 2178 1632 2217 ecce
1664 2161 1902 2235 quidam
1933 2176 2118 2215 caecus

474 2242 918 2312 apprehendens
967 2234 1278 2312 capsellam
1330 2240 1690 2312 argenteam,
1723 2234 1790 2312 in
1835 2248 1947 2312 qua
1995 2236 2119 2312 erat

474 2303 857 2383 reliquiarum
888 2303 1070 2383 portio
1099 2303 1434 2383 memorata,
1459 2306 1632 2383 cmpit
1664 2304 1976 2383 fortissima
2006 2303 2118 2383 ﬁde

474 2375 652 2455 regno
681 2375 957 2440 cmloru'm
982 2382 1098 2435 vim
1126 2382 1330 2455 facere.
1351 2379 1425 2455 Et
1445 2375 1584 2449 quia
1605 2375 1709 2455 qui
1736 2376 1848 2455 vim
1876 2375 2113 2441 faciunt,

475 2447 760 2528 diFipiunt
797 2455 940 2509 illud
978 2454 1197 2524 (Matth.
1224 2467 1301 2517 xx,
1328 2447 1765 2528 _12),_continuo
1799 2447 1995 2528 lumen
2030 2461 2114 2500 rc-

472 2518 645 2600 cepi't.
688 2527 850 2582 Unde
899 2518 1180 2600 universae
1214 2518 1478 2600 Ecclesiae
1530 2537 1650 2576 sua,
1699 2518 1963 2574 Christus
2001 2534 2114 2572 non

475 2593 762 2654 modicum
787 2598 1063 2669 gaudium
1097 2593 1436 2650 cumulavit.

471 2687 703 2744 CAPUT
745 2689 833 2743 IX.
868 2718 935 2727 —
979 2690 1049 2741 De
1093 2683 1302 2740 duobus
1351 2683 1622 2737 catenatis
1663 2696 1769 2750 per
1814 2680 2114 2749 gloriosum

973 2759 1312 2828 Stephanum
1345 2755 1614 2808 liberatis.

543 2848 683 2904 Item
717 2864 848 2903 cum
883 2849 1119 2919 quidam
1142 2846 1201 2900 in
1226 2843 1491 2919 custodia
1525 2841 1754 2913 publica
1775 2845 2112 2895 catenarum

474 2920 716 2975 nexibus
762 2917 933 2974 vincti
979 2919 1302 2974 districtius
1335 2917 1700 2979 haberentur,
1735 2928 1934 2968 eorum
1969 2928 2113 2966 unus

471 2993 728 3065 cruciatu
758 3008 937 3065 paena:
955 3008 1021 3065 ac
1038 2989 1236 3065 dolore
1266 2996 1672 3065 compunctus,
1702 2989 1966 3065 sanctum
1991 2984 2113 3065 Ste-

472 3057 994 3136 phanum-Christi
1044 3061 1285 3116 charum
1336 3057 1413 3113 ini
1447 3057 1729 3136 auxilium
1783 3057 2106 3136 invocabat.

470 3127 615 3191 Ecce
644 3150 772 3189 vero
804 3135 954 3189 inter
985 3134 1264 3204 lacrymas
1296 3145 1570 3198 vocesque
1593 3128 1884 3204 ejrulan‘tis,
1917 3127 2109 3180 subito

470 3210 538 3261 de
573 3205 843 3261 manibus
873 3207 1000 3276 ejus
1049 3199 1316 3260 co'rruere
1352 3205 1585 3276 catenae.
1617 3203 1738 3276 Quo
1771 3199 1941 3276 facto,
1975 3213 2108 3252 cum

471 3277 780 3348 praeposito
811 3271 1088 3332 custodia:
1119 3272 1547 3348 solutus__ultro
1597 3287 1658 3325 se
1689 3271 1880 3348 ipsum
1917 3272 2107 3348 inges-

471 3343 666 3415 sisset,
696 3356 752 3404 et
783 3365 903 3404 rem
937 3349 1087 3404 tanti
1117 3345 1384 3402 miraculi
1409 3343 1964 3415 confessusfuisset,
1994 3357 2107 3415 non

470 3426 558 3477 est
613 3412 791 3476 ausus
821 3425 1014 3475 custos
1061 3434 1291 3474 rursum
1338 3416 1387 3470 ei
1437 3414 1668 3470 vincula
1717 3412 1974 3482 injicere,
2009 3414 2106 3466 sed

468 3493 641 3564 plane
671 3509 737 3548 ex
786 3492 894 3547 hoc
933 3492 1102 3564 quasi
1152 3490 1376 3544 cautior
1407 3493 1464 3564 et
1519 3486 1819 3564 sollicitior
1867 3483 2108 3538 effectus

466 3556 643 3619 alium
705 3565 917 3636 pariter
949 3556 1230 3636 'vinctum
1289 3561 1505 3636 arctius
1563 3556 1878 3636 fortiusque
1934 3571 2108 3636 cons-

469 3636 673 3692 trinxit
706 3627 720 3692 Ξ
755 3635 919 3706 quasi
968 3635 1176 3689 divinae
1226 3632 1492 3706 potentias
1535 3629 1714 3698 possit
1756 3643 1888 3706 esse
1937 3627 2108 3706 quidf

468 3724 644 3778 quam
678 3701 1012 3774 insolubile,
1051 3701 1330 3778 ignorans
1362 3703 1497 3772 quia
1535 3716 1713 3778 sermo
1749 3701 1845 3778 Dei
1889 3715 1999 3778 non
2025 3703 2109 3778 est

468 3770 733 3848 alligatus
767 3779 836 3848 (II
862 3770 1006 3832 Tim;
1031 3770 1200 3846 11,9).
1237 3770 1446 3848 Verum
1490 3789 1619 3848 cum
1659 3772 1752 3848 ille
1786 3770 2107 3848 similivin-

468 3840 730 3905 culorum
758 3840 1067 3920 asperitate
1089 3840 1428 3920 compulsus
1457 3845 1522 3898 ad
1551 3843 1819 3920 eumdem
1846 3840 2108 3920 tanti_mi-

467 3923 648 3977 raculi
675 3912 967 3976 auctorem
1006 3912 1243 3983 talibus,
1276 3918 1425 3971 sicut
1456 3915 1646 3969 socius
1686 3915 1834 3981 ejus,
1866 3912 2105 3966 vocibus

467 4001 522 4050 et
545 3992 1143 4066 fletibussuppliciter
1164 3987 1660 4066 exclamaretﬁpse
1686 4001 1915 4066 quoque
1937 4000 2108 4066 exat]:

464 4067 576 4122 diri
608 4065 844 4130 meruit,
869 4055 930 4119 et
955 4063 1228 4118 similiter
1258 4060 1476 4116 catenis
1512 4055 1775 4114 resolutis
1807 4071 1981 4126 opera
2004 4055 2103 4109 Dei

466 4137 796 4192 conﬁtendo
832 4135 1102 4192 narravit.

463 4227 691 4284 CAPUT
731 4231 799 4282 Χ.
838 4258 899 4266 ——-
933 4228 1006 4281 De
1047 4243 1140 4280 reo
1171 4226 1369 4290 soluto,
1402 4228 1452 4276 et
1487 4237 1590 4291 per
1631 4220 1882 4273 meritum
1929 4217 2107 4270 sancti

1025 4297 1296 4366 Stephani
1325 4301 1544 4349 sanato.

534 4387 656 4442 Alio
691 4389 823 4441 item
857 4387 1046 4439 vincto
1070 4401 1198 4438 cum
1243 4384 1300 4437 in
1334 4380 1573 4436 thermis
1609 4376 1858 4448 publicis
1899 4391 2105 4445 vapore

465 4458 674 4510 caloris
707 4463 1043 4511 catenarum
1090 4455 1326 4508 vulnera
1377 4455 1843 4512 inlumescerent,
1877 4458 1928 4502 et
1975 4464 2106 4518 gra-

463 4528 768 4583 vissimum
813 4527 1066 4581 dolorem
1100 4527 1287 4579 eidem
1322 4523 1696 4587 concitarent,
1719 4520 1904 4575 adfuit
1938 4519 2103 4586 fides,

467 4605 529 4672 ut
557 4599 741 4654 Amici
774 4597 873 4654 Dei
894 4613 1059 4669 opem
1094 4594 1573 4672 implorare_t.0u_i
1595 4610 1726 4672 cum
1763 4594 1829 4672 ad
1861 4593 2106 4672 piscina-

460 4671 574 4728 lem
607 4688 877 4741 egressus
906 4665 1079 4739 esset,
1114 4665 1308 4724 subito
1343 4668 1515 4744 etiam
1550 4665 1656 4744 ipsi
1700 4671 1917 4744 catenae
1949 4665 2104 4744 ceci—

462 4736 690 4812 derunt,
719 4751 774 4799 et
807 4759 1007 4798 omnes
1043 4736 1331 4812 quotquot
1377 4740 1659 4814 viderunt,
1694 4736 1981 4789 Christum
2017 4737 2103 4814 at-

462 4834 575 4940 que
605 4809 731 4887 ejus
763 4817 1017 4888 primum
1051 4809 1441 4870 confessorem
1478 4809 1835 4879 Stephanum
1874 4809 2100 4876 magni-

484 4905 636 4940 icare
668 4891 986 4940 cmnerunt.

484 4906 497 4941 l

506 4905 636 4944 care
668 4891 986 4959 cmperunt.

517 4977 744 5033 CAPUT
785 4978 882 5032 XI.
908 5008 970 5017 —
997 4975 1099 5032 Ubi
1123 4977 1469 5045 paralyticus
1499 4973 1698 5026 meruit
1727 4971 2039 5024 sanitatem.

533 5066 888 5136 Paralyticus
911 5065 1179 5136 territorii
1205 5061 1593 5136 Hipponensis
1623 5060 1943 5136 Zaritorum
1962 5056 2102 5123 ‘,vo-

460 5138 666 5194 cabulo
699 5129 1048 5213 Restitutus,
1096 5129 1599 5213 (aber'lerrarius,
1645 5147 1743 5200 per
1781 5129 2098 5213 plurimum

457 5216 692 5282 tempus
725 5210 872 5264 lecto
895 5204 1396 5282 decumbensmon
1432 5204 1926 5282 pedibuspoterat
1949 5204 2101 5282 iace:

459 5274 615 5352 dere,
641 5299 751 5336 non
789 5282 1038 5349 linguam
1063 5279 1117 5332 in
1139 5279 1308 5352 verba
1340 5275 1620 5331 resolvere
1646 5291 1657 5328 :
1686 5274 1920 5352 tandem
1949 5274 2098 5352 beati

456 5345 730 5426 Stephani
756 5355 826 5407 ad
860 5345 922 5426 se
948 5352 1100 5426 fama
1134 5351 1646 5426 perlata,pare_ntes
1670 5345 1935 5426 proprios
1957 5349 2096 5426 nutu

457 5415 572 5496 quo
605 5428 824 5497 poterat
875 5415 1237 5491 hortabatur,
1272 5426 1335 5476 ut
1362 5415 1445 5475 ad
1479 5419 1814 5473 Memoriam
1859 5415 2096 5486 gloriosi

519 5589 627 5635 1In
672 5587 796 5635 ante
843 5583 998 5634 editis
1045 5583 1208 5641 deest,
1250 5580 1617 5635 Zaritorum;
1672 5591 1768 5639 pro
1803 5590 1936 5641 quo,
1965 5576 2099 5624 forte

457 5649 667 5701 melius.
713 5647 1170 5708 Diarrythorum.
1197 5640 1520 5708 Restituitur
1548 5642 1632 5708 hic
1659 5640 1814 5708 sicut_i
1843 5640 2098 5708 scriptum

454 5713 536 5757 est
556 5710 612 5755 in
643 5702 960 5757 Floriaceﬁsi
975 5709 1168 5766 codice,
1188 5708 1244 5756 in
1273 5719 1380 5768 quo
1399 5707 1593 5767 postea,
1613 5705 1748 5763 loco,
1767 5702 2098 5760 Restitutus,

453 5770 702 5824 habetur,
734 5771 913 5820 Rcui.

1223 209 1642 270 APPENDIX.
1694 241 1764 252 --
1807 209 1911 266 DE
1960 205 2374 269 MIRACULIS
2419 209 2704 269 SANCTI
2747 206 3134 268 STEPHANI

3767 208 3892 270 840

2235 338 2506 410 Martyris
2543 345 2888 409 portaretur.
2914 340 3037 402 Quo
3070 340 3240 407 facto,
3263 341 3398 394 dum
3424 341 3636 396 ibidem
3673 342 3889 398 hiemis

2235 412 2420 484 multo
2446 420 2700 480 tempore
2721 411 2778 484 in
2813 417 2968 466 tanta
2993 412 3222 482 frigoris
3246 411 3559 481 asperitate
3581 429 3761 484 super
3783 431 3889 483 pa-

2235 483 2554 536 vimentum
2593 483 3066 556 tessellaajaceret
3099 486 3153 537 in
3186 485 3451 556 oratione
3477 483 3889 556 (quod’utique

2234 559 2588 608 contrarium
2625 554 2953 622 hujusmodi
2981 555 3422 609 inlirmitatibus
3446 572 3576 611 esse
3599 554 3883 624 θωρηχθ-

2233 643 2292 679 re
2317 627 2594 691 vigesima
2617 627 2708 679 die
2734 642 2827 693 per
2858 629 3150 680 somnium
3181 633 3354 681 noctu
3375 631 3719 698 apparuisse
3741 629 3890 684 sibi-

2236 703 2350 751 met
2382 697 2652 770 indicavit
2701 699 3010 770 quemdam
3043 698 3294 766 juvenili
3331 697 3519 754 forma
3554 702 3883 770 praeditum,

2233 771 2494 842 speciosa
2521 769 2696 842 etiam
2731 775 2970 842 vesteet
2999 769 3200 822 habitu
3236 771 3722 842 decorum,seque
3744 769 3886 828 tunc

2229 842 2300 894 ab
2332 841 2430 894 illo
2453 840 2822 902 accersitum,
2844 839 3070 911 sibique
3088 857 3217 896 esss
3244 843 3478 910 jussum
3507 850 3568 896 ut
3597 839 3666 898 ad
3689 846 3884 899 locum

2231 912 2515 988 Memoria;
2538 913 2663 967 suis
2689 913 2943 988 pedibus
2969 913 3300 988 accederet:
3328 924 3381 968 et
3414 930 3495 988 ex,
3515 915 3617 988 illo
3639 917 3887 988 coepisse

2231 983 2508 1054 paulatim
2541 999 2802 1055 gressum
2831 987 2886 1037 et
2909 983 3166 1054 linguam
3197 985 3265 1039 ad
3303 987 3540 1056 propria
3562 983 3751 1042 ofﬁcia
3775 987 3884 1043 ali-

2229 1056 2571 1125 quantulum
2607 1071 2892 1110 revocare.
2918 1056 3180 1125 Cumque
3202 1062 3448 1128 quartus
3486 1058 3706 1113 mensis
3729 1056 3887 1113 fuis-

2229 1132 2318 1181 set
2349 1143 2646 1192 emensus,
2677 1142 2743 1181 eo
2775 1127 2930 1197 quod
2959 1127 3271 1200 ‘_nondum
3305 1129 3498 1200 adhuc
3527 1129 3758 1200 plenam
3791 1147 3883 1184 re-

2229 1205 2458 1270 ceperat
2507 1200 2840 1261 sanitatem,
2885 1198 3135 1272 cogitare
3190 1199 3364 1270 erepit
3413 1202 3482 1255 ad
3516 1198 3750 1272 propria
3793 1218 3884 1257 re-

2231 1286 2448 1344 meare;
2483 1287 2658 1340 seque
2694 1273 2837 1344 tunc
2880 1271 3258 1344 admonitum
3307 1272 3489 1327 fuisse
3520 1271 3882 1344 ’ait’sibique

2228 1343 2449 1397 dictum
2481 1357 2624 1409 esse,
2661 1358 2730 1396 ne
2762 1341 3038 1414 festinare
3061 1341 3250 1408 vellet,
3285 1346 3383 1398 sed
3414 1343 3604 1399 adhuc
3634 1341 3882 1414 quatuor

2230 1430 2459 1468 menses
2491 1419 2821 1479 exspectare
2852 1413 3108 1478 deberet,
3134 1429 3248 1484 quo
3273 1422 3411 1469 tunc
3443 1413 3678 1470 domum
3708 1432 3880 1472 suam

2229 1486 2480 1556 propriis
2511 1486 3096 1558 pedibusrepedaret.
3122 1485 3284 1558 Quod
3311 1487 3550 1542 omnino
3579 1488 3729 1542 sicut
3751 1504 3882 1558 pro-

2230 1555 2464 1612 missum
2507 1555 2618 1630 est,
2636 1556 2725 1630 ita
2748 1555 2839 1610 die
2861 1562 2915 1611 et
2949 1562 3208 1626 tempore
3232 1557 3574 1614 denuntiato
3598 1555 3877 1630 adimple-

2227 1634 2352 1683 tum
2385 1632 2490 1683 est.
2511 1627 2654 1682 Nam
2687 1629 2836 1682 sicut
2867 1633 2925 1683 et
2957 1635 3155 1684 nostra
3185 1630 3546 1685 conscientia
3575 1631 3740 1686 testis
3761 1627 3875 1697 est,

2229 1706 2286 1754 et
2314 1701 2437 1770 ipse
2461 1701 2514 1754 in
2539 1699 2779 1770 gloriam
2811 1701 2906 1754 Dei
2937 1701 3243 1754 confessus
3264 1710 3373 1767 est,
3394 1705 3450 1756 et
3481 1703 3728 1772 pedibus
3753 1703 3881 1758 suis

2229 1773 2298 1824 ad
2334 1772 2563 1841 propria
2593 1772 2890 1836 remeavit,
2923 1777 2981 1826 et
3027 1787 3126 1827 ore
3161 1774 3392 1843 proprio
3423 1774 3601 1828 verba
3631 1774 3875 1829 distinc-

2229 1844 2343 1896 tius
2378 1843 2751 1910 pronuntiare
2783 1843 2975 1911 coepit.

2227 1930 2463 1986 CAPUT
2503 1930 2618 1985 XII.
2662 1963 2727 1971 —
2774 1933 2878 2005 Ubi
2921 1931 3145 2005 quidam
3178 1935 3436 2003 paralysi
3463 1935 3669 2003 tingue
3699 1941 3750 1989 et
3775 1951 3880 2005 pe—

2773 2004 2903 2057 dum
2930 2004 3191 2059 liberatus
3215 2012 3312 2058 est.

2299 2089 2541 2154 Quidam
2577 2091 2646 2146 de
2676 2091 2908 2146 civitate
2960 2091 3217 2148 Uticensi
3251 2091 3499 2162 paralysi
3533 2093 3783 2163 pedibus
3818 2102 3877 2150 et

2226 2161 2422 2233 lingua
2453 2163 2783 2232 implicatus
2812 2163 2956 2217 lecto
2984 2161 3368 2218 detinebatur.
3389 2161 3568 2234 Cujus
3596 2174 3781 2221 mater
3801 2167 3872 2220 ad

2227 2236 2412 2288 sancti
2447 2234 2723 2304 Stephani
2750 2236 3078 2291 Memoriam
3107 2236 3219 2290 ﬁde
3244 2235 3584 2290 ﬁrmissima
3607 2237 3876 2293 convola~

2227 2306 2328 2380 vit,
2363 2322 2703 2378 secumque,
2742 2314 3047 2380 postquam
3070 2307 3187 2380 ﬁlii
3220 2307 3601 2380 suiAcausam
3651 2310 3871 2380 optimo

2225 2376 2500 2452 advocato
2543 2376 2855 2452 commisit,
2897 2376 3122 2452 lexinde
3180 2377 3409 2452 aliquid,
3462 2376 3715 2452 pulveris
3770 2397 3870 2452 pro

2225 2450 2687 2522 sanctificatione
2717 2449 2980 2516 abstulit,
2997 2456 3052 2504 et
3077 2458 3366 2522 revertens
3382 2451 3618 2505 domum
3654 2449 3871 2522 ﬁlio'ja-

2225 2521 2376 2575 centi
2403 2521 2692 2576 adhibuit.
2715 2525 2789 2575 Ex
2807 2537 2921 2591 quo
2948 2538 3079 2576 mox
3101 2521 3196 2576 ille
3218 2521 3487 2577 sanitatis
3525 2521 3867 2578 beneﬁcium

2224 2592 2506 2661 sentiens,
2542 2594 2610 2664 de
2653 2592 2796 2648 lecto
2849 2593 3118 2661 surrexit,
3165 2598 3220 2648 et
3251 2609 3363 2646 non
3399 2593 3589 2648 solum
3625 2596 3870 2664 pedibus

2225 2665 2348 2718 suis
2373 2663 2675 2720 ambulare
2701 2666 2892 2735 coepit,
2921 2666 3017 2718 sed
3053 2669 3226 2719 etiam
3249 2680 3348 2734 per
3388 2663 3693 2720 duodecim
3736 2667 3867 2720 mil-

2224 2736 2302 2790 lia
2335 2752 2614 2806 passuum
2651 2737 2876 2805 proprio
2908 2751 3117 2809 gressu
3169 2739 3234 2790 ad
3270 2737 3422 2790 beati
3456 2737 3717 2809 Martyris
3750 2737 3867 2793 Me-

2227 2812 2464 2862 moriam
2500 2809 2778 2878 pervenit,
2803 2811 3014 2876 gratias
3047 2808 3103 2862 in
3137 2809 3310 2862 corde
3342 2823 3443 2863 suo
3475 2808 3652 2879 agens
3675 2811 3745 2864 de
3767 2825 3865 2878 pe-

2222 2881 2357 2934 dum
2401 2882 2650 2934 sanitate
2684 2885 2970 2950 percepta,
3006 2880 3104 2933 sed
3153 2879 3348 2934 adhuc
3381 2897 3578 2950 preces
3612 2882 3865 2936 fundens

2223 2952 2293 3005 de
2329 2953 2560 3022 propria
2609 2951 2809 3021 lingua
2859 2951 3157 3006 solvenda.
3193 2951 3442 3006 Proinde
3483 2967 3694 3006 exuens
3748 2952 3864 3006 sibi

2223 3024 2512 3077 manicam
2533 3024 2742 3076 tunicas
2769 3039 2905 3087 suae,
2930 3037 2994 3076 eo
3019 3023 3170 3092 quod
3195 3023 3446 3076 orarium
3469 3039 3576 3077 non
3601 3023 3861 3090 haberet,

2225 3111 2321 3162 per
2353 3093 2708 3150 fenestellam
2735 3094 2756 3127 ²
2777 3094 3060 3149 Memoriae
3087 3095 3152 3148 ad
3183 3093 3460 3148 interiora
3485 3094 3604 3150 loca
3633 3100 3862 3148 sancta-

2223 3181 2348 3220 rum
2385 3165 2760 3236 reliquiarum
2785 3181 2958 3219 manu
2997 3165 3212 3235 injecta
3236 3166 3705 3235 mittebat,atque
3729 3167 3865 3222 inde

2219 3253 2455 3291 rursum
2490 3241 2782 3291 dexteram
2818 3237 3098 3291 reducens
3132 3239 3218 3291 ori
3269 3253 3376 3291 suo
3409 3238 3772 3304 admovebat,
3806 3245 3866 3294 et

2219 3307 2478 3381 linguam
2509 3308 2898 3381 contingendo
2931 3307 3208 3378 paulatim
3236 3309 3418 3363 nodos
3449 3309 3865 3381 loquendigra-

2223 3380 2297 3434 tia
2332 3381 2461 3434 lidei
2499 3379 2839 3434 resolvebat.
2867 3383 2984 3434 Hoc
3013 3383 3164 3435 enim
3197 3381 3411 3450 saepius
3447 3379 3862 3450 faciendo,tan-

2219 3468 2394 3521 quam
2430 3450 2717 3506 salutares
2741 3451 2901 3506 cibos
2933 3451 3004 3506 de
3035 3452 3253 3507 cmlesti
3275 3468 3583 3507 assumens
3605 3453 3861 3520 cellario,

2218 3524 2514 3591 aegrotanti
2548 3540 2651 3578 suo
2676 3523 2936 3578 adhibuit
2963 3523 3261 3578 membro:
3289 3526 3438 3578 unde
3471 3533 3724 3579 arentem
3750 3525 3861 3578 lin-

2217 3610 2385 3666 gnam
2415 3596 2633 3661 refecit,
2658 3601 2710 3648 et
2743 3595 3021 3664 loquendi
3045 3594 3301 3649 ofﬁcium
3335 3595 3573 3666 adjutus
3606 3595 3702 3650 Dei
3737 3611 3863 3664 gra-

2217 3665 2298 3720 tia
2328 3666 2597 3720 idoneum
2652 3667 2900 3729 recepit:
2938 3683 3002 3720 ae
3037 3668 3121 3720 sic
3155 3667 3212 3722 in
3255 3665 3554 3735 utriusque
3599 3666 3694 3721 illa
3729 3683 3863 3732 snp-

2219 3737 2372 3808 pleta
2403 3743 2492 3792 est
2527 3738 2845 3805 prophetia,
2882 3755 2980 3806 per
3009 3755 3180 3808 quam
3226 3737 3366 3791 olim
3400 3739 3617 3791 dictum
3652 3744 3760 3805 est,
3793 3740 3860 3792 Et

2211 3810 2390 3879 plana
2410 3809 2431 3841 ³
2461 3811 2563 3863 erit
2597 3811 2791 3876 lingua
2812 3817 3089 3864 mulorum
3117 3811 3264 3878 (Isai.
3296 3825 3462 3874 xxxv,
3493 3810 3569 3878 6).

2217 3897 2447 3953 CAPUT
2487 3898 2636 3952 XIII.
2677 3930 2739 3939 —
2784 3899 2883 3953 Ubi
2911 3916 3078 3953 cwcus
3124 3901 3402 3952 Pisitanus
3440 3899 3623 3953 lumen
3654 3901 3862 3970 recepit

2883 3973 3189 4025 oculorum.

2290 4060 2483 4113 Caecus
2509 4059 2683 4114 etiam
2717 4059 2950 4130 quidam
2985 4059 3255 4114 Pisitanaz
3278 4059 3542 4128 civitatis,
3566 4058 3658 4113 cui
3688 4075 3832 4114 voca
3857 4089 3863 4093 ι

2219 4130 2420 4184 bulum
2453 4137 2540 4185 est
2593 4131 2972 4196 Donatianus,
3007 4132 3076 4185 ad
3129 4133 3433 4185 stationem
3469 4131 3861 4201 potentissimi

2221 4203 2427 4256 medici
2461 4203 2738 4272 Stephani
2775 4203 3022 4257 advenit.
3059 4202 3141 4256 Ibi
3177 4203 3430 4273 denique
3465 4204 3697 4272 pulsans
3729 4203 3860 4257 ﬁdei

2220 4274 2452 4344 pietate,
2469 4274 2557 4328 die
2573 4279 3072 4344 octavo,tanquam
3094 4275 3403 4328 dominicae
3425 4274 3859 4344 resurrectionis

2219 4351 2609 4411 sacramento,
2632 4362 2759 4415 qua:
2795 4343 2941 4400 facta
2970 4354 3054 4400 est
3099 4361 3132 4398 a
3162 4345 3254 4398 die
3303 4347 3538 4414 quidem
3572 4343 3856 4415 passionis

2218 4417 2407 4481 tertio,
2432 4420 2526 4470 sed
2560 4416 2617 4468 in
2645 4418 2870 4470 dierum
2897 4433 3135 4472 numero
3160 4422 3286 4485 post
3308 4418 3620 4472 sabbatum
3639 4421 3859 4484 octavo,

2218 4504 2282 4541 eo
2315 4487 2424 4550 die,
2452 4493 2516 4541 ut
2546 4487 2688 4554 dixi,
2727 4505 2828 4558 per
2860 4488 3029 4542 ﬁdem
3066 4488 3260 4542 lumen
3295 4489 3596 4543 oculorum
3628 4489 3862 4557 recepit,

2218 4558 2450 4624 quando
2493 4558 2675 4614 lucem
2727 4560 3011 4614 mentium
3043 4558 3064 4591 ⁴
3115 4560 3425 4614 universus
3473 4560 3725 4614 mundus
3766 4575 3868 4628 per

2218 4630 2445 4684 Domini
2482 4630 2982 4686 Resurrectionem
3023 4631 3264 4701 excepit.
3301 4633 3406 4696 Qui
3441 4647 3572 4684 eum
3602 4637 3733 4686 vota
3757 4646 3868 4686 sua

2217 4703 2461 4772 cupiens
2493 4709 2692 4756 sancto
2719 4703 2950 4774 Martyri
2987 4703 3248 4774 reddere,
3283 4709 3613 4772 argenteam
3636 4703 3871 4757 oll'erret

2259 4791 2320 4828 ro
2351 4789 2456 4828 sua
2484 4775 2792 4829 devotione
2827 4773 3130 4829 candelam
3165 4773 3292 4844 (nec
3324 4774 3616 4828 immerito
3648 4775 3870 4828 cande-

2239 4861 2330 4899 am
2364 4846 2659 4911 offerebat,
2692 4846 2792 4916 qui
2823 4848 3018 4899 lumen
3055 4850 3368 4913 receperat)
3402 4861 3414 4910 ;
3449 4844 3496 4898 is
3540 4845 3871 4900 accersitus

2215 4935 2246 4969 a
2281 4917 2593 4969 venerabili
2628 4921 2918 4986 episcopo,
2949 4926 3120 4987 atque
3167 4917 3550 4982 interrogatus
3580 4922 3645 4970 ut
3693 4918 3745 4970 ei
3777 4917 3870 4971 di-

2215 4997 2363 5042 ceret
2399 4991 2536 5058 quid
2572 4989 2683 5042 sibi
2719 4990 3034 5058 praestitum
3062 4989 3609 5058 esset,quarciillud
3646 4990 3869 5042 donum

2211 5061 2464 5123 olicrrct,
2503 5057 2730 5114 astante
2770 5060 3040 5113 universa
3076 5057 3352 5122 Ecclesia,
3386 5057 3558 5112 etiam
3607 5076 3704 5112 ore
3737 5076 3874 5114 con-

2215 5133 2393 5185 fessus
2426 5137 2533 5195 est,
2569 5135 2718 5202 quod
2756 5138 2810 5184 et
2841 5132 3011 5185 corde
3043 5142 3090 5184 et
3140 5145 3400 5202 corpore,
3435 5130 3728 5200 spirituaii
3773 5149 3870 5186 ar-

2212 5204 2436 5257 chiatro
2469 5201 2732 5271 curante,
2758 5202 3130 5257 illuminatus
3165 5201 3425 5256 redditus
3457 5207 3566 5257 est.

2278 5451 2292 5483 1
2326 5446 2670 5494 Floriacensis
2689 5447 2764 5494 Ms
2795 5482 2806 5499 ,
2837 5444 3035 5504 fuisset
3067 5453 3374 5505 exemptus,
3398 5460 3467 5492 ex
3495 5459 3620 5508 quo,
3652 5447 3750 5494 etc.

2276 5511 2295 5543 2
2327 5511 2467 5556 Idem
2493 5509 2603 5563 bis,
2631 5523 2730 5569 per
2757 5511 3083 5566 fenestram.

2275 5575 2295 5605 ³
2328 5573 2412 5619 Sic
2441 5572 2785 5619 Floriacensis
2813 5572 2904 5618 Ms.
2937 5573 3002 5618 At
3033 5570 3178 5628 editi,
3211 5570 3396 5631 plena.

2273 5639 2291 5669 ι
2340 5634 2424 5682 Sic
2481 5634 2827 5683 Floriacensis
2877 5635 2967 5682 Ms.
3021 5634 3156 5682 Editi
3205 5647 3349 5687 vero,
3409 5632 3628 5693 quando
3687 5632 3863 5683 lucem

2209 5700 2482 5760 gentium.
