4146 6198
433 220 556 280 843

433 355 574 424 ipsaa
604 366 697 407 res
732 346 1065 424 mirabiliter
1098 343 1366 424 concordi
1399 341 1914 423 unitatecoirent;
1943 357 2081 424 pro-

432 413 580 480 fécto
596 429 828 492 putares
847 435 962 474 non
985 422 1103 471 tam
1125 416 1413 492 praeierita
1431 414 1672 492 narrari,
1691 429 1858 492 quam
1883 413 2079 484 potius

426 484 738 568 praesentia
782 484 1193 568 demonstrari.
1246 489 1330 568 Ita
1377 490 1554 552 enim,
1611 484 1766 568 quod
1813 500 2080 540 sermone

429 557 1076 638 prof'erebatur,__statim
1099 562 1277 638 etiam
1302 560 1422 638 ip_so
1443 557 1721 638 praesenti
1737 573 1923 638 _0pere
1955 572 2077 638 cer-

428 628 696 702 nebatur,
733 641 794 690 ut
823 628 936 689 alio
964 633 1216 704 quodam
1253 631 1458 701 majori
1507 628 1787 704 miraculo
1822 628 2077 704 mirabi-

428 711 576 765 liora
607 699 735 780 ipsa
767 699 1048 780 miracula
1080 699 1642 780 redderenturlQuis
1663 706 1782 780 tam
1806 699 1991 780 durus
2013 714 2079 753 ac

425 772 650 836 ferreus
683 795 794 834 non
827 777 887 831 in
933 779 1220 842 lacrymas
1259 773 1488 842 erupit?
1517 789 1632 826 non
1678 773 1748 825 ad
1801 772 2077 840 pietatem

425 851 937 921 humilitatemque
969 843 1205 921 defluxit
1225 845 1252 898 ‘I
1284 848 1424 921 Quis
1447 860 1703 921 unquam
1728 843 1905 921 digno
1929 859 2078 921 prte-

425 924 596 980 conio
628 922 788 991 loqui
819 913 1001 991 possit
1022 920 1050 972 ‘2
1083 919 1281 972 Fiebat
1311 913 1977 991 clamor’gratulationis
2003 913 2076 991 in

427 996 629 1050 auditu
663 985 968 1048 lectionis:
1004 1005 1234 1045 rursum
1280 1004 1509 1058 quoque
1559 987 1739 1056 major
1769 985 2076 1058 exsultatio

428 1066 788 1122 excitabatur
824 1064 882 1118 in
912 1067 1146 1131 aspectu
1178 1057 1423 1115 visionis
1444 1076 1457 1125 ;
1492 1075 1557 1113 ac
1581 1060 1665 1113 sic
1695 1073 1794 1128 per
1814 1057 2074 1131 auditum

427 1143 487 1193 et
514 1139 704 1194 visum
736 1127 1350 1206 penetrabat_flamma
1397 1131 1579 1206 divini
1620 1127 1836 1206 amoris
1877 1127 2076 1206 _omn_is

434 1217 568 1264 tunc
599 1225 696 1263 cor
736 1198 1014 1262 hominis.
1063 1204 1190 1259 Haec
1240 1208 1435 1258 autem
1484 1203 1621 1272 quia
1669 1201 1795 1272 sine
1843 1198 2076 1255 silentio

427 1281 722 1353 praeterire
751 1295 863 1334 non
890 1276 1073 1353 potui,
1101 1281 1327 1344 propter
1347 1271 1546 1353 eorum
1572 1272 1669 1353 qui
1693 1271 1792 1326 illo
1816 1276 2078 1341 tempore

427 1344 732 1407 adfuerant
763 1344 1103 1405 memoriam
1136 1347 1551 1407 renovandam,
1570 1344 1687 1398 sive
1711 1359 1908 1396 eorum
1929 1358 2076 1412 quos

425 1424 535 1478 ista
567 1423 825 1478 latebant
853 1435 1220 1494 nequaquam
1247 1418 1544 1494 scientiam
1572 1416 2027 1494 defraudandam
2058 1430 2071 1480 ;

430 1500 488 1548 et
516 1495 654 1564 quia
683 1495 783 1548 illa
812 1488 1392 1564 ipsa—continuoquaa
1424 1488 1844 1564 reeitatasunt,
1877 1488 2072 1564 statim

431 1557 601 1618 etiam
636 1583 668 1618 a
701 1557 983 1631 religiosis
1020 1557 1440 1629 plurimis'cum
1465 1559 1726 1631 clausula
1747 1574 1853 1611 sua
1876 1557 2072 1627 capta1

432 1639 568 1688 sunt
598 1640 769 1702 atque
799 1629 1090 1702 descripta
1112 1631 1376 1702 :idcirco
1399 1631 1466 1702 ad
1488 1629 1600 1702 alia
1622 1645 1746 1698 quae
1766 1635 2075 1702 consecuta

428 1711 567 1759 sunt
589 1698 902 1762 narranda,
931 1698 1062 1756 hinc
1084 1701 1397 1770 adjuvante
1420 1699 1868 1768 Domino,quasi
1893 1698 2074 1752 libelli

428 1776 669 1831 secundi
685 1774 986 1830 exordium
1003 1774 1387 1842 sumpsimus.
1405 1771 1666 1825 Referam
1682 1770 2070 1842 igiturvobis,

423 1846 778 1912 charissimi,
823 1844 1116 1914 adjutorio
1147 1840 1397 1897 'Domini
1441 1840 2070 1914 nostri_Jesu_Christi,

421 1917 612 1973 adhuc
645 1911 924 1986 Stephani
953 1913 1178 1986 patroni
1213 1912 1543 1986 communis
1574 1911 2071 1986 mirabiliagestts

419 1988 508 2043 rei
525 1983 842 2055 multisque
864 1983 1009 2040 bene
1031 1983 1395 2039 notissimam
1420 1984 1475 2038 id
1503 1984 1733 2039 laudem
1753 1994 1806 2038 et
1828 1983 2068 2052 gloriam

427 2058 525 2114 Dei
558 2055 996 2114 memorabilem
1030 2056 1357 2111 historiam.

426 2180 654 2238 CAPUT
687 2183 756 2238 ΙΙ.
786 2213 855 2221 ——
887 2183 959 2236 De
988 2181 1232 2251 Megetia
1279 2196 1397 2250 quae
1435 2179 1684 2251 paralysi
1731 2181 1914 2247 fuerat
1941 2196 2070 2252 per-

497 2271 677 2320 cussa,
723 2270 842 2325 qua
876 2255 1020 2309 inter
1066 2252 1400 2325 medicorum
1441 2252 1972 2325 maenada/ccam,
2021 2259 2073 2308 el

499 2322 814 2382 currens—ad
831 2335 1077 2380 sanctum
1101 2323 1439 2394 Stephanum
1459 2339 1492 2377 a
1516 2322 1726 2395 duplici
1749 2325 2073 2394 inﬁrmitate

497 2403 695 2453 curata
722 2405 819 2453 est.

496 2489 550 2541 1.
585 2485 1054 2557 Carthaginensis
1091 2484 1340 2540 civitatis
1385 2484 1648 2556 qumdam
1693 2484 1822 2550 fuit,
1858 2483 2071 2540 nobilis

422 2573 651 2629 genere,
688 2559 939 2615 nobilior
985 2558 1195 2613 Christi
1249 2558 1378 2623 fide,
1415 2557 1653 2629 Megetis
1696 2558 1950 2629 nomine,
1984 2559 2068 2611 di-

418 2628 519 2686 ves
549 2632 607 2686 in
639 2631 878 2695 steculo,
911 2629 1083 2684 ditior
1112 2630 1171 2684 in
1204 2629 1359 2684 Deo:
1393 2629 1486 2682 cui
1532 2628 1853 2682 christiana
1887 2634 2073 2683 mater

419 2705 545 2757 erat
575 2703 811 2758 nomine
841 2701 1065 2756 Vitula:
1102 2701 1309 2772 pagani
1330 2705 1522 2754 autem
1547 2705 1710 2772 erant
1730 2701 1989 2768 maritus,
2014 2704 2072 2755 et

418 2789 603 2838 socer,
640 2778 698 2828 et
730 2779 912 2844 pater.
948 2773 1076 2828 Hinc
1104 2771 1240 2827 cum
1285 2772 1343 2844 in
1375 2781 1538 2844 utero
1569 2771 1830 2840 haberet,
1863 2777 2070 2843 quarto

422 2860 626 2900 mense
655 2842 966 2914 conceptus
997 2845 1111 2910 sui,
1145 2842 1338 2898 nescio
1363 2843 1518 2898 unde
1550 2842 1894 2898 nauseando
1912 2845 2071 2911 prius

423 2932 488 2970 ac
522 2915 859 2984 rejiciendo,
891 2917 1030 2988 dum
1066 2915 1428 2988 frequentius
1463 2919 1757 2985 pateretur
1786 2915 2071 2988 stomachi

422 2989 865 3042 concussionem
897 2987 1128 3057 orisque
1151 2986 1568 3040 distensionem
1593 2991 1648 3040 et
1669 2987 2072 3057 vomituspro-

421 3058 809 3121 vocationem,
862 3059 917 3112 in
980 3055 1317 3129 pravitatem
1387 3062 1722 3129 pestemque
1786 3055 2070 3129 paralysis

424 3146 604 3185 causa
633 3132 909 3200 perducta
942 3128 1050 3197 est,
1084 3131 1160 3182 ita
1192 3133 1255 3182 ut
1286 3128 1537 3182 exclusis
1558 3145 1589 3180 a
1610 3128 1747 3182 locis
1771 3129 1893 3183 suis
1924 3128 2070 3198 ipsis

424 3200 1028 3256 cardinibusdentium
1045 3201 1482 3266 etarteriarum,
1497 3215 1860 3270 nequaquam
1879 3203 2073 3269 posset

425 3273 654 3343 dilapsa
683 3289 781 3326 ora
811 3273 1230 3342 constringere,
1267 3287 1451 3341 neque
1473 3272 1697 3343 pervios
1728 3275 1898 3343 atque
1929 3271 2071 3343 inte-

421 3340 563 3414 gros
591 3344 764 3414 palati
800 3349 986 3397 motus
1012 3340 1319 3413 ac'linguas
1344 3340 1409 3396 ad
1430 3341 1654 3414 aliquid
1680 3340 1764 3414 vel
1790 3358 1884 3397 ore
1908 3341 2070 3396 emit-

421 3413 690 3478 tendum,
723 3414 811 3470 vel
845 3416 900 3468 in
923 3431 985 3470 os
1008 3415 1403 3484 recipiendum
1429 3413 1660 3468 habere.
1690 3413 2072 3468 Remanserat

420 3486 480 3540 in
514 3487 726 3541 femina
758 3486 852 3557 pia
872 3492 928 3540 et
959 3486 1239 3556 pudorata
1270 3484 1549 3540 deformis
1579 3484 1817 3557 quidam
1837 3489 1900 3557 et
1915 3501 2069 3539 aver-

423 3558 643 3628 sandus
693 3555 981 3628 aspectus,
1016 3563 1072 3612 et
1104 3557 1180 3610 ibi
1228 3556 1355 3610 vitii
1408 3555 1633 3609 macula
1683 3555 1905 3623 corpori
1949 3559 2073 3610 erat

419 3627 618 3696 inﬁxa,
656 3627 771 3683 ubi
809 3628 1006 3699 utique
1060 3643 1429 3699 nequaquam
1463 3630 1658 3699 posset
1689 3642 1813 3680 esse
1844 3628 2065 3682 celata:

419 3699 600 3770 facies
632 3703 850 3770 quippe
879 3697 1021 3766 erat,
1056 3700 1125 3753 de
1148 3715 1264 3768 qua
1311 3697 1542 3770 quidam
1594 3698 1838 3763 dixerat,
1889 3699 2070 3754 Frons

420 3769 1012 3842 hominem'praefert,
1073 3787 1200 3840 quae
1258 3770 1372 3839 tegi
1428 3769 1552 3842 sine
1619 3770 2068 3842 dedecorehnon

423 3846 634 3911 potest.
659 3840 1008 3898 Caet'erorum
1029 3857 1283 3911 namque
1305 3841 1696 3912 membrorum
1720 3857 1853 3895 cum
1873 3840 2068 3912 aliquo

425 3914 562 3967 vitio
593 3913 785 3968 ofﬁcia
830 3914 1286 3983 praepediuntur,
1339 3911 1622 3966 nonnulla
1655 3912 1942 3967 industria
1973 3911 2071 3967 ru-

420 3984 547 4038 bori
579 3984 1022 4038 subtrahuntur.
1055 3987 1126 4038 At
1156 3999 1289 4038 vero
1319 3999 1449 4038 cum
1493 3983 1617 4053 ipse
1646 3983 1841 4038 vultus
1877 3985 2070 4053 aliqua

423 4056 598 4109 fuerit
630 4057 886 4111 fmditate
917 4065 1200 4124 turpatus,
1233 4055 1518 4126 quidquid
1537 4061 1765 4126 pr0pter
1795 4072 2068 4111 verecun-

424 4127 580 4182 diam
615 4128 879 4200 tegminis
929 4127 1259 4192 adhibetur,
1313 4127 1442 4200 ipsa
1485 4128 1832 4200 verecundia
1883 4127 2068 4200 magis

421 4197 702 4267 augetur:
735 4200 879 4262 Quid
926 4216 1060 4269 ergo
1113 4202 1324 4253 faceret
1356 4197 1566 4252 nobilis
1601 4204 1880 4266 matrona,
1909 4197 2068 4252 vela-

423 4276 615 4323 mento
647 4271 1012 4325 abscondens
1042 4287 1141 4324 ora
1172 4270 1391 4331 vitiata,
1425 4269 1563 4322 dum
1599 4269 1962 4322 venientibus
1985 4287 2068 4323 sa-

415 4340 667 4410 lutatum
721 4342 790 4394 ad
839 4357 901 4395 se
943 4357 1102 4410 aeque
1145 4339 1274 4393 aliis
1315 4339 1612 4393 nobilibus
1663 4339 1913 4404 feminis,
1963 4346 2066 4396 aut

414 4409 679 4480 osculum
712 4410 869 4475 dare,
901 4409 1357 4464 aut’sermonem
1393 4409 1675 4476 conferre,
1715 4410 1903 4480 ipsius
1937 4413 2062 4467 vita:

414 4479 659 4551 societas
705 4489 878 4551 atque
926 4480 1260 4534 humanitas
1307 4481 1700 4550 compulisset,
1736 4479 1798 4536 ut
1839 4487 2061 4538 taceam

411 4551 492 4623 de
514 4550 641 4606 cibo
672 4555 729 4606 et
758 4550 918 4622 potu,
967 4553 1113 4620 quod
1145 4552 1236 4606 vix
1265 4567 1414 4622 aegre
1462 4557 1686 4623 poterat
1710 4555 2061 4610 manducare

412 4621 497 4696 vel
534 4621 769 4678 haurire
797 4623 824 4678 ‘I
854 4628 1115 4696 Namque
1145 4621 1898 4696 ingenium—industriaque
1940 4642 2061 4680 me-

409 4695 672 4751 dicorum
720 4696 819 4751 diu
870 4695 1238 4766 multumque
1288 4696 1442 4750 circa
1494 4711 1617 4752 eam
1666 4696 2056 4752 laborantium

406 4767 654 4837 frustra,
690 4785 804 4823 non
837 4768 1028 4824 solum
1075 4768 1221 4824 nihil
1269 4767 1475 4822 salutis
1515 4767 1565 4822 ei
1598 4768 1855 4823 conferre
1906 4777 2057 4838 pote-

406 4842 517 4910 rat,
552 4854 752 4910 verum
797 4840 972 4895 etiam
1008 4841 1066 4894 in
1102 4839 1353 4895 deterius
1404 4855 1581 4893 causa
1614 4839 1904 4910 pergebat.
1939 4839 2055 4895 Nec

406 4907 737 4982 immerito:
773 4912 843 4965 ab
887 4910 985 4966 illo
1028 4911 1181 4966 enim
1242 4911 1539 4982 conditore
1589 4907 1643 4965 et
1688 4907 2054 4982 redemptore

402 4980 594 5036 omnis
627 4987 844 5036 natura:
897 4983 1009 5036 Deo
1062 4983 1319 5036 nondum
1373 4982 1430 5036 in
1477 4981 1574 5035 illa
1607 4980 2049 5052 reformab'atur,

400 5053 550 5120 quod
595 5053 824 5107 nonnisi
861 5056 986 5120 ejus
1015 5052 1223 5107 virlute
1273 5056 1573 5118 formatur,
1608 5056 1774 5122 cujus
1806 5071 2052 5109 censura

397 5138 567 5176 omne
598 5123 854 5196 hominis
889 5140 1100 5194 corpus
1136 5129 1222 5196 et
1249 5123 1562 5196 disciplina
1612 5126 2048 5196 constringitur,
2096 5191 2098 5196 _

394 5197 450 5247 et
485 5193 773 5250 medicina
809 5193 1058 5250 laxatur.
1101 5194 1225 5249 Tali
1283 5195 1461 5264 igitur
1509 5197 1771 5250 confecta
1804 5193 2048 5252 mderore

391 5280 455 5317 ac
509 5265 727 5334 dolore,
779 5282 882 5321 nec
938 5282 1449 5338 quorumcumque
1509 5267 1898 5322 remediorum
1950 5275 2046 5323 aut

392 5338 950 5392 medicamentorum
997 5337 1113 5391 ullo
1165 5339 1364 5405 adjuta
1407 5337 1710 5406 levamine,
1764 5340 1882 5394 fere
1919 5342 2042 5409 jam

384 5413 542 5462 sexto
597 5425 818 5472 mense,
867 5410 1218 5463 tabefactum
1278 5415 1462 5463 fuerat
1522 5410 1779 5464 delicatae
1837 5427 2043 5476 corpus

381 5478 732 5550 animusque
769 5481 994 5552 puellae.
1031 5482 1112 5535 Ob
1147 5497 1318 5549 quam
1352 5497 1470 5535 rem
1499 5482 1673 5536 etiam
1705 5481 1850 5536 illud
1888 5484 2040 5552 quod

377 5553 638 5625 gestabat
670 5570 703 5606 a
734 5551 900 5625 vitali
921 5552 1124 5620 spiritu
1151 5555 1275 5618 jam
1301 5553 1673 5625 destitutum,
1701 5553 1852 5607 intra
1874 5551 2040 5623 septa

376 5622 989 5695 viscerum_re_tine_bat
1022 5627 1393 5695 emortuum,
1437 5622 1522 5695 Its
1570 5639 1703 5678 cum
1737 5627 1894 5695 prius
1926 5622 2036 5680 sub

378 5698 496 5739 uno
529 5686 814 5755 paralysis
840 5691 982 5748 vitio
1010 5692 1133 5761 jam
1188 5693 1313 5762 ipsa
1343 5693 1456 5748 vita
1489 5686 1761 5762 horreret,
1796 5695 2038 5752 accessit

447 5829 469 5867 ι
497 5829 653 5881 Forte
677 5833 972 5896 legendum,
1004 5849 1272 5904 concepta.
1310 5842 1380 5891 M.

1169 208 1592 270 APPENDIX.
1637 237 1711 253 -
1758 207 1860 268 DE
1903 205 2332 269 MIRACULIS
2378 204 2649 266 SANCTI
2696 204 3092 266 STEPHANI

3710 211 3833 269 844

2188 339 2349 394 aliud
2379 339 2613 413 gravius
2633 344 2690 413 et
2712 339 3120 411 periculosius,
3145 339 3297 413 unde
3319 356 3423 396 nec
3444 340 3577 411 ipsa
3597 342 3832 413 quidem

2189 414 2413 468 vivendi
2443 410 2794 484 possibilitas
2822 415 3193 484 remaneret.
3234 410 3378 467 Nam
3433 410 3484 468 si
3526 410 3722 484 puella
3750 417 3836 470 sic

2190 484 2474 556 defecerat
2504 484 2613 537 sub
2643 483 2832 538 vitiosi
2887 483 3023 556 oris_
3047 483 3264 551 labore,
3307 483 3601 556 quomodo
3642 492 3840 556 posset

2189 554 2376 610 vivere
2406 571 2536 610 cum
2569 563 2927 610 mortuorum
2975 553 3264 609 viscerum
3296 553 3700 626 cellapsione?
3729 559 3838 614 Se-

2187 628 2409 699 ptimus
2434 626 2655 699 mensis
2675 627 3009 699 incesserat,
3033 642 3147 680 non
3179 626 3376 681 vultus
3401 630 3638 698 pestifer
3658 646 3692 685 a
3715 647 3841 699 pra-

2184 697 2358 754 vitate
2399 697 2736 765 exuebatur,
2773 714 2887 752 non
2929 697 3091 752 alvus
3121 713 3295 753 onere
3325 697 3553 755 martuo
3584 697 3838 757 exueba-

2186 775 2301 824 tur.
2356 771 2600 825 Pontius
2663 784 2816 834 vero,
2877 768 3133 840 Megetiae
3185 774 3369 838 pater,
3421 787 3584 826 socer
3641 782 3838 828 autem

2184 841 2504 909 Avitianus,
2555 846 2612 895 et
2671 842 2917 895 maritus
2968 840 3337 913 AAdventius,
3393 847 3590 913 utpote
3647 845 3839 900 adhuc

2186 913 2527 984 gentilitatis
2573 913 2868 984 erroribus
2917 910 3198 984 adstricti,
3239 910 3530 984 quidquid
3580 931 3695 970 non
3740 932 3841 972 so-

2184 981 2305 1039 lum
2342 999 2443 1059 per
2481 983 2827 1059 industriam
2877 981 3274 1059 medicorum;
3298 981 3495 1039 verum
3527 985 3699 1059 eiiam
3736 1003 3838 1059 per

2185 1063 2336 1111 artes
2380 1055 2799 1110 daemoniorum
2855 1070 2919 1108 ac
2970 1055 3506 1125 superstitiosarum
3558 1055 3840 1125 ﬁgmenta

2184 1127 2530 1193 vanitatum,
2565 1127 2734 1196 quasi
2776 1141 2876 1200 pro
2920 1125 3039 1180 vita
3086 1126 3542 1200 intermorientis
3575 1125 3838 1200 Megetim

2186 1204 2452 1269 poterant
2500 1202 2806 1262 attentare,
2841 1198 3072 1269 frustra,
3103 1198 3342 1254 omnino
3383 1204 3556 1268 atque
3587 1198 3838 1257 ina—niter

2183 1268 2570 1325 desudabant.
2606 1269 2716 1324 Sed
2750 1284 2912 1324 error
2941 1268 3317 1340 infelix,quid
3351 1271 3527 1326 saluti
3561 1271 3836 1328 humana

2182 1347 2240 1396 te
2271 1340 2538 1414 crede_res
2571 1356 2740 1414 posse
2770 1340 3054 1405 conferre,
3079 1356 3254 1414 quam
3289 1342 3571 1398 studuisti
3603 1360 3838 1414 semper

2183 1411 2459 1466 auferre?
2487 1412 2715 1466 Ref’ellit
2762 1417 2818 1465 te
2862 1428 2968 1466 vox
3016 1413 3274 1466 veritatis
3322 1414 3380 1467 in
3416 1411 3834 1471 sacratissimis

2184 1484 2458 1547 Psalmis,
2489 1489 2824 1557 contestans
2875 1483 3221 1557 generaliter
3251 1488 3307 1538 et
3353 1486 3620 1551 breviter,
3653 1504 3685 1541 a
3715 1503 3831 1557 quo

2180 1572 2312 1610 vere
2344 1557 2414 1627 sit
2440 1556 2632 1610 omnis
2683 1555 2842 1608 salus
2890 1555 3096 1608 animae
3143 1557 3540 1627 corporisque,
3583 1555 3831 1613 dicens:

2185 1626 2409 1680 Domini
2440 1635 2516 1680 est
2543 1635 2694 1680 satus
2724 1627 2897 1694 (Psal.
2931 1642 3016 1690 III,
3047 1626 3125 1696 9).
3160 1627 3279 1681 Soli
3320 1626 3475 1682 enim
3525 1628 3642 1684 Deo
3676 1637 3833 1686 recte

2180 1704 2464 1765 cantatur,
2499 1699 2752 1752 Homines
2781 1701 2828 1770 et
2850 1699 3106 1767 jumenta
3143 1699 3320 1753 salvos
3367 1699 3558 1770 facies,
3601 1700 3834 1757 Domine

2181 1770 2368 1843 (Psal_._
2388 1785 2560 1836 xxxv,
2590 1772 2666 1838 7).
2701 1769 2808 1833 Qui
2841 1771 3116 1839 dignatus
3139 1775 3224 1824 est
3254 1769 3468 1840 creare,
3513 1773 3635 1842 ipse
3670 1789 3831 1843 pror-

2179 1857 2283 1894 sus
2314 1840 2591 1910 dignatus
2621 1845 2709 1894 est
2735 1846 2791 1894 et
2821 1856 3043 1894 sanare.

2246 1912 2301 1964 2.
2337 1910 2580 1965 Proinde
2610 1910 2725 1965 illis
2745 1911 3082 1966 memoratis
3116 1912 3379 1982 personis
3401 1911 3499 1968 diu
3523 1913 3582 1968 in
3609 1914 3827 1970 talibus

2175 1981 2389 2037 frustra
2417 1981 2836 2048 laborantibus,
2870 1988 2926 2038 et
2947 1999 3060 2037 non
3087 1981 3344 2052 carpare,
3367 1985 3467 2038 sed
3486 1986 3655 2040 corde
3681 1987 3823 2041 dor-

2179 2053 2547 2120 mitantibus,
2579 2069 2710 2109 ecce
2741 2055 2890 2109 Deus
2921 2053 3014 2109 ille
3048 2056 3327 2124 magister
3349 2055 3450 2125 qui
3474 2073 3587 2111 non
3610 2058 3827 2112 dormit

2179 2141 2366 2200 neque
2393 2125 2690 2200 dormitat,
2721 2127 2821 2196 qui
2852 2125 3106 2200 custodit
3135 2127 3311 2181 Israel
3353 2126 3529 2193 (Psal.
3569 2145 3694 2197 cxx,
3726 2129 3782 2200 4)
3808 2144 3823 2197 ;

2176 2198 2301 2268 ipse
2331 2197 2505 2265 Deus,
2540 2199 2802 2267 inquam,
2834 2197 2926 2250 cui
2958 2213 3096 2251 cura
3129 2203 3219 2252 est
3249 2214 3351 2268 pro
3375 2197 3827 2268 omnibus(Sap.

2175 2285 2252 2334 v1,
2284 2269 2361 2334 8),
2396 2269 2727 2339 religiosam
2758 2268 3037 2333 Vitulam,
3071 2269 3323 2340 Megetiae
3356 2276 3625 2339 matrem,
3659 2271 3818 2326 ﬁdeli

2175 2340 2364 2395 calore
2393 2342 2711 2404 succendit,
2743 2346 2918 2410 atque
2950 2344 3014 2394 ut
3036 2341 3106 2393 ad
3130 2341 3350 2395 domini
3373 2341 3557 2396 Amici
3580 2343 3672 2396 sui
3695 2344 3822 2398 Ste-

2177 2413 2355 2484 phani
2385 2412 2724 2483 suffragium
2752 2419 3098 2484 accurreret,
3134 2412 3456 2481 inspiravit.
3482 2415 3691 2479 Quam,
3725 2416 3819 2469 ubi

2179 2484 2481 2539 benedicta
2515 2484 2726 2538 femina
2747 2483 2803 2537 in
2826 2489 3180 2538 sacratarum
3206 2484 3585 2554 reliquiarum
3607 2485 3734 2541 loco
3753 2489 3821 2542 de

2178 2557 2617 2626 Carthaginensi
2652 2558 2791 2609 urbe
2824 2557 2891 2608 ad
2931 2554 3268 2610 Uzalensem
3298 2557 3546 2626 profecta
3577 2568 3685 2624 est,
3713 2558 3820 2612 mi-

2177 2626 2671 2682 sericordissimus
2687 2627 2971 2681 Dominus
2989 2632 3044 2680 et
3067 2627 3372 2682 miserator
3391 2631 3635 2698 excepit,
3654 2646 3822 2684 exau-

2177 2700 2335 2765 divit,
2370 2699 2611 2768 adjnvit,
2658 2708 2831 2768 atque
2863 2698 2932 2752 de
2965 2699 3081 2752 tilia
3110 2708 3432 2768 compotem
3469 2701 3623 2767 fecit,
3656 2717 3722 2755 ac
3751 2701 3822 2756 de

2179 2769 2408 2825 diabolo
2439 2771 2768 2825 adversario
2809 2775 3079 2840 superato
3130 2771 3424 2826 victricem
3456 2772 3823 2841 triumphare

2180 2843 2460 2912 permisit.
2516 2842 2632 2896 Dici
2686 2858 2798 2895 non
2852 2852 3030 2912 potest
3065 2842 3288 2913 quibus
3335 2841 3433 2896 illa
3481 2845 3575 2913 pia
3605 2845 3824 2898 femina

2175 2911 2436 2967 Amicum
2473 2913 2571 2967 Dei
2614 2913 2905 2967 flebilibus
2952 2911 3194 2967 vocibus
3245 2914 3414 2968 fuerit
3443 2911 3728 2983 aggressa,
3764 2919 3824 2970 et

2177 2989 2393 3053 quanta
2423 3000 2554 3038 cum
2586 2984 2967 3056 miseratione,
2998 2983 3370 3056 anteilimina
3400 2985 3628 3056 gloriosi
3665 2986 3823 3040 hlar-

2177 3060 2322 3127 tyris
2344 3060 2624 3122 prostrata
2646 3055 2857 3110 effusos
2881 3055 2972 3110 sui
2997 3055 3188 3110 cordis
3211 3055 3438 3127 dolores
3457 3056 3824 3126 expresserit,

2179 3126 2238 3181 in
2298 3126 2418 3181 haec
2475 3127 2650 3180 verba
2721 3143 3156 3196 prorumpens:
3207 3126 3451 3181 Domine
3509 3127 3824 3198 Stephane,

2177 3197 2391 3254 Christi
2438 3201 2646 3259 amice,
2695 3198 2933 3253 subveni
2979 3199 3151 3252 matri
3195 3198 3442 3267 miserae,
3477 3200 3547 3253 ad
3596 3197 3650 3254 te
3688 3217 3826 3255 con-

2179 3269 2418 3340 fugienti
2459 3286 2560 3338 pro
2592 3267 2779 3324 salute
2831 3268 3213 3340 periclitantis
3263 3270 3414 3325 ﬁlias.
3452 3270 3552 3325 Hic
3598 3277 3652 3326 te
3694 3287 3822 3338 ergo

2180 3340 2515 3411 planctibus
2563 3357 2682 3405 oro,
2711 3340 2831 3395 illic
2861 3347 2917 3395 te
2944 3340 3153 3394 ancilla
3198 3347 3300 3395 tua
3332 3347 3668 3411 praesentem
3701 3359 3826 3398 me-

2179 3412 2374 3467 dicum
2425 3413 2640 3467 sentiat
2692 3413 2958 3483 imploro.
3011 3412 3130 3465 Scis
3179 3413 3305 3483 ipse
3333 3413 3602 3483 qualibus
3630 3413 3826 3469 eausis

2179 3485 2397 3538 laboret
2430 3483 2698 3553 Megetis,
2732 3488 2789 3538 et
2818 3484 2875 3537 in
2909 3499 3023 3555 quo
3061 3483 3188 3537 vitae
3221 3483 3563 3539 discrimine
3591 3486 3669 3539 sit
3688 3499 3828 3541 con-

2178 3555 2395 3609 stituta.
2430 3555 2572 3609 Ecce
2621 3556 2775 3609 enim
2825 3571 2892 3610 ex
2941 3559 3156 3626 quanto
3206 3560 3462 3626 tempore
3500 3557 3677 3626 jacet,
3711 3557 3822 3611 mi~

2177 3642 2305 3682 sera
2336 3631 2454 3681 toto
2486 3642 2745 3696 corpore,
2776 3633 2830 3680 et
2862 3625 3111 3697 paralysi
3160 3625 3462 3694 dissoluta,
3495 3625 3554 3682 et
3582 3629 3827 3682 visceri-

2179 3699 2288 3753 bus
2322 3698 2625 3770 tabefacta.
2683 3697 3013 3770 Proximum
3059 3701 3147 3752 est
3195 3704 3413 3763 autem,
3464 3702 3528 3753 ut
3572 3699 3827 3770 septimo

2181 3786 2378 3824 mense
2417 3769 2720 3838 completo,
2755 3769 3283 3840 comprehendatur
3323 3771 3392 3825 ab
3435 3769 3659 3824 octavo.
3686 3770 3826 3826 Om-

2179 3858 2281 3896 nes
2337 3843 2642 3911 desperant
2693 3841 2764 3895 de
2820 3843 3007 3896 salute
3067 3842 3354 3912 Megetiaa:
3407 3857 3512 3912 ego
3572 3859 3696 3910 quas
3756 3842 3827 3896 ad

2177 3912 2469 3966 Christum
2502 3918 2558 3966 et
2589 3917 2666 3974 te,
2697 3912 2960 3966 Amicum
3003 3912 3155 3981 ejus,
3185 3913 3439 3981 confugi,
3472 3913 3642 3968 credo
3729 3913 3827 3969 uia

2177 3985 2310 4038 talis
2343 3983 2533 4038 luctus
2564 3983 2634 4038 de
2666 3983 2785 4036 filia
2817 4000 2931 4038 non
2962 3983 3034 4037 im
3049 3989 3293 4038 ponetur
3313 3983 3487 4038 capiti
3515 4001 3660 4038 meo.
3685 3929 3824 4038 Peto

2176 3985 2310 4038 talis
2343 3983 2533 4038 luctus
2564 3983 2634 4038 de
2666 3983 2785 4036 filia
2817 4000 2931 4038 non
2962 3983 3034 4037 im
3049 3989 3293 4052 ponetur
3313 3983 3487 4053 capiti
3515 4001 3660 4039 meo.
3687 3983 3824 4040 Peto

2177 4061 2373 4110 autem
2425 4060 2478 4108 et
2527 4071 2687 4125 rogo,
2720 4061 2804 4120 ut,
2841 4070 2975 4125 cum
3028 4055 3163 4110 hinc
3194 4072 3226 4108 a
3255 4071 3470 4110 corona
3503 4061 3599 4110 tua
3631 4072 3825 4111 rever-

2176 4131 2303 4181 tens
2338 4124 2676 4180 festinanter
2702 4129 2769 4180 ad
2805 4124 3076 4180 ancillam
3130 4132 3289 4180 tuam
3324 4127 3614 4196 proficisci
3643 4144 3827 4194 coepe-

2176 4215 2258 4265 ro,
2293 4206 2584 4252 recreetur
2613 4197 2805 4252 anima
2839 4214 2968 4252 mea
2998 4198 3068 4252 de
3101 4197 3218 4251 filia
3250 4197 3448 4268 aliquo
3481 4201 3684 4253 nuntio
3721 4200 3821 4253 bo-

2177 4286 2268 4322 no.
2314 4269 2409 4323 His
2459 4274 2516 4323 et
2559 4268 2770 4324 horum
2823 4268 3114 4323 similibus
3163 4270 3364 4322 multis
3404 4269 3672 4323 affatibus
3720 4269 3819 4324 ubi

2175 4342 2317 4394 satis
2347 4341 2469 4394 visa
2498 4344 2584 4393 est
2616 4342 2724 4394 sibi
2758 4340 3030 4394 idoneum
3082 4339 3431 4394 instruxisse
3475 4343 3820 4396 advocatum

2173 4417 2440 4465 sanctum
2473 4411 2830 4483 Stephanum
2864 4411 3020 4483 apud
3045 4411 3305 4481 judicem
3337 4411 3655 4483 Christum,
3689 4429 3822 4483 pro-

2173 4429 2440 4465 sancwm
2473 4429 2830 4481 stepnanum
2864 4429 3020 4536 apud
3045 4429 3305 4481 Juoicem
3337 4429 3655 4481 uariatum,
3689 4429 3822 4483 pro-

2172 4498 2304 4553 pere
2337 4483 2405 4536 ad
2453 4482 2814 4538 revisendam
2863 4483 2896 4536 ﬁ
2930 4483 3066 4550 iam,
3113 4499 3291 4537 unam
3334 4491 3386 4537 et
3421 4482 3604 4538 solam
3651 4499 3822 4538 suam

2171 4553 2481 4608 maximam
2529 4570 2746 4621 curam,
2800 4559 2986 4609 mater
3036 4553 3461 4624 parturibunda
3492 4556 3820 4610 revertitur.

2167 4624 2369 4680 Oleum
2403 4629 2597 4680 tamen
2631 4627 3082 4692 sanctificatum,
3126 4633 3179 4679 et
3227 4625 3481 4680 orarium
3517 4626 3600 4681 vel
3635 4629 3822 4682 suda-

2167 4697 2311 4768 rium
2343 4698 2706 4752 orationum‘
2745 4713 2984 4752 suarum
3027 4697 3437 4768 sudorumque
3475 4713 3577 4768 pro
3623 4696 3821 4754 salute

2165 4767 2295 4822 ﬁliae
2327 4768 2642 4824 laborantis
2674 4770 3098 4835 testimonium,
3132 4786 3166 4823 a
3197 4767 3347 4823 beati
3390 4767 3665 4837 Martyris
3698 4774 3818 4826 Me-

2165 4839 2347 4894 moria
2377 4855 2574 4895 secum
2601 4841 2814 4910 pariter
2844 4839 3196 4911 reportabat.
3231 4839 3373 4894 Ecce
3404 4839 3585 4909 igitur
3610 4839 3667 4894 in
3702 4843 3815 4907 via,

2163 4925 2292 4964 cum
2325 4911 2804 4966 declinandorum
2837 4912 3314 4983 aestuumgratia
3347 4913 3505 4983 (nam
3546 4912 3815 4968 aestivum

2160 4985 2389 5053 tempus
2430 4988 2575 5050 erat,
2626 4999 2740 5054 quo
2792 4983 2997 5052 igneus
3038 4982 3121 5037 sol
3150 4988 3335 5054 terras
3359 4982 3590 5054 urebat)
3619 4998 3815 5038 seces-

2158 5056 2351 5120 sisset,
2385 5054 2576 5109 subito
2605 5053 2938 5109 adveniente
2992 5053 3198 5109 nuntio
3245 5054 3468 5124 accepit
3518 5053 3748 5109 litteras
3779 5071 3815 5110 a

2155 5126 2276 5179 viro
2312 5142 2416 5180 suo
2449 5127 2518 5180 de
2548 5126 2890 5192 Carthagine
2922 5125 3193 5194 directas,
3219 5126 3369 5181 sicut
3392 5125 3662 5194 precibus
3686 5127 3813 5182 suis

2155 5196 2566 5267 postulaverat,
2620 5197 2678 5251 in
2739 5198 2948 5268 quibus
2997 5197 3249 5268 proxime
3300 5198 3492 5251 futura
3537 5195 3808 5268 liberatio

2157 5269 2282 5321 filia:
2316 5269 2644 5338 signiﬁcata
2675 5267 2816 5323 erat.
2850 5267 3284 5324 Nam’mensem
3314 5273 3580 5324 octavum
3623 5267 3810 5325 altera

2153 5339 2244 5393 die
2276 5340 2612 5411 ingressura
2645 5339 2761 5394 filia
2791 5339 3106 5408 dicebatur,
3151 5339 3578 5410 aliquantulum
3611 5345 3806 5395 tamen

2151 5413 2400 5482 vegetior
2424 5427 2573 5478 esse,
2607 5415 2663 5465 et
2693 5411 2784 5465 sui
2817 5413 2938 5482 jam
2991 5417 3188 5478 partus
3237 5412 3407 5482 signa
3453 5411 3803 5482 praecedere,

2149 5487 2204 5536 et
2236 5489 2382 5538 bono
2414 5485 2608 5537 animo
2641 5482 2800 5538 illam
2835 5485 2904 5539 de
2944 5483 3060 5537 ﬁlia
3091 5497 3219 5538 esse
3249 5482 3475 5537 debere.
3510 5483 3672 5546 Quod
3713 5489 3802 5538 to-

2147 5557 2271 5626 tum
2305 5553 2586 5626 religiosae
2621 5553 2821 5609 Vitulsa
2863 5555 3219 5626 matriLnon
3251 5569 3348 5609 ore
3378 5554 3664 5626 humano,
3696 5554 3796 5610 sed

2145 5625 2340 5682 divino
2369 5625 2600 5682 oraculo
2631 5625 3028 5683 nuntiabatur.
3058 5625 3160 5682 His
3189 5626 3368 5697 igitur
3399 5625 3605 5698 primis
3636 5632 3794 5683 voto-

2208 5856 2221 5890 ί
2256 5852 2489 5916 Ulimm.,
2518 5855 2865 5916 grationum.
