  <div class='ocr_page' id='page_1' title='image "/cluster/home/n/w/nwhite01/storage/ocr_20150623/41/hvd.32044096580634/428.png"; bbox 0 0 4134 6198; ppageno 0'>
   <div class='ocr_carea' id='block_1_1' title="bbox 466 225 584 288">
    <p class='ocr_par' dir='ltr' id='par_1_1' title="bbox 466 225 584 288">
     <span class='ocr_line' id='line_1_1' title="bbox 466 225 584 288; baseline -0.017 0"><span class='ocrx_word' id='word_1_1' title='bbox 466 225 584 288; x_wconf 71' lang='grc'>845</span> 
     </span>
    </p>
   </div>
   <div class='ocr_carea' id='block_1_2' title="bbox 465 359 2110 432">
    <p class='ocr_par' dir='ltr' id='par_1_2' title="bbox 465 359 2110 432">
     <span class='ocr_line' id='line_1_2' title="bbox 465 359 2110 432; baseline 0.001 -18"><span class='ocrx_word' id='word_1_2' title='bbox 465 375 596 414; x_wconf 88' lang='lat' dir='ltr'>rum</span> <span class='ocrx_word' id='word_1_3' title='bbox 626 375 862 415; x_wconf 88' lang='lat' dir='ltr'>suarum</span> <span class='ocrx_word' id='word_1_4' title='bbox 913 360 1158 416; x_wconf 86' lang='lat' dir='ltr'>revelata</span> <span class='ocrx_word' id='word_1_5' title='bbox 1204 365 1406 432; x_wconf 89' lang='lat' dir='ltr'>mater_</span> <span class='ocrx_word' id='word_1_6' title='bbox 1446 359 1747 431; x_wconf 85' lang='lat' dir='ltr'>auspiciis,</span> <span class='ocrx_word' id='word_1_7' title='bbox 1799 361 2110 432; x_wconf 75' lang='lat' dir='ltr'>perniciter</span> 
     </span>
    </p>
   </div>
   <div class='ocr_carea' id='block_1_3' title="bbox 464 430 2108 504">
    <p class='ocr_par' dir='ltr' id='par_1_3' title="bbox 464 430 2108 504">
     <span class='ocr_line' id='line_1_3' title="bbox 464 430 2108 504; baseline 0.001 -18"><span class='ocrx_word' id='word_1_8' title='bbox 464 432 770 488; x_wconf 79' lang='lat' dir='ltr'>advolavit.</span> <span class='ocrx_word' id='word_1_9' title='bbox 803 432 936 495; x_wconf 64' lang='lat' dir='ltr'>Quae</span> <span class='ocrx_word' id='word_1_10' title='bbox 965 432 1062 486; x_wconf 93' lang='lat' dir='ltr'>ubi</span> <span class='ocrx_word' id='word_1_11' title='bbox 1096 432 1350 500; x_wconf 82' lang='lat' dir='ltr'>pervenit</span> <span class='ocrx_word' id='word_1_12' title='bbox 1373 430 2108 504; x_wconf 68' lang='lat' dir='ltr'>Carthaginem,suamque</span> 
     </span>
    </p>
   </div>
   <div class='ocr_carea' id='block_1_4' title="bbox 464 502 2105 574">
    <p class='ocr_par' dir='ltr' id='par_1_4' title="bbox 464 502 2105 574">
     <span class='ocr_line' id='line_1_4' title="bbox 464 502 2105 574; baseline 0.001 -18"><span class='ocrx_word' id='word_1_13' title='bbox 464 508 659 557; x_wconf 88' lang='lat' dir='ltr'>natam</span> <span class='ocrx_word' id='word_1_14' title='bbox 690 504 747 557; x_wconf 91' lang='lat' dir='ltr'>in</span> <span class='ocrx_word' id='word_1_15' title='bbox 781 503 906 573; x_wconf 87' lang='lat' dir='ltr'>ipso</span> <span class='ocrx_word' id='word_1_16' title='bbox 936 504 1062 557; x_wconf 77' lang='lat' dir='ltr'>vitae</span> <span class='ocrx_word' id='word_1_17' title='bbox 1109 519 1227 557; x_wconf 68' lang='lat' dir='ltr'>suae</span> <span class='ocrx_word' id='word_1_18' title='bbox 1278 502 1518 558; x_wconf 91' lang='lat' dir='ltr'>articulo</span> <span class='ocrx_word' id='word_1_19' title='bbox 1567 506 1814 574; x_wconf 82' lang='lat' dir='ltr'>positam</span> <span class='ocrx_word' id='word_1_20' title='bbox 1865 502 2105 571; x_wconf 86' lang='lat' dir='ltr'>invenit,</span> 
     </span>
    </p>
   </div>
   <div class='ocr_carea' id='block_1_5' title="bbox 461 575 2103 645">
    <p class='ocr_par' dir='ltr' id='par_1_5' title="bbox 461 575 2103 645">
     <span class='ocr_line' id='line_1_5' title="bbox 461 575 2103 645; baseline 0.002 -17"><span class='ocrx_word' id='word_1_21' title='bbox 461 575 658 629; x_wconf 87' lang='lat' dir='ltr'>statim</span> <span class='ocrx_word' id='word_1_22' title='bbox 691 581 913 629; x_wconf 89' lang='lat' dir='ltr'>sacrato</span> <span class='ocrx_word' id='word_1_23' title='bbox 945 575 1067 629; x_wconf 89' lang='lat' dir='ltr'>oleo</span> <span class='ocrx_word' id='word_1_24' title='bbox 1115 575 1246 627; x_wconf 69' lang='lat' dir='ltr'>ﬁlias</span> <span class='ocrx_word' id='word_1_25' title='bbox 1297 575 1554 629; x_wconf 89' lang='lat' dir='ltr'>membra</span> <span class='ocrx_word' id='word_1_26' title='bbox 1604 578 1892 645; x_wconf 83' lang='lat' dir='ltr'>perunxit,</span> <span class='ocrx_word' id='word_1_27' title='bbox 1924 577 2103 632; x_wconf 88' lang='lat' dir='ltr'>suda-</span> 
     </span>
    </p>
   </div>
   <div class='ocr_carea' id='block_1_6' title="bbox 459 645 2100 716">
    <p class='ocr_par' dir='ltr' id='par_1_6' title="bbox 459 645 2100 716">
     <span class='ocr_line' id='line_1_6' title="bbox 459 645 2100 716; baseline 0.003 -18"><span class='ocrx_word' id='word_1_28' title='bbox 459 646 608 699; x_wconf 85' lang='lat' dir='ltr'>rium</span> <span class='ocrx_word' id='word_1_29' title='bbox 645 662 874 716; x_wconf 90' lang='lat' dir='ltr'>quoque</span> <span class='ocrx_word' id='word_1_30' title='bbox 905 645 1351 712; x_wconf 87' lang='lat' dir='ltr'>amplexandum</span> <span class='ocrx_word' id='word_1_31' title='bbox 1402 647 1615 714; x_wconf 87' lang='lat' dir='ltr'>pectori</span> <span class='ocrx_word' id='word_1_32' title='bbox 1669 649 1924 702; x_wconf 85' lang='lat' dir='ltr'>tradidit.</span> <span class='ocrx_word' id='word_1_33' title='bbox 1980 651 2100 713; x_wconf 92' lang='lat' dir='ltr'>Quo</span> 
     </span>
    </p>
   </div>
   <div class='ocr_carea' id='block_1_7' title="bbox 459 716 2101 788">
    <p class='ocr_par' dir='ltr' id='par_1_7' title="bbox 459 716 2101 788">
     <span class='ocr_line' id='line_1_7' title="bbox 459 716 2101 788; baseline 0.002 -19"><span class='ocrx_word' id='word_1_34' title='bbox 459 717 628 782; x_wconf 89' lang='lat' dir='ltr'>facto,</span> <span class='ocrx_word' id='word_1_35' title='bbox 681 717 931 772; x_wconf 89' lang='lat' dir='ltr'>rediviva</span> <span class='ocrx_word' id='word_1_36' title='bbox 983 718 1215 785; x_wconf 83' lang='lat' dir='ltr'>Megetia</span> <span class='ocrx_word' id='word_1_37' title='bbox 1253 716 1400 771; x_wconf 89' lang='lat' dir='ltr'>uteri</span> <span class='ocrx_word' id='word_1_38' title='bbox 1448 717 1536 772; x_wconf 90' lang='lat' dir='ltr'>sui</span> <span class='ocrx_word' id='word_1_39' title='bbox 1604 723 1769 788; x_wconf 83' lang='lat' dir='ltr'>partu</span> <span class='ocrx_word' id='word_1_40' title='bbox 1832 735 2101 773; x_wconf 84' lang='lat' dir='ltr'>exonera-</span> 
     </span>
    </p>
   </div>
   <div class='ocr_carea' id='block_1_8' title="bbox 457 789 2101 859">
    <p class='ocr_par' dir='ltr' id='par_1_8' title="bbox 457 789 2101 859">
     <span class='ocr_line' id='line_1_8' title="bbox 457 789 2101 859; baseline 0.001 -17"><span class='ocrx_word' id='word_1_41' title='bbox 457 791 537 856; x_wconf 88' lang='lat' dir='ltr'>ta,</span> <span class='ocrx_word' id='word_1_42' title='bbox 571 789 758 842; x_wconf 84' lang='lat' dir='ltr'>octavi</span> <span class='ocrx_word' id='word_1_43' title='bbox 808 789 1338 859; x_wconf 85' lang='lat' dir='ltr'>mensisingressa</span> <span class='ocrx_word' id='word_1_44' title='bbox 1380 791 1813 859; x_wconf 76' lang='lat' dir='ltr'>praegnantibus</span> <span class='ocrx_word' id='word_1_45' title='bbox 1849 790 2101 846; x_wconf 90' lang='lat' dir='ltr'>mulieri-</span> 
     </span>
    </p>
   </div>
   <div class='ocr_carea' id='block_1_9' title="bbox 459 858 2099 931">
    <p class='ocr_par' dir='ltr' id='par_1_9' title="bbox 459 858 2099 931">
     <span class='ocr_line' id='line_1_9' title="bbox 459 858 2099 931; baseline 0.002 -18"><span class='ocrx_word' id='word_1_46' title='bbox 459 859 567 914; x_wconf 86' lang='lat' dir='ltr'>bus</span> <span class='ocrx_word' id='word_1_47' title='bbox 595 861 903 914; x_wconf 88' lang='lat' dir='ltr'>tremenda</span> <span class='ocrx_word' id='word_1_48' title='bbox 921 858 1143 913; x_wconf 91' lang='lat' dir='ltr'>lumina</span> <span class='ocrx_word' id='word_1_49' title='bbox 1168 860 1294 927; x_wconf 70' lang='lat' dir='ltr'>&#39;,ab</span> <span class='ocrx_word' id='word_1_50' title='bbox 1316 859 1442 930; x_wconf 90' lang='lat' dir='ltr'>ipsa</span> <span class='ocrx_word' id='word_1_51' title='bbox 1473 858 1674 914; x_wconf 89' lang='lat' dir='ltr'>mortis</span> <span class='ocrx_word' id='word_1_52' title='bbox 1699 862 1875 931; x_wconf 88' lang='lat' dir='ltr'>regia,</span> <span class='ocrx_word' id='word_1_53' title='bbox 1894 879 2099 916; x_wconf 84' lang='lat' dir='ltr'>rursus</span> 
     </span>
    </p>
   </div>
   <div class='ocr_carea' id='block_1_10' title="bbox 457 931 2098 1003">
    <p class='ocr_par' dir='ltr' id='par_1_10' title="bbox 457 931 2098 1003">
     <span class='ocr_line' id='line_1_10' title="bbox 457 931 2098 1003; baseline 0.001 -18"><span class='ocrx_word' id='word_1_54' title='bbox 457 931 615 985; x_wconf 86' lang='lat' dir='ltr'>auris</span> <span class='ocrx_word' id='word_1_55' title='bbox 648 940 732 1003; x_wconf 86' lang='lat' dir='ltr'>est</span> <span class='ocrx_word' id='word_1_56' title='bbox 765 931 1039 986; x_wconf 85' lang='lat' dir='ltr'>vitalibus</span> <span class='ocrx_word' id='word_1_57' title='bbox 1081 933 1366 984; x_wconf 89' lang='lat' dir='ltr'>restituta.</span> <span class='ocrx_word' id='word_1_58' title='bbox 1402 931 1498 1003; x_wconf 89' lang='lat' dir='ltr'>Sic</span> <span class='ocrx_word' id='word_1_59' title='bbox 1529 931 1724 1003; x_wconf 85' lang='lat' dir='ltr'>itaque</span> <span class='ocrx_word' id='word_1_60' title='bbox 1756 951 1869 987; x_wconf 90' lang='lat' dir='ltr'>una</span> <span class='ocrx_word' id='word_1_61' title='bbox 1902 933 2098 988; x_wconf 88' lang='lat' dir='ltr'>lethali</span> 
     </span>
    </p>
   </div>
   <div class='ocr_carea' id='block_1_11' title="bbox 454 1001 2100 1074">
    <p class='ocr_par' dir='ltr' id='par_1_11' title="bbox 454 1001 2100 1074">
     <span class='ocr_line' id='line_1_11' title="bbox 454 1001 2100 1074; baseline 0.001 -17"><span class='ocrx_word' id='word_1_62' title='bbox 454 1017 631 1057; x_wconf 87' lang='lat' dir='ltr'>causa</span> <span class='ocrx_word' id='word_1_63' title='bbox 659 1002 990 1072; x_wconf 89' lang='lat' dir='ltr'>dispuncta,</span> <span class='ocrx_word' id='word_1_64' title='bbox 1043 1002 1332 1056; x_wconf 89' lang='lat' dir='ltr'>archiatro</span> <span class='ocrx_word' id='word_1_65' title='bbox 1373 1001 1594 1057; x_wconf 79' lang='lat' dir='ltr'>ccelesti</span> <span class='ocrx_word' id='word_1_66' title='bbox 1625 1001 1890 1074; x_wconf 83' lang='lat' dir='ltr'>protinus</span> <span class='ocrx_word' id='word_1_67' title='bbox 1922 1005 2100 1059; x_wconf 88' lang='lat' dir='ltr'>altera</span> 
     </span>
    </p>
   </div>
   <div class='ocr_carea' id='block_1_12' title="bbox 452 1073 2100 1144">
    <p class='ocr_par' dir='ltr' id='par_1_12' title="bbox 452 1073 2100 1144">
     <span class='ocr_line' id='line_1_12' title="bbox 452 1073 2100 1144; baseline 0.001 -16"><span class='ocrx_word' id='word_1_68' title='bbox 452 1073 715 1144; x_wconf 78' lang='lat' dir='ltr'>curanda</span> <span class='ocrx_word' id='word_1_69' title='bbox 754 1074 1032 1128; x_wconf 82' lang='lat' dir='ltr'>restabat.</span> <span class='ocrx_word' id='word_1_70' title='bbox 1075 1073 1234 1137; x_wconf 90' lang='lat' dir='ltr'>Quod</span> <span class='ocrx_word' id='word_1_71' title='bbox 1288 1073 1737 1144; x_wconf 71' lang='lat' dir='ltr'>utjamjamQue</span> <span class='ocrx_word' id='word_1_72' title='bbox 1769 1077 1951 1143; x_wconf 91' lang='lat' dir='ltr'>ﬁeret,</span> <span class='ocrx_word' id='word_1_73' title='bbox 1985 1076 2100 1130; x_wconf 88' lang='lat' dir='ltr'>ﬁda</span> 
     </span>
    </p>
   </div>
   <div class='ocr_carea' id='block_1_13' title="bbox 453 1143 2100 1202">
    <p class='ocr_par' dir='ltr' id='par_1_13' title="bbox 453 1143 2100 1202">
     <span class='ocr_line' id='line_1_13' title="bbox 453 1143 2100 1202; baseline 0.002 -3"><span class='ocrx_word' id='word_1_74' title='bbox 453 1149 641 1200; x_wconf 86' lang='lat' dir='ltr'>mater</span> <span class='ocrx_word' id='word_1_75' title='bbox 670 1143 863 1200; x_wconf 91' lang='lat' dir='ltr'>Vitula</span> <span class='ocrx_word' id='word_1_76' title='bbox 894 1143 1069 1198; x_wconf 88' lang='lat' dir='ltr'>ﬁliam</span> <span class='ocrx_word' id='word_1_77' title='bbox 1114 1145 1408 1198; x_wconf 85' lang='lat' dir='ltr'>liberatam</span> <span class='ocrx_word' id='word_1_78' title='bbox 1460 1148 1530 1200; x_wconf 89' lang='lat' dir='ltr'>ad</span> <span class='ocrx_word' id='word_1_79' title='bbox 1564 1143 1754 1201; x_wconf 81' lang='lat' dir='ltr'>vitalis</span> <span class='ocrx_word' id='word_1_80' title='bbox 1794 1149 1972 1202; x_wconf 87' lang='lat' dir='ltr'>fontis</span> <span class='ocrx_word' id='word_1_81' title='bbox 2002 1163 2100 1202; x_wconf 88' lang='lat' dir='ltr'>ve-</span> 
     </span>
    </p>
   </div>
   <div class='ocr_carea' id='block_1_14' title="bbox 453 1217 2098 1289">
    <p class='ocr_par' dir='ltr' id='par_1_14' title="bbox 453 1217 2098 1289">
     <span class='ocr_line' id='line_1_14' title="bbox 453 1217 2098 1289; baseline 0.001 -18"><span class='ocrx_word' id='word_1_82' title='bbox 453 1233 613 1289; x_wconf 84' lang='lat' dir='ltr'>nam,</span> <span class='ocrx_word' id='word_1_83' title='bbox 647 1217 802 1270; x_wconf 92' lang='lat' dir='ltr'>unde</span> <span class='ocrx_word' id='word_1_84' title='bbox 841 1230 1003 1289; x_wconf 57' lang='grc' dir='ltr'>φεῖ-εξ</span> <span class='ocrx_word' id='word_1_85' title='bbox 1053 1231 1173 1270; x_wconf 67' lang='lat' dir='ltr'>suae</span> <span class='ocrx_word' id='word_1_86' title='bbox 1223 1217 1496 1289; x_wconf 83' lang='lat' dir='ltr'>haustum</span> <span class='ocrx_word' id='word_1_87' title='bbox 1542 1218 1773 1273; x_wconf 67' lang='lat' dir='ltr'>caeleste</span> <span class='ocrx_word' id='word_1_88' title='bbox 1824 1217 2098 1289; x_wconf 86' lang='lat' dir='ltr'>poculum</span> 
     </span>
    </p>
   </div>
   <div class='ocr_carea' id='block_1_15' title="bbox 454 1287 2099 1357">
    <p class='ocr_par' dir='ltr' id='par_1_15' title="bbox 454 1287 2099 1357">
     <span class='ocr_line' id='line_1_15' title="bbox 454 1287 2099 1357; baseline 0.001 -14"><span class='ocrx_word' id='word_1_89' title='bbox 454 1288 745 1354; x_wconf 82' lang='lat' dir='ltr'>attulerat,</span> <span class='ocrx_word' id='word_1_90' title='bbox 778 1287 1207 1357; x_wconf 86' lang='lat' dir='ltr'>salubriterque</span> <span class='ocrx_word' id='word_1_91' title='bbox 1250 1287 1559 1356; x_wconf 79' lang='lat' dir='ltr'>infuderat,</span> <span class='ocrx_word' id='word_1_92' title='bbox 1593 1305 1792 1344; x_wconf 82' lang='lat' dir='ltr'>secum</span> <span class='ocrx_word' id='word_1_93' title='bbox 1826 1287 2099 1345; x_wconf 79' lang='lat' dir='ltr'>reducere</span> 
     </span>
    </p>
   </div>
   <div class='ocr_carea' id='block_1_16' title="bbox 451 1359 2097 1430">
    <p class='ocr_par' dir='ltr' id='par_1_16' title="bbox 451 1359 2097 1430">
     <span class='ocr_line' id='line_1_16' title="bbox 451 1359 2097 1430; baseline 0.001 -16"><span class='ocrx_word' id='word_1_94' title='bbox 451 1359 747 1429; x_wconf 89' lang='lat' dir='ltr'>cupiebat.</span> <span class='ocrx_word' id='word_1_95' title='bbox 778 1359 892 1414; x_wconf 87' lang='lat' dir='ltr'>Sed</span> <span class='ocrx_word' id='word_1_96' title='bbox 927 1359 1184 1430; x_wconf 82' lang='lat' dir='ltr'>nondum</span> <span class='ocrx_word' id='word_1_97' title='bbox 1235 1364 1581 1426; x_wconf 87' lang='lat' dir='ltr'>recuperatae</span> <span class='ocrx_word' id='word_1_98' title='bbox 1632 1361 1784 1416; x_wconf 90' lang='lat' dir='ltr'>vires</span> <span class='ocrx_word' id='word_1_99' title='bbox 1822 1362 2097 1430; x_wconf 52' lang='lat' dir='ltr'>Megetis,</span> 
     </span>
    </p>
   </div>
   <div class='ocr_carea' id='block_1_17' title="bbox 455 1428 2097 1500">
    <p class='ocr_par' dir='ltr' id='par_1_17' title="bbox 455 1428 2097 1500">
     <span class='ocr_line' id='line_1_17' title="bbox 455 1428 2097 1500; baseline 0.002 -15"><span class='ocrx_word' id='word_1_100' title='bbox 455 1428 581 1500; x_wconf 69' lang='lat' dir='ltr'>poSt</span> <span class='ocrx_word' id='word_1_101' title='bbox 627 1429 878 1484; x_wconf 88' lang='lat' dir='ltr'>laborem</span> <span class='ocrx_word' id='word_1_102' title='bbox 931 1428 1261 1500; x_wconf 72' lang='lat' dir='ltr'>periculosae</span> <span class='ocrx_word' id='word_1_103' title='bbox 1320 1430 1609 1485; x_wconf 85' lang='lat' dir='ltr'>enixionis</span> <span class='ocrx_word' id='word_1_104' title='bbox 1664 1449 1804 1496; x_wconf 68' lang='lat' dir='ltr'>suae,</span> <span class='ocrx_word' id='word_1_105' title='bbox 1850 1428 2097 1488; x_wconf 80' lang='lat' dir='ltr'>alterum</span> 
     </span>
    </p>
   </div>
   <div class='ocr_carea' id='block_1_18' title="bbox 453 1500 1934 1572">
    <p class='ocr_par' dir='ltr' id='par_1_18' title="bbox 453 1500 1934 1572">
     <span class='ocr_line' id='line_1_18' title="bbox 453 1500 1934 1572; baseline 0.002 -17"><span class='ocrx_word' id='word_1_106' title='bbox 453 1501 678 1557; x_wconf 87' lang='lat' dir='ltr'>itineris</span> <span class='ocrx_word' id='word_1_107' title='bbox 709 1501 905 1555; x_wconf 92' lang='lat' dir='ltr'>subire</span> <span class='ocrx_word' id='word_1_108' title='bbox 937 1500 1192 1556; x_wconf 90' lang='lat' dir='ltr'>laborem</span> <span class='ocrx_word' id='word_1_109' title='bbox 1223 1500 1466 1556; x_wconf 88' lang='lat' dir='ltr'>minime</span> <span class='ocrx_word' id='word_1_110' title='bbox 1499 1504 1934 1572; x_wconf 87' lang='lat' dir='ltr'>permittebant.</span> 
     </span>
    </p>
   </div>
   <div class='ocr_carea' id='block_1_19' title="bbox 521 1572 2098 1642">
    <p class='ocr_par' dir='ltr' id='par_1_19' title="bbox 521 1572 2098 1642">
     <span class='ocr_line' id='line_1_19' title="bbox 521 1572 2098 1642; baseline 0.003 -15"><span class='ocrx_word' id='word_1_111' title='bbox 521 1574 573 1627; x_wconf 88' lang='lat'>3.</span> <span class='ocrx_word' id='word_1_112' title='bbox 607 1575 831 1628; x_wconf 89' lang='lat' dir='ltr'>Interea</span> <span class='ocrx_word' id='word_1_113' title='bbox 860 1572 965 1638; x_wconf 82' lang='lat' dir='ltr'>vir,</span> <span class='ocrx_word' id='word_1_114' title='bbox 999 1587 1164 1626; x_wconf 90' lang='lat' dir='ltr'>socer</span> <span class='ocrx_word' id='word_1_115' title='bbox 1192 1578 1249 1626; x_wconf 93' lang='lat' dir='ltr'>et</span> <span class='ocrx_word' id='word_1_116' title='bbox 1280 1580 1441 1642; x_wconf 88' lang='lat' dir='ltr'>pater</span> <span class='ocrx_word' id='word_1_117' title='bbox 1464 1572 1662 1642; x_wconf 64' lang='lat' dir='ltr'>puella:</span> <span class='ocrx_word' id='word_1_118' title='bbox 1696 1575 1875 1629; x_wconf 89' lang='lat' dir='ltr'>nihilo</span> <span class='ocrx_word' id='word_1_119' title='bbox 1906 1573 2098 1630; x_wconf 89' lang='lat' dir='ltr'>adhuc</span> 
     </span>
    </p>
   </div>
   <div class='ocr_carea' id='block_1_20' title="bbox 453 1644 2093 1716">
    <p class='ocr_par' dir='ltr' id='par_1_20' title="bbox 453 1644 2093 1716">
     <span class='ocr_line' id='line_1_20' title="bbox 453 1644 2093 1716; baseline 0.001 -18"><span class='ocrx_word' id='word_1_120' title='bbox 453 1645 702 1715; x_wconf 86' lang='lat' dir='ltr'>permoti</span> <span class='ocrx_word' id='word_1_121' title='bbox 725 1646 781 1698; x_wconf 91' lang='lat' dir='ltr'>in</span> <span class='ocrx_word' id='word_1_122' title='bbox 816 1644 1050 1697; x_wconf 88' lang='lat' dir='ltr'>laudern</span> <span class='ocrx_word' id='word_1_123' title='bbox 1084 1644 1179 1698; x_wconf 90' lang='lat' dir='ltr'>Dei</span> <span class='ocrx_word' id='word_1_124' title='bbox 1213 1645 1444 1714; x_wconf 88' lang='lat' dir='ltr'>verique</span> <span class='ocrx_word' id='word_1_125' title='bbox 1474 1645 1598 1712; x_wconf 86' lang='lat' dir='ltr'>ejus</span> <span class='ocrx_word' id='word_1_126' title='bbox 1626 1647 1890 1716; x_wconf 79' lang='lat' dir='ltr'>Martyris</span> <span class='ocrx_word' id='word_1_127' title='bbox 1922 1647 2093 1716; x_wconf 90' lang='lat' dir='ltr'>primi</span> 
     </span>
    </p>
   </div>
   <div class='ocr_carea' id='block_1_21' title="bbox 449 1716 2094 1788">
    <p class='ocr_par' dir='ltr' id='par_1_21' title="bbox 449 1716 2094 1788">
     <span class='ocr_line' id='line_1_21' title="bbox 449 1716 2094 1788; baseline 0.001 -18"><span class='ocrx_word' id='word_1_128' title='bbox 449 1718 518 1770; x_wconf 93' lang='lat' dir='ltr'>de</span> <span class='ocrx_word' id='word_1_129' title='bbox 544 1723 662 1770; x_wconf 90' lang='lat' dir='ltr'>tam</span> <span class='ocrx_word' id='word_1_130' title='bbox 696 1716 1014 1770; x_wconf 87' lang='lat' dir='ltr'>miserabili</span> <span class='ocrx_word' id='word_1_131' title='bbox 1045 1731 1219 1788; x_wconf 87' lang='lat' dir='ltr'>causa</span> <span class='ocrx_word' id='word_1_132' title='bbox 1265 1716 1430 1782; x_wconf 88' lang='lat' dir='ltr'>uteri,</span> <span class='ocrx_word' id='word_1_133' title='bbox 1485 1732 1719 1788; x_wconf 83' lang='lat' dir='ltr'>rursum</span> <span class='ocrx_word' id='word_1_134' title='bbox 1770 1733 1991 1788; x_wconf 69' lang='lat' dir='ltr'>crepare</span> <span class='ocrx_word' id='word_1_135' title='bbox 2021 1718 2094 1772; x_wconf 90' lang='lat' dir='ltr'>ob</span> 
     </span>
    </p>
   </div>
   <div class='ocr_carea' id='block_1_22' title="bbox 451 1786 2093 1858">
    <p class='ocr_par' dir='ltr' id='par_1_22' title="bbox 451 1786 2093 1858">
     <span class='ocr_line' id='line_1_22' title="bbox 451 1786 2093 1858; baseline 0.001 -16"><span class='ocrx_word' id='word_1_136' title='bbox 451 1789 712 1858; x_wconf 87' lang='lat' dir='ltr'>ejusdem</span> <span class='ocrx_word' id='word_1_137' title='bbox 756 1788 1069 1840; x_wconf 88' lang='lat' dir='ltr'>curandam</span> <span class='ocrx_word' id='word_1_138' title='bbox 1118 1787 1393 1858; x_wconf 76' lang='lat' dir='ltr'>reliquam</span> <span class='ocrx_word' id='word_1_139' title='bbox 1438 1786 1951 1854; x_wconf 54' lang='lat' dir='ltr'>valetudinem,&#39;id</span> <span class='ocrx_word' id='word_1_140' title='bbox 1985 1795 2093 1854; x_wconf 90' lang='lat' dir='ltr'>est,</span> 
     </span>
    </p>
   </div>
   <div class='ocr_carea' id='block_1_23' title="bbox 451 1856 2096 1927">
    <p class='ocr_par' dir='ltr' id='par_1_23' title="bbox 451 1856 2096 1927">
     <span class='ocr_line' id='line_1_23' title="bbox 451 1856 2096 1927; baseline 0.002 -16"><span class='ocrx_word' id='word_1_141' title='bbox 451 1856 640 1914; x_wconf 80' lang='lat' dir='ltr'>vitiosi</span> <span class='ocrx_word' id='word_1_142' title='bbox 673 1858 786 1912; x_wconf 85' lang='lat' dir='ltr'>oris</span> <span class='ocrx_word' id='word_1_143' title='bbox 817 1858 1175 1927; x_wconf 86' lang='lat' dir='ltr'>pravitatem,</span> <span class='ocrx_word' id='word_1_144' title='bbox 1224 1857 1323 1910; x_wconf 89' lang='lat' dir='ltr'>illa</span> <span class='ocrx_word' id='word_1_145' title='bbox 1361 1856 1670 1912; x_wconf 88' lang='lat' dir='ltr'>hominum</span> <span class='ocrx_word' id='word_1_146' title='bbox 1716 1860 1970 1914; x_wconf 88' lang='lat' dir='ltr'>remedia</span> <span class='ocrx_word' id='word_1_147' title='bbox 2003 1875 2096 1914; x_wconf 86' lang='lat' dir='ltr'>er-</span> 
     </span>
    </p>
   </div>
   <div class='ocr_carea' id='block_1_24' title="bbox 448 1927 2092 2000">
    <p class='ocr_par' dir='ltr' id='par_1_24' title="bbox 448 1927 2092 2000">
     <span class='ocr_line' id='line_1_24' title="bbox 448 1927 2092 2000; baseline 0.001 -16"><span class='ocrx_word' id='word_1_148' title='bbox 448 1944 724 2000; x_wconf 89' lang='lat' dir='ltr'>roresque</span> <span class='ocrx_word' id='word_1_149' title='bbox 787 1927 1112 1992; x_wconf 88' lang='lat' dir='ltr'>consulere,</span> <span class='ocrx_word' id='word_1_150' title='bbox 1173 1933 1229 1981; x_wconf 91' lang='lat' dir='ltr'>et</span> <span class='ocrx_word' id='word_1_151' title='bbox 1285 1928 1487 2000; x_wconf 88' lang='lat' dir='ltr'>longas</span> <span class='ocrx_word' id='word_1_152' title='bbox 1528 1944 1719 1984; x_wconf 88' lang='lat' dir='ltr'>moras</span> <span class='ocrx_word' id='word_1_153' title='bbox 1762 1934 2092 1999; x_wconf 84' lang='lat' dir='ltr'>temporum</span> 
     </span>
    </p>
   </div>
   <div class='ocr_carea' id='block_1_25' title="bbox 447 2000 2095 2072">
    <p class='ocr_par' dir='ltr' id='par_1_25' title="bbox 447 2000 2095 2072">
     <span class='ocr_line' id='line_1_25' title="bbox 447 2000 2095 2072; baseline 0.001 -17"><span class='ocrx_word' id='word_1_154' title='bbox 447 2001 666 2056; x_wconf 86' lang='lat' dir='ltr'>frustra</span> <span class='ocrx_word' id='word_1_155' title='bbox 693 2005 1009 2072; x_wconf 90' lang='lat' dir='ltr'>conterere_.</span> <span class='ocrx_word' id='word_1_156' title='bbox 1045 2002 1307 2072; x_wconf 52' lang='lat' dir='ltr'>ﬁamque</span> <span class='ocrx_word' id='word_1_157' title='bbox 1339 2015 1530 2072; x_wconf 80' lang='lat' dir='ltr'>annus</span> <span class='ocrx_word' id='word_1_158' title='bbox 1561 2000 1781 2070; x_wconf 79' lang='lat' dir='ltr'>integer</span> <span class='ocrx_word' id='word_1_159' title='bbox 1800 2006 1855 2056; x_wconf 91' lang='lat' dir='ltr'>et</span> <span class='ocrx_word' id='word_1_160' title='bbox 1875 2001 2095 2072; x_wconf 86' lang='lat' dir='ltr'>aliquot</span> 
     </span>
    </p>
   </div>
   <div class='ocr_carea' id='block_1_26' title="bbox 445 2069 2096 2128">
    <p class='ocr_par' dir='ltr' id='par_1_26' title="bbox 445 2069 2096 2128">
     <span class='ocr_line' id='line_1_26' title="bbox 445 2069 2096 2128; baseline 0.001 -2"><span class='ocrx_word' id='word_1_161' title='bbox 445 2074 564 2128; x_wconf 86' lang='lat' dir='ltr'>fere</span> <span class='ocrx_word' id='word_1_162' title='bbox 607 2087 836 2126; x_wconf 85' lang='lat' dir='ltr'>menses</span> <span class='ocrx_word' id='word_1_163' title='bbox 881 2069 1091 2125; x_wconf 89' lang='lat' dir='ltr'>evoluti</span> <span class='ocrx_word' id='word_1_164' title='bbox 1124 2070 1208 2124; x_wconf 90' lang='lat' dir='ltr'>sic</span> <span class='ocrx_word' id='word_1_165' title='bbox 1247 2075 1432 2124; x_wconf 89' lang='lat' dir='ltr'>erant.</span> <span class='ocrx_word' id='word_1_166' title='bbox 1465 2069 1726 2125; x_wconf 83' lang='lat' dir='ltr'>Tandem</span> <span class='ocrx_word' id='word_1_167' title='bbox 1761 2072 1946 2126; x_wconf 82' lang='lat' dir='ltr'>fidelis</span> <span class='ocrx_word' id='word_1_168' title='bbox 1972 2069 2096 2127; x_wconf 70' lang='lat' dir='ltr'>ina-</span> 
     </span>
    </p>
   </div>
   <div class='ocr_carea' id='block_1_27' title="bbox 447 2141 2094 2210">
    <p class='ocr_par' dir='ltr' id='par_1_27' title="bbox 447 2141 2094 2210">
     <span class='ocr_line' id='line_1_27' title="bbox 447 2141 2094 2210; baseline -0.001 -11"><span class='ocrx_word' id='word_1_169' title='bbox 447 2151 534 2199; x_wconf 85' lang='lat' dir='ltr'>ter</span> <span class='ocrx_word' id='word_1_170' title='bbox 579 2143 796 2208; x_wconf 89' lang='lat' dir='ltr'>Vitula,</span> <span class='ocrx_word' id='word_1_171' title='bbox 831 2141 1185 2196; x_wconf 85' lang='lat' dir='ltr'>archiatrum</span> <span class='ocrx_word' id='word_1_172' title='bbox 1233 2142 1567 2210; x_wconf 85' lang='lat' dir='ltr'>quemdam,</span> <span class='ocrx_word' id='word_1_173' title='bbox 1623 2142 1867 2198; x_wconf 87' lang='lat' dir='ltr'>Felicem</span> <span class='ocrx_word' id='word_1_174' title='bbox 1901 2144 2094 2198; x_wconf 90' lang='lat' dir='ltr'>nomi-</span> 
     </span>
    </p>
   </div>
   <div class='ocr_carea' id='block_1_28' title="bbox 448 2211 2089 2286">
    <p class='ocr_par' dir='ltr' id='par_1_28' title="bbox 448 2211 2089 2286">
     <span class='ocr_line' id='line_1_28' title="bbox 448 2211 2089 2286; baseline 0.002 -18"><span class='ocrx_word' id='word_1_175' title='bbox 448 2231 540 2280; x_wconf 89' lang='lat' dir='ltr'>ne,</span> <span class='ocrx_word' id='word_1_176' title='bbox 573 2213 1040 2286; x_wconf 74' lang='lat' dir='ltr'>Carthaginensis</span> <span class='ocrx_word' id='word_1_177' title='bbox 1080 2211 1348 2286; x_wconf 80' lang='lat' dir='ltr'>civitatis,</span> <span class='ocrx_word' id='word_1_178' title='bbox 1397 2211 1802 2268; x_wconf 89' lang='lat' dir='ltr'>ﬁdelissimum</span> <span class='ocrx_word' id='word_1_179' title='bbox 1837 2232 1950 2286; x_wconf 80' lang='lat' dir='ltr'>prae</span> <span class='ocrx_word' id='word_1_180' title='bbox 1982 2232 2089 2270; x_wconf 66' lang='lat' dir='ltr'>crs-</span> 
     </span>
    </p>
   </div>
   <div class='ocr_carea' id='block_1_29' title="bbox 444 2283 2091 2356">
    <p class='ocr_par' dir='ltr' id='par_1_29' title="bbox 444 2283 2091 2356">
     <span class='ocr_line' id='line_1_29' title="bbox 444 2283 2091 2356; baseline 0.002 -17"><span class='ocrx_word' id='word_1_181' title='bbox 444 2286 584 2341; x_wconf 89' lang='lat' dir='ltr'>teris</span> <span class='ocrx_word' id='word_1_182' title='bbox 617 2291 786 2353; x_wconf 85' lang='lat' dir='ltr'>atque</span> <span class='ocrx_word' id='word_1_183' title='bbox 818 2283 1326 2356; x_wconf 17' lang='lat' dir='ltr'>amicumidomus</span> <span class='ocrx_word' id='word_1_184' title='bbox 1362 2299 1502 2349; x_wconf 66' lang='lat' dir='ltr'>suis,</span> <span class='ocrx_word' id='word_1_185' title='bbox 1551 2283 1874 2356; x_wconf 76' lang='lat' dir='ltr'>corrogavit</span> <span class='ocrx_word' id='word_1_186' title='bbox 1925 2286 1999 2342; x_wconf 89' lang='lat' dir='ltr'>ad</span> <span class='ocrx_word' id='word_1_187' title='bbox 2028 2303 2091 2342; x_wconf 89' lang='lat' dir='ltr'>se</span> 
     </span>
    </p>
   </div>
   <div class='ocr_carea' id='block_1_30' title="bbox 443 2353 2088 2428">
    <p class='ocr_par' dir='ltr' id='par_1_30' title="bbox 443 2353 2088 2428">
     <span class='ocr_line' id='line_1_30' title="bbox 443 2353 2088 2428; baseline 0.002 -18"><span class='ocrx_word' id='word_1_188' title='bbox 443 2357 654 2428; x_wconf 87' lang='lat' dir='ltr'>ipsam,</span> <span class='ocrx_word' id='word_1_189' title='bbox 690 2371 754 2410; x_wconf 89' lang='lat' dir='ltr'>ac</span> <span class='ocrx_word' id='word_1_190' title='bbox 786 2370 964 2428; x_wconf 87' lang='lat' dir='ltr'>super</span> <span class='ocrx_word' id='word_1_191' title='bbox 1010 2354 1259 2428; x_wconf 83' lang='lat' dir='ltr'>salutem</span> <span class='ocrx_word' id='word_1_192' title='bbox 1313 2353 2088 2428; x_wconf 15' lang='lat' dir='ltr'>ipsiusiunica&#39;obtestando</span> 
     </span>
    </p>
   </div>
   <div class='ocr_carea' id='block_1_31' title="bbox 443 2425 2086 2499">
    <p class='ocr_par' dir='ltr' id='par_1_31' title="bbox 443 2425 2086 2499">
     <span class='ocr_line' id='line_1_31' title="bbox 443 2425 2086 2499; baseline 0.001 -16"><span class='ocrx_word' id='word_1_193' title='bbox 443 2425 803 2494; x_wconf 74' lang='lat' dir='ltr'>constrinxit,</span> <span class='ocrx_word' id='word_1_194' title='bbox 837 2427 1073 2499; x_wconf 79' lang='lat' dir='ltr'>dicens:</span> <span class='ocrx_word' id='word_1_195' title='bbox 1101 2425 1195 2499; x_wconf 80' lang='lat' dir='ltr'>Sic</span> <span class='ocrx_word' id='word_1_196' title='bbox 1235 2425 1403 2499; x_wconf 83' lang='lat' dir='ltr'>unica</span> <span class='ocrx_word' id='word_1_197' title='bbox 1452 2425 1568 2480; x_wconf 88' lang='lat' dir='ltr'>ﬁlia</span> <span class='ocrx_word' id='word_1_198' title='bbox 1617 2432 1717 2482; x_wconf 90' lang='lat' dir='ltr'>tua</span> <span class='ocrx_word' id='word_1_199' title='bbox 1768 2429 1951 2495; x_wconf 90' lang='lat' dir='ltr'>vivat;</span> <span class='ocrx_word' id='word_1_200' title='bbox 1985 2447 2086 2499; x_wconf 90' lang='lat' dir='ltr'>po-</span> 
     </span>
    </p>
   </div>
   <div class='ocr_carea' id='block_1_32' title="bbox 444 2497 2086 2568">
    <p class='ocr_par' dir='ltr' id='par_1_32' title="bbox 444 2497 2086 2568">
     <span class='ocr_line' id='line_1_32' title="bbox 444 2497 2086 2568; baseline 0.001 -13"><span class='ocrx_word' id='word_1_201' title='bbox 444 2504 632 2555; x_wconf 91' lang='lat' dir='ltr'>testne</span> <span class='ocrx_word' id='word_1_202' title='bbox 663 2497 851 2553; x_wconf 88' lang='lat' dir='ltr'>curari</span> <span class='ocrx_word' id='word_1_203' title='bbox 875 2497 1118 2567; x_wconf 75' lang='lat' dir='ltr'>Megetis</span> <span class='ocrx_word' id='word_1_204' title='bbox 1139 2497 1208 2550; x_wconf 89' lang='lat' dir='ltr'>de</span> <span class='ocrx_word' id='word_1_205' title='bbox 1233 2497 1481 2568; x_wconf 86' lang='lat' dir='ltr'>paralysi</span> <span class='ocrx_word' id='word_1_206' title='bbox 1507 2499 1636 2564; x_wconf 89' lang='lat' dir='ltr'>ista,</span> <span class='ocrx_word' id='word_1_207' title='bbox 1659 2517 1731 2554; x_wconf 91' lang='lat' dir='ltr'>an</span> <span class='ocrx_word' id='word_1_208' title='bbox 1758 2517 1869 2554; x_wconf 90' lang='lat' dir='ltr'>non</span> <span class='ocrx_word' id='word_1_209' title='bbox 1893 2500 1920 2554; x_wconf 67' lang='lat'>‘2</span> <span class='ocrx_word' id='word_1_210' title='bbox 1942 2497 2086 2557; x_wconf 82' lang='lat' dir='ltr'>Tum</span> 
     </span>
    </p>
   </div>
   <div class='ocr_carea' id='block_1_33' title="bbox 437 2568 2086 2643">
    <p class='ocr_par' dir='ltr' id='par_1_33' title="bbox 437 2568 2086 2643">
     <span class='ocr_line' id='line_1_33' title="bbox 437 2568 2086 2643; baseline 0 -17"><span class='ocrx_word' id='word_1_211' title='bbox 437 2571 573 2626; x_wconf 89' lang='lat' dir='ltr'>ille:</span> <span class='ocrx_word' id='word_1_212' title='bbox 611 2571 880 2643; x_wconf 85' lang='lat' dir='ltr'>Fidelit_er</span> <span class='ocrx_word' id='word_1_213' title='bbox 910 2569 1060 2635; x_wconf 90' lang='lat' dir='ltr'>dico,</span> <span class='ocrx_word' id='word_1_214' title='bbox 1093 2568 1272 2622; x_wconf 87' lang='lat' dir='ltr'>ﬁliam</span> <span class='ocrx_word' id='word_1_215' title='bbox 1315 2573 1474 2643; x_wconf 84' lang='lat' dir='ltr'>tuam</span> <span class='ocrx_word' id='word_1_216' title='bbox 1527 2569 1596 2624; x_wconf 90' lang='lat' dir='ltr'>de</span> <span class='ocrx_word' id='word_1_217' title='bbox 1640 2569 1948 2643; x_wconf 88' lang='lat' dir='ltr'>haccausa</span> <span class='ocrx_word' id='word_1_218' title='bbox 1985 2588 2086 2643; x_wconf 87' lang='lat' dir='ltr'>pe-</span> 
     </span>
    </p>
   </div>
   <div class='ocr_carea' id='block_1_34' title="bbox 444 2640 2086 2710">
    <p class='ocr_par' dir='ltr' id='par_1_34' title="bbox 444 2640 2086 2710">
     <span class='ocr_line' id='line_1_34' title="bbox 444 2640 2086 2710; baseline 0.001 -14"><span class='ocrx_word' id='word_1_219' title='bbox 444 2643 600 2696; x_wconf 86' lang='lat' dir='ltr'>nitus</span> <span class='ocrx_word' id='word_1_220' title='bbox 633 2640 821 2696; x_wconf 89' lang='lat' dir='ltr'>curari</span> <span class='ocrx_word' id='word_1_221' title='bbox 855 2656 968 2694; x_wconf 91' lang='lat' dir='ltr'>non</span> <span class='ocrx_word' id='word_1_222' title='bbox 1005 2655 1188 2710; x_wconf 90' lang='lat' dir='ltr'>posse,</span> <span class='ocrx_word' id='word_1_223' title='bbox 1238 2641 1376 2710; x_wconf 91' lang='lat' dir='ltr'>quia</span> <span class='ocrx_word' id='word_1_224' title='bbox 1422 2640 1503 2694; x_wconf 90' lang='lat' dir='ltr'>sic</span> <span class='ocrx_word' id='word_1_225' title='bbox 1545 2657 1638 2695; x_wconf 90' lang='lat' dir='ltr'>me</span> <span class='ocrx_word' id='word_1_226' title='bbox 1683 2642 1913 2698; x_wconf 91' lang='lat' dir='ltr'>voluisti</span> <span class='ocrx_word' id='word_1_227' title='bbox 1946 2640 2086 2698; x_wconf 79' lang='lat' dir='ltr'>con-</span> 
     </span>
    </p>
   </div>
   <div class='ocr_carea' id='block_1_35' title="bbox 441 2710 2082 2784">
    <p class='ocr_par' dir='ltr' id='par_1_35' title="bbox 441 2710 2082 2784">
     <span class='ocr_line' id='line_1_35' title="bbox 441 2710 2082 2784; baseline 0.001 -17"><span class='ocrx_word' id='word_1_228' title='bbox 441 2715 743 2784; x_wconf 82' lang='lat' dir='ltr'>stringere.</span> <span class='ocrx_word' id='word_1_229' title='bbox 783 2712 934 2784; x_wconf 75' lang='lat' dir='ltr'>lpsa,</span> <span class='ocrx_word' id='word_1_230' title='bbox 977 2710 1505 2784; x_wconf 78' lang='lat' dir='ltr'>inquit,_junctura</span> <span class='ocrx_word' id='word_1_231' title='bbox 1547 2713 1713 2784; x_wconf 77' lang='lat' dir='ltr'>quasi</span> <span class='ocrx_word' id='word_1_232' title='bbox 1761 2714 1932 2778; x_wconf 86' lang='lat' dir='ltr'>carri,</span> <span class='ocrx_word' id='word_1_233' title='bbox 1984 2714 2082 2769; x_wconf 87' lang='lat' dir='ltr'>ubi</span> 
     </span>
    </p>
   </div>
   <div class='ocr_carea' id='block_1_36' title="bbox 443 2781 2078 2853">
    <p class='ocr_par' dir='ltr' id='par_1_36' title="bbox 443 2781 2078 2853">
     <span class='ocr_line' id='line_1_36' title="bbox 443 2781 2078 2853; baseline 0 -13"><span class='ocrx_word' id='word_1_234' title='bbox 443 2786 556 2840; x_wconf 89' lang='lat' dir='ltr'>oris</span> <span class='ocrx_word' id='word_1_235' title='bbox 586 2781 642 2840; x_wconf 75' lang='lat' dir='ltr'>et</span> <span class='ocrx_word' id='word_1_236' title='bbox 691 2781 1060 2837; x_wconf 82' lang='lat' dir='ltr'>maxillarum</span> <span class='ocrx_word' id='word_1_237' title='bbox 1115 2782 1432 2837; x_wconf 84' lang='lat' dir='ltr'>retinacula</span> <span class='ocrx_word' id='word_1_238' title='bbox 1472 2781 1732 2853; x_wconf 57' lang='lat' dir='ltr'>quédam</span> <span class='ocrx_word' id='word_1_239' title='bbox 1780 2786 2078 2840; x_wconf 89' lang='lat' dir='ltr'>continen-</span> 
     </span>
    </p>
   </div>
   <div class='ocr_carea' id='block_1_37' title="bbox 444 2853 2083 2924">
    <p class='ocr_par' dir='ltr' id='par_1_37' title="bbox 444 2853 2083 2924">
     <span class='ocr_line' id='line_1_37' title="bbox 444 2853 2083 2924; baseline 0.001 -14"><span class='ocrx_word' id='word_1_240' title='bbox 444 2864 556 2922; x_wconf 89' lang='lat' dir='ltr'>tur,</span> <span class='ocrx_word' id='word_1_241' title='bbox 588 2854 815 2910; x_wconf 79' lang='lat' dir='ltr'>exclusa</span> <span class='ocrx_word' id='word_1_242' title='bbox 844 2858 931 2909; x_wconf 90' lang='lat' dir='ltr'>est</span> <span class='ocrx_word' id='word_1_243' title='bbox 960 2871 994 2908; x_wconf 92' lang='lat' dir='ltr'>a</span> <span class='ocrx_word' id='word_1_244' title='bbox 1024 2853 1177 2924; x_wconf 84' lang='lat' dir='ltr'>locis</span> <span class='ocrx_word' id='word_1_245' title='bbox 1198 2854 1336 2908; x_wconf 89' lang='lat' dir='ltr'>suis.</span> <span class='ocrx_word' id='word_1_246' title='bbox 1380 2854 1482 2908; x_wconf 85' lang='lat' dir='ltr'>Cui</span> <span class='ocrx_word' id='word_1_247' title='bbox 1517 2857 1872 2924; x_wconf 86' lang='lat' dir='ltr'>respondens</span> <span class='ocrx_word' id='word_1_248' title='bbox 1905 2861 2083 2912; x_wconf 85' lang='lat' dir='ltr'>mater</span> 
     </span>
    </p>
   </div>
   <div class='ocr_carea' id='block_1_38' title="bbox 441 2923 2081 2992">
    <p class='ocr_par' dir='ltr' id='par_1_38' title="bbox 441 2923 2081 2992">
     <span class='ocr_line' id='line_1_38' title="bbox 441 2923 2081 2992; baseline 0.002 -13"><span class='ocrx_word' id='word_1_249' title='bbox 441 2927 656 2992; x_wconf 90' lang='lat' dir='ltr'>Vitula,</span> <span class='ocrx_word' id='word_1_250' title='bbox 691 2926 821 2981; x_wconf 82' lang='lat' dir='ltr'>ﬁdei</span> <span class='ocrx_word' id='word_1_251' title='bbox 855 2942 974 2980; x_wconf 74' lang='lat' dir='ltr'>sua:</span> <span class='ocrx_word' id='word_1_252' title='bbox 1016 2923 1329 2980; x_wconf 87' lang='lat' dir='ltr'>stabilitate</span> <span class='ocrx_word' id='word_1_253' title='bbox 1382 2923 1640 2989; x_wconf 72' lang='lat' dir='ltr'>fundata,</span> <span class='ocrx_word' id='word_1_254' title='bbox 1673 2930 1952 2982; x_wconf 92' lang='lat' dir='ltr'>continuo</span> <span class='ocrx_word' id='word_1_255' title='bbox 1989 2945 2081 2983; x_wconf 86' lang='lat' dir='ltr'>re-</span> 
     </span>
    </p>
   </div>
   <div class='ocr_carea' id='block_1_39' title="bbox 436 2996 2078 3066">
    <p class='ocr_par' dir='ltr' id='par_1_39' title="bbox 436 2996 2078 3066">
     <span class='ocr_line' id='line_1_39' title="bbox 436 2996 2078 3066; baseline 0.001 -15"><span class='ocrx_word' id='word_1_256' title='bbox 436 2997 567 3052; x_wconf 90' lang='lat' dir='ltr'>tulit</span> <span class='ocrx_word' id='word_1_257' title='bbox 618 2999 858 3052; x_wconf 91' lang='lat' dir='ltr'>dicens:</span> <span class='ocrx_word' id='word_1_258' title='bbox 900 2996 1016 3066; x_wconf 87' lang='lat' dir='ltr'>Ego</span> <span class='ocrx_word' id='word_1_259' title='bbox 1060 3012 1174 3050; x_wconf 89' lang='lat' dir='ltr'>non</span> <span class='ocrx_word' id='word_1_260' title='bbox 1223 2996 1305 3050; x_wconf 92' lang='lat' dir='ltr'>sic</span> <span class='ocrx_word' id='word_1_261' title='bbox 1355 2997 1524 3052; x_wconf 90' lang='lat' dir='ltr'>credo</span> <span class='ocrx_word' id='word_1_262' title='bbox 1565 2997 1623 3050; x_wconf 91' lang='lat' dir='ltr'>in</span> <span class='ocrx_word' id='word_1_263' title='bbox 1675 2999 1897 3054; x_wconf 86' lang='lat' dir='ltr'>Christo</span> <span class='ocrx_word' id='word_1_264' title='bbox 1930 3015 2078 3066; x_wconf 92' lang='lat' dir='ltr'>meo,</span> 
     </span>
    </p>
   </div>
   <div class='ocr_carea' id='block_1_40' title="bbox 440 3067 2080 3140">
    <p class='ocr_par' dir='ltr' id='par_1_40' title="bbox 440 3067 2080 3140">
     <span class='ocr_line' id='line_1_40' title="bbox 440 3067 2080 3140; baseline 0.001 -18"><span class='ocrx_word' id='word_1_265' title='bbox 440 3069 576 3140; x_wconf 89' lang='lat' dir='ltr'>quia</span> <span class='ocrx_word' id='word_1_266' title='bbox 605 3069 685 3122; x_wconf 92' lang='lat' dir='ltr'>sic</span> <span class='ocrx_word' id='word_1_267' title='bbox 711 3067 1072 3140; x_wconf 79' lang='lat' dir='ltr'>relinquetur</span> <span class='ocrx_word' id='word_1_268' title='bbox 1103 3067 1222 3140; x_wconf 90' lang='lat' dir='ltr'>ﬁlia</span> <span class='ocrx_word' id='word_1_269' title='bbox 1245 3082 1373 3120; x_wconf 91' lang='lat' dir='ltr'>mea</span> <span class='ocrx_word' id='word_1_270' title='bbox 1404 3067 1597 3140; x_wconf 78' lang='lat' dir='ltr'>inhoc</span> <span class='ocrx_word' id='word_1_271' title='bbox 1618 3073 1777 3124; x_wconf 88' lang='lat' dir='ltr'>tanto</span> <span class='ocrx_word' id='word_1_272' title='bbox 1799 3070 2080 3140; x_wconf 87' lang='lat' dir='ltr'>paralysis</span> 
     </span>
    </p>
   </div>
   <div class='ocr_carea' id='block_1_41' title="bbox 441 3137 2080 3196">
    <p class='ocr_par' dir='ltr' id='par_1_41' title="bbox 441 3137 2080 3196">
     <span class='ocr_line' id='line_1_41' title="bbox 441 3137 2080 3196; baseline 0 -1"><span class='ocrx_word' id='word_1_273' title='bbox 441 3137 614 3196; x_wconf 80' lang='lat' dir='ltr'>malo.</span> <span class='ocrx_word' id='word_1_274' title='bbox 648 3144 722 3194; x_wconf 89' lang='lat' dir='ltr'>At</span> <span class='ocrx_word' id='word_1_275' title='bbox 752 3139 847 3193; x_wconf 91' lang='lat' dir='ltr'>ille</span> <span class='ocrx_word' id='word_1_276' title='bbox 881 3137 1010 3192; x_wconf 91' lang='lat' dir='ltr'>ﬁdei</span> <span class='ocrx_word' id='word_1_277' title='bbox 1044 3137 1380 3192; x_wconf 90' lang='lat' dir='ltr'>ﬁrmitatem</span> <span class='ocrx_word' id='word_1_278' title='bbox 1406 3137 1568 3192; x_wconf 81' lang='lat' dir='ltr'>valde</span> <span class='ocrx_word' id='word_1_279' title='bbox 1597 3137 1894 3195; x_wconf 81' lang='lat' dir='ltr'>admirans</span> <span class='ocrx_word' id='word_1_280' title='bbox 1923 3137 1982 3195; x_wconf 81' lang='lat' dir='ltr'>in</span> <span class='ocrx_word' id='word_1_281' title='bbox 2009 3141 2080 3196; x_wconf 85' lang='lat' dir='ltr'>fe-</span> 
     </span>
    </p>
   </div>
   <div class='ocr_carea' id='block_1_42' title="bbox 443 3209 2078 3279">
    <p class='ocr_par' dir='ltr' id='par_1_42' title="bbox 443 3209 2078 3279">
     <span class='ocr_line' id='line_1_42' title="bbox 443 3209 2078 3279; baseline 0.001 -12"><span class='ocrx_word' id='word_1_282' title='bbox 443 3211 634 3267; x_wconf 88' lang='lat' dir='ltr'>mina:</span> <span class='ocrx_word' id='word_1_283' title='bbox 672 3210 808 3277; x_wconf 86' lang='lat' dir='ltr'>Hoc,</span> <span class='ocrx_word' id='word_1_284' title='bbox 852 3209 1058 3278; x_wconf 87' lang='lat' dir='ltr'>inquit,</span> <span class='ocrx_word' id='word_1_285' title='bbox 1106 3210 1488 3279; x_wconf 85' lang='lat' dir='ltr'>omnipotenti</span> <span class='ocrx_word' id='word_1_286' title='bbox 1536 3209 1650 3265; x_wconf 92' lang='lat' dir='ltr'>Deo</span> <span class='ocrx_word' id='word_1_287' title='bbox 1695 3211 1827 3266; x_wconf 89' lang='lat' dir='ltr'>licet</span> <span class='ocrx_word' id='word_1_288' title='bbox 1872 3212 2078 3278; x_wconf 88' lang='lat' dir='ltr'>facere,</span> 
     </span>
    </p>
   </div>
   <div class='ocr_carea' id='block_1_43' title="bbox 439 3279 2077 3348">
    <p class='ocr_par' dir='ltr' id='par_1_43' title="bbox 439 3279 2077 3348">
     <span class='ocr_line' id='line_1_43' title="bbox 439 3279 2077 3348; baseline 0 -10"><span class='ocrx_word' id='word_1_289' title='bbox 439 3284 527 3339; x_wconf 93' lang='lat' dir='ltr'>cui</span> <span class='ocrx_word' id='word_1_290' title='bbox 562 3283 791 3346; x_wconf 87' lang='lat' dir='ltr'>credis;</span> <span class='ocrx_word' id='word_1_291' title='bbox 827 3297 954 3334; x_wconf 90' lang='lat' dir='ltr'>nam</span> <span class='ocrx_word' id='word_1_292' title='bbox 990 3279 1133 3333; x_wconf 89' lang='lat' dir='ltr'>nihil</span> <span class='ocrx_word' id='word_1_293' title='bbox 1170 3295 1368 3348; x_wconf 88' lang='lat' dir='ltr'>speres</span> <span class='ocrx_word' id='word_1_294' title='bbox 1408 3297 1476 3334; x_wconf 82' lang='lat' dir='ltr'>ex</span> <span class='ocrx_word' id='word_1_295' title='bbox 1507 3281 1693 3336; x_wconf 86' lang='lat' dir='ltr'>nobis.</span> <span class='ocrx_word' id='word_1_296' title='bbox 1729 3283 1947 3344; x_wconf 88' lang='lat' dir='ltr'>Quibus</span> <span class='ocrx_word' id='word_1_297' title='bbox 1982 3300 2077 3338; x_wconf 90' lang='lat' dir='ltr'>re-</span> 
     </span>
    </p>
   </div>
   <div class='ocr_carea' id='block_1_44' title="bbox 439 3350 2079 3424">
    <p class='ocr_par' dir='ltr' id='par_1_44' title="bbox 439 3350 2079 3424">
     <span class='ocr_line' id='line_1_44' title="bbox 439 3350 2079 3424; baseline -0.001 -16"><span class='ocrx_word' id='word_1_298' title='bbox 439 3354 644 3424; x_wconf 88' lang='lat' dir='ltr'>ligiosa</span> <span class='ocrx_word' id='word_1_299' title='bbox 675 3353 861 3406; x_wconf 87' lang='lat' dir='ltr'>Vitula</span> <span class='ocrx_word' id='word_1_300' title='bbox 892 3350 1121 3424; x_wconf 80' lang='lat' dir='ltr'>auditis,</span> <span class='ocrx_word' id='word_1_301' title='bbox 1145 3351 1387 3404; x_wconf 90' lang='lat' dir='ltr'>dimisso</span> <span class='ocrx_word' id='word_1_302' title='bbox 1419 3367 1451 3403; x_wconf 90' lang='lat' dir='ltr'>a</span> <span class='ocrx_word' id='word_1_303' title='bbox 1474 3366 1544 3424; x_wconf 74' lang='lat' dir='ltr'>se</span> <span class='ocrx_word' id='word_1_304' title='bbox 1576 3352 1885 3424; x_wconf 79' lang='lat' dir='ltr'>archiatro,</span> <span class='ocrx_word' id='word_1_305' title='bbox 1910 3370 2079 3407; x_wconf 82' lang='lat' dir='ltr'>assu-</span> 
     </span>
    </p>
   </div>
   <div class='ocr_carea' id='block_1_45' title="bbox 443 3421 2083 3491">
    <p class='ocr_par' dir='ltr' id='par_1_45' title="bbox 443 3421 2083 3491">
     <span class='ocr_line' id='line_1_45' title="bbox 443 3421 2083 3491; baseline -0.001 -11"><span class='ocrx_word' id='word_1_306' title='bbox 443 3421 610 3480; x_wconf 40' lang='lat' dir='ltr'>m‘ens</span> <span class='ocrx_word' id='word_1_307' title='bbox 638 3439 830 3478; x_wconf 89' lang='lat' dir='ltr'>secum</span> <span class='ocrx_word' id='word_1_308' title='bbox 865 3421 1162 3491; x_wconf 78' lang='lat' dir='ltr'>Megetiam</span> <span class='ocrx_word' id='word_1_309' title='bbox 1197 3437 1386 3487; x_wconf 89' lang='lat' dir='ltr'>suam,</span> <span class='ocrx_word' id='word_1_310' title='bbox 1419 3421 1560 3475; x_wconf 80' lang='lat' dir='ltr'>adiit</span> <span class='ocrx_word' id='word_1_311' title='bbox 1589 3422 1773 3477; x_wconf 85' lang='lat' dir='ltr'>virum</span> <span class='ocrx_word' id='word_1_312' title='bbox 1808 3440 1980 3478; x_wconf 91' lang='lat' dir='ltr'>suum</span> <span class='ocrx_word' id='word_1_313' title='bbox 2024 3428 2083 3478; x_wconf 88' lang='lat' dir='ltr'>et</span> 
     </span>
    </p>
   </div>
   <div class='ocr_carea' id='block_1_46' title="bbox 441 3492 2082 3560">
    <p class='ocr_par' dir='ltr' id='par_1_46' title="bbox 441 3492 2082 3560">
     <span class='ocr_line' id='line_1_46' title="bbox 441 3492 2082 3560; baseline -0.002 -9"><span class='ocrx_word' id='word_1_314' title='bbox 441 3499 627 3551; x_wconf 90' lang='lat' dir='ltr'>virum</span> <span class='ocrx_word' id='word_1_315' title='bbox 659 3495 789 3549; x_wconf 64' lang='lat' dir='ltr'>ﬁlias</span> <span class='ocrx_word' id='word_1_316' title='bbox 821 3509 955 3556; x_wconf 72' lang='lat' dir='ltr'>suae,</span> <span class='ocrx_word' id='word_1_317' title='bbox 989 3507 1056 3547; x_wconf 90' lang='lat' dir='ltr'>ac</span> <span class='ocrx_word' id='word_1_318' title='bbox 1084 3493 1172 3560; x_wconf 91' lang='lat' dir='ltr'>pio</span> <span class='ocrx_word' id='word_1_319' title='bbox 1224 3492 1586 3546; x_wconf 82' lang='lat' dir='ltr'>inflammata</span> <span class='ocrx_word' id='word_1_320' title='bbox 1614 3494 1828 3560; x_wconf 90' lang='lat' dir='ltr'>dolore,</span> <span class='ocrx_word' id='word_1_321' title='bbox 1861 3495 1944 3548; x_wconf 91' lang='lat' dir='ltr'>sic</span> <span class='ocrx_word' id='word_1_322' title='bbox 1977 3495 2082 3549; x_wconf 86' lang='lat' dir='ltr'>fari</span> 
     </span>
    </p>
   </div>
   <div class='ocr_carea' id='block_1_47' title="bbox 439 3563 2081 3633">
    <p class='ocr_par' dir='ltr' id='par_1_47' title="bbox 439 3563 2081 3633">
     <span class='ocr_line' id='line_1_47' title="bbox 439 3563 2081 3633; baseline -0.002 -10"><span class='ocrx_word' id='word_1_323' title='bbox 439 3583 641 3624; x_wconf 86' lang='lat' dir='ltr'>exorsa</span> <span class='ocrx_word' id='word_1_324' title='bbox 674 3575 757 3620; x_wconf 90' lang='lat' dir='ltr'>est</span> <span class='ocrx_word' id='word_1_325' title='bbox 785 3581 796 3618; x_wconf 93' lang='lat'>:</span> <span class='ocrx_word' id='word_1_326' title='bbox 829 3565 1258 3633; x_wconf 84' lang='lat' dir='ltr'>Acquievimus,</span> <span class='ocrx_word' id='word_1_327' title='bbox 1300 3563 1512 3633; x_wconf 90' lang='lat' dir='ltr'>inquit,</span> <span class='ocrx_word' id='word_1_328' title='bbox 1545 3565 1709 3619; x_wconf 90' lang='lat' dir='ltr'>vobis</span> <span class='ocrx_word' id='word_1_329' title='bbox 1745 3567 1953 3621; x_wconf 90' lang='lat' dir='ltr'>misere</span> <span class='ocrx_word' id='word_1_330' title='bbox 1986 3581 2081 3620; x_wconf 87' lang='lat' dir='ltr'>us-</span> 
     </span>
    </p>
   </div>
   <div class='ocr_carea' id='block_1_48' title="bbox 440 3634 2082 3710">
    <p class='ocr_par' dir='ltr' id='par_1_48' title="bbox 440 3634 2082 3710">
     <span class='ocr_line' id='line_1_48' title="bbox 440 3634 2082 3710; baseline -0.001 -17"><span class='ocrx_word' id='word_1_331' title='bbox 440 3655 554 3710; x_wconf 92' lang='lat' dir='ltr'>que</span> <span class='ocrx_word' id='word_1_332' title='bbox 577 3652 872 3710; x_wconf 87' lang='lat' dir='ltr'>nunc,nec_</span> <span class='ocrx_word' id='word_1_333' title='bbox 892 3636 1155 3710; x_wconf 82' lang='lat' dir='ltr'>resistere</span> <span class='ocrx_word' id='word_1_334' title='bbox 1175 3634 1314 3688; x_wconf 84' lang='lat' dir='ltr'>viris</span> <span class='ocrx_word' id='word_1_335' title='bbox 1338 3634 1612 3710; x_wconf 85' lang='lat' dir='ltr'>mulieres</span> <span class='ocrx_word' id='word_1_336' title='bbox 1626 3635 1920 3710; x_wconf 75' lang='lat' dir='ltr'>valuimus</span> <span class='ocrx_word' id='word_1_337' title='bbox 1946 3637 2082 3710; x_wconf 83' lang='lat' dir='ltr'>:diu</span> 
     </span>
    </p>
   </div>
   <div class='ocr_carea' id='block_1_49' title="bbox 440 3705 2087 3780">
    <p class='ocr_par' dir='ltr' id='par_1_49' title="bbox 440 3705 2087 3780">
     <span class='ocr_line' id='line_1_49' title="bbox 440 3705 2087 3780; baseline -0.002 -15"><span class='ocrx_word' id='word_1_338' title='bbox 440 3705 664 3766; x_wconf 73' lang='lat' dir='ltr'>vestras</span> <span class='ocrx_word' id='word_1_339' title='bbox 689 3708 1038 3780; x_wconf 86' lang='lat' dir='ltr'>pertulimus</span> <span class='ocrx_word' id='word_1_340' title='bbox 1059 3705 1402 3780; x_wconf 79' lang='lat' dir='ltr'>voiunlates,</span> <span class='ocrx_word' id='word_1_341' title='bbox 1429 3707 1731 3780; x_wconf 70' lang='lat' dir='ltr'>exquibus</span> <span class='ocrx_word' id='word_1_342' title='bbox 1757 3707 1947 3762; x_wconf 86' lang='lat' dir='ltr'>nullus</span> <span class='ocrx_word' id='word_1_343' title='bbox 1970 3708 2087 3762; x_wconf 88' lang='lat' dir='ltr'>fru-</span> 
     </span>
    </p>
   </div>
   <div class='ocr_carea' id='block_1_50' title="bbox 444 3777 2086 3845">
    <p class='ocr_par' dir='ltr' id='par_1_50' title="bbox 444 3777 2086 3845">
     <span class='ocr_line' id='line_1_50' title="bbox 444 3777 2086 3845; baseline -0.002 -8"><span class='ocrx_word' id='word_1_344' title='bbox 444 3788 573 3838; x_wconf 90' lang='lat' dir='ltr'>ctus</span> <span class='ocrx_word' id='word_1_345' title='bbox 605 3777 814 3836; x_wconf 79' lang='lat' dir='ltr'>salutis</span> <span class='ocrx_word' id='word_1_346' title='bbox 847 3779 996 3845; x_wconf 64' lang='lat' dir='ltr'>ﬁliae,</span> <span class='ocrx_word' id='word_1_347' title='bbox 1031 3777 1225 3832; x_wconf 91' lang='lat' dir='ltr'>nullus</span> <span class='ocrx_word' id='word_1_348' title='bbox 1256 3779 1432 3831; x_wconf 89' lang='lat' dir='ltr'>cessit</span> <span class='ocrx_word' id='word_1_349' title='bbox 1459 3778 1720 3844; x_wconf 73' lang='lat' dir='ltr'>effectus,</span> <span class='ocrx_word' id='word_1_350' title='bbox 1753 3780 1834 3834; x_wconf 84' lang='lat' dir='ltr'>ita</span> <span class='ocrx_word' id='word_1_351' title='bbox 1866 3784 1927 3834; x_wconf 93' lang='lat' dir='ltr'>ut</span> <span class='ocrx_word' id='word_1_352' title='bbox 1955 3795 2086 3835; x_wconf 88' lang='lat' dir='ltr'>ecce</span> 
     </span>
    </p>
   </div>
   <div class='ocr_carea' id='block_1_51' title="bbox 445 3849 2086 3925">
    <p class='ocr_par' dir='ltr' id='par_1_51' title="bbox 445 3849 2086 3925">
     <span class='ocr_line' id='line_1_51' title="bbox 445 3849 2086 3925; baseline -0.002 -17"><span class='ocrx_word' id='word_1_353' title='bbox 445 3871 544 3925; x_wconf 88' lang='lat' dir='ltr'>per</span> <span class='ocrx_word' id='word_1_354' title='bbox 572 3855 878 3925; x_wconf 35' lang='lat' dir='ltr'>anuumuet</span> <span class='ocrx_word' id='word_1_355' title='bbox 909 3855 1048 3920; x_wconf 89' lang='lat' dir='ltr'>quot</span> <span class='ocrx_word' id='word_1_356' title='bbox 1077 3849 1661 3925; x_wconf 74' lang='lat' dir='ltr'>excurruntamplius</span> <span class='ocrx_word' id='word_1_357' title='bbox 1687 3866 1915 3906; x_wconf 87' lang='lat' dir='ltr'>menses</span> <span class='ocrx_word' id='word_1_358' title='bbox 1938 3851 2086 3925; x_wconf 88' lang='lat' dir='ltr'>inter</span> 
     </span>
    </p>
   </div>
   <div class='ocr_carea' id='block_1_52' title="bbox 427 3921 2086 3992">
    <p class='ocr_par' dir='ltr' id='par_1_52' title="bbox 427 3921 2086 3992">
     <span class='ocr_line' id='line_1_52' title="bbox 427 3921 2086 3992; baseline -0.002 -12"><span class='ocrx_word' id='word_1_359' title='bbox 427 3921 638 3980; x_wconf 81' lang='lat' dir='ltr'>manus</span> <span class='ocrx_word' id='word_1_360' title='bbox 673 3922 1033 3978; x_wconf 90' lang='lat' dir='ltr'>medicorum</span> <span class='ocrx_word' id='word_1_361' title='bbox 1067 3937 1280 3992; x_wconf 89' lang='lat' dir='ltr'>corpus</span> <span class='ocrx_word' id='word_1_362' title='bbox 1313 3921 1442 3975; x_wconf 66' lang='lat' dir='ltr'>ﬁlia:</span> <span class='ocrx_word' id='word_1_363' title='bbox 1485 3936 1626 3975; x_wconf 66' lang='lat' dir='ltr'>mea</span> <span class='ocrx_word' id='word_1_364' title='bbox 1682 3923 2086 3977; x_wconf 86' lang='lat' dir='ltr'>tantummodo</span> 
     </span>
    </p>
   </div>
   <div class='ocr_carea' id='block_1_53' title="bbox 425 3992 2084 4068">
    <p class='ocr_par' dir='ltr' id='par_1_53' title="bbox 425 3992 2084 4068">
     <span class='ocr_line' id='line_1_53' title="bbox 425 3992 2084 4068; baseline -0.002 -17"><span class='ocrx_word' id='word_1_365' title='bbox 425 3997 719 4068; x_wconf 82' lang='lat' dir='ltr'>fatigetur,</span> <span class='ocrx_word' id='word_1_366' title='bbox 769 4010 874 4049; x_wconf 91' lang='lat' dir='ltr'>nec</span> <span class='ocrx_word' id='word_1_367' title='bbox 905 3993 1164 4068; x_wconf 81' lang='lat' dir='ltr'>omnino,</span> <span class='ocrx_word' id='word_1_368' title='bbox 1199 3993 1350 4068; x_wconf 79' lang='lat' dir='ltr'>sicut</span> <span class='ocrx_word' id='word_1_369' title='bbox 1397 3992 1626 4068; x_wconf 81' lang='lat' dir='ltr'>videtis,</span> <span class='ocrx_word' id='word_1_370' title='bbox 1657 3993 1873 4068; x_wconf 87' lang='lat' dir='ltr'>aliquid</span> <span class='ocrx_word' id='word_1_371' title='bbox 1913 3994 2084 4064; x_wconf 84' lang='lat' dir='ltr'>perli-</span> 
     </span>
    </p>
   </div>
   <div class='ocr_carea' id='block_1_54' title="bbox 422 4063 2085 4134">
    <p class='ocr_par' dir='ltr' id='par_1_54' title="bbox 422 4063 2085 4134">
     <span class='ocr_line' id='line_1_54' title="bbox 422 4063 2085 4134; baseline -0.002 -11"><span class='ocrx_word' id='word_1_372' title='bbox 422 4063 627 4124; x_wconf 60' lang='lat' dir='ltr'>cierido</span> <span class='ocrx_word' id='word_1_373' title='bbox 659 4071 916 4120; x_wconf 89' lang='lat' dir='ltr'>sanetur.</span> <span class='ocrx_word' id='word_1_374' title='bbox 951 4065 1131 4134; x_wconf 76' lang='lat' dir='ltr'>Rogo,</span> <span class='ocrx_word' id='word_1_375' title='bbox 1164 4063 1483 4134; x_wconf 83' lang='lat' dir='ltr'>aliquando</span> <span class='ocrx_word' id='word_1_376' title='bbox 1517 4063 1835 4134; x_wconf 83' lang='lat' dir='ltr'>permittite</span> <span class='ocrx_word' id='word_1_377' title='bbox 1883 4063 1936 4119; x_wconf 80' lang='lat' dir='ltr'>et</span> <span class='ocrx_word' id='word_1_378' title='bbox 1986 4081 2085 4119; x_wconf 90' lang='lat' dir='ltr'>no-</span> 
     </span>
    </p>
   </div>
   <div class='ocr_carea' id='block_1_55' title="bbox 423 4136 2080 4208">
    <p class='ocr_par' dir='ltr' id='par_1_55' title="bbox 423 4136 2080 4208">
     <span class='ocr_line' id='line_1_55' title="bbox 423 4136 2080 4208; baseline -0.001 -14"><span class='ocrx_word' id='word_1_379' title='bbox 423 4140 534 4208; x_wconf 90' lang='lat' dir='ltr'>bis,</span> <span class='ocrx_word' id='word_1_380' title='bbox 570 4145 633 4193; x_wconf 92' lang='lat' dir='ltr'>ut</span> <span class='ocrx_word' id='word_1_381' title='bbox 666 4138 948 4192; x_wconf 86' lang='lat' dir='ltr'>faciamus</span> <span class='ocrx_word' id='word_1_382' title='bbox 981 4143 1033 4189; x_wconf 88' lang='lat' dir='ltr'>et</span> <span class='ocrx_word' id='word_1_383' title='bbox 1065 4151 1171 4208; x_wconf 81' lang='lat' dir='ltr'>nos</span> <span class='ocrx_word' id='word_1_384' title='bbox 1211 4151 1336 4206; x_wconf 67' lang='lat' dir='ltr'>quas</span> <span class='ocrx_word' id='word_1_385' title='bbox 1385 4137 1699 4208; x_wconf 81' lang='lat' dir='ltr'>expediunt</span> <span class='ocrx_word' id='word_1_386' title='bbox 1748 4136 1954 4208; x_wconf 83' lang='lat' dir='ltr'>nobis:</span> <span class='ocrx_word' id='word_1_387' title='bbox 1989 4152 2080 4192; x_wconf 89' lang='lat' dir='ltr'>ea-</span> 
     </span>
    </p>
   </div>
   <div class='ocr_carea' id='block_1_56' title="bbox 424 4206 2073 4276">
    <p class='ocr_par' dir='ltr' id='par_1_56' title="bbox 424 4206 2073 4276">
     <span class='ocr_line' id='line_1_56' title="bbox 424 4206 2073 4276; baseline -0.002 -11"><span class='ocrx_word' id='word_1_388' title='bbox 424 4206 558 4265; x_wconf 88' lang='lat' dir='ltr'>mus</span> <span class='ocrx_word' id='word_1_389' title='bbox 585 4212 648 4266; x_wconf 92' lang='lat' dir='ltr'>et</span> <span class='ocrx_word' id='word_1_390' title='bbox 680 4225 784 4263; x_wconf 91' lang='lat' dir='ltr'>nos</span> <span class='ocrx_word' id='word_1_391' title='bbox 815 4209 886 4262; x_wconf 90' lang='lat' dir='ltr'>ad</span> <span class='ocrx_word' id='word_1_392' title='bbox 922 4206 1212 4262; x_wconf 89' lang='lat' dir='ltr'>medicum</span> <span class='ocrx_word' id='word_1_393' title='bbox 1261 4214 1538 4261; x_wconf 91' lang='lat' dir='ltr'>nostrum.</span> <span class='ocrx_word' id='word_1_394' title='bbox 1575 4207 1756 4261; x_wconf 88' lang='lat' dir='ltr'>Credo</span> <span class='ocrx_word' id='word_1_395' title='bbox 1788 4207 1847 4261; x_wconf 84' lang='lat' dir='ltr'>in</span> <span class='ocrx_word' id='word_1_396' title='bbox 1883 4207 2073 4276; x_wconf 89' lang='lat' dir='ltr'>illum,</span> 
     </span>
    </p>
   </div>
   <div class='ocr_carea' id='block_1_57' title="bbox 423 4278 2074 4354">
    <p class='ocr_par' dir='ltr' id='par_1_57' title="bbox 423 4278 2074 4354">
     <span class='ocr_line' id='line_1_57' title="bbox 423 4278 2074 4354; baseline -0.002 -18"><span class='ocrx_word' id='word_1_397' title='bbox 423 4280 689 4354; x_wconf 86' lang='lat' dir='ltr'>quiaqui</span> <span class='ocrx_word' id='word_1_398' title='bbox 723 4278 910 4354; x_wconf 82' lang='lat' dir='ltr'>noluit</span> <span class='ocrx_word' id='word_1_399' title='bbox 949 4281 1252 4354; x_wconf 80' lang='lat' dir='ltr'>Megetiam</span> <span class='ocrx_word' id='word_1_400' title='bbox 1293 4295 1430 4354; x_wconf 75' lang='lat' dir='ltr'>cum</span> <span class='ocrx_word' id='word_1_401' title='bbox 1477 4294 1583 4332; x_wconf 91' lang='lat' dir='ltr'>suo</span> <span class='ocrx_word' id='word_1_402' title='bbox 1633 4283 1798 4354; x_wconf 79' lang='lat' dir='ltr'>partu</span> <span class='ocrx_word' id='word_1_403' title='bbox 1850 4283 2074 4354; x_wconf 84' lang='lat' dir='ltr'>mortuo</span> 
     </span>
    </p>
   </div>
   <div class='ocr_carea' id='block_1_58' title="bbox 423 4349 2078 4420">
    <p class='ocr_par' dir='ltr' id='par_1_58' title="bbox 423 4349 2078 4420">
     <span class='ocr_line' id='line_1_58' title="bbox 423 4349 2078 4420; baseline -0.002 -11"><span class='ocrx_word' id='word_1_404' title='bbox 423 4349 747 4420; x_wconf 48' lang='lat' dir='ltr'>mort—ipse</span> <span class='ocrx_word' id='word_1_405' title='bbox 795 4351 964 4404; x_wconf 89' lang='lat' dir='ltr'>etiam</span> <span class='ocrx_word' id='word_1_406' title='bbox 1017 4349 1143 4404; x_wconf 84' lang='lat' dir='ltr'>eam</span> <span class='ocrx_word' id='word_1_407' title='bbox 1196 4349 1370 4403; x_wconf 83' lang='lat' dir='ltr'>faciet</span> <span class='ocrx_word' id='word_1_408' title='bbox 1402 4366 1545 4404; x_wconf 91' lang='lat' dir='ltr'>sano</span> <span class='ocrx_word' id='word_1_409' title='bbox 1592 4349 1750 4404; x_wconf 90' lang='lat' dir='ltr'>vultu</span> <span class='ocrx_word' id='word_1_410' title='bbox 1786 4367 1892 4405; x_wconf 92' lang='lat' dir='ltr'>suo</span> <span class='ocrx_word' id='word_1_411' title='bbox 1924 4349 2078 4405; x_wconf 91' lang='lat' dir='ltr'>inter</span> 
     </span>
    </p>
   </div>
   <div class='ocr_carea' id='block_1_59' title="bbox 422 4420 2075 4493">
    <p class='ocr_par' dir='ltr' id='par_1_59' title="bbox 422 4420 2075 4493">
     <span class='ocr_line' id='line_1_59' title="bbox 422 4420 2075 4493; baseline -0.002 -14"><span class='ocrx_word' id='word_1_412' title='bbox 422 4425 690 4480; x_wconf 89' lang='lat' dir='ltr'>homines</span> <span class='ocrx_word' id='word_1_413' title='bbox 720 4421 1073 4477; x_wconf 90' lang='lat' dir='ltr'>conversari.</span> <span class='ocrx_word' id='word_1_414' title='bbox 1109 4420 1207 4475; x_wconf 88' lang='lat' dir='ltr'>His</span> <span class='ocrx_word' id='word_1_415' title='bbox 1240 4426 1409 4493; x_wconf 87' lang='lat' dir='ltr'>atque</span> <span class='ocrx_word' id='word_1_416' title='bbox 1445 4420 1853 4490; x_wconf 89' lang='lat' dir='ltr'>hujuscemodi</span> <span class='ocrx_word' id='word_1_417' title='bbox 1886 4422 2075 4493; x_wconf 43' lang='lat' dir='ltr'>queri:</span> 
     </span>
    </p>
   </div>
   <div class='ocr_carea' id='block_1_60' title="bbox 424 4492 2072 4564">
    <p class='ocr_par' dir='ltr' id='par_1_60' title="bbox 424 4492 2072 4564">
     <span class='ocr_line' id='line_1_60' title="bbox 424 4492 2072 4564; baseline -0.003 -13"><span class='ocrx_word' id='word_1_418' title='bbox 424 4496 635 4551; x_wconf 88' lang='lat' dir='ltr'>moniis</span> <span class='ocrx_word' id='word_1_419' title='bbox 666 4493 997 4564; x_wconf 88' lang='lat' dir='ltr'>deploratis</span> <span class='ocrx_word' id='word_1_420' title='bbox 1028 4492 1330 4564; x_wconf 17' lang='lat' dir='ltr'>justisiac’</span> <span class='ocrx_word' id='word_1_421' title='bbox 1353 4495 1528 4560; x_wconf 88' lang='lat' dir='ltr'>veris,</span> <span class='ocrx_word' id='word_1_422' title='bbox 1581 4508 1952 4564; x_wconf 88' lang='lat' dir='ltr'>nequaquam</span> <span class='ocrx_word' id='word_1_423' title='bbox 1986 4492 2072 4547; x_wconf 89' lang='lat' dir='ltr'>illi</span> 
     </span>
    </p>
   </div>
   <div class='ocr_carea' id='block_1_61' title="bbox 423 4563 2072 4624">
    <p class='ocr_par' dir='ltr' id='par_1_61' title="bbox 423 4563 2072 4624">
     <span class='ocr_line' id='line_1_61' title="bbox 423 4563 2072 4624; baseline -0.002 -1"><span class='ocrx_word' id='word_1_424' title='bbox 423 4568 529 4624; x_wconf 86' lang='lat' dir='ltr'>viri</span> <span class='ocrx_word' id='word_1_425' title='bbox 560 4567 658 4622; x_wconf 90' lang='lat' dir='ltr'>tali</span> <span class='ocrx_word' id='word_1_426' title='bbox 691 4563 922 4621; x_wconf 72' lang='lat' dir='ltr'>feminae</span> <span class='ocrx_word' id='word_1_427' title='bbox 951 4563 1099 4617; x_wconf 89' lang='lat' dir='ltr'>virili</span> <span class='ocrx_word' id='word_1_428' title='bbox 1141 4563 1334 4617; x_wconf 90' lang='lat' dir='ltr'>animo</span> <span class='ocrx_word' id='word_1_429' title='bbox 1380 4564 1596 4618; x_wconf 75' lang='lat' dir='ltr'>indutae</span> <span class='ocrx_word' id='word_1_430' title='bbox 1628 4563 1935 4620; x_wconf 84' lang='lat' dir='ltr'>valuerunt</span> <span class='ocrx_word' id='word_1_431' title='bbox 1983 4581 2072 4619; x_wconf 89' lang='lat' dir='ltr'>re-</span> 
     </span>
    </p>
   </div>
   <div class='ocr_carea' id='block_1_62' title="bbox 423 4635 2072 4707">
    <p class='ocr_par' dir='ltr' id='par_1_62' title="bbox 423 4635 2072 4707">
     <span class='ocr_line' id='line_1_62' title="bbox 423 4635 2072 4707; baseline -0.001 -14"><span class='ocrx_word' id='word_1_432' title='bbox 423 4641 648 4694; x_wconf 88' lang='lat' dir='ltr'>sistere.</span> <span class='ocrx_word' id='word_1_433' title='bbox 693 4637 1017 4692; x_wconf 89' lang='lat' dir='ltr'>Maluerunt</span> <span class='ocrx_word' id='word_1_434' title='bbox 1054 4639 1260 4707; x_wconf 87' lang='lat' dir='ltr'>sponte</span> <span class='ocrx_word' id='word_1_435' title='bbox 1307 4635 1528 4701; x_wconf 88' lang='lat' dir='ltr'>cedere,</span> <span class='ocrx_word' id='word_1_436' title='bbox 1593 4652 1765 4704; x_wconf 90' lang='lat' dir='ltr'>quam</span> <span class='ocrx_word' id='word_1_437' title='bbox 1817 4637 2072 4707; x_wconf 90' lang='lat' dir='ltr'>quolibet</span> 
     </span>
    </p>
   </div>
   <div class='ocr_carea' id='block_1_63' title="bbox 424 4706 1375 4780">
    <p class='ocr_par' dir='ltr' id='par_1_63' title="bbox 424 4706 1375 4780">
     <span class='ocr_line' id='line_1_63' title="bbox 424 4706 1375 4780; baseline -0.008 -15"><span class='ocrx_word' id='word_1_438' title='bbox 424 4711 535 4766; x_wconf 89' lang='lat' dir='ltr'>alio</span> <span class='ocrx_word' id='word_1_439' title='bbox 566 4709 860 4780; x_wconf 79' lang='lat' dir='ltr'>iudicante</span> <span class='ocrx_word' id='word_1_440' title='bbox 888 4707 1025 4760; x_wconf 88' lang='lat' dir='ltr'>victi</span> <span class='ocrx_word' id='word_1_441' title='bbox 1044 4706 1375 4780; x_wconf 71' lang='lat' dir='ltr'>discedere.</span> 
     </span>
    </p>
   </div>
   <div class='ocr_carea' id='block_1_64' title="bbox 494 4775 2068 4849">
    <p class='ocr_par' dir='ltr' id='par_1_64' title="bbox 494 4775 2068 4849">
     <span class='ocr_line' id='line_1_64' title="bbox 494 4775 2068 4849; baseline -0.001 -14"><span class='ocrx_word' id='word_1_442' title='bbox 494 4775 766 4836; x_wconf 51' lang='lat' dir='ltr'>4.&#39;Flexis</span> <span class='ocrx_word' id='word_1_443' title='bbox 797 4780 995 4849; x_wconf 88' lang='lat' dir='ltr'>itaque</span> <span class='ocrx_word' id='word_1_444' title='bbox 1040 4777 1158 4849; x_wconf 90' lang='lat' dir='ltr'>illis</span> <span class='ocrx_word' id='word_1_445' title='bbox 1190 4777 1258 4849; x_wconf 9' lang='lat' dir='ltr'>in,</span> <span class='ocrx_word' id='word_1_446' title='bbox 1279 4776 1430 4849; x_wconf 85' lang='lat' dir='ltr'>hanc</span> <span class='ocrx_word' id='word_1_447' title='bbox 1476 4775 1838 4849; x_wconf 17' lang='lat' dir='ltr'>sententiam,</span> <span class='ocrx_word' id='word_1_448' title='bbox 1867 4777 2068 4833; x_wconf 89' lang='lat' dir='ltr'>matris</span> 
     </span>
    </p>
   </div>
   <div class='ocr_carea' id='block_1_65' title="bbox 425 4847 2067 4919">
    <p class='ocr_par' dir='ltr' id='par_1_65' title="bbox 425 4847 2067 4919">
     <span class='ocr_line' id='line_1_65' title="bbox 425 4847 2067 4919; baseline -0.002 -13"><span class='ocrx_word' id='word_1_449' title='bbox 425 4852 651 4919; x_wconf 51' lang='lat' dir='ltr'>Vitula,</span> <span class='ocrx_word' id='word_1_450' title='bbox 699 4847 914 4907; x_wconf 74' lang='lat' dir='ltr'>marito</span> <span class='ocrx_word' id='word_1_451' title='bbox 952 4848 1171 4904; x_wconf 87' lang='lat' dir='ltr'>scilicet</span> <span class='ocrx_word' id='word_1_452' title='bbox 1219 4847 1511 4918; x_wconf 87' lang='lat' dir='ltr'>simulque</span> <span class='ocrx_word' id='word_1_453' title='bbox 1570 4853 1730 4918; x_wconf 89' lang='lat' dir='ltr'>patre</span> <span class='ocrx_word' id='word_1_454' title='bbox 1789 4847 2067 4918; x_wconf 68' lang='lat' dir='ltr'>Megetias,</span> 
     </span>
    </p>
   </div>
   <div class='ocr_carea' id='block_1_66' title="bbox 424 4919 2070 4993">
    <p class='ocr_par' dir='ltr' id='par_1_66' title="bbox 424 4919 2070 4993">
     <span class='ocr_line' id='line_1_66' title="bbox 424 4919 2070 4993; baseline -0.003 -14"><span class='ocrx_word' id='word_1_455' title='bbox 424 4925 523 4980; x_wconf 87' lang='lat' dir='ltr'>sed</span> <span class='ocrx_word' id='word_1_456' title='bbox 558 4924 768 4978; x_wconf 90' lang='lat' dir='ltr'>marito</span> <span class='ocrx_word' id='word_1_457' title='bbox 800 4921 1032 4993; x_wconf 88' lang='lat' dir='ltr'>quidem</span> <span class='ocrx_word' id='word_1_458' title='bbox 1069 4920 1257 4993; x_wconf 85' lang='lat' dir='ltr'>adhuc</span> <span class='ocrx_word' id='word_1_459' title='bbox 1287 4935 1534 4993; x_wconf 88' lang='lat' dir='ltr'>pagano,</span> <span class='ocrx_word' id='word_1_460' title='bbox 1569 4923 1890 4993; x_wconf 25' lang='lat' dir='ltr'>p_atre‘vero</span> <span class='ocrx_word' id='word_1_461' title='bbox 1921 4919 2070 4975; x_wconf 90' lang='lat' dir='ltr'>chri-</span> 
     </span>
    </p>
   </div>
   <div class='ocr_carea' id='block_1_67' title="bbox 423 4990 2072 5058">
    <p class='ocr_par' dir='ltr' id='par_1_67' title="bbox 423 4990 2072 5058">
     <span class='ocr_line' id='line_1_67' title="bbox 423 4990 2072 5058; baseline -0.002 -8"><span class='ocrx_word' id='word_1_462' title='bbox 423 4995 611 5050; x_wconf 89' lang='lat' dir='ltr'>stiano</span> <span class='ocrx_word' id='word_1_463' title='bbox 643 4990 1054 5049; x_wconf 78' lang='lat' dir='ltr'>catechumeno</span> <span class='ocrx_word' id='word_1_464' title='bbox 1084 4992 1286 5047; x_wconf 77' lang='lat' dir='ltr'>effecto</span> <span class='ocrx_word' id='word_1_465' title='bbox 1318 4990 1553 5045; x_wconf 77' lang='lat' dir='ltr'>nemine</span> <span class='ocrx_word' id='word_1_466' title='bbox 1585 4990 1810 5058; x_wconf 88' lang='lat' dir='ltr'>Pontio,</span> <span class='ocrx_word' id='word_1_467' title='bbox 1844 4997 2072 5047; x_wconf 86' lang='lat' dir='ltr'>senato-</span> 
     </span>
    </p>
   </div>
   <div class='ocr_carea' id='block_1_68' title="bbox 426 5062 2068 5137">
    <p class='ocr_par' dir='ltr' id='par_1_68' title="bbox 426 5062 2068 5137">
     <span class='ocr_line' id='line_1_68' title="bbox 426 5062 2068 5137; baseline -0.003 -15"><span class='ocrx_word' id='word_1_468' title='bbox 426 5067 521 5122; x_wconf 71' lang='lat' dir='ltr'>riae</span> <span class='ocrx_word' id='word_1_469' title='bbox 555 5066 859 5137; x_wconf 85' lang='lat' dir='ltr'>dignitatis</span> <span class='ocrx_word' id='word_1_470' title='bbox 907 5065 1028 5119; x_wconf 91' lang='lat' dir='ltr'>viro</span> <span class='ocrx_word' id='word_1_471' title='bbox 1080 5063 1341 5137; x_wconf 79' lang='lat' dir='ltr'>(dignum</span> <span class='ocrx_word' id='word_1_472' title='bbox 1385 5067 1472 5117; x_wconf 90' lang='lat' dir='ltr'>est</span> <span class='ocrx_word' id='word_1_473' title='bbox 1503 5066 1574 5137; x_wconf 82' lang='lat' dir='ltr'>ut</span> <span class='ocrx_word' id='word_1_474' title='bbox 1605 5062 1773 5130; x_wconf 84' lang='lat' dir='ltr'>cujus</span> <span class='ocrx_word' id='word_1_475' title='bbox 1804 5063 1976 5116; x_wconf 88' lang='lat' dir='ltr'>ﬁdem</span> <span class='ocrx_word' id='word_1_476' title='bbox 2009 5063 2068 5117; x_wconf 92' lang='lat' dir='ltr'>in</span> 
     </span>
    </p>
   </div>
   <div class='ocr_carea' id='block_1_69' title="bbox 424 5133 2069 5208">
    <p class='ocr_par' dir='ltr' id='par_1_69' title="bbox 424 5133 2069 5208">
     <span class='ocr_line' id='line_1_69' title="bbox 424 5133 2069 5208; baseline -0.003 -15"><span class='ocrx_word' id='word_1_477' title='bbox 424 5133 651 5193; x_wconf 76' lang='lat' dir='ltr'>Christo</span> <span class='ocrx_word' id='word_1_478' title='bbox 692 5137 978 5208; x_wconf 75' lang='lat' dir='ltr'>cmpimus</span> <span class='ocrx_word' id='word_1_479' title='bbox 1023 5133 1864 5208; x_wconf 17' lang='lat' dir='ltr'>pronuntiaretejus‘quoque</span> <span class='ocrx_word' id='word_1_480' title='bbox 1902 5150 2069 5208; x_wconf 83' lang='lat' dir='ltr'>voca-</span> 
     </span>
    </p>
   </div>
   <div class='ocr_carea' id='block_1_70' title="bbox 423 5205 2073 5278">
    <p class='ocr_par' dir='ltr' id='par_1_70' title="bbox 423 5205 2073 5278">
     <span class='ocr_line' id='line_1_70' title="bbox 423 5205 2073 5278; baseline -0.003 -13"><span class='ocrx_word' id='word_1_481' title='bbox 423 5210 626 5266; x_wconf 89' lang='lat' dir='ltr'>bulum</span> <span class='ocrx_word' id='word_1_482' title='bbox 657 5205 1162 5278; x_wconf 54' lang='lat' dir='ltr'>jam&#39;incipiamus</span> <span class='ocrx_word' id='word_1_483' title='bbox 1194 5221 1325 5260; x_wconf 91' lang='lat' dir='ltr'>cum</span> <span class='ocrx_word' id='word_1_484' title='bbox 1357 5205 1554 5278; x_wconf 89' lang='lat' dir='ltr'>debito</span> <span class='ocrx_word' id='word_1_485' title='bbox 1609 5206 1827 5278; x_wconf 84' lang='lat' dir='ltr'>honore</span> <span class='ocrx_word' id='word_1_486' title='bbox 1859 5205 2073 5278; x_wconf 76' lang='lat' dir='ltr'>pariter</span> 
     </span>
    </p>
   </div>
   <div class='ocr_carea' id='block_1_71' title="bbox 423 5275 2070 5349">
    <p class='ocr_par' dir='ltr' id='par_1_71' title="bbox 423 5275 2070 5349">
     <span class='ocr_line' id='line_1_71' title="bbox 423 5275 2070 5349; baseline -0.004 -12"><span class='ocrx_word' id='word_1_487' title='bbox 423 5275 761 5337; x_wconf 76' lang='lat' dir='ltr'>nominare:</span> <span class='ocrx_word' id='word_1_488' title='bbox 800 5280 900 5349; x_wconf 91' lang='lat' dir='ltr'>qui</span> <span class='ocrx_word' id='word_1_489' title='bbox 931 5275 1072 5334; x_wconf 78' lang='lat' dir='ltr'>sane</span> <span class='ocrx_word' id='word_1_490' title='bbox 1102 5277 1598 5349; x_wconf 87' lang='lat' dir='ltr'>quemadmodum</span> <span class='ocrx_word' id='word_1_491' title='bbox 1625 5275 1887 5349; x_wconf 83' lang='lat' dir='ltr'>initiatus</span> <span class='ocrx_word' id='word_1_492' title='bbox 1919 5276 2070 5331; x_wconf 83' lang='lat' dir='ltr'>chri-</span> 
     </span>
    </p>
   </div>
   <div class='ocr_carea' id='block_1_72' title="bbox 423 5347 2070 5419">
    <p class='ocr_par' dir='ltr' id='par_1_72' title="bbox 423 5347 2070 5419">
     <span class='ocr_line' id='line_1_72' title="bbox 423 5347 2070 5419; baseline -0.004 -11"><span class='ocrx_word' id='word_1_493' title='bbox 423 5355 615 5409; x_wconf 87' lang='lat' dir='ltr'>stiano</span> <span class='ocrx_word' id='word_1_494' title='bbox 647 5347 883 5406; x_wconf 86' lang='lat' dir='ltr'>nomine</span> <span class='ocrx_word' id='word_1_495' title='bbox 937 5347 1135 5415; x_wconf 67' lang='lat' dir='ltr'>fuerit,</span> <span class='ocrx_word' id='word_1_496' title='bbox 1182 5349 1458 5419; x_wconf 86' lang='lat' dir='ltr'>quoniam</span> <span class='ocrx_word' id='word_1_497' title='bbox 1511 5348 1671 5402; x_wconf 91' lang='lat' dir='ltr'>locus</span> <span class='ocrx_word' id='word_1_498' title='bbox 1699 5347 1927 5402; x_wconf 88' lang='lat' dir='ltr'>videtur</span> <span class='ocrx_word' id='word_1_499' title='bbox 1953 5349 2070 5402; x_wconf 83' lang='lat' dir='ltr'>exi-</span> 
     </span>
    </p>
   </div>
   <div class='ocr_carea' id='block_1_73' title="bbox 423 5419 2068 5497">
    <p class='ocr_par' dir='ltr' id='par_1_73' title="bbox 423 5419 2068 5497">
     <span class='ocr_line' id='line_1_73' title="bbox 423 5419 2068 5497; baseline -0.003 -19"><span class='ocrx_word' id='word_1_500' title='bbox 423 5441 580 5497; x_wconf 83' lang='lat' dir='ltr'>gere,</span> <span class='ocrx_word' id='word_1_501' title='bbox 617 5424 866 5497; x_wconf 77' lang='lat' dir='ltr'>minime</span> <span class='ocrx_word' id='word_1_502' title='bbox 904 5437 1010 5477; x_wconf 90' lang='lat' dir='ltr'>nos</span> <span class='ocrx_word' id='word_1_503' title='bbox 1060 5421 1299 5497; x_wconf 83' lang='lat' dir='ltr'>pigebit_</span> <span class='ocrx_word' id='word_1_504' title='bbox 1330 5419 1572 5497; x_wconf 87' lang='lat' dir='ltr'>aperire.</span> <span class='ocrx_word' id='word_1_505' title='bbox 1627 5419 1866 5497; x_wconf 78' lang='lat' dir='ltr'>Quande</span> <span class='ocrx_word' id='word_1_506' title='bbox 1913 5419 2068 5497; x_wconf 76' lang='lat' dir='ltr'>enim</span> 
     </span>
    </p>
   </div>
   <div class='ocr_carea' id='block_1_74' title="bbox 424 5488 2072 5568">
    <p class='ocr_par' dir='ltr' id='par_1_74' title="bbox 424 5488 2072 5568">
     <span class='ocr_line' id='line_1_74' title="bbox 424 5488 2072 5568; baseline -0.004 -19"><span class='ocrx_word' id='word_1_507' title='bbox 424 5488 694 5568; x_wconf 64' lang='lat' dir='ltr'>religiosa</span> <span class='ocrx_word' id='word_1_508' title='bbox 713 5488 1224 5568; x_wconf 73' lang='lat' dir='ltr'>Vitula,_noridi1m</span> <span class='ocrx_word' id='word_1_509' title='bbox 1268 5488 1589 5568; x_wconf 55' lang='lat' dir='ltr'>de&#39;partus</span> <span class='ocrx_word' id='word_1_510' title='bbox 1623 5488 1892 5568; x_wconf 72' lang='lat' dir='ltr'>periciilo</span> <span class='ocrx_word' id='word_1_511' title='bbox 1936 5489 2072 5568; x_wconf 46' lang='lat' dir='ltr'>libs:</span> 
     </span>
    </p>
   </div>
   <div class='ocr_carea' id='block_1_75' title="bbox 425 5561 2071 5637">
    <p class='ocr_par' dir='ltr' id='par_1_75' title="bbox 425 5561 2071 5637">
     <span class='ocr_line' id='line_1_75' title="bbox 425 5561 2071 5637; baseline -0.003 -17"><span class='ocrx_word' id='word_1_512' title='bbox 425 5561 838 5637; x_wconf 54' lang='lat' dir='ltr'>rata&#39;Megetia,</span> <span class='ocrx_word' id='word_1_513' title='bbox 894 5565 964 5619; x_wconf 88' lang='lat' dir='ltr'>ad</span> <span class='ocrx_word' id='word_1_514' title='bbox 1016 5563 1288 5637; x_wconf 66' lang='lat' dir='ltr'>Amicum</span> <span class='ocrx_word' id='word_1_515' title='bbox 1317 5561 1419 5637; x_wconf 85' lang='lat' dir='ltr'>Dei</span> <span class='ocrx_word' id='word_1_516' title='bbox 1454 5563 1638 5637; x_wconf 78' lang='lat' dir='ltr'>fuerat</span> <span class='ocrx_word' id='word_1_517' title='bbox 1682 5561 2071 5637; x_wconf 71' lang='lat' dir='ltr'>profecta,</span> 
     </span>
    </p>
   </div>
   <div class='ocr_carea' id='block_1_76' title="bbox 424 5632 2072 5709">
    <p class='ocr_par' dir='ltr' id='par_1_76' title="bbox 424 5632 2072 5709">
     <span class='ocr_line' id='line_1_76' title="bbox 424 5632 2072 5709; baseline -0.002 -18"><span class='ocrx_word' id='word_1_518' title='bbox 424 5639 482 5692; x_wconf 90' lang='lat' dir='ltr'>in</span> <span class='ocrx_word' id='word_1_519' title='bbox 518 5638 638 5692; x_wconf 84' lang='lat' dir='ltr'>suis</span> <span class='ocrx_word' id='word_1_520' title='bbox 668 5632 934 5709; x_wconf 73' lang='lat' dir='ltr'>precibus</span> <span class='ocrx_word' id='word_1_521' title='bbox 963 5635 1144 5691; x_wconf 89' lang='lat' dir='ltr'>etiam</span> <span class='ocrx_word' id='word_1_522' title='bbox 1177 5636 1246 5690; x_wconf 89' lang='lat' dir='ltr'>de</span> <span class='ocrx_word' id='word_1_523' title='bbox 1277 5633 1455 5709; x_wconf 80' lang='lat' dir='ltr'>hujus</span> <span class='ocrx_word' id='word_1_524' title='bbox 1476 5633 1583 5709; x_wconf 85' lang='lat' dir='ltr'>_vir_i</span> <span class='ocrx_word' id='word_1_525' title='bbox 1610 5633 1699 5687; x_wconf 92' lang='lat' dir='ltr'>sui</span> <span class='ocrx_word' id='word_1_526' title='bbox 1723 5632 2072 5709; x_wconf 72' lang='lat' dir='ltr'>venerabilis</span> 
     </span>
    </p>
   </div>
   <div class='ocr_carea' id='block_1_77' title="bbox 421 5705 2074 5776">
    <p class='ocr_par' dir='ltr' id='par_1_77' title="bbox 421 5705 2074 5776">
     <span class='ocr_line' id='line_1_77' title="bbox 421 5705 2074 5776; baseline -0.004 -8"><span class='ocrx_word' id='word_1_527' title='bbox 421 5705 770 5768; x_wconf 73' lang='lat' dir='ltr'>credulitate</span> <span class='ocrx_word' id='word_1_528' title='bbox 811 5710 1181 5776; x_wconf 83' lang='lat' dir='ltr'>instruxerat,</span> <span class='ocrx_word' id='word_1_529' title='bbox 1216 5711 1282 5761; x_wconf 90' lang='lat' dir='ltr'>ut</span> <span class='ocrx_word' id='word_1_530' title='bbox 1326 5705 1424 5760; x_wconf 90' lang='lat' dir='ltr'>ille</span> <span class='ocrx_word' id='word_1_531' title='bbox 1472 5705 1836 5762; x_wconf 88' lang='lat' dir='ltr'>imbueretur</span> <span class='ocrx_word' id='word_1_532' title='bbox 1866 5705 1979 5761; x_wconf 91' lang='lat' dir='ltr'>ﬁde</span> <span class='ocrx_word' id='word_1_533' title='bbox 2008 5721 2074 5761; x_wconf 90' lang='lat' dir='ltr'>ac</span> 
     </span>
    </p>
   </div>
   <div class='ocr_carea' id='block_1_78' title="bbox 489 5883 968 5950">
    <p class='ocr_par' dir='ltr' id='par_1_78' title="bbox 489 5883 968 5950">
     <span class='ocr_line' id='line_1_78' title="bbox 489 5883 968 5950; baseline -0.01 -13"><span class='ocrx_word' id='word_1_534' title='bbox 489 5889 503 5923; x_wconf 83' lang='grc'>¹</span> <span class='ocrx_word' id='word_1_535' title='bbox 534 5887 708 5950; x_wconf 81' lang='lat' dir='ltr'>Forte,</span> <span class='ocrx_word' id='word_1_536' title='bbox 742 5883 968 5934; x_wconf 81' lang='lat' dir='ltr'>limina.</span> 
     </span>
    </p>
   </div>
   <div class='ocr_carea' id='block_1_79' title="bbox 1812 227 2528 290">
    <p class='ocr_par' dir='ltr' id='par_1_79' title="bbox 1812 227 2528 290">
     <span class='ocr_line' id='line_1_79' title="bbox 1812 227 2528 290; baseline -0.003 0"><span class='ocrx_word' id='word_1_537' title='bbox 1812 227 2051 290; x_wconf 81' lang='lat' dir='ltr'>LIBER</span> <span class='ocrx_word' id='word_1_538' title='bbox 2095 227 2528 290; x_wconf 87' lang='lat' dir='ltr'>SECUNDUS.</span> 
     </span>
    </p>
   </div>
   <div class='ocr_carea' id='block_1_80' title="bbox 3743 239 3864 303">
    <p class='ocr_par' dir='ltr' id='par_1_80' title="bbox 3743 239 3864 303">
     <span class='ocr_line' id='line_1_80' title="bbox 3743 239 3864 303; baseline 0.008 -2"><span class='ocrx_word' id='word_1_539' title='bbox 3743 239 3864 303; x_wconf 67' lang='lat'>846</span> 
     </span>
    </p>
   </div>
   <div class='ocr_carea' id='block_1_81' title="bbox 2221 359 3860 440">
    <p class='ocr_par' dir='ltr' id='par_1_81' title="bbox 2221 359 3860 440">
     <span class='ocr_line' id='line_1_81' title="bbox 2221 359 3860 440; baseline 0.008 -25"><span class='ocrx_word' id='word_1_540' title='bbox 2221 360 2452 440; x_wconf 78' lang='lat' dir='ltr'>nomine</span> <span class='ocrx_word' id='word_1_541' title='bbox 2484 359 2821 440; x_wconf 78' lang='lat' dir='ltr'>christiano.</span> <span class='ocrx_word' id='word_1_542' title='bbox 2871 361 3033 440; x_wconf 84' lang='lat' dir='ltr'>Quod</span> <span class='ocrx_word' id='word_1_543' title='bbox 3081 365 3436 440; x_wconf 73' lang='lat' dir='ltr'>saneeidem</span> <span class='ocrx_word' id='word_1_544' title='bbox 3465 367 3568 423; x_wconf 88' lang='lat' dir='ltr'>illa</span> <span class='ocrx_word' id='word_1_545' title='bbox 3597 368 3725 440; x_wconf 89' lang='lat' dir='ltr'>ipsa</span> <span class='ocrx_word' id='word_1_546' title='bbox 3753 388 3860 428; x_wconf 89' lang='lat' dir='ltr'>no-</span> 
     </span>
    </p>
   </div>
   <div class='ocr_carea' id='block_1_82' title="bbox 2217 432 3861 511">
    <p class='ocr_par' dir='ltr' id='par_1_82' title="bbox 2217 432 3861 511">
     <span class='ocr_line' id='line_1_82' title="bbox 2217 432 3861 511; baseline 0.007 -25"><span class='ocrx_word' id='word_1_547' title='bbox 2217 433 2562 511; x_wconf 23' lang='lat' dir='ltr'>ctetaliiest</span> <span class='ocrx_word' id='word_1_548' title='bbox 2593 432 3339 511; x_wconf 65' lang='lat' dir='ltr'>v_isione_revelal_um._Yisa</span> <span class='ocrx_word' id='word_1_549' title='bbox 3361 447 3446 494; x_wconf 89' lang='lat' dir='ltr'>est</span> <span class='ocrx_word' id='word_1_550' title='bbox 3476 432 3692 511; x_wconf 76' lang='lat' dir='ltr'>quippe</span> <span class='ocrx_word' id='word_1_551' title='bbox 3723 444 3861 499; x_wconf 84' lang='lat' dir='ltr'>sibi-</span> 
     </span>
    </p>
   </div>
   <div class='ocr_carea' id='block_1_83' title="bbox 2218 503 3858 579">
    <p class='ocr_par' dir='ltr' id='par_1_83' title="bbox 2218 503 3858 579">
     <span class='ocr_line' id='line_1_83' title="bbox 2218 503 3858 579; baseline 0.008 -22"><span class='ocrx_word' id='word_1_552' title='bbox 2218 509 2335 579; x_wconf 82' lang='lat' dir='ltr'>met</span> <span class='ocrx_word' id='word_1_553' title='bbox 2378 504 2774 579; x_wconf 86' lang='lat' dir='ltr'>vide_re_ju_xta</span> <span class='ocrx_word' id='word_1_554' title='bbox 2803 503 3011 579; x_wconf 76' lang='lat' dir='ltr'>ipsam</span> <span class='ocrx_word' id='word_1_555' title='bbox 3045 505 3195 579; x_wconf 82' lang='lat' dir='ltr'>beati</span> <span class='ocrx_word' id='word_1_556' title='bbox 3236 503 3858 579; x_wconf 56' lang='lat' dir='ltr'>Martyris&#39;Memoriam</span> 
     </span>
    </p>
   </div>
   <div class='ocr_carea' id='block_1_84' title="bbox 2215 575 3858 654">
    <p class='ocr_par' dir='ltr' id='par_1_84' title="bbox 2215 575 3858 654">
     <span class='ocr_line' id='line_1_84' title="bbox 2215 575 3858 654; baseline 0.012 -32"><span class='ocrx_word' id='word_1_557' title='bbox 2215 575 2329 654; x_wconf 61' lang='lat' dir='ltr'>duo</span> <span class='ocrx_word' id='word_1_558' title='bbox 2363 575 2638 630; x_wconf 86' lang='lat' dir='ltr'>cerofaria</span> <span class='ocrx_word' id='word_1_559' title='bbox 2669 576 2984 654; x_wconf 78' lang='lat' dir='ltr'>luminosa,</span> <span class='ocrx_word' id='word_1_560' title='bbox 3039 578 3250 638; x_wconf 84' lang='lat' dir='ltr'>pariter</span> <span class='ocrx_word' id='word_1_561' title='bbox 3291 575 3423 649; x_wconf 76' lang='lat' dir='ltr'>igne</span> <span class='ocrx_word' id='word_1_562' title='bbox 3472 582 3858 654; x_wconf 85' lang='lat' dir='ltr'>ﬂammantia,</span> 
     </span>
    </p>
   </div>
   <div class='ocr_carea' id='block_1_85' title="bbox 2212 645 3859 722">
    <p class='ocr_par' dir='ltr' id='par_1_85' title="bbox 2212 645 3859 722">
     <span class='ocr_line' id='line_1_85' title="bbox 2212 645 3859 722; baseline 0.009 -23"><span class='ocrx_word' id='word_1_563' title='bbox 2212 645 2547 718; x_wconf 89' lang='lat' dir='ltr'>ibidemque</span> <span class='ocrx_word' id='word_1_564' title='bbox 2586 649 2898 722; x_wconf 85' lang='lat' dir='ltr'>assistente</span> <span class='ocrx_word' id='word_1_565' title='bbox 2945 664 3146 722; x_wconf 86' lang='lat' dir='ltr'>secum</span> <span class='ocrx_word' id='word_1_566' title='bbox 3196 645 3368 718; x_wconf 69' lang='lat' dir='ltr'>atqde</span> <span class='ocrx_word' id='word_1_567' title='bbox 3398 661 3708 722; x_wconf 87' lang='lat' dir='ltr'>apparente</span> <span class='ocrx_word' id='word_1_568' title='bbox 3741 645 3859 714; x_wconf 64' lang='lat' dir='ltr'>me:</span> 
     </span>
    </p>
   </div>
   <div class='ocr_carea' id='block_1_86' title="bbox 2211 720 3856 786">
    <p class='ocr_par' dir='ltr' id='par_1_86' title="bbox 2211 720 3856 786">
     <span class='ocr_line' id='line_1_86' title="bbox 2211 720 3856 786; baseline 0.008 -15"><span class='ocrx_word' id='word_1_569' title='bbox 2211 723 2432 772; x_wconf 88' lang='lat' dir='ltr'>morato</span> <span class='ocrx_word' id='word_1_570' title='bbox 2465 722 2666 774; x_wconf 89' lang='lat' dir='ltr'>Pontio</span> <span class='ocrx_word' id='word_1_571' title='bbox 2697 720 2818 774; x_wconf 91' lang='lat' dir='ltr'>viro</span> <span class='ocrx_word' id='word_1_572' title='bbox 2845 736 2974 786; x_wconf 90' lang='lat' dir='ltr'>suo,</span> <span class='ocrx_word' id='word_1_573' title='bbox 3007 720 3244 774; x_wconf 89' lang='lat' dir='ltr'>sibimet</span> <span class='ocrx_word' id='word_1_574' title='bbox 3267 720 3489 777; x_wconf 78' lang='lat' dir='ltr'>dictum</span> <span class='ocrx_word' id='word_1_575' title='bbox 3517 724 3695 781; x_wconf 91' lang='lat' dir='ltr'>fuisse</span> <span class='ocrx_word' id='word_1_576' title='bbox 3721 745 3734 782; x_wconf 93' lang='lat'>:</span> <span class='ocrx_word' id='word_1_577' title='bbox 3766 730 3856 784; x_wconf 85' lang='lat' dir='ltr'>Vi-</span> 
     </span>
    </p>
   </div>
   <div class='ocr_carea' id='block_1_87' title="bbox 2210 789 3855 860">
    <p class='ocr_par' dir='ltr' id='par_1_87' title="bbox 2210 789 3855 860">
     <span class='ocr_line' id='line_1_87' title="bbox 2210 789 3855 860; baseline 0.008 -18"><span class='ocrx_word' id='word_1_578' title='bbox 2210 789 2350 855; x_wconf 90' lang='lat' dir='ltr'>tula,</span> <span class='ocrx_word' id='word_1_579' title='bbox 2389 790 2598 844; x_wconf 88' lang='lat' dir='ltr'>melius</span> <span class='ocrx_word' id='word_1_580' title='bbox 2633 791 2786 844; x_wconf 89' lang='lat' dir='ltr'>lucet</span> <span class='ocrx_word' id='word_1_581' title='bbox 2815 792 3159 846; x_wconf 84' lang='lat' dir='ltr'>cerofarium</span> <span class='ocrx_word' id='word_1_582' title='bbox 3203 803 3500 860; x_wconf 90' lang='lat' dir='ltr'>nostrum;</span> <span class='ocrx_word' id='word_1_583' title='bbox 3545 802 3698 851; x_wconf 89' lang='lat' dir='ltr'>unde</span> <span class='ocrx_word' id='word_1_584' title='bbox 3728 799 3855 857; x_wconf 87' lang='lat' dir='ltr'>volo</span> 
     </span>
    </p>
   </div>
   <div class='ocr_carea' id='block_1_88' title="bbox 2209 861 3855 932">
    <p class='ocr_par' dir='ltr' id='par_1_88' title="bbox 2209 861 3855 932">
     <span class='ocr_line' id='line_1_88' title="bbox 2209 861 3855 932; baseline 0.007 -18"><span class='ocrx_word' id='word_1_585' title='bbox 2209 861 2356 914; x_wconf 88' lang='lat' dir='ltr'>scias</span> <span class='ocrx_word' id='word_1_586' title='bbox 2406 876 2498 915; x_wconf 90' lang='lat' dir='ltr'>me</span> <span class='ocrx_word' id='word_1_587' title='bbox 2532 862 2792 929; x_wconf 89' lang='lat' dir='ltr'>posuisse</span> <span class='ocrx_word' id='word_1_588' title='bbox 2818 863 2938 930; x_wconf 86' lang='lat' dir='ltr'>jam</span> <span class='ocrx_word' id='word_1_589' title='bbox 2983 863 3244 932; x_wconf 82' lang='lat' dir='ltr'>jugulos.</span> <span class='ocrx_word' id='word_1_590' title='bbox 3293 867 3413 930; x_wconf 90' lang='lat' dir='ltr'>Quo</span> <span class='ocrx_word' id='word_1_591' title='bbox 3464 867 3582 922; x_wconf 89' lang='lat' dir='ltr'>viso</span> <span class='ocrx_word' id='word_1_592' title='bbox 3631 871 3855 926; x_wconf 83' lang='lat' dir='ltr'>audito-</span> 
     </span>
    </p>
   </div>
   <div class='ocr_carea' id='block_1_89' title="bbox 2209 931 3852 1007">
    <p class='ocr_par' dir='ltr' id='par_1_89' title="bbox 2209 931 3852 1007">
     <span class='ocr_line' id='line_1_89' title="bbox 2209 931 3852 1007; baseline 0.007 -23"><span class='ocrx_word' id='word_1_593' title='bbox 2209 948 2337 1007; x_wconf 85' lang='lat' dir='ltr'>que,</span> <span class='ocrx_word' id='word_1_594' title='bbox 2373 931 2641 1007; x_wconf 77' lang='lat' dir='ltr'>religiosa</span> <span class='ocrx_word' id='word_1_595' title='bbox 2673 931 2878 1007; x_wconf 83' lang='lat' dir='ltr'>Vitula</span> <span class='ocrx_word' id='word_1_596' title='bbox 2914 931 3121 1007; x_wconf 82' lang='lat' dir='ltr'>somno</span> <span class='ocrx_word' id='word_1_597' title='bbox 3151 939 3569 1007; x_wconf 80' lang='lat' dir='ltr'>expergefacta,</span> <span class='ocrx_word' id='word_1_598' title='bbox 3601 946 3657 994; x_wconf 87' lang='lat' dir='ltr'>et</span> <span class='ocrx_word' id='word_1_599' title='bbox 3687 957 3852 997; x_wconf 90' lang='lat' dir='ltr'>mane</span> 
     </span>
    </p>
   </div>
   <div class='ocr_carea' id='block_1_90' title="bbox 2207 1001 3851 1079">
    <p class='ocr_par' dir='ltr' id='par_1_90' title="bbox 2207 1001 3851 1079">
     <span class='ocr_line' id='line_1_90' title="bbox 2207 1001 3851 1079; baseline 0.007 -24"><span class='ocrx_word' id='word_1_600' title='bbox 2207 1001 3000 1079; x_wconf 19' lang='lat' dir='ltr'>factafiorationesuppleta,</span> <span class='ocrx_word' id='word_1_601' title='bbox 3051 1006 3159 1079; x_wconf 87' lang='lat' dir='ltr'>hoc</span> <span class='ocrx_word' id='word_1_602' title='bbox 3191 1001 3383 1076; x_wconf 69' lang='lat' dir='ltr'>ipsum</span> <span class='ocrx_word' id='word_1_603' title='bbox 3417 1001 3568 1079; x_wconf 88' lang='lat' dir='ltr'>quod</span> <span class='ocrx_word' id='word_1_604' title='bbox 3601 1011 3658 1065; x_wconf 89' lang='lat' dir='ltr'>in</span> <span class='ocrx_word' id='word_1_605' title='bbox 3691 1029 3851 1068; x_wconf 90' lang='lat' dir='ltr'>som-</span> 
     </span>
    </p>
   </div>
   <div class='ocr_carea' id='block_1_91' title="bbox 2209 1073 3847 1152">
    <p class='ocr_par' dir='ltr' id='par_1_91' title="bbox 2209 1073 3847 1152">
     <span class='ocr_line' id='line_1_91' title="bbox 2209 1073 3847 1152; baseline 0.007 -25"><span class='ocrx_word' id='word_1_606' title='bbox 2209 1073 2300 1152; x_wconf 61' lang='lat' dir='ltr'>pis</span> <span class='ocrx_word' id='word_1_607' title='bbox 2331 1075 2549 1152; x_wconf 83' lang='lat' dir='ltr'>viderat</span> <span class='ocrx_word' id='word_1_608' title='bbox 2579 1073 2930 1152; x_wconf 82' lang='lat' dir='ltr'>quibusdam</span> <span class='ocrx_word' id='word_1_609' title='bbox 2969 1073 3325 1152; x_wconf 42' lang='lat' dir='ltr'>ancillis—Dei</span> <span class='ocrx_word' id='word_1_610' title='bbox 3357 1073 3627 1138; x_wconf 75' lang='lat' dir='ltr'>enarrare</span> <span class='ocrx_word' id='word_1_611' title='bbox 3658 1083 3847 1152; x_wconf 77' lang='lat' dir='ltr'>coepit.</span> 
     </span>
    </p>
   </div>
   <div class='ocr_carea' id='block_1_92' title="bbox 2208 1146 3849 1226">
    <p class='ocr_par' dir='ltr' id='par_1_92' title="bbox 2208 1146 3849 1226">
     <span class='ocr_line' id='line_1_92' title="bbox 2208 1146 3849 1226; baseline 0.007 -28"><span class='ocrx_word' id='word_1_612' title='bbox 2307 1147 2465 1226; x_wconf 76' lang='lat' dir='ltr'>prior</span> <span class='ocrx_word' id='word_1_613' title='bbox 2495 1147 2643 1226; x_wconf 84' lang='lat' dir='ltr'>ipsa_</span> <span class='ocrx_word' id='word_1_614' title='bbox 2666 1147 2960 1226; x_wconf 87' lang='lat' dir='ltr'>somnium</span> <span class='ocrx_word' id='word_1_615' title='bbox 2987 1165 3160 1226; x_wconf 83' lang='lat' dir='ltr'>suum</span> <span class='ocrx_word' id='word_1_616' title='bbox 3193 1149 3572 1223; x_wconf 90' lang='lat' dir='ltr'>interpretata</span> <span class='ocrx_word' id='word_1_617' title='bbox 3610 1146 3849 1226; x_wconf 81' lang='lat' dir='ltr'>respon-</span> 
     </span>
    </p>
   </div>
   <div class='ocr_carea' id='block_1_93' title="bbox 2208 1216 3848 1296">
    <p class='ocr_par' dir='ltr' id='par_1_93' title="bbox 2208 1216 3848 1296">
     <span class='ocr_line' id='line_1_93' title="bbox 2208 1216 3848 1296; baseline 0.007 -28"><span class='ocrx_word' id='word_1_618' title='bbox 2208 1216 2310 1296; x_wconf 69' lang='lat' dir='ltr'>dit,</span> <span class='ocrx_word' id='word_1_619' title='bbox 2345 1217 2545 1296; x_wconf 64' lang='lat' dir='ltr'>diceris</span> <span class='ocrx_word' id='word_1_620' title='bbox 2576 1218 2653 1296; x_wconf 89' lang='lat' dir='ltr'>ad</span> <span class='ocrx_word' id='word_1_621' title='bbox 2669 1225 3032 1296; x_wconf 68' lang='lat' dir='ltr'>memoratas</span> <span class='ocrx_word' id='word_1_622' title='bbox 3072 1216 3519 1296; x_wconf 79' lang='lat' dir='ltr'>circumstantes</span> <span class='ocrx_word' id='word_1_623' title='bbox 3551 1216 3808 1296; x_wconf 76' lang='lat' dir='ltr'>virgines</span> <span class='ocrx_word' id='word_1_624' title='bbox 3835 1244 3848 1280; x_wconf 93' lang='lat'>:</span> 
     </span>
    </p>
   </div>
   <div class='ocr_carea' id='block_1_94' title="bbox 2208 1287 3850 1362">
    <p class='ocr_par' dir='ltr' id='par_1_94' title="bbox 2208 1287 3850 1362">
     <span class='ocr_line' id='line_1_94' title="bbox 2208 1287 3850 1362; baseline 0.007 -21"><span class='ocrx_word' id='word_1_625' title='bbox 2208 1287 2439 1362; x_wconf 74' lang='lat' dir='ltr'>Noverit</span> <span class='ocrx_word' id='word_1_626' title='bbox 2487 1289 2776 1362; x_wconf 86' lang='lat' dir='ltr'>Sanctitas</span> <span class='ocrx_word' id='word_1_627' title='bbox 2827 1295 3037 1354; x_wconf 90' lang='lat' dir='ltr'>vestra,</span> <span class='ocrx_word' id='word_1_628' title='bbox 3070 1293 3208 1362; x_wconf 89' lang='lat' dir='ltr'>quia</span> <span class='ocrx_word' id='word_1_629' title='bbox 3238 1294 3347 1348; x_wconf 90' lang='lat' dir='ltr'>cito</span> <span class='ocrx_word' id='word_1_630' title='bbox 3385 1297 3622 1351; x_wconf 87' lang='lat' dir='ltr'>Pontius</span> <span class='ocrx_word' id='word_1_631' title='bbox 3641 1287 3850 1353; x_wconf 57' lang='lat' dir='ltr'>credet</span> 
     </span>
    </p>
   </div>
   <div class='ocr_carea' id='block_1_95' title="bbox 2208 1358 3850 1428">
    <p class='ocr_par' dir='ltr' id='par_1_95' title="bbox 2208 1358 3850 1428">
     <span class='ocr_line' id='line_1_95' title="bbox 2208 1358 3850 1428; baseline 0.007 -16"><span class='ocrx_word' id='word_1_632' title='bbox 2208 1358 2268 1413; x_wconf 93' lang='lat' dir='ltr'>in</span> <span class='ocrx_word' id='word_1_633' title='bbox 2299 1359 2545 1428; x_wconf 87' lang='lat' dir='ltr'>Christo,</span> <span class='ocrx_word' id='word_1_634' title='bbox 2579 1361 2728 1414; x_wconf 90' lang='lat' dir='ltr'>sicut</span> <span class='ocrx_word' id='word_1_635' title='bbox 2760 1363 2988 1416; x_wconf 91' lang='lat' dir='ltr'>conﬁdo</span> <span class='ocrx_word' id='word_1_636' title='bbox 3021 1358 3105 1417; x_wconf 70' lang='lat' dir='ltr'>de</span> <span class='ocrx_word' id='word_1_637' title='bbox 3123 1362 3353 1420; x_wconf 90' lang='lat' dir='ltr'>Christo</span> <span class='ocrx_word' id='word_1_638' title='bbox 3388 1383 3534 1422; x_wconf 90' lang='lat' dir='ltr'>meo.</span> <span class='ocrx_word' id='word_1_639' title='bbox 3567 1367 3712 1423; x_wconf 90' lang='lat' dir='ltr'>Nam</span> <span class='ocrx_word' id='word_1_640' title='bbox 3742 1369 3850 1424; x_wconf 90' lang='lat' dir='ltr'>hoc</span> 
     </span>
    </p>
   </div>
   <div class='ocr_carea' id='block_1_96' title="bbox 2207 1430 3853 1505">
    <p class='ocr_par' dir='ltr' id='par_1_96' title="bbox 2207 1430 3853 1505">
     <span class='ocr_line' id='line_1_96' title="bbox 2207 1430 3853 1505; baseline 0.008 -23"><span class='ocrx_word' id='word_1_641' title='bbox 2207 1433 2292 1505; x_wconf 86' lang='lat' dir='ltr'>est</span> <span class='ocrx_word' id='word_1_642' title='bbox 2323 1430 2477 1505; x_wconf 84' lang='lat' dir='ltr'>quod</span> <span class='ocrx_word' id='word_1_643' title='bbox 2509 1446 2606 1505; x_wconf 83' lang='lat' dir='ltr'>per</span> <span class='ocrx_word' id='word_1_644' title='bbox 2629 1433 2922 1505; x_wconf 78' lang='lat' dir='ltr'>somnium</span> <span class='ocrx_word' id='word_1_645' title='bbox 2950 1433 3094 1488; x_wconf 90' lang='lat' dir='ltr'>mihi</span> <span class='ocrx_word' id='word_1_646' title='bbox 3116 1435 3462 1505; x_wconf 88' lang='lat' dir='ltr'>signiﬁcavit</span> <span class='ocrx_word' id='word_1_647' title='bbox 3486 1439 3684 1495; x_wconf 89' lang='lat' dir='ltr'>dicens</span> <span class='ocrx_word' id='word_1_648' title='bbox 3709 1457 3721 1494; x_wconf 94' lang='lat'>:</span> <span class='ocrx_word' id='word_1_649' title='bbox 3746 1439 3853 1495; x_wconf 87' lang='lat' dir='ltr'>Vo-</span> 
     </span>
    </p>
   </div>
   <div class='ocr_carea' id='block_1_97' title="bbox 2207 1499 3850 1583">
    <p class='ocr_par' dir='ltr' id='par_1_97' title="bbox 2207 1499 3850 1583">
     <span class='ocr_line' id='line_1_97' title="bbox 2207 1499 3850 1583; baseline 0.007 -30"><span class='ocrx_word' id='word_1_650' title='bbox 2207 1499 2262 1555; x_wconf 96' lang='lat' dir='ltr'>lo</span> <span class='ocrx_word' id='word_1_651' title='bbox 2294 1499 2708 1583; x_wconf 35' lang='lat' dir='ltr'>scias-Vitula,</span> <span class='ocrx_word' id='word_1_652' title='bbox 2740 1505 3092 1583; x_wconf 53' lang='lat' dir='ltr'>quiamposui</span> <span class='ocrx_word' id='word_1_653' title='bbox 3132 1499 3257 1583; x_wconf 53' lang='lat' dir='ltr'>jam</span> <span class='ocrx_word' id='word_1_654' title='bbox 3295 1509 3555 1579; x_wconf 83' lang='lat' dir='ltr'>jugulos,</span> <span class='ocrx_word' id='word_1_655' title='bbox 3589 1528 3704 1566; x_wconf 89' lang='lat' dir='ltr'>non</span> <span class='ocrx_word' id='word_1_656' title='bbox 3737 1511 3850 1565; x_wconf 90' lang='lat' dir='ltr'>uti-</span> 
     </span>
    </p>
   </div>
   <div class='ocr_carea' id='block_1_98' title="bbox 2207 1575 3853 1652">
    <p class='ocr_par' dir='ltr' id='par_1_98' title="bbox 2207 1575 3853 1652">
     <span class='ocr_line' id='line_1_98' title="bbox 2207 1575 3853 1652; baseline 0.007 -27"><span class='ocrx_word' id='word_1_657' title='bbox 2207 1575 2479 1652; x_wconf 29' lang='lat' dir='ltr'>quednisi</span> <span class='ocrx_word' id='word_1_658' title='bbox 2525 1576 2655 1652; x_wconf 67' lang='lat' dir='ltr'>sub</span> <span class='ocrx_word' id='word_1_659' title='bbox 2685 1575 2846 1652; x_wconf 10' lang='lat' dir='ltr'>jugoi</span> <span class='ocrx_word' id='word_1_660' title='bbox 2880 1575 3111 1652; x_wconf 74' lang='lat' dir='ltr'>Christi.</span> <span class='ocrx_word' id='word_1_661' title='bbox 3166 1579 3266 1652; x_wconf 85' lang='lat' dir='ltr'>Sic</span> <span class='ocrx_word' id='word_1_662' title='bbox 3298 1575 3446 1652; x_wconf 17' lang='lat' dir='ltr'>fer&#39;go</span> <span class='ocrx_word' id='word_1_663' title='bbox 3495 1583 3853 1637; x_wconf 86' lang='lat' dir='ltr'>honorabilis</span> 
     </span>
    </p>
   </div>
   <div class='ocr_carea' id='block_1_99' title="bbox 2207 1643 3853 1717">
    <p class='ocr_par' dir='ltr' id='par_1_99' title="bbox 2207 1643 3853 1717">
     <span class='ocr_line' id='line_1_99' title="bbox 2207 1643 3853 1717; baseline 0.006 -20"><span class='ocrx_word' id='word_1_664' title='bbox 2207 1643 2448 1717; x_wconf 82' lang='lat' dir='ltr'>Pontius</span> <span class='ocrx_word' id='word_1_665' title='bbox 2498 1643 2857 1713; x_wconf 47' lang='lat' dir='ltr'>effectusfut</span> <span class='ocrx_word' id='word_1_666' title='bbox 2904 1647 3041 1711; x_wconf 91' lang='lat' dir='ltr'>dixi,</span> <span class='ocrx_word' id='word_1_667' title='bbox 3095 1649 3345 1717; x_wconf 91' lang='lat' dir='ltr'>primum</span> <span class='ocrx_word' id='word_1_668' title='bbox 3378 1643 3853 1707; x_wconf 50' lang='lat' dir='ltr'>&#39;catechumenus</span> 
     </span>
    </p>
   </div>
   <div class='ocr_carea' id='block_1_100' title="bbox 2206 1714 3855 1792">
    <p class='ocr_par' dir='ltr' id='par_1_100' title="bbox 2206 1714 3855 1792">
     <span class='ocr_line' id='line_1_100' title="bbox 2206 1714 3855 1792; baseline 0.007 -25"><span class='ocrx_word' id='word_1_669' title='bbox 2206 1714 2854 1792; x_wconf 64' lang='lat' dir='ltr'>christianussequenti</span> <span class='ocrx_word' id='word_1_670' title='bbox 2887 1733 3063 1792; x_wconf 76' lang='lat' dir='ltr'>anno,</span> <span class='ocrx_word' id='word_1_671' title='bbox 3095 1714 3303 1792; x_wconf 80' lang='lat' dir='ltr'>iisdem</span> <span class='ocrx_word' id='word_1_672' title='bbox 3336 1721 3540 1778; x_wconf 88' lang='lat' dir='ltr'>diebus</span> <span class='ocrx_word' id='word_1_673' title='bbox 3572 1725 3787 1792; x_wconf 88' lang='lat' dir='ltr'>quibus</span> <span class='ocrx_word' id='word_1_674' title='bbox 3821 1741 3855 1777; x_wconf 91' lang='lat' dir='ltr'>a</span> 
     </span>
    </p>
   </div>
   <div class='ocr_carea' id='block_1_101' title="bbox 2205 1785 3853 1862">
    <p class='ocr_par' dir='ltr' id='par_1_101' title="bbox 2205 1785 3853 1862">
     <span class='ocr_line' id='line_1_101' title="bbox 2205 1785 3853 1862; baseline 0.005 -23"><span class='ocrx_word' id='word_1_675' title='bbox 2205 1785 2475 1862; x_wconf 78' lang='lat' dir='ltr'>religiosa</span> <span class='ocrx_word' id='word_1_676' title='bbox 2507 1785 2699 1841; x_wconf 86' lang='lat' dir='ltr'>Vitula</span> <span class='ocrx_word' id='word_1_677' title='bbox 2731 1789 2940 1862; x_wconf 84' lang='lat' dir='ltr'>beatus</span> <span class='ocrx_word' id='word_1_678' title='bbox 2964 1789 3294 1858; x_wconf 88' lang='lat' dir='ltr'>Stephanus</span> <span class='ocrx_word' id='word_1_679' title='bbox 3318 1808 3419 1862; x_wconf 89' lang='lat' dir='ltr'>pro</span> <span class='ocrx_word' id='word_1_680' title='bbox 3447 1785 3630 1849; x_wconf 67' lang='lat' dir='ltr'>salute</span> <span class='ocrx_word' id='word_1_681' title='bbox 3665 1795 3853 1851; x_wconf 87' lang='lat' dir='ltr'>mariti</span> 
     </span>
    </p>
   </div>
   <div class='ocr_carea' id='block_1_102' title="bbox 2203 1857 2972 1927">
    <p class='ocr_par' dir='ltr' id='par_1_102' title="bbox 2203 1857 2972 1927">
     <span class='ocr_line' id='line_1_102' title="bbox 2203 1857 2972 1927; baseline 0.005 -18"><span class='ocrx_word' id='word_1_682' title='bbox 2203 1862 2416 1911; x_wconf 74' lang='lat' dir='ltr'>aeterna</span> <span class='ocrx_word' id='word_1_683' title='bbox 2446 1857 2625 1911; x_wconf 87' lang='lat' dir='ltr'>fuerat</span> <span class='ocrx_word' id='word_1_684' title='bbox 2657 1859 2972 1927; x_wconf 81' lang='lat' dir='ltr'>exoratus).</span> 
     </span>
    </p>
   </div>
   <div class='ocr_carea' id='block_1_103' title="bbox 2272 1927 3850 1999">
    <p class='ocr_par' dir='ltr' id='par_1_103' title="bbox 2272 1927 3850 1999">
     <span class='ocr_line' id='line_1_103' title="bbox 2272 1927 3850 1999; baseline 0.008 -19"><span class='ocrx_word' id='word_1_685' title='bbox 2272 1927 2325 1980; x_wconf 89' lang='lat'>5.</span> <span class='ocrx_word' id='word_1_686' title='bbox 2362 1928 2587 1999; x_wconf 86' lang='lat' dir='ltr'>Sed,ut</span> <span class='ocrx_word' id='word_1_687' title='bbox 2632 1929 2822 1983; x_wconf 88' lang='lat' dir='ltr'>dicere</span> <span class='ocrx_word' id='word_1_688' title='bbox 2871 1945 3172 1999; x_wconf 63' lang='lat' dir='ltr'>coeperam,</span> <span class='ocrx_word' id='word_1_689' title='bbox 3223 1935 3720 1992; x_wconf 88' lang='lat' dir='ltr'>consentientibus</span> <span class='ocrx_word' id='word_1_690' title='bbox 3771 1936 3850 1992; x_wconf 86' lang='lat' dir='ltr'>si-</span> 
     </span>
    </p>
   </div>
   <div class='ocr_carea' id='block_1_104' title="bbox 2205 1995 3852 2079">
    <p class='ocr_par' dir='ltr' id='par_1_104' title="bbox 2205 1995 3852 2079">
     <span class='ocr_line' id='line_1_104' title="bbox 2205 1995 3852 2079; baseline 0.009 -29"><span class='ocrx_word' id='word_1_691' title='bbox 2205 1995 2550 2079; x_wconf 70' lang='lat' dir='ltr'>b_i_met_viris</span> <span class='ocrx_word' id='word_1_692' title='bbox 2583 2000 2736 2079; x_wconf 38' lang='lat' dir='ltr'>suis,-</span> <span class='ocrx_word' id='word_1_693' title='bbox 2761 1995 3167 2079; x_wconf 36' lang='lat' dir='ltr'>mateeritula</span> <span class='ocrx_word' id='word_1_694' title='bbox 3198 2018 3327 2079; x_wconf 78' lang='lat' dir='ltr'>cum</span> <span class='ocrx_word' id='word_1_695' title='bbox 3351 2004 3592 2079; x_wconf 62' lang='lat' dir='ltr'>Megalia</span> <span class='ocrx_word' id='word_1_696' title='bbox 3619 2025 3724 2062; x_wconf 90' lang='lat' dir='ltr'>sua</span> <span class='ocrx_word' id='word_1_697' title='bbox 3756 2025 3852 2079; x_wconf 89' lang='lat' dir='ltr'>pa-</span> 
     </span>
    </p>
   </div>
   <div class='ocr_carea' id='block_1_105' title="bbox 2203 2068 3848 2142">
    <p class='ocr_par' dir='ltr' id='par_1_105' title="bbox 2203 2068 3848 2142">
     <span class='ocr_line' id='line_1_105' title="bbox 2203 2068 3848 2142; baseline 0.007 -21"><span class='ocrx_word' id='word_1_698' title='bbox 2203 2069 2349 2142; x_wconf 81' lang='lat' dir='ltr'>riter</span> <span class='ocrx_word' id='word_1_699' title='bbox 2376 2070 2444 2142; x_wconf 82' lang='lat' dir='ltr'>de</span> <span class='ocrx_word' id='word_1_700' title='bbox 2474 2068 2816 2142; x_wconf 85' lang='lat' dir='ltr'>Carthagine</span> <span class='ocrx_word' id='word_1_701' title='bbox 2849 2072 3132 2138; x_wconf 69' lang='lat' dir='ltr'>profectae,</span> <span class='ocrx_word' id='word_1_702' title='bbox 3158 2073 3376 2142; x_wconf 90' lang='lat' dir='ltr'>pariter</span> <span class='ocrx_word' id='word_1_703' title='bbox 3405 2068 3475 2127; x_wconf 76' lang='lat' dir='ltr'>ad</span> <span class='ocrx_word' id='word_1_704' title='bbox 3510 2068 3848 2134; x_wconf 77' lang='lat' dir='ltr'>Memoriam</span> 
     </span>
    </p>
   </div>
   <div class='ocr_carea' id='block_1_106' title="bbox 2202 2139 3851 2211">
    <p class='ocr_par' dir='ltr' id='par_1_106' title="bbox 2202 2139 3851 2211">
     <span class='ocr_line' id='line_1_106' title="bbox 2202 2139 3851 2211; baseline 0.006 -18"><span class='ocrx_word' id='word_1_705' title='bbox 2202 2139 2353 2211; x_wconf 82' lang='lat' dir='ltr'>beati</span> <span class='ocrx_word' id='word_1_706' title='bbox 2387 2140 2652 2211; x_wconf 84' lang='lat' dir='ltr'>Martyris</span> <span class='ocrx_word' id='word_1_707' title='bbox 2687 2139 3088 2210; x_wconf 78' lang='lat' dir='ltr'>pervenerunt,</span> <span class='ocrx_word' id='word_1_708' title='bbox 3121 2139 3188 2196; x_wconf 78' lang='lat' dir='ltr'>ac</span> <span class='ocrx_word' id='word_1_709' title='bbox 3218 2144 3424 2198; x_wconf 86' lang='lat' dir='ltr'>deinde</span> <span class='ocrx_word' id='word_1_710' title='bbox 3458 2151 3591 2200; x_wconf 89' lang='lat' dir='ltr'>ante</span> <span class='ocrx_word' id='word_1_711' title='bbox 3624 2155 3851 2204; x_wconf 88' lang='lat' dir='ltr'>sacrata</span> 
     </span>
    </p>
   </div>
   <div class='ocr_carea' id='block_1_107' title="bbox 2200 2209 3848 2289">
    <p class='ocr_par' dir='ltr' id='par_1_107' title="bbox 2200 2209 3848 2289">
     <span class='ocr_line' id='line_1_107' title="bbox 2200 2209 3848 2289; baseline 0.006 -25"><span class='ocrx_word' id='word_1_712' title='bbox 2200 2209 2387 2289; x_wconf 89' lang='lat' dir='ltr'>ipsius</span> <span class='ocrx_word' id='word_1_713' title='bbox 2417 2209 2603 2289; x_wconf 83' lang='lat' dir='ltr'>limita</span> <span class='ocrx_word' id='word_1_714' title='bbox 2635 2219 2954 2289; x_wconf 74' lang='lat' dir='ltr'>prostratae,</span> <span class='ocrx_word' id='word_1_715' title='bbox 2989 2209 3080 2269; x_wconf 87' lang='lat' dir='ltr'>die</span> <span class='ocrx_word' id='word_1_716' title='bbox 3110 2219 3402 2289; x_wconf 79' lang='lat' dir='ltr'>noctuque</span> <span class='ocrx_word' id='word_1_717' title='bbox 3425 2215 3626 2289; x_wconf 82' lang='lat' dir='ltr'>flentes</span> <span class='ocrx_word' id='word_1_718' title='bbox 3650 2226 3703 2274; x_wconf 87' lang='lat' dir='ltr'>et</span> <span class='ocrx_word' id='word_1_719' title='bbox 3723 2220 3848 2289; x_wconf 81' lang='lat' dir='ltr'>eju-</span> 
     </span>
    </p>
   </div>
   <div class='ocr_carea' id='block_1_108' title="bbox 2199 2281 3848 2356">
    <p class='ocr_par' dir='ltr' id='par_1_108' title="bbox 2199 2281 3848 2356">
     <span class='ocr_line' id='line_1_108' title="bbox 2199 2281 3848 2356; baseline 0.006 -21"><span class='ocrx_word' id='word_1_720' title='bbox 2199 2281 2414 2356; x_wconf 24' lang='lat' dir='ltr'>lantes,‘</span> <span class='ocrx_word' id='word_1_721' title='bbox 2443 2281 2717 2338; x_wconf 87' lang='lat' dir='ltr'>cinereet</span> <span class='ocrx_word' id='word_1_722' title='bbox 2749 2285 2931 2338; x_wconf 90' lang='lat' dir='ltr'>cilicio</span> <span class='ocrx_word' id='word_1_723' title='bbox 2965 2281 3342 2356; x_wconf 78' lang='lat' dir='ltr'>squallentes,</span> <span class='ocrx_word' id='word_1_724' title='bbox 3368 2287 3505 2342; x_wconf 92' lang='lat' dir='ltr'>inde</span> <span class='ocrx_word' id='word_1_725' title='bbox 3528 2281 3848 2346; x_wconf 52' lang='lat' dir='ltr'>nobiles&#39;fe-</span> 
     </span>
    </p>
   </div>
   <div class='ocr_carea' id='block_1_109' title="bbox 2201 2353 3846 2432">
    <p class='ocr_par' dir='ltr' id='par_1_109' title="bbox 2201 2353 3846 2432">
     <span class='ocr_line' id='line_1_109' title="bbox 2201 2353 3846 2432; baseline 0.005 -24"><span class='ocrx_word' id='word_1_726' title='bbox 2201 2355 2371 2432; x_wconf 70' lang='lat' dir='ltr'>minae</span> <span class='ocrx_word' id='word_1_727' title='bbox 2404 2353 2670 2409; x_wconf 89' lang='lat' dir='ltr'>homines</span> <span class='ocrx_word' id='word_1_728' title='bbox 2696 2371 2809 2410; x_wconf 92' lang='lat' dir='ltr'>non</span> <span class='ocrx_word' id='word_1_729' title='bbox 2838 2353 3350 2432; x_wconf 76' lang='lat' dir='ltr'>erubescentes,_ut</span> <span class='ocrx_word' id='word_1_730' title='bbox 3370 2358 3486 2414; x_wconf 93' lang='lat' dir='ltr'>Deo</span> <span class='ocrx_word' id='word_1_731' title='bbox 3509 2366 3706 2432; x_wconf 83' lang='lat' dir='ltr'>essent</span> <span class='ocrx_word' id='word_1_732' title='bbox 3728 2361 3846 2432; x_wconf 86' lang='lat' dir='ltr'>pla-</span> 
     </span>
    </p>
   </div>
   <div class='ocr_carea' id='block_1_110' title="bbox 2198 2427 3845 2498">
    <p class='ocr_par' dir='ltr' id='par_1_110' title="bbox 2198 2427 3845 2498">
     <span class='ocr_line' id='line_1_110' title="bbox 2198 2427 3845 2498; baseline 0.006 -20"><span class='ocrx_word' id='word_1_733' title='bbox 2198 2431 2414 2498; x_wconf 85' lang='lat' dir='ltr'>centes,</span> <span class='ocrx_word' id='word_1_734' title='bbox 2450 2432 2837 2497; x_wconf 88' lang='lat' dir='ltr'>susceperunt</span> <span class='ocrx_word' id='word_1_735' title='bbox 2866 2427 3007 2481; x_wconf 92' lang='lat' dir='ltr'>illud</span> <span class='ocrx_word' id='word_1_736' title='bbox 3051 2430 3201 2498; x_wconf 91' lang='lat' dir='ltr'>quod</span> <span class='ocrx_word' id='word_1_737' title='bbox 3253 2430 3472 2484; x_wconf 88' lang='lat' dir='ltr'>dictum</span> <span class='ocrx_word' id='word_1_738' title='bbox 3505 2430 3563 2485; x_wconf 92' lang='lat' dir='ltr'>in</span> <span class='ocrx_word' id='word_1_739' title='bbox 3598 2427 3845 2488; x_wconf 77' lang='lat' dir='ltr'>Psalmis</span> 
     </span>
    </p>
   </div>
   <div class='ocr_carea' id='block_1_111' title="bbox 2196 2496 3848 2572">
    <p class='ocr_par' dir='ltr' id='par_1_111' title="bbox 2196 2496 3848 2572">
     <span class='ocr_line' id='line_1_111' title="bbox 2196 2496 3848 2572; baseline 0.005 -22"><span class='ocrx_word' id='word_1_740' title='bbox 2196 2496 2496 2572; x_wconf 76' lang='lat' dir='ltr'>audierant</span> <span class='ocrx_word' id='word_1_741' title='bbox 2523 2513 2534 2551; x_wconf 93' lang='lat'>:</span> <span class='ocrx_word' id='word_1_742' title='bbox 2568 2496 2813 2572; x_wconf 67' lang='lat' dir='ltr'>Fuerunt</span> <span class='ocrx_word' id='word_1_743' title='bbox 2843 2498 2986 2572; x_wconf 75' lang='lat' dir='ltr'>mihi</span> <span class='ocrx_word' id='word_1_744' title='bbox 3024 2496 3281 2572; x_wconf 5' lang='lat' dir='ltr'>laceri/mae</span> <span class='ocrx_word' id='word_1_745' title='bbox 3317 2517 3450 2556; x_wconf 74' lang='lat' dir='ltr'>mea:</span> <span class='ocrx_word' id='word_1_746' title='bbox 3477 2504 3639 2572; x_wconf 79' lang='lat' dir='ltr'>panis</span> <span class='ocrx_word' id='word_1_747' title='bbox 3669 2503 3756 2559; x_wconf 77' lang='lat' dir='ltr'>die</span> <span class='ocrx_word' id='word_1_748' title='bbox 3779 2521 3848 2560; x_wconf 86' lang='lat' dir='ltr'>ac</span> 
     </span>
    </p>
   </div>
   <div class='ocr_carea' id='block_1_112' title="bbox 2193 2569 3844 2642">
    <p class='ocr_par' dir='ltr' id='par_1_112' title="bbox 2193 2569 3844 2642">
     <span class='ocr_line' id='line_1_112' title="bbox 2193 2569 3844 2642; baseline 0.006 -21"><span class='ocrx_word' id='word_1_749' title='bbox 2193 2572 2366 2642; x_wconf 65' lang='lat' dir='ltr'>nocte,</span> <span class='ocrx_word' id='word_1_750' title='bbox 2400 2569 2532 2622; x_wconf 87' lang='lat' dir='ltr'>dum</span> <span class='ocrx_word' id='word_1_751' title='bbox 2557 2569 2766 2642; x_wconf 63' lang='lat' dir='ltr'>dicitur</span> <span class='ocrx_word' id='word_1_752' title='bbox 2797 2571 2936 2624; x_wconf 80' lang='lat' dir='ltr'>mihi</span> <span class='ocrx_word' id='word_1_753' title='bbox 2965 2571 3222 2642; x_wconf 66' lang='lat' dir='ltr'>quotidie,</span> <span class='ocrx_word' id='word_1_754' title='bbox 3272 2573 3372 2628; x_wconf 79' lang='lat' dir='ltr'>Ubi</span> <span class='ocrx_word' id='word_1_755' title='bbox 3415 2569 3492 2628; x_wconf 76' lang='lat' dir='ltr'>est</span> <span class='ocrx_word' id='word_1_756' title='bbox 3538 2574 3676 2628; x_wconf 83' lang='lat' dir='ltr'>Deus</span> <span class='ocrx_word' id='word_1_757' title='bbox 3714 2585 3844 2631; x_wconf 78' lang='lat' dir='ltr'>tuus</span> 
     </span>
    </p>
   </div>
   <div class='ocr_carea' id='block_1_113' title="bbox 2193 2640 3842 2714">
    <p class='ocr_par' dir='ltr' id='par_1_113' title="bbox 2193 2640 3842 2714">
     <span class='ocr_line' id='line_1_113' title="bbox 2193 2640 3842 2714; baseline 0.005 -21"><span class='ocrx_word' id='word_1_758' title='bbox 2193 2640 2372 2714; x_wconf 55' lang='lat' dir='ltr'>(Pani.</span> <span class='ocrx_word' id='word_1_759' title='bbox 2407 2641 2630 2714; x_wconf 75' lang='lat' dir='ltr'>er,_4.)</span> <span class='ocrx_word' id='word_1_760' title='bbox 2653 2641 2695 2714; x_wconf 42' lang='grc' dir='ltr'>⁸Ρῄ</span> <span class='ocrx_word' id='word_1_761' title='bbox 2729 2640 3188 2714; x_wconf 68' lang='grc' dir='ltr'>Ειθηὶω“[ιθᾳιιθ</span> <span class='ocrx_word' id='word_1_762' title='bbox 3239 2645 3346 2698; x_wconf 90' lang='lat' dir='ltr'>ista</span> <span class='ocrx_word' id='word_1_763' title='bbox 3394 2644 3462 2699; x_wconf 90' lang='lat' dir='ltr'>de</span> <span class='ocrx_word' id='word_1_764' title='bbox 3495 2644 3615 2714; x_wconf 87' lang='lat' dir='ltr'>ipsa</span> <span class='ocrx_word' id='word_1_765' title='bbox 3647 2653 3842 2702; x_wconf 89' lang='lat' dir='ltr'>nostra</span> 
     </span>
    </p>
   </div>
   <div class='ocr_carea' id='block_1_114' title="bbox 2193 2710 3841 2783">
    <p class='ocr_par' dir='ltr' id='par_1_114' title="bbox 2193 2710 3841 2783">
     <span class='ocr_line' id='line_1_114' title="bbox 2193 2710 3841 2783; baseline 0.005 -19"><span class='ocrx_word' id='word_1_766' title='bbox 2193 2710 2478 2783; x_wconf 13' lang='lat' dir='ltr'>religione,</span> <span class='ocrx_word' id='word_1_767' title='bbox 2495 2711 2813 2766; x_wconf 85' lang='lat' dir='ltr'>christiana</span> <span class='ocrx_word' id='word_1_768' title='bbox 2837 2713 2948 2783; x_wconf 90' lang='lat' dir='ltr'>piis</span> <span class='ocrx_word' id='word_1_769' title='bbox 2969 2718 3025 2766; x_wconf 92' lang='lat' dir='ltr'>et</span> <span class='ocrx_word' id='word_1_770' title='bbox 3047 2710 3338 2768; x_wconf 75' lang='lat' dir='ltr'>nobilibus</span> <span class='ocrx_word' id='word_1_771' title='bbox 3354 2710 3582 2770; x_wconf 76' lang='lat' dir='ltr'>feminis</span> <span class='ocrx_word' id='word_1_772' title='bbox 3604 2718 3841 2774; x_wconf 86' lang='lat' dir='ltr'>deerant</span> 
     </span>
    </p>
   </div>
   <div class='ocr_carea' id='block_1_115' title="bbox 2191 2782 3841 2853">
    <p class='ocr_par' dir='ltr' id='par_1_115' title="bbox 2191 2782 3841 2853">
     <span class='ocr_line' id='line_1_115' title="bbox 2191 2782 3841 2853; baseline 0.005 -19"><span class='ocrx_word' id='word_1_773' title='bbox 2191 2783 2263 2853; x_wconf 82' lang='lat' dir='ltr'>ab</span> <span class='ocrx_word' id='word_1_774' title='bbox 2288 2782 2604 2837; x_wconf 89' lang='lat' dir='ltr'>incredulis</span> <span class='ocrx_word' id='word_1_775' title='bbox 2628 2782 3001 2853; x_wconf 88' lang='lat' dir='ltr'>improperia,</span> <span class='ocrx_word' id='word_1_776' title='bbox 3030 2785 3180 2838; x_wconf 90' lang='lat' dir='ltr'>unde</span> <span class='ocrx_word' id='word_1_777' title='bbox 3204 2797 3335 2841; x_wconf 84' lang='lat' dir='ltr'>ante</span> <span class='ocrx_word' id='word_1_778' title='bbox 3362 2790 3662 2844; x_wconf 90' lang='lat' dir='ltr'>Dominum</span> <span class='ocrx_word' id='word_1_779' title='bbox 3683 2789 3841 2843; x_wconf 87' lang='lat' dir='ltr'>ﬁebi-</span> 
     </span>
    </p>
   </div>
   <div class='ocr_carea' id='block_1_116' title="bbox 2190 2852 3838 2928">
    <p class='ocr_par' dir='ltr' id='par_1_116' title="bbox 2190 2852 3838 2928">
     <span class='ocr_line' id='line_1_116' title="bbox 2190 2852 3838 2928; baseline 0.005 -22"><span class='ocrx_word' id='word_1_780' title='bbox 2190 2852 2342 2908; x_wconf 91' lang='lat' dir='ltr'>libus</span> <span class='ocrx_word' id='word_1_781' title='bbox 2397 2854 2658 2928; x_wconf 88' lang='lat' dir='ltr'>vocibus,</span> <span class='ocrx_word' id='word_1_782' title='bbox 2709 2852 2772 2928; x_wconf 73' lang='lat' dir='ltr'>et</span> <span class='ocrx_word' id='word_1_783' title='bbox 2813 2852 3046 2915; x_wconf 86' lang='lat' dir='ltr'>amaris,</span> <span class='ocrx_word' id='word_1_784' title='bbox 3099 2861 3162 2910; x_wconf 93' lang='lat' dir='ltr'>ut</span> <span class='ocrx_word' id='word_1_785' title='bbox 3191 2858 3473 2928; x_wconf 89' lang='lat' dir='ltr'>scriptum</span> <span class='ocrx_word' id='word_1_786' title='bbox 3505 2865 3607 2923; x_wconf 88' lang='lat' dir='ltr'>est,</span> <span class='ocrx_word' id='word_1_787' title='bbox 3648 2861 3838 2915; x_wconf 89' lang='lat' dir='ltr'>verbis</span> 
     </span>
    </p>
   </div>
   <div class='ocr_carea' id='block_1_117' title="bbox 2193 2925 3833 2997">
    <p class='ocr_par' dir='ltr' id='par_1_117' title="bbox 2193 2925 3833 2997">
     <span class='ocr_line' id='line_1_117' title="bbox 2193 2925 3833 2997; baseline 0.005 -20"><span class='ocrx_word' id='word_1_788' title='bbox 2193 2925 2677 2997; x_wconf 86' lang='lat' dir='ltr'>memorabant,et</span> <span class='ocrx_word' id='word_1_789' title='bbox 2696 2925 3071 2981; x_wconf 76' lang='lat' dir='ltr'>effundebant</span> <span class='ocrx_word' id='word_1_790' title='bbox 3092 2944 3267 2997; x_wconf 89' lang='lat' dir='ltr'>super</span> <span class='ocrx_word' id='word_1_791' title='bbox 3289 2925 3348 2983; x_wconf 79' lang='lat' dir='ltr'>se</span> <span class='ocrx_word' id='word_1_792' title='bbox 3369 2931 3625 2984; x_wconf 89' lang='lat' dir='ltr'>animam</span> <span class='ocrx_word' id='word_1_793' title='bbox 3651 2947 3833 2986; x_wconf 90' lang='lat' dir='ltr'>suam.</span> 
     </span>
    </p>
   </div>
   <div class='ocr_carea' id='block_1_118' title="bbox 2191 2995 3838 3066">
    <p class='ocr_par' dir='ltr' id='par_1_118' title="bbox 2191 2995 3838 3066">
     <span class='ocr_line' id='line_1_118' title="bbox 2191 2995 3838 3066; baseline 0.004 -16"><span class='ocrx_word' id='word_1_794' title='bbox 2191 2995 2499 3050; x_wconf 84' lang='lat' dir='ltr'>Dicebatur</span> <span class='ocrx_word' id='word_1_795' title='bbox 2528 3013 2782 3066; x_wconf 83' lang='lat' dir='ltr'>namque</span> <span class='ocrx_word' id='word_1_796' title='bbox 2803 2999 2874 3052; x_wconf 91' lang='lat' dir='ltr'>ab</span> <span class='ocrx_word' id='word_1_797' title='bbox 2899 2998 3149 3052; x_wconf 86' lang='lat' dir='ltr'>inimicis</span> <span class='ocrx_word' id='word_1_798' title='bbox 3170 2995 3300 3053; x_wconf 80' lang='lat' dir='ltr'>ﬁdei</span> <span class='ocrx_word' id='word_1_799' title='bbox 3328 3006 3580 3056; x_wconf 75' lang='lat' dir='ltr'>nostras:</span> <span class='ocrx_word' id='word_1_800' title='bbox 3615 3001 3721 3056; x_wconf 90' lang='lat' dir='ltr'>Ubi</span> <span class='ocrx_word' id='word_1_801' title='bbox 3747 3008 3838 3057; x_wconf 90' lang='lat' dir='ltr'>est</span> 
     </span>
    </p>
   </div>
   <div class='ocr_carea' id='block_1_119' title="bbox 2187 3066 3835 3138">
    <p class='ocr_par' dir='ltr' id='par_1_119' title="bbox 2187 3066 3835 3138">
     <span class='ocr_line' id='line_1_119' title="bbox 2187 3066 3835 3138; baseline 0.005 -18"><span class='ocrx_word' id='word_1_802' title='bbox 2187 3066 2339 3121; x_wconf 92' lang='lat' dir='ltr'>Deus</span> <span class='ocrx_word' id='word_1_803' title='bbox 2365 3067 2973 3123; x_wconf 80' lang='lat' dir='ltr'>vester?lnclamabat</span> <span class='ocrx_word' id='word_1_804' title='bbox 3002 3085 3134 3138; x_wconf 78' lang='lat' dir='ltr'>ergo</span> <span class='ocrx_word' id='word_1_805' title='bbox 3165 3069 3360 3126; x_wconf 89' lang='lat' dir='ltr'>Vitula</span> <span class='ocrx_word' id='word_1_806' title='bbox 3393 3077 3576 3127; x_wconf 88' lang='lat' dir='ltr'>mater</span> <span class='ocrx_word' id='word_1_807' title='bbox 3594 3074 3835 3128; x_wconf 88' lang='lat' dir='ltr'>auribus</span> 
     </span>
    </p>
   </div>
   <div class='ocr_carea' id='block_1_120' title="bbox 2187 3138 3835 3215">
    <p class='ocr_par' dir='ltr' id='par_1_120' title="bbox 2187 3138 3835 3215">
     <span class='ocr_line' id='line_1_120' title="bbox 2187 3138 3835 3215; baseline 0.004 -23"><span class='ocrx_word' id='word_1_808' title='bbox 2187 3139 2368 3215; x_wconf 72' lang='lat' dir='ltr'>Amici</span> <span class='ocrx_word' id='word_1_809' title='bbox 2395 3138 2532 3192; x_wconf 90' lang='lat' dir='ltr'>Dei:</span> <span class='ocrx_word' id='word_1_810' title='bbox 2573 3139 2811 3215; x_wconf 87' lang='lat' dir='ltr'>Domine</span> <span class='ocrx_word' id='word_1_811' title='bbox 2843 3141 3155 3215; x_wconf 82' lang='lat' dir='ltr'>Stephans,</span> <span class='ocrx_word' id='word_1_812' title='bbox 3206 3157 3336 3215; x_wconf 80' lang='lat' dir='ltr'>ecce</span> <span class='ocrx_word' id='word_1_813' title='bbox 3385 3144 3599 3215; x_wconf 87' lang='lat' dir='ltr'>adduxi</span> <span class='ocrx_word' id='word_1_814' title='bbox 3644 3144 3835 3215; x_wconf 85' lang='lat' dir='ltr'>Mege-</span> 
     </span>
    </p>
   </div>
   <div class='ocr_carea' id='block_1_121' title="bbox 2191 3209 3831 3281">
    <p class='ocr_par' dir='ltr' id='par_1_121' title="bbox 2191 3209 3831 3281">
     <span class='ocr_line' id='line_1_121' title="bbox 2191 3209 3831 3281; baseline 0.004 -18"><span class='ocrx_word' id='word_1_815' title='bbox 2191 3209 2333 3281; x_wconf 82' lang='lat' dir='ltr'>tiam</span> <span class='ocrx_word' id='word_1_816' title='bbox 2368 3215 2530 3281; x_wconf 86' lang='lat' dir='ltr'>tuam</span> <span class='ocrx_word' id='word_1_817' title='bbox 2565 3213 2630 3264; x_wconf 92' lang='lat' dir='ltr'>ad</span> <span class='ocrx_word' id='word_1_818' title='bbox 2665 3215 2738 3276; x_wconf 90' lang='lat' dir='ltr'>te,</span> <span class='ocrx_word' id='word_1_819' title='bbox 2775 3209 3037 3281; x_wconf 25' lang='lat' dir='ltr'>quam‘tu</span> <span class='ocrx_word' id='word_1_820' title='bbox 3072 3212 3190 3280; x_wconf 89' lang='lat' dir='ltr'>ipse</span> <span class='ocrx_word' id='word_1_821' title='bbox 3232 3213 3489 3269; x_wconf 88' lang='lat' dir='ltr'>liberasti</span> <span class='ocrx_word' id='word_1_822' title='bbox 3522 3215 3592 3269; x_wconf 92' lang='lat' dir='ltr'>de</span> <span class='ocrx_word' id='word_1_823' title='bbox 3628 3209 3831 3270; x_wconf 58' lang='lat' dir='ltr'>morte.</span> 
     </span>
    </p>
   </div>
   <div class='ocr_carea' id='block_1_122' title="bbox 2191 3279 3837 3351">
    <p class='ocr_par' dir='ltr' id='par_1_122' title="bbox 2191 3279 3837 3351">
     <span class='ocr_line' id='line_1_122' title="bbox 2191 3279 3837 3351; baseline 0.005 -18"><span class='ocrx_word' id='word_1_824' title='bbox 2191 3279 2303 3334; x_wconf 84' lang='lat' dir='ltr'>Nec</span> <span class='ocrx_word' id='word_1_825' title='bbox 2336 3297 2442 3334; x_wconf 90' lang='lat' dir='ltr'>nos</span> <span class='ocrx_word' id='word_1_826' title='bbox 2468 3280 2525 3334; x_wconf 91' lang='lat' dir='ltr'>in</span> <span class='ocrx_word' id='word_1_827' title='bbox 2559 3279 2836 3351; x_wconf 84' lang='lat' dir='ltr'>gaudium</span> <span class='ocrx_word' id='word_1_828' title='bbox 2872 3279 3306 3338; x_wconf 21' lang='lat' dir='ltr'>inimici’fccisti</span> <span class='ocrx_word' id='word_1_829' title='bbox 3341 3285 3554 3347; x_wconf 84' lang='lat' dir='ltr'>venire,</span> <span class='ocrx_word' id='word_1_830' title='bbox 3579 3303 3692 3341; x_wconf 90' lang='lat' dir='ltr'>non</span> <span class='ocrx_word' id='word_1_831' title='bbox 3726 3292 3837 3342; x_wconf 87' lang='lat' dir='ltr'>tra-</span> 
     </span>
    </p>
   </div>
   <div class='ocr_carea' id='block_1_123' title="bbox 2191 3351 3837 3423">
    <p class='ocr_par' dir='ltr' id='par_1_123' title="bbox 2191 3351 3837 3423">
     <span class='ocr_line' id='line_1_123' title="bbox 2191 3351 3837 3423; baseline 0.006 -21"><span class='ocrx_word' id='word_1_832' title='bbox 2191 3351 2333 3423; x_wconf 83' lang='lat' dir='ltr'>dens</span> <span class='ocrx_word' id='word_1_833' title='bbox 2366 3367 2472 3403; x_wconf 91' lang='lat' dir='ltr'>nos</span> <span class='ocrx_word' id='word_1_834' title='bbox 2495 3351 2552 3403; x_wconf 92' lang='lat' dir='ltr'>in</span> <span class='ocrx_word' id='word_1_835' title='bbox 2577 3351 2802 3423; x_wconf 69' lang='lat' dir='ltr'>animas</span> <span class='ocrx_word' id='word_1_836' title='bbox 2825 3353 3230 3423; x_wconf 83' lang='lat' dir='ltr'>tribulantium</span> <span class='ocrx_word' id='word_1_837' title='bbox 3258 3357 3495 3423; x_wconf 90' lang='lat' dir='ltr'>nos,qui</span> <span class='ocrx_word' id='word_1_838' title='bbox 3519 3357 3837 3413; x_wconf 85' lang='lat' dir='ltr'>detrahunt</span> 
     </span>
    </p>
   </div>
   <div class='ocr_carea' id='block_1_124' title="bbox 2189 3420 3831 3492">
    <p class='ocr_par' dir='ltr' id='par_1_124' title="bbox 2189 3420 3831 3492">
     <span class='ocr_line' id='line_1_124' title="bbox 2189 3420 3831 3492; baseline 0.005 -18"><span class='ocrx_word' id='word_1_839' title='bbox 2189 3423 2248 3474; x_wconf 89' lang='lat' dir='ltr'>et</span> <span class='ocrx_word' id='word_1_840' title='bbox 2275 3421 2586 3489; x_wconf 86' lang='lat' dir='ltr'>desperant</span> <span class='ocrx_word' id='word_1_841' title='bbox 2633 3421 2704 3492; x_wconf 86' lang='lat' dir='ltr'>de</span> <span class='ocrx_word' id='word_1_842' title='bbox 2745 3420 2969 3492; x_wconf 71' lang='lat' dir='ltr'>Christo</span> <span class='ocrx_word' id='word_1_843' title='bbox 3021 3422 3263 3478; x_wconf 89' lang='lat' dir='ltr'>Domino</span> <span class='ocrx_word' id='word_1_844' title='bbox 3315 3420 3534 3492; x_wconf 79' lang='lat' dir='ltr'>nostro,</span> <span class='ocrx_word' id='word_1_845' title='bbox 3569 3432 3624 3479; x_wconf 88' lang='lat' dir='ltr'>et</span> <span class='ocrx_word' id='word_1_846' title='bbox 3653 3431 3722 3481; x_wconf 91' lang='lat' dir='ltr'>de</span> <span class='ocrx_word' id='word_1_847' title='bbox 3753 3432 3831 3492; x_wconf 91' lang='lat' dir='ltr'>te,</span> 
     </span>
    </p>
   </div>
   <div class='ocr_carea' id='block_1_125' title="bbox 2191 3491 3837 3563">
    <p class='ocr_par' dir='ltr' id='par_1_125' title="bbox 2191 3491 3837 3563">
     <span class='ocr_line' id='line_1_125' title="bbox 2191 3491 3837 3563; baseline 0.005 -19"><span class='ocrx_word' id='word_1_848' title='bbox 2191 3493 2319 3559; x_wconf 85' lang='lat' dir='ltr'>ejus</span> <span class='ocrx_word' id='word_1_849' title='bbox 2348 3495 2506 3545; x_wconf 86' lang='lat' dir='ltr'>tanto</span> <span class='ocrx_word' id='word_1_850' title='bbox 2535 3491 2757 3545; x_wconf 87' lang='lat' dir='ltr'>Amico.</span> <span class='ocrx_word' id='word_1_851' title='bbox 2794 3491 2924 3563; x_wconf 80' lang='lat' dir='ltr'>Fac,</span> <span class='ocrx_word' id='word_1_852' title='bbox 2957 3508 3116 3563; x_wconf 86' lang='lat' dir='ltr'>rogo,</span> <span class='ocrx_word' id='word_1_853' title='bbox 3151 3493 3235 3546; x_wconf 83' lang='lat' dir='ltr'>fac</span> <span class='ocrx_word' id='word_1_854' title='bbox 3269 3494 3478 3548; x_wconf 91' lang='lat' dir='ltr'>iterum</span> <span class='ocrx_word' id='word_1_855' title='bbox 3498 3491 3837 3554; x_wconf 84' lang='lat' dir='ltr'>erubescere</span> 
     </span>
    </p>
   </div>
   <div class='ocr_carea' id='block_1_126' title="bbox 2193 3561 3836 3632">
    <p class='ocr_par' dir='ltr' id='par_1_126' title="bbox 2193 3561 3836 3632">
     <span class='ocr_line' id='line_1_126' title="bbox 2193 3561 3836 3632; baseline 0.004 -16"><span class='ocrx_word' id='word_1_856' title='bbox 2193 3577 2288 3616; x_wconf 90' lang='lat' dir='ltr'>eos</span> <span class='ocrx_word' id='word_1_857' title='bbox 2317 3563 2388 3616; x_wconf 91' lang='lat' dir='ltr'>de</span> <span class='ocrx_word' id='word_1_858' title='bbox 2423 3567 2538 3616; x_wconf 91' lang='lat' dir='ltr'>tota</span> <span class='ocrx_word' id='word_1_859' title='bbox 2567 3567 2624 3616; x_wconf 91' lang='lat' dir='ltr'>et</span> <span class='ocrx_word' id='word_1_860' title='bbox 2655 3563 2722 3615; x_wconf 93' lang='lat' dir='ltr'>de</span> <span class='ocrx_word' id='word_1_861' title='bbox 2755 3561 2922 3632; x_wconf 88' lang='lat' dir='ltr'>plena</span> <span class='ocrx_word' id='word_1_862' title='bbox 2971 3561 3222 3626; x_wconf 57' lang='lat' dir='ltr'>Megetis:</span> <span class='ocrx_word' id='word_1_863' title='bbox 3271 3571 3379 3618; x_wconf 66' lang='lat' dir='ltr'>tua:</span> <span class='ocrx_word' id='word_1_864' title='bbox 3429 3569 3636 3631; x_wconf 91' lang='lat' dir='ltr'>salute,</span> <span class='ocrx_word' id='word_1_865' title='bbox 3689 3569 3836 3622; x_wconf 89' lang='lat' dir='ltr'>sicut</span> 
     </span>
    </p>
   </div>
   <div class='ocr_carea' id='block_1_127' title="bbox 2187 3632 3833 3706">
    <p class='ocr_par' dir='ltr' id='par_1_127' title="bbox 2187 3632 3833 3706">
     <span class='ocr_line' id='line_1_127' title="bbox 2187 3632 3833 3706; baseline 0.005 -20"><span class='ocrx_word' id='word_1_866' title='bbox 2187 3633 2306 3702; x_wconf 87' lang='lat' dir='ltr'>jam</span> <span class='ocrx_word' id='word_1_867' title='bbox 2341 3632 2520 3706; x_wconf 85' lang='lat' dir='ltr'>fecisti</span> <span class='ocrx_word' id='word_1_868' title='bbox 2561 3634 2900 3688; x_wconf 88' lang='lat' dir='ltr'>erubescere</span> <span class='ocrx_word' id='word_1_869' title='bbox 2931 3650 3028 3690; x_wconf 91' lang='lat' dir='ltr'>eos</span> <span class='ocrx_word' id='word_1_870' title='bbox 3051 3636 3118 3706; x_wconf 88' lang='lat' dir='ltr'>de</span> <span class='ocrx_word' id='word_1_871' title='bbox 3148 3637 3272 3702; x_wconf 86' lang='lat' dir='ltr'>ejus</span> <span class='ocrx_word' id='word_1_872' title='bbox 3297 3638 3439 3691; x_wconf 89' lang='lat' dir='ltr'>uteri</span> <span class='ocrx_word' id='word_1_873' title='bbox 3467 3638 3833 3706; x_wconf 59' lang='lat' dir='ltr'>periculosis</span> 
     </span>
    </p>
   </div>
   <div class='ocr_carea' id='block_1_128' title="bbox 2193 3704 3835 3780">
    <p class='ocr_par' dir='ltr' id='par_1_128' title="bbox 2193 3704 3835 3780">
     <span class='ocr_line' id='line_1_128' title="bbox 2193 3704 3835 3780; baseline 0.004 -22"><span class='ocrx_word' id='word_1_874' title='bbox 2193 3706 2342 3759; x_wconf 84' lang='lat' dir='ltr'>simu</span> <span class='ocrx_word' id='word_1_875' title='bbox 2372 3704 2589 3780; x_wconf 19' lang='lat' dir='ltr'>iaboire.</span> <span class='ocrx_word' id='word_1_876' title='bbox 2622 3708 2745 3780; x_wconf 70' lang='lat' dir='ltr'>Non</span> <span class='ocrx_word' id='word_1_877' title='bbox 2780 3706 3013 3780; x_wconf 80' lang='lat' dir='ltr'>omnino</span> <span class='ocrx_word' id='word_1_878' title='bbox 3065 3705 3294 3780; x_wconf 82' lang='lat' dir='ltr'>deﬁcies</span> <span class='ocrx_word' id='word_1_879' title='bbox 3334 3708 3410 3780; x_wconf 88' lang='lat' dir='ltr'>ad</span> <span class='ocrx_word' id='word_1_880' title='bbox 3448 3704 3689 3780; x_wconf 87' lang='lat' dir='ltr'>minora,</span> <span class='ocrx_word' id='word_1_881' title='bbox 3737 3711 3835 3780; x_wconf 88' lang='lat' dir='ltr'>qui</span> 
     </span>
    </p>
   </div>
   <div class='ocr_carea' id='block_1_129' title="bbox 2196 3776 3834 3853">
    <p class='ocr_par' dir='ltr' id='par_1_129' title="bbox 2196 3776 3834 3853">
     <span class='ocr_line' id='line_1_129' title="bbox 2196 3776 3834 3853; baseline 0.005 -23"><span class='ocrx_word' id='word_1_882' title='bbox 2196 3776 2782 3853; x_wconf 69' lang='lat' dir='ltr'>praestitistimajora.</span> <span class='ocrx_word' id='word_1_883' title='bbox 2819 3777 3417 3853; x_wconf 90' lang='lat' dir='ltr'>Quod__promisi_ejus</span> <span class='ocrx_word' id='word_1_884' title='bbox 3460 3779 3580 3836; x_wconf 90' lang='lat' dir='ltr'>viro</span> <span class='ocrx_word' id='word_1_885' title='bbox 3613 3776 3834 3853; x_wconf 76' lang='lat' dir='ltr'>pagano</span> 
     </span>
    </p>
   </div>
   <div class='ocr_carea' id='block_1_130' title="bbox 2193 3848 3835 3918">
    <p class='ocr_par' dir='ltr' id='par_1_130' title="bbox 2193 3848 3835 3918">
     <span class='ocr_line' id='line_1_130' title="bbox 2193 3848 3835 3918; baseline 0.005 -17"><span class='ocrx_word' id='word_1_886' title='bbox 2193 3848 2262 3902; x_wconf 92' lang='lat' dir='ltr'>de</span> <span class='ocrx_word' id='word_1_887' title='bbox 2295 3853 2369 3912; x_wconf 89' lang='lat' dir='ltr'>te,</span> <span class='ocrx_word' id='word_1_888' title='bbox 2397 3848 2576 3918; x_wconf 87' lang='lat' dir='ltr'>imple</span> <span class='ocrx_word' id='word_1_889' title='bbox 2609 3855 2837 3918; x_wconf 87' lang='lat' dir='ltr'>propter</span> <span class='ocrx_word' id='word_1_890' title='bbox 2869 3853 2942 3904; x_wconf 90' lang='lat' dir='ltr'>te.</span> <span class='ocrx_word' id='word_1_891' title='bbox 2976 3849 3100 3904; x_wconf 91' lang='lat' dir='ltr'>Non</span> <span class='ocrx_word' id='word_1_892' title='bbox 3143 3851 3529 3906; x_wconf 87' lang='lat' dir='ltr'>confundatur</span> <span class='ocrx_word' id='word_1_893' title='bbox 3562 3848 3744 3907; x_wconf 74' lang='lat' dir='ltr'>mater</span> <span class='ocrx_word' id='word_1_894' title='bbox 3776 3855 3835 3910; x_wconf 91' lang='lat' dir='ltr'>in</span> 
     </span>
    </p>
   </div>
   <div class='ocr_carea' id='block_1_131' title="bbox 2193 3919 3830 3994">
    <p class='ocr_par' dir='ltr' id='par_1_131' title="bbox 2193 3919 3830 3994">
     <span class='ocr_line' id='line_1_131' title="bbox 2193 3919 3830 3994; baseline 0.006 -23"><span class='ocrx_word' id='word_1_895' title='bbox 2193 3919 2328 3994; x_wconf 75' lang='lat' dir='ltr'>filia,</span> <span class='ocrx_word' id='word_1_896' title='bbox 2377 3935 2498 3987; x_wconf 73' lang='lat' dir='ltr'>qua:</span> <span class='ocrx_word' id='word_1_897' title='bbox 2551 3919 2922 3994; x_wconf 66' lang='lat' dir='ltr'>praesumpsit</span> <span class='ocrx_word' id='word_1_898' title='bbox 2955 3920 3038 3994; x_wconf 13' lang='lat' dir='ltr'>in,</span> <span class='ocrx_word' id='word_1_899' title='bbox 3065 3929 3137 3988; x_wconf 90' lang='lat' dir='ltr'>te,</span> <span class='ocrx_word' id='word_1_900' title='bbox 3190 3939 3317 3992; x_wconf 73' lang='lat' dir='ltr'>quas</span> <span class='ocrx_word' id='word_1_901' title='bbox 3368 3924 3628 3994; x_wconf 82' lang='lat' dir='ltr'>confugit</span> <span class='ocrx_word' id='word_1_902' title='bbox 3655 3925 3725 3978; x_wconf 92' lang='lat' dir='ltr'>ad</span> <span class='ocrx_word' id='word_1_903' title='bbox 3759 3934 3830 3981; x_wconf 89' lang='lat' dir='ltr'>te.</span> 
     </span>
    </p>
   </div>
   <div class='ocr_carea' id='block_1_132' title="bbox 2191 3991 3834 4065">
    <p class='ocr_par' dir='ltr' id='par_1_132' title="bbox 2191 3991 3834 4065">
     <span class='ocr_line' id='line_1_132' title="bbox 2191 3991 3834 4065; baseline 0.004 -21"><span class='ocrx_word' id='word_1_904' title='bbox 2191 3991 2353 4065; x_wconf 81' lang='lat' dir='ltr'>Certe</span> <span class='ocrx_word' id='word_1_905' title='bbox 2373 3996 2434 4044; x_wconf 92' lang='lat' dir='ltr'>ut</span> <span class='ocrx_word' id='word_1_906' title='bbox 2457 3991 2658 4065; x_wconf 83' lang='lat' dir='ltr'>oculus</span> <span class='ocrx_word' id='word_1_907' title='bbox 2675 3993 2868 4045; x_wconf 87' lang='lat' dir='ltr'>cordis</span> <span class='ocrx_word' id='word_1_908' title='bbox 2894 3993 3151 4065; x_wconf 80' lang='lat' dir='ltr'>nondum</span> <span class='ocrx_word' id='word_1_909' title='bbox 3178 3991 3834 4065; x_wconf 76' lang='lat' dir='ltr'>credentiumnobisque</span> 
     </span>
    </p>
   </div>
   <div class='ocr_carea' id='block_1_133' title="bbox 2187 4060 3830 4136">
    <p class='ocr_par' dir='ltr' id='par_1_133' title="bbox 2187 4060 3830 4136">
     <span class='ocr_line' id='line_1_133' title="bbox 2187 4060 3830 4136; baseline 0.005 -22"><span class='ocrx_word' id='word_1_910' title='bbox 2187 4060 2597 4136; x_wconf 85' lang='lat' dir='ltr'>insultantium</span> <span class='ocrx_word' id='word_1_911' title='bbox 2621 4068 2952 4136; x_wconf 83' lang='lat' dir='ltr'>sanetu_r,os</span> <span class='ocrx_word' id='word_1_912' title='bbox 2976 4063 3104 4117; x_wconf 59' lang='lat' dir='ltr'>ﬁlim</span> <span class='ocrx_word' id='word_1_913' title='bbox 3122 4070 3386 4119; x_wconf 89' lang='lat' dir='ltr'>curetur:</span> <span class='ocrx_word' id='word_1_914' title='bbox 3410 4069 3544 4121; x_wconf 88' lang='lat' dir='ltr'>etut</span> <span class='ocrx_word' id='word_1_915' title='bbox 3568 4060 3830 4136; x_wconf 75' lang='lat' dir='ltr'>acquira-</span> 
     </span>
    </p>
   </div>
   <div class='ocr_carea' id='block_1_134' title="bbox 2189 4133 3832 4208">
    <p class='ocr_par' dir='ltr' id='par_1_134' title="bbox 2189 4133 3832 4208">
     <span class='ocr_line' id='line_1_134' title="bbox 2189 4133 3832 4208; baseline 0.005 -21"><span class='ocrx_word' id='word_1_916' title='bbox 2189 4138 2285 4188; x_wconf 91' lang='lat' dir='ltr'>tur</span> <span class='ocrx_word' id='word_1_917' title='bbox 2314 4134 2530 4208; x_wconf 88' lang='lat' dir='ltr'>sanitas</span> <span class='ocrx_word' id='word_1_918' title='bbox 2550 4134 2754 4188; x_wconf 80' lang='lat' dir='ltr'>animae</span> <span class='ocrx_word' id='word_1_919' title='bbox 2774 4133 3027 4203; x_wconf 90' lang='lat' dir='ltr'>illorum,</span> <span class='ocrx_word' id='word_1_920' title='bbox 3059 4142 3361 4207; x_wconf 66' lang='lat' dir='ltr'>praestetur</span> <span class='ocrx_word' id='word_1_921' title='bbox 3381 4136 3586 4208; x_wconf 60' lang='lat' dir='ltr'>puellis</span> <span class='ocrx_word' id='word_1_922' title='bbox 3610 4133 3832 4196; x_wconf 81' lang='lat' dir='ltr'>sanitas</span> 
     </span>
    </p>
   </div>
   <div class='ocr_carea' id='block_1_135' title="bbox 2189 4207 2884 4260">
    <p class='ocr_par' dir='ltr' id='par_1_135' title="bbox 2189 4207 2884 4260">
     <span class='ocr_line' id='line_1_135' title="bbox 2189 4207 2884 4260; baseline 0.003 -2"><span class='ocrx_word' id='word_1_923' title='bbox 2189 4207 2586 4259; x_wconf 90' lang='lat' dir='ltr'>membrorum</span> <span class='ocrx_word' id='word_1_924' title='bbox 2619 4222 2884 4260; x_wconf 91' lang='lat' dir='ltr'>suorum.</span> 
     </span>
    </p>
   </div>
   <div class='ocr_carea' id='block_1_136' title="bbox 2255 4277 3831 4350">
    <p class='ocr_par' dir='ltr' id='par_1_136' title="bbox 2255 4277 3831 4350">
     <span class='ocr_line' id='line_1_136' title="bbox 2255 4277 3831 4350; baseline 0.004 -20"><span class='ocrx_word' id='word_1_925' title='bbox 2255 4277 2309 4332; x_wconf 87' lang='lat'>6.</span> <span class='ocrx_word' id='word_1_926' title='bbox 2339 4277 2576 4350; x_wconf 85' lang='lat' dir='ltr'>Talibus</span> <span class='ocrx_word' id='word_1_927' title='bbox 2607 4277 2668 4350; x_wconf 87' lang='lat' dir='ltr'>in</span> <span class='ocrx_word' id='word_1_928' title='bbox 2699 4277 2983 4345; x_wconf 80' lang='lat' dir='ltr'>ejusmodi</span> <span class='ocrx_word' id='word_1_929' title='bbox 3017 4293 3255 4333; x_wconf 87' lang='lat' dir='ltr'>sensum</span> <span class='ocrx_word' id='word_1_930' title='bbox 3290 4278 3463 4333; x_wconf 89' lang='lat' dir='ltr'>dictis</span> <span class='ocrx_word' id='word_1_931' title='bbox 3490 4277 3831 4350; x_wconf 82' lang='lat' dir='ltr'>lacrymabi-</span> 
     </span>
    </p>
   </div>
   <div class='ocr_carea' id='block_1_137' title="bbox 2185 4346 3830 4418">
    <p class='ocr_par' dir='ltr' id='par_1_137' title="bbox 2185 4346 3830 4418">
     <span class='ocr_line' id='line_1_137' title="bbox 2185 4346 3830 4418; baseline 0.005 -18"><span class='ocrx_word' id='word_1_932' title='bbox 2185 4346 2339 4402; x_wconf 90' lang='lat' dir='ltr'>libus</span> <span class='ocrx_word' id='word_1_933' title='bbox 2361 4348 2700 4418; x_wconf 84' lang='lat' dir='ltr'>deploratis,</span> <span class='ocrx_word' id='word_1_934' title='bbox 2732 4351 2982 4414; x_wconf 87' lang='lat' dir='ltr'>septima</span> <span class='ocrx_word' id='word_1_935' title='bbox 3012 4351 3324 4404; x_wconf 87' lang='lat' dir='ltr'>transierat</span> <span class='ocrx_word' id='word_1_936' title='bbox 3352 4350 3496 4416; x_wconf 88' lang='lat' dir='ltr'>dies,</span> <span class='ocrx_word' id='word_1_937' title='bbox 3531 4346 3663 4406; x_wconf 82' lang='lat' dir='ltr'>cum</span> <span class='ocrx_word' id='word_1_938' title='bbox 3698 4368 3830 4408; x_wconf 91' lang='lat' dir='ltr'>ecce</span> 
     </span>
    </p>
   </div>
   <div class='ocr_carea' id='block_1_138' title="bbox 2186 4419 3825 4494">
    <p class='ocr_par' dir='ltr' id='par_1_138' title="bbox 2186 4419 3825 4494">
     <span class='ocr_line' id='line_1_138' title="bbox 2186 4419 3825 4494; baseline 0.006 -22"><span class='ocrx_word' id='word_1_939' title='bbox 2186 4426 2352 4494; x_wconf 78' lang='lat' dir='ltr'>nocte</span> <span class='ocrx_word' id='word_1_940' title='bbox 2383 4420 2732 4488; x_wconf 90' lang='lat' dir='ltr'>intempesta</span> <span class='ocrx_word' id='word_1_941' title='bbox 2763 4419 3033 4494; x_wconf 84' lang='lat' dir='ltr'>visitatur</span> <span class='ocrx_word' id='word_1_942' title='bbox 3083 4438 3180 4488; x_wconf 89' lang='lat' dir='ltr'>per</span> <span class='ocrx_word' id='word_1_943' title='bbox 3229 4438 3499 4477; x_wconf 89' lang='lat' dir='ltr'>somnum</span> <span class='ocrx_word' id='word_1_944' title='bbox 3546 4422 3825 4494; x_wconf 81' lang='lat' dir='ltr'>Megalia:</span> 
     </span>
    </p>
   </div>
   <div class='ocr_carea' id='block_1_139' title="bbox 2182 4490 3829 4562">
    <p class='ocr_par' dir='ltr' id='par_1_139' title="bbox 2182 4490 3829 4562">
     <span class='ocr_line' id='line_1_139' title="bbox 2182 4490 3829 4562; baseline 0.004 -19"><span class='ocrx_word' id='word_1_945' title='bbox 2182 4490 2338 4545; x_wconf 88' lang='lat' dir='ltr'>videt</span> <span class='ocrx_word' id='word_1_946' title='bbox 2369 4503 2737 4561; x_wconf 84' lang='lat' dir='ltr'>apparentem</span> <span class='ocrx_word' id='word_1_947' title='bbox 2766 4491 2873 4545; x_wconf 80' lang='lat' dir='ltr'>sibi</span> <span class='ocrx_word' id='word_1_948' title='bbox 2905 4492 3184 4562; x_wconf 84' lang='lat' dir='ltr'>insignem</span> <span class='ocrx_word' id='word_1_949' title='bbox 3217 4496 3401 4548; x_wconf 90' lang='lat' dir='ltr'>virum</span> <span class='ocrx_word' id='word_1_950' title='bbox 3425 4494 3574 4560; x_wconf 91' lang='lat' dir='ltr'>visu,</span> <span class='ocrx_word' id='word_1_951' title='bbox 3599 4490 3829 4550; x_wconf 63' lang='lat' dir='ltr'>diaconi</span> 
     </span>
    </p>
   </div>
   <div class='ocr_carea' id='block_1_140' title="bbox 2182 4563 3830 4635">
    <p class='ocr_par' dir='ltr' id='par_1_140' title="bbox 2182 4563 3830 4635">
     <span class='ocr_line' id='line_1_140' title="bbox 2182 4563 3830 4635; baseline 0.005 -20"><span class='ocrx_word' id='word_1_952' title='bbox 2182 4563 2577 4635; x_wconf 69' lang='lat' dir='ltr'>praeferentem</span> <span class='ocrx_word' id='word_1_953' title='bbox 2614 4563 2898 4617; x_wconf 90' lang='lat' dir='ltr'>habitum.</span> <span class='ocrx_word' id='word_1_954' title='bbox 2930 4563 3034 4618; x_wconf 89' lang='lat' dir='ltr'>llla</span> <span class='ocrx_word' id='word_1_955' title='bbox 3066 4581 3198 4618; x_wconf 92' lang='lat' dir='ltr'>eum</span> <span class='ocrx_word' id='word_1_956' title='bbox 3234 4582 3436 4634; x_wconf 90' lang='lat' dir='ltr'>rogare</span> <span class='ocrx_word' id='word_1_957' title='bbox 3457 4567 3647 4635; x_wconf 70' lang='lat' dir='ltr'>cmpit,</span> <span class='ocrx_word' id='word_1_958' title='bbox 3673 4567 3830 4623; x_wconf 92' lang='lat' dir='ltr'>velut</span> 
     </span>
    </p>
   </div>
   <div class='ocr_carea' id='block_1_141' title="bbox 2179 4634 3830 4706">
    <p class='ocr_par' dir='ltr' id='par_1_141' title="bbox 2179 4634 3830 4706">
     <span class='ocr_line' id='line_1_141' title="bbox 2179 4634 3830 4706; baseline 0.002 -18"><span class='ocrx_word' id='word_1_959' title='bbox 2179 4634 2486 4703; x_wconf 87' lang='lat' dir='ltr'>quemdam</span> <span class='ocrx_word' id='word_1_960' title='bbox 2521 4635 2804 4690; x_wconf 91' lang='lat' dir='ltr'>medicum</span> <span class='ocrx_word' id='word_1_961' title='bbox 2837 4635 3222 4704; x_wconf 89' lang='lat' dir='ltr'>spiritualem,</span> <span class='ocrx_word' id='word_1_962' title='bbox 3253 4641 3313 4690; x_wconf 91' lang='lat' dir='ltr'>ut</span> <span class='ocrx_word' id='word_1_963' title='bbox 3341 4653 3406 4690; x_wconf 91' lang='lat' dir='ltr'>os</span> <span class='ocrx_word' id='word_1_964' title='bbox 3437 4634 3610 4690; x_wconf 86' lang='lat' dir='ltr'>suum</span> <span class='ocrx_word' id='word_1_965' title='bbox 3644 4637 3830 4706; x_wconf 89' lang='lat' dir='ltr'>inspi-</span> 
     </span>
    </p>
   </div>
   <div class='ocr_carea' id='block_1_142' title="bbox 2177 4706 3828 4778">
    <p class='ocr_par' dir='ltr' id='par_1_142' title="bbox 2177 4706 3828 4778">
     <span class='ocr_line' id='line_1_142' title="bbox 2177 4706 3828 4778; baseline 0.002 -19"><span class='ocrx_word' id='word_1_966' title='bbox 2177 4710 2350 4773; x_wconf 88' lang='lat' dir='ltr'>ceret,</span> <span class='ocrx_word' id='word_1_967' title='bbox 2385 4711 2441 4761; x_wconf 91' lang='lat' dir='ltr'>et</span> <span class='ocrx_word' id='word_1_968' title='bbox 2469 4706 2516 4762; x_wconf 90' lang='lat' dir='ltr'>si</span> <span class='ocrx_word' id='word_1_969' title='bbox 2550 4708 2904 4778; x_wconf 85' lang='lat' dir='ltr'>dignaretur,</span> <span class='ocrx_word' id='word_1_970' title='bbox 2940 4712 3191 4778; x_wconf 81' lang='lat' dir='ltr'>curaret.</span> <span class='ocrx_word' id='word_1_971' title='bbox 3223 4710 3437 4778; x_wconf 75' lang='lat' dir='ltr'>Verum</span> <span class='ocrx_word' id='word_1_972' title='bbox 3471 4707 3569 4760; x_wconf 89' lang='lat' dir='ltr'>ille</span> <span class='ocrx_word' id='word_1_973' title='bbox 3601 4723 3730 4778; x_wconf 84' lang='lat' dir='ltr'>mox</span> <span class='ocrx_word' id='word_1_974' title='bbox 3763 4719 3828 4762; x_wconf 86' lang='lat' dir='ltr'>ut</span> 
     </span>
    </p>
   </div>
   <div class='ocr_carea' id='block_1_143' title="bbox 2176 4776 3821 4848">
    <p class='ocr_par' dir='ltr' id='par_1_143' title="bbox 2176 4776 3821 4848">
     <span class='ocr_line' id='line_1_143' title="bbox 2176 4776 3821 4848; baseline 0.001 -17"><span class='ocrx_word' id='word_1_975' title='bbox 2176 4793 2241 4832; x_wconf 92' lang='lat' dir='ltr'>os</span> <span class='ocrx_word' id='word_1_976' title='bbox 2273 4779 2400 4848; x_wconf 78' lang='lat' dir='ltr'>eius</span> <span class='ocrx_word' id='word_1_977' title='bbox 2433 4776 2703 4848; x_wconf 70' lang='lat' dir='ltr'>inspexit,</span> <span class='ocrx_word' id='word_1_978' title='bbox 2735 4777 2898 4831; x_wconf 85' lang='lat' dir='ltr'>vultu</span> <span class='ocrx_word' id='word_1_979' title='bbox 2921 4793 3046 4831; x_wconf 88' lang='lat' dir='ltr'>eam</span> <span class='ocrx_word' id='word_1_980' title='bbox 3073 4776 3236 4830; x_wconf 84' lang='lat' dir='ltr'>hilari</span> <span class='ocrx_word' id='word_1_981' title='bbox 3263 4791 3582 4844; x_wconf 89' lang='lat' dir='ltr'>serenoque</span> <span class='ocrx_word' id='word_1_982' title='bbox 3605 4777 3821 4832; x_wconf 90' lang='lat' dir='ltr'>intuitu</span> 
     </span>
    </p>
   </div>
   <div class='ocr_carea' id='block_1_144' title="bbox 2177 4849 3820 4918">
    <p class='ocr_par' dir='ltr' id='par_1_144' title="bbox 2177 4849 3820 4918">
     <span class='ocr_line' id='line_1_144' title="bbox 2177 4849 3820 4918; baseline 0 -14"><span class='ocrx_word' id='word_1_983' title='bbox 2177 4850 2336 4904; x_wconf 56' lang='lat' dir='ltr'>ait”:</span> <span class='ocrx_word' id='word_1_984' title='bbox 2370 4850 2650 4918; x_wconf 83' lang='lat' dir='ltr'>Equidem</span> <span class='ocrx_word' id='word_1_985' title='bbox 2702 4849 2891 4901; x_wconf 87' lang='lat' dir='ltr'>adhuc</span> <span class='ocrx_word' id='word_1_986' title='bbox 2940 4863 3004 4901; x_wconf 90' lang='lat' dir='ltr'>os</span> <span class='ocrx_word' id='word_1_987' title='bbox 3054 4854 3216 4918; x_wconf 83' lang='lat' dir='ltr'>tuum</span> <span class='ocrx_word' id='word_1_988' title='bbox 3268 4863 3381 4900; x_wconf 93' lang='lat' dir='ltr'>non</span> <span class='ocrx_word' id='word_1_989' title='bbox 3426 4850 3684 4914; x_wconf 90' lang='lat' dir='ltr'>rectum;</span> <span class='ocrx_word' id='word_1_990' title='bbox 3719 4850 3820 4904; x_wconf 91' lang='lat' dir='ltr'>sed</span> 
     </span>
    </p>
   </div>
   <div class='ocr_carea' id='block_1_145' title="bbox 2175 4917 3820 4988">
    <p class='ocr_par' dir='ltr' id='par_1_145' title="bbox 2175 4917 3820 4988">
     <span class='ocr_line' id='line_1_145' title="bbox 2175 4917 3820 4988; baseline 0.001 -15"><span class='ocrx_word' id='word_1_991' title='bbox 2175 4937 2408 4974; x_wconf 87' lang='lat' dir='ltr'>sursum</span> <span class='ocrx_word' id='word_1_992' title='bbox 2435 4917 2715 4988; x_wconf 86' lang='lat' dir='ltr'>aspice,et</span> <span class='ocrx_word' id='word_1_993' title='bbox 2736 4918 2863 4972; x_wconf 91' lang='lat' dir='ltr'>vide</span> <span class='ocrx_word' id='word_1_994' title='bbox 2886 4918 3021 4988; x_wconf 87' lang='lat' dir='ltr'>quid</span> <span class='ocrx_word' id='word_1_995' title='bbox 3047 4917 3243 4972; x_wconf 88' lang='lat' dir='ltr'>volitet</span> <span class='ocrx_word' id='word_1_996' title='bbox 3260 4933 3433 4988; x_wconf 90' lang='lat' dir='ltr'>super</span> <span class='ocrx_word' id='word_1_997' title='bbox 3449 4923 3621 4986; x_wconf 88' lang='lat' dir='ltr'>caput</span> <span class='ocrx_word' id='word_1_998' title='bbox 3641 4922 3820 4975; x_wconf 89' lang='lat' dir='ltr'>tuum.</span> 
     </span>
    </p>
   </div>
   <div class='ocr_carea' id='block_1_146' title="bbox 2177 4988 3821 5062">
    <p class='ocr_par' dir='ltr' id='par_1_146' title="bbox 2177 4988 3821 5062">
     <span class='ocr_line' id='line_1_146' title="bbox 2177 4988 3821 5062; baseline 0.001 -17"><span class='ocrx_word' id='word_1_999' title='bbox 2177 4991 2462 5045; x_wconf 89' lang='lat' dir='ltr'>Continuo</span> <span class='ocrx_word' id='word_1_1000' title='bbox 2494 4989 2594 5062; x_wconf 89' lang='lat' dir='ltr'>illa</span> <span class='ocrx_word' id='word_1_1001' title='bbox 2625 5005 2800 5058; x_wconf 89' lang='lat' dir='ltr'>super</span> <span class='ocrx_word' id='word_1_1002' title='bbox 2829 5004 2892 5062; x_wconf 79' lang='lat' dir='ltr'>se</span> <span class='ocrx_word' id='word_1_1003' title='bbox 2919 4988 3146 5057; x_wconf 88' lang='lat' dir='ltr'>erigens</span> <span class='ocrx_word' id='word_1_1004' title='bbox 3170 4989 3389 5054; x_wconf 89' lang='lat' dir='ltr'>oculos,</span> <span class='ocrx_word' id='word_1_1005' title='bbox 3410 4989 3552 5044; x_wconf 91' lang='lat' dir='ltr'>vidit</span> <span class='ocrx_word' id='word_1_1006' title='bbox 3582 5006 3821 5062; x_wconf 85' lang='lat' dir='ltr'>serpen-</span> 
     </span>
    </p>
   </div>
   <div class='ocr_carea' id='block_1_147' title="bbox 2179 5059 3821 5131">
    <p class='ocr_par' dir='ltr' id='par_1_147' title="bbox 2179 5059 3821 5131">
     <span class='ocr_line' id='line_1_147' title="bbox 2179 5059 3821 5131; baseline 0.001 -16"><span class='ocrx_word' id='word_1_1007' title='bbox 2179 5066 2293 5115; x_wconf 89' lang='lat' dir='ltr'>tem</span> <span class='ocrx_word' id='word_1_1008' title='bbox 2329 5061 2640 5131; x_wconf 90' lang='lat' dir='ltr'>quemdam</span> <span class='ocrx_word' id='word_1_1009' title='bbox 2673 5059 3032 5131; x_wconf 85' lang='lat' dir='ltr'>teterrimum</span> <span class='ocrx_word' id='word_1_1010' title='bbox 3077 5076 3252 5130; x_wconf 88' lang='lat' dir='ltr'>supra</span> <span class='ocrx_word' id='word_1_1011' title='bbox 3283 5077 3344 5114; x_wconf 91' lang='lat' dir='ltr'>se</span> <span class='ocrx_word' id='word_1_1012' title='bbox 3377 5059 3695 5130; x_wconf 83' lang='lat' dir='ltr'>pennarum</span> <span class='ocrx_word' id='word_1_1013' title='bbox 3735 5078 3821 5117; x_wconf 91' lang='lat' dir='ltr'>re-</span> 
     </span>
    </p>
   </div>
   <div class='ocr_carea' id='block_1_148' title="bbox 2180 5130 3818 5202">
    <p class='ocr_par' dir='ltr' id='par_1_148' title="bbox 2180 5130 3818 5202">
     <span class='ocr_line' id='line_1_148' title="bbox 2180 5130 3818 5202; baseline 0.001 -16"><span class='ocrx_word' id='word_1_1014' title='bbox 2180 5130 2358 5201; x_wconf 88' lang='lat' dir='ltr'>migio</span> <span class='ocrx_word' id='word_1_1015' title='bbox 2384 5133 2738 5198; x_wconf 88' lang='lat' dir='ltr'>volitantem,</span> <span class='ocrx_word' id='word_1_1016' title='bbox 2784 5136 2957 5202; x_wconf 86' lang='lat' dir='ltr'>atque</span> <span class='ocrx_word' id='word_1_1017' title='bbox 3003 5130 3113 5186; x_wconf 90' lang='lat' dir='ltr'>huc</span> <span class='ocrx_word' id='word_1_1018' title='bbox 3145 5140 3194 5186; x_wconf 92' lang='lat' dir='ltr'>el</span> <span class='ocrx_word' id='word_1_1019' title='bbox 3227 5131 3370 5186; x_wconf 88' lang='lat' dir='ltr'>illuc</span> <span class='ocrx_word' id='word_1_1020' title='bbox 3402 5133 3678 5187; x_wconf 85' lang='lat' dir='ltr'>tortuosis</span> <span class='ocrx_word' id='word_1_1021' title='bbox 3706 5151 3818 5188; x_wconf 81' lang='lat' dir='ltr'>an-</span> 
     </span>
    </p>
   </div>
   <div class='ocr_carea' id='block_1_149' title="bbox 2181 5203 3820 5272">
    <p class='ocr_par' dir='ltr' id='par_1_149' title="bbox 2181 5203 3820 5272">
     <span class='ocr_line' id='line_1_149' title="bbox 2181 5203 3820 5272; baseline 0.001 -15"><span class='ocrx_word' id='word_1_1022' title='bbox 2181 5204 2460 5258; x_wconf 90' lang='lat' dir='ltr'>fractibus</span> <span class='ocrx_word' id='word_1_1023' title='bbox 2483 5203 2863 5258; x_wconf 83' lang='lat' dir='ltr'>oberrantem.</span> <span class='ocrx_word' id='word_1_1024' title='bbox 2881 5205 2951 5257; x_wconf 89' lang='lat' dir='ltr'>At</span> <span class='ocrx_word' id='word_1_1025' title='bbox 2974 5204 3268 5272; x_wconf 89' lang='lat' dir='ltr'>pavefacta</span> <span class='ocrx_word' id='word_1_1026' title='bbox 3294 5203 3535 5272; x_wconf 78' lang='lat' dir='ltr'>Megetis</span> <span class='ocrx_word' id='word_1_1027' title='bbox 3557 5203 3820 5258; x_wconf 89' lang='lat' dir='ltr'>horribili</span> 
     </span>
    </p>
   </div>
   <div class='ocr_carea' id='block_1_150' title="bbox 2181 5273 3821 5346">
    <p class='ocr_par' dir='ltr' id='par_1_150' title="bbox 2181 5273 3821 5346">
     <span class='ocr_line' id='line_1_150' title="bbox 2181 5273 3821 5346; baseline 0.001 -17"><span class='ocrx_word' id='word_1_1028' title='bbox 2181 5274 3094 5346; x_wconf 87' lang='lat' dir='ltr'>monstruosoquevisu,insignis</span> <span class='ocrx_word' id='word_1_1029' title='bbox 3118 5273 3274 5329; x_wconf 91' lang='lat' dir='ltr'>illius</span> <span class='ocrx_word' id='word_1_1030' title='bbox 3299 5275 3397 5328; x_wconf 91' lang='lat' dir='ltr'>viri</span> <span class='ocrx_word' id='word_1_1031' title='bbox 3418 5275 3821 5331; x_wconf 87' lang='lat' dir='ltr'>exhortatione</span> 
     </span>
    </p>
   </div>
   <div class='ocr_carea' id='block_1_151' title="bbox 2182 5346 3820 5415">
    <p class='ocr_par' dir='ltr' id='par_1_151' title="bbox 2182 5346 3820 5415">
     <span class='ocr_line' id='line_1_151' title="bbox 2182 5346 3820 5415; baseline 0.001 -14"><span class='ocrx_word' id='word_1_1032' title='bbox 2182 5347 2469 5414; x_wconf 87' lang='lat' dir='ltr'>ﬁrmatur,</span> <span class='ocrx_word' id='word_1_1033' title='bbox 2505 5348 2573 5400; x_wconf 89' lang='lat' dir='ltr'>ad</span> <span class='ocrx_word' id='word_1_1034' title='bbox 2607 5347 2793 5415; x_wconf 90' lang='lat' dir='ltr'>ipsam</span> <span class='ocrx_word' id='word_1_1035' title='bbox 2825 5347 3111 5401; x_wconf 90' lang='lat' dir='ltr'>dicentis:</span> <span class='ocrx_word' id='word_1_1036' title='bbox 3146 5346 3266 5401; x_wconf 86' lang='lat' dir='ltr'>Nisi</span> <span class='ocrx_word' id='word_1_1037' title='bbox 3301 5347 3457 5413; x_wconf 91' lang='lat' dir='ltr'>prius</span> <span class='ocrx_word' id='word_1_1038' title='bbox 3489 5347 3664 5401; x_wconf 88' lang='lat' dir='ltr'>istum</span> <span class='ocrx_word' id='word_1_1039' title='bbox 3699 5363 3820 5402; x_wconf 90' lang='lat' dir='ltr'>ser-</span> 
     </span>
    </p>
   </div>
   <div class='ocr_carea' id='block_1_152' title="bbox 2180 5417 3822 5488">
    <p class='ocr_par' dir='ltr' id='par_1_152' title="bbox 2180 5417 3822 5488">
     <span class='ocr_line' id='line_1_152' title="bbox 2180 5417 3822 5488; baseline 0.001 -15"><span class='ocrx_word' id='word_1_1040' title='bbox 2180 5427 2405 5488; x_wconf 88' lang='lat' dir='ltr'>penlem</span> <span class='ocrx_word' id='word_1_1041' title='bbox 2439 5418 2737 5484; x_wconf 89' lang='lat' dir='ltr'>occideris,</span> <span class='ocrx_word' id='word_1_1042' title='bbox 2770 5417 2962 5473; x_wconf 85' lang='lat' dir='ltr'>sanari</span> <span class='ocrx_word' id='word_1_1043' title='bbox 2995 5435 3107 5472; x_wconf 92' lang='lat' dir='ltr'>non</span> <span class='ocrx_word' id='word_1_1044' title='bbox 3143 5417 3378 5487; x_wconf 89' lang='lat' dir='ltr'>poteris.</span> <span class='ocrx_word' id='word_1_1045' title='bbox 3412 5418 3519 5471; x_wconf 91' lang='lat' dir='ltr'>Sed</span> <span class='ocrx_word' id='word_1_1046' title='bbox 3557 5418 3674 5474; x_wconf 90' lang='lat' dir='ltr'>noli</span> <span class='ocrx_word' id='word_1_1047' title='bbox 3704 5434 3822 5474; x_wconf 86' lang='lat' dir='ltr'>me-</span> 
     </span>
    </p>
   </div>
   <div class='ocr_carea' id='block_1_153' title="bbox 2179 5487 3822 5562">
    <p class='ocr_par' dir='ltr' id='par_1_153' title="bbox 2179 5487 3822 5562">
     <span class='ocr_line' id='line_1_153' title="bbox 2179 5487 3822 5562; baseline 0.001 -18"><span class='ocrx_word' id='word_1_1048' title='bbox 2179 5487 2364 5562; x_wconf 84' lang='lat' dir='ltr'>tuere,</span> <span class='ocrx_word' id='word_1_1049' title='bbox 2399 5490 2529 5544; x_wconf 89' lang='lat' dir='ltr'>forti</span> <span class='ocrx_word' id='word_1_1050' title='bbox 2560 5489 2755 5562; x_wconf 90' lang='lat' dir='ltr'>animo</span> <span class='ocrx_word' id='word_1_1051' title='bbox 2789 5489 2870 5544; x_wconf 90' lang='lat' dir='ltr'>illi</span> <span class='ocrx_word' id='word_1_1052' title='bbox 2903 5490 3270 5562; x_wconf 80' lang='lat' dir='ltr'>congredere,</span> <span class='ocrx_word' id='word_1_1053' title='bbox 3303 5496 3355 5544; x_wconf 90' lang='lat' dir='ltr'>et</span> <span class='ocrx_word' id='word_1_1054' title='bbox 3386 5487 3622 5562; x_wconf 86' lang='lat' dir='ltr'>omnino</span> <span class='ocrx_word' id='word_1_1055' title='bbox 3647 5505 3822 5562; x_wconf 89' lang='lat' dir='ltr'>supe-</span> 
     </span>
    </p>
   </div>
   <div class='ocr_carea' id='block_1_154' title="bbox 2182 5560 3822 5631">
    <p class='ocr_par' dir='ltr' id='par_1_154' title="bbox 2182 5560 3822 5631">
     <span class='ocr_line' id='line_1_154' title="bbox 2182 5560 3822 5631; baseline 0.001 -15"><span class='ocrx_word' id='word_1_1056' title='bbox 2182 5561 2359 5617; x_wconf 87' lang='lat' dir='ltr'>rabis.</span> <span class='ocrx_word' id='word_1_1057' title='bbox 2395 5563 2515 5627; x_wconf 91' lang='lat' dir='ltr'>Quo</span> <span class='ocrx_word' id='word_1_1058' title='bbox 2547 5561 2766 5626; x_wconf 88' lang='lat' dir='ltr'>audito,</span> <span class='ocrx_word' id='word_1_1059' title='bbox 2801 5560 3046 5631; x_wconf 73' lang='lat' dir='ltr'>Megetis.</span> <span class='ocrx_word' id='word_1_1060' title='bbox 3086 5560 3221 5615; x_wconf 91' lang='lat' dir='ltr'>ﬁdei</span> <span class='ocrx_word' id='word_1_1061' title='bbox 3269 5576 3384 5614; x_wconf 65' lang='lat' dir='ltr'>suae</span> <span class='ocrx_word' id='word_1_1062' title='bbox 3436 5561 3639 5615; x_wconf 91' lang='lat' dir='ltr'>robore</span> <span class='ocrx_word' id='word_1_1063' title='bbox 3668 5560 3822 5618; x_wconf 48' lang='lat' dir='ltr'>et&#39;de</span> 
     </span>
    </p>
   </div>
   <div class='ocr_carea' id='block_1_155' title="bbox 2179 5631 3823 5706">
    <p class='ocr_par' dir='ltr' id='par_1_155' title="bbox 2179 5631 3823 5706">
     <span class='ocr_line' id='line_1_155' title="bbox 2179 5631 3823 5706; baseline 0.002 -18"><span class='ocrx_word' id='word_1_1064' title='bbox 2179 5633 2326 5688; x_wconf 88' lang='lat' dir='ltr'>tanti</span> <span class='ocrx_word' id='word_1_1065' title='bbox 2350 5632 2633 5702; x_wconf 86' lang='lat' dir='ltr'>adjutoris</span> <span class='ocrx_word' id='word_1_1066' title='bbox 2663 5631 2755 5687; x_wconf 88' lang='lat' dir='ltr'>sui</span> <span class='ocrx_word' id='word_1_1067' title='bbox 2803 5636 3031 5688; x_wconf 88' lang='lat' dir='ltr'>armata</span> <span class='ocrx_word' id='word_1_1068' title='bbox 3066 5631 3444 5704; x_wconf 88' lang='lat' dir='ltr'>protectione,</span> <span class='ocrx_word' id='word_1_1069' title='bbox 3490 5635 3718 5706; x_wconf 87' lang='lat' dir='ltr'>arrepta</span> <span class='ocrx_word' id='word_1_1070' title='bbox 3763 5633 3823 5691; x_wconf 87' lang='lat' dir='ltr'>in</span> 
     </span>
    </p>
   </div>
   <div class='ocr_carea' id='block_1_156' title="bbox 2247 5813 2659 5874">
    <p class='ocr_par' dir='ltr' id='par_1_156' title="bbox 2247 5813 2659 5874">
     <span class='ocr_line' id='line_1_156' title="bbox 2247 5813 2659 5874; baseline -0.005 -11"><span class='ocrx_word' id='word_1_1071' title='bbox 2247 5816 2264 5850; x_wconf 73' lang='grc' dir='ltr'>ί</span> <span class='ocrx_word' id='word_1_1072' title='bbox 2295 5813 2466 5874; x_wconf 87' lang='lat' dir='ltr'>Forte,</span> <span class='ocrx_word' id='word_1_1073' title='bbox 2494 5815 2659 5873; x_wconf 76' lang='lat' dir='ltr'>facto.</span> 
     </span>
    </p>
   </div>
   <div class='ocr_carea' id='block_1_157' title="bbox 2248 5876 2760 5935">
    <p class='ocr_par' dir='ltr' id='par_1_157' title="bbox 2248 5876 2760 5935">
     <span class='ocr_line' id='line_1_157' title="bbox 2248 5876 2760 5935; baseline -0.002 -10"><span class='ocrx_word' id='word_1_1074' title='bbox 2248 5877 2268 5910; x_wconf 68' lang='lat'><strong>2</strong></span> <span class='ocrx_word' id='word_1_1075' title='bbox 2299 5878 2468 5935; x_wconf 81' lang='lat' dir='ltr'>Forte,</span> <span class='ocrx_word' id='word_1_1076' title='bbox 2503 5876 2760 5924; x_wconf 67' lang='lat' dir='ltr'>intuitus.</span> 
     </span>
    </p>
   </div>
  </div>
