4146 6198
371 209 490 270 847

371 351 626 414 tempore
674 339 921 414 sibimet
953 336 1107 392 velut
1149 335 1311 408 virga
1349 336 1579 414 oblata,
1609 340 1812 392 contra
1830 334 2005 414 illum

368 409 675 470 draconem
730 411 1092 467 teterrimum
1151 414 1206 462 et
1253 409 1750 464 tortuosissimum
1811 411 2006 460 decer-

366 487 528 540 tavit.
563 488 766 550 Quem,
800 482 906 536 etsi
939 481 1036 534 diu
1060 479 1306 535 exercita
1333 481 1553 553 diuque
1580 481 1650 535 ab
1686 479 2007 553 reluctante

364 549 686 612 adversario
714 549 1101 617 delassata,ad
1127 549 1692 618 extremum'tamen,
1718 551 1817 605 ubi
1841 549 2006 602 illum

361 630 424 683 in
457 629 639 699 capite
663 626 970 697 percussit,
994 625 1268 678 continuo
1294 625 1616 699 prostravit.
1639 624 1764 699 Qqu
1786 621 2007 699 trepido

363 693 572 769 gaudio
586 693 1007 770 expergefacta,
1024 700 1204 770 strato
1217 693 1482 770 exsiliens
1505 695 1814 770 evigilavit.
1833 693 1908 748 Cu
1921 707 1972 745 m
1989 721 2005 733 ο

365 767 478 842 que
509 767 714 825 somnii
740 769 827 842 sui
859 768 995 838 quid
1021 767 1162 842 ratio
1195 769 1562 842 portenderet
1579 768 2008 842 cogitaret,ne_c

367 835 592 913 liquido
625 835 947 910 intelligere
976 835 1269 913 valuisset,
1299 840 1515 913 exinde
1551 835 1731 913 oravit
1760 835 2006 913 visitari,

365 907 1170 982 contirmariquevpoposcit1,
1193 928 1256 965 ac
1281 911 1488 964 deinde
1511 927 1571 964 se
1595 909 1772 982 quieti
1798 907 2011 978 permi-

365 986 460 1040 sit.
478 987 617 1040 Ecce
637 981 1171 1038 denuovidetillum
1189 983 1464 1037 decorum
1492 982 1689 1036 habitu
1709 981 2008 1049 juvenem,

363 1055 530 1111 nivea
577 1061 732 1111 veste
773 1055 1113 1124 fulgentem,
1164 1070 1229 1107 ac
1279 1055 1470 1107 statim
1517 1054 1730 1122 jacenti
1774 1050 2010 1104 sibimet

361 1127 522 1182 velut
554 1143 722 1182 manu
758 1130 1041 1197 porrecta,
1088 1124 1308 1197 audivit
1341 1124 2013 1197 jubentemipariterque

362 1200 646 1255 dicentem
677 1215 687 1251 :
720 1194 921 1268 Surge,
950 1197 1033 1251 sic
1083 1194 1352 1252 curaris.‘
1382 1203 1450 1250 At
1482 1212 1610 1250 vero
1652 1194 1915 1265 Megetia,
1951 1194 2014 1246 ut

365 1275 497 1326 ante
519 1271 741 1326 medico
767 1269 984 1324 homini
1013 1269 1195 1322 facere
1218 1275 1616 1334 consueverat,
1633 1270 1818 1336 capite
1842 1279 2012 1336 oppo-

363 1343 496 1407 sito,
539 1342 704 1415 quasi
755 1342 1000 1396 fovenda
1049 1357 1149 1415 ora
1199 1341 1386 1415 suaei
1419 1335 1714 1393 olferebat.
1747 1337 1859 1415 Sed.
1892 1335 2009 1415 ille,

365 1407 571 1484 utpote.
598 1413 939 1484 ignorantis
999 1412 1294 1479 corrigens
1320 1412 1556 1475 factum,
1594 1407 1889 1484 respondit
1921 1407 2009 1458 ei-

365 1478 533 1540 de'm:
566 1478 784 1554 ,thuid
839 1485 945 1537 hoc
999 1478 1184 1537 facis?
1215 1484 1381 1535 Prius
1415 1488 1553 1536 sunt
1585 1478 1870 1554 tibioculi
1903 1493 2011 1531 eu-

368 1555 553 1608 randi.
575 1551 677 1608 llla
697 1556 1102 1608 retulitdicens
1121 1571 1132 1606 :
1151 1554 1392 1607 Domine
1417 1569 1601 1614 meus,
1619 1551 1816 1606 oculos
1840 1565 2015 1603 sanos

369 1625 575 1696 habeo,
609 1626 705 1696 sed
740 1631 803 1696 ut
835 1642 898 1696 os
931 1641 1124 1696 meum
1176 1641 1342 1696 cures
1388 1640 1548 1696 rogo.
1591 1623 1658 1675 Et
1691 1621 1823 1696 ille:
1860 1620 2012 1696 tiam,

369 1692 580 1762 inquit,
604 1695 708 1748 tibi
735 1695 870 1759 dixi,
900 1695 1060 1762 prius
1084 1700 1222 1747 sunt
1245 1694 1302 1746 in
1323 1702 1374 1747 te
1397 1693 1545 1746 oculi
1575 1692 1834 1745 curandi.
1859 1695 2016 1744 Tunc

369 1712 430 1748 1n
479 1712 580 1759 υιι,
604 1712 708 1748 uni
735 1712 870 1759 uixi,
900 1712 1060 1762 prius
1084 1712 1222 1747 sunt
1245 1712 1302 1746 1n
1323 1712 1374 1747 ιε
1397 1712 1545 1746 ocuu
1575 1712 1834 1745 curandi.
1870 1712 1886 1741 ι
1906 1712 2016 1744 unc

369 1712 530 1824 vagiat
560 1765 811 1818 ccelestis
843 1763 1188 1829 arehiatrus,
1224 1763 1432 1833 spiritu
1465 1763 1656 1818 cordis
1681 1766 1907 1833 secreta,
1932 1761 2017 1814 in-

371 1836 734 1905 trospiciens,
796 1837 959 1904 quasi
1027 1839 1213 1887 cutem
1250 1831 1666 1905 fmedicinalem
1714 1831 2014 1905 collyrium

373 1903 675 1977 imposuit,
708 1903 906 1960 oculos
940 1921 1138 1977 super
1161 1904 1368 1977 linivit,
1403 1910 1579 1977 atque
1625 1903 1887 1977 discessit
1921 1904 2015 1977 (a_).

372 1973 582 2032 Verum
604 1992 734 2031 cum
761 1991 930 2036 mane
956 1975 1102 2028 facto
1130 1975 1233 2028 hoc
1258 1975 1446 2045 ipsum
1481 1973 1747 2045 religiosa
1772 1973 2019 2045 Megetia

373 2047 666 2103 somnium
701 2063 872 2100 suum
907 2044 1425 2100 cbarissimis’suis
1449 2050 1504 2099 et
1527 2044 1915 2099 sanctissimis
1942 2045 2018 2097 fe-

375 2119 548 2173 minis
581 2116 884 2182 indicaret,
916 2118 973 2171 in
1007 2117 1132 2187 ipso
1181 2133 1451 2172 sermone
1497 2118 1848 2170 narrationis
1884 2131 2017 2187 suae

373 2190 524 2244 ultro
555 2189 727 2243 corde
757 2186 1071 2259 compunt’a
1100 2193 1155 2242 et
1201 2189 1506 2258 cujusdam
1558 2187 1772 2256 peccati
1807 2186 1897 2241 sui
1928 2203 2020 2240 re-

375 2261 708 2316 cordatione
739 2260 932 2314 subito
965 2259 1283 2325 stimulata,
1339 2265 1637 2330 peccatum
1671 2274 1841 2314 suum
1884 2274 2020 2312 con-

376 2333 520 2387 ﬁteri
557 2348 670 2386 non
695 2330 940 2398 distulit,
973 2332 1094 2396 sed,
1125 2331 1276 2385 sicut
1308 2333 1589 2400 scriptum
1615 2336 1724 2395 est,
1748 2330 2018 2384 delictum

380 2420 552 2459 suum
604 2405 852 2472 agnovit,
903 2408 958 2457 et
1011 2402 1355 2471 injustitiam
1425 2419 1588 2456 suam
1633 2418 1748 2456 non
1797 2401 2024 2472 aperuit

379 2477 552 2545 (Psal.
587 2491 741 2539 xxxx,
772 2475 848 2546 5).
893 2474 1030 2529 Ecce
1059 2491 1192 2544 ergo
1225 2474 1321 2543 qui
1357 2473 1438 2528 illi
1473 2473 1827 2546 erantoculi
1864 2475 2022 2546 prius

379 2547 642 2611 curandi,
679 2545 1026 2615 non'utique
1058 2551 1335 2615 corporis,
1372 2547 1470 2599 sed
1505 2545 1718 2611 cordis,
1751 2545 1928 2615 quod,
1961 2549 2024 2598 ut

377 2617 692 2686 spiritualis
715 2619 993 2682 medicus,
1018 2617 1304 2687 gloriosus
1325 2618 1652 2687 Stephanus
1679 2617 2022 2685 pronuntia-

375 2691 460 2743 vit
490 2689 571 2743 illi
595 2690 794 2743 dicens
820 2705 832 2742 :
869 2689 1033 2744 Prius
1056 2697 1194 2744 sunt
1217 2689 1321 2743 tibi
1347 2688 1495 2743 oculi
1523 2687 2022 2741 curandi.Sanan-

379 2762 517 2816 dum
556 2760 773 2830 quippe
803 2771 923 2815 erat
955 2762 1106 2831 quod
1152 2761 1427 2814 vitiosum
1472 2760 1686 2814 latebat
1715 2759 1773 2812 in
1809 2764 2022 2822 mente,

377 2834 542 2886 utsic
566 2835 793 2886 demum
807 2843 1108 2886 sanaretur
1127 2833 1276 2902 quod
1293 2834 1660 2902 depravatum
1683 2831 2027 2885 cernebatur

357 2904 435 2958 'in
489 2920 745 2972 corpore.
784 2905 926 2958 Hinc
981 2903 1075 2957 ille
1126 2919 1358 2973 quoque
1389 2903 1727 2957 teterrimus
1760 2917 2024 2971 serpens,

379 2975 478 3046 qui
512 2991 685 3044 super
718 2981 891 3044 caput
922 2975 1219 3037 volitabat,
1253 2975 1386 3044 quia
1417 2973 1796 3046 principalem
1842 2973 2027 3046 ratio-

379 3046 528 3100 nalis
561 3047 766 3100 animm
803 3052 1053 3101 mentem
1075 3047 1392 3108 obtinebat,
1426 3045 1815 3099 conterendus
1841 3045 2026 3098 fuerat

378 3124 435 3172 et
465 3117 805 3172 vincendos.
859 3120 998 3172 Dum
1053 3118 1208 3171 enim
1260 3121 1454 3170 reatus
1507 3117 1792 3185 cujusque
1832 3115 2024 3169 delicti

385 3189 684 3243 humiliter
715 3190 1066 3258 agnoscitur,
1082 3195 1252 3259 caput
1273 3187 1491 3242 colubri
1513 3185 1844 3259 pmnitendo
1866 3203 2030 3256 quas-

384 3265 564 3328 satur,
597 3262 786 3315 cordis
830 3263 1035 3314 oculus
1083 3258 1409 3314 conﬁtendo
1459 3264 1758 3328 purgatur.
1797 3258 2024 3312 Duode-

384 3332 531 3386 cimo
564 3333 740 3401 igitur
771 3332 881 3400 die,
933 3348 1001 3386 ex
1046 3348 1160 3402 quo
1209 3348 1341 3402 cum
1392 3347 1498 3385 sua
1529 3331 1597 3384 ad
1633 3329 1892 3384 Amicum
1927 3328 2028 3385 Dei

383 3411 618 3458 venerat
647 3407 845 3467 matre,
876 3405 1016 3458 dum
1048 3401 1175 3458 erat
1216 3404 1282 3457 ad
1329 3401 1520 3456 locum
1555 3409 1792 3456 sacrata:
1823 3405 2030 3455 Memo-

383 3474 478 3528 ria:
511 3474 750 3545 pulsans
783 3475 913 3529 fidei
948 3475 1178 3544 pietate,
1214 3491 1326 3528 non
1362 3474 1550 3528 solum
1574 3473 1780 3545 affectu
1814 3473 2023 3545 cordis,

378 3543 577 3601 verum
612 3546 785 3600 etiam
832 3543 991 3600 motu
1046 3545 1321 3614 corporis,
1355 3545 1479 3615 ipsa
1511 3543 1714 3615 ostiola
1743 3543 2025 3598 Memoriae

376 3617 630 3686 impulsa
664 3618 954 3687 patefecit,
991 3635 1055 3672 ac
1085 3618 1196 3669 vim
1234 3614 1446 3670 faciens
1488 3631 1664 3682 regno
1697 3614 1817 3680 Dei,
1853 3619 2028 3684 caput

379 3705 549 3743 suum
575 3689 889 3744 intromisit
912 3689 1174 3753 interius,
1201 3694 1254 3742 et
1278 3704 1453 3756 super
1474 3687 1660 3740 cubile
1688 3690 2023 3740 sanctarum

380 3761 756 3830 reliquiarum
791 3761 1049 3824 confixit,
1084 3759 1482 3830 lacrymisque
1515 3759 1638 3830 suis
1677 3757 1874 3812 omnia
1909 3758 2026 3830 illic

379 3831 536 3898 lavit,
570 3835 741 3902 atque
775 3833 996 3903 rigavit.
1031 3833 1234 3886 Verum
1269 3847 1397 3903 ecce
1429 3829 1816 3903 illoAdesuper
1857 3829 2025 3903 mise-

377 3909 538 3957 rante
570 3900 666 3973 qui
693 3900 1124 3974 apprbpinquat
1143 3900 1794 3974 contritiscordetf’sal.
1821 3902 2026 3970 CXLVI).

376 3971 622 4044 Megetia
654 3971 1270 4044 famula—Dei‘quadam
1306 3972 1416 4026 sibi
1445 3971 1733 4044 visibiliet
1762 3976 2026 4044 attrecta-

376 4043 688 4100 bilimanu
715 4064 779 4100 os
810 4063 978 4100 suum
1014 4045 1221 4115 corrigi
1254 4050 1309 4098 et
1331 4043 1683 4111 compalpari
1712 4043 2020 4112 persensit.

375 4118 506 4181 Quae
542 4123 920 4188 posteaquam
957 4118 1028 4172 ab
1059 4117 1320 4171 oratione
1343 4115 1612 4188 surrexit,
1637 4115 2024 4168 circumstan-

373 4186 1076 4257 tibus‘cboris—virginum
1124 4194 1481 4249 sanctarum,
1535 4186 1870 4254 ibidemque
1923 4203 2022 4254 pro

372 4259 474 4314 illa
505 4265 561 4314 et
596 4278 725 4314 cum
762 4260 861 4315 illa
894 4263 1006 4316 Deo
1049 4260 1249 4313 laudes
1298 4258 1640 4322 dicentium,
1683 4262 1936 4310 tremens
1965 4263 2022 4311 et

373 4333 632 4400 gaudens
668 4332 773 4385 hoc
805 4333 993 4398 ipsum
1024 4331 1316 4384 indicavit.
1345 4330 1520 4392 Quale
1541 4334 1675 4400 tunc
1699 4333 2020 4400 quantum-

375 4398 488 4470 que
523 4403 576 4452 in
613 4403 885 4454 omnibus
916 4401 1211 4456 mentibus
1247 4401 1413 4453 fuerit
1445 4399 1744 4465 gaudium,
1771 4404 1825 4450 et
1849 4398 2022 4453 ﬂendi

372 4479 504 4524 ante
538 4474 726 4538 ipsum
761 4472 940 4526 Deum
974 4470 1309 4526 excitaverit
1362 4471 1653 4536 affectum,
1690 4471 1776 4523 vix
1811 4473 2024 4540 poterit

369 4542 665 4606 exphcarL

436 4614 489 4668 7.
523 4614 632 4668 Sed
659 4617 968 4685 antequam
992 4617 1170 4685 gestm
1197 4613 1272 4666 rei
1299 4613 1367 4666 ad
1396 4612 1565 4666 tinem
1591 4612 2018 4685 Optatissimum

366 4687 690 4753 veniamus,
727 4683 826 4741 ubi
864 4683 1091 4756 plenum
1138 4685 1565 4755 perfectamque
1607 4683 2018 4756 salutemreli-

366 4760 538 4825 giosae
574 4754 1077 4829 MegetizefAmico
1111 4754 1203 4811 Dei
1241 4761 1480 4829 curante
1503 4761 1676 4825 atque
1699 4754 2017 4829 auxiliante

369 4830 423 4882 in
462 4827 694 4884 nomine
743 4831 979 4899 Christi,
1027 4828 1479 4884 demonstraturi
1515 4844 1736 4893 sumus,
1771 4828 1919 4896 quod
1954 4827 2010 4880 in

371 4901 554 4955 medio
578 4901 753 4970 hujus
777 4903 930 4956 aliud
950 4902 1285 4955 mirabiliter
1307 4901 1629 4966 contigerit,
1648 4913 2011 4970 nequaquam

369 4972 662 5040 praeterire
689 4974 983 5026 debemus.
1012 4974 1149 5025 Cum
1186 4974 1361 5026 ferme
1394 4971 1773 5041 quadraginta
1807 4970 2014 5024 diebus

368 5042 521 5096 circa
563 5044 744 5097 sancti
776 5043 1043 5112 Martyris
1077 5044 1260 5096 locum
1297 5046 1512 5096 orando
1564 5048 1748 5095 mater
1777 5042 2016 5109 filiaque

369 5115 761 5184 persisterent,
795 5131 925 5170 ecce
954 5125 1182 5185 repente
1215 5114 1583 5168 venientibus
1606 5113 1833 5169 litteris.
1868 5114 2010 5166 sibi~

365 5192 483 5238 met
513 5185 858 5248 Carthagine
890 5187 1142 5251 directis,
1179 5203 1292 5255 quo
1327 5191 1488 5254 pater
1523 5185 1726 5255 puellm
1763 5185 2010 5238 honora-

365 5257 501 5309 bilis
518 5256 753 5312 Pontius
775 5259 1063 5311 diceretur
1081 5273 1317 5324 corpore
1341 5261 1630 5326 aegrotare,
1648 5257 1716 5309 ad
1743 5256 2012 5309 eumdem

363 5329 667 5382 visendum
703 5331 772 5383 de
795 5328 1061 5384 Uzalensi
1084 5328 1313 5382 civitate
1333 5330 1597 5397 profectae
1622 5333 1775 5380 sunt.
1794 5331 2010 5380 Verum

361 5416 489 5454 cum
527 5401 583 5453 in
621 5402 808 5454 medio
842 5399 1087 5460 itineris.
1125 5409 1366 5452 azstuum
1403 5416 1594 5460 causa.
1633 5399 1855 5452 fovendi
1883 5414 2010 5452 cor-

360 5472 513 5539 poris
546 5472 727 5539 gratia
758 5471 1000 5526 lavacris
1033 5471 1112 5525 uti
1147 5471 1499 5535 voluissent;
1553 5471 1739 5524 adfuit
1770 5470 1825 5522 in
1863 5486 2011 5536 pra)-

357 5542 798 5624 senti_qua3dam
833 5542 1152 5624 domestica
1181 5543 1253 5596 ab
1285 5541 1527 5624 infidelli
1560 5542 1789 5624 cogpita
1822 5541 2010 5624 Mege-

357 5611 439 5662 tia
470 5617 525 5662 et
555 5611 612 5663 in
646 5615 872 5667 obviam
913 5614 1092 5668 missa
1115 5615 1157 5678 ³,
1192 5630 1304 5668 non
1358 5619 1475 5667 tam
1510 5613 1580 5665 ad
1611 5612 2005 5672 salutandum.

359 5693 536 5746 quam
571 5681 763 5745 potius
795 5685 864 5736 ad
898 5685 1340 5750 eXplorandum.
1375 5687 1508 5747 Quae
1551 5700 1682 5736 cum
1720 5683 2008 5738 curiosius

429 5774 444 5805 ί
501 5771 666 5839 Juxta
712 5774 891 5839 Morel,
935 5778 1096 5826 Elem.
1147 5779 1272 5828 Crit.
1323 5793 1473 5839 pagg.
1523 5778 1633 5830 359,
1681 5778 1792 5838 360,
1834 5780 2010 5839 legen-

362 5832 492 5902 dum
520 5835 602 5878 est
629 5843 642 5876 :
674 5832 995 5886 exinde’ora
1039 5839 1259 5888 visitari
1291 5832 1728 5902 οὸηἶῧπνηανίᾳυε
1744 5832 2007 5902 ροροῖσίτ.

366 5892 453 6019 ΜΞ
480 5951 652 6019 Ferte,
682 5957 1198 6019 cogmta_Megctiae
1226 5961 1288 6011 in
1317 5961 1534 6012 obviam
1560 5961 1748 6012 missa.

435 6013 510 6097 Et“)
536 6012 702 6061 Locus
730 6016 1022 6076 corruptas.

1101 196 1517 258 APPENDIX.
1565 227 1639 240 —
1683 193 1783 254 DE
1826 191 2280 260 MIRACULUS
2328 199 2607 262 SANCTI
2651 195 3038 260 STEPHANI

3638 195 3759 257 848

2119 336 2354 402 caperet
2404 332 2716 388 benedictae
2773 331 3024 402 Megetite
3081 328 3238 402 nuda
3293 345 3394 385 ora
3446 328 3764 402 vultusque

2119 399 2476 472 conspicere,
2510 405 2740 459 intravit
2770 399 2902 459 eum
2936 418 3003 458 ea
3042 402 3099 456 in
3138 401 3475 470 obsequium
3501 401 3540 468 ¹,
3573 407 3632 454 et
3665 399 3762 454 ubi

2119 483 2402 544 quantum
2430 475 2608 531 voluit
2639 479 2694 530 in
2728 477 2928 531 faciem
2949 472 3182 529 famulae
3211 473 3304 528 Dei
3327 475 3591 536 intendit,
3615 488 3767 542 pror-

2118 563 2220 600 sus
2254 548 2541 618 integrum
2571 547 2804 603 sibimet
2834 561 3115 618 apparens
3147 561 3211 618 os
3235 545 3492 615 Megetiae
3524 561 3764 618 sanum-

2117 633 2226 690 que
2258 616 2578 690 conspexit.
2612 623 2733 686 Quo
2764 616 3335 690 viso,’obstupefaeta
3357 623 3534 690 atque
3560 617 3767 690 mirata

2117 687 2214 743 illa
2245 687 2583 754 domestica,
2619 707 2744 761 quin
2779 689 2934 744 aliud
2984 703 3161 759 quam
3206 687 3478 758 sperabat
3523 687 3763 761 invenit,

2118 763 2392 817 continuo
2424 764 2491 816 ad
2527 759 2840 832 quamdam
2868 761 3030 830 juxta
3047 766 3295 832 stantem
3331 775 3558 814 sacram
3582 759 3768 832 virgi-

2120 847 2250 886 nem
2283 829 2566 888 convertit
2597 849 2742 898 sese,
2776 837 2831 888 et
2860 829 3205 888 nominatim
3246 846 3376 886 eam
3413 829 3766 901 compellans

2121 904 2237 958 ait:
2275 907 2471 959 Infans
2521 905 2882 974 Helpidiana,
2935 919 3078 957 sana
3123 906 3208 956 est
3259 919 3496 974 prorsus
3529 903 3768 957 domina

2120 977 2378 1100 Megetis.
2411 978 2502 1030 Sic
2532 973 2686 1032 enim
2734 976 2831 1030 Dei
2881 974 3067 1046 gratia
3119 973 3349 1044 vigebat
3398 973 3456 1028 in
3500 974 3765 1044 Megetis,

2123 1054 2187 1100 ut
2253 1050 2381 1100 icct.
2409 1050 2534 1100 eius
2562 1047 2785 1100 nlenior
2817 1062 2954 1100 cura
2983 1045 3041 1099 in
3073 1060 3313 1100 corpore
3345 1060 3414 1098 ex
3450 1052 3612 1100 parte
3657 1044 3765 1100 ali-

2123 1054 2187 1102 ut
2215 1044 2381 1113 licct,
2409 1050 2534 1117 ejus
2562 1047 2785 1118 plenior
2817 1044 2954 1101 cura
2983 1045 3041 1099 in
3073 1060 3313 1118 corpore
3345 1060 3414 1118 ex
3450 1052 3612 1116 parte
3657 1044 3768 1100 ali-

2123 1136 2234 1188 qua
2265 1117 2617 1186 differretur,
2650 1119 2900 1190 perfecta
2924 1123 3121 1190 tamen
3136 1117 3418 1190 sanitatis
3439 1118 3663 1185 species
3684 1132 3766 1190 re;

2122 1187 2497 1246 verberandis
2528 1187 2962 1245 incredulorum
2995 1187 3178 1243 oculis
3209 1187 3578 1258 objiceretur.
3603 1189 3766 1252 Quod

2123 1262 2222 1317 illa
2253 1262 2464 1316 ancilla
2498 1262 2591 1317 Dei
2623 1261 2953 1332 intelligens
2981 1274 3247 1332 magnum
3269 1261 3617 1330 mysterium
3643 1260 3766 1332 Dei,

2125 1332 2207 1388 illi
2263 1333 2613 1388 mulierculae
2671 1330 2971 1404 respondit
3036 1330 3272 1386 dicens:
3314 1333 3627 1399 lncreduli,
3685 1331 3772 1387 vel

2127 1405 2294 1459 modo
2327 1405 2559 1459 credite.

2195 1477 2248 1530 8.
2282 1477 2493 1530 Rursus
2526 1475 2676 1546 apud
2709 1473 3116 1544 Carthaginem
3148 1489 3280 1527 cum
3315 1474 3618 1530 benedicta
3657 1474 3769 1529 Me-

2127 1548 2275 1617 getia
2307 1547 2554 1617 quadam
2587 1547 2678 1600 die
2725 1563 2854 1601 cum
2888 1549 3008 1599 viro
3040 1561 3146 1600 suo
3179 1561 3403 1615 pagano
3443 1562 3768 1601 sermonem

2129 1619 2434 1686 conferret,
2467 1624 2522 1672 et
2561 1619 2711 1672 inter
2743 1618 2962 1672 fabulas
2992 1617 3131 1670 dum
3181 1621 3300 1672 viro
3349 1634 3456 1671 suo
3489 1634 3585 1674 ore
3626 1617 3771 1672 inte-

2128 1706 2230 1760 gro
2261 1691 2536 1759 vultuque
2567 1695 2894 1760 appareret,
2945 1696 3270 1744 commotus
3301 1688 3402 1742 tali
3432 1689 3656 1744 visione
3685 1690 3774 1743 vir

2128 1762 2253 1830 ejus
2303 1761 2576 1830 gratulari
2627 1761 2800 1832 cmpit
2838 1777 2914 1832 ac
2962 1760 3189 1832 dicere:
3224 1761 3467 1832 Domina
3507 1760 3770 1829 Megetis,

2129 1848 2332 1886 sanam
2368 1837 2421 1886 te
2454 1849 2695 1903 prorsus
2722 1831 2960 1903 aspicio.
2989 1831 3201 1886 Verum
3227 1831 3320 1884 illa
3346 1833 3771 1888 dissimulando

2129 1903 2360 1956 interim
2393 1902 2592 1973 tegens
2622 1905 2770 1973 quod
2805 1902 3000 1956 divina
3028 1903 3210 1957 virtus
3235 1904 3294 1958 in
3316 1919 3377 1957 se
3409 1904 3771 1958 demonstra-

2133 1973 2249 2040 bat,
2270 1976 2566 2046 sermonis
2598 1975 2688 2028 sui
2722 1990 2956 2029 cursum
3003 1975 3254 2030 tenebat.
3308 1975 3628 2046 Itidemque
3675 1975 3774 2030 ille

2129 2045 2282 2115 quod
2316 2045 2542 2099 videbat
2571 2050 2759 2100 tacere
2795 2062 2906 2099 non
2939 2051 3183 2116 poterat,
3217 2050 3273 2099 et
3303 2047 3455 2100 sicut
3504 2045 3661 2117 prius
3690 2046 3769 2101 ei-

2130 2120 2260 2170 dem
2295 2117 2717 2188 respondebat:
2753 2117 2906 2171 Sana
2955 2133 3021 2188 es
3062 2133 3322 2186 prorsus,
3369 2117 3486 2172 Deo
3533 2119 3769 2188 gratias.

2130 2193 2199 2240 At
2232 2188 2331 2241 illa
2358 2187 2594 2257 impleta
2625 2189 2860 2259 gaudio,
2893 2187 3124 2242 tandem
3159 2188 3493 2254 subridens,
3538 2187 3616 2244 ait
3649 2206 3770 2244 ma-

2129 2259 2273 2313 rito:
2312 2259 2403 2313 Vel
2441 2261 2607 2314 modo
2641 2263 2762 2329 jam
2810 2260 3010 2314 credes
3057 2259 3335 2315 Christo?
3365 2261 3433 2315 Et
3463 2260 3592 2316 ille:
3626 2260 3774 2324 Quid

2130 2330 2237 2396 vis,
2271 2330 2483 2400 inquit,
2517 2331 2721 2403 faciam
2756 2332 3096 2403 patrimeo?
3127 2347 3259 2386 nam
3294 2337 3350 2386 et
3377 2348 3480 2403 ego
3512 2332 3778 2387 christia-

2133 2418 2243 2456 nus
2286 2403 2405 2456 fieri
2442 2402 2592 2456 volo.

2199 2474 2251 2526 9.
2282 2476 2386 2527 Sed
2424 2479 2487 2528 ut
2508 2475 2632 2544 jam
2655 2475 2724 2528 ad
2741 2475 3063 2546 terminum
3089 2489 3262 2544 quem
3287 2474 3671 2546 promisimus
3691 2490 3781 2530 ve-

2134 2545 2384 2610 niamus,
2419 2546 2542 2617 dies
2592 2544 2823 2617 Pascha:
2872 2544 3301 2601 sanctissimus
3333 2546 3779 2617 propinquabat,

2132 2632 2259 2670 ecce
2285 2616 2588 2689 benedicta
2611 2616 2852 2688 Megetis
2869 2636 2898 2670 a
2923 2619 3170 2688 quadam
3197 2617 3384 2673 amica
3405 2616 3578 2689 atque
3601 2617 3781 2673 nobili

2135 2688 2348 2742 femina
2390 2688 2626 2742 Rustica
2675 2691 3003 2758 rogabatur,
3058 2694 3120 2743 ut
3169 2695 3297 2743 voto
3349 2705 3452 2744 suo
3487 2688 3776 2744 solvendo

2135 2759 2298 2814 beato
2331 2761 2570 2832 martyri
2592 2760 2885 2832 Cypriane
2915 2761 3308 2832 inrltlappalia
3347 2777 3541 2816 secum
3580 2777 3782 2832 perge-

2136 2837 2242 2904 ret,
2271 2835 2326 2885 et
2354 2831 2711 2886 solemnitati
2741 2831 2952 2902 pariter
2989 2831 3312 2887 interesset.
3344 2833 3505 2896 Quod
3537 2831 3779 2904 Megetis

2136 2902 2320 2974 facere
2352 2920 2413 2956 se
2449 2919 2557 2957 non
2595 2919 2763 2974 posse
2793 2904 3164 2966 causabatur,
3215 2906 3404 2958 sciens
3452 2906 3589 2974 quid
3625 2902 3679 2958 i'n
3715 2920 3778 2959 se

2136 2973 2236 3046 Dei
2258 2975 2514 3046 potentia
2534 2973 2857 3029 infidelium
2883 2975 3064 3030 oculis
3089 2973 3582 3046 ostenderet,quid
3609 2975 3780 3045 plene

2137 3045 2345 3099 salutis
2368 3045 2389 3078 ²
2421 3046 2667 3100 cmlestis
2698 3046 2879 3116 gratia
2913 3052 3243 3102 reservaret.
3277 3045 3485 3101 Tamen
3527 3047 3775 3100 amicam

2136 3117 2476 3188 Contristare
2509 3115 2733 3182 nolens,
2769 3134 2883 3172 non
2934 3118 3167 3188 penitus
3209 3119 3456 3188 negavit,
3485 3118 3583 3172 sed
3615 3115 3785 3188 plane

2137 3188 2207 3241 ad
2255 3187 2420 3242 illum
2473 3188 2626 3242 diem
2661 3191 2813 3259 quod
2870 3189 3016 3243 Deus
3069 3187 3348 3244 voluisset
3394 3187 3674 3243 facturam
3722 3203 3784 3244 se

2137 3274 2264 3312 esse
2299 3260 2577 3328 promisit.
2614 3261 2683 3313 At
2714 3260 2811 3314 ubi
2855 3259 2952 3314 illa
2985 3261 3172 3316 amica
3191 3261 3482 3326 discessit,
3506 3277 3618 3314 non
3651 3261 3782 3314 des-

2137 3330 2252 3384 titit
2281 3330 2371 3385 die
2400 3337 2689 3400 noctuque
2720 3331 2965 3386 orationi
2995 3332 3209 3386 instare
3241 3331 3501 3402 Megetia.
3547 3332 3782 3387 Buccel-

2138 3402 2247 3455 lam
2300 3417 2438 3456 sane
2486 3403 2644 3457 omni
2694 3402 2786 3457 die
2834 3403 2890 3456 in
2942 3402 3065 3458 oleo
3128 3405 3490 3458 sanctiticato
3538 3405 3780 3458 tinctam

2138 3473 2298 3540 prius
2322 3473 2639 3543 accipiebat
2661 3493 2675 3541 ;
2700 3479 2755 3528 et
2777 3475 2857 3528 sic
2880 3483 3116 3529 caeteros
3139 3474 3298 3528 cibos
3320 3476 3605 3528 sumebat.
3635 3473 3782 3536 Qua-

2137 3545 2270 3598 dam
2305 3561 2436 3599 vero
2471 3554 2632 3600 nocte
2663 3546 2916 3600 visitavit
2949 3547 3007 3600 in
3040 3545 3281 3609 somnis,
3323 3545 3401 3599 ita
3436 3551 3498 3600 ut
3539 3546 3787 3614 sejuxta

2139 3615 2467 3670 Memoriam
2504 3617 2652 3670 beati
2687 3617 2962 3686 Stephani
2999 3622 3245 3671 stantem
3298 3621 3545 3687 putaret,
3589 3618 3784 3684 ibique

2128 3687 2401 3755 juvenem
2439 3687 2603 3742 illum
2649 3690 2971 3758 speciosum
3030 3693 3308 3753 cerneret,
3361 3689 3608 3742 candida
3658 3688 3783 3747 luce

2138 3760 2436 3828 perfusum
2468 3765 2524 3812 et
2550 3759 2763 3830 insigni
2792 3777 2940 3830 equo
2973 3761 3338 3824 subvectum,
3372 3759 3785 3830 lampadesque

2135 3830 2510 3901 quamplures
2542 3829 2822 3899 lucentes,
2848 3829 2911 3885 ac
2938 3832 3264 3901 praecedens
3297 3841 3344 3885 et
3380 3829 3783 3899 splendidissi-

2135 3918 2297 3955 mum
2331 3907 2703 3972 apparatum,
2739 3902 2964 3972 sibique
2996 3903 3065 3956 ab
3106 3903 3304 3957 eodem
3347 3902 3502 3956 clara
3534 3918 3668 3956 voce
3692 3902 3778 3956 di-

2135 3979 2330 4044 ctum:
2385 3975 2467 4026 Ad
2516 3980 2570 4027 te
2620 3974 2865 4042 pertinet
2915 3975 3028 4028 ista
3077 3973 3192 4040 lux,
3248 3973 3506 4040 Megetia,
3552 3973 3782 4044 suscipe

2134 4043 2318 4099 illam.
2344 4046 2482 4099 Post
2508 4061 2684 4114 quam
2715 4045 2995 4100 visionem
3022 4046 3424 4115 expergefacta
3455 4043 3782 4115 gaudique

2135 4116 2373 4185 repleta,
2408 4120 2605 4169 statim
2640 4117 2739 4170 ubi
2789 4133 2850 4171 se
2903 4133 3105 4170 sanam
3159 4117 3358 4181 sensit,
3403 4133 3614 4171 manus
3646 4131 3782 4170 suas

2133 4187 2200 4240 ad
2226 4204 2290 4241 os
2323 4203 2489 4240 suum
2526 4187 2845 4257 faciemque
2897 4188 3315 4255 inspiciendam
3359 4187 3690 4257 applicavit,
3725 4191 3782 4242 et

2134 4259 2301 4328 quasi
2335 4276 2447 4328 prae
2482 4259 2662 4313 nimio
2694 4260 2907 4328 gaudio
2941 4260 3047 4313 soli
3080 4259 3188 4314 sibi
3225 4275 3337 4313 non
3369 4260 3632 4323 credens,
3667 4275 3780 4312 an-

2133 4329 2296 4382 cillas
2348 4347 2484 4384 suas
2519 4347 2644 4399 quae
2694 4332 2842 4385 circa
2894 4330 3104 4384 lectum
3153 4346 3321 4384 suum
3371 4330 3772 4400 quiescebant,

2131 4400 2284 4454 clara
2307 4417 2439 4472 voce
2466 4403 2753 4467 excitavit,
2788 4411 2839 4455 et
2871 4407 2932 4455 ut
2964 4403 3031 4456 ad
3067 4417 3128 4456 se
3151 4401 3572 4472 inspiciendam
3606 4411 3774 4469 atque

2132 4471 2638 4540 contemplandum
2676 4479 3062 4539 accurrerent,
3096 4471 3412 4527 advoCavit.
3460 4474 3604 4526 Tum
3643 4472 3773 4539 illae,

2131 4550 2196 4597 ut
2227 4544 2496 4598 viderunt
2527 4545 2582 4598 in
2618 4545 2854 4599 domina
2903 4563 3011 4599 sua
3061 4545 3273 4599 donum
3318 4543 3416 4598 Dei
3454 4545 3634 4598 fuisse
3666 4545 3776 4597 im-

2131 4614 2370 4683 pletum,
2406 4619 2723 4686 votumque
2755 4616 3016 4670 omnium
3049 4630 3176 4670 esse
3201 4617 3538 4684 perfectum,
3571 4630 3776 4686 omnes

2131 4686 2344 4755 pariter
2376 4687 2432 4740 in
2464 4685 2718 4740 Iustitiam
2755 4687 3311 4753 exclamaverunt,et
3333 4687 3389 4740 in
3417 4687 3650 4740 laudem
3675 4685 3777 4740 Dei

2128 4763 2466 4828 eruperunt.
2501 4759 2739 4812 Advenit
2773 4759 2948 4813 etiam
2984 4760 3078 4813 ille
3111 4759 3182 4813 ab
3206 4758 3389 4813 amica
3414 4759 3776 4826 prsestitutus

2129 4829 2361 4882 sibimet
2385 4829 2525 4897 dies,
2559 4831 2782 4884 venitur
2805 4847 2836 4885 a
2869 4829 3113 4886 diversis
3134 4831 3203 4884 ad
3231 4829 3560 4899 religiosam
3587 4829 3776 4897 Mege—

2132 4902 2290 4965 liam,
2326 4905 2406 4965 ut,
2460 4902 2613 4956 sicut
2660 4901 3030 4971 promiserat,
3065 4902 3134 4956 ad
3181 4901 3534 4955 destinatum
3583 4900 3774 4954 locum

2128 4972 2332 5026 charas
2364 4989 2498 5026 suas
2533 4990 2645 5027 non
2679 4973 2996 5027 deserendo
3031 4988 3264 5042 pergere
3287 4973 3636 5043 dignaretur.
3659 4972 3772 5025 Sed

2129 5043 2375 5112 Megetis
2407 5044 2503 5098 Dei
2530 5044 2750 5098 famula
2772 5044 3092 5099 velamento
3115 5041 3324 5108 adhuc,
3350 5041 3499 5098 sicut
3531 5041 3772 5106 solebat,

2125 5131 2221 5168 ore
2252 5121 2532 5178 contecto,
2568 5117 2639 5169 ab
2684 5117 2888 5169 intimo
2939 5115 3209 5171 cubiculo
3259 5116 3330 5168 ad
3373 5115 3587 5168 amicas
3637 5131 3777 5168 suas

2125 5188 2277 5241 foras
2310 5203 2541 5256 egressa
2570 5192 2676 5240 est.
2714 5190 2868 5252 Quas
2902 5187 2997 5240 ubi
3027 5188 3098 5241 de
3130 5203 3189 5239 se
3213 5185 3547 5254 aliquandiu
3580 5185 3773 5240 tristes

2122 5274 2249 5312 esse
2298 5259 2581 5326 permisit,
2616 5259 2810 5312 subito
2843 5258 2941 5312 illo
2975 5275 3007 5312 a
3040 5258 3183 5313 facie
3213 5260 3535 5313 velamento
3569 5256 3768 5311 ablato

2122 5334 2176 5382 et
2207 5328 2364 5382 vultu
2400 5330 2820 5393 demonstrato,
2851 5331 2968 5384 ait:
3007 5331 3148 5384 Ecce
3179 5345 3279 5383 vos
3330 5329 3515 5382 videte
3547 5327 3685 5397 quid
3715 5328 3772 5382 in

2123 5415 2211 5455 me
2248 5401 2396 5455 Deus
2428 5401 2703 5470 dignatus
2735 5409 2819 5456 est
2851 5401 3143 5470 perficere,
3165 5405 3224 5456 et
3244 5417 3360 5456 una
3383 5414 3608 5454 mecum
3634 5416 3771 5469 gau-

2122 5473 2273 5540 dete,
2307 5477 2362 5527 et
2393 5472 2500 5540 ipsi
2537 5472 2777 5527 Domino
2811 5489 2909 5542 pro
2958 5488 3046 5526 me
3096 5471 3532 5542 gratiasagite.
3586 5470 3768 5542 Quam

2121 5543 2217 5596 ubi
2251 5560 2454 5598 omnes
2486 5541 2852 5612 conspexere.
2888 5541 3212 5613 gaudentes
3243 5547 3298 5598 et
3329 5541 3644 5597 Dominum
3676 5541 3767 5596 be-

2120 5615 2470 5677 nedicentes,
2503 5615 2720 5670 osculis
2743 5615 3020 5677 lambere,
3043 5620 3098 5669 et
3118 5631 3247 5670 eam
3281 5613 3768 5684 complexaricaa-

2119 5691 2344 5754 perunt.
2386 5691 2545 5741 Tunc
2569 5703 2770 5742 omnes
2801 5704 2916 5742 una
2948 5687 3018 5741 ad
3051 5685 3353 5742 ecclesiam
3388 5688 3766 5756 perrexerunt

2118 5771 2252 5830 cum
2282 5771 2370 5821 ea,
2403 5763 2458 5811 et
2488 5762 2617 5830 vota
2649 5774 2753 5830 sua
2783 5759 3028 5814 Domino
3049 5759 3493 5830 persolverunt.
3529 5758 3765 5830 Peracto

2119 5829 2312 5881 autem
2345 5831 2545 5882 sancto
2576 5829 2800 5885 Pascha
2835 5826 3091 5898 Domini,
3112 5829 3292 5885 etiam
3323 5828 3395 5884 ad
3427 5826 3766 5883 Uzalensem

2182 5965 2199 6028 ξ
2228 5963 2528 6028 I_.egendum
2557 5965 2707 6020 forte,
2739 5965 2800 6013 in
2830 5964 3150 6028 hospitium.

2181 6023 2202 6056 ²
2231 6025 2398 6083 Forte,
2421 6026 2606 6085 plena:
2639 6028 2833 6078 saluti.
