4134 6198
436 269 553 329 849

438 401 734 473 civitatem
787 401 1055 472 religiosa
1101 402 1293 457 Vitula
1343 419 1457 458 una
1506 418 1642 458 cum
1694 404 1937 473 Megetia
1983 420 2090 459 sua

437 472 686 546 aliisque
719 473 1002 546 religiosis
1031 473 1261 528 feminis
1293 475 1468 542 venit,
1493 479 1738 546 votaque
1762 472 1870 529 sua
1900 476 1969 529 de
2000 491 2088 529 sa-

436 543 556 599 lute
590 546 721 598 tilica
756 544 925 614 plena
957 550 1012 599 et
1037 546 1287 614 perfecta
1307 545 1532 600 Christo
1567 543 1812 600 Domino
1843 547 2086 600 Christi-

440 632 552 686 que
605 617 806 670 Amico
865 616 923 669 in
970 621 1276 685 conspectu
1326 617 1517 671 omnis
1565 623 1773 672 nostris
1827 617 2087 671 Ecclesiae

439 687 864 756 congaudentis
923 691 1093 754 atque
1141 687 1602 756 congratulantis
1654 689 1916 742 hilariter
1963 689 2087 743 red-

438 758 614 829 didit,
643 759 926 812 ferventer
955 757 1239 822 exhibuit,
1288 760 1687 828 lructuoseque
1723 759 2014 829 persolvit.

435 828 666 885 CAPUT
696 831 795 885 Ill.
829 860 897 870 —
927 830 1188 900 Donatus,
1217 829 1440 900 quidam
1495 828 1812 900 apothecam
1859 829 2080 897 habens,

505 905 620 971 fere
651 900 886 956 ducenta
913 916 1040 954 vasa
1069 899 1190 954 vini
1217 904 1471 970 corrupta
1499 899 1719 970 reperit,
1752 902 1906 971 cujus
1936 903 2084 970 jussu

505 973 760 1027 minister
799 973 1048 1042 lagonam
1079 988 1148 1026 ex
1176 971 1428 1026 omnibus
1459 975 1598 1027 vasis
1627 975 1912 1043 impletum
1940 977 2084 1028 altu-

503 1044 664 1112 leral,
695 1052 744 1098 et
764 1043 835 1098 ad
850 1051 1099 1098 sanctum
1123 1044 1458 1113 Stephanum
1478 1059 1731 1111 currens,
1770 1045 1954 1114 ibique
1987 1060 2082 1113 po-

503 1131 636 1170 nens
667 1114 866 1178 oravit,
913 1118 963 1169 et
1002 1130 1251 1186 reversus
1299 1131 1421 1169 cum
1467 1117 1691 1186 lagena,
1729 1117 1788 1169 in
1830 1116 2084 1170 omnibus

503 1189 654 1240 vasis
683 1202 756 1241 ea:
783 1186 970 1242 eadem
1000 1185 1238 1256 inludit,
1272 1190 1322 1241 el
1354 1185 1670 1256 reparatum
1699 1196 1775 1240 est
1796 1185 2007 1241 vinum.

513 1259 769 1313 Donatus
801 1258 1036 1328 quidam
1071 1257 1283 1311 dicitur
1315 1257 1665 1324 homo,sane
1685 1257 2082 1312 honestissimi

434 1343 665 1399 quoque
681 1327 1060 1393 ﬁlii,nomine
1085 1328 1327 1393 Rustici,
1344 1329 1738 1399 praefectorum
1763 1328 2082 1383 numerarii

435 1401 658 1455 cunctis
688 1402 834 1456 bene
866 1399 1174 1466 notissimi,
1204 1406 1381 1465 pater.
1408 1401 1510 1454 Hic
1541 1400 1596 1453 in
1633 1401 1807 1455 fundo
1830 1416 1933 1454 suo
1953 1399 2084 1454 sub-

433 1471 658 1527 urbano
689 1489 821 1528 cum
856 1471 980 1527 loco
1012 1475 1068 1526 et
1099 1472 1333 1526 nomine
1364 1473 1611 1526 vocitato
1659 1471 1822 1542 probi
1855 1470 2085 1541 generis

427 1543 564 1614 vina
595 1545 907 1614 quotannis
937 1543 1185 1598 condere
1226 1548 1280 1596 et
1310 1558 1649 1598 conservare
1681 1547 2075 1597 consueverat.

429 1613 674 1674 Interea,
710 1620 772 1669 ut
816 1614 1250 1684 possessoribus
1300 1630 1426 1668 mos
1477 1619 1584 1679 est,
1638 1615 2077 1668 commodorum

430 1692 765 1755 quaestuum
798 1702 996 1755 causa,
1029 1685 1326 1756 quoslibet
1358 1691 1521 1739 teme
1547 1684 1827 1754 repositos
1861 1686 2079 1738 fructus

431 1764 570 1812 tunc
600 1758 774 1812 malle
797 1757 1024 1828 venales
1049 1757 1407 1828 emptoribus
1433 1756 1753 1826 publicare,
1775 1771 1907 1810 cum
1932 1757 2078 1810 votis

427 1834 825 1899 exOptatorum
860 1827 1159 1882 lucrorum’
1184 1829 1438 1882 avariora
1488 1832 1850 1899 concurrunt
1869 1827 2077 1899 “pretia

427 1896 981 1969 tem—porum,visum
1001 1905 1087 1954 est
1107 1906 1422 1952 memorato
1448 1898 1684 1952 domino
1708 1896 1924 1966 praedii,
1942 1913 2074 1951 cum

426 1973 682 2041 quodam
716 1971 949 2025 homine
983 1987 1109 2036 suo,
1136 1970 1253 2023 vini
1286 1970 1504 2023 scilicet
1528 1974 1820 2041 gustatore
1846 1969 2075 2037 peritis-

425 2040 597 2110 simo,
632 2042 974 2113 apothecam
1026 2057 1194 2113 suam
1257 2041 1530 2113 primitus
1581 2040 1818 2113 intrare,
1868 2055 1933 2113 ac
1977 2057 2076 2108 per

426 2111 811 2183 singula'vasa
830 2112 1217 2168 examinando
1240 2111 1376 2165 vina
1397 2111 1737 2183 approbare.
1755 2112 1877 2175 Quo
1902 2111 2071 2183 facto,

427 2182 560 2239 moi
594 2189 656 2239 ut
687 2185 1025 2251 degustator
1056 2184 1327 2236 haustum
1359 2182 1514 2235 vasis
1538 2197 1761 2235 merum
1795 2182 2074 2250 applicuit

421 2256 643 2325 judicio
695 2254 995 2315 labiorum,
1047 2253 1322 2307 continuo
1365 2253 1688 2323 stupefacta
1733 2253 1805 2325 in,
1836 2253 2074 2308 homine

423 2323 524 2382 ora
549 2325 864 2396 vultusque
894 2325 1166 2396 palluere.
1195 2328 1341 2378 Nam
1362 2329 1566 2396 printer
1585 2325 1741 2396 quod
1758 2323 1873 2378 vini
1897 2330 2072 2379 teter-

423 2397 610 2452 rimus
641 2394 797 2453 color
846 2394 1231 2451 aversandum
1266 2394 1453 2450 oculis
1481 2411 1550 2450 ex
1581 2411 1642 2450 se
1665 2395 1942 2451 oﬂ'erebat
1980 2412 2070 2449 as-

419 2474 673 2552 pectum,
699 2470 882 2552 etiam
916 2467 1293 2552 tristissimus
1315 2483 1490 2552 sapor;
1511 2467 1684 2521 labiis
1707 2467 2068 2552 manendum

416 2537 715 2612 ingerebat
747 2545 1008 2612 gustum.
1043 2539 1254 2594 Verum
1286 2554 1418 2593 cum
1468 2541 1577 2594 hoc
1612 2537 1829 2592 malum
1863 2538 1922 2592 in
1954 2555 2070 2612 uno

422 2610 650 2668 tantum
680 2610 816 2666 vase
847 2611 1164 2667 consistere
1192 2614 1508 2680 putaretur,
1553 2625 1665 2664 non
1719 2615 1825 2663 tam
1852 2610 2069 2664 moles-

417 2687 579 2738 tante
611 2685 893 2738 damnum
920 2686 936 2718 ¹
961 2682 1190 2751 jactura
1238 2680 1668 2750 patrisfamilias
1722 2681 2066 2735 habebatur.

415 2757 489 2809 At
521 2755 619 2809 ubi
651 2771 754 2824 per
782 2754 1017 2824 singula
1049 2770 1181 2808 vasa
1223 2757 1478 2822 emptum
1528 2757 1612 2806 est
1650 2751 1904 2816 circuiri,
1938 2768 2069 2806 om-

415 2825 701 2896 niumque
732 2825 1112 2896 vasorum,id
1146 2827 1238 2896 est
1285 2825 1463 2879 ferme
1506 2824 1910 2888 ducentorum,
1956 2839 2065 2896 nu-

412 2894 982 2952 merus‘examinatus
1004 2895 1276 2951 similiter
1295 2896 1752 2965 degenerasseac
1777 2894 2069 2963 deperisse

411 2977 676 3037 repertus
707 2973 830 3034 est;
871 2968 1003 3038 quis
1037 2975 1172 3021 tunc
1223 2967 1438 3038 ibidem
1493 2967 1664 3038 fuerit
1713 2967 2064 3036 possessoris

411 3038 666 3104 animus,
701 3040 832 3108 quis
867 3037 1049 3109 ipsius
1092 3037 1442 3109 apothecarii
1491 3037 1700 3101 luctus,
1739 3044 1874 3109 puto
1909 3037 2060 3109 quod

409 3109 682 3181 ignorare
714 3127 828 3164 non
861 3107 1040 3180 possit
1061 3107 1254 3163 omnis
1286 3109 1646 3181 compatiens
1693 3107 1925 3162 animus
1957 3107 2064 3161 hu-

410 3179 639 3237 manus.
677 3181 799 3238 N00
1024 3195 1222 3234 revera
1253 3179 1560 3233 minimum
1591 3184 1648 3234 et
1679 3185 2058 3234 contemnen-

409 3255 550 3308 dum
582 3253 998 3308 detrimentum
1032 3253 1386 3305 damnumve
1435 3251 1775 3320 contigerat,
1823 3251 1921 3305 sed
1954 3252 2058 3303 du-

410 3332 596 3390 centa,
632 3329 698 3378 ut
740 3324 879 3390 dixi,
914 3325 1028 3376 fere
1059 3337 1184 3391 quas
1214 3321 1568 3390 putabantur
1597 3337 1736 3391 vasa
1763 3321 1894 3374 vino
1927 3337 2061 3374 sua-

408 3396 648 3450 vissimo
684 3394 1042 3464 plenissima,
1075 3390 1279 3464 eadem
1310 3407 1340 3446 e
1372 3390 1673 3464 contrario;
1694 3391 2060 3464 reperieban-

409 3471 506 3521 tur
526 3481 632 3521 nec
664 3461 836 3528 aceti,
871 3465 969 3518 sed
993 3463 1302 3532 cujusdam
1335 3461 1760 3529 corruptissimi
1802 3466 1858 3514 et
1889 3462 2060 3515 {tecu-

407 3535 720 3592 lentissimi
753 3534 996 3607 liquoris
1027 3534 1297 3607 squalore
1325 3532 1840 3607 adimpleta._Quid
1870 3536 2064 3607 ageret

410 3609 490 3663 ita
521 3609 601 3663 rei
637 3602 925 3662 labefactas
957 3602 1390 3669 suae—dominus,
1423 3602 1730 3658 vindemias
1763 3620 1878 3658 suae
1911 3604 2063 3658 inte-

410 3681 588 3735 ritum
621 3695 736 3734 non
771 3678 962 3733 adhuc
992 3677 1050 3732 in
1085 3677 1320 3739 vitibus,
1349 3675 1472 3746 sed,
1508 3676 1662 3745 quod
1694 3679 1784 3730 est
1803 3675 2059 3746 gravius,

409 3751 469 3806 in
501 3753 632 3828 ipsa
662 3766 976 3828 perpessus
1007 3749 1288 3828 apotheca
1302 3745 2017 3828 ?‘quid,.inquani,’ageret
2037 3746 2064 3800 ‘2

411 3817 553 3893 quid
583 3817 701 3877 tam
735 3817 1007 3891 corrupto
1035 3836 1139 3874 nec
1166 3819 1286 3893 jam
1321 3817 1574 3893 dicendo
1589 3817 1732 3893 vino
1753 3820 1938 3893 facere
1961 3834 2060 3888 po-

409 3889 661 3950 tuisset?
690 3895 775 3948 An
806 3889 1039 3947 fors—itan
1072 3891 1484 3960 qualicumque
1526 3889 1918 3958 abjectissimo
1940 3905 2060 3959 pre-

410 3965 485 4020 tio
513 3963 917 4020 vendidisset?
957 3963 1066 4017 Sed
1121 3962 1257 4032 quis
1301 3965 1420 4015 tam
1473 3961 1670 4032 fatuus
1711 3965 1940 4030 emptor
1987 3961 2058 4014 ad

409 4053 532 4092 rem
557 4037 774 4090 fatuam
795 4031 1178 4090 accessisset"?
1208 4037 1293 4086 An
1317 4033 1520 4085 saltem
1545 4031 1866 4086 effunderet
1886 4036 2060 4102 atque

409 4107 766 4178 projiceret?
795 4107 902 4161 Sed
937 4105 1070 4175 quis
1121 4106 1202 4158 ita
1243 4102 1461 4178 oblitus
1511 4103 1774 4158 laborum
1823 4119 2060 4178 euorum

408 4174 582 4242 esset,
620 4182 679 4233 ut
711 4174 1166 4248 qualescumque
1192 4174 1334 4248 anni
1371 4176 1593 4228 fructus
1645 4174 2061 4248 proculcandos

411 4245 753 4304 hominibus
805 4245 1126 4318 belluisque
1181 4245 1346 4301 facile
1408 4245 1754 4318 exponeret?
1801 4246 2060 4300 Tandem

407 4320 922 4377 ﬂuctuahundain
953 4316 1166 4374 talibus
1218 4317 1560 4371 mmroribus
1611 4316 1804 4372 anima
1854 4317 2060 4371 divina:

408 4391 785 4463 aspirationis
835 4406 993 4463 aura_
1026 4389 1270 4463 perﬂata
1318 4388 1652 4463 inportum
1680 4387 2060 4463 ﬁdissimum

411 4459 838 4532 stationemque
889 4459 1244 4531 tutissimam
1293 4459 1615 4532 velificante
1663 4460 1912 4532 deducta
1979 4465 2064 4514 est

409 4536 616 4607 gratia.
649 4531 792 4607 Nam
826 4531 1010 4607 multa
1038 4548 1236 4607 secum
1265 4531 1512 4607 agitanti
1554 4531 1668 4585 hinc
1718 4531 1906 4607 potior
1935 4547 2064 4607 een-

410 4601 590 4662 tentia
657 4606 854 4660 animo
903 4603 1120 4658 insedit
1171 4601 1546 4672 possessoris,
1604 4603 2059 4672 confugiendum

411 4694 542 4734 esse
572 4678 640 4733 ad
677 4676 947 4731 Amicum
980 4674 1079 4728 Dei
1112 4673 1471 4742 Stephanum
1493 4679 1783 4741 sanctum,
1807 4676 2061 4742 primum

412 4755 724 4820 martyrem
758 4744 1292 4820 Christi._Proinde
1316 4744 1484 4812 jubet
1529 4742 2060 4820 illi__pra3gustatori

412 4821 526 4875 vini
562 4813 675 4886 sui,
711 4824 772 4873 ut
805 4834 982 4874 unam
1013 4815 1384 4886 lagunculam
1418 4830 1485 4868 ex
1503 4813 1762 4883 quolibet
1791 4813 2062 4871 Vasorum

411 4909 653 4947 suorum
681 4889 1048 4960 adimpleret,
1085 4902 1328 4960 eamque
1376 4886 1445 4940 ad
1489 4886 1648 4940 Beati
1702 4886 2061 4960 Memoriam,

412 4958 872 5018 benedicendam
923 4958 1177 5015 diluculo
1225 4960 1574 5025 deportaret,
1641 4962 1810 5028 atque
1857 4959 2064 5014 exinde

412 5034 843 5090 sanctificatam
901 5030 1179 5087 continuo
1230 5031 1486 5094 referret,
1550 5033 1806 5098 tuncque
1853 5046 1922 5084 ex
1962 5029 2063 5086 illa

411 5122 510 5177 per
533 5106 733 5160 omnia
771 5120 908 5177 vasa
953 5117 1153 5177 parum
1177 5101 1343 5177 _quid
1395 5100 1842 5177 superfunderet
1889 5105 2063 5172 atque

411 5171 749 5233 discederet.
784 5175 827 5231 Ο
859 5171 1126 5242 Domine,
1176 5171 1440 5238 Domine,
1491 5171 1584 5226 cui
1632 5188 1772 5226 cura
1819 5177 1903 5226 est
1961 5190 2062 5242 pro

410 5248 668 5316 homine,
703 5248 903 5302 omnia
932 5247 1182 5315 benigne
1215 5244 1428 5299 faciens
1461 5246 1691 5314 propter
1740 5244 2060 5310 hominem,

412 5321 511 5390 qui
548 5337 648 5389 per
678 5326 908 5374 sanctos
939 5323 1070 5372 tuos
1107 5318 1245 5371 olim
1300 5331 1760 5390 aquasuamaras
1811 5321 1868 5370 et
1919 5316 2063 5390 inl'ef

410 5386 658 5458 eundas,
694 5391 850 5462 ligno
883 5390 1144 5444 immisso
1174 5393 1229 5442 et
1257 5386 1564 5462 vasesalis
1597 5386 1808 5456 injecto
1840 5387 2061 5462 sanasti

437 5457 767 5529 Exodi“,w
786 5465 890 5528 25;
933 5463 1005 5515 IV
1055 5462 1188 5530 Reg.
1238 5475 1295 5524 ιι,
1345 5457 1458 5529 21),
1500 5474 1570 5530 ac
1610 5474 1710 5528 per
1748 5463 1803 5512 te
1848 5458 2060 5527 ipsum,

464 5536 680 5602 omine,
714 5549 928 5602 aquam
951 5531 1010 5586 in
1034 5529 1231 5585 vinum
1255 5529 1590 5602 convertisti
1614 5531 1869 5597 (Joan.n,
1892 5531 2064 5598 l-ll‘,

412 5607 538 5676 ipse
561 5600 712 5660 nunc
731 5600 786 5660 et
806 5621 906 5675 per
929 5603 1176 5676 amicum
1204 5607 1367 5676 tuom
1396 5600 1762 5676 Stephanum
1777 5605 2058 5668 sanctum,

413 5672 694 5749 reparasti
731 5672 1037 5730 in'statum
1072 5673 1380 5749 pristinum
1431 5672 1564 5749 vina
1605 5672 1868 5749 perditat
1898 5689 2064 5729 versa

412 5743 804 5806 amaritudine
836 5749 893 5802 in
927 5747 1293 5809 suavitatem,
1313 5743 1619 5812 nigredine
1641 5746 1699 5799 in
1725 5745 2060 5811 candorem,

413 5837 664 5878 mmrore
709 5819 768 5874 in
801 5814 1289 5873 exsultationem!
1327 5815 1568 5885 Propere
1621 5815 1793 5887 igitur
1839 5817 2061 5872 domini

413 5896 507 5950 sui
532 5894 706 5963 jussa
737 5890 1005 5946 minister
1027 5887 1127 5943 ille
1149 5887 1338 5942 fidelis
1364 5887 1732 5959 exsequitur:
1771 5887 2060 5960 lagonam,

455 5983 497 6093 τι
533 5982 706 6094 Fertne,
741 5980 963 6030 damno.
998 5976 1059 6026 In
1104 5977 1159 6026 B.
1193 5977 1260 6027 ad
1308 5976 1620 6039 marginem,
1661 5996 1687 6022 «κ
1716 5977 1864 6029 locus
1891 5991 2066 6029 corru-

479 6055 563 6094 us.
594 6061 622 6091 »
701 6080 713 6093 .

415 6055 563 6108 ptas,
594 6061 622 6091 »
646 6055 713 6094 tu.

1789 272 2018 332 LIBER
2066 270 2493 333 SECUNDUS.

3722 278 3846 340 850

2201 407 2262 457 ut
2306 403 2498 481 fuerat
2542 408 2915 481 pi'mceptuni,
2959 405 3178 481 hausit,
3229 410 3502 476 perrexit,
3551 413 3847 481 apposuit,

2199 474 2527 554 reportavit,
2562 476 2830 554 vasisque
2855 476 3104 554 singulis
3129 474 3521 548 permodicum
3549 474 3686 554 quid
3711 474 3844 540 coni

2201 547 2426 612 tribuit,
2460 555 2514 599 et
2541 546 2702 599 abiit.
2740 548 2934 601 Altera
2965 546 3086 616 die,
3130 546 3361 606 'memor
3396 554 3521 607 fidei
3558 546 3845 611 mandati-

2198 634 2307 686 que
2338 618 2451 682 sui,
2485 617 2672 687 surgit
2697 620 3108 687 paterfamliias
3155 623 3503 689 matutinus,
3543 628 3852 682 ministerii

2196 689 2490 762 conscium
2547 691 3001 762 ministrumque
3053 695 3335 757 convenit,
3387 711 3497 748 una
3549 713 3745 752 secum
3779 701 3846 754 ad

2201 759 2536 830 apothecam
2560 761 2833 832 comitem
2867 759 3026 816 ducit
3053 763 3472 832 :inSpiciuntur
3496 767 3685 822 denuo
3709 784 3850 824 cun-

2201 836 2292 902 cta
2316 848 2413 901 per
2445 831 2705 886 ordinem
2742 849 2907 888 vasa:
2945 835 3142 889 vinum
3182 831 3472 902 hauritur,
3499 838 3648 892 nitor
3673 839 3730 893 in
3765 858 3851 895 c0-

2199 900 2328 982 lore
2350 904 2726 982 conspicitur,
2751 921 2923 974 sapor
2942 906 2996 958 in
3020 900 3596 982 gustuapprobatur,
3620 911 3850 967 tristitia

2195 974 2254 1050 in
2288 974 3008 1050 gaudiumecommutatnr,
3031 974 3093 1032 et
3115 974 3676 1050 quid'q'uantumque
3703 982 3845 1038 fides

2196 1045 2261 1122 in
2288 1045 2511 1100 Christo
2544 1047 2784 1122 ejusque
2814 1045 3234 1122 gloriosissimo
3260 1045 3454 1105 Amico
3483 1045 3669 1106 valeat
3692 1071 3848 1122 repe-

2195 1116 2364 1196 ritur,
2399 1120 2748 1196 cunctisque
2762 1120 3140 1196 audientibus
3165 1123 3627 1196 mirantibusque
3650 1116 3844 1179 succe‘

2196 1189 2392 1267 ditur:
2435 1189 2684 1267 denique
2737 1189 2853 1267 illa
2895 1193 3322 1267 probatissima
3365 1194 3499 1248 vina
3537 1189 3844 1267 'condigno

2197 1259 2377 1338 pretio
2408 1261 2766 1338 emptoribus
2800 1259 3249 1338 distribuuntur.
3285 1265 3425 1338 Ecce
3466 1266 3713 1337 qualiter
3732 1259 3845 1322 vdi-

2193 1331 2326 1383 vina
2377 1331 2742 1398 providentia
2791 1332 3142 1389 utilitatibus
3191 1331 3495 1391 hominum
3555 1339 3843 1392 deservit:

2193 1405 2249 1477 et
2275 1400 2414 1477 quid
2448 1403 2685 1477 tandem
2719 1403 2830 1477 Dee
2857 1421 2960 1474 pro
2994 1406 3172 1462 tantis
3203 1408 3332 1477 eius
3360 1408 3660 1464 beneficiis
3691 1409 3852 1466 exhi-

2194 1471 2365 1526 betur
2395 1477 2496 1526 aut
2526 1473 2790 1527 redditur
2805 1474 2831 1528 ?

2192 1577 2422 1662 CAPU'l‘
2456 1581 2541 1635 ιν.
2579 1610 2641 1619 -
2667 1581 2766 1663 Ubi
2787 1580 2944 1663 draeo
2967 1584 3035 1639 de
3051 1585 3529 1663 caelomagniﬁcus
3555 1590 3842 1663 apparuit,

2261 1667 2294 1705 a
2324 1655 2486 1728 cujus
2507 1655 2791 1728 conspectu
2806 1655 3066 1728 universa
3089 1657 3237 1725 plebs
3259 1655 3328 1711 ait
3352 1655 3634 1728 Stephani
3648 1659 3846 1712 limina

2259 1725 2528 1796 confugit,
2561 1728 2612 1776 et
2644 1725 2775 1796 ipsis
2806 1726 3092 1780 orantibus
3137 1729 3413 1796 paulatim
3441 1725 3601 1783 inter
3628 1730 3843 1783 vellera

2257 1793 2490 1847 nubium
2521 1794 2832 1849 subtractus
2866 1811 2971 1849 non
3011 1793 3339 1868 comparuit.

2258 1899 2303 1951 1.
2341 1899 2599 1962 Quadam
2628 1899 2719 1952 die
2749 1901 3069 1968 agebantur
3102 1905 3378 1958 nundinae
3401 1903 3459 1958 in
3481 1911 3675 1960 nostra
3693 1905 3835 1960 civi-

2184 1972 2322 2033 tate,
2355 1975 2411 2022 et
2440 1970 2581 2023 hora
2607 1969 2726 2037 jam
2752 1971 3070 2024 meridiana
3096 1974 3220 2026 coeli
3247 1977 3419 2028 facies
3443 1991 3644 2030 serena
3668 1977 3725 2030 in
3751 1983 3836 2032 te-

2185 2047 2339 2094 tram
2389 2046 2445 2094 et
2484 2038 2855 2102 caliginosum
2905 2042 3053 2095 aeris
3103 2043 3459 2098 turbidinem
3511 2048 3702 2101 subito
3753 2053 3838 2101 est

2185 2117 2494 2185 commota.
2547 2112 2689 2185 Ecce
2742 2116 2934 2166 autem
2989 2113 3238 2185 desuper
3298 2113 3580 2184 aspicitur
3633 2117 3838 2185 igneus

2184 2182 2420 2252 quidam
2467 2186 2521 2236 et
2552 2181 2848 2256 immensa:
2901 2181 3325 2256 magnitudinis
3368 2181 3744 2256 propendEns
3778 2189 3836 2242 in

2185 2259 2360 2323 caput
2391 2270 2420 2308 e
2454 2253 2706 2309 nubibus
2735 2253 2922 2308 draco.
2960 2253 3118 2317 Quod
3153 2272 3266 2310 non
3319 2253 3396 2311 ita
3444 2253 3743 2312 insolitum
3780 2264 3838 2314 et

2186 2341 2402 2380 novum
2435 2325 2605 2379 debet
2655 2323 3014 2398 videritnon
3071 2326 3258 2382 solum
3310 2333 3544 2398 propter
3571 2329 3832 2384 notitiam

2185 2397 2548 2467 popularem,
2587 2413 2781 2451 verum
2812 2395 2982 2452 etiam
3020 2395 3331 2468 Scripturé
3370 2395 3586 2454 sanctae
3638 2405 3833 2456 aucto-

2185 2467 2433 2533 ritatem,
2465 2483 2592 2538 quis
2624 2469 2692 2522 de
2724 2469 3076 2523 draconibus
3123 2467 3205 2524 sic
3252 2477 3537 2526 memorat
3586 2473 3786 2528 dicens
3816 2489 3828 2527 :

2185 2538 2422 2594 Laudatc
2452 2540 2746 2613 Dominum
2767 2541 2830 2594 de
2851 2545 3049 2613 terrea,
3073 2541 3330 2597 dracones
3350 2549 3399 2596 et
3421 2559 3605 2598 omnes
3625 2544 3829 2613 abyssi,

2187 2612 2353 2686 ignis,
2385 2610 2617 2686 grando,
2649 2609 2768 2686 nite,
2792 2609 3283 2686 glaeies,spiritus
3329 2609 3830 2686 tempestatis—qum?

2183 2681 2396 2752 faciunt
2445 2682 2665 2756 verbum
2695 2683 2810 2748 eius
2858 2684 3026 2754 (Psal.
3077 2681 3303 2756 Cauni,
3355 2688 3407 2751 7,
3437 2681 3529 2756 ‘8).
3565 2681 3832 2754 Abyssus

2186 2769 2440 2826 namque
2471 2753 2707 2826 dicitur,
2733 2770 2848 2808 non
2868 2753 3111 2810 tantum
3135 2757 3224 2810 hic
3247 2753 3522 2811 deorsum
3545 2753 3830 2826 aquarum

2186 2824 2608 2879 inaestimabilis
2643 2825 3030 2894 profunditas,
3056 2827 3156 2881 sed
3190 2829 3364 2882 etiam
3397 2824 3636 2883 sursum
3661 2829 3832 2884 istius

2185 2895 2486 2969 caliginosi
2535 2900 2708 2961 aeris,
2775 2913 2947 2968 quem
3001 2899 3381 2969 suspicimus,
3440 2899 3832 2968 immensitas,

2185 2968 2281 3042 qui
2316 2968 2496 3042 maris
2519 2984 2586 3042 ac
2637 2969 3092 3042 tegrrghumore
3140 2971 3361 3042 videtur
3411 2971 3829 3042 pinguescere:

2184 3037 2351 3108 Cujus
2383 3038 2642 3107 impulsu
2676 3037 2899 3094 ﬂebiles
2931 3056 3082 3094 aura:
3123 3037 3469 3108 excitantur,
3501 3037 3654 3097 velut
3685 3042 3828 3098 lanas

2179 3109 2392 3163 vellera
2420 3110 2603 3182 nubes
2626 3110 2940 3179 agitantur,
2969 3112 3201 3182 fulgura
3231 3112 3417 3182 ignita
3463 3115 3827 3172 emittuntur.

2180 3181 2314 3246 Quae
2345 3181 2540 3256 omnia
2572 3197 2662 3256 ne,
2696 3181 2845 3256 sicut
2881 3181 3222 3256 insipienter
3263 3181 3562 3254 sapientes
3597 3190 3825 3256 putant,

2177 3268 2311 3328 cesn
2344 3251 2821 3328 ettortuilulieri
2855 3253 3244 3320 crederentur,
3278 3251 3493 3328 sancta
3525 3251 3825 3328 Scriptura

2179 3323 2498 3398 vigilanter
2539 3322 2788 3398 proyidit
2829 3339 2841 3376 :
2894 3329 2954 3398 et
3001 3332 3392 3398 posteaquam
3441 3325 3603 3394 dixit,
3654 3322 3823 3398 ignis,

2176 3392 2403 3460 grando,
2435 3391 2558 3454 nix,
2607 3391 2828 3460 glacies,
2857 3391 3097 3463 spirit—us
3137 3391 3511 3463 tempestatis;
3549 3391 3822 3454 continue

2179 3463 2489 3534 subjunxit
2511 3463 2580 3516 de
2609 3463 2734 3531 ipso
2767 3462 3163 3518 universitatis
3196 3462 3458 3520 creatore
3486 3472 3651 3534 atque
3677 3469 3820 3523 Rec-

2179 3539 2321 3597 tore,
2355 3539 2412 3587 et
2443 3532 2543 3600 ait,
2575 3548 2693 3603 qua
2721 3535 2934 3605 faciunt
2966 3535 3185 3589 verbum
3221 3539 3355 3604 ejus.
3400 3532 3644 3591 Proinde
3677 3556 3822 3605 pen-

2179 3605 2414 3678 dentem
2436 3605 2658 3678 exhac,
2694 3604 2933 3678 ut‘zdixi,
2977 3608 3332 3676 providentia
3375 3604 3819 3678 dispensationis

2177 3676 2299 3750 Dei,
2333 3681 2388 3730 et
2430 3675 2688 3750 nubibus
2737 3675 3131 3750 flammantem
3183 3675 3490 3733 draconem
3543 3688 3822 3750 tanquam

2177 3748 2248 3802 de
2280 3746 2574 3821 superiore
2599 3749 2802 3821 abysso
2836 3749 3234 3821 procedentem
3256 3757 3431 3821 atque
3452 3746 3821 3818 emicantem,

2176 3835 2308 3874 cum
2342 3817 2685 3888 aliquandiu
2721 3817 2835 3872 huc
2883 3828 3051 3888 atque
3093 3819 3233 3875 illuc
3279 3817 3475 3876 motus
3522 3839 3619 3877 aer
3658 3817 3827 3880 ferret

2178 3899 2347 3964 atque
2374 3891 2642 3964 deferret,
2672 3905 2737 3944 ac
2759 3890 3126 3962 jamjamque
3150 3892 3629 3962 pra’cipitandum
3654 3911 3829 3964 super

2177 3963 2432 4034 mediam
2465 3961 2754 4015 civitatem
2785 3967 3000 4016 tremor
3017 3961 3276 4017 omnium
3302 3961 3400 4034 qui
3432 3966 3674 4018 aderant
3703 3961 3825 4021 exs-

2178 4033 2536 4105 pectantium
2560 4040 2614 4105 et
2630 4034 2990 4105 stupentium
3017 4041 3293 4102 cerneret,
3317 4033 3513 4105 fugere
3535 4043 3822 4091 conventu

2178 4103 2412 4176 publico
2444 4103 2739 4174 popularis
2770 4105 2942 4177 turba
2973 4106 3166 4173 cmpit,
3199 4117 3249 4160 et
3284 4103 3502 4176 passim
3539 4124 3826 4177 quacum-

2177 4175 2291 4246 que
2320 4177 2496 4230 timor
2525 4179 2740 4244 egerat,
2775 4175 2926 4247 sicut
2975 4177 3216 4244 quisque
3259 4175 3500 4247 poterat,
3533 4175 3823 4234 discurre-

2177 4248 2293 4302 bat.
2328 4248 2510 4301 Totus
2539 4247 2788 4320 denique
2819 4246 2944 4316 ipse
2975 4246 3292 4303 dissolutus
3338 4246 3826 4320 perturbatusque

2177 4323 2489 4374 mercatus.
2541 4317 2757 4372 Relicta
2788 4334 3043 4388 namque
3075 4319 3235 4374 omni
3287 4317 3669 4388 negotiatione
3710 4317 3824 4376 ter-

2177 4408 2336 4457 rena,
2389 4405 2489 4460 pro
2539 4389 2664 4442 sola
2706 4393 2934 4443 tantum
2987 4391 3248 4445 homines
3302 4392 3640 4448 metuebant
3689 4394 3824 4447 vita.

2179 4463 2316 4526 Quis
2347 4462 2501 4515 enim
2544 4465 2682 4514 tunc
2732 4466 3015 4532 quaereret
3065 4461 3220 4516 lucra
3268 4464 3544 4532 pecunias,
3576 4465 3632 4518 in
3669 4468 3825 4519 tanto

2177 4531 2515 4606 discrimine
2545 4531 3088 4606 damnadeplorans
3111 4531 3362 4606 animai?
3391 4536 3637 4606 autquis
3666 4536 3826 4606 cogi-

2177 4607 2323 4659 taret
2351 4605 2438 4658 vel
2474 4603 2729 4673 corporis
2759 4603 2998 4670 victum,
3031 4605 3355 4659 formidans
3390 4603 3661 4660 vitte'suaa
3697 4603 3826 4661 ulti-

2177 4691 2334 4730 mum
2369 4675 2686 4729 occasum?
2715 4674 2849 4744 quis
2899 4692 3068 4744 porro
3101 4682 3335 4745 cuperet
3374 4685 3612 4741 vestem,
3665 4683 3824 4731 metu

2177 4747 2383 4802 mortis
2412 4746 2686 4802 amittens
2719 4749 2969 4800 mentem
2991 4745 3016 4798 ?
3042 4747 3280 4810 Magnus
3303 4746 3471 4799 etiam
3505 4761 3825 4800 concursus

2178 4817 2575 4873 multitudinis
2608 4817 2677 4870 ad
2710 4817 2995 4886 gremium
3030 4815 3298 4886 Ecclesiae
3340 4818 3560 4880 matris,
3606 4817 3676 4870 ad
3710 4818 3824 4872 mi-

2176 4888 2548 4945 sericordiam
2604 4885 2872 4945 protinus
2931 4885 3259 4940 convolavit
3313 4886 3410 4940 Dei
3482 4887 3687 4941 Patris.
3743 4888 3825 4943 Ad

2176 4905 2548 4945 sericorniam
2646 4905 2872 4939 rounus
2931 4905 3259 4940 CODVOlaVlI.
3313 4905 3410 4940 uel
3482 4905 3687 4941 ratris.
3743 4905 3822 4943 Λα

2175 4961 2360 5029 ipsam
2394 4958 2570 5011 Amici
2604 4905 2705 5029 Boi
2739 4963 3022 5010 sacratam
3048 4957 3461 5012 Memoriamin
3487 4957 3631 5014 facie
3661 4975 3822 5028 pros-

2175 5027 2320 5084 trata
2354 5029 2586 5098 jacebal.
2617 5027 2843 5082 diversa
2889 5032 3049 5094 astas,
3098 5029 3298 5097 dispar
3345 5045 3580 5098 quoque
3627 5027 3817 5086 sexus.

2173 5101 2427 5155 Tandem
2462 5116 2561 5169 pro
2595 5106 2928 5154 cunctorum
2965 5099 3195 5154 fletibus
3219 5105 3547 5170 opportune
3567 5102 3636 5155 ad
3663 5102 3818 5156 Chri-

2175 5177 2330 5227 stum
2365 5171 2582 5226 domini
2626 5169 2906 5236 Stephani
2949 5171 3078 5225 fusa
3126 5169 3316 5241 prece,
3366 5171 3673 5227 clementia
3723 5172 3821 5228 Dei

2175 5252 2484 5309 annuente,
2511 5241 2981 5314 horrendusrille
3029 5243 3204 5296 draco
3255 5243 3539 5312 paulatim
3589 5243 3759 5314 cmpit
3789 5262 3821 5299 a

2173 5319 2482 5385 conspectu
2521 5313 2820 5386 hominum
2860 5313 3008 5367 inter
3053 5314 3294 5386 nubium
3340 5320 3506 5386 septa
3553 5313 3819 5370 subtrahi

2175 5393 2348 5468 atque
2380 5385 2679 5468 abscondi,
2705 5389 2762 5439 et
2785 5402 2902 5468 qua
2919 5385 3074 5468 venti
3108 5385 3511 5468 incubuerant,
3543 5388 3822 5468 redeunte

2175 5459 2298 5512 coeli
2335 5473 2539 5529 serena
2571 5457 2736 5529 facie,
2768 5457 2981 5512 discuti
3014 5465 3178 5526 atque
3219 5458 3482 5529 propelli,
3525 5474 3592 5514 ac
3623 5457 3708 5514 sic
3738 5475 3822 5514 re-

2173 5529 2389 5584 vocatis
2423 5527 2654 5593 animis,
2690 5533 2863 5598 atque
2909 5546 2941 5582 a
2987 5533 3148 5585 tanta
3195 5527 3433 5584 tristitia
3468 5531 3526 5585 in
3559 5529 3820 5586 laetitiam

2174 5601 2450 5664 reductis,
2467 5600 2870 5673 reddebantur
2889 5600 3004 5654 Deo
3026 5607 3083 5655 et
3100 5602 3298 5656 Amico
3321 5602 3443 5671 ejus
3464 5604 3666 5658 uberes
3688 5619 3822 5673 gra-

2173 5673 2269 5746 tias
2299 5689 2432 5727 cum
2463 5671 2800 5746 ingentibus
2833 5671 3106 5743 lacrymis
3137 5675 3206 5728 de
3239 5674 3541 5744 inopinata
3571 5671 3824 5746 gratula-

2175 5745 2330 5800 tione
2367 5742 2638 5814 profusis.

2241 5817 2296 5870 2.
2328 5813 2409 5871 Ad
2444 5813 2830 5887 haecaccedit
2876 5814 3043 5869 etiam
3104 5815 3260 5871 aliud
3305 5817 3584 5887 quiddam
3615 5834 3683 5873 ex
3712 5818 3820 5871 hoc

2171 5888 2299 5958 ipso
2350 5885 2629 5942 miraculo
2675 5887 3040 5941 mirabilius:
3076 5903 3144 5942 ne
3189 5885 3393 5958 ignara
3442 5889 3499 5943 in
3541 5889 3818 5945 omnibus

2172 5959 2756 6032 fragilitasrhumana,
2782 5958 2923 6032 nihil
2949 5961 3018 6014 de
3051 5959 3263 6016 divinis
3283 5960 3522 6032 judiciis
3552 5967 3609 6018 et
3639 5962 3815 6016 bene-

2172 6031 2318 6088 ﬁciis
2347 6031 2674 6090 evidentius
2703 6031 3074 6104 apertiusque
3103 6031 3327 6106 educta,
3359 6033 3443 6093 ita
3470 6037 3536 6093 ut
3563 6033 3811 6108 dignum
