4146 6198
385 267 497 328 851

379 403 591 468 fuerat,
624 398 939 474 exstitisset
966 399 1148 474 grata.
1193 393 1336 474 Ecce
1386 395 1888 474 namque‘altero
1912 389 2023 474 die,

372 485 718 544 procurante
743 470 936 522 divina
957 469 1686 544 dispensatione,_quidam_
1702 469 2026 544 negotiator

374 539 678 614 nunquam
724 553 966 614 nos_trae_
995 539 1265 614 cognitus
1300 541 1555 614 regioni,
1599 539 2022 614 subdiaconum

376 607 639 669 nostrum
675 611 904 667 nomine
934 610 1271 665 Sennodum
1297 611 1354 664 in
1382 607 1504 665 loco
1528 611 1983 666 Memblotutano
2005 607 2020 638 ¹

375 687 527 740 ultro
586 685 870 749 convenit,
922 688 978 736 et
1025 683 1096 736 ad
1149 698 1209 735 se
1255 684 1496 746 vocavit,
1530 687 1586 737 et
1634 675 2022 753 quisnamvel

374 758 526 811 unde
554 761 704 810 esset
734 756 804 809 ab
835 753 1033 809 eodem
1071 753 1367 823 ﬂagitavit.
1402 753 1509 816 Qui
1555 751 1665 808 ubi
1687 771 1747 808 se
1779 751 2020 806 subdia-

375 843 583 883 conum
607 825 904 881 Uzalensis
927 825 1193 879 Ecclesia
1221 831 1575 880 memoratus
1592 831 1699 892 est,
1724 823 2022 894 respondit

375 899 651 953 continuo
685 899 835 952 idem
869 897 964 951 ille
1012 896 1247 967 ignotus
1297 898 1470 950 homo
1503 898 1569 965 (si
1605 895 2019 967 tamenisolum

375 970 550 1024 homo
577 986 590 1023 :
625 969 976 1024 credendum
1010 966 1100 1022 eet
1129 968 1280 1020 enim
1307 969 1442 1038 quia
1473 969 1714 1038 angelus
1733 976 1782 1021 et
1808 966 2018 1031 homo;

377 1057 565 1112 neque
597 1043 749 1095 enim
785 1041 892 1094 hoc
927 1039 1017 1112 vel
1066 1039 1395 1112 inauditum
1442 1045 1638 1112 atque
1665 1040 2020 1112 inexpertum

377 1109 488 1179 est,
521 1111 642 1166 sive
674 1111 930 1183 religioni
965 1109 1300 1183 christiana:
1329 1111 1447 1165 sive
1480 1111 1693 1183 notitiae
1729 1109 2020 1183 humana},

379 1192 610 1238 sanctos
638 1179 906 1254 Angelos
938 1187 1164 1236 terreno
1216 1181 1414 1235 habitu
1465 1187 1520 1236 et
1572 1181 1784 1234 visibili
1834 1179 2023 1254 specie

382 1251 1092 1324 plerumque'hominibus
1115 1254 1498 1324 apparuisse).
1539 1254 1700 1308 Dedit
1729 1267 1864 1324 ergo
1895 1251 2024 1324 sub-

381 1321 976 1381 diaconoimemoratn
1011 1321 1209 1379 velum
1231 1324 1406 1379 variis
1462 1326 1677 1392 pictum
1711 1321 2022 1386 coloribus,

382 1398 442 1474 in
497 1414 612 1468 quo
662 1399 849 1474 inerat
899 1397 1125 1474 pictura
1174 1396 1332 1474 haec:
1370 1397 1426 1474 in
1459 1398 1686 1474 dextera
1727 1393 2026 1474 veli‘parte

384 1464 776 1538 ipse—sanctus
807 1464 1137 1538 Stephanus
1168 1468 1470 1521 videbatur
1501 1471 1786 1538 astare,et
1815 1464 2023 1538 glorio-

383 1534 510 1594 sam
543 1555 773 1594 crucem
809 1534 1058 1610 propriis
1093 1538 1410 1607 repositam
1459 1539 1712 1610 humeris
1745 1534 2024 1610 bajulare,

386 1624 500 1679 qua
531 1613 716 1666 crucis
748 1606 979 1679 cu'spide
1013 1606 1233 1679 portam
1277 1609 1522 1662 civitatis
1571 1608 1868 1679 videbatur
1899 1606 2025 1676 pul-

385 1678 535 1741 sare,
558 1696 624 1734 ex
656 1698 771 1750 qua
795 1678 1124 1748 profugiens
1141 1681 1312 1734 draco
1335 1679 1661 1732 teterrimus
1685 1678 2029 1750 cernebatur

387 1751 559 1809 exire.
593 1747 803 1804 Amico
827 1751 923 1804 Dei
956 1751 1222 1803 videlicet
1269 1751 1633 1805 adventante.
1685 1747 1898 1802 Verum
1933 1747 2028 1801 ille

386 1837 628 1892 serpens
677 1821 884 1875 noxius
937 1838 1039 1892 nec
1088 1821 1161 1892 in,
1195 1821 1318 1892 ipsa
1352 1822 1498 1892 fuga
1547 1820 2028 1892 tutissimus,s_ub

384 1890 725 1960 triumphali
760 1893 901 1961 pede
934 1890 1200 1960 Martyris
1232 1890 1439 1943 Christi
1473 1893 1756 1961 contritus
1785 1890 2026 1958 aspicie-

388 1963 561 2016 batur
591 1968 646 2015 et
680 1960 936 2031 pressus.
971 1961 1127 2031 Talis
1161 1961 1352 2030 itaque
1383 1961 1608 2030 pictura
1630 1960 1736 2014 veli
1762 1977 1872 2014 non
1906 1975 2031 2014 om-

389 2035 528 2087 nino
560 2030 776 2102 absque
811 2033 1081 2102 mysterio
1114 2030 1211 2085 Dei
1244 2031 1337 2085 ubi
1371 2049 1401 2085 a
1436 2037 1753 2086 memorato
1787 2031 2030 2085 subdia-

375 2100 532 2156 ’σοιιο
564 2100 737 2156 allata
769 2100 982 2172 pariter
1027 2109 1201 2171 atque
1247 2119 1534 2173 suspensa
1564 2108 1652 2157 est
1681 2108 1814 2157 ante
1842 2103 2029 2172 ipsam

387 2173 721 2228 Memoriam
772 2173 919 2228 tanti
981 2174 1224 2242 patroni,
1283 2174 1475 2229 omnis
1532 2180 1670 2228 aetas
1727 2175 2032 2242 omnisque

387 2261 562 2299 sexus
591 2244 803 2299 intueri
823 2251 878 2300 et
901 2245 1098 2299 mirari
1120 2246 1609 2316 ccepit,tanquam
1635 2245 2031 2316 spectaculum

387 2317 776 2399 grandekquo
808 2317 1024 2399 scilicet
1053 2323 1286 2399 auctore
1317 2333 1498 2399 quove
1527 2317 1831 2399 liberatore
1861 2319 2030 2399 draco

387 2387 486 2460 ille
516 2389 843 2442 exstinctus
875 2393 964 2442 est
986 2389 1287 2460 hostisque
1309 2388 1587 2443 devictus.
1614 2389 1798 2444 Gesta;
1821 2390 2032 2460 quippe

388 2458 466 2514 rei
503 2459 672 2513 [idem
707 2459 1083 2530 praecedentis
1115 2458 1229 2513 diei
1254 2461 1701 2514 commendabat
1732 2461 1787 2514 in
1821 2458 2032 2515 animis

387 2531 650 2585 omnium
702 2531 994 2585 attestatio
1041 2531 1338 2601 sequentis
1389 2531 1525 2586 diei.
1578 2532 1839 2602 Namque
1887 2532 2029 2586 illud

388 2602 540 2671 quod
584 2601 908 2656 studiosius
939 2604 1286 2657 cernebatur
1317 2604 1374 2657 in
1405 2602 1671 2668 velo,boc
1696 2601 1819 2672 jam
1845 2603 2028 2658 credi-

389 2672 566 2727 bilius
597 2674 904 2746 tenebatur
929 2672 987 2727 in
1020 2689 1170 2746 vero.
1193 2673 1587 2746 Concurrebat
1615 2679 1771 2729 enim
1806 2676 2032 2746 pictura

385 2759 516 2816 cum
549 2745 753 2812 gratia,
787 2749 842 2798 et
871 2750 989 2798 tam
1027 2745 1310 2800 divinitus
1343 2746 1524 2816 pridie
1572 2745 2030 2816 gestumsalutis

383 2815 735 2888 beneficium
768 2816 1148 2888 recolebatur,
1183 2815 1358 2886 quam
1396 2815 1597 2888 postea,
1621 2817 1676 2872 in
1727 2817 1837 2872 veli
1877 2818 2028 2871 ima-

385 2887 518 2958 gine
575 2888 994 2942 advertebatur.
1047 2887 1299 2958 Denique
1349 2904 1416 2943 ex
1473 2889 1600 2958 ipsa
1651 2889 2031 2958 congruentia

387 2957 500 3030 diei
536 2959 913 3026 praecedentis
945 2964 1114 3029 atque
1138 2957 1440 3030 sequentis
1469 2957 1844 3027 veritatis,et
1885 2961 2030 3013 ima-

387 3028 521 3099 gine
553 3045 742 3101 rerum
777 3037 831 3084 et
857 3028 1246 3101 quorumdam
1289 3031 1796 3101 exemplariorum,
1828 3036 2028 3086 tantus

385 3101 457 3172 in
480 3099 679 3172 multis
711 3099 913 3170 stupor
945 3102 1271 3172 pariterque
1293 3099 1476 3170 amor,
1501 3102 1807 3157 admiratio
1829 3109 1881 3156 et
1905 3119 2032 3172 gra-

386 3171 590 3226 tulatio
623 3171 1070 3238 accendebatur,
1107 3171 1233 3226 utra
1264 3173 1492 3227 cunctis
1525 3173 1669 3227 nihil
1701 3175 1858 3227 aliud
1902 3171 2030 3228 em-

388 3243 527 3298 nino
558 3243 643 3297 vel
675 3244 965 3298 diceretur
995 3243 1081 3298 vel
1115 3244 1501 3298 affirmaretur
1544 3245 1654 3298 nisi
1688 3245 1794 3300 hoc
1825 3261 2029 3309 unum,

387 3313 529 3368 Vere
558 3315 692 3382 quia
723 3331 825 3386 per
855 3315 1112 3370 Amicum
1136 3331 1306 3370 suum
1335 3317 1486 3370 Deus
1507 3316 1676 3370 istam
1701 3315 2032 3372 liberaverit

386 3385 785 3458 civitatem,fet
815 3388 1095 3458 grandem
1146 3403 1178 3441 a
1224 3387 1389 3442 nobis
1438 3387 1659 3454 depulit
1690 3393 1930 3458 pestem.
1962 3388 2031 3442 Et

385 3473 580 3513 revera
627 3457 727 3512 Dei
780 3458 888 3512 fuit
933 3459 1001 3512 ad
1053 3457 1316 3513 homines
1365 3460 1629 3529 quaedam
1664 3457 1936 3514 allocutio
1969 3461 2027 3514 in

383 3529 509 3600 velo
544 3529 718 3600 tacite
749 3529 1137 3600 significantis
1168 3530 1597 3600 quodammodo
1648 3535 1704 3584 et
1743 3531 2024 3586 dicentis:

381 3598 425 3654 Ο
477 3599 673 3655 miseri
724 3598 1021 3669 mortales,
1076 3598 1247 3672 quale
1297 3600 1570 3656 hesterna
1619 3601 1710 3658 die
1760 3603 2029 3658 draconis

381 3672 685 3726 evaseritis
727 3672 1087 3737 incendium,
1120 3673 1206 3726 vel
1239 3674 1408 3741 cujus
1440 3689 1537 3742 pro
1570 3674 1734 3728 vobis
1767 3674 2026 3728 advocati

376 3742 564 3815 fuerit
584 3749 885 3811 acceptum
919 3743 1284 3813 suffragium,
1312 3745 1421 3797 isto
1455 3744 1720 3815 sequenti
1744 3747 1838 3800 die
1859 3746 2026 3799 istius

375 3812 487 3868 veli
539 3813 886 3883 figuratione
952 3812 1280 3885 intelligite,
1327 3819 1502 3885 atque
1537 3812 1831 3887 gaudete.
1884 3818 2028 3872 Hinc

377 3893 621 3957 vestram
656 3895 709 3940 et
742 3887 1158 3956 praecedentem
1196 3887 1570 3941 tentationem
1597 3893 1651 3941 et
1673 3887 2028 3957 subsequen-

378 3961 488 4010 tem
521 3955 924 4011 liberationem
949 3960 1100 4028 apud
1128 3957 1510 4026 vosmetipsos
1535 3955 2028 4025 conferte,cxinde

378 4045 489 4082 non
511 4029 712 4099 dubii,
745 4031 842 4083 sed
871 4028 1169 4095 certi,Deo
1206 4034 1390 4083 vestro
1416 4046 1512 4099 per
1544 4029 1804 4085 Amicum
1835 4048 2025 4086 meum

373 4098 589 4169 gratias
621 4102 788 4169 agite.
824 4100 966 4154 Ecce
993 4101 1303 4155 draconem
1337 4098 1627 4156 de’vestra
1648 4102 1877 4157 civitate
1909 4120 2028 4157 cer-

372 4170 511 4225 nitis
544 4171 898 4244 fugatumiet
928 4171 1257 4242 expulsum,
1278 4187 1409 4227 ecce
1431 4178 1823 4228 conterentem
1852 4179 2029 4244 caput

367 4244 496 4312 ejus
520 4245 772 4312 primum
789 4243 1093 4311 Martyrem
1115 4259 1302 4298 meum
1322 4260 1334 4297 :
1359 4259 1488 4299 ecce
1503 4245 1700 4300 Crucis
1722 4243 2026 4315 trepaeum,

372 4330 474 4382 per
499 4319 651 4384 quod
686 4315 903 4370 vicistis
935 4315 1259 4370 inimicum.
1284 4315 1398 4370 Hoc
1429 4332 1564 4385 ergo
1601 4318 1770 4371 modo
1801 4319 2028 4372 civitate

371 4393 574 4459 nostra
605 4403 638 4440 a
669 4392 829 4440 tanto
863 4387 1118 4456 periculo
1152 4387 1420 4454 primitus
1443 4387 1706 4459 liberata,
1736 4404 1800 4442 ac
1827 4393 2027 4459 postea

372 4455 476 4528 tali
510 4471 609 4521 per
660 4455 1080 4528 congruentem
1130 4459 1417 4528 picturam
1469 4458 1579 4513 veli
1628 4455 2025 4516 admonitione

374 4525 663 4598 instructa
693 4533 746 4598 et
779 4525 1145 4598 illuminata;
1163 4529 1394 4598 gemino
1412 4530 1690 4586 miraculo
1720 4535 1808 4586 est
1833 4533 2025 4588 omnis

373 4600 471 4669 pia
499 4596 696 4652 anima
725 4596 786 4652 in
821 4598 918 4653 Dei
948 4597 1135 4670 gloria
1165 4596 1498 4656 exhilarata.

369 4723 597 4780 CAPUT
630 4723 693 4780 V.
729 4755 796 4766 —
839 4725 909 4780 De
937 4725 1311 4798 dispensatore
1335 4727 1592 4796 pecuniae
1618 4727 1853 4798 publica:
1888 4727 2020 4781 Car-

925 4797 1172 4868 thaginis
1213 4799 1468 4853 liberato.

442 4921 589 4994 tsln
614 4938 791 4994 supra
819 4923 990 4978 dictis
1015 4923 1312 4978 miraculis
1351 4923 1574 4978 domini
1607 4923 1887 4993 Stephani
1922 4941 2018 4991 pa-

373 4992 520 5048 troni
553 4992 907 5062 communis,
937 4996 1182 5050 virtutes
1213 4996 1527 5050 sanitatum
1562 5004 1614 5050 et
1645 4992 1893 5052 visiones
1923 5014 2021 5052 so-

371 5065 666 5120 mniorum
717 5067 1072 5135 affectusque
1119 5082 1318 5121 eorum
1372 5068 1768 5123 mediocritate
1821 5073 2017 5124 nostra

369 5154 479 5192 nos
512 5136 826 5204 digessisse
858 5137 1280 5192 meminimus:
1315 5153 1470 5192 nunc
1491 5155 1623 5192 vero
1645 5141 1940 5194 evidenter
1959 5145 2016 5195 et

369 5207 657 5265 occultata
698 5210 811 5264 fide
854 5209 1093 5264 humani
1140 5209 1372 5264 habitus
1419 5210 1747 5279 corporales
1779 5211 2016 5280 appari-

368 5282 555 5335 tiones
576 5285 632 5336 et
655 5280 1180 5336 demonstrationes
1208 5282 1265 5334 in
1289 5281 1433 5344 foro,
1458 5281 1513 5334 in
1531 5282 1793 5350 judiciis,
1812 5283 1868 5336 in
1893 5284 2014 5339 luce

366 5353 502 5412 diei.
535 5357 594 5406 et
627 5357 913 5407 conventu
967 5351 1336 5422 populorum,
1383 5352 1650 5407 ordinum
1704 5353 2014 5423 dignitates

365 5423 704 5495 hominibus
737 5423 1112 5492 vigilantibus
1143 5430 1199 5477 et
1227 5423 1564 5480 videntibus
1593 5423 1880 5480 exhibitas
1916 5443 2014 5495 per

363 5493 553 5561 ipsum
588 5495 852 5550 Amicum
889 5496 1010 5559 Dei,
1063 5495 1378 5565 adiuvante
1427 5495 1692 5559 Domino,
1739 5493 2010 5566 cupimus

363 5579 651 5638 enarrare.
684 5567 869 5638 Igitur
899 5567 1268 5636 dispensator
1299 5566 1552 5638 pecuniae
1603 5566 1844 5637 publicae
1876 5568 2008 5623 Car-

361 5633 736 5704 thaginensis
774 5633 1044 5704 civitatis,
1098 5633 1424 5693 Florentius
1477 5633 1734 5701 nomine,
1768 5639 1919 5694 sicut
1949 5642 2006 5696 in

363 5703 578 5756 talibus
642 5703 1038 5762 functionibus
1086 5708 1374 5763 fiscalium
1431 5709 1727 5764 actionum
1782 5712 2008 5767 evenire

361 5769 902 5848 assoletoactorjbus
935 5793 1159 5844 earum,
1185 5784 1249 5832 ut
1273 5788 1463 5834 motus
1486 5795 1634 5845 sepe
1660 5786 2006 5845 potestatum

360 5841 469 5918 sub
499 5838 979 5918 quib‘usdegunt,
1022 5853 1076 5900 et
1117 5838 1358 5914 quorum
1407 5838 1609 5903 ditioni
1660 5838 2002 5918 inserviunt,

361 5912 696 5970 incurrant;
727 5907 881 5962 idem
914 5907 1092 5981 caque
1121 5907 1190 5970 ad
1227 5918 1547 5986 periculum
1581 5921 1789 5989 capitis
1827 5907 2004 5977 offen;

423 6026 439 6056 ι
478 6020 648 6069 Forte,
679 6014 1128 6081 Memblonitano,
1159 6029 1218 6073 ut
1249 6040 1428 6089 supra,
1457 6028 1548 6077 lib.
1581 6028 1627 6082 1,
1661 6041 1771 6091 cap.
1801 6029 1850 6080 5.

757 261 1180 324 APPENDIX.
1227 293 1304 304 —
1351 261 1452 320 DE
1497 254 1922 320 MIRACULIS
1969 248 2247 311 SANCTI
2292 251 2672 315 STEPHANI
2715 251 2952 313 LIBER
2995 246 3420 311 SECUNDUS.

3653 245 3770 304 852

2135 388 2594 457 samjudiciariaa
2624 386 3038 460 indignationis
3082 384 3423 460 incurrerat.
3459 386 3587 460 Qua
3616 381 3688 438 de
3720 397 3781 436 re

2135 473 2202 512 ex
2236 468 2515 531 praecepto
2546 462 2736 517 nescio
2752 457 2912 514 unde
2937 457 3325 531 proconsulis,
3353 457 3783 531 principitanter

2130 526 2341 604 jussus
2363 526 2450 586 est
2485 549 2629 604 rapi,
2660 540 2714 587 et
2744 534 2867 602 ejus
2917 526 3043 604 mox
3093 528 3398 604 obtutibus
3429 526 3578 604 sisti.
3615 526 3777 604 Quod

2135 617 2264 674 cum
2298 603 2517 674 absque
2551 598 2667 658 ulla
2699 598 2860 658 mora
2891 603 3147 674 officium
3182 600 3334 670 quod
3369 600 3634 670 patebat’
3674 598 3780 651 im-

2134 671 2368 742 plesset,
2403 671 2903 744 memoratumque
2934 673 3391 744 dispensatorem
3417 676 3662 744 raptum
3684 685 3782 739 per

2177 744 2434 799 oblicum
2478 747 2714 801 sedendi
2769 742 3102 815 proconsuli
3151 744 3210 795 in
3251 744 3568 815 secretario
3614 742 3781 796 obtu-

2177 759 2434 799 uoncum
2478 759 2714 801 sedendi
2769 759 3102 815 proconsuu
3151 759 3210 795 in
3259 759 3568 797 secretario
3614 759 3779 796 ontu-

2132 759 2330 882 lisset;
2363 817 2636 872 continuo
2671 816 2852 888 pallor
2881 817 3092 888 ingens
3116 813 3291 888 cmpit
3323 814 3646 888 discurrere
3680 828 3779 882 per

2131 889 2300 940 corda
2319 904 2514 942 eorum
2539 889 2637 958 qui
2660 885 2993 954 aderant,et
3010 885 3301 949 videbant,
3318 890 3494 955 atque
3521 885 3777 958 humana

2132 957 2504 1013 miseratione
2531 956 2824 1014 hominem
2847 957 3134 1024 dolebant,
3156 958 3403 1026 ejusque
3456 956 3774 1028 periculum

2134 1032 2481 1087 metuebant.
2521 1033 2736 1086 Interea
2783 1031 2905 1084 viso
2958 1028 3218 1100 protinus
3261 1027 3778 1100 quemfurialiter

2133 1101 2444 1174 quaerebat,
2477 1101 2733 1174 exsurgit
2764 1101 2819 1154 in
2852 1098 2991 1154 voce
3034 1098 3276 1174 terribili
3326 1106 3582 1170 potestas
3613 1099 3774 1163 irata,

2135 1171 2348 1226 minaci
2378 1171 3143 1242 eumdem'dispensatorem
3171 1172 3621 1242 interrogatione
3656 1186 3776 1242 per-

2133 1244 2387 1297 turbans.
2425 1250 2493 1297 At
2527 1245 2803 1314 pavefacti
2836 1242 3090 1299 hominis
3141 1243 3330 1311 fugata
3378 1247 3778 1314 mensﬂmetu,

2135 1330 2238 1368 nec
2271 1316 2407 1383 quid
2442 1312 2657 1370 diceret
2683 1315 3030 1370 inveniebat.
3064 1314 3173 1368 Sed
3205 1329 3330 1368 ecce
3351 1318 3496 1368 Deus
3529 1312 3628 1367 ille
3656 1329 3779 1367 ma-

2133 1385 2311 1454 gister
2342 1401 2372 1440 e
2421 1386 2562 1440 cmlo
2613 1387 2973 1457 prospiciens
3026 1401 3202 1455 super
3250 1384 3395 1440 filios
3443 1385 3780 1457 hominum,

2132 1458 2385 1511 miscens
2416 1455 2702 1513 severitati
2751 1455 3061 1526 lenitatem,
3096 1457 3286 1510 minas
3329 1459 3685 1511 transferens
3720 1455 3787 1509 in

2138 1528 2574 1600 benignitatem,
2589 1529 2923 1600 castigando
2941 1544 3163 1600 amans,
3181 1528 3428 1600 amando
3446 1527 3784 1600 consolans,

2130 1598 2308 1670 judex
2339 1598 2394 1652 in
2431 1599 2694 1668 ﬂagellis,
2745 1598 2912 1670 pater
2960 1599 3018 1654 in
3073 1598 3516 1666 blandimentis,
3568 1599 3785 1669 ubique

2139 1669 2346 1741 fidelis,
2380 1687 2669 1741 nusquam
2705 1669 2989 1734 crudelis;
3021 1671 3146 1741 ipse
3167 1686 3298 1741 ergo
3325 1670 3479 1724 Deus
3502 1670 3786 1725 Dominus

2137 1740 2210 1794 ad
2243 1740 2604 1795 liberandum
2628 1758 2757 1798 eum
2794 1740 3086 1796 hominem
3111 1740 3382 1810 angelum
3415 1758 3585 1796 suum
3612 1742 3781 1807 misit,

2139 1813 2208 1864 de
2240 1829 2350 1880 quo
2382 1812 2597 1866 dictum
2629 1819 2716 1867 est
2745 1829 2758 1866 :
2784 1815 3040 1868 Immittet
3070 1815 3296 1882 angelus
3335 1813 3552 1867 Domini
3581 1815 3637 1867 in
3669 1816 3781 1868 eir-

2137 1885 2291 1955 cuitu
2318 1883 2632 1938 timentium
2680 1899 2822 1950 eum,
2869 1894 2916 1938 et
2953 1891 3116 1955 eruet
3145 1884 3436 1955 eos.(Psal.
3469 1901 3662 1948 xxxm,
3700 1885 3776 1955 8).

2141 1953 2283 2008 Nam
2335 1970 2463 2008 cum
2515 1956 2881 2025 dispensator
2926 1954 3023 2009 ille
3071 1957 3199 2010 vitae
3250 1953 3373 2010 suae
3417 1957 3668 2011 incertus
3713 1953 3782 2010 ac

2140 2025 2357 2079 dubius
2389 2027 2499 2078 sub
2552 2031 2708 2080 tanto
2756 2032 2906 2081 metu
2958 2026 3234 2081 terribilis
3283 2028 3584 2097 potestatis
3627 2028 3783 2082 inter

2140 2097 2842 2169 quaestionariosiastaret,
2876 2103 3111 2168 repente
3139 2099 3440 2169 pulsatum
3473 2115 3530 2154 se
3559 2116 3592 2154 a
3619 2105 3778 2167 tergo

2142 2169 2441 2237 persensit.
2459 2168 2785 2240 Statimque
2799 2171 3100 2240 paululum
3119 2168 3338 2225 cervice
3355 2170 3564 2238 defixa,
3577 2170 3785 2225 oculis-

2141 2255 2254 2309 que
2285 2239 2481 2294 furtim
2515 2239 2830 2295 retrorsum
2856 2241 3128 2309 reductis,
3152 2241 3307 2295 videt
3337 2241 3493 2297 velut
3517 2258 3690 2296 unum
3715 2243 3785 2297 de

2141 2311 2517 2385 carnificibus
2539 2312 2690 2366 circa
2708 2328 2769 2367 se
2799 2318 3110 2379 astantem,
3134 2313 3361 2384 sibique
3387 2319 3787 2385 suggerentem

2141 2382 2278 2452 quid
2311 2388 2524 2452 ageret,
2557 2399 2730 2454 quem
2765 2400 2966 2455 rogare
2988 2385 3242 2451 deberet,
3265 2382 3552 2440 dicentem
3597 2391 3654 2440 et
3683 2387 3788 2440 ad-

2142 2457 2759 2526 monentemiglnvoca
2789 2460 3057 2510 sanctum
3087 2456 3472 2526 Stephanum.
3501 2459 3624 2522 Quo
3665 2458 3787 2512 viso

2140 2525 2450 2598 auditoque
2484 2524 2828 2598 Florentius,
2847 2544 2964 2582 sum
2992 2527 3167 2582 menti
3189 2524 3254 2582 ac
3275 2528 3476 2584 sensui
3499 2529 3787 2598 redditus,

2139 2602 2196 2650 et
2227 2597 2359 2668 fuga
2399 2597 2620 2670 dudum
2653 2604 2910 2670 recreato
2945 2601 3136 2654 animo
3169 2601 3549 2667 confortatus,
3579 2597 3788 2670 glorioé

2139 2684 2269 2722 sum
2299 2669 2654 2741 Stephanum
2683 2669 2832 2723 intra
2865 2670 3249 2738 semetipsum
3296 2687 3462 2726 orare
3492 2669 3668 2741 atque
3700 2672 3786 2727 in-

2139 2756 2344 2814 vocare
2369 2740 2619 2814 minime
2640 2741 2976 2814 desistebat.
2996 2741 3213 2796 Deinde
3235 2743 3453 2798 elevata
3473 2740 3791 2814 parumper

2139 2811 2282 2883 facie
2306 2811 2381 2883 ad
2413 2811 2864 2882 interrogantem
2895 2813 3181 2883 judicem,
3214 2813 3414 2869 oculos
3446 2811 3707 2870 intendit
3729 2816 3788 2870 in

2131 2882 2352 2957 judicis
2383 2899 2754 2957 assessorem.
2777 2882 2964 2957 Quem
2999 2901 3131 2938 cum
3166 2900 3311 2939 nova
3334 2885 3494 2951 facie,
3523 2903 3788 2957 novoque

2139 2954 2299 3028 vultu
2336 2953 2669 3028 micantem,
2713 2954 3140 3028 fulgentemque
3186 2957 3560 3028 conspiceret,
3593 2953 3784 3026 neque

2139 3024 2305 3098 illum
2333 3025 2442 3080 sibi
2477 3024 2865 3093 notissimum,
2893 3027 2992 3081 sed
3014 3024 3194 3082 alium
3230 3024 3578 3097 incognitum
3603 3024 3782 3098 atque

2139 3095 2452 3150 miriﬁcum
2495 3097 2715 3166 judicis
2779 3098 3181 3154 consiliarium
3244 3095 3524 3166 cerneret,
3581 3095 3784 3154 ita—ut

2138 3182 2273 3222 cum
2325 3175 2475 3222 esset
2525 3169 2825 3223 assessoris
2872 3175 3009 3224 nota
3061 3177 3226 3226 antea
3274 3170 3330 3224 in
3383 3172 3684 3238 omnibus,
3729 3175 3785 3226 et

2140 3238 2399 3310 marcida
2427 3256 2544 3293 ωνο
2573 3239 2631 3294 in
2661 3239 2824 3295 vultu
2857 3241 3197 3296 deformitas
3243 3247 3299 3295 et
3348 3241 3556 3296 senilis
3603 3249 3780 3310 mtas;

2138 3309 2196 3364 in
2229 3309 2326 3364 illo
2353 3327 2484 3365 vero
2517 3312 2610 3376 qui
2641 3311 2690 3366 ei
2725 3313 3059 3382 apparebat,
3092 3311 3330 3381 juvenili
3351 3313 3559 3368 decore
3586 3309 3784 3369 vultus

2139 3385 2195 3436 et
2225 3383 2442 3436 candor
2472 3382 2802 3450 effulgebat.
2837 3385 2952 3439 Hoc
2982 3385 3104 3439 viso
3155 3391 3513 3440 memoratus
3545 3385 3782 3440 Floren-

2139 3453 2402 3526 tius,diu
2440 3455 2807 3525 multumque
2852 3461 3168 3522 permotus,
3214 3472 3326 3510 non
3373 3457 3497 3526 jam
3547 3458 3783 3525 dubius,

2137 3525 2236 3579 sed
2271 3525 2476 3580 firmus
2497 3530 2792 3597 etcertus,
2816 3526 3127 3591 gloriosum
3153 3525 3510 3597 Stephanum
3537 3529 3613 3582 ibi
3640 3544 3782 3597 prae-

2138 3604 2358 3668 sentem
2387 3596 2656 3652 credebat
2700 3602 2922 3665 adesse,
2971 3596 3286 3668 ipsumque
3333 3600 3626 3654 occultata
3647 3596 3786 3655 'sede

2138 3667 2434 3721 intendere
2466 3684 2550 3732 se,
2583 3673 2636 3722 et
2670 3669 2725 3722 in
2771 3685 2878 3724 sua
2919 3667 3094 3724 causa
3136 3667 3390 3738 judicem
3442 3671 3663 3737 sedere,
3697 3669 3780 3725 vel

2129 3738 2317 3812 judici
2345 3739 2636 3812 assistere.
2671 3739 2814 3794 Nam
2849 3756 2963 3811 quo
2998 3742 3228 3811 plenius
3256 3742 3683 3812 perfectiusque
3715 3743 3786 3797 de

2137 3810 2234 3862 tali
2270 3809 2484 3864 visione
2516 3827 2581 3865 ac
2628 3809 3069 3880 praesent'atione
3126 3809 3304 3868 Amici
3354 3812 3451 3868 Dei
3505 3809 3780 3868 fiduciam

2136 3886 2383 3950 caperet,
2415 3883 2573 3955 videt
2605 3883 2929 3937 Florentius
2958 3886 3226 3938 eumdem
3277 3901 3448 3938 suum
3493 3885 3776 3955 suffraga-

2135 3957 2336 4018 torem,
2371 3953 2579 4023 suique
2604 3955 2842 4023 judiciis
2874 3955 3483 4010 misericordissimum
3514 3953 3781 4011 consilia-

2134 4028 2341 4090 torem,
2376 4026 2549 4080 etiam
2582 4042 2755 4079 manu
2789 4043 2896 4080 sua
2939 4027 3174 4082 sibimet
3213 4033 3589 4092 annuentem,
3623 4033 3679 4082 et
3709 4044 3780 4082 ne

2136 4096 2457 4168 quidquam
2515 4113 2752 4167 prorsus
2804 4097 3050 4162 timeret,
3084 4113 3182 4168 per
3214 4114 3455 4153 mannm
3487 4100 3779 4154 dexteram

2135 4167 2584 4240 signiﬁcantem,
2635 4167 2916 4240 vultuque
2956 4167 3125 4224 hilari
3173 4170 3282 4223 sibi
3316 4171 3694 4236 arridentem,
3727 4175 3784 4225 et

2137 4255 2298 4311 spem
2319 4238 2526 4293 salutis
2548 4238 2944 4309 plenissimam
2978 4240 3534 4311 pollicentem.Quid
3561 4242 3783 4296 multa?

2135 4309 2364 4365 Sensim
2398 4311 2724 4383 caspereilli
2760 4309 2992 4367 furiales
3020 4312 3277 4383 impetus
3299 4313 3518 4383 judicia
3559 4319 3782 4368 tumen-

2138 4386 2338 4451 tesque
2362 4382 2542 4454 animi
2576 4382 2644 4436 ad
2680 4399 2911 4438 omnem
2948 4382 3428 4454 tranquillitatem
3461 4384 3783 4439 lenitatem-

2139 4468 2251 4523 que
2281 4453 2528 4507 deduci:
2573 4455 2654 4507 ita
2707 4459 2768 4508 ut
2817 4470 2932 4510 non
2980 4453 3314 4510 formidaret
3346 4456 3627 4525 judicem,
3678 4455 3782 4511 sed

2139 4529 2476 4594 agnosceret
2511 4529 2767 4595 patrem:
2805 4543 2908 4599 nec
2939 4528 3104 4594 cujus
3155 4527 3402 4582 securim
3452 4528 3628 4599 capiti
3677 4544 3780 4582 suo

2137 4599 2590 4667 pertimesceret,
2624 4600 2719 4652 sed
2771 4598 2938 4667 cujus
2993 4600 3239 4653 favorem
3284 4598 3538 4668 preprite’
3576 4599 3781 4654 salutis

2135 4672 2408 4740 speraret.
2440 4667 2482 4724 Ο
2516 4668 2780 4732 Domine,
2817 4669 3076 4738 Domine,
3111 4669 3209 4740 qui
3241 4667 3406 4726 veras
3427 4675 3556 4725 tuas
3577 4671 3780 4725 laudes

2132 4738 2190 4792 in
2216 4739 2878 4814 _sacﬁris_tibi_7psalmi_s
2927 4738 3218 4796 decantari
3261 4758 3376 4796 non
3420 4747 3780 4814 arroganter,

2131 4811 2230 4865 sed
2267 4811 2716 4867 misericorditer
2761 4811 2974 4878 jubes:
3013 4829 3123 4868 non
3178 4829 3277 4880 pro
3326 4817 3427 4868 tua
3467 4811 3776 4881 jactantia,

2131 4882 2232 4937 sed
2265 4899 2364 4952 pro
2399 4888 2596 4938 nostra
2626 4882 2826 4949 tutela,
2883 4900 3014 4938 cum
3066 4883 3300 4944 dicitur.
3356 4885 3427 4938 Tu
3471 4883 3780 4941 dominaris

2125 4957 2378 5023 potestati
2406 4954 2597 5020 maris,
2633 4959 2835 5010 motum
2866 4965 3050 5010 autem
3081 4957 3354 5025 ﬂuctuum
3382 4957 3500 5026 ejus
3529 4963 3587 5010 tu
3621 4957 3778 5012 miti-

2125 5041 2220 5095 gas
2251 5027 2425 5096 (Psat.
2459 5042 2726 5090 Lxxxvm,
2762 5025 2883 5094 10)!
2920 5027 3076 5082 Sicut
3097 5030 3380 5081 consonat
3408 5025 3584 5082 etiam
3608 5045 3778 5083 evan-

2127 5096 2311 5167 gelica
2344 5102 2675 5163 auctoritas,
2702 5097 2797 5151 ubi
2823 5098 3066 5166 imperio
3089 5098 3300 5154 Christi
3323 5097 3428 5165 tui,
3461 5099 3604 5152 dum
3636 5099 3778 5154 levi—

2125 5175 2403 5239 garentur
2434 5169 2752 5224 turbulenti
2788 5169 2999 5224 ﬂuctus
3049 5185 3113 5225 ac
3157 5171 3330 5236 venti,
3367 5171 3648 5225 mirantes
3679 5171 3779 5225 di-

2123 5255 2254 5295 xere
2284 5241 2590 5309 discipuli:
2629 5241 2818 5308 Qualis
2846 5248 2924 5295 est
2955 5241 3066 5308 hic,
3114 5241 3211 5311 qui
3262 5243 3498 5310 imperat
3532 5243 3702 5297 ventis
3727 5251 3780 5298 et

2122 5314 2287 5384 mari,
2312 5317 2365 5367 et
2397 5313 2649 5367 obediunt
2677 5314 2729 5366 ei
2759 5313 2907 5381 (Luc.
2946 5329 3068 5378 νιιι,
3100 5311 3236 5384 25)?
3265 5311 3776 5384 Verissimumque

2123 5383 2278 5451 quod
2299 5385 2468 5438 etiam
2491 5383 2628 5438 alibi
2658 5384 2709 5437 in
2736 5399 3004 5439 sermone
3027 5383 3338 5453 Scriptura:
3361 5401 3537 5440 sacra;
3559 5383 3776 5440 dicitur

2121 5456 2190 5509 de
2223 5461 2317 5510 te:
2362 5455 2462 5510 Cor
2492 5457 2633 5524 regis
2685 5457 2743 5510 in
2793 5472 2959 5509 manu
3007 5456 3246 5522 Domini,
3286 5458 3434 5511 sicut
3477 5473 3634 5527 aqua
3677 5457 3774 5512 de-

2120 5543 2385 5593 currens;
2420 5543 2754 5597 quocumque
2809 5527 3087 5598 voluerit,
3120 5527 3260 5581 illuc
3314 5527 3596 5598 detorquet
3647 5543 3774 5583 eum

2120 5597 2307 5669 (Prov.
2334 5615 2446 5665 xxx,
2485 5602 2558 5668 l).
2592 5599 2676 5653 Tu
2712 5598 2888 5663 enim,
2924 5597 3190 5664 Domine,
3216 5601 3284 5652 de
3315 5597 3604 5654 consulari
3629 5599 3775 5654 irata

2119 5669 2390 5739 primitus
2422 5675 2637 5742 etpost
2668 5669 3046 5740 tranquillata
3079 5675 3517 5742 potestateerga
3539 5672 3775 5740 dispen-

2119 5747 2394 5805 satorem,
2429 5740 2572 5794 illud
2609 5743 2822 5796 nostris
2854 5741 3214 5810 temporibus
3245 5740 3584 5808 exhiburisti,
3617 5743 3770 5812 quod

2117 5811 2174 5865 in
2209 5812 2448 5882 antiqua
2491 5812 2800 5883 Scriptura:
2855 5812 3200 5868 auctoritate
3249 5813 3409 5883 prius
3456 5811 3772 5869 ferociente

2115 5887 2171 5936 et
2202 5899 2435 5936 rursum
2473 5882 2800 5938 blandiente
2829 5884 2985 5954 regia
3013 5882 3320 5954 potestate,
3377 5884 3530 5940 circa
3562 5885 3768 5940 Esther

2180 5972 2207 6037 ιν
2229 5970 2324 6018 ΡΡ.
2353 5971 2678 6037 Benedictini
2704 5975 2894 6037 notant
2920 5972 3006 6021 hic
3018 5973 3094 6037 in
3121 5974 3390 6036 margine;
3418 5994 3444 6018 α
3479 5975 3761 6037 legendum

2113 6034 2265 6090 torte,
2290 6035 2534 6096 parebat,
2565 6035 2670 6095 vel,
2700 6035 2924 6094 petebat.
2961 6054 2987 6082 ι
3017 6035 3084 6086 Μ.
3169 6043 3206 6092 ’ἶ
