4078 6368
448 421 500 462 Π
1589 413 1871 471 ΝΟΤΙΤΙΑ
1911 416 1979 472 IN
2020 418 2077 475 S.
2113 417 2536 476 EPIPHANIUM

512 520 596 577 10.
643 520 989 592 Epiphanius,
1019 524 1306 595 episcopus
1336 525 1486 592 Afer,
1514 526 1579 583 de
1604 544 1714 599 quo
1743 529 2129 605 Martyrologia
2162 533 2193 584 7
2221 534 2393 604 April.

509 614 593 667 11.
639 612 861 669 Flavius
902 616 1107 671 Annius
1148 617 1447 672 Eucharius
1488 618 1838 689 Epiphanius,
1876 624 1979 679 sub
2013 624 2256 680 Honorio
2285 636 2339 681 et
2373 626 2684 683 Theodosm
2737 627 3025 698 prtefcctus
3055 635 3231 702 urnis,
3280 638 3346 692 A.
3379 638 3442 695 C.
3471 641 3599 707 414,
3638 641 3703 698 de

440 726 548 782 quo
576 709 691 806 Jac:
725 711 1096 770 Gothofredus
1135 716 1203 770 ad
1244 714 1377 771 Cod.
1435 716 1692 773 Theodos.
1748 719 1844 774 lib.
1881 738 1935 788 γ,
1973 721 2047 777 De
2076 723 2300 778 domest.
2328 734 2377 778 et
2407 734 2717 794 protector.,
2750 737 2802 782 et
2824 727 3041 785 Gruteri
3077 730 3354 804 Inscript.,
3381 752 3434 806 p.
3464 752 3624 806 CLxx,
3649 739 3687 794 5

508 803 594 857 12.
639 803 968 875 Epiphanius
1015 809 1337 873 monachus,
1388 811 1452 865 ad
1485 826 1645 880 quem
1682 812 1925 883 epistola:
1959 813 2017 872 S.
2076 813 2203 871 Nili.
2241 814 2661 887 Videndumque
2723 834 2791 873 an
2824 820 3075 879 diversus
3114 824 3183 880 ab
3218 803 3321 883 hoc
3364 803 3706 900 Epiphaniusl

436 897 625 966 lector,
662 901 728 956 ad
755 917 917 972 quem
953 903 1094 958 idem
1123 904 1277 961 Nilus
1300 907 1509 961 scribit.
2416 976 2417 979 η

506 993 594 1087 15.
638 994 698 1050 S.
728 996 1078 1067 Epiphanius,
1114 1000 1405 1055 Ticinensis
1441 1003 1555 1058 sive
1585 1002 1863 1072 Papiensis
1890 1006 2184 1076 episcopus,
2218 1006 2310 1077 qui
2342 1022 2541 1078 magna
2566 1009 2709 1079 apud
2745 1009 3147 1067 Theodoricum
3188 1029 3369 1086 regem
3402 1018 3577 1087 gratia
3604 1035 3700 1074 va-

444 1085 613 1155 lebat,
644 1088 791 1144 circa
820 1091 886 1144 A.
923 1090 983 1146 C.
1016 1093 1141 1159 490,
1169 1094 1329 1164 cujus
1375 1095 1550 1149 Vitam
1580 1096 1799 1167 scripsit
1824 1113 2114 1155 successor
2140 1098 2442 1154 Ennodius.
2469 1096 2604 1154 Vide
2637 1099 2859 1156 Surium
2884 1111 2938 1158 et
2968 1085 3290 1161 Bollandum
3314 1110 3383 1162 ad
3409 1085 3585 1164 Ξ1-22
3612 1109 3688 1167 Ja-

431 1195 593 1325 nuar.
633 1191 688 1238 et
729 1171 1010 1241 Sirmondi
1060 1184 1364 1242 Ennodium
1413 1200 1548 1246 tom.
1579 1189 1601 1244 l
1629 1189 1765 1262 Opp.
1803 1192 2118 1263 Sirmondi,
2148 1210 2202 1265 p.
2238 1194 2375 1249 1647
2406 1212 2523 1269 seq.
2573 1194 2884 1253 Tillemont.
2919 1207 3051 1255 tom.
3081 1200 3206 1255 XVI
3241 1201 3465 1261 Memor.
3508 1206 3703 1263 histor.

431 1287 517 1325 ccc
542 1289 613 1325 es.
902 1316 905 1319 μ

430 1287 613 1327 εεειεδ.

505 1363 591 1419 1-1.
638 1364 988 1453 Epiphanius,
1044 1369 1373 1437 chartarius,
1405 1371 1518 1427 sive
1547 1373 1917 1430 chartularius
1948 1376 2162 1433 comitis
2186 1343 2522 1447 patrimonii,
2554 1380 2712 1451 cujus
2740 1381 2990 1438 meminit
3014 1380 3294 1443 Ennodius
3322 1385 3452 1455 Vll,
3494 1389 3517 1443 1
3548 1396 3603 1444 et
3634 1390 3703 1445 10

432 1457 589 1525 epist.

506 1553 591 1613 15.
636 1553 963 1623 Epiphanius
1013 1555 1276 1618 Petraeus,
1313 1557 1507 1629 Syrus,
1542 1556 1741 1614 Juliani
1788 1569 1843 1615 et
1886 1559 2103 1631 Ulpiani
2130 1604 2144 1628 ,
2178 1565 2495 1630 rhetorum,
2530 1566 2854 1638 discipulus,
2902 1573 2997 1641 qui
3044 1583 3096 1629 et
3145 1577 3197 1630 in
3248 1578 3424 1647 patria
3458 1588 3514 1635 et
3551 1583 3695 1651 apud

430 1648 789 1706 Athenienses
816 1653 1020 1708 docuit.
1052 1651 1127 1709 De
1178 1654 1269 1711 illo
1296 1654 1576 1726 Eunapius
1607 1666 1661 1712 et
1695 1656 1891 1713 Suidas
1924 1660 2021 1729 (a),
2055 1661 2148 1729 qui
2179 1662 2379 1731 scripta
2409 1662 2571 1716 etiam
2618 1673 2885 1729 recenset,
2925 1667 3061 1734 Περὶ
3094 1672 3408 1736 κοινωνίας
3432 1672 3533 1725 καὶ
3566 1648 3694 1729 dia-

431 1737 618 1810 φορᾶς
650 1740 765 1793 τῶν
821 1741 1099 1796 στάσεων
1134 1745 1652 1816 ιΙρογυμνάσματα
1671 1786 1686 1812 ,
1721 1748 1991 1815 Μελέτας
2010 1789 2024 1813 ,
2056 1752 2452 1819 Δημαρχικὸν,
2481 1755 2965 1824 Πολεμαρχικὸν,
2994 1760 3223 1827 Λόγους
3259 1761 3694 1831 ἐπιδεικτικούς

431 1840 485 1886 et
517 1833 820 1903 σύμμικτα
850 1836 1210 1904 (immutata.
1244 1837 1375 1908 Ejus
1415 1839 1649 1909 hymnus
1686 1840 1741 1891 in
1782 1838 2041 1894 Bacchum

2112 1840 2328 1897 Sozom.
2367 1858 2452 1909 v1,
2494 1843 2585 1897 25.
2636 1844 2717 1899 Ad
2750 1846 2895 1900 hunc
2927 1847 3288 1921 Epiphanium
3324 1854 3535 1912 Libanii
3572 1860 3692 1930 epi-

431 1926 602 1981 stolae.

501 2022 589 2077 16.
634 2020 986 2093 Epiphanius,
1024 2022 1198 2078 Mileti
1225 2026 1520 2093 episcopus,
1569 2025 1661 2095 qui
1697 2025 1942 2081 interfuit
1976 2027 2186 2097 synodo
2236 2027 2499 2095 septimae,
2536 2029 2649 2082 sive
2675 2025 2904 2084 Nicasnae
2934 2031 3202 2098 secundae,
3255 2049 3361 2089 una
3393 2050 3516 2091 cum
3559 2036 3693 2108 Epi-

430 2117 654 2188 phanio,
701 2119 965 2190 episcopo
990 2118 1333 2174 Eleuthernze
1358 2128 1411 2173 et
1437 2120 1611 2174 altero
1639 2121 1879 2191 Λάμπης
1908 2121 2023 2175 sive
2056 2120 2294 2190 Lampus,
2319 2132 2375 2176 ct
2401 2121 2707 2192 Epiphanio
2736 2122 3076 2195 Hegumeno,
3109 2128 3225 2183 sive
3263 2131 3692 2190 archimandrita

430 2210 764 2278 Paranandi,
798 2221 853 2267 et
881 2210 1187 2281 Epiphanio
1225 2210 1458 2265 diacono
1495 2211 1810 2275 Catanensi,
1833 2212 2071 2281 episc0pi
2100 2211 2365 2268 Sardiniae
2392 2215 2619 2277 vicario,
2649 2216 2744 2286 qui
2776 2232 3087 2275 sermonem
3116 2222 3505 2292 panegyricum
3535 2224 3688 2280 ﬁnita

392 2294 397 2299 ’
431 2304 522 2358 illa
562 2305 778 2374 habuit,
809 2306 904 2376 qui
936 2305 1128 2359 Latine
1151 2309 1329 2358 exstat
1359 2309 1491 2356 tom.
1523 2300 1589 2355 Ill
1616 2301 1777 2365 Binii,
1811 2318 1934 2373 pag.
1974 2302 2099 2359 708.

501 2400 589 2455 17.
633 2400 998 2472 Epiphanius,
1038 2399 1290 2471 Selybrite
1338 2398 1392 2451 in
1424 2397 1653 2452 Thracia
1699 2399 2009 2468 episcopus,
2059 2416 2111 2469 qi

2080 2415 2221 2469 luem
2254 2399 2454 2456 Suidas
2484 2409 2669 2455 narrat
2713 2400 3004 2472 scripsisse
3041 2406 3237 2477 Λόγον
3267 2408 3690 2478 ἀηιρῤητικόν

432 2495 694 2552 adversus
728 2494 1104 2561 lconocautas,
1136 2494 1253 2549 sive
1281 2508 1377 2549 eos
1403 2493 1498 2563 qui
1526 2492 1791 2563 imagines
1819 2494 2154 2549 cremabant.

505 2587 591 2642 18.
636 2586 966 2658 Epiphanius
991 2585 1319 2656 patriarcha,
1370 2585 1447 2641 De
1473 2587 1685 2657 origine
1713 2588 1925 2644 dissidii
1957 2591 2100 2645 inter
2137 2589 2356 2648 Grmcos
2387 2600 2444 2647 et
2493 2590 2733 2658 Latinos,
2786 2608 2851 2649 ex
2884 2607 2991 2664 quo
3021 2591 3228 2663 profert
3257 2596 3516 2651 nonnulla
3544 2598 3691 2652 Alla—

434 2685 561 2748 tius,
606 2683 807 2741 Contra
836 2683 1262 2755 Creiygthonum,
1294 2698 1417 2753 pag.
1454 2683 1582 2751 377,
1614 2682 1736 2738 571.

452 2814 455 2815 ν
504 2784 592 2840 19.
637 2781 967 2853 Epiphanius
1002 2769 1417 2851 Alexandrinus,
1452 2796 1737 2838 sacrorum
1768 2780 1999 2838 Osiridis
2022 2792 2074 2838 et
2104 2784 2191 2840 dei
2221 2786 2449 2853 Αῑῶνος,
2488 2786 2603 2841 sive
2630 2784 2777 2851 Evi,
2812 2786 3096 2859 interpres,
3129 2789 3196 2845 de
3228 2802 3338 2860 quo
3365 2788 3689 2845 Damascius

433 2882 574 2952 apud
604 2880 848 2937 Suidam.
890 2880 1053 2935 Faen.

502 2976 585 3031 Ab
617 2975 913 3046 Epiphanio
962 2980 1147 3033 nescio
1197 2996 1328 3051 quo,
1362 2996 1464 3036 nec
1509 2980 1802 3037 Lambecio
1840 2982 1893 3035 in
1924 2980 2219 3035 Comment.
2261 2980 2396 3035 Bibl.
2435 2980 2660 3044 Casam
2707 2979 2798 3046 IV,
2834 2996 2956 3051 pag.
2989 2982 3113 3046 561,
3150 2981 3285 3037 satis
3334 2976 3586 3052 cognito,
3628 2982 3684 3034 in

434 3074 557 3130 cod.
593 3073 716 3138 164,
745 3091 800 3129 n.
833 3076 889 3142 4,
916 3089 1295 3147 proponuntur
1327 3080 1538 3135 cuidam
1568 3078 1625 3134 S.
1662 3083 1778 3134 viro
1810 3078 2135 3143 Qua-stiones
2165 3078 2330 3132 varice
2356 3092 2421 3132 ea:
2466 3076 2525 3132 S.
2576 3076 2634 3131 S.
2671 3086 2724 3132 et
2767 3077 2833 3131 ad
2880 3078 3002 3133 illas
3044 3079 3328 3132 memorati
3357 3078 3459 3133 viri
3508 3079 3682 3132 sancti

434 3170 812 3235 responsiones.
842 3165 951 3223 lnc.
990 3168 1109 3224 sine
1143 3170 1248 3225 ulla
1278 3172 1652 3242 inscriptione,
1695 3172 1753 3225 '0
1784 3171 1840 3223 δὲ
1880 3172 2041 3239 Ἐπιφ

2070 3186 2193 3232 ινιος
2228 3167 2557 3241 παραλαϐὼν
2586 3169 2675 3220 τὸν
2715 3166 3014 3238 μακάριον,
3053 3168 3271 3238 ἔρχεται
3300 3169 3380 3229 εἰς
3404 3166 3495 3221 τὸν
3525 3167 3680 3236 ἅγιον

446 3262 821 3335 Ἀγαθονίκην.
2813 3315 2817 3319 .

504 3354 585 3408 Ad
614 3352 973 3422 Epiphaniam
1023 3354 1195 3411 lilium
1235 3354 1449 3423 scripsit
1493 3351 1661 3417 Theo,
1695 3352 2128 3418 Alexandrinus,
2166 3350 2563 3420 Expos-itionem
2604 3368 2648 3403 s.
2697 3359 2975 3419 syntagma
3024 3348 3306 3402 secundum
3333 3348 3389 3400 in
3416 3346 3684 3416 expeditos

439 3444 709 3498 Ptolemaei
739 3461 981 3499 canones.
1018 3444 1081 3499 ν.
1116 3445 1256 3502 infra
1289 3446 1397 3500 vol.
1438 3442 1551 3496 Vlll
1582 3453 1685 3498 vet.
1724 3443 1835 3505 ed.,
1866 3458 1987 3512 pag.
2021 3441 2151 3507 212,
2204 3455 2259 3495 et
2292 3440 2519 3495 Bandini
2549 3438 2717 3493 lndic.
2750 3440 2817 3493 ad
2866 3439 2987 3495 Cat.
3025 3439 3177 3494 codd.
3211 3440 3303 3495 Gr.
3336 3439 3528 3505 Laur.,
3560 3454 3679 3495 voc.

440 3537 681 3592 Theonis.

508 3632 835 3703 Epiphanius
873 3638 961 3703 (an
990 3632 1226 3688 Theonis
1258 3633 1471 3703 filius?)
1500 3643 1553 3688 et
1582 3632 1817 3686 Andreas
1847 3631 1983 3699 Περὶ
2006 3630 2118 3700 βρο

2071 3628 2277 3683 scrtum
2323 3631 2417 3683 καὶ
2450 3631 2792 3699 ἀστραπῶν,
2825 3629 3030 3694 Graece,
3068 3631 3120 3685 in
3148 3630 3269 3685 cod.
3302 3628 3342 3683 ΙΙ
3376 3628 3472 3684 Ge.
3511 3627 3681 3681 Whe-

445 3728 545 3783 leri
580 3728 634 3781 in
662 3727 836 3781 Catal.
866 3728 1020 3781 codd.
1050 3729 1272 3798 Anglice,
1317 3737 1445 3795 etc.,
1476 3728 1540 3796 ll,
1576 3745 1697 3799 pag.
1732 3729 1857 3791 357,
1888 3745 1942 3782 ιι.
1976 3728 2137 3782 9075.
2186 3725 2469 3795 Epiphanii
2497 3767 2511 3790 ,
2543 3726 2776 3781 Nemesii
2818 3730 3067 3796 episcopi,
3100 3727 3292 3797 fragm.
3326 3728 3387 3778 ἐκ
3418 3725 3510 3779 τοῦ
3534 3725 3677 3793 Περὶ

438 3822 880 3895 φιλανθρώπου,
914 3825 969 3877 in
1007 3822 1323 3895 Florilegio,
1356 3836 1486 3890 etc.,
1513 3828 1575 3880 in
1592 3827 1714 3882 cod.
1747 3824 1993 3879 Naniano
2024 3826 2045 3877 1

1646 3827 1714 3879 nl.
1747 3824 1993 3879 Naniano
2024 3825 2146 3890 152,
2183 3839 2305 3893 pag.
2339 3823 2438 3877 507
2469 3821 2729 3893 Catalogi.
2772 3822 2940 3901 Hann.

1643 4057 1731 4113 lll.
1758 4046 2052 4111 ~[sermones
2089 4072 2133 4110 s.
2177 4073 2460 4113 EPIPHANII.
2566 4072 2581 4093 κ

508 4263 692 4319 Graece
730 4262 966 4332 primum
996 4261 1341 4326 Ancoratunt,
1399 4261 1715 4329 Panarium,
1769 4259 2233 4331 Anacephalwosin
2281 4272 2335 4316 et
2366 4262 2565 4317 librum
2615 4261 2688 4315 De
2738 4262 2995 4314 mensuris
3046 4277 3107 4313 ar
3145 4260 3461 4330 ponderibus
3510 4257 3680 4313 edidit

444 4353 494 4409 .l.
530 4353 805 4423 Oporinus
852 4368 919 4407 ex
953 4353 1135 4408 codice
1163 4368 1325 4423 quem
1370 4352 1749 4408 Melanchthon
1799 4363 1854 4407 et
1902 4351 2093 4408 Joach.
2126 4351 2475 4406 Camerarius
2524 4364 2553 4402 a
2583 4348 2632 4403 J.
2686 4348 2890 4419 Lango,
2936 4346 3296 4412 Erfurdiensi,
3335 4354 3675 4416 acceperant.

444 4454 671 4509 Basilea:
723 4451 775 4507 J.
826 4450 1077 4518 llervagii
1111 4464 1325 4522 sumptu
1364 4460 1417 4506 et
1453 4454 1593 4523 typis
1624 4469 1674 4507 a.
1712 4453 1870 4515 15M,
1921 4453 2015 4506 fol.
2064 4450 2190 4506 Haec
2233 4450 2397 4505 editio
2440 4464 2606 4502 manu
2635 4446 2857 4516 Iosephi
2894 4444 3147 4514 Scaligeri
3182 4453 3235 4498 et
3281 4443 3419 4498 Dan.
3471 4440 3679 4497 Heinsii

444 4548 647 4618 passim
676 4554 857 4601 notata
889 4545 990 4599 fuit
1014 4535 1076 4599 in
1101 4543 1233 4599 bibl.
1270 4542 1388 4599 Nic.
1417 4542 1646 4599 Hcinsii.
1680 4540 2015 4598 Fam—Est
2048 4556 2265 4611 quoque
2296 4539 2529 4609 exempl.
2560 4540 2615 4593 in
2648 4538 2775 4593 bil:l.
2804 4537 2956 4591 acad.
2993 4533 3349 4606 Erlang—8.
3392 4532 3679 4604 Epiphanii

446 4648 579 4717 Opp.
607 4662 728 4702 cum
757 4644 939 4698 oollat.
973 4642 1131 4697 codd.
1182 4652 1235 4696 et
1266 4643 1409 4696 notis
1458 4657 1591 4696 mss.
1633 4652 1848 4695 exstant
1878 4641 1929 4694 in
1965 4640 2095 4694 bibl.
2144 4639 2243 4692 Ed.
2286 4635 2568 4699 Bernardi,
2603 4634 2897 4689 secundum
2934 4630 3056 4685 Cat.
3104 4628 3257 4681 codd.
3287 4627 3516 4717 Anglice,
3549 4636 3678 4717 etc.,

443 4714 659 4810 ll,vpag.
701 4737 829 4798 227.
869 4752 925 4789 η.
964 4735 1091 4789 τηε
1120 4752 1135 4800 ;
1167 4734 1221 4787 ίη
1257 4732 1393 4787 Bibl.
1430 4741 1609 4787 autem
1642 4732 1924 4819 Leidensi}
1964 4730 2156 4800 Epiph.
2195 4727 2332 4797 Opp.
2376 4725 2547 4819 Graec.
2581 4722 2746 4819 Basil.
2780 4722 2979 4819 ista,"
3002 4728 3057 4773 et
3105 4718 3295 4819 esseni
3334 4716 3463 4819 ibat.
3496 4714 3677 4819 peri.

440 4807 691 4894 Cornar.,
721 4829 793 4883 ib.
829 4824 984 4890 1578,
1024 4824 1141 4893 fol.,
1178 4841 1302 4881 cum
1359 4823 1543 4878 multis
1572 4820 1687 4879 Jos.
1726 4807 1986 4892 Scalig'eri
2028 4820 2191 4882 notis,
2252 4816 2483 4887 margini
2523 4814 2792 4884 ascriptis.
2836 4811 2899 4866 V.
2940 4809 3061 4864 Cat.
3099 4809 3223 4863 bibl.
3251 4808 3427 4877 Leid.,
3481 4823 3535 4878 p.
3589 4807 3677 4863 39.

442 4927 703 5077 mittiue
732 5017 921 5072 eadem
974 5022 1209 5086 quatuor
1236 5007 1518 5081 Epiphanii
1552 5007 1750 5077 scripta
1776 5021 1839 5060 ex
1866 5003 1987 5059 Jani
2014 5002 2259 5059 Cornarii
2285 5002 2534 5057 versione
2563 5002 2880 5073 prodierunt
2900 5003 3136 5073 primum
3168 5000 3391 5055 Basilear
3417 4998 3482 5052 Α.
3520 4998 3679 5061 1545,

443 5120 563 5181 fol.,
592 5117 786 5171 edente
814 5120 1003 5168 eodem
1033 5107 1292 5179 Oporino.
1324 5104 1458 5159 Nam
1502 5104 1766 5159 editiones
1806 5101 1972 5156 Basil.
2005 5101 2135 5155 anni
2178 5098 2315 5153 1555
2350 5108 2403 5152 et
2430 5098 2566 5152 1540
2590 5142 2605 5163 ,
2640 5116 2778 5170 quas
2809 5098 2953 5156 Elias
2987 5099 3059 5154 du
3090 5097 3187 5152 Pin
3216 5106 3271 5151 et
3300 5096 3444 5151 Guil.
3472 5096 3683 5150 Caveus

444 5220 565 5281 post
594 5205 951 5262 Possevinum
987 5209 1310 5262 memorant,
1342 5212 1609 5268 nusquam
1643 5205 1879 5261 exstant,
1926 5205 1988 5249 ut
2034 5204 2177 5249 recte
2211 5194 2465 5249 observat
2501 5192 2663 5262 Casp.
2712 5190 3035 5262 Sagittarius
3075 5188 3129 5242 in
3168 5186 3573 5241 lntroductione
3613 5188 3681 5239 ad

442 5306 571 5360 Inst.
607 5302 810 5366 eccles.,
842 5315 894 5369 p.
930 5298 1051 5353 794.
1085 5294 1149 5349 Et
1183 5294 1321 5364 apud
1351 5293 1651 5347 Gesnerum
1687 5291 1828 5344 male
1858 5304 2122 5345 excusum
2153 5287 2311 5351 1555,
2343 5303 2441 5356 pro
2471 5286 2628 5341 1545.
2661 5285 2927 5341 Caeterum
2954 5287 3012 5340 in
3041 5283 3373 5339 editionibus
3402 5283 3569 5339 Basil.
3612 5286 3657 5335 A

445 5400 602 5465 ists,
638 5396 775 5454 l560
804 5395 898 5467 (b),
936 5392 1094 5457 1578,
1128 5392 1245 5455 fol.,
1280 5390 1453 5445 Paris.
1489 5387 1646 5453 1564,
1692 5388 1769 5451 8°,
1807 5387 1949 5455 apud
1977 5386 2055 5439 An

2074 5386 2299 5440 loenum
2346 5380 2604 5446 Parvum,
2656 5380 2887 5437 accessit
2919 5378 3134 5435 libellus
3161 5377 3235 5431 De
3268 5388 3375 5433 vita
3406 5378 3684 5448 propheta-

519 5689 593 5759 (a)
635 5686 700 5741 Et
727 5684 965 5759 Endocia
994 5684 1048 5739 in
1082 5682 1290 5752 Ίωνιᾷ,
1317 5695 1371 5751 p.
1411 5676 1513 5733 165
1534 5718 1548 5743 ,
1574 5674 1664 5729 ubi
1698 5672 1893 5744 legitur
1918 5636 2005 5741 61i-
2118 5668 3011 5759 [Epiphanii—:conlra_‘ocloginltt
3036 5662 3685 5759 harescippui—J-Mlar'z‘o

531 5734 1379 5831 ἓέοῖὲ-Ἡῐιίιῖὶἶζζ’ί’.”,
1750 5734 1841 5831 ί.
1942 5734 1981 5831 ,ζ
2114 5742 2141 5831 9

2114 5734 2372 5831 (:‘ornario
2395 5770 2464 5781 -—
2486 5740 2785 5831 interprete.
2802 5734 2873 5777 -ῖ
2896 5736 3011 5792 Una
3037 5754 3155 5831 cum
3182 5738 3304 5790 aliis
3336 5736 3570 5831 ejpsdem
3612 5734 3681 5788 D.

2142 5811 2161 5831 Σ*
2186 5812 2282 5831 ,3_-L
2299 5810 2398 5831 ,μξξ
2432 5812 2565 5831 -..Αμῖ
2607 5825 2662 5831 -.-
2717 5810 2908 5831 ..-μιζμ
2953 5824 3088 5831 ---..-‘
3158 5822 3316 5831 -........
3349 5823 3378 5831 Α.
3412 5817 3490 5831 5-.-
3533 5820 3677 5831 nun-aa,

727 5806 1111 5891 edita—(£560,
1143 5823 1198 5879 in
1242 5821 1418 5876 fronte
1455 5817 1716 5889 scriptum
1762 5822 1847 5870 est
1881 5832 1896 5868 :
1933 5812 2003 5867 D.
2114 5810 2398 5879 Epiphanii
2425 5807 2683 5878 operibus,
2713 5810 2911 5878 partim
2952 5824 3088 5863 nunc
3112 5808 3318 5861 demum
3349 5806 3492 5861 ultra
3530 5820 3682 5874 supe-
