4078 6368
404 322 413 387 ἵ
1579 365 1861 431 ΝΟΤΙΤἸΛ
1901 372 1966 428 ΙΝ
2010 378 2014 426 1

2114 372 2480 430 EPIPHANIU
2492 372 2536 427 Μ
2546 414 2558 427 .
3654 380 3688 423 v

431 512 551 550 rum
581 509 643 551 ex
672 494 923 551 versione
956 493 1150 549 Albani
1187 493 1396 561 Torini,
1420 505 1474 551 et
1501 497 1743 566 Epistola
1770 500 1839 552 ad
1867 497 2125 553 Joannem
2161 496 2701 567 Hierosolymitanum
2729 496 3048 565 episcopum,
3073 491 3129 546 S.
3159 490 3485 561 Hieronymo
3518 490 3689 544 inter-

432 597 608 659 prete.
638 587 705 643 Et
738 590 792 643 in
821 588 955 645 edit.
981 588 1160 647 Paris.
1208 588 1366 653 1566,
1405 588 1525 653 101.,
1561 589 1939 646 Theodoretus
1967 590 2049 645 De
2073 590 2335 645 haereticis
2372 588 2589 657 fabulis.
2625 586 2763 643 Hinc
2793 585 2918 641 Seb.
2972 584 3307 639 Cramoisius
3341 584 3397 636 in
3436 598 3533 637 sua
3571 581 3689 637 edi-

434 686 586 740 tione
614 682 788 739 Paris.
824 683 985 751 1612,
1021 683 1139 750 fol.,
1165 701 1274 741 non
1308 687 1471 741 modo
1499 686 1750 742 Cornarii
1779 688 2083 743 versionem
2111 703 2175 741 ex
2208 686 2686 742 observationibus
2708 683 2823 739 Jac.
2846 683 2987 738 Billii
3014 684 3107 740 lib.
3140 700 3179 748 ι,
3215 700 3265 739 c.
3304 682 3391 749 18,
3421 692 3475 738 et
3503 683 3597 737 lib.
3625 700 3687 746 ιι,

435 793 486 831 c.
525 777 616 842 15,
644 778 811 833 variis
844 778 898 831 in
923 777 1060 831 locis
1093 776 1372 831 emendari
1402 778 1631 840 curavit,
1685 778 1777 832 sed
1808 777 1971 831 etiam
2010 776 2263 845 adjunxit
2286 776 2471 831 Graece
2500 785 2555 831 et
2581 775 2774 830 Latine
2805 773 3185 845 Physiologum
3207 784 3260 830 et
3294 789 3600 829 sermonem
3632 773 3687 826 in

436 868 631 939 festum
662 868 978 922 Palmamm
1010 884 1132 923 cum
1157 868 1409 923 versione
1437 876 1491 921 et
1524 868 1667 923 notis
1691 867 1752 922 D.
1785 868 2005 924 Consali
2040 867 2219 923 Ponce
2236 867 2303 923 de
2332 866 2502 933 Leon,
2533 864 2891 937 Hispalensis,
2919 876 2972 922 et
2996 866 3286 923 Homiliam
3318 868 3394 922 De
3422 867 3692 938 sepultura

440 958 644 1014 Christi
672 974 796 1014 cum
828 960 1081 1013 versione
1112 958 1369 1014 Stanislai
1404 958 1694 1014 Phtenicii.
3405 949 3410 956 ’

506 1052 785 1107 Editiones
808 1052 1237 1109 Greco-Latina».
1264 1054 1339 1124 (a)
1364 1074 1375 1107 :
1409 1055 1456 1107 1.
1477 1053 1822 1120 Parisiensis,
1854 1054 2191 1110 sectionibus
2214 1055 2328 1111 sive
2346 1054 2613 1124 capitibus
2644 1054 2922 1121 distincta,
2953 1069 3079 1109 cum
3110 1054 3359 1110 versione
3388 1061 3441 1109 et
3466 1052 3693 1108 eruditis

436 1147 582 1202 notis
612 1147 854 1219 Dionysii
892 1149 1134 1212 Petavii,
1179 1149 1236 1203 S.
1272 1148 1354 1213 J.,
1403 1151 1507 1218 qui,
1542 1160 1737 1223 praeter
1769 1151 1900 1205 edit.
1936 1149 2302 1206 Basileensem
2344 1165 2475 1206 usus
2506 1159 2590 1205 est
2641 1151 2829 1207 codice
2872 1152 3017 1219 regis
3062 1150 3249 1206 Gallia:
3278 1160 3341 1205 et
3361 1150 3527 1205 variis
3566 1150 3691 1203 lect.

438 1243 560 1296 cod.
592 1240 863 1307 Vaticani,
912 1260 1049 1313 quas
1082 1244 1330 1301 Andreas
1374 1234 1633 1302 Stibottus
1663 1260 1786 1301 cum
1841 1246 1931 1301 illo
1965 1248 2498 1309 communicaverat,
2532 1246 2692 1311 1622,
2744 1246 2862 1308 fol.,
2897 1246 3112 1300 duobus
3140 1243 3532 1308 voluminibus,
3573 1259 3697 1313 ilum

438 1334 606 1389 editio
630 1351 660 1389 a
693 1334 915 1390 Labbeo
935 1347 1272 1393 recensetur.
1308 1338 1462 1405 Quod
1491 1356 1654 1409 porro
1680 1339 1981 1395 Salmasius
2006 1343 2102 1403 ait,
2132 1342 2335 1395 nullam
2366 1342 2616 1412 paginam
2641 1343 2893 1396 versionis
2935 1340 3238 1395 Petaviana:
3273 1340 3566 1410 insignibus
3598 1340 3696 1393 uli-

438 1440 564 1500 quot
600 1434 792 1486 erratis
824 1450 1032 1499 vacare,
1070 1434 1311 1504 iniquius
1341 1438 1545 1491 dictum
1575 1439 1744 1493 videri
1790 1440 1981 1509 possit,
2019 1439 2122 1494 nisi
2156 1439 2366 1509 majore
2396 1440 2561 1493 etiam
2600 1440 2881 1509 iniquitate
2908 1437 3162 1493 Petavius
3194 1434 3448 1488 Cornarii
3484 1433 3684 1488 versio-

440 1541 562 1579 nem
594 1526 970 1582 conculcasset
997 1537 1056 1581 ut
1090 1527 1375 1581 barbaram
1402 1528 1783 1599 insulsamque,
1837 1546 1946 1599 quo
1988 1530 2090 1583 nisi
2128 1539 2421 1599 prmeunte,
2451 1528 2640 1583 dubito
2694 1544 2761 1583 an
2796 1541 3041 1596 unquam
3074 1523 3358 1594 Epiphanii
3387 1523 3692 1578 versionem

438 1616 609 1674 ausus
642 1618 834 1675 fuisset
859 1622 945 1675 vel
978 1621 1323 1677 absolvisset.
1358 1621 1520 1677 Plura
1552 1623 1669 1679 loca
1694 1666 1708 1687 ,
1738 1641 1768 1679 a
1800 1624 2023 1679 Petavio
2079 1624 2259 1680 minus
2288 1635 2436 1679 recte
2466 1624 2756 1690 intellecta,
2793 1623 3071 1679 illustrant
3105 1621 3406 1677 Salmasius
3438 1619 3503 1673 ad
3548 1618 3695 1673 Soli-

440 1727 596 1775 num,
626 1713 719 1781 qui
749 1711 970 1767 feneum
998 1714 1344 1782 interpretem
1372 1726 1425 1780 p.
1455 1712 1560 1766 452
1594 1722 1775 1777 vocat,
1808 1725 1862 1768 et
1893 1714 1957 1766 de
1994 1713 2610 1769 transsubstantiatione
2638 1728 2761 1783 pag.
2795 1714 2883 1779 55,
2914 1713 3040 1775 540,
3078 1721 3131 1766 et
3166 1712 3232 1766 de
3257 1726 3411 1766 coma
3444 1724 3565 1778 pag.
3596 1706 3691 1773 92,

442 1800 498 1854 in
528 1800 719 1870 primis
764 1802 867 1856 sub
907 1801 1185 1858 Francisci
1217 1800 1412 1855 Franci
1451 1801 1672 1857 nomine
1702 1812 1890 1857 contra
1935 1802 2278 1859 Ccrcoetium
2323 1805 2437 1860 sive
2467 1803 2768 1870 Petavium,
2828 1820 2951 1875 pag.
2983 1807 3049 1861 75
3083 1822 3222 1876 seq.,
3254 1814 3356 1859 etc.
3393 1790 3696 1858 Gatalterus

441 1900 558 1945 toto
588 1892 763 1961 capite
796 1892 888 1957 56,
920 1892 973 1946 in
1014 1909 1123 1962 quo
1150 1897 1313 1951 etiam
1348 1899 1617 1968 permulta
1652 1898 1941 1970 Epipltanii
1994 1902 2110 1956 loca
2141 1903 2523 1967 emendantur,
2557 1904 2841 1957 Adversar.
2873 1902 3163 1971 posth'um.,
3214 1914 3266 1957 et
3294 1902 3361 1956 ad
3410 1898 3487 1955 Μ.
3526 1899 3695 1953 Anto-

442 1987 649 2049 ninum,
681 2002 801 2056 pag.
843 1986 932 2051 48,
972 1988 1094 2056 155,
1131 1990 1252 2058 155,
1280 2002 1386 2048 etc.
1418 1994 1578 2049 Ricb.
1611 1996 1983 2051 Montacutius
2015 1997 2048 2050 it

2096 1997 2367 2066 Apparatu
2398 1998 2465 2051 ad
2493 1999 2721 2067 origines
2755 1998 3164 2063 ecclesiasticas,
3198 2013 3322 2067 pag.
3356 1994 3613 2055 191-206,
3644 2001 3697 2045 et

443 2079 500 2132 in
539 2078 866 2149 Originibus,
899 2090 1048 2153 “tom.
1094 2081 1166 2145 ll,
1220 2099 1344 2154 pag.
1388 2086 1444 2138 11
1483 2101 1597 2155 seq.
1639 2085 1686 2140 J.
1724 2086 1922 2142 Croius
1966 2089 2018 2141 in
2062 2087 2353 2157 Specimine
2399 2088 2820 2159 conjecturarum
2873 2090 2942 2141 ad
2982 2093 3221 2160 quautam
3265 2088 3382 2142 loca
3424 2086 3689 2154 Origenis.

448 2174 788 2241 Tertulliani,
820 2177 1010 2233 [renati
1034 2188 1081 2233 et
1118 2179 1408 2250 Epip/tanit'
1429 2224 1444 2249 ,
1476 2181 1654 2238 Paris.
1686 2183 1847 2247 1652,
1880 2184 1957 2249 8°,
1992 2193 2044 2238 et
2077 2185 2131 2238 in
2162 2184 2460 2238 Observatt.
2499 2185 2700 2249 sacris,
2732 2200 2855 2255 pag.
2898 2185 3019 2247 M7,
3062 2182 3179 2243 156,
3211 2183 3334 2237 160.
3364 2179 3698 2236 Pearsonius

444 2270 693 2326 Prelect.
725 2273 794 2327 ad
828 2276 962 2330 Acta
998 2260 1194 2347 apost.,
1232 2294 1284 2349 p.
1320 2280 1378 2334 51
1406 2296 1420 2345 ;
1448 2278 1753 2335 Dodwellus
1787 2280 1858 2333 De
1894 2281 2219 2334 successione
2255 2280 2583 2349 pontiﬁcum,
2610 2296 2663 2349 p.
2697 2279 2800 2333 298
2832 2295 2985 2348 seq.;
3021 2278 3346 2337 Cotelerius,
3380 2291 3432 2346 p.
3467 2273 3595 2337 220,
3632 2272 3697 2325 ad

445 2364 726 2435 Chrysost.
759 2368 815 2421 in
844 2367 1055 2423 Daniel.
1086 2378 1139 2425 et
1178 2372 1243 2425 ad
1289 2370 1609 2427 Damascenl
1638 2371 1896 2434 Ηιενθεεδ.
1933 2384 2095 2443 atque
2122 2374 2173 2427 in
2206 2373 2326 2427 aliis
2353 2373 2603 2442 scriptis;
2633 2373 2767 2425 Acta
2798 2372 3043 2427 Sanctor.
3075 2371 3225 2426 Junii
3274 2381 3404 2422 tom.
3441 2366 3494 2431 l,
3524 2382 3578 2435 p.
3611 2367 3697 2420 19.

444 2455 679 2524 Cangius
704 2459 757 2513 in
790 2462 1149 2532 Συμψὲλλιον,
1179 2472 1282 2518 etc.
1308 2460 1515 2519 Omitto
1546 2463 1732 2519 Jacobi
1768 2465 1834 2518 de
1863 2464 2139 2527 Ardenna,
2168 2464 2356 2519 decaui
2382 2462 2729 2526 Cestriensis,
2758 2463 3142 2533 castigationes
3172 2462 3224 2515 in
3256 2459 3617 2530 Epiphanium
3651 2467 3702 2510 et

444 2552 724 2610 Petavium
747 2557 813 2612 de
834 2574 988 2614 sacra
1012 2559 1373 2621 Eucharistia,
1398 2561 1467 2615 de
1490 2561 1736 2616 caelibatu
1769 2564 2111 2617 sacerdotum
2140 2571 2195 2615 et
2216 2561 2283 2616 de
2313 2560 2652 2616 orationibus
2680 2575 2778 2630 pro
2805 2559 3097 2621 defunctis,
3125 2558 3295 2613 Lond.
3320 2560 3478 2621 1685,
3497 2558 3574 2611 4ο.
3604 2554 3698 2605 ΑΙ-

448 2650 782 2721 baspinaaum
814 2663 1002 2709 narrat
1036 2654 1193 2710 Rich.
1229 2653 1439 2720 Simon,
1479 2673 1610 2712 tom.
1645 2658 1664 2710 l
1695 2656 1865 2726 Epist.
1901 2638 2111 2719 select.,
2148 2672 2270 2726 pag.
2302 2655 2389 2721 12,
2423 2658 2686 2710 minatum
2726 2654 2915 2719 fuisse,
2950 2672 3009 2711 se
3042 2655 3356 2710 ell‘ecturnm
3379 2694 3392 2718 ,
3457 2662 3516 2707 ut
3551 2669 3701 2723 quie-

445 2748 573 2802 dam
606 2748 660 2802 in
690 2750 831 2805 notis
861 2750 1066 2807 Petavii
1094 2753 1308 2823 publica
1343 2769 1575 2809 censura
1607 2754 2100 2809 condemnarentur
2128 2774 2140 2807 :
2179 2756 2325 2823 quod
2363 2763 2543 2809 tamen
2586 2769 2693 2808 non
2727 2753 2925 2808 eiiecit.

518 2844 572 2898 2.
615 2844 915 2915 Lipsiensis
948 2848 1014 2903 Α.
1044 2848 1184 2902 1682
1232 2847 1332 2919 (b),
1365 2848 1485 2913 fol.,
1528 2865 1649 2919 quae
1674 2849 1913 2903 Coloniae
1943 2865 2138 2903 nomen
2170 2849 2450 2918 praeﬁxum
2485 2849 2660 2918 gerit,
2691 2856 2745 2902 et
2774 2847 2838 2901 ad
2869 2845 3097 2901 verbum
3131 2843 3492 2897 Parisiensem
3524 2838 3708 2909 expri-

448 2941 565 2996 nut,
605 2934 823 3001 additis,
857 2951 978 3005 quze
1036 2936 1088 2991 in
1137 2938 1228 2991 illa
1259 2937 1663 3001 desiderantur,
1710 2936 1927 2991 llenrici
1964 2936 2161 2991 Valcsii
2209 2938 2458 2992 oratione
2491 2938 2544 2991 in
2603 2936 2809 2991 obitum
2845 2935 3050 2992 Petavii
3097 2946 3149 2992 et
3192 2936 3368 3006 elogio
3397 2934 3517 3004 ejus
3545 2942 3709 3002 atque

449 3028 780 3098 scriptorum
810 3032 1036 3088 elencho
1067 3049 1131 3087 ex
1169 3032 1518 3089 Nathanaelis
1548 3034 1775 3088 Sotuelli
1808 3033 1949 3087 Bibl.
1981 3032 2266 3101 Jesuitica,
2312 3044 2367 3088 et
2396 3034 2599 3088 Petavii
2626 3034 2853 3089 elencho
2881 3032 3496 3103 dispunctiuucularum
3530 3028 3708 3083 Matu-

450 3120 555 3173 rini
595 3122 824 3176 Simonii
856 3123 932 3178 De
963 3127 1278 3194 paenitentia:
1301 3129 1408 3182 ritu
1440 3131 1595 3183 veteri
1622 3130 1678 3183 in
1714 3120 1973 3195 Ecclesia,
2007 3130 2121 3185 sive
2154 3130 2449 3200 Appendice
2473 3128 2539 3183 ad
2579 3128 2979 3199 Epiphanianas
3012 3128 3520 3189 animadversiones,
3560 3124 3707 3180 edita

450 3217 691 3285 primum
736 3217 911 3273 Paris.
952 3220 1109 3285 1624,
1141 3222 1216 3290 8°,
1245 3232 1300 3277 et
1324 3222 1490 3280 Gabr.
1526 3226 1872 3296 Albaspinteo
1903 3227 2183 3297 inscripta,
2215 3237 2377 3297 atque
2409 3227 2677 3298 capitibus
2714 3226 3191 3281 miscellanearum
3229 3223 3706 3288 exercitationum,

454 3312 727 3370 Salmasio
749 3319 1039 3386 oppositis,
1074 3328 1128 3374 et
1152 3320 1219 3373 ad
1250 3322 1453 3377 calcem
1481 3338 1707 3394 operum
1737 3323 1958 3388 Juliaui,
1979 3323 2152 3378 Paris.
2188 3324 2346 3388 1641,
2382 3326 2462 3390 4ο,
2492 3325 2700 3394 pridem
2729 3324 2986 3394 vulgatis.
3021 3319 3264 3384 Memini,
3299 3333 3385 3372 me
3417 3332 3484 3373 ex
3505 3315 3567 3369 B.
3601 3313 3713 3370 ltti-

454 3404 545 3471 gio
577 3406 781 3472 audire,
834 3407 1097 3465 Jacobum
1145 3411 1532 3476 Thomasium,
1569 3415 1948 3485 prolegomena
1990 3431 2127 3469 nova
2174 3415 2301 3469 huic
2332 3415 2619 3485 Epiphaoii
2653 3415 2883 3472 editioni
2916 3413 3354 3485 prtemissurum,
3401 3409 3596 3475 multa,
3640 3408 3708 3462 ad

454 3498 610 3553 illum
664 3500 936 3564 facientia,
975 3506 1279 3577 collegisse,
1312 3509 1405 3563 sed
1443 3509 1532 3563 illa
1561 3509 1792 3574 deinde,
1827 3510 2012 3565 nescio
2056 3527 2220 3580 quam
2254 3511 2324 3566 ob
2358 3528 2603 3577 causam,
2653 3510 3039 3582 praetermissa.
3073 3506 3252 3561 Etiam
3282 3506 3338 3560 in
3375 3505 3522 3559 Actis
3558 3502 3710 3557 erud.

457 3589 620 3653 1682,
654 3608 778 3665 pag.
807 3595 898 3657 94,
932 3596 1100 3665 legas,
1131 3598 1399 3652 editorem
1442 3597 1641 3653 addere
1669 3599 1933 3666 voluisse,
1983 3616 2104 3670 quae
2154 3600 2425 3656 Salmasio
2477 3602 2579 3657 sub
2609 3600 2829 3657 Antonii
2874 3599 3151 3655 Kerkoetii
3203 3596 3424 3653 nomine
3452 3594 3712 3649 Petavius

460 3685 759 3753 respondit,
794 3690 887 3741 sed
922 3688 972 3743 id
1005 3688 1183 3744 facere
1216 3690 1471 3755 veritum,
1494 3682 1662 3760 quod
1708 3689 1963 3745 Petavius
1995 3692 2109 3761 ipse
2139 3707 2339 3747 nomen
2380 3707 2541 3747 suum
2591 3692 2697 3747 illis
2728 3693 3081 3761 praescribere
3113 3693 3397 3748 noluisset.
3443 3690 3611 3745 Fann.
3646 3718 3715 3728 -——

459 3773 752 3845 llamberg.
789 3778 827 3831 l.
861 3793 912 3832 c.
948 3795 1071 3848 pag.
1120 3779 1151 3831 7
1182 3779 1441 3843 adnotat,
1473 3795 1627 3850 quas,
1674 3778 1789 3835 Jac.
1840 3781 2097 3837 Thomas.
2143 3782 2200 3836 in
2250 3781 2493 3852 Prolegg.
2546 3783 2959 3853 praemittendis,
2996 3799 3026 3838 a
3058 3784 3219 3839 Fabr.
3255 3782 3592 3845 memoratis,
3636 3779 3704 3834 de

460 3870 747 3941 Epiphanii
776 3875 925 3928 editt.
956 3877 1342 3946 nonnullisque
1370 3877 1491 3947 ejus
1528 3879 1746 3949 scriptis
1783 3878 2106 3950 collegisset,
2151 3896 2214 3935 ea
2263 3896 2293 3935 a
2324 3880 2374 3934 J.
2427 3880 2591 3936 Gottl.
2641 3880 2851 3936 Krause
2907 3881 2959 3935 in
3026 3879 3421 3935 Umstandliche
3479 3876 3709 3931 Becher-

461 3964 678 4017 historie
711 3980 763 4035 p.
795 3966 901 4020 262
937 3982 1054 4022 esse
1086 3967 1376 4036 publicata.
1425 3967 1562 4021 Add.
1594 3967 1642 4021 J.
1680 3968 1839 4023 Fabr.
1874 3970 1927 4024 in
1965 3967 2170 4024 "istor.
2197 3970 2324 4024 bibl.
2364 3969 2557 4035 Fabr.,
2594 3970 2637 4034 l,
2667 3989 2719 4041 ι).
2753 3970 2854 4026 116
2887 3987 3033 4043 sqq.,
3061 3971 3152 4026 ubi
3186 3972 3389 4025 multus
3422 3981 3505 4024 est
3532 3969 3599 4023 de
3625 3967 3711 4022 ed.

462 4056 681 4123 Colon.,
718 4058 784 4112 de
812 4057 1132 4128 Epiphanio,
1169 4058 1291 4129 ejus
1327 4059 1567 4128 scriptis,
1595 4062 1879 4115 erroribus
1904 4073 1958 4115 et
1987 4062 2123 4116 alios
2148 4062 2355 4118 laudat.
2384 4061 2496 4117 νγ.
2526 4061 2635 4116 DD.
2667 4062 2837 4118 "ARL.

1540 4156 1815 4212 Editiones
1850 4160 2123 4226 promissa:
2150 4169 2201 4214 et
2231 4160 2431 4214 codices
2470 4176 2598 4214 mss.

538 4241 773 4300 Pransos
806 4254 1024 4314 paratos
1053 4247 1107 4303 in
1137 4247 1500 4322 Epiphanium
1528 4254 1948 4309 commentarios
1970 4254 2169 4309 habere
2194 4269 2254 4310 se
2281 4262 2335 4309 et
2362 4268 2556 4308 novam
2584 4253 2728 4309 illius
2760 4252 3049 4323 scriptoris
3071 4250 3365 4309 editionem
3397 4258 3716 4305 curaturum

470 4334 752 4405 professus
778 4346 860 4392 est
885 4337 1077 4394 Petrus
1102 4338 1421 4397 Lansselius
1449 4341 1502 4395 in
1531 4340 1740 4411 praefat.
1770 4342 2173 4414 Dispunctionis
2206 4343 2619 4409 calumniarum,
2666 4358 2804 4414 quas
2836 4352 3014 4409 vocat,
3051 4343 3350 4400 Casauboni
3378 4344 3446 4397 ad
3475 4342 3718 4413 quwdam

472 4429 530 4484 S.
559 4428 764 4485 Justini
790 4434 1039 4504 martyris
1072 4434 1211 4488 loca.

541 4523 723 4579 Multis
752 4524 886 4579 locis
920 4526 1245 4581 emaculavit
1279 4523 1642 4595 Epiphanium
1689 4507 1939 4584 Joannes
1960 4528 2189 4595 Croius,
2222 4528 2394 4583 multa
2442 4528 2682 4584 correxit
2729 4526 2965 4585 Joannes
2995 4527 3345 4594 Pearsonius,
3391 4527 3719 4586 Cestriensis

470 4620 783 4689 episcOpus,
815 4630 947 4676 teste
1001 4621 1201 4684 Caveo,
1234 4637 1356 4692 qua:
1386 4621 1528 4677 forte
1559 4623 1856 4693 aliquando
1887 4624 1941 4679 in
1972 4625 2147 4680 lucem
2179 4622 2546 4695 proferentur.
2615 4622 3083 4680 Commentarium
3130 4641 3286 4681 suum
3332 4626 3385 4679 in
3434 4623 3721 4695 Epiphanii

473 4709 768 4765 Panarium
802 4722 1067 4764 memorat
1102 4711 1390 4766 Eduardus
1414 4711 1757 4769 Bernbardus
1788 4712 1940 4768 Notis
1972 4714 2040 4770 ad
2067 4713 2388 4784 Josephum,
2414 4729 2538 4786 pag.
2564 4713 2689 4769 525.

542 4802 828 4871 Epiphanii
857 4802 1149 4855 Panarium
1174 4803 1596 4874 elegantissimis
1622 4806 2035 4863 characteribus
2070 4822 2174 4861 ms.
2207 4822 2267 4862 se
2293 4821 2415 4862 esse
2455 4817 2684 4861 nactum
2708 4805 2900 4862 scribit
2941 4807 3167 4879 Caspar.
3199 4808 3456 4865 Barthius
3481 4811 3625 4865 notis
3655 4808 3721 4863 ad

473 4893 832 4946 Claudianum
868 4902 1105 4962 poetam,
1132 4909 1254 4963 pag.
1289 4894 1395 4947 245
1424 4896 1680 4952 editionis
1712 4896 1919 4950 llanov.
1954 4894 2117 4957 1612.⁹
2149 4893 2227 4963 8°,
2256 4909 2421 4963 quam
2444 4893 2662 4963 juvenis
2687 4893 2981 4948 admodum
3016 4897 3206 4952 edidit.
3238 4898 3492 4952 Codieem
3525 4912 3630 4951 ms.
3667 4897 3722 4950 in

476 4986 607 5040 bibl.
662 4986 875 5054 publica
916 4986 1124 5041 lenensi
1174 4987 1357 5043 laudat
1400 4990 1491 5045 W.
1526 4991 1789 5047 Ernestus
1820 4989 2129 5045 Tentzelius
2172 4990 2227 5043 iu
2270 4988 2513 5059 Dialogis
2545 4991 2848 5054 menstruis,
2893 4988 3214 5045 Germanice
3262 4990 3421 5044 editis
3465 4988 3528 5041 A.
3563 4988 3723 5049 1692,

478 5093 601 5146 pag.
634 5076 759 5131 885.
792 5076 1036 5132 ΡΑΒιιρ-
1064 5076 1180 5133 Jac.
1206 5079 1471 5134 Colletum
1506 5080 1686 5134 moliri
1715 5094 1909 5133 novam
1943 5077 2231 5148 Epiphanii
2265 5078 2422 5145 edit.,
2454 5079 2508 5132 in
2545 5094 2652 5148 qua
2682 5079 2951 5148 prtecipue
2984 5080 3219 5133 Panaria
3251 5093 3316 5133 ex
3351 5078 3474 5132 cod.
3514 5077 3722 5132 Veneto

481 5173 649 5231 Marc.
682 5174 787 5229 125
819 5174 1046 5229 inlinitis
1080 5176 1213 5231 locis
1242 5178 1619 5243 emendentur,
1671 5177 1853 5247 prodit
1884 5176 2147 5233 Villoison
2181 5176 2247 5231 in.
2263 5176 2463 5231 Anecd.
2495 5174 2588 5230 Gr.
2612 5218 2627 5243 ,
2673 5175 2715 5229 ll
2737 5217 2752 5244 ,
2790 5192 2842 5247 p.
2875 5175 3001 5231 2-15.
3053 5174 3154 5230 Per
3194 5174 3335 5228 banc
3381 5174 3725 5228 occasionem

483 5412 677 5465 riorem
701 5410 982 5485 editionem
1014 5413 1256 5482 adjectis,
1292 5416 1489 5485 partim
1512 5417 1673 5471 etiam
1703 5422 1868 5469 multo
1900 5432 2058 5485 quam
2165 5427 2426 5485 excusem
2454 5412 2650 5484 legitur
2672 5428 2793 5485 pag.
2823 5411 2926 5467 585
2951 5408 3280 5485 θᾶὶῑηΗΑῐίῐέ

483 5492 640 5536 antea
675 5478 1116 5538 emendatioribus
1138 5527 1154 5547 ,
1179 5478 1400 5553 quorum
1431 5487 1730 5553 catalogum
1775 5478 1926 5540 versa
1958 5501 2055 5550 pa-
2237 5485 2314 5552 (a)
2343 5478 2693 5553 Plura'etiaui
2722 5478 2837 5537 loca
2874 5485 2927 5535 in
2959 5483 3210 5536 versione
3231 5478 3479 5553 Cornarii
3505 5480 3727 5553 castigat

484 5555 608 5632 gina
641 5554 892 5636 ostendet.
924 5544 1291 5625 —Basil.'per
1305 5555 1567 5610 Joannem
1588 5544 1820 5636 Oporin;
1834 5567 1882 5636 et
1916 5544 2062 5636 iter;
2168 5544 2394 5636 Latinus
2427 5552 2694 5636 Datinips,
2719 5552 3049 5636 Bibliotheca
3078 5544 3713 5636 sacra—‘profa_na,‘p.'ii‘l

484 5621 739 5696 ragiunt._
769 5626 833 5696 A_t
873 5624 925 5676 in
973 5641 1107 5696 pag.
1139 5621 1293 5681 versa
1323 5644 1582 5681 excusum
1618 5621 1740 5681 est:
1773 5627 2062 5696 Epiphanii
2172 5694 2187 5696 _
2242 5624 2317 5696 (ἐξ)
2356 5622 2415 5676 Ῐιι
2448 5626 2567 5679 Cat.
2595 5624 2833 5688 Askew.,
2875 5640 2924 5692 p.
2957 5623 3135 5696 57,_n.
3179 5622 3332 5696 1581,
3357 5621 3486 5677 edit.
3514 5621 3730 5696 (391911;,

470 5694 638 5762 epist.
670 5691 739 5743 ad
760 5690 1711 5767 Joannem'Constantinopolitanum
1737 5690 1939 5767 cpt-'55.;
1965 5698 2057 5750 sed
2164 5690 2454 5767 2,_'l’(')rsan
2500 5709 2595 5767 per
2631 5690 2887 5767 errorem
2907 5692 3196 5767 typothetze
3239 5694 3438 5767 citatur
3478 5690 3731 5767 a.nl‘55_'2_,

487 5757 523 5814 a’
548 5778 713 5815 manu
741 5764 898 5817 docta
934 5765 987 5817 in
1018 5768 1266 5834 exemplo
1302 5757 1445 5834 quod
1488 5777 1667 5822 exstat
1702 5757 1923 5822 in'bibl.
1960 5768 2059 5820 ΕΓ·
2166 5764 2305 5819 Add.
2338 5780 2457 5832 quae
2488 5757 2680 5834 scripsi
2715 5763 2768 5819 in
2803 5757 3011 5819 Introd.
3042 5765 3097 5816 in
3130 5764 3316 5818 histor.
3360 5759 3635 5830 l.at.-Gr.,
3665 5757 3733 5823 ll.

490 5834 636 5902 lang.
672 5844 986 5891 correctum
1003 5847 1085 5892 est
1111 5832 1688 5908 Hierosolymitanum,
1722 5849 1774 5895 et
1809 5839 1881 5893 ita
1918 5849 2061 5894 recte
2164 5850 2219 5904 p.
2254 5834 2360 5890 257
2388 5850 2471 5905 sq.
2502 5832 2576 5887 ID.
