4078 6368
395 339 449 381 Vt
1544 323 1824 383 NOTITIA
1859 322 1931 379 IN
1959 325 2016 380 S.
2058 318 2501 378 EPIPIIAMUM.

398 440 699 500 nominabo
720 444 955 514 primum
980 445 1139 503 codd.
1162 446 1488 513 (nonnullos,
1516 446 1572 502 in
1602 447 1803 517 quibus
1830 446 1987 516 plura
2015 443 2303 515 Epiphanii
2330 442 2531 512 scripta
2571 447 2701 496 sunt
2728 438 3040 510 conjuncta,
3063 440 3148 495 vel
3182 439 3358 495 obiter
3383 439 3645 495 citamur.

397 534 549 591 Alios
580 536 925 608 singulorum
952 526 1280 609 scriptorum
1312 538 1470 595 codd.
1495 540 1753 611 deinceps
1787 540 1983 611 partim
2021 538 2338 607 singulatim
2368 534 2983 605 memorabo,——partim
3008 535 3075 590 ad
3112 551 3168 589 η.
3207 533 3646 588 1.-Secundum

394 626 764 687 Montfaucon.
802 632 945 687 Bibl.
976 633 1272 687 bibliothec.
1298 650 1448 697 mss.,
1487 632 1529 699 I,
1558 650 1611 704 p.
1638 634 1753 702 125;
1778 634 1843 700 A,
1878 636 1932 689 in
1958 633 2021 688 Β.
2055 633 2315 689 Vaticana
2347 632 2540 702 Epiph.
2573 632 2637 686 de
2664 631 2913 701 religione
2946 628 3274 692 Christiana,
3299 627 3373 680 id.
3406 624 3475 680 In
3499 624 3647 680 Can-

395 725 620 781 tia—In
648 728 779 783 bibl.
816 729 1033 785 Mediol.
1065 729 1343 795 Ambros,
1380 730 1665 799 Epiphanii
1693 747 1746 800 p.
1779 732 1908 795 515,
1936 730 2130 801 Epiph.
2164 729 2227 809 de
2258 730 2529 799 paradiso,
2561 737 2616 783 et
2643 728 2770 791 alia,
2806 727 2865 780 it.
2899 726 3035 781 Vita:
3059 725 3196 796 frag.
3220 753 3287 764 -ο
3314 722 3375 778 P.
3410 722 3539 785 496,
3577 720 3648 776 lu

393 819 691 886 sepulcrum
723 820 961 886 Christi;
1002 820 1080 875 De
1118 822 1375 875 mensuris
1419 831 1467 874 et
1499 823 1854 891 ponderibus;
1893 822 1961 877 In
1994 822 2081 877 die
2109 821 2424 875 Palmarum
2455 836 2669 884 sermo;
2699 819 3023 889 opusculum
3067 817 3143 870 De
3190 817 3425 886 azymis;
3461 814 3525 867 In
3563 813 3650 867 die

394 905 678 963 Paschalis
705 927 905 975 sermo;
931 918 1183 979 excerpta
1215 926 1278 965 ex
1304 911 1600 965 eodemDe
1631 911 1935 967 Graecorum
1964 910 2513 981 di/ferentiis.—Pag.
2550 912 2653 965 619
2680 911 2743 975 E,
2770 912 2822 964 in
2856 910 2987 964 bibl.
3020 907 3250 963 Scorial.
3287 909 3430 977 regis
3467 905 3646 974 IIisp.,

395 996 681 1069 Epiphanii
712 1019 972 1057 sermones
1002 1005 1152 1067 varii,
1190 1004 1267 1057 De
1301 1003 1423 1057 XII
1459 1005 1726 1073 lapidibus
1761 1006 1831 1059 ad
1859 1006 2084 1061 Diodor.
2115 1006 2373 1077 Tyrium;
2407 1006 2481 1058 De
2513 1005 2787 1074 sepultura
2814 1003 3015 1059 Christi
3050 1003 3198 1073 (add.
3236 999 3417 1055 Plueri
3454 999 3645 1058 Itiner.

392 1107 484 1160 per
506 1090 685 1161 Hisp.,
715 1111 768 1162 p.
799 1094 1018 1163 167).—
1050 1093 1108 1152 P.
1139 1094 1241 1149 697
1274 1093 1337 1162 D,
1376 1096 1439 1161 Ε,
1473 1097 1556 1151 bis
1585 1097 1641 1151 in
1674 1098 1807 1151 bibl.
1845 1097 2147 1163 Sfortiana,
2182 1098 2467 1168 Epiphanii
2498 1115 2670 1152 sermo
2702 1098 2758 1151 in
2792 1098 3121 1165 sepulturam
3149 1096 3362 1151 Domini
3388 1099 3517 1151 etin
3553 1096 3653 1153 Jo-

393 1184 515 1250 seph
547 1189 611 1236 ab
646 1185 969 1250 Arimathia,
1001 1196 1048 1240 et
1078 1188 1131 1243 in
1168 1191 1470 1245 descensum
1506 1192 1574 1245 ad
1604 1193 1821 1261 inferos.
1846 1224 1918 1235 —
1940 1193 2004 1249 P.
2043 1196 2146 1247 702
2172 1195 2233 1259 C,
2264 1195 2325 1261 E,
2361 1196 2413 1249 in
2446 1196 2634 1250 eadem
2677 1195 2832 1258 bibl.,
2865 1194 3130 1265 Epiphan.
3188 1195 3252 1249 de
3297 1196 3442 1265 signa
3474 1197 3649 1251 crucis

394 1294 511 1349 qua:
546 1282 791 1348 apparuit
826 1282 1170 1339 (.‘onstantino
1209 1285 1283 1341 Μ.
1310 1297 1363 1341 et
1394 1303 1561 1343 serm.
1594 1286 1665 1344 In
1698 1288 2023 1359 sepulturam
2058 1289 2274 1344 Domini
2305 1290 2520 1357 (rursus
2551 1307 2603 1360 p.
2635 1292 2740 1345 704
2766 1292 2827 1363 C)
2862 1305 2909 1347 et
2941 1294 3246 1347 descensum
3276 1295 3389 1363 eius
3423 1296 3491 1349 ad
3522 1296 3654 1363 infe

394 1384 523 1432 ros;
550 1381 604 1424 et
635 1385 686 1438 p.
724 1371 822 1424 707
856 1374 921 1439 A,
951 1376 1002 1428 in
1029 1378 1215 1435 eadem
1251 1382 1409 1448 bibl.,
1450 1382 1641 1453 Epiph.
1675 1384 1753 1440 De
1806 1385 2029 1439 adventu
2064 1386 2283 1449 Christi,
2312 1397 2359 1440 et
2388 1387 2450 1440 de
2475 1389 2720 1455 passione
2753 1388 2868 1456 ejus
2898 1395 3242 1443 auctoritates
3279 1388 3336 1444 S.
3366 1389 3650 1445 S.—Mos—

395 1476 518 1530 quae
551 1477 679 1515 num
717 1464 815 1533 (uti
849 1466 1045 1521 alicubi
1073 1469 1251 1540 legere
1283 1487 1369 1526 me
1404 1474 1651 1544 memini)
1678 1475 1732 1530 in
1775 1475 1914 1530 bibl.
1942 1475 2141 1545 synod.
2174 1478 2375 1545 scripta
2412 1475 2607 1546 Epiph.
2639 1477 2817 1531 adhuc
2855 1478 3054 1532 inedita
3083 1478 3305 1544 lateant,
3342 1480 3431 1533 alii
3466 1480 3649 1549 inqui-

395 1563 538 1605 rant.
570 1553 628 1608 ln
658 1553 903 1611 Schiadte
933 1559 1151 1628 quidem
1186 1561 1361 1617 Catal.
1402 1564 1557 1619 codd.
1587 1564 1681 1619 Cr.
1737 1565 1791 1622 in
1836 1566 1969 1620 bibl.
2002 1566 2280 1637 synodali,
2325 1583 2447 1636 pag.
2486 1567 2575 1631 58,
2625 1568 2921 1636 generatim
2954 1577 3329 1622 memorantur
3360 1568 3651 1638 Epiphanii

396 1645 575 1716 Cypri,
596 1650 875 1707 Anastasii
898 1652 1120 1711 Sinaitse
1148 1666 1197 1711 et
1232 1659 1462 1713 aliorum
1487 1663 1634 1716 varia
1663 1661 2109 1732 theologica.—ln
2147 1664 2216 1718 cl.
2243 1662 2479 1717 Matthmi
2519 1663 2728 1717 Notitia
2753 1662 2908 1716 codd.
2941 1660 3034 1716 Cr.
3066 1659 3261 1733 Hosq.,
3298 1674 3496 1732 praeter
3524 1678 3651 1718 ora-

396 1739 571 1797 tiones
608 1745 871 1812 quasdam
898 1758 951 1802 et
983 1747 1286 1820 fragmenta
1320 1753 1373 1806 in
1400 1754 1632 1821 catenis,
1658 1754 1862 1810 nullius
1915 1754 2105 1825 scripti
2146 1755 2335 1809 inediti
2372 1753 2568 1825 Epiph.
2592 1754 2927 1809 mentionem
2955 1754 3155 1824 reperi.
3196 1751 3408 1810 Forsan
3437 1752 3521 1809 vir
3557 1754 3651 1809 ille

404 1835 597 1893 doctus
631 1839 684 1894 in
712 1842 957 1911 pleniore
995 1847 1240 1918 catalogo
1268 1851 1514 1921 quaedam
1546 1852 1601 1906 in
1629 1851 1805 1907 lucem
1840 1852 2127 1923 producet.
2157 1852 2330 1908 Hanc.

1480 2079 1570 2137 IV.
1612 2097 1833 2137 summa
1872 2098 2097 2138 GENUINA
2138 2098 2255 2146 qua:
2296 2090 2558 2138 exsrmr.

473 2256 527 2308 1.
566 2256 888 2326 Ancoratus,
923 2272 1055 2316 tom.
1082 2260 1147 2329 11,
1189 2278 1243 2333 p.
1278 2264 1329 2318 1.
1362 2263 1723 2336 Ἀγκυρωτός,
1759 2265 1922 2321 veluti
1966 2281 2083 2322 anet

2041 2281 2162 2322 cora
2193 2267 2437 2337 quaedam
2470 2262 2617 2332 Ildei,
2645 2263 2895 2335 ἀγκύρας
2923 2261 3078 2333 δίκην
3101 2256 3193 2315 τὸν
3226 2254 3354 2332 περὶ
3384 2258 3484 2331 τῆς
3505 2252 3651 2330 ζωῆς

391 2346 485 2399 καὶ
518 2348 794 2419 σωτηρίας
825 2350 1128 2420 ἐρευνῶντα
1154 2354 1280 2409 νοῦν
1315 2356 1544 2425 ἄγουσα.
1576 2354 1851 2426 Expositio
1883 2357 2001 2427 ﬁdei

2038 2359 2316 2412 catholicas
2347 2359 2595 2411 adversus
2625 2356 2890 2426 octoginta
2918 2354 3139 2407 hereses
3171 2351 3393 2406 breviter
3421 2362 3646 2415 asserta,

391 2436 703 2508 scriptaque
732 2438 800 2495 ad
828 2437 1138 2509 Tarsinum,
1197 2444 1497 2510 Matidiunt,
1550 2447 1869 2504 Numerium
1922 2450 2167 2520 aliosque
2216 2448 2565 2521 presbyteros
2597 2456 2649 2502 et
2681 2447 3001 2510 monachos,
3046 2444 3272 2500 Suedris
3317 2442 3652 2513 Pamphylia:

390 2527 669 2598 degentes,
700 2538 753 2586 et
776 2531 841 2585 ad
874 2530 1177 2589 Palladium
1227 2553 1293 2593 ac
1338 2535 1685 2607 Severinum,
1717 2542 2106 2612 magistratus,
2142 2557 2286 2596 anno
2324 2540 2643 2595 Diocletiani
2690 2556 2778 2600 xc,
2811 2537 3052 2592 Valentis
3098 2550 3154 2600 ι,
3194 2534 3438 2591 Gratiani
3474 2553 3549 2601 vi,
3588 2540 3651 2590 ut

389 2620 593 2675 diserte
624 2622 856 2677 traditur
884 2633 1015 2679 tom.
1048 2624 1113 2693 II,
1144 2642 1267 2698 pag.
1308 2628 1333 2681 1
1360 2636 1414 2683 et
1444 2629 1567 2697 125,
1602 2631 1706 2685 hoc
1743 2640 1825 2686 est
1848 2630 1912 2684 A.
1939 2629 2002 2685 C.
2044 2630 2148 2685 575
2176 2630 2272 2699 (a).
2306 2620 2405 2683 Hic
2439 2628 2577 2682 liber
2607 2627 2675 2681 ab
2712 2625 3018 2697 Epiphanio
3046 2624 3285 2679 dietatus
3311 2631 3364 2677 et
3394 2621 3462 2677 ab
3490 2623 3634 2676 Ana-

387 2709 525 2764 tolio
549 2713 808 2780 quodam,
832 2715 923 2783 qui
959 2731 1079 2787 pag.
1116 2718 1220 2773 1:25
1246 2734 1444 2774 nomen
1481 2736 1642 2777 suum
1673 2735 1784 2777 non
1814 2722 2145 2788 dissimulat,
2166 2721 2379 2776 calamo
2401 2729 2680 2789 exceptus,
2709 2728 3157 2788 memoratusque
3195 2716 3501 2773 Sozomeno
3523 2732 3647 2785 vin,

391 2799 483 2865 15,
518 2799 704 2856 Graece
731 2811 785 2857 et
814 2802 1003 2859 Latine
1031 2821 1155 2861 cum
1186 2809 1434 2864 versione
1479 2820 1533 2865 et
1573 2812 1720 2867 notis
1748 2810 1862 2866 Viti
1898 2812 2269 2875 Amerbachii,
2317 2819 2369 2866 et
2400 2811 2726 2880 quibusdam
2783 2808 2942 2866 Joan.
2977 2808 3359 2881 Chrysostomi
3402 2807 3645 2863 homiliis

390 2896 597 2964 prodiit
623 2897 883 2968 Augustae
923 2900 1133 2959 Vindel.
1168 2904 1328 2971 1548,
1351 2904 1428 2959 8°.
1468 2904 1695 2961 Photius
1729 2906 1985 2961 Ancorati
2022 2906 2305 2967 meminit,
2337 2913 2605 2975 vocatque
2664 2921 2933 2960 summam
2995 2905 3305 2975 Παναρίων,
3343 2905 3466 2958 cod.
3500 2903 3637 2967 125;

389 3005 511 3060 qua:
542 2993 831 3062 descriptio
859 2996 1062 3053 rectius
1097 3001 1351 3055 convenit
1388 3002 1941 3073 Ἀνακεφαλαιώσει,
1976 3003 2041 3059 de
2074 3019 2180 3074 qua
2224 3003 2452 3059 inferius
2484 3019 2634 3058 num.
2664 3004 2717 3058 5.
2751 3002 2828 3057 Ex
2860 3003 3041 3073 capite
3079 3002 3146 3056 12
3178 3011 3231 3056 et
3276 3001 3343 3055 16
3392 3002 3646 3056 Ancorati

388 3094 638 3154 excerpta
671 3095 800 3141 sunt
825 3103 945 3157 quae
974 3098 1113 3144 msta
1140 3102 1405 3148 memorat
1436 3092 1779 3160 Lambecius,
1809 3094 1895 3160 III,
1929 3112 1980 3166 p.
2014 3095 2140 3161 165,
2172 3096 2296 3150 164.
2319 3094 2485 3152 FABB.
2512 3095 2653 3148 —-|n
2690 3095 2816 3151 edit.
2846 3093 3048 3149 Kollar.
3087 3110 3140 3160 p.
3165 3093 3270 3147 .186
3307 3110 3390 3164 sq.
3423 3094 3491 3147 de
3523 3095 3649 3148 cod.

388 3178 527 3235 Caes.
549 3180 638 3247 89,
668 3197 724 3235 ιι.
754 3182 856 3251 25,
899 3194 981 3238 est
1006 3184 1200 3259 fragm.
1236 3205 1303 3243 ex
1330 3189 1583 3257 Panario,
1610 3201 1662 3247 et
1687 3192 1905 3263 quidem
1939 3207 2002 3247 ex
2038 3191 2365 3247 refutatione
2395 3193 2663 3247 haereseos
2693 3205 2923 3254 Lxxvm,
2959 3187 3636 3242 Antidicomarianitarum

389 3272 688 3342 appellatae,
719 3273 786 3327 de
816 3273 1075 3345 Josepho,
1105 3294 1307 3347 sponso
1339 3279 1521 3336 Mariae
1565 3291 1619 3336 et
1651 3282 1719 3337 de
1741 3282 1986 3353 ejusdem
2018 3282 2203 3338 liberis
2232 3298 2297 3336 ex
2332 3282 2505 3350 prima
2532 3295 2722 3347 uxore,
2757 3280 2993 3335 Salomc.
3038 3280 3092 3334 Id
3126 3280 3492 3348 fragmentum
3536 3295 3640 3333 ms.

389 3368 644 3423 observat
672 3369 1020 3437 Lambecius,
1054 3388 1161 3429 non
1190 3374 1536 3430 mediocriter
1567 3375 1783 3431 diderre
1808 3378 1876 3431 ab
1908 3377 2040 3432 edit.
2074 3376 2385 3447 Epiphanii,
2418 3375 2592 3430 Paris.
2639 3375 2798 3441 1622,
2833 3390 2888 3444 p.
2921 3374 3079 3429 1059.
3113 3405 3184 3414 —
3209 3372 3264 3427 ln
3306 3377 3426 3429 cod.
3464 3374 3648 3428 Cmsa-

387 3476 482 3518 reo
504 3464 593 3528 77,
625 3481 681 3520 ιι.
708 3465 778 3520 68
806 3480 859 3522 et
888 3467 974 3534 69,
1004 3478 1129 3524 sunt
1155 3484 1219 3523 ex
1247 3473 1508 3524 Ancorato
1538 3487 1588 3527 c.
1620 3473 1686 3526 12
1705 3482 1758 3527 et
1789 3472 1873 3537 16,
1900 3484 2176 3543 excerpta,
2198 3488 2246 3528 s.
2267 3472 2654 3541 explicationes
2672 3470 2769 3540 Ep.
2796 3468 2949 3524 Pauli
2979 3467 3047 3521 ad
3070 3467 3196 3522 Cor.
3217 3470 3259 3529 Ι,
3296 3484 3355 3527 ιι.
3385 3482 3528 3521 vers.
3557 3466 3651 3535 19,

387 3565 444 3612 et
468 3555 656 3613 Matth.
685 3575 837 3624 sxw,
868 3559 954 3626 56,
981 3576 1046 3616 ac
1070 3560 1233 3617 Marci
1261 3578 1379 3629 xm,
1406 3563 1495 3617 52.
1520 3564 1797 3629 Lambec.,
1834 3563 1919 3627 III,
1948 3580 1997 3634 p.

2038 3563 2158 3629 405,
2196 3575 2251 3619 et
2275 3563 2477 3619 Kollar.
2512 3573 2626 3617 not.
2663 3561 2721 3617 In
2745 3563 2865 3618 cod.
2902 3561 3024 3624 127,
3055 3577 3108 3613 n.
3135 3561 3189 3622 4,
3220 3559 3462 3614 estliber
3498 3576 3512 3613 I
3540 3559 3648 3612 Pa-

390 3651 687 3716 uariorum,
732 3651 804 3706 ita
846 3662 905 3708 ut
932 3653 1190 3710 librarius
1224 3656 1279 3710 in
1314 3656 1460 3711 aliud
1492 3672 1631 3725 opus
1658 3656 1972 3727 Epiphanii,
2012 3656 2589 3724 Ἀνακεφαλοίωσιν,
2622 3652 2957 3716 transiliret,
2994 3653 3251 3708 delibutis
3277 3668 3343 3706 ex
3376 3668 3443 3707 eo
3477 3651 3644 3706 Mele-

386 3744 575 3812 tianis,
602 3753 735 3813 etc.,
776 3750 923 3817 quod
954 3748 1171 3804 uberius
1216 3749 1454 3804 ostendit
1482 3747 1689 3803 Kollar.
1739 3748 1795 3803 in
1824 3747 2091 3817 Supplem.
2152 3747 2220 3801 ad
2262 3746 2534 3813 Lambec.,
2567 3763 2619 3817 p.
2654 3746 2763 3801 758
2792 3761 2876 3815 sq.
2901 3762 2915 3809 ;
2944 3755 3083 3806 tum,
3118 3746 3311 3800 eodem
3348 3746 3654 3799 adnotaute

389 3834 662 3903 sequitur,
698 3852 755 3892 n.
787 3836 844 3905 6,
876 3838 1096 3894 haeresis
1121 3836 1409 3908 Epiphanii
1447 3854 1599 3903 LVIII,
1643 3852 1688 3893 s.
1721 3852 1946 3905 Lxxvnl,
1980 3854 2143 3908 quam
2177 3838 2852 3893 Antidicomarianitarum
2880 3836 2955 3907 (b)
2989 3846 3186 3905 vocat,
3222 3848 3275 3892 et
3300 3853 3354 3892 ιι.
3386 3836 3441 3903 7,
3474 3838 3649 3891 hatre-

390 3924 467 3978 sis
489 3940 678 3991 vant,
709 3928 824 3983 sive
868 3946 1033 3993 ωαχ,
1060 3942 1251 3988 contra
1283 3933 1638 3991 .‘dassalianos
1671 3935 1767 4006 (c),
1801 3936 2004 4006 quibus
2033 3935 2443 4006 conjunguntur
2472 3934 2815 4006 Martyriani,
2843 3934 2938 4003 qni
2974 3949 3006 3989 e
3034 3934 3237 3990 Griecis
3267 3943 3410 3998 sunt,
3442 3943 3497 3989 et
3534 3933 3647 3988 Eu-

390 4016 642 4085 phemita:
668 4033 733 4074 ac
760 4018 1062 4077 Sataniani.
1107 4022 1174 4081 N.
1205 4025 1272 4080 15
1301 4042 1365 4082 ac
1396 4027 1462 4081 15
1491 4035 1573 4082 est
1605 4027 1808 4098 sylloge
1847 4041 2123 4082 vanorum
2170 4028 2525 4097 quaesitorum
2546 4066 2562 4092 ,
2600 4027 2652 4080 in
2683 4041 2869 4082 sacras
2896 4027 3242 4097 potissimum
3285 4024 3538 4091 Litteras,
3580 4040 3646 4080 ex

390 4111 714 4183 Epiphanio,
748 4118 1061 4190 Anastasio,
1092 4120 1433 4176 Theodoreto
1464 4122 1756 4191 multisque
1786 4121 1905 4177 aliis
1933 4130 2338 4191 excerptorum.
2377 4152 2447 4163 —
2470 4122 2547 4177 Ex
2574 4122 2862 4191 Epiphanii
2903 4122 3143 4177 Panario
3173 4134 3338 4194 atque
3366 4123 3639 4176 Ancorato

391 4218 447 4263 et
478 4209 553 4264 De
578 4210 700 4267 XII
728 4214 995 4284 lapidibus
1023 4216 1267 4287 ejusdem
1311 4228 1442 4272 sunt
1478 4216 1594 4271 loca
1638 4217 1692 4270 in
1740 4215 2015 4272 Anastasii
2056 4217 2451 4281 Quwstionibus
2483 4233 2545 4270 ac
2578 4219 3032 4286 responsionibus,
3061 4224 3167 4269 etc.
3190 4256 3206 4280 ,
3241 4216 3295 4268 in
3327 4214 3450 4269 cod.
3490 4215 3647 4268 Cois-

391 4298 491 4356 lin.
534 4303 655 4367 115,
685 4315 740 4362 et
789 4307 943 4363 locus
966 4323 996 4363 e
1021 4307 1284 4371 Panario,
1320 4306 1375 4359 in
1406 4305 1527 4359 cod.
1564 4304 1688 4368 120,
1729 4313 1865 4360 teste
1891 4304 2184 4361 Montfauc.
2214 4306 2266 4360 in
2292 4305 2435 4361 Bibl.
2471 4306 2719 4375 Coistin.,
2744 4324 2801 4378 p.
2826 4307 2926 4361 188
2958 4315 3011 4362 et
3045 4305 3167 4360 195.
3194 4303 3397 4360 Eodem
3424 4314 3647 4359 auctore

392 4393 448 4449 in
489 4394 677 4451 Diario
701 4396 855 4463 Ital.,
882 4414 934 4467 p.
970 4398 1097 4463 565,
1140 4396 1398 4467 Epiphan.
1427 4397 1491 4449 de
1517 4394 1829 4460 hwresibus,
1865 4394 2107 4452 Florent.
2136 4399 2190 4452 in
2220 4398 2341 4454 cod.
2373 4398 2505 4453 bibl.
2541 4399 2677 4453 eccl.
2714 4399 3035 4453 Annuntiat.
3061 4428 3130 4438 —-
3154 4396 3390 4453 I-‘lorent.
3425 4398 3479 4451 in
3512 4397 3644 4453 bibl.

392 4486 654 4545 Laurent.
687 4490 741 4544 in
772 4492 893 4546 cod.
934 4492 987 4554 4,
1014 4492 1149 4561 plut.
1185 4490 1241 4555 6,
1272 4490 1365 4560 qui
1396 4490 1639 4544 continet
1686 4488 2054 4558 expositiones
2103 4504 2386 4545 sacrorum
2425 4499 2845 4561 praeceptorum,
2873 4490 3159 4563 Epiphanii
3192 4500 3492 4547 occurrunt
3527 4492 3647 4548 loca

338 4582 343 4605 ⁸
392 4583 547 4652 plura
575 4584 640 4637 ὲκ
661 4583 770 4637 τῶν
816 4584 976 4638 Κατὰ
1024 4583 1307 4653 αἱρέσεως
1351 4582 1473 4636 τῶν
1505 4582 1845 4652 λεγομένω
1881 4582 1948 4636 Ἀ;

2038 4582 2337 4649 ντολικῶν,
2377 4592 2506 4649 etc.,
2552 4592 2665 4637 tum
2715 4584 2779 4638 ὲκ
2810 4584 2919 4638 τῶν
2941 4585 3255 4655 Παναρίων
3285 4594 3339 4640 et
3383 4600 3450 4640 ex
3508 4586 3648 4643 l‘bro

391 4674 533 4744 Περὶ
571 4674 827 4741 πίστεως
846 4677 1030 4746 λόγου
1066 4676 1314 4747 (Bandin.
1344 4674 1462 4730 Cat.
1485 4673 1638 4730 codd.
1672 4673 1765 4728 Gr.
1807 4674 1997 4742 Laur.,

2036 4675 2071 4740 Ι,
2107 4691 2231 4747 pag.
2265 4676 2333 4732 98
2367 4675 2626 4747 sq.)-—In
2651 4677 2771 4732 cod.
2808 4678 2898 4744 12,
2934 4679 3066 4748 plut.
3098 4679 3152 4742 6,
3205 4678 3551 4747 reperiuntur
3593 4681 3646 4750 1,

393 4766 650 4838 Synopsis
678 4768 959 4833 Aneorati;
985 4768 1020 4822 2
1044 4779 1098 4823 et
1131 4769 1185 4834 5,
1221 4766 1477 4836 Epistolte
1504 4766 1573 4821 ad
1605 4765 2003 4839 Epiphaniam;
2033 4770 2087 4832 4,
2130 4768 2289 4837 hujus
2317 4785 2645 4837 responsum,
2676 4770 2817 4840 quod
2839 4772 3136 4825 universam
3172 4771 3296 4840 ﬁdei
3326 4772 3646 4839 doctrinam,

402 4887 451 4926 s.
484 4885 765 4932 ancoram,
783 4876 912 4933 etc.,
950 4864 1334 4935 complectitur.
1390 4864 1449 4919 In
1478 4864 1583 4920 hoc
1610 4864 1731 4919 cod.
1769 4864 1979 4919 Ancora
2022 4872 2238 4919 constat
2268 4864 2371 4918 118
2404 4878 2586 4933 capp.,
2617 4865 2817 4934 quibus
2856 4865 3080 4923 Panarii
3129 4886 3279 4941 pars,
3315 4881 3427 4925 tum
3470 4880 3651 4938 partes

392 4948 492 5017 ιιι).
521 4962 595 5016 De
614 4961 872 5016 mensuris
900 4975 961 5013 ac
984 4958 1322 5029 ponderibus,
1348 4967 1403 5013 et
1435 4955 1811 5027 Interpretatio
1841 4956 2111 5010 nominum
2140 4955 2523 5010 Hebraieorum
2545 4956 2930 5023 adnectuntnr,
2955 4975 3080 5014 cum
3108 4961 3399 5017 uberrimis
3426 4961 3650 5017 scholiis

364 5124 368 5129 Α
395 5056 651 5128 margin.,
694 5054 964 5126 praecipue
1011 5053 1067 5108 in
1098 5050 1493 5121 Expositionem
1523 5054 1683 5123 fidei,
1712 5068 1948 5123 quorum
1988 5067 2156 5106 unum
2188 5052 2430 5123 reposuit.
2464 5050 2694 5107 Bandin.
2748 5052 2869 5108 libr.
2902 5068 3157 5120 memor.,
3195 5054 3239 5117 Ι,
3270 5069 3394 5124 pag.
3431 5055 3552 5108 118.
3579 5082 3651 5094 —

395 5148 452 5205 In
474 5149 596 5205 cod.
622 5148 708 5213 16,
730 5149 868 5219 plut.
895 5147 949 5214 9,
972 5146 1066 5218 qui
1099 5145 1217 5200 Nili
1243 5147 1485 5200 monachi
1513 5147 1659 5200 varia
1689 5144 1948 5209 continet,
1967 5154 2095 5200 sunt
2121 5146 2279 5215 plura
2304 5160 2373 5200 es
2392 5145 2660 5199 Ancorato
2684 5154 2958 5215 excerpta.
3018 5147 3294 5220 (Bandin.,
3327 5146 3370 5213 Ι,
3418 5160 3473 5217 p.
3496 5131 3648 5203 415.)

394 5243 532 5300 -Ει
553 5244 608 5300 in
637 5244 762 5300 cod.
792 5245 819 5300 1
838 5284 856 5311 ,
884 5263 943 5302 n.
967 5246 1059 5315 24,
1091 5244 1339 5319 quaedam
1365 5261 1428 5301 es
1460 5246 1599 5303 libro
1628 5267 1647 5302 ι
1673 5245 1750 5302 De
1771 5245 2055 5302 haresibus
2077 5244 2296 5317 (Band.,
2325 5247 2366 5313 ι,
2396 5261 2451 5316 p.
2486 5243 2770 5315 169).—-ln
2798 5245 2921 5301 cod.
2942 5245 3032 5311 2l,
3064 5244 3200 5316 plut.
3232 5244 3325 5311 59,
3353 5244 3645 5317 fragment.

463 5454 541 5523 (a)
580 5451 888 5510 Tillemont.
914 5455 960 5526 il.
994 5469 1066 5526 ορ,
1098 5455 1228 5512 Νοι.
1256 5457 1310 5521 5,
1344 5456 1525 5526 docet,
1556 5454 1819 5526 scriptum
1845 5469 1969 5511 esse
2074 5470 2129 5526 ι).
2152 5452 2411 5526 997‘s“:

394 5520 871 5598 Ancoratum_at_tte
900 5525 973 5598 25
1000 5520 1159 5582 Febr.
1191 5543 1239 5580 a.
1268 5520 1393 5582 574.
1426 5520 1598 5598 Haut“
1668 5520 1685 5526 ’
1758 5596 1765 5598 _
1871 5594 1910 5598 _

2075 5520 2218 5598 ί-(Δε)
2238 5520 2418 5598 tio—ni.
2444 5523 2506 5579 C.
2535 5523 2696 5598 G._F.
2730 5522 2924 5598 Walch
2950 5521 2988 5577 ι.
3016 5520 3205 5598 οᾈξίῐ
3227 5562 3240 5587 ,
3272 5535 3326 5590 p.
3358 5520 3642 5598 I81ﬁs_qq.,

466 5595 541 5665 (b)
582 5593 646 5649 V.
689 5594 902 5659 Walcb,
922 5596 1096 5651 Entw.
1127 5599 1271 5652 einer
1300 5598 1474 5653 vollst.
1511 5596 1699 5652 Gesch.
1732 5594 1967 5667 der__Ke-
2074 5588 2324 5667 486,191
2354 5610 2501 5667 sqq.,
2533 5594 2673 5652 infra
2702 5596 2814 5654 vol.
2846 5593 2937 5662 IX,
2969 5610 3023 5666 p.
3055 5592 3181 5662 592,
3228 5588 3345 5652 ttat.
3369 5590 3437 5647 de
3463 5588 3645 5646 Phot‘i

398 5673 450 5721 ts
463 5667 642 5734 πάθη,
666 5676 801 5734 etc.,
826 5674 963 5724 tom.
988 5667 1076 5733 III,
1104 5683 1157 5735 ι).
1185 5668 1285 5724 577
1321 5685 1429 5736 sq.,
1458 5677 1510 5726 et
1534 5666 1811 5736 Latnbec.,
1830 5665 1969 5734 VIII,
2079 5667 2199 5723 cod.
2233 5665 2323 5722 52.
