4078 6368
445 356 562 419 ίνιιι
1596 340 1880 399 NOTlTlA
1918 340 1987 398 IN
2028 341 2088 398 S.
2124 338 2572 398 EPlPllANlUM.

467 475 764 550 ἀκροατής.
795 476 1122 548 Quanquam
1175 489 1307 532 vero
1334 473 1675 548 Epiphanius
1706 493 1884 548 neque
1920 478 1974 533 in
2005 479 2378 536 describendis
2415 475 2718 532 ltaaresibus
2759 473 2836 542 (a)
2873 488 3089 544 semper
3120 472 3255 528 satis
3299 479 3594 529 accuratus
3631 480 3722 528 est

467 576 530 622 ut
555 568 650 638 qui
675 568 887 625 levibus
909 567 1305 626 auditiunculis
1331 568 1661 639 quandoque
1687 569 1848 625 ﬁdem
1883 571 1959 642 (b)
1998 571 2207 638 habuit,
2244 581 2407 642 atque
2440 569 2785 624 adversarios
2815 575 3005 636 gravat
3031 582 3139 620 non
3170 581 3296 620 raro
3329 566 3620 621 sententiis
3645 563 3744 617 νιιι

469 663 977 732 consecutionibus,
1007 664 1076 720 de
1099 663 1302 734 quibus
1336 665 1587 722 fortassis
1619 683 1900 739 nunquam
1937 670 2264 740 cogitarant,
2297 685 2476 739 neque
2511 667 2565 722 in
2625 665 2977 722 confutandis
3021 663 3304 718 erroribus
3330 673 3547 732 semper
3584 676 3751 726 {Pulla

469 759 596 813 felix
626 767 732 824 est,
768 775 866 815 nec
910 758 1102 816 solidis
1127 759 1328 830 ubique
1356 763 1695 831 argumentis
1726 763 1925 819 militat
1946 762 2018 835 (c)
2051 779 2066 818 :
2105 776 2285 819 tamen
2321 771 2544 833 propter
2573 759 2981 831 quamplurima
3012 769 3198 814 netata
3223 761 3460 830 egregie,
3486 769 3541 814 et
3566 759 3752 813 multa

467 868 531 908 ex
565 853 670 908 lide
699 852 879 926 dignis
910 853 1107 910 hausta
1135 856 1510 911 monumentis
1537 865 1590 911 et
1612 858 2014 928 antiquioribus
2037 858 2398 928 scriptoribus
2445 854 2758 911 testimonia
2787 862 2950 924 atque
2977 853 3414 917 observationes,
3462 852 3661 908 merito
3705 866 3740 905 a

464 945 600 1001 viris
625 946 961 1003 doctissimis
991 947 1072 1018 (ά)
1099 946 1314 1003 habitus
1338 957 1420 1003 est
1443 948 1669 1019 quidam
1703 949 2047 1021 antiquitatis
2090 948 2481 1005 ecclesiastica:
2512 948 2830 1010 thesaurus,
2861 945 3060 1016 dignus
3089 949 3297 1019 utique,
3321 949 3374 1004 in
3403 963 3514 1020 quo
3545 963 3724 1018 expo-

467 1036 647 1091 nendo
676 1036 923 1092 eruditus
951 1039 1150 1108 aliquis
1183 1052 1237 1098 et
1260 1043 1469 1115 judicio
1501 1046 1710 1116 pollens
1733 1047 1818 1100 vir
1843 1048 2006 1102 etiam
2031 1055 2154 1117 post
2182 1045 2460 1101 Petavium
2489 1043 2803 1114 diligentem
2830 1057 3056 1112 operam
3085 1045 3440 1115 studiumque
3467 1043 3696 1100 collocet
3715 1085 3728 1096 .

469 1125 546 1180 De
575 1127 853 1198 incompta
885 1138 939 1183 et
967 1130 1247 1190 salebrosa
1271 1140 1520 1192 oratione
1551 1138 1784 1193 multum
1813 1136 2075 1194 Petavius
2101 1147 2158 1194 et
2199 1136 2435 1191 Dallaaus
2461 1136 2535 1206 (e)
2564 1144 3002 1205 conqueruntur,
3031 1145 3084 1190 et
3111 1135 3225 1206 jam
3262 1135 3496 1191 Photius
3523 1135 3746 1190 notavit

462 1219 575 1273 τῶν
603 1221 866 1292 ῥημάτων
895 1224 1115 1297 καὶτῆς
1145 1228 1453 1295 συντάξεως
1479 1231 1542 1284 τὸ
1579 1232 1777 1302 ἰδίωμα
1820 1233 1876 1286 in
1912 1232 2004 1288 illo
2029 1248 2072 1286 ιιι

2132 1248 2214 1288 ιιιε
2248 1231 2489 1301 probari.
2525 1229 2592 1286 Et
2644 1239 2824 1286 tamen
2858 1229 3226 1303 Hieronymus
3258 1247 3310 1286 e.
3341 1232 3443 1286 114
3488 1231 3742 1301 Catalogi

466 1325 520 1372 et
545 1333 611 1373 ex
640 1333 707 1374 eo
738 1317 940 1377 Suidas
983 1324 1345 1395 scripserunt,
1390 1328 1682 1399 Epiphanii
1708 1329 1987 1386 volumina
2036 1332 2100 1384 ab
2128 1330 2354 1384 eruditis
2403 1338 2621 1400 propter
2653 1346 2757 1394 res,
2803 1346 2836 1383 a
2879 1327 3292 1399 simplicioribus
3317 1323 3533 1396 propter
3585 1325 3747 1380 verba

465 1405 717 1464 lectitari.
745 1409 804 1465 In
830 1412 1183 1486 ehronologia
1215 1419 1328 1474 fere
1357 1435 1574 1491 semper
1603 1423 1860 1478 insistere
1890 1439 2014 1478 eum
2042 1423 2292 1494 vestigiis
2323 1422 2546 1478 Eusebii
2593 1432 2781 1478 monet
2811 1421 3067 1477 Petavius
3115 1421 3168 1474 in
3213 1420 3381 1484 notis,
3416 1434 3472 1488 p.
3508 1417 3597 1481 16,
3631 1431 3750 1470 non-

463 1519 595 1560 raro
615 1515 799 1563 tamen
828 1511 1053 1568 turbare
1092 1522 1149 1569 et
1185 1515 1540 1584 hallucinari,
1567 1519 1709 1575 idem
1742 1535 1850 1574 non
1880 1535 1990 1574 uno
2026 1519 2080 1574 in
2107 1520 2228 1575 loco
2255 1520 2532 1576 observat.
2558 1519 2639 1574 Ad
2672 1519 2907 1574 haeresin
2940 1534 2992 1572 ιι
3024 1513 3356 1589 conferenda
3388 1511 3593 1583 ngidii
3635 1509 3749 1563 Bu-

465 1597 637 1652 eberii
660 1599 795 1655 diss.
825 1600 903 1656 De
932 1604 1179 1673 paschali
1208 1604 1522 1662 Iudaeorum
1550 1609 1715 1679 cyclo.
1758 1608 1964 1664 Locum
1996 1609 2187 1664 hazres.
2225 1624 2453 1676 Lxxvm,
2483 1624 2538 1679 p.
2564 1608 2726 1676 1059,
2755 1608 2914 1664 aliter
2945 1605 3051 1677 legi
3083 1605 3138 1658 in
3163 1619 3267 1659 ms.
3303 1599 3744 1661 Vindobonensi,

465 1695 678 1749 notavit
712 1694 1064 1763 Lambecius,
1093 1699 1180 1766 lll,
1215 1717 1269 1772 p.
1307 1703 1411 1758 196
1452 1702 1526 1776 [p.
1555 1703 1661 1760 486
1695 1720 1780 1774 sq.
1815 1704 1903 1760 ed.
1940 1703 2174 1775 Kollar].

534 1807 589 1860 5.
639 1809 1154 1878 ’Λνακεφαλαίωσις,
1187 1811 1412 1867 Panarii
1455 1813 1697 1884 Epitome
1741 1816 1808 1869 ad
1862 1815 2082 1870 eosdem
2125 1831 2144 1886 ι

2135 1814 2490 1886 presbyteros,
2517 1815 2776 1871 Acacium
2816 1824 2870 1870 et
2902 1813 3152 1878 Paulum,
3185 1822 3319 1868 tom.
3353 1810 3420 1876 ll,
3455 1826 3580 1884 pag.
3614 1807 3745 1865 126.

463 1897 766 1955 Videndum
805 1901 1124 1958 diversusne
1157 1905 1227 1958 sit
1255 1905 1412 1974 λόγος
1448 1905 1710 1977 σύντομος
1736 1907 1846 1960 τῶν
1877 1906 2073 1978 αἱρέσει

2133 1925 2163 1971 ρ,
2198 1907 2292 1975 qui
2344 1923 2448 1961 ms.
2493 1906 2596 1961 fuit
2635 1907 2776 1978 apud
2811 1906 3024 1962 clariss.
3069 1907 3318 1966 Galeum.
3353 1912 3490 1960 teste
3538 1903 3743 1958 Caveo.

462 1991 630 2047 Fasn.
661 2024 732 2034 —
757 1994 1015 2066 Augusta:
1040 1995 1252 2050 Vindel.
1293 1995 1346 2047 in
1377 1995 1497 2048 cod.
1527 1995 1656 2048 bibl.
1692 1996 1841 2064 publ.
1879 1995 1962 2049 bis
1993 2003 2172 2050 exstat
2204 1994 2489 2065 Epiphanii
2529 1997 2772 2066 synopsis
2815 1995 3113 2062 Ιιαξνεεεων,
3159 2012 3391 2066 quarum
3440 2004 3643 2048 matres
3691 2003 3748 2048 et

461 2091 733 2161 prototypi
767 2099 1004 2161 quatuor
1033 2100 1208 2156 erant,
1243 2108 1297 2145 n.
1334 2090 1737 2163 Βαρὸαρισμδς,
1768 2090 2071 2162 Σκυθισμδς

2137 2090 2508 2163 Ἑλληνισμὸς,
2537 2092 2885 2163 Ἰουδαῖσμός.
2906 2093 2972 2146 ν.
3003 2090 3212 2146 Reiscr.
3242 2091 3384 2157 ϐαίη
3410 2107 3462 2162 p.
3485 2092 3553 2145 15
3572 2098 3625 2144 et
3649 2089 3746 2151 ‘25,

463 2181 518 2236 9.
548 2212 618 2224 —-
646 2182 862 2239 Dublini
893 2185 947 2239 in
978 2184 1038 2239 B.
1072 2185 1262 2256 colleg.
1297 2184 1354 2239 S.
1394 2184 1617 2250 Trinit.,
1647 2187 1767 2242 cod.
1806 2186 1929 2251 157,
1955 2205 1999 2242 s.
2036 2187 2090 2241 in
2125 2186 2302 2242 Catal.
2335 2187 2450 2242 cod.
2485 2188 2709 2259 Anglice,
2743 2199 2875 2244 tom.
2905 2188 2987 2256 ll,
3015 2206 3068 2260 p.
3102 2189 3194 2251 94,
3229 2206 3284 2244 n.
3321 2189 3447 2253 278,
3475 2189 3565 2254 56,
3597 2192 3746 2241 Ana-

462 2275 822 2345 cephalteosis.
849 2277 1001 2332 Alios
1025 2277 1140 2346 jam
1175 2277 1242 2332 ad
1275 2294 1331 2332 ιι.
1361 2278 1384 2332 1
1419 2287 1474 2332 et
1496 2277 1532 2331 ‘2
1558 2288 1721 2347 atque
1751 2277 2044 2333 editionem
2070 2277 2185 2334 Jos.
2217 2278 2352 2334 Mar.
2384 2279 2663 2336 Thomasii
2692 2281 2759 2336 ad
2787 2297 2840 2335 n.
2877 2281 2901 2332 1
2936 2281 3257 2336 memoravi.
3290 2280 3463 2335 HABL.

535 2391 587 2446 4.
626 2393 764 2466 Περὶ
795 2393 1008 2465 μέτρων
1044 2395 1138 2448 καὶ
1165 2393 1440 2466 σταθμῶν,
1476 2395 1633 2451 Liber
1662 2396 1724 2450 de
1749 2396 2064 2466 ponderibus
2093 2407 2142 2453 et

2136 2407 2142 2448 ξ
2173 2400 2454 2463 mensuris,
2492 2407 2627 2453 tom.
2661 2397 2724 2463 ll,
2775 2414 2897 2468 pag.
2931 2397 3056 2462 158,
3086 2415 3245 2468 quem
3288 2397 3575 2468 Epiphanii
3621 2411 3746 2450 esse

462 2490 758 2561 genuinum
794 2490 964 2547 fetum
994 2492 1140 2547 haud
1160 2493 1367 2561 dubito,
1399 2494 1525 2550 licet
1555 2495 1694 2549 levia
1723 2504 1777 2550 et
1802 2495 1985 2565 inepta
2017 2496 2184 2550 multa
2215 2497 2268 2550 in
2298 2511 2363 2551 eo
2384 2495 2787 2565 deprehendere
2814 2496 2914 2550 sibi
2946 2498 3095 2552 visus
3119 2497 3188 2552 sit
3217 2495 3444 2550 Latinus
3474 2495 3743 2559 Latinius,

462 2597 598 2644 tom.
630 2588 675 2642 ll
703 2586 900 2659 Epist.,
937 2605 1059 2660 pag.
1093 2591 1218 2645 144.
1247 2589 1460 2645 Partem
1489 2592 1843 2661 posteriorem
1877 2607 1909 2645 a
1939 2607 2058 2662 cap.
2097 2591 2161 2646 21
2211 2591 2396 2647 Graece
2423 2601 2477 2646 et
2507 2591 2697 2646 Latine
2734 2592 2974 2662 vulgavit
3020 2590 3329 2662 Stephanus
3374 2591 3423 2644 le
3466 2590 3658 2661 Moync
3691 2592 3745 2643 in

473 2676 650 2738 Variis
681 2680 872 2744 sacris,
905 2689 1038 2734 tom.
1068 2679 1108 2746 l,
1142 2695 1194 2750 p.
1228 2679 1352 2746 470,
1383 2681 1698 2752 subjuncta,
1731 2698 1783 2751 p.
1820 2681 1946 2748 490,
1978 2682 2202 2752 antiqua
2235 2683 2485 2736 versione
2520 2683 2736 2742 Latina,
2765 2695 2890 2736 ante
2938 2683 3164 2738 inedita.
3196 2684 3277 2739 Ad
3318 2685 3499 2738 locum
3553 2699 3674 2753 cap.
3717 2685 3741 2737 1

463 2771 631 2843 hujus
665 2771 810 2839 libri,
839 2787 950 2842 quo
980 2783 1139 2829 notas
1175 2774 1407 2830 Biblicas
1442 2774 1668 2846 exponit
1694 2773 2054 2845 Epiphanius,
2080 2775 2426 2844 conjecturas
2466 2790 2616 2829 meas
2650 2774 2945 2844 aliquando
2978 2776 3238 2844 proposui
3274 2774 3337 2828 D.
3376 2774 3617 2846 Mayero,
3649 2776 3743 2844 qui

465 2883 555 2924 eas
573 2869 791 2939 probari
814 2869 920 2924 sibi
941 2877 1168 2925 testatus
1190 2881 1275 2926 est
1300 2870 1355 2924 in
1375 2870 1619 2925 Historia
1641 2871 1893 2926 versionis
1909 2866 2237 2925 Germanica:
2251 2868 2545 2922 Bibliorum
2567 2868 2631 2921 D.
2650 2867 2890 2935 Lat/teri,
2917 2885 2972 2940 p.
2987 2869 3112 2924 2l0.
3134 2868 3314 2924 Locus
3327 2883 3377 2922 c.
3397 2868 3452 2932 4,
3481 2868 3570 2921 ubi
3596 2865 3748 2938 ἀρών

463 2963 754 3032 exponitur
772 2965 806 3035 ὴ
825 2963 924 3037 τῆς
939 2962 1203 3034 διαθήκης
1235 2961 1485 3024 κιϐωτός,
1507 2960 1742 3016 illustrat
1766 2960 1931 3014 verba
1958 2960 2073 3014 Ana

2136 2960 2234 3015 asii
2265 2959 2488 3014 Sinaita:
2520 2959 2614 3014 lib.
2634 2975 2707 3012 χιι
2726 2962 3147 3031 Anagogicarum
3164 2959 3664 3028 contemplationum
3691 2959 3746 3010 in

466 3059 849 3121 Hexaemeron,
879 3071 1003 3126 pag.
1027 3054 1123 3121 26,
1151 3068 1315 3123 quem
1348 3053 1649 3123 intelligere
1675 3067 1734 3106 se
1764 3061 1921 3122 negat
1945 3051 2196 3107 eruditus
2225 3052 2514 3121 interpres.
2553 3049 2629 3106 De
2670 3053 2929 3122 operibus
2966 3052 3072 3106 illis
3117 3052 3306 3120 viginti
3356 3051 3593 3114 duobus,
3625 3065 3749 3119 quas

465 3164 584 3220 cap.
617 3147 681 3204 21
714 3163 831 3219 seq.
855 3164 885 3203 a
924 3147 1036 3202 Deo
1064 3147 1285 3203 condita
1312 3146 1503 3203 scribit
1534 3146 1892 3216 Epiphanius,
1924 3163 2156 3217 quaeque
2194 3147 2522 3216 respondere
2555 3146 2671 3199 vult
2706 3145 2928 3199 totidem
2967 3145 3122 3199 libris
3155 3141 3367 3198 Veteris
3406 3141 3747 3196 Testamenti

465 3241 768 3311 litterisque
811 3241 1108 3312 alphabeti,
1137 3240 1329 3297 confer
1374 3240 1728 3297 Lambecium
1759 3241 1855 3296 lib.
1886 3257 1968 3306 ιιι,
2013 3257 2134 3312 pag.
2173 3242 2263 3307 40,
2302 3243 2398 3296 101
2435 3253 2488 3297 et
2524 3242 2640 3296 196.
2676 3241 2844 3296 FABR.
2873 3272 2942 3280 —
2971 3241 3028 3294 In
3059 3240 3180 3296 cod.
3213 3239 3450 3295 Vindob.
3482 3239 3622 3294 Caes.
3654 3238 3747 3299 89,

465 3351 520 3390 ιι.
555 3334 657 3400 19;
689 3333 880 3389 Lamb.
917 3343 1048 3389 tom.
1077 3324 1164 3399 lll,
1191 3348 1314 3405 pag.
1351 3331 1476 3398 485,
1514 3348 1571 3388 ιι.
1605 3334 1694 3396 19,
1727 3350 1852 3390 cum
1889 3343 2016 3388 uota
2053 3335 2372 3390 Kollarii.—
2402 3335 2788 3403 Fragmentum
2821 3335 2876 3387 in
2910 3332 3106 3388 Lamb.
3141 3332 3459 3396 CommenL,
3491 3344 3621 3386 tom.
3657 3331 3747 3396 lll,

466 3442 517 3497 p.
545 3426 654 3481 472
676 3438 731 3482 et
757 3425 884 3490 477,
920 3435 1034 3481 tum
1063 3425 1117 3480 in
1146 3425 1266 3481 cod.
1299 3424 1512 3490 282,11.
1543 3424 1609 3490 5;
1635 3424 1761 3491 283,
1793 3443 1849 3480 n.
1884 3427 1972 3490 10,
2005 3435 2057 3482 et

2134 3427 2192 3480 )l.
2218 3425 2332 3489 Vll,
2368 3443 2420 3496 p.
2450 3427 2574 3485 555.
2611 3427 2663 3479 in
2693 3425 2816 3480 cod.
2856 3426 2980 3488 155,
3011 3443 3066 3480 n.
3095 3426 3186 3491 22,
3218 3428 3312 3482 sed
3341 3428 3410 3482 ab
3439 3427 3526 3481 ed.
3557 3424 3744 3481 Petav.

465 3532 600 3576 toni.
633 3518 699 3585 ll,
724 3536 778 3591 p.
811 3519 936 3585 158,
965 3519 1105 3577 mire
1146 3519 1420 3588 dissentit,
1446 3521 1743 3576 adnotante
1790 3521 1992 3577 Kollar.
2029 3540 2075 3578 at

2142 3521 2191 3586 ι’,
2228 3538 2279 3590 p.
2313 3523 2409 3577 471
2448 3522 2508 3588 Β,
2544 3532 2597 3576 et
2629 3523 2694 3576 ad
2729 3521 2840 3586 Vll,
2871 3539 2924 3592 p.
2959 3523 3066 3578 555
3095 3524 3161 3577 Α.
3213 3523 3272 3578 In
3315 3525 3437 3579 cod.
3471 3523 3594 3590 1‘27,
3628 3540 3684 3578 n.
3717 3523 3752 3578 5

465 3624 520 3671 et
552 3614 606 3681 8,
633 3629 791 3684 opus,
823 3623 880 3669 at
911 3614 1184 3682 mutilum,
1216 3615 1434 3687 legitur,
1466 3625 1600 3672 teste
1623 3617 1862 3674 Kollario
1909 3619 1962 3672 in
2014 3617 2278 3688 Supplem.
2322 3620 2390 3672 ad
2424 3618 2606 3673 Lamb.
2643 3619 2959 3685 Comment.,
2993 3637 3044 3690 p.
3081 3621 3185 3674 759
3219 3636 3332 3691 seq.
3368 3651 3439 3662 —
3474 3620 3747 3676 Montlau~

404 3752 406 3754 τ
465 3711 655 3767 con.in
684 3710 943 3782 Palwogr.
982 3709 1100 3776 Gn,
1131 3727 1184 3781 p.
1215 3710 1321 3766 565
1356 3727 1532 3783 seqq.,
1566 3714 1787 3784 copiose
1821 3714 1931 3782 agit
1957 3715 2024 3768 de
2065 3714 2206 3769 notis
2240 3730 2618 3768 mensurarum
2651 3730 2716 3768 ac
2746 3713 3072 3783 ponderum,
3108 3714 3254 3769 etde
3290 3713 3436 3769 notis
3468 3712 3748 3783 margina-

464 3808 612 3863 libus
638 3807 899 3862 librorum
924 3827 938 3875 ;
974 3823 1096 3878 pag.
1129 3806 1235 3862 570
1261 3823 1413 3880 seqq.
1445 3825 1510 3865 ex
1539 3809 1841 3880 Epiphanio
1872 3811 2055 3881 posuit
2080 3821 2244 3881 atque
2266 3811 2523 3880 explicuit
2548 3810 2784 3865 tabulam
2816 3821 3068 3865 notarum
3097 3825 3196 3879 pro
3228 3809 3500 3864 mensuris
3526 3818 3582 3862 et
3607 3824 3748 3878 pon-

465 3901 710 3956 deribus.
746 3932 814 3941 —
849 3899 1009 3954 Breve
1037 3912 1337 3970 excerptum
1378 3902 1442 3958 de
1487 3906 1769 3967 mensuris,
1796 3915 1924 3968 etc,
1963 3904 2015 3957 in
2051 3903 2172 3958 cod.
2201 3903 2458 3957 Laurent.
2489 3904 2579 3966 58,
2615 3919 2766 3957 ιιιιιιι.
2799 3903 2852 3966 8,
2882 3904 3015 3972 plut.
3051 3903 3142 3968 59,
3175 3912 3310 3957 teSte
3358 3901 3587 3956 Bandin.
3621 3901 3746 3957 Cat.

466 3991 622 4046 codd.
662 3988 779 4055 Gn,
811 4001 945 4046 tom.
980 3990 1042 4055 ll,
1082 4008 1204 4062 pag.
1236 3993 1360 4058 570,
1408 3993 1583 4055 Paris.
1614 3996 1673 4050 ln
1705 3995 1767 4049 Β.
1799 3996 1944 4066 publ.
1975 4011 2216 4064 qumque
2243 3993 2400 4048 codd.
2438 4005 2521 4048 est
2547 3992 2740 4062 Epiph.
2771 3993 2865 4048 lib.
2896 3993 2974 4046 De
3007 3993 3250 4062 ponder.,
3285 4000 3388 4046 ctc.
3426 3990 3491 4045 ν.
3531 3991 3642 4045 ind.
3678 3990 3750 4043 ad

464 4085 574 4140 vol.
615 4084 659 4139 11
713 4085 828 4142 Cat.
855 4086 1034 4151 cadd.,
1068 4103 1120 4138 ν.
1153 4086 1416 4156 Epiphan.
1451 4087 1508 4141 In
1537 4087 1659 4142 cod.
1699 4087 1800 4140 140
1835 4087 2138 4141 membran.
2170 4094 2254 4140 est
2282 4095 2472 4140 catena
2503 4085 2556 4138 in
2591 4083 2834 4138 Psalmos
2866 4099 2929 4136 ex
2963 4083 3263 4153 Epiphanio
3292 4083 3525 4151 aliisque
3560 4082 3750 4136 tnultis

468 4177 830 4248 scriptoribus
861 4178 1248 4235 ecclesiasticis
1275 4187 1549 4234 contexta.
1580 4177 1989 4234 Prmmittuntur
2037 4180 2210 4233 instar
2240 4177 2547 4249 Prolegom.
2585 4177 2604 4230 1
2631 4219 2646 4242 ,
2694 4175 2958 4244 Excerpta
2982 4192 3047 4230 ex
3077 4174 3354 4246 Epiplt.§de
3382 4173 3535 4228 LXX
3567 4171 3749 4227 Inter—

468 4265 723 4336 pretibus,
748 4267 970 4338 aliisque
999 4269 1269 4322 uariarunt
1289 4269 1583 4323 versionum
1607 4270 1936 4334 auctoribus,
1973 4278 2049 4334 et,
2078 4270 2113 4322 2
2139 4284 2305 4324 anon.
2333 4269 2399 4324 de
2427 4269 2615 4324 eodem
2645 4277 2966 4338 argumento
2989 4281 3262 4336 excerpta.
3295 4265 3504 4324 Pariter
3539 4267 3594 4321 in
3619 4267 3744 4320 cod.

466 4356 667 4412 Medic.
703 4355 758 4422 5,
800 4359 937 4428 plut.
986 4358 1041 4423 6,
1070 4359 1163 4430 qui
1196 4360 1440 4414 continet
1471 4359 1660 4416 Caten.
1691 4359 1918 4415 Patrum
1970 4361 2024 4414 in
2074 4358 2344 4422 Psalmos,
2389 4358 2737 4429 praemittitur
2772 4356 2963 4428 Epiplt.
2991 4355 3054 4411 de
3093 4355 3240 4411 LXX
3275 4355 3748 4424 Interpret.,,etc.,

469 4453 586 4509 sive
612 4454 792 4523 potius
837 4455 1075 4524 epitome
1101 4469 1292 4508 eorum
1322 4471 1442 4524 quae
1472 4453 1666 4526 Epiph.
1699 4456 1754 4509 in
1802 4455 1943 4511 libro
1974 4453 2051 4508 De
2081 4454 2420 4525 ponderibus,
2455 4462 2584 4520 ete.,
2613 4453 2892 4507 memoriae
2924 4451 3186 4521 prodidit,
3219 4450 3395 4504 indice
3425 4447 3656 4504 Bandin.
3694 4448 3750 4502 in

469 4545 594 4604 Cat.
617 4546 772 4601 codd.
799 4545 892 4601 Gr.
918 4545 1111 4610 Laur.,
1138 4546 1178 4612 l,
1207 4563 1260 4618 p.
1289 4546 1379 4602 87.
1405 4548 1567 4617 Atqui
1593 4546 1941 4602 Montl‘aucon
1971 4557 2010 4602 t.
2041 4548 2059 4600 1
2098 4548 2322 4616 Hexapl.
2359 4545 2603 4615 Origenis
2632 4543 2846 4616 (Paris.
2865 4543 3022 4606 1715,
3047 4542 3192 4613 fol.),
3220 4557 3271 4612 p.
3297 4541 3365 4597 86
3387 4557 3538 4612 seqq.
3567 4539 3751 4610 prole-

469 4655 684 4710 gomen.
714 4639 803 4706 (in
839 4638 1083 4694 Bahrdtii
1115 4639 1202 4695 ed.
1233 4649 1271 4695 t.
1306 4639 1347 4702 1,
1381 4655 1503 4710 pag.
1540 4639 1822 4710 177-182),
1860 4654 1928 4694 cx
1959 4639 2082 4695 cod.
2119 4655 2232 4710 reg.
2260 4637 2431 4692 Paris.
2465 4636 2590 4699 146,
2619 4651 2684 4690 ac
2709 4635 2968 4690 Vaticano
2993 4633 3180 4697 edidit,
3205 4631 3264 4687 S.
3288 4631 3576 4702 Epiphanii
3606 4632 3749 4699 Περὶ

469 4730 588 4783 τῶν
612 4734 668 4785 0'
704 4729 1117 4800 Ἑρμηνευτῶν
1140 4730 1237 4784 καὶ
1270 4729 1385 4783 τῶν
1403 4728 2045 4799 παρερμηνευσὰντων,

2140 4747 2167 4784 e
2194 4728 2347 4782 LXX
2381 4727 2756 4796 lmerpretibus
2791 4739 2837 4782 el
2867 4727 2930 4779 de
2952 4726 3075 4778 aliis
3097 4726 3188 4794 qui
3225 4741 3373 4777 secus
3409 4725 3748 4793 interpretati

469 4832 612 4889 sunt,
640 4823 916 4893 epitomen
951 4837 1166 4885 eorum,
1193 4823 1288 4878 sed
1323 4821 1659 4877 dillerentem
1691 4822 1747 4875 in
1779 4821 2131 4892 quibusdam,
2168 4837 2290 4892 quze
2321 4821 2373 4874 in
2403 4819 2691 4890 Epiphanii
2721 4818 2858 4872 libro
2893 4816 2964 4870 De
2996 4815 3310 4887 ponderibus
3354 4831 3416 4868 ac
3462 4816 3746 4880 mensuris,

469 4917 537 4972 dc
567 4919 758 4974 eodem
788 4925 1113 4989 argumento
1150 4917 1423 4986 leguntur.
1456 4912 1532 4969 De
1571 4914 1793 4986 Syriaca
1821 4915 2055 4984 epitome
2090 4913 2423 4968 narrationis
2456 4909 2724 4980 Epiphan.
2762 4925 2813 4963 v.
2849 4909 3021 4963 Bruns
3060 4907 3112 4961 in
3145 4907 3460 4962 Eichhornii
3490 4907 3746 4975 Reperio-

470 5008 550 5078 ,io
576 5008 664 5076 [ἂν
693 5006 820 5063 bibl.
859 5025 912 5065 ιι.
942 5004 1431 5078 ntorgenltindiaclte
1464 5003 1779 5069 Litteratur,
1813 5012 1952 5074 part.
1987 5020 2096 5068 xw,
2127 5021 2180 5075 p.
2211 5003 2317 5059 591
2347 5019 2498 5073 seqq.
2537 5000 2694 5056 Conl‘.
2727 5016 2914 5070 supra,
2947 5001 3050 5054 vol.
3084 4997 3172 5061 lll,
3200 5014 3320 5068 pag.
3351 4998 3457 5054 690
3487 5014 3638 5070 seqq.
3679 5027 3751 5038 —-

543 5275 620 5345 (τι)
662 5274 1083 5347 Melanchthon,
1121 5292 1196 5342 Iv,
1246 5276 1404 5346 epist.
1441 5276 1532 5341 89,
1571 5277 1637 5332 ad
1669 5276 1974 5347 Camerar-.7,
2008 5291 2060 5328 a.
2165 5282 2321 5328 serta:
2348 5269 2793 5347 s_unt_,_et_al_icubi
2822 5267 3142 5347 negligenter
3170 5268 3498 5347 perscriptae:
3596 5338 3606 5347 ι

474 5337 656 5401 1ἴὶξὶ9ε
705 5347 877 5401 Attuli
903 5365 938 5401 a
967 5337 1153 5416 Lange
1183 5337 1289 5402 ltus
1326 5337 1616 5417 Epiphanii
1652 5347 1865 5402 (ἐι-(εσσε
1899 5346 2065 5417 libros
2238 5347 2315 5406 lb)
2354 5343 2418 5396 D.
2454 5344 2802 5417 Christianus
2828 5337 3149 5417 liortholtus
3178 5348 3323 5417 notis
3361 5341 3426 5392 ad
3468 5337 3748 5417 Iustinum

473 5417 609 5488 Περὶ
637 5417 925 5488 αἱρέσεων,
953 5407 1212 5488 συζιῖιὶἡὶ
1239 5407 1390 5473 valde
1417 5407 1646 5488 placent.
1680 5416 2066 5488 Propemodum
2165 5426 2506 5488 marty'[e_tn',_
2533 5430 2585 5482 p.
2615 5414 2712 5475 «11;
2747 5409 2978 5488 Daumius
3010 5409 3088 5488 pe
3115 5425 3215 5488 usu
3235 5407 3503 5488 Patrum,
3534 5408 3745 5488 p.872,

473 5479 758 5540 historiam
797 5479 992 5561 ueteris
1027 5479 1596 5561 EcclesitceOtttirtent.
1639 5488 1719 5542 Ea:
1751 5479 2068 5561 hisdem-etii

2209 5479 2327 5561 ω·
2355 5479 2621 5561 ΡΙιιιιίιιε,
2664 5483 2814 5561 cod.‘
2851 5479 3296 5561 1%2,_’A60§vh;
3325 5479 3381 5561 ᾅὲ
3415 5481 3479 5561 ἐκ
3514 5479 3608 5532 τοῦ
3655 5480 3750 5532 ἐπὶ

472 5574 746 5630 excerpere
790 5560 1080 5630 ἐπιτομήν.
1125 5559 1190 5618 Et
1224 5560 1386 5630 epist.
1421 5561 1490 5615 90
1520 5580 1534 5615 :
1576 5557 1848 5629 Ἰστορικά
1879 5559 1934 5610 in
1973 5558 2066 5610 illo

2166 5549 2419 5609 πλεῖστον
2447 5557 2504 5606 ὲν
2530 5557 2651 5617 ταῖς
2686 5550 2830 5606 κατὰ
2857 5550 2965 5604 τῶν
2995 5549 3271 5606 δυσσεὸῶν
3306 5549 3572 5622 αἱρέσεων
3608 5565 3749 5620 συμ-

472 5629 611 5688 libro
643 5642 765 5684 sunt
800 5634 991 5693 multa,
1018 5629 1069 5685 et
1101 5629 1411 5702 indicantur
1443 5633 1609 5701 magis
1635 5629 1870 5702 quidem,
1899 5644 2058 5697 quant
2166 5629 2415 5702 πλσιιαῖξ.
2464 5695 2496 5702 η
2717 5696 2730 5702 _
2778 5693 2818 5702 _
2928 5699 2937 5702 _
3063 5699 3071 5702 _
3135 5692 3147 5702 _
3257 5690 3289 5702 η
3366 5691 3397 5702 η
3497 5691 3509 5702 _

472 5709 808 5768 exponuntur
834 5718 908 5756 etc
938 5690 1042 5766 res,
1068 5718 1184 5769 qua?
1219 5701 1349 5755 alibi
1397 5719 1497 5754 non
1525 5690 1759 5755 Emam.
1801 5690 2058 5767 Disputaa
2179 5697 2315 5769 μω)
2357 5695 2618 5763 Scaliger.
2665 5696 2733 5750 ad
2778 5693 2981 5769 Euseb.
3024 5699 3094 5769 et-
3133 5692 3188 5745 in
3239 5690 3666 5769 _Scaligerianis,
3693 5698 3750 5748 et

478 5762 553 5843 ad
587 5780 760 5824 autent
806 5772 962 5841 hujus
1010 5762 1244 5825 auctoris
1279 5773 1406 5842 περὶ
1448 5771 1734 5843 δογμάτων
1765 5762 2056 5843 ειγιαὶιῃιιὶν-

1959 5770 2056 5843 mi—
2173 5762 2388 5843 natura.
2421 5762 2706 5843 trium-es”
2737 5782 2785 5820 c.
2819 5765 2890 5843 1.5
2912 5780 2925 5826 ;
2958 5762 3025 5816 Is.
3057 5762 3435 5843 Casaulugtcs,
3463 5774 3569 5818 etc.

476 5839 598 5898 dtur
625 5852 738 5909 est,
771 5853 818 5899 et
865 5830 972 5901 illa:
1014 5843 1172 5898 etiam
1214 5830 1560 5899 narrationes
1597 5859 1698 5898 non
1749 5830 2057 5912 ubiquevdi-
2238 5841 2306 5911 (τ’)
2349 5837 2578 5895 Dallzcus
2611 5830 2814 5894 Deusu
2847 5834 3093 5902 Patrum,
3128 5848 3180 5902 p.
3229 5830 3350 5887 158.
