4078 6368
1437 383 1721 444 NOTITIA
1758 387 1829 443 IN
1861 387 1920 445 S.
1958 382 2403 449 EPIPHANIUM.

1958 382 2403 449 EPIPIIANIUM.
3504 413 3560 455 ιι

304 491 385 551 De
416 494 705 568 Epiphanii
752 501 1064 557 narratione
1092 517 1214 573 cap.
1244 502 1299 568 ὅ,
1330 504 1386 568 6,
1419 504 1472 570 9,
1501 507 1569 561 10
1590 518 1645 563 et
1675 508 1762 573 ll,
1791 509 1860 564 de
1889 511 2141 567 versione
2187 509 2330 567 LXX
2360 512 2453 568 Gr.
2481 512 2837 585 epistolisque
2883 512 3028 584 regis
3053 510 3192 568 Ptol.
3220 513 3288 569 ad
3319 512 3562 584 Iudaeos,

200 620 203 621 ν
302 601 359 644 et
389 592 457 645 de
489 605 803 663 comparata
829 596 1057 653 Aristeas
1087 599 1404 653 narratione
1431 600 1536 656 late
1560 601 1783 657 disserit
1815 604 1883 659 cl.
1917 602 2048 659 Ern.
2079 604 2228 660 Frid.
2258 605 2386 661 Car.
2418 606 2799 663 Rosenmitller
2827 608 2881 662 in
2916 628 2930 664 :
2958 608 3253 665 Handbuch
3282 610 3371 681 fur
3398 611 3568 667 Litte-

302 693 461 737 ratur
485 686 579 739 der
605 686 730 741 bibl.
768 686 945 743 Kritik
976 693 1084 747 und
1111 692 1363 767 Exegese,
1396 706 1528 752 tom.
1555 695 1621 764 ll,
1654 713 1710 769 p.
1741 698 1848 754 570
1876 715 2053 771 seqq.,
2083 700 2327 772 Gotting.
2357 701 2519 768 1798,
2545 701 2623 767 8°,
2664 709 2720 757 et
2766 719 2820 775 p.
2856 703 2963 759 412
2986 719 3103 775 seq.
3132 733 3203 745 —
3228 706 3366 762 Add.
3403 705 3567 777 Bayle

300 777 412 832 loc.
437 780 529 836 cit.
566 780 739 840 ΗΑιιι..

375 876 429 930 5.
476 876 773 945 Epistolam
799 882 871 936 ad
894 882 1154 939 Joannem
1176 887 1715 960 Hierosolgmitanum
1760 888 1781 960 (
1803 891 1944 945 male
1974 887 2621 957 Constantinopolitanum
2658 892 2822 948 habet
2852 892 3135 952 Possevin.
3160 896 3180 969 )
3226 897 3563 968 episcopum,

299 971 391 1022 cui
421 976 786 1044 arrogantiam
818 987 871 1033 et
900 980 1148 1050 Origenis
1189 982 1557 1039 defensionem
1605 985 1920 1055 exprobrat,
1956 984 2147 1041 Latine
2190 995 2399 1041 tantum
2442 1002 2510 1041 ex
2554 989 2804 1043 versione
2846 988 3181 1061 Hieronymi,
3210 991 3302 1061 qui
3333 992 3478 1047 illius
3510 994 3565 1048 in

297 1066 461 1134 epist.
496 1070 706 1135 lOl,ad
746 1072 1091 1143 Pammach.,
1116 1081 1382 1146 meminit,
1415 1089 1549 1137 tom.
1580 1080 1625 1135 ll
1652 1080 1949 1154 Epiphan.,
1980 1099 2036 1154 p.
2063 1083 2189 1138 512.
2222 1083 2328 1139 Pro
2360 1094 2599 1141 extrema
2628 1094 2781 1156 parte
2810 1087 2976 1158 hujus
2999 1088 3241 1158 epistolaa
3272 1089 3485 1144 laudata
3513 1092 3564 1145 in

296 1162 479 1220 Libris
508 1167 796 1239 Carolinis,
829 1189 903 1241 iv,
939 1176 1030 1240 25,
1063 1185 1118 1231 et
1156 1180 1365 1249 synodo
1395 1178 1595 1243 Paris.,
1629 1194 1685 1250 p.
1712 1181 1838 1245 ⁸555,
1873 1180 1949 1233 De
1978 1181 2320 1251 imaginibus,
2357 1197 2479 1251 cap.
2512 1182 2565 1249 7,
2608 1194 2662 1237 et
2707 1198 2737 1237 a
2769 1182 3210 1255 Tuhingensibus
3239 1184 3306 1239 ad
3337 1185 3569 1255 patriar-

296 1261 460 1315 cham
490 1262 801 1332 Jereminm,
830 1286 937 1338 qua
966 1287 1099 1327 usus
1139 1274 1437 1345 imaginum
1480 1279 1535 1332 in
1570 1278 1809 1334 Ecclesia
1847 1278 2207 1347 improbatur,
2236 1277 2427 1333 confer
2449 1295 2572 1349 quae
2599 1279 2879 1336 disserunt
2902 1280 3112 1335 Natalis
3138 1280 3301 1335 Alex-
3328 1296 3455 1339 saec.
3495 1298 3569 1349 Iv,

296 1367 419 1498 ap.
454 1358 507 1421 6,
537 1366 641 1412 art.
679 1360 783 1421 28;
819 1360 967 1418 Elias
997 1364 1068 1419 du
1099 1364 1199 1419 Pin
1235 1376 1368 1421 tom.
1402 1367 1445 1422 ll
1486 1367 1744 1423 Biblioth.
1771 1367 1981 1434 eccl'es.,
2009 1384 2135 1439 pag.
2175 1368 2302 1436 297,
2338 1385 2403 1425 ac
2432 1370 2705 1441 praecipue
2736 1370 2787 1426 .l‘.
2823 1370 3057 1428 Dallaaus
3096 1370 3176 1425 De
3223 1372 3573 1443 imaginibus.

321 1463 335 1498 ι
382 1486 395 1498 .
431 1464 489 1498 ll.
519 1467 638 1498 can.
664 1454 715 1498 ι,
1258 1482 1265 1492 -

321 1454 395 1499 ib.
431 1464 489 1513 ιι,
519 1467 638 1520 cap.
664 1454 717 1507 4.

373 1543 424 1600 3.
466 1545 714 1616 Epirtola
744 1551 923 1610 brevis
953 1557 1029 1609 ad
1055 1559 1460 1630 Hieronymum,
1490 1574 1597 1630 qua
1645 1560 1762 1630 ejus
1791 1570 1844 1616 et
1870 1560 2158 1632 Theophili
2193 1561 2353 1617 Alex.
2388 1561 2562 1617 zelum
2594 1559 2858 1615 adversus
2882 1556 3171 1631 Origenem
3200 1561 3415 1630 probat.
3444 1559 3571 1617 Hice

296 1637 491 1695 La‘ine
518 1642 716 1712 ltigitur
742 1647 884 1701 inter
910 1653 1168 1719 epistolas
1206 1656 1520 1727 llieronymi
1553 1657 1641 1720 7'5,
1666 1670 1718 1713 et
1742 1657 2029 1728 Theophili
2058 1658 2213 1713 libris
2239 1664 2255 1725 (
2282 1658 2395 1714 sive
2419 1658 2665 1728 epiStolis
2699 1655 2924 1727 potius.)
2954 1656 3307 1725 paschalibus
3336 1657 3571 1727 praefigi-

294 1735 391 1780 tur
427 1728 480 1781 in
526 1733 907 1806 hwresiologia
940 1738 1177 1807 Heroldi,
1221 1760 1342 1814 pag.
1375 1744 1499 1807 615,
1527 1753 1581 1799 et
1618 1745 1672 1799 in
1704 1745 2047 1799 Bibliothecis
2083 1745 2341 1811 Patrum;
2371 1754 2427 1800 at
2457 1762 2487 1801 a
2516 1745 2739 1801 Petavio
2765 1748 2967 1802 omissa
2993 1757 3094 1803 est.
3130 1734 3285 1818 Apud
3314 1749 3568 1803 eumdem

296 1822 688 1899 Hieronymum
718 1844 896 1889 exstat
924 1846 975 1891 et
1007 1839 1237 1907 epistola
1268 1838 1381 1911 [66]
1408 1839 1691 1910 Theophili
1714 1842 1869 1895 Alex.
1898 1842 1965 1895 ad
1988 1840 2375 1912 Epiphanium.
2402 1840 2647 1897 Emm—
2670 1842 2744 1898 De
2766 1853 2997 1913 utraque
3022 1844 3252 1912 epistola
3279 1861 3333 1903 ν.
3364 1855 3477 1899 not.
3501 1842 3573 1907 B,

292 1917 352 1971 in
386 1918 551 1991 Bayle
580 1922 751 1987 Dict.,
785 1937 841 1980 v°
866 1925 1086 1999 Epipb.,
1117 1947 1171 2000 ν.
1199 1932 1289 1988 44.
1331 1962 1403 1975 —-
1452 1933 1738 2005 Epiphanii
1767 1937 1921 2005 epist.
1959 1937 2027 1989 ad
2055 1938 2365 2007 Hieronym.
2399 1949 2482 1992 est
2504 1936 2681 1993 Oxon.
2713 1938 2766 1991 in
2798 1937 2919 1991 cod.
2953 1936 3025 1990 20
3057 1937 3188 1992 bibl.
3217 1938 3427 2007 collegii
3464 1939 3565 1992 Ba—

291 2013 511 2109 liolens.
546 2034 596 2109 ξ.
629 2036 683 2073 n.
717 2020 824 2075 426
852 2022 973 2077 Cat.
1004 2026 1158 2080 codd.
1203 2028 1386 2100 Angl.,
1423 2038 1555 2086 tom.
1586 2029 1625 2097 l,
1658 2040 1800 2101 part.
1834 2048 1894 2093 ιι,

1957 2058 1977 2085 ι.
2014 2031 2100 2097 10,
2132 2041 2187 2086 et
2214 2031 2432 2087 Dublini
2460 2032 2514 2086 in
2551 2033 2674 2086 cod.
2724 2033 2873 2097 7,12
2919 2036 3005 2106 (s.
3037 2054 3094 2092 η.
3124 2036 3225 2090 147
3266 2036 3387 2091 Cat.
3423 2038 3567 2109 cit.),

288 2105 419 2161 coll.
459 2105 516 2161 S.
544 2107 865 2180 Trinitatis,_
886 2112 1059 2170 Paris.
1090 2116 1143 2170 in
1174 2115 1234 2173 Β.
1268 2119 1415 2188 pubi.
1450 2121 1592 2175 inter
1636 2122 1797 2175 codd.
1829 2120 2009 2176 Latin.
2039 2123 2091 2174 in
2140 2123 2263 2176 cod.
2292 2121 2454 2185 1890,
2484 2139 2536 2175 n.
2568 2121 2592 2175 1
2620 2140 2634 2182 ς
2668 2121 2867 2192 Epiph.
2893 2105 3052 2194 epist.
3082 2126 3148 2179 ad
3178 2123 3335 2181 Joan.
3374 2105 3570 2181 Hiero~

291 2197 684 2267 solymitanum
716 2209 775 2253 et
796 2204 848 2256 in
874 2205 1031 2260 codd.
1059 2205 1202 2259 2172
1229 2217 1282 2262 et
1309 2225 1423 2279 seq.
1454 2226 1539 2280 ep.
1559 2213 1625 2265 ad
1662 2211 2395 2283 llieronymum.-—-Venetiis
2419 2214 2472 2267 in
2504 2212 2830 2269 B.Michael.
2860 2225 2994 2270 teste
3023 2215 3412 2289 Mittarelliojn
3446 2216 3567 2274 Cat.

290 2293 477 2360 codd.,
505 2310 560 2364 p.
589 2296 713 2362 551,
745 2307 799 2353 et
833 2299 887 2353 in
917 2301 1040 2357 aliis
1072 2302 1427 2372 epistolarum
1466 2305 1687 2362 Hieron.
1713 2308 1873 2363 codd.
1905 2319 2068 2379 atque
2101 2309 2224 2365 edd.
2256 2339 2326 2349 —
2359 2308 2415 2363 In
2448 2308 2568 2364 cod.
2602 2308 2829 2365 Coislin.
2863 2309 2987 2374 505,
3044 2309 3137 2364 fol.
3167 2309 3293 2375 207,
3341 2320 3469 2366 sunt
3514 2311 3567 2364 in

290 2406 403 2533 inlata
434 2401 488 2446 et
517 2392 983 2487 dimidia/pagina
1027 2400 1273 2466 quaedam
1304 2416 1370 2455 ea:
1401 2400 1687 2471 Epiphanii
1718 2402 1781 2457 de
1813 2402 2054 2474 Origene,
2083 2411 2220 2460 teste
2245 2402 2614 2459 Montfaucon.
2634 2404 2688 2457 in
2714 2402 2971 2457 Bibliotlt.
3010 2399 3257 2466 Coislin.,
3286 2418 3409 2474 pag.
3443 2402 3567 2457 42L

344 2499 449 2533 ARL

290 2481 374 2535 HA
385 2499 449 2536 tu.

367 2580 420 2635 7.
462 2582 598 2653 Περὶ
624 2582 732 2637 τῶν
756 2583 963 2637 δώδεκα
993 2583 1177 2648 λίθων,
1212 2586 1288 2640 De
1313 2589 1529 2658 gemmis
1561 2587 1615 2643 in
1644 2598 1796 2645 veste
1822 2590 1977 2645 Auro}

1962 2592 2078 2647 his.
2112 2591 2315 2647 Praeter
2346 2607 2456 2647 rem
2500 2592 2740 2663 optimus
2768 2588 2981 2646 Caveus
3026 2590 3226 2647 librum
3275 2589 3353 2644 De
3381 2590 3572 2659 lapidi«

294 2679 393 2732 bus
423 2677 566 2734 inter
599 2680 799 2735 inedita
831 2680 1120 2751 Epiphanii
1151 2681 1337 2736 refert.
1373 2680 1484 2739 Nec
1518 2684 1703 2740 minus
1732 2685 2018 2754 falluntur,
2063 2688 2155 2756 qui
2194 2688 2391 2743 librum
2442 2689 2587 2742 hunc
2630 2686 2936 2758 Epiphanio
2984 2686 3322 2757 abjudicant.
3364 2685 3576 2743 Prodiit

291 2790 420 2829 cum
454 2776 707 2831 versione
743 2776 870 2832 Iolae
898 2776 1172 2839 Hieronis,
1208 2775 1515 2842 Tarentini,
1543 2777 1730 2848 Tiguri
1766 2780 1926 2845 1582,
1958 2791 2120 2852 atque
2158 2782 2211 2836 in
2240 2781 2446 2837 Petavii
2476 2783 2632 2844 edit.,
2663 2792 2796 2836 tom.
2827 2780 2891 2847 ll,
2935 2798 2990 2852 p.
3017 2782 3145 2849 225,
3195 2792 3311 2837 tum
3348 2783 3402 2837 in
3436 2782 3575 2837 Mat-

288 2868 423 2922 thiae
452 2865 640 2922 Hilleri
673 2868 814 2923 libro
843 2868 918 2922 De
948 2868 1223 2923 duodecim
1247 2870 1482 2940 lgemmis
1514 2872 1567 2924 in
1595 2872 1852 2940 pectorali
1892 2875 2085 2929 summi
2107 2875 2395 2943 pontiﬁcis,
2430 2873 2662 2944 Tubing.
2702 2874 2857 2940 l698,
2898 2873 2977 2937 4°,
3004 2883 3058 2929 et
3108 2874 3163 2928 in
3207 2873 3573 2945 Syntagmatis

288 2959 410 3030 ejus
435 2958 854 3023 hermeneuticis,
882 2960 1041 3026 1711,
1068 2959 1143 3024 4°,
1177 2963 1270 3030 qui
1300 2960 1709 3016 observationes
1739 2978 1869 3018 suas
1898 2972 1954 3017 et
1983 2964 2241 3019 Salmasii
2272 2966 2370 3035 (ex
2399 2961 2669 3018 Pliniants
2700 2963 2821 3034 ejus
2859 2964 3173 3020 Exercitatt.
3204 2967 3273 3019 ad
3305 2964 3574 3034 Solinum)

290 3052 518 3106 addidit.
542 3050 685 3107 Idem
720 3066 775 3121 p.
808 3052 910 3106 110
941 3061 1114 3119 notat,
1145 3055 1213 3110 de
1232 3056 1472 3126 gemmis
1507 3064 1634 3111 ante
1667 3055 2031 3127 Epiphanium
2075 3056 2365 3126 scripsisse
2392 3054 2834 3124 Theophrastum
2869 3053 3143 3122 Eresium,
3178 3054 3443 3118 Dioclem,
3472 3053 3575 3107 Ju-

292 3148 441 3209 bam,
478 3143 820 3201 Mauritania:
844 3162 1049 3217 regem,
1081 3149 1443 3205 Xenocratem
1473 3149 1794 3221 Ephesium,
1841 3149 2125 3210 Sudinem,
2161 3146 2530 3201 Metrodorum
2561 3144 2867 3215 Scepsium,
2907 3145 3184 3218 Satyrum,
3215 3146 3435 3216 Ajacem
3468 3145 3578 3199 Pli-

292 3240 586 3303 stonicem,
630 3237 1058 3303 Demostratum,
1103 3238 1483 3304 Zenothemin,
1532 3238 2233 3305 Sotacum,(lallistratum,
2265 3236 2555 3294 Ismeniam
2600 3235 2967 3308 Olympicum,
3004 3237 3357 3300 Archelaum,
3393 3239 3488 3306 qui
3521 3236 3576 3289 in

288 3326 638 3398 Cappadocia
685 3327 952 3397 regnavit,
990 3325 1220 3394 Horum,
1254 3327 1642 3396 Democritum,
1680 3329 2050 3393 Zoroastrem,
2083 3327 2401 3382 Zachariam
2434 3327 2787 3399 Babylonium
2833 3336 2889 3383 et
2924 3328 3154 3383 alterum
3189 3326 3573 3384 Xenocratem.

290 3419 672 3475 Conferendus
709 3419 873 3473 etiam
926 3417 1026 3473 Ed.
1057 3419 1407 3474 Bernhardus
1448 3419 1598 3474 notis
1646 3420 1713 3473 ad
1762 3418 2084 3488 Josephum,
2118 3434 2237 3488 pag.
2277 3417 2379 3473 180
2408 3432 2550 3488 seq.,
2582 3428 2637 3470 et
2683 3414 2733 3473 J.
2765 3415 3040 3472 Braunius
3073 3417 3167 3471 lib.
3203 3432 3243 3470 ιι
3286 3415 3363 3471 De
3388 3414 3578 3470 vestitu

290 3514 633 3569 sacerdotum
663 3510 850 3575 Hebr.,
884 3526 1006 3582 cap.
1028 3510 1062 3565 8
1093 3526 1210 3581 seq.
1251 3509 1307 3565 ln
1338 3510 1594 3566 omnibus
1631 3510 1717 3566 his
1746 3510 2079 3566 editionibus
2108 3509 2309 3564 omissa
2341 3518 2425 3563 est
2452 3507 2739 3579 Epiphanii
2764 3510 2988 3580 epistola
3013 3514 3083 3566 ad
3113 3512 3408 3567 Diodorum
3439 3510 3582 3566 Tar-

291 3625 520 3672 sensem,
552 3607 641 3662 cui
668 3608 869 3662 librum
905 3608 1272 3674 consecravit,
1299 3623 1419 3677 qua:
1449 3605 1642 3662 Latine
1666 3616 1846 3662 exstat
1876 3608 2017 3678 apud
2053 3605 2395 3670 Facundum,
2430 3606 2520 3660 lib.
2555 3622 2627 3673 ιν,
2673 3621 2721 3665 c.
2757 3609 2814 3674 '5,
2848 3617 2978 3663 tom.
3012 3608 3056 3664 ll
3089 3607 3229 3680 Opp.
3273 3608 3576 3675 Sirmondi,

293 3714 347 3768 p.
388 3696 518 3751 517.
565 3695 925 3767 Hieronymus
954 3699 1115 3765 epist.
1148 3696 1251 3751 128
1282 3695 1356 3750 De
1375 3697 1558 3750 uestitu
1587 3696 1941 3763 sacerdotum,
1968 3698 2038 3751 ad
2067 3696 2385 3751 Fabiolam:
2415 3696 2672 3768 Sufﬁciat,
2697 3700 2835 3769 quod
2858 3709 2907 3754 et
2929 3712 3146 3756 sanctus
3173 3718 3312 3771 papa
3344 3700 3579 3771 Epipha-

295 3794 418 3845 nius
455 3792 724 3862 egregium
757 3807 914 3861 super
949 3790 1045 3843 hoc
1074 3790 1177 3859 (de
1205 3790 1435 3860 gemmis
1466 3788 1779 3856 duodecim,
1812 3788 1944 3858 quid
1981 3802 2327 3858 unaquzeque
2351 3787 2546 3853 valeat,
2580 3795 2634 3841 et
2685 3790 2957 3857 quomodo
3003 3790 3299 3845 virtutibus
3348 3789 3581 3860 singulae

291 3880 722 3951 comparentur)
759 3880 999 3934 uolumen
1032 3878 1241 3942 edidit;
1269 3878 1408 3951 quod
1443 3880 1490 3934 si
1524 3879 1688 3949 legere
1716 3879 1966 3943 volueris,
2000 3878 2365 3948 plenissimam
2397 3880 2676 3933 scientiam
2700 3884 3054 3953 consequeris.
3084 3882 3315 3937 Arethas
3338 3882 3404 3936 ad
3439 3883 3581 3950 Apo-

292 3972 493 4041 ralyps.
530 3988 602 4036 iv,
628 3972 683 4035 5,
711 3973 776 4026 de
805 3971 984 4040 lapide
1026 3971 1208 4026 sardio
1236 3989 1249 4024 :
1279 3970 1443 4039 Λέγει
1478 3970 1586 4041 γὰρ
1616 3972 1644 4023 ὁ
1673 3970 1847 4040 μέγας
1872 3970 1902 4022 ’1

1972 3970 2191 4040 ῖιφὰνιος
2228 3969 2498 4041 ἰατρεύειν
2538 3969 2826 4041 οἰδήματα,
2859 3982 2966 4027 etc.
3017 3970 3302 4041 Epitomen
3333 3970 3582 4025 ediderat

291 4068 581 4125 Couradus
606 4069 879 4123 Gesnerus
910 4082 1034 4122 cum
1065 4065 1378 4131 corollario,
1408 4065 1462 4118 in
1502 4064 1825 4121 collectione
1861 4064 2190 4135 scriptorum
2221 4064 2316 4134 qui
2345 4065 2412 4119 de
2437 4064 2599 4119 rebus
2633 4063 2916 4119 fossilibus
2945 4070 3192 4134 egerunt,
3227 4061 3413 4132 Tiguri
3440 4060 3581 4115 1566

296 4162 506 4239 [1565],
534 4162 611 4226 8°,
639 4170 803 4231 atque
827 4176 893 4214 ex
923 4160 1030 4214 alio
1055 4159 1244 4213 codice
1274 4174 1378 4212 ms.
1407 4173 1532 4212 eum
1571 4156 1847 4213 Francisci
1884 4157 2140 4211 Turt'iani
2172 4158 2424 4212 versione
2455 4155 2711 4211 Petavius
2735 4165 2867 4211 tom.
2901 4156 2965 4218 ll,
3018 4170 3139 4227 pag.
3168 4155 3295 4209 255.
3334 4152 3428 4208 llla
3461 4153 3581 4223 ipsa

296 4256 548 4330 Epitome
580 4256 685 4312 sub
714 4253 1003 4326 Epiphanii
1034 4255 1257 4309 nomine
1291 4263 1402 4311 tota
1432 4254 1630 4325 legitur
1660 4256 1713 4308 in
1746 4254 2026 4309 Anastasii
2076 4253 2299 4308 Sinaitze
2346 4253 2763 4323 quiestionibus,
2797 4251 3105 4322 qttazstione
3134 4267 3222 4306 ιι.
3256 4249 3476 4305 ἘΑιιιιιε.
3509 4279 3581 4291 -

292 4350 609 4409 Genninum
635 4357 689 4404 et
716 4350 985 4419 integrum
1017 4347 1309 4418 Epiphanii
1343 4365 1466 4406 esse
1492 4351 1692 4405 dicitur
1724 4350 2051 4420 Opusculum
2089 4350 2257 4417 quod,
2305 4350 2359 4402 in
2414 4350 2641 4419 antiqua
2680 4348 2875 4402 Latina
2907 4348 3159 4402 versione
3184 4356 3482 4418 repertum,
3512 4363 3581 4402 ex

293 4441 418 4494 cod.
458 4438 739 4503 Vaticano,
773 4438 827 4491 in
854 4437 1005 4492 calce
1029 4446 1207 4494 tamen
1236 4441 1377 4494 haud
1415 4441 1648 4511 integro,
1680 4440 1886 4511 prodiit
1922 4440 2085 4510 hujus
2112 4440 2399 4495 sententia:
2425 4458 2437 4493 :
2472 4438 2734 4509 Epiphan.
2760 4441 2825 4494 de
2854 4439 3136 4493 duodecim
3164 4439 3383 4509 gemmis
3408 4439 3581 4492 ratio-

296 4535 435 4589 nalis
478 4534 671 4587 summi
709 4531 997 4585 sacerdotis
1026 4529 1371 4584 Hebraeorum
1412 4528 1540 4584 liber
1586 4530 1654 4583 ad
1696 4529 2010 4584 Diodorum.
2047 4529 2238 4583 Prodit
2272 4545 2408 4582 nunc
2445 4531 2679 4599 primum
2721 4547 2787 4585 ex
2838 4532 3054 4600 antiqua
3098 4531 3332 4584 versione
3360 4528 3577 4586 Latina.

299 4628 476 4696 Opera
503 4635 549 4680 et
581 4625 757 4679 studio
783 4623 850 4677 P.
884 4621 1166 4676 Francisci
1213 4620 1480 4692 Fogginii,
1517 4623 1609 4693 qui
1636 4630 1684 4675 et
1719 4630 1872 4675 notas
1901 4621 2115 4690 adjecit,
2151 4619 2357 4684 Romae,
2396 4636 2484 4690 ap.
2520 4620 2760 4691 Zempel.
2794 4622 2953 4687 1745,
2986 4623 3062 4677 4°.
3094 4622 3150 4676 In
3176 4622 3387 4693 praefat.
3420 4636 3582 4677 enar—

296 4734 450 4778 ratur
480 4722 710 4777 historia
736 4720 899 4789 hujus
932 4719 1181 4788 opusculi
1215 4728 1267 4771 et
1299 4729 1605 4783 auctorum,
1632 4718 1726 4788 qui
1760 4733 2006 4788 gemmas
2037 4718 2155 4772 illas
2190 4717 2615 4787 descripserunt.
2651 4717 2797 4774 Idem
2828 4729 3019 4774 contra
3051 4719 3367 4775 Fabricium
3394 4728 3580 4789 negat,

294 4819 591 4887 epitomen,
625 4816 694 4869 ab
724 4813 1016 4868 Anastasio
1048 4812 1256 4866 Sinaita
1283 4811 1505 4875 editam,
1535 4819 1589 4865 et
1617 4810 1792 4880 ipsius
1817 4808 2105 4880 Epiphanii
2142 4820 2520 4876 commentaL,
2556 4827 2720 4866 unam
2771 4827 2896 4867 esse
2921 4813 3302 4883 eamdemque,
3336 4811 3579 4865 libellunt

292 4922 424 4962 vero
469 4921 499 4960 a
530 4905 774 4960 Gesnero
820 4904 1026 4959 editum
1058 4905 1234 4973 ipsum
1271 4918 1492 4973 quoque
1527 4918 1634 4957 non
1668 4903 1772 4957 nisi
1814 4903 2165 4970 prolixiorem
2198 4903 2472 4972 epitomen
2518 4904 2701 4972 Oper-is
2731 4920 2855 4959 esse
2890 4914 3076 4958 censet
3109 4919 3159 4972 p.
3192 4920 3282 4957 xw
3325 4920 3373 4959 s.
3411 4902 3576 4957 Conf.

297 5006 519 5074 lt'pltem.
555 5003 661 5056 litt.
695 5001 838 5071 Lips.
866 5004 930 5055 Α.
966 5000 1126 5066 i745,
1160 5017 1212 5071 p.
1245 5001 1370 5069 347,
1400 5008 1455 5056 et
1480 4999 1713 5071 Gotting.
1747 4998 1907 5069 Epltet

2036 5000 2110 5065 fit.
2140 4997 2205 5052 A.
2242 4998 2404 5065 1745,
2434 5016 2486 5069 p.
2513 4999 2619 5055 409
2649 5015 2760 5066 seq.
2792 5000 2849 5053 ln
2879 5000 3134 5055 manibus
3169 5000 3342 5053 habeo
3383 4999 3582 5054 editio-
3644 5058 3646 5061 τ

296 5111 418 5153 nem
453 5096 569 5149 sive
599 5093 972 5148 collectionem
999 5094 1145 5148 illam
1175 5094 1413 5164 plurium
1455 5092 1808 5162 scriptorum,
1843 5093 2162 5161 inscriptam
2201 5114 2212 5146 :
2249 5091 2322 5146 De
2366 5092 2510 5145 omni
2566 5108 2744 5145 rerum
2796 5092 3063 5163 {assiliunt
3104 5108 3307 5161 genere,
3338 5093 3581 5161 gemmis,

295 5184 585 5255 lapidibus,
620 5184 845 5237 metallis
883 5192 934 5237 et
967 5182 1273 5253 ltujusmodi
1299 5183 1419 5237 libri
1451 5182 1675 5252 aliquot,
1704 5183 1938 5255 plerique
1971 5199 2109 5237 nunc
2137 5184 2371 5253 primum
2401 5184 2549 5238 editi.
2596 5184 2770 5253 Opera
2803 5184 3035 5239 Conradi
3073 5182 3310 5238 Gesneri.
3342 5183 3585 5250 Quorum

296 5283 603 5352 catalogum
638 5296 853 5353 sequens
895 5280 1084 5351 folium
1129 5280 1377 5333 continet.
1406 5278 1613 5347 Tiguri,
1643 5278 1934 5334 excutiebat
1962 5280 2085 5335 Jac.
2110 5279 2368 5335 Gesnerus
2393 5298 2532 5335 anno
2561 5280 2770 5335 MDLX
2787 5280 2846 5346 V,
2881 5283 2955 5336 8°.
2986 5282 3175 5337 Insunt
3227 5294 3408 5337 autem
3445 5298 3586 5352 opn-

298 5372 451 5427 scula
482 5372 786 5440 sequentia,
821 5386 1053 5440 quorum
1087 5368 1370 5440 quodlibet
1399 5370 1726 5439 peculiarem
1761 5371 1923 5425 habet
1948 5372 2357 5441 inscriptionem
2391 5393 2403 5427 :
2436 5377 2487 5427 l°
2519 5373 2574 5428 Ι.
2610 5371 2955 5438 Kentmanni,
3016 5372 3324 5426 Dresdensis
3369 5375 3583 5435 medici,

298 5470 713 5524 nomenclaturte
747 5486 923 5523 rerum
952 5468 1236 5539 fossilium,
1269 5484 1386 5539 qua:
1416 5468 1473 5521 in
1506 5466 1706 5521 Misnia
1735 5469 1996 5537 prwcipue
2024 5501 2094 5509 —
2120 5471 2485 5535 inveniuntur;
2509 5471 2565 5524 2ο
2594 5469 2846 5541 Ejusdem
2887 5467 3233 5534 calculorum,
3264 5468 3353 5537 qui
3381 5468 3437 5521 in
3469 5485 3587 5521 cor-

296 5574 421 5626 pore
463 5574 527 5611 ac
572 5558 816 5611 membris
848 5558 1117 5611 hominum
1142 5558 1511 5624 innascuntur,
1539 5574 1726 5627 genera
1766 5558 2065 5623 duodecim,
2098 5571 2201 5615 etc.
2230 5579 2244 5627 ;
2279 5563 2335 5615 5°
2370 5561 2448 5614 De
2481 5562 2765 5615 metallicis
2798 5560 2949 5615 rebus
2984 5577 3045 5614 ac
3092 5561 3409 5625 nominibus,
3442 5559 3581 5613 obss.

300 5654 464 5707 varia:
495 5669 559 5706 ea:
591 5653 792 5707 schedia
816 5651 879 5708 G.
911 5652 1187 5715 Fabricii;
1219 5650 1275 5704 4°
1305 5648 1535 5704 Severini
1570 5648 1806 5713 Girbelii,
1840 5651 2051 5719 medici,
2082 5652 2146 5706 de
2177 5654 2392 5708 succino
2421 5654 2546 5708 libri
2573 5670 2608 5707 ll
2651 5684 2720 5694 —
2743 5670 2859 5707 cum
2884 5653 3170 5706 corollario
3197 5653 3357 5707 Conr.
3393 5648 3585 5706 Gesne-

303 5749 385 5809 ri;
413 5747 470 5801 5°
511 5747 708 5803 Valerii
733 5748 894 5803 Cordi
922 5749 985 5802 de
1007 5747 1345 5811 halosantho,
1379 5763 1470 5801 seu
1489 5760 1752 5818 spermate
1773 5751 1896 5812 ceti,
1925 5766 2045 5803 cum
2075 5750 2362 5805 corollario
2385 5750 2548 5805 Conr.
2577 5749 2824 5816 Gesneri;
2850 5752 2905 5807 6°
2924 5752 2985 5807 S.
3018 5751 3325 5823 Epiphanii,
3356 5755 3587 5823 episcopi

306 5838 489 5913 Cypri,
517 5838 585 5895 de
606 5838 885 5896 duodecim
914 5840 1152 5911 gemmis,
1193 5854 1309 5909 qua:
1327 5848 1477 5894 erant
1510 5840 1561 5892 in
1593 5849 1726 5895 veste
1753 5840 2004 5908 Aaronis,
2028 5840 2161 5896 liber
2188 5840 2406 5899 Graecus
2439 5851 2489 5898 et
2513 5840 2760 5910 Latinus,
2789 5840 2910 5899 lola
2941 5843 3381 5900 Hierotarantiuo
3415 5844 3589 5902 intesta
