4078 6368
518 342 559 386 ι
1654 331 1932 394 NOTlTlA
1973 337 2042 394 IN
2083 338 2148 398 S.
2188 341 2631 404 EPIPHANIUM.

513 474 677 560 prelo,
702 480 822 520 cun:
854 464 1143 523 corollario
1187 467 1253 523 C.
1286 467 1502 526 Gesneri
1519 488 1539 537 ;
1572 473 1628 527 7°
1659 473 1756 533 Fr.
1790 476 1944 545 Ruei,
1995 481 2183 535 medici
2212 480 2486 550 Insulani,
2511 485 2578 539 de
2607 485 2824 557 gemmis
2853 486 3080 557 aliquot,
3110 486 3178 541 iis
3209 487 3531 557 prmertim,
3559 502 3847 560 quarum

514 560 584 616 ο.
613 557 849 654 Joannes
864 562 918 614 in
941 561 1261 634 Apocalypsi
1284 570 1518 625 meminit
1543 580 1592 625 et
1618 572 1744 627 aliis
1767 602 1838 617 --
1868 575 1994 630 libri
2021 593 2087 645 It;
2132 578 2188 633 8°
2212 578 2273 635 (Ξ.
2296 578 2511 636 Gesneri
2539 581 2603 636 de
2628 598 2801 636 rerum
2821 582 3106 652 fossilium,
3124 582 3363 651 lapidum
3391 592 3441 637 et
3464 557 3841 654 gemmarum

512 652 931 745 m‘asimeLﬁgg.
950 655 1487 745 etsimililudinibus,
1526 663 1657 717 liber
1684 681 1804 719 cum
1834 667 2071 723 iconibus
2106 671 2462 740 plurimis.—
2492 672 2777 745 Epiphanii
2820 675 2958 730 liber
2988 673 3043 729 in
3070 674 3229 729 titulo
3258 652 3520 744 peculiari
3552 688 3839 728 excusas

521 739 722 833 dicitur
750 741 936 814 Tiguri
968 743 1259 802 MDLXVI.
1289 744 1342 803 In
1367 752 1597 821 epistola
1628 759 2025 827 nuncupatur-ia
2062 739 2285 832 scripsit
2320 739 2552 830 Gesner,
2581 739 2641 820 se
2669 764 2946 833 exemplar
2986 777 3091 819 ms.
3120 739 3394 832 accepisse
3419 777 3449 816 a
3480 759 3757 831 Gaspare
3798 776 3835 813 a

516 830 831 927 Hydbruck,
867 837 1194 897 Ferdinandi
1224 843 1596 902 Romanorum
1640 859 1695 904 et
1724 850 2078 909 Maximiliani
2127 830 2400 912 Bobemia:
2439 872 2627 927 regum
2662 872 2692 912 a
2721 830 2985 922 consiliis,
3014 864 3069 910 et
3113 830 3450 925 marginibus
3493 869 3652 918 suas,
3684 868 3838 921 qua

511 925 826 999 frequentes
859 941 1009 996 sunt,
1048 935 1311 1005 adjecisse
1336 941 1763 1010 emendationes,
1796 962 1861 1000 ex
1894 948 2211 1017 conjectura
2243 960 2455 1006 enatas.
2492 925 2665 1008 Codd.
2698 952 2947 1007 notitiam
2990 951 3186 1005 addere
3210 947 3384 1015 juvat.
3416 947 3535 1003 Duo
3566 946 3833 1002 Vatica-
3920 1016 3923 1019 _

512 1036 613 1107 nos
648 1023 851 1079 indicat
883 1020 1179 1083 Montfauc.
1216 1029 1269 1083 in
1303 1029 1367 1085 Β.
1405 1032 1643 1087 biblioth.
1673 1052 1825 1100 mss.,
1856 1046 1987 1092 tom.
2019 1038 2062 1105 l,
2090 1055 2213 1111 pag.
2251 1042 2316 1095 15
2347 1041 2408 1103 D,
2440 1052 2492 1097 et
2523 1059 2646 1112 pag.
2676 1044 2744 1099 55
2770 1042 2830 1107 D,
2858 1060 2911 1097 ιι.
2943 1041 3069 1105 921,
3101 1050 3155 1095 et
3181 1040 3233 1094 in
3265 1039 3431 1093 alium
3457 1037 3731 1093 Vatican.
3768 1039 3834 1093 in

511 1112 646 1168 bibl.
678 1115 875 1205 regina!
901 1116 1215 1185 Christinm,
1248 1138 1302 1191 p.
1330 1123 1397 1179 64
1429 1122 1492 1188 ι),
1524 1134 1578 1180 et
1623 1143 1675 1193 p.
1708 1128 1777 1183 88
1809 1130 1869 1186 C.
1897 1162 1965 1172 —
1990 1130 2126 1187 Tum
2158 1151 2210 1204 p.
2248 1135 2348 1189 169
2388 1136 2432 1188 Α
2466 1136 2697 1193 Roman.
2729 1139 2782 1192 in
2827 1137 2894 1193 B.
2925 1136 3146 1191 Patrum
3178 1135 3236 1192 S.
3264 1137 3469 1200 Basil.,
3502 1134 3830 1205 Epiphanii

509 1218 593 1272 ερ.
622 1205 693 1299 ad
722 1204 1033 1299 Diodorum,
1060 1210 1154 1265 Gr.
1192 1211 1378 1283 (conf.
1414 1233 1631 1288 quoque
1655 1219 1950 1277 Montl'auc.
1981 1225 2033 1277 in
2062 1225 2246 1279 Diario
2272 1224 2428 1293 Ital.,
2457 1244 2510 1299 p.
2542 1228 2648 1281 215
2675 1234 2710 1295 ).
2746 1258 2815 1269 --
2841 1229 2987 1283 Idem
3018 1238 3151 1283 tom.
3180 1225 3246 1292 ιι,
3279 1243 3333 1297 p.
3368 1226 3502 1281 1199
3533 1204 3829 1291 B,codi-

508 1309 629 1350 cem
667 1296 720 1349 in
751 1295 1037 1364 Pelliserii,
1079 1301 1131 1355 in
1179 1304 1309 1359 bibl.
1353 1305 1580 1364 abbatiae
1608 1309 1664 1364 S.
1696 1308 1839 1366 Petri
1879 1314 1945 1370 de
1981 1314 2284 1371 Selincurte
2314 1295 2475 1372 dimc.
2522 1318 2908 1373 Ambianensis
2952 1319 3212 1374 nominat.
3251 1295 3319 1361 -ξ-
3356 1317 3599 1373 Venetiis
3649 1317 3829 1370 inter

512 1388 671 1445 codd.
700 1388 984 1462 Nanianos
1005 1396 1057 1449 in
1088 1394 1210 1450 cod.
1248 1393 1371 1463 152,
1406 1395 1458 1450 in
1486 1396 1704 1454 Collect.
1734 1404 2113 1457 sententiarum
2138 1421 2163 1458 e
2188 1403 2291 1459 SS.
2322 1415 2370 1461 et
2403 1404 2671 1473 Patribus,
2700 1422 2822 1477 pag.
2854 1406 2940 1473 77,
2969 1406 3192 1462 all'ertur
3214 1406 3503 1475 explicatio
3532 1420 3819 1459 omnium

509 1495 589 1535 xu
621 1481 926 1551 lapillorum
957 1502 1021 1541 ex
1050 1488 1168 1555 ipso
1192 1484 1496 1560 Epiphanio
1526 1507 1538 1541 :
1563 1518 1634 1528 ——
1662 1489 1717 1543 in
1748 1491 1866 1545 cod.
1899 1492 2025 1557 297,
2052 1508 2107 1547 ιι.
2139 1493 2195 1558 5,
2230 1510 2283 1564 p.
2318 1494 2404 1557 75,
2445 1493 2635 1563 Epiph.
2663 1494 2729 1548 de
2767 1510 2842 1548 xu
2875 1493 3094 1563 lapillis.
3131 1491 3195 1548 V.
3233 1491 3411 1547 Catal.
3444 1488 3601 1545 codd.
3638 1490 3821 1544 Nan.

510 1570 633 1659 Gn,
663 1588 787 1645 pag.
823 1576 925 1631 307
952 1586 1006 1631 et
1030 1578 1152 1633 499.
1181 1609 1249 1619 —
1275 1579 1410 1634 Ibid.
1443 1581 1497 1635 in
1525 1581 1657 1637 bibl.
1690 1583 1752 1637 Ι).
1786 1583 1975 1651 Marci,
2014 1587 2135 1642 cod.
2167 1587 2294 1654 498,
2341 1589 2419 1642 De
2452 1589 2727 1642 duodecim
2758 1589 3019 1659 lapidibus
3053 1598 3102 1642 et
3132 1588 3317 1658 signis,
3369 1587 3422 1643 in
3469 1586 3589 1641 Cat.
3627 1587 3816 1639 codd.

510 1658 604 1717 Gr.
638 1663 833 1732 Mam,
865 1682 986 1737 pag.
1018 1668 1144 1735 261,
1176 1670 1447 1725 indicatur
1476 1688 1492 1737 ;
1542 1674 1635 1728 sed
1670 1674 1740 1728 cl.
1778 1672 2045 1731 V’illoison
2074 1677 2126 1731 in
2154 1679 2409 1733 Anecdot.
2444 1676 2561 1745 Gr.,
2597 1689 2728 1734 tom.
2763 1678 2828 1744 ll,
2866 1695 2989 1750 pag.
3019 1678 3146 1745 246,
3178 1678 3579 1739 animadvertit,
3609 1678 3668 1731 in
3706 1677 3818 1731 illo

507 1760 634 1815 eod.
667 1761 799 1816 nihil
832 1764 977 1818 aliud
1009 1764 1257 1834 reperiri,
1286 1767 1388 1822 nisi
1415 1770 1663 1838 quaedam
1692 1783 1947 1842 excerpta
1979 1791 2045 1828 ex
2080 1774 2174 1829 illo
2200 1774 2360 1832 libro.
2396 1804 2466 1816 —-
2493 1774 2670 1831 Oxon.
2704 1776 2757 1829 in
2785 1774 2848 1827 Β.
2877 1773 3065 1828 Bodlei
3115 1788 3227 1829 sec.
3258 1769 3439 1826 Catal.
3483 1771 3643 1825 codd.
3679 1772 3817 1826 An—

508 1852 651 1922 glice,
680 1865 808 1923 etc.,
843 1854 884 1922 l,
917 1856 969 1911 in
1005 1859 1163 1915 codd.
1198 1859 1424 1917 Barocc.
1458 1863 1584 1929 129,
1615 1866 1737 1933 151,
1768 1867 1862 1922 sed
1909 1868 2118 1923 mutilus

2203 1870 2245 1924 δί
2278 1880 2364 1925 est
2393 1870 2550 1935 liber,
2578 1869 2704 1933 206,
2730 1880 2784 1924 et
2812 1871 2952 1924 inter
2976 1869 3131 1924 cadd.
3167 1866 3268 1922 Th.
3300 1865 3432 1929 Roe,
3467 1883 3521 1918 ιι.
3553 1866 3687 1919 265.
3728 1892 3813 1903 --

508 1940 845 2001 Vindobome
874 1948 925 2001 in
956 1950 1085 2004 bibl.
1124 1949 1327 2012 Caesar.
1357 1957 1518 2012 codd.
1544 1955 1669 2022 215,
1703 1976 1756 2013 ιι.
1792 1960 1953 2018 15.-
1986 1959 2041 2015 ln
2074 1978 2118 2016 Ct

2226 1962 2319 2027 25,
2346 1978 2401 2016 ιι.
2435 1962 2489 2030 8,
2523 1971 2657 2017 teste
2685 1960 2939 2016 Lambec.
2970 1959 3287 2021 Commenl.,
3322 1968 3453 2011 tom.
3493 1953 3583 2018 ιν,
3613 1970 3666 2021 p.
3699 1952 3814 2019 89,

506 2044 563 2095 et
595 2044 729 2091 tom.
754 2037 817 2103 ν,
849 2053 900 2109 ρ.
927 2040 1032 2095 269
1064 2056 1180 2113 seq.
1215 2078 1283 2087 —
1309 2045 1483 2103 Paris.
1511 2048 1564 2103 in
1602 2051 1733 2105 bibl.
1772 2050 1921 2121 publ.
1956 2062 2176 2108 exstant
2207 2053 2259 2106 in
2297 2063 2420 2108 octo
2447 2054 2603 2108 codd.
2637 2051 2700 2107 V.
2736 2052 2848 2106 ind.
2873 2051 2993 2106 Cat.
3035 2050 3191 2115 Par.,
3224 2048 3288 2110 ll.
3329 2065 3381 2102 v.
3418 2046 3689 2117 Epipltan.
3724 2074 3818 2089 --

508 2129 755 2200 Epitome
785 2134 837 2188 in
868 2137 990 2191 cod.
1023 2140 1174 2210 regio
1204 2140 1406 2199 Matrit.
1447 2144 1569 2210 110,
1604 2145 1778 2202 indice
1823 2148 2014 2203 lriarto
2046 2149 2099 2203 in
2142 2147 2263 2203 Cat.
2298 2148 2453 2203 codd.
2484 2146 2601 2211 Gr.,
2637 2164 2691 2218 p.
2725 2147 2849 2201 456.
2883 2176 2949 2192 -
2979 2146 3120 2200 Inter
3151 2144 3311 2199 codd.
3345 2143 3598 2214 Eparcbi,
3632 2158 3698 2197 ιι.
3737 2140 3799 2200 7.

509 2224 776 2299 ΕρίρΙιαη.
813 2232 883 2285 ad
915 2231 1226 2303 Diodorum,
1259 2236 1386 2310 Tyri
1419 2242 1739 2311 episcopum,
1774 2243 1837 2296 de
1859 2259 1934 2297 xu
1965 2243 2265 2312 lapidibus;
2290 2244 2357 2299 de
2388 2244 2577 2299 iisdem
2603 2241 3039 2312 compendiosior
3073 2240 3323 2294 tractatio
3347 2255 3360 2305 ;
3383 2238 3627 2308 ejusdem
3653 2233 3809 2307 Epi-

508 2318 695 2391 phanii
720 2322 839 2379 alia:
874 2325 1217 2393 quaestiones.
1246 2326 1313 2383 γ.
1347 2325 1510 2385 Fabr.
1554 2328 1622 2383 B.
1656 2328 1776 2399 Gr.,
1808 2339 1941 2386 tom.
1970 2330 2040 2398 Χ,
2068 2347 2124 2403 p.
2156 2332 2287 2401 479,
2308 2342 2419 2387 vet.
2449 2332 2535 2388 ed.
2566 2329 2737 2386 HARL.

1846 2492 1914 2548 γ.
1954 2508 2178 2549 semen
2206 2509 2459 2550 venum.

577 2640 631 2696 8.
672 2639 929 2714 Epistolis
955 2644 1033 2715 (α)
1063 2648 1502 2719 quamplurima,
1538 2659 1598 2705 ut
1623 2665 1763 2720 quas
1787 2649 2157 2723 Hieronymus
2184 2651 2406 2721 Apolog.
2438 2666 2476 2705 ιι
2512 2649 2567 2705 in
2598 2649 2877 2713 Ruﬁnum,
2903 2663 2957 2718 p.
2995 2643 3121 2708 165,
3154 2643 3252 2707 ait,
3280 2657 3339 2698 se
3364 2639 3671 2711 Epiphanio
3711 2639 3793 2694 ad

506 2732 942 2803 suggillationem
979 2734 1160 2791 Ruﬁni
1190 2736 1443 2805 dictasse,
1477 2742 1541 2795 et
1563 2756 1671 2795 una
1700 2741 1881 2798 brevis
1910 2743 1965 2796 in
1998 2742 2213 2796 laudem
2249 2741 2306 2795 S.
2346 2739 2641 2795 Hilarionis
2664 2738 2927 2800 eremitze,
2959 2737 3024 2790 A.
3050 2736 3111 2791 C.
3141 2734 3240 2790 571
3283 2731 3551 2795 defuncti,
3579 2730 3648 2785 de
3672 2746 3796 2801 qua

506 2828 647 2883 idem
683 2828 998 2904 Hieronym.
1032 2833 1088 2889 in
1118 2834 1349 2908 Prologo
1377 2838 1500 2891 vitae
1522 2838 1858 2892 Hilarionis:
1885 2839 2205 2910 Quanquam
2236 2837 2296 2893 S.
2328 2838 2679 2909 Epiphanius,
2711 2834 3004 2890 Salamina!
3030 2832 3192 2903 Cypri
3222 2831 3517 2901 episcopus.
3545 2828 3637 2898 qui
3665 2844 3801 2881 cum

504 2929 784 2985 Hilarione
810 2915 1108 3001 plurimum
1138 2943 1372 2988 versatus
1395 2946 1493 3003 est,
1524 2936 1738 2991 laudem
1765 2938 1878 3007 eius
1906 2938 2046 2991 brevi
2066 2938 2291 3007 epistola
2316 2937 2606 3007 scripserit,
2634 2950 2752 3006 quia
2786 2932 2936 3002 vulgo
2962 2930 3179 3000 legitur.
3211 2936 3387 2981 ῑαηιεη
3416 2918 3567 2978 aliud
3592 2933 3670 2977 εει
3707 2923 3802 2976 ιο⁶

504 3026 579 3078 cis
607 3026 970 3081 communibus
992 3028 1215 3084 laudare
1236 3032 1567 3101 defunctum,
1592 3034 1742 3087 aliud
1765 3035 2002 3104 defuncti
2033 3035 2273 3105 praprias
2298 3048 2521 3087 narrare
2539 3024 3107 3100 oirtutes.lFaen.-Es
3129 3022 3359 3091 epistola
3386 3020 3454 3075 ad
3484 3020 3803 3073 monachos

504 3120 607 3192 (De
638 3124 955 3178 abstinentia
980 3142 1015 3178 α
1040 3126 1175 3197 cibo)
1204 3126 1509 3192 Florentiae,
1542 3130 1595 3184 in
1630 3129 1753 3185 cod.
1793 3130 1955 3184 Laur.
1993 3129 2185 3184 Medic.
2221 3129 2276 3193 6,
2324 3146 2379 3182 ιι.
2414 3129 2468 3192 7,
2503 3128 2638 3197 plut.
2668 3123 2756 3188 86,
2786 3138 2910 3179 cum
2948 3119 3284 3174 Damasceno
3310 3116 3377 3169 de
3399 3114 3588 3169 eodem
3623 3128 3802 3183 arguo

505 3228 711 3273 mento.
744 3219 1005 3289 (Bandin.
1036 3220 1158 3277 Cat.
1187 3222 1341 3276 codd.
1374 3222 1469 3279 Gr.
1507 3224 1675 3289 Μαίη
1716 3223 1808 3293 lll,
1838 3242 1894 3296 p.
1924 3225 2076 3281 295A
2102 3220 2160 3279 ln
2191 3224 2317 3282 eod.
2355 3223 2531 3279 Paris.
2564 3219 2692 3277 bibl.
2726 3220 2874 3291 publ.
2908 3214 3072 3281 2751,
3106 3230 3161 3269 ιι.
3188 3212 3243 3278 6,
3270 3209 3536 3282 Epiphan.
3564 3208 3803 3280 (nescio

503 3317 655 3389 quis)
692 3316 767 3371 De
795 3318 1076 3387 epistolico
1108 3321 1438 3377 characters.
1469 3320 1647 3379 HsnL.

573 3428 629 3485 9.
673 3426 740 3482 In
776 3433 1160 3490 Hexaemeron.
1193 3435 1522 3492 Anastasius
1554 3436 1761 3491 Sinaita
1781 3435 1878 3492 lib.
1906 3451 1982 3491 vn
2018 3436 2074 3490 in
2100 3438 2463 3491 Hexaemeron
2490 3433 2633 3489 inter
2683 3445 2777 3487 eos
2818 3428 2913 3499 qui
2937 3425 3223 3482 historiam
3250 3420 3546 3479 creationis
3582 3418 3802 3474 Mosai-

501 3538 622 3579 cam
646 3526 987 3595 expositione
1011 3528 1228 3583 litterali
1261 3528 1597 3600 interpretati
1624 3542 1773 3596 sunt,
1803 3531 1988 3588 laudat
2014 3532 2105 3586 τὸν

2190 3549 2304 3600 γοις
2334 3532 2429 3585 καὶ
2458 3530 2638 3602 ἔργοις
2662 3526 3132 3602 τρισμακάριστον
3165 3516 3510 3587 Ἐπιφάνιον.
3540 3513 3800 3569 Fusa.—

509 3616 648 3675 Vide
676 3620 947 3690 supra,}ad
976 3632 1032 3678 ιι.
1057 3623 1096 3675 2
1124 3623 1191 3677 de
1213 3623 1337 3681 aliis
1371 3623 1709 3695 Epiphaniis.
1740 3626 1848 3681 Aut
1869 3638 2021 3683 estne
2046 3643 2170 3697 pars
2198 3627 2364 3682 libelli
2398 3624 2682 3697 Epiphanii
2720 3625 3003 3679 Constant.
3040 3618 3117 3672 De
3161 3613 3423 3669 mensuris
3455 3623 3503 3667 et
3552 3611 3615 3667 de
3657 3628 3799 3681 pon-

501 3714 714 3770 deribus
751 3717 920 3787 (part.
957 3734 1015 3783 ιι,
1044 3735 1165 3791 pag.
1196 3720 1298 3774 178
1332 3721 1419 3779 ed.
1455 3721 1632 3778 Paris.
1669 3723 1911 3781 Petam)?
1939 3725 2117 3794 Atque
2142 3726 2435 3794 separatim
2461 3723 2664 3793 scripta
2693 3726 2870 3777 exstat
2899 3718 2953 3772 in
2984 3715 3106 3772 cod.
3132 3711 3441 3767 Vindobon.
3477 3707 3567 3773 89,
3600 3725 3657 3764 ιι.
3686 3708 3787 3771 19,

502 3798 793 3876 Epiphanii
839 3806 1003 3878 Cypri
1058 3813 1309 3868 recensio
1346 3813 1535 3884 viginti
1570 3814 1805 3870 duorum
1859 3831 2086 3887 Operum
2141 3813 2459 3869 Hexaemeri
2512 3811 2806 3869 creationis
2860 3805 3073 3862 mundi.
3099 3801 3165 3856 V.
3200 3800 3453 3855 Lambec.
3490 3796 3793 3853 Comment.

502 3906 638 3950 tom.
672 3890 759 3959 lll,
796 3910 849 3966 p.
876 3896 999 3955 485.
1033 3890 1474 3969 ἰὶιίίιιιεᾞοηειθίἰ
1502 3913 1685 3958 notam
1718 3904 1785 3959 Α.
1810 3935 1881 3947 -
1910 3903 2039 3959 Item
2074 3905 2127 3959 in
2154 3904 2276 3961 cod.
2309 3904 2431 3969 185,
2459 3903 2685 3959 Barocc.
2717 3900 2848 3956 bibl.
2873 3896 3028 3953 Bodl.
3058 3906 3111 3952 et
3134 3892 3468 3966 Epiphanius
3510 3891 3579 3945 in'
3603 3889 3795 3944 Πεπα-

500 4003 733 4054 emeron,
766 3984 1017 4053 Arabice,
1050 3990 1269 4057 ibidem,
1301 4010 1357 4046 ιι.
1390 3992 1551 4058 8511,
1587 3990 1730 4049 inter
1751 3995 1910 4049 codd.
1941 3993 2078 4050 Rob.
2111 3992 2471 4065 Huntington.
2508 3991 2684 4047 Ηλιιι..

573 4078 665 4138 l0.
704 4078 879 4149 Λόγος
903 4081 984 4145 εἰς
1015 4083 1076 4135 τὸ
1102 4082 1328 4156 Πνεῦμα
1349 4086 1411 4139 τὸ
1443 4086 1619 4155 ἅγιον.
1657 4087 1902 4143 Andreas
1928 4087 2131 4142 Caesar.
2169 4088 2183 4141 ἱ

2178 4088 2224 4141 ἱη
2254 4085 2568 4156 Apocalyps.
2603 4100 2642 4149 ι,
2675 4098 2732 4154 p.
2758 4081 2813 4136 7.
2854 4079 3078 4135 Videtur
3101 4075 3248 4131 enim
3288 4073 3562 4129 diversum
3594 4070 3788 4140 utique

503 4181 697 4229 notare
728 4189 1038 4232 sermonem
1072 4179 1141 4234 ab
1168 4180 1234 4236 iis
1261 4197 1388 4251 quae
1416 4197 1480 4236 ex
1516 4182 1782 4237 Ancorato
1809 4181 2098 4253 Epiphanii
2142 4181 2334 4237 haeresi
2380 4196 2539 4235 Lxxlv
2586 4188 2777 4233 contra
2825 4170 3359 4229 Pneumatomachos
3414 4166 3786 4229 disseruntur,

506 4263 790 4331 quoniam,
819 4279 942 4334 quae
974 4265 1219 4324 Andreas
1246 4284 1312 4324 ex
1340 4270 1433 4325 Illo
1459 4271 1602 4343 λόγῳ
1633 4272 1699 4327 de
1723 4273 1927 4344 hymno
1952 4270 2251 4342 Serapbico
2282 4271 2459 4333 adert,
2492 4269 2561 4324 ibi
2593 4284 2702 4323 non
2734 4267 2973 4322 invenio.

581 4354 671 4410 11.
713 4357 873 4412 Κατὰ
898 4358 1007 4413 τῶν
1034 4361 1258 4416 εἰκόνων
1288 4363 1650 4436 σύγγραμμα,
1677 4362 1943 4435 Scriptum
1966 4364 2186 4419 aduersu

2168 4380 2214 4417 ιε
2240 4364 2518 4432 imagines,
2550 4360 2693 4431 quod
2725 4365 3011 4420 memorat,
3047 4354 3141 4411 sed
3173 4361 3434 4422 tanquam
3464 4348 3778 4419 Epiphanio

503 4450 849 4519 suppositum
890 4453 1066 4523 rejicit
1090 4452 1415 4512 Theodorus
1460 4457 1702 4513 Studites
1738 4458 1793 4512 in
1823 4457 2185 4511 Antirrhetico
2217 4456 2477 4521 secundo,
2518 4465 2648 4508 tom.
2677 4451 2723 4506 ν
2752 4451 2891 4523 Opp.
2924 4445 3223 4508 Sirmondi,
3257 4462 3309 4515 p.
3345 4443 3484 4508 150;
3519 4442 3645 4496 licet
3674 4441 3785 4495 du-

505 4538 686 4595 bitare
712 4542 886 4610 possis
922 4559 1053 4598 num
1101 4544 1377 4614 singulare
1402 4545 1667 4614 scriptum
1696 4544 1986 4615 Epiphanii
2036 4544 2111 4599 ibi
2156 4544 2347 4624 innuat
2370 4542 2796 4606 Theodorus,et
2842 4556 2948 4594 non
2996 4540 3198 4600 locum,
3223 4550 3333 4605 quo
3380 4535 3645 4601 imagines
3673 4532 3785 4586 im-

502 4635 703 4707 probat
727 4635 781 4689 in
812 4632 1071 4701 Panario,
1103 4637 1296 4692 haeresi
1333 4652 1500 4691 Lxxtx
1536 4636 1824 4706 disputans
1854 4637 2117 4691 adversus
2143 4634 2558 4706 Collyridianos,
2593 4648 2755 4704 quem
2800 4629 3105 4701 Epiphanio
3147 4630 3408 4683 insertum
3439 4636 3493 4681 et
3517 4625 3782 4681 adulteri—

502 4743 634 4785 num
674 4743 799 4785 esse
825 4732 1103 4786 contendit
1121 4730 1170 4786 J.
1210 4731 1582 4788 Damascenus
1613 4742 1751 4788 orat.
1784 4732 1820 4786 2
1847 4733 1910 4787 de
1958 4730 2299 4805 imaginibus.
2335 4742 2391 4786 et
2419 4731 2685 4787 Jeremias
2712 4729 3018 4799 patriarcha
3043 4725 3110 4780 ad
3143 4724 3545 4794 Tubingenses.
3565 4739 3620 4793 p.
3641 4720 3777 4787 246,

503 4821 822 4883 confutatus
851 4837 883 4876 a
912 4821 1374 4892 Tubingensibus,
1402 4840 1457 4895 p.
1486 4824 1613 4887 555,
1639 4825 1721 4880 vel
1748 4823 1927 4879 locum
1957 4824 2209 4887 alterum,
2243 4840 2272 4878 a
2303 4822 2555 4878 Patribus
2580 4821 2759 4891 quarti
2786 4818 3000 4875 concilii
3025 4816 3616 4886 Constantinopolitani
3640 4815 3781 4869 alla-

506 4918 619 4972 lum
643 4932 708 4972 ex
734 4917 959 4987 cpistola
989 4918 1058 4971 ad
1089 4917 1438 4972 Theodosium
1464 4922 1616 4990 imp.,
1644 4920 1737 4991 qui
1767 4921 2014 4975 exstatin
2042 4922 2269 4990 septima
2309 4920 2516 4991 synodo
2551 4920 2664 4975 sive
2694 4917 2907 4973 Nicaena
2942 4916 3202 4979 secunda,
3233 4923 3341 4969 act.
3377 4912 3431 4975 6,
3452 4912 3711 4975 sectione

502 5016 559 5063 et
586 5023 748 5078 quem
788 5008 973 5063 itidem
1010 5009 1351 5077 suppositum
1378 5025 1497 5065 esse
1525 5010 1835 5065 clamarunt
1863 5009 2067 5064 Nicaeni
2100 5018 2233 5063 tom.
2270 5007 2336 5062 Ill
2363 5006 2525 5072 Binii,
2560 5022 2685 5078 pag.
2714 5008 2840 5075 655,
2876 5006 3002 5071 654,
3036 5022 3176 5079 quos
3217 5005 3417 5061 refellit
3438 5004 3672 5060 Dallmus
3705 5004 3783 5061 De

502 5097 845 5167 imaginibus,
887 5114 1007 5169 pag.
1032 5096 1141 5150 212
1170 5112 1319 5168 seqq.
1351 5096 1553 5153 Eodem
1588 5100 1782 5171 synodi
1822 5100 2066 5169 septima:
2107 5099 2112 5152 1

2166 5114 2229 5153 co
2271 5098 2418 5167 λόγοι
2464 5100 2514 5151 οἰ
2549 5098 2689 5152 κατὰ
2725 5098 2832 5151 τῶν
2877 5098 3098 5152 εἰκόνων
3152 5106 3206 5152 et
3250 5096 3422 5165 βὶὃλοι
3466 5093 3776 5166 Epiphanio

506 5192 803 5262 suppositae
844 5198 1239 5253 memorantur,
1279 5206 1401 5261 quae
1439 5205 1563 5245 mox
1603 5190 1809 5259 λογίδια
1848 5200 1903 5245 et
1938 5191 2116 5262 ψευδήη

2166 5206 2253 5262 ipa.
2290 5190 2431 5244 κατὰ
2467 5189 2574 5243 τῶν
2614 5187 2825 5242 σεπτῶν
2863 5188 3084 5244 εἰκόνων
3123 5188 3533 5259 συγγράμματα
3588 5189 3776 5257 appel-

512 5282 652 5349 lant,
680 5295 734 5339 et
768 5282 1103 5354 paucissima
1140 5296 1332 5337 eorum
1376 5279 1706 5351 exemplaria
1734 5291 1951 5336 exstare
1999 5289 2290 5348 testantur,
2324 5295 2449 5336 cum
2492 5290 2683 5336 caetera
2714 5277 3023 5349 [Epiphanii
3072 5281 3275 5350 scripta
3322 5294 3421 5350 per
3454 5279 3778 5335 universum

581 5461 659 5532 (a)
699 5458 902 5532 Praeter
956 5458 1243 5529 epistolam
1307 5456 1582 5532 Panario_
1601 5456 1961 5532 prmmissam,
2016 5459 2087 5532 ad
2192 5459 2451 5532 Apostolo
2482 5459 2813 5532 oppositum,
2841 5472 3003 5530 quem
3050 5456 3238 5532 Sixtus
3288 5459 3549 5532 Senensis
3592 5477 3781 5532 perpe-

510 5527 745 5585 Paulum
766 5541 816 5601 et
839 5527 1113 5596 Acacium,
1137 5536 1319 5601 exstat
1343 5530 1508 5584 etiam
1536 5527 1818 5601 Epiphanii
1834 5529 2087 5601 epistola,
2193 5527 2310 5585 iam
2340 5527 2677 5601 existimavit
2699 5527 3023 5601 arbqau'ctore
3049 5531 3370 5601 inscriptum
3404 5527 3780 5601 ίΐιιίεεεῬαύἰ-

510 5616 674 5671 quam
704 5601 758 5654 in
787 5600 1040 5655 Arabiam
1075 5601 1226 5671 misit
1257 5599 1520 5671 adversus
1548 5598 2088 5671 Antidico-Mariani—
2194 5610 2445 5671 mentum,
2478 5616 2601 5655 cum
2638 5598 2981 5671 Epiphanius
2998 5608 3132 5654 tom.
3158 5600 3200 5665 1,
3221 5598 3377 5671 ξρειε.
3398 5599 3527 5662 310,
3555 5610 3771 5657 tantum

511 5680 618 5736 tas,
654 5670 846 5726 haeresi
892 5686 1121 5741 Lxxvnl,
1149 5670 1185 5724 2
1216 5686 1356 5739 ειη..
1387 5670 1581 5741 ethzec
1606 5678 1690 5724 est
1718 5684 1882 5741 quam
1912 5668 2088 5741 respi-
2193 5670 2338 5725 dicat
2386 5686 2450 5725 ex
2496 5668 2755 5741 pluribus
2773 5668 2888 5725 suis
2919 5670 3184 5741 adversus
3217 5668 3552 5741 Marcionem
3586 5672 3777 5731 obser-

508 5741 588 5813 rit
615 5755 802 5803 Lxxtx,
831 5742 884 5796 1.
935 5739 1026 5796 Sic
1055 5736 1499 5813 heresis—mnu“
1549 5736 2089 5813 seqq.,__inseruit’li-

1982 5736 2089 5792 L’li-
2194 5736 2749 5813 νειὶοιιὶῢιιέὲδάφιόν
2785 5757 2840 5796 τι
2871 5739 3174 5809 συντάξεως
3210 5756 3271 5798 se
3291 5739 3592 5812 collegisse.

510 5811 671 5868 brum
712 5827 901 5880 suum,
927 5810 1374 5880 corruptionibus
1408 5807 1702 5868 Marcionis
1742 5808 1799 5866 in
1846 5807 1997 5864 Luca
2033 5816 2089 5864 et
