4078 6368
1359 369 1641 425 norma
1683 370 1751 424 IN
1789 372 1847 424 s.
1889 371 2334 426 EPlPllANlUM.
3386 396 3489 449 ιιι,

190 519 271 534 -ι-
292 485 364 544 ν.
386 488 551 545 etiam
585 488 652 545 ad
677 497 823 545 orat.
860 487 908 559 β’
935 488 1226 543 indicatam
1256 489 1481 559 scripta.
1515 490 1718 544 Praeter
1743 506 1805 544 ea
1835 498 1964 544 sunt
1991 492 2044 545 in
2077 491 2197 546 cod.
2226 489 2404 544 Paris.
2440 489 2545 545 816
2582 491 2773 561 Epiph.
2811 491 3045 547 homilite
3078 493 3141 547 de
3176 494 3392 561 anima;
3423 497 3486 550 de

192 585 439 636 vanitate
483 583 646 645 vita;
698 583 754 635 in
787 582 891 650 [ine
919 584 1138 644 sceculi;
1190 583 1241 634 in
1285 598 1465 635 omnes
1524 592 1821 652 martyres;
1860 584 1917 636 in
1961 586 2196 638 natalem
2232 583 2590 639 Prcecursoris
2621 594 2669 639 et
2702 587 2757 638 in
2791 583 3052 640 Joannem
3081 589 3479 659 evangelistam.

198 673 379 727 HsnL.
416 671 610 727 Latine
642 673 840 743 legitur
872 673 926 728 in
992 673 1338 727 Bibliothecis
1385 673 1616 727 Patrum
1657 674 1837 728 Paris.
1887 675 2056 740 1575,
2092 675 2263 741 1589,
2318 691 2387 731 ex
2422 676 2645 748 interpr.
2693 676 2741 731 J.
2778 676 2934 746 Pici,
2962 691 3018 734 et
3065 679 3209 750 apud
3257 679 3481 737 Surium

198 767 231 821 8
259 766 391 822 Dec.
428 766 622 837 Incipit
652 788 664 822 :
696 769 808 833 Τὰς
833 769 1227 840 ὲκλαμπούσας
1260 771 1652 842 μαρμαρυγὰς.
1712 816 1713 819 η

274 866 353 924 ς’.
401 862 537 931 Περὶ
572 860 741 930 βαῖων
768 901 783 925 ,
826 860 900 916 De
941 861 1075 931 festo
1109 861 1465 931 Palmarum,
1490 863 1882 936 fragmentum.

1871 862 2152 935 .lncipit:
2196 864 2256 917 Ὀ
2298 865 2390 917 ὑπ’
2437 864 2683 933 ἀγγέλων
2729 865 3007 938 ἁσιγήτως
3052 866 3481 938 ἀνυμνούμενος.

199 949 364 1006 Tum.
398 952 463 1018 ll,
501 970 552 1022 p.
590 954 716 1008 501.

272 1049 342 1114 ζ’.
387 1052 525 1122 Περὶ
557 1052 817 1116 πίστεως,
850 1053 947 1105 καὶ
989 1051 1090 1122 τῆς
1121 1052 1283 1120 ἁγίας
1312 1053 1563 1124 Τριάδος,
1608 1052 1682 1107 De
1718 1055 1844 1122 ﬁde,
1881 1096 1882 1105 η

1881 1053 1940 1111 S.
1992 1053 2272 1118 Trinitate,
2322 1063 2370 1108 et
2412 1055 2673 1123 mysteriis
2715 1070 3073 1119 numerorum,
3107 1054 3364 1119 ternarii,
3407 1072 3484 1109 se-

201 1144 348 1196 narii
373 1151 423 1197 et
445 1145 760 1213 septenarii.
792 1143 951 1199 Tom.
982 1143 1049 1207 11.
1089 1161 1142 1214 p.
1175 1146 1300 1200 504.
1330 1144 1525 1216 Incipit
1552 1164 1564 1198 ε
1594 1148 1787 1211 Πίστις

1632 1148 1787 1211 llam;
1815 1147 1951 1209 ἐστι,
1978 1148 2135 1211 τάσις
2158 1148 2216 1201 δὲ
2246 1150 2278 1217 ἡ
2308 1149 2387 1210 εἰς
2411 1147 2565 1211 Θεὸν,
2602 1149 2838 1218 πρᾶγμα
2866 1147 3242 1218 ἀψηλάφητον.

266 1247 349 1311 η’.
400 1239 466 1294 In
491 1250 731 1295 sanctam
785 1240 992 1296 Christi
1027 1244 1487 1297 resurrectionem.
1534 1242 1692 1297 Tom.
1728 1241 1769 1295 tl
1794 1285 1809 1306 ,
1862 1260 1915 1309 p.
1950 1242 2073 1298 510.
2112 1242 2303 1297 Latine
2338 1251 2547 1297 tantum
2569 1285 2583 1307 ,
2634 1258 2698 1297 ex
2752 1244 3005 1298 versione
3037 1240 3263 1296 Gerardi
3299 1238 3481 1296 Vossii

200 1332 572 1404 Tungrensis,
610 1335 704 1403 qui
740 1332 913 1388 edidit
950 1333 1114 1387 Rom.
1149 1334 1312 1396 1585,
1346 1335 1435 1389 12.
1466 1334 1663 1404 Incipit
1700 1351 1712 1387 :
1752 1334 2090 1389 Mortuorum
2121 1334 2294 1388 luctus
2327 1336 2615 1389 exsulavit.

277 1429 391 1485 Has
434 1431 691 1486 homilias
731 1430 827 1484 viri
860 1430 1005 1486 docti
1048 1431 1115 1486 ad
1144 1432 1420 1501 juniorem
1454 1433 1746 1503 quemdam
1778 1431 2144 1503 Epiphanium
2176 1432 2436 1502 Cyprium
2473 1431 2786 1487 referendas
2818 1443 2940 1484 esse
2969 1428 3315 1491 existimant,
3359 1424 3483 1479 licet

201 1524 570 1581 Combelisius
597 1526 650 1581 in
686 1525 1016 1582 Bibliotheca
1049 1528 1446 1582 concionatoria
1498 1529 1813 1595 contendat,
1851 1528 2117 1598 quasdam
2153 1529 2393 1595 illarum,
2429 1538 2487 1583 ut
2516 1528 2730 1583 tertiam
2762 1527 2818 1579 in
2849 1534 3088 1579 sanctam
3136 1522 3482 1576 resurrectio-

204 1640 346 1690 nem,
389 1624 602 1698 antiqui
638 1625 790 1682 illius
824 1626 1265 1682 Constantiensis
1294 1628 1441 1682 aetati
1476 1643 1585 1681 non
1620 1628 1760 1683 male
1789 1641 2105 1697 congruere.

1274 1809 1343 1864 In
1384 1808 1592 1866 Petavii
1629 1811 1858 1865 editione
1897 1811 2269 1864 desiderantur
2307 1824 2326 1861 :

283 1924 374 1980 15.
417 1923 807 1996 Fragmentum
859 1929 1024 1985 breve
1051 1929 1343 2000 Epiphanii
1382 1932 1469 1995 εὶς
1502 1930 1569 1983 τὸ
1602 1930 1756 1983 κατὰ
1797 1930 1893 1984 Ἰω‹

1867 1929 2067 1984 δάν-νου
2091 1972 2104 1994 ,
2136 1945 2203 1983 ex
2231 1930 2435 1985 Catena
2479 1927 2849 1983 Mazariniana
2905 1926 2969 1981 ad
3016 1926 3187 1982 Exod.
3224 1942 3311 1982 xv:
3339 1968 3353 1993 ,
3386 1928 3477 1988 20,

205 2016 396 2073 Grrece
420 2017 663 2088 vulgavit
690 2019 831 2074 idem
859 2018 1226 2075 Combeftsius
1258 2018 1482 2073 Auctar.
1517 2020 1709 2073 noviss.
1736 2026 1870 2075 tom.
1906 2018 1970 2084 ll,
2003 2036 2056 2090 p.
2087 2020 2207 2077 500.

279 2107 369 2163 16.
414 2110 868 2181 Apophthegmata
918 2109 1302 2180 septemdecim
1351 2108 1538 2165 Graece
1588 2118 1643 2165 et
1701 2109 1893 2165 Latine
1931 2111 2077 2166 edita
2122 2127 2149 2165 a
2196 2110 2467 2167 Cotelerio
2518 2111 2658 2164 inter
2707 2109 3172 2179 Apophthegmata
3229 2109 3479 2179 Patrum,

205 2218 261 2273 p.
299 2200 547 2255 426450
584 2211 715 2256 tom.
750 2201 769 2254 I
807 2200 1052 2256 Monum.

280 2299 370 2353 17.
415 2298 737 2352 Miraculum
766 2310 965 2354 sanctte
994 2299 1348 2354 Eucharistia:
1374 2316 1405 2355 e
1442 2300 1630 2356 codice
1662 2300 1794 2355 bibl.
1837 2298 2116 2363 Palatinas,
2154 2313 2369 2353 versum
2428 2312 2458 2352 a
2501 2296 2663 2352 Petro
2695 2298 2762 2351 de
2790 2295 2991 2357 Monte,
3026 2298 3284 2366 episcopo
3313 2294 3479 2351 Bres-

203 2392 358 2446 sensi
388 2392 503 2447 sive
527 2391 819 2458 Brixiensi,
851 2402 905 2449 et
928 2395 1031 2450 sub
1060 2395 1351 2465 Epiphanii
1376 2396 1551 2451 nostri
1600 2396 1823 2450 nomine
1849 2394 2039 2449 Latine
2062 2394 2266 2450 editum
2300 2394 2460 2448 Rom.
2488 2392 2646 2449 1525.
2676 2392 2946 2448 Cmterum
2974 2390 3309 2463 Theophilus
3334 2391 3480 2464 [lay-

207 2484 451 2549 naudus,
491 2482 548 2537 S.
588 2482 663 2548 J.,
699 2486 794 2555 qui
827 2485 1014 2541 recudi
1044 2485 1255 2540 curavit
1280 2500 1331 2539 a.
1368 2486 1529 2549 1640,
1560 2501 1683 2539 cum
1712 2484 1949 2555 copiosis
1995 2484 2111 2539 suis
2141 2482 2709 2538 animadversionihus
2740 2487 2796 2541 in
2838 2486 2972 2541 diss.
3009 2486 3084 2541 De
3112 2488 3467 2556 apparitioni-

205 2576 303 2628 bus
332 2575 390 2627 in
426 2573 782 2630 Eucharistice
812 2584 1168 2642 sacramento,
1208 2591 1403 2632 recusa
1436 2593 1487 2630 a.
1518 2575 1679 2640 1665,
1715 2585 1846 2630 tom.
1890 2574 1953 2628 Vl
1997 2573 2158 2646 Opp.,
2200 2592 2253 2647 p.
2288 2574 2415 2639 582,
2461 2588 2515 2631 et
2558 2576 2717 2646 longe
2756 2577 2993 2645 junioris
3026 2591 3150 2632 esse
3189 2575 3481 2647 Epiphanii

203 2665 448 2720 ostendit
478 2681 531 2735 p.
560 2665 667 2721 589
692 2682 834 2737 seq.,
882 2667 1025 2721 inter
1064 2667 1171 2721 alia
1216 2667 1379 2721 etiam
1411 2683 1476 2722 ex
1511 2682 1575 2723 eo
1601 2708 1615 2732 ,
1651 2667 1796 2737 quod
1827 2666 2030 2722 Paulus
2060 2666 2336 2722 secundus
2366 2665 2596 2721 refertur
2626 2666 2923 2722 mulctasse
2951 2682 3150 2738 corpus
3184 2683 3344 2722 suum
3385 2667 3483 2722 lla-

204 2759 366 2829 gellis
401 2779 412 2811 :
448 2760 581 2824 Quae
622 2760 931 2829 imbunitas,
974 2763 1173 2834 inquit,
1225 2775 1343 2819 ante
1385 2780 1553 2819 tevum
1596 2765 1746 2819 Petri
1777 2764 2047 2833 Damiani,
2077 2765 2166 2835 qui
2196 2765 2390 2819 saeculo
2423 2765 2702 2819 undecimo
2732 2763 2945 2822 claruit.
2972 2766 3026 2819 in
3054 2764 3218 2819 nullis
3246 2765 3482 2819 anacho-

201 2864 449 2908 retarum
474 2855 553 2909 vel
579 2857 956 2910 monachorum
991 2860 1286 2928 asperrima
1312 2876 1530 2931 qumque
1555 2861 1971 2915 consectantium
1994 2861 2150 2930 gestis
2181 2869 2368 2913 notata
2398 2875 2431 2913 a
2460 2876 2541 2912 me
2569 2868 2665 2913 est.

281 2947 373 3004 18.
400 2948 470 3003 In
501 2947 782 3004 Canticum
817 2951 1166 3007 canticorum.
1223 2950 1591 3008 Cassiodorus
1619 2952 1713 3007 li-b.
1756 2968 1773 3006 ι
1810 2952 2050 3008 Divinar.
2086 2952 2235 3016 inst.,
2261 2967 2380 3022 cap.
2420 2950 2494 3006 5:
2534 2950 2661 3004 Post
2692 2966 2820 3019 quos
2852 2949 3181 3020 (Origenem,
3213 2948 3483 3020 Hierony-

202 3061 387 3111 mum,
418 3045 701 3117 Ruﬁnum)
740 3045 1095 3116 Epiphanius,
1126 3050 1349 3104 antistes
1379 3049 1627 3120 Cyprius,
1661 3059 1829 3102 totum
1857 3048 2053 3101 librum
2085 3047 2332 3116 (Cantici
2365 3046 2737 3116 canticorum)
2777 3042 2960 3099 Crteco
2991 3058 3229 3096 sermone
3258 3058 3364 3095 uno
3393 3056 3481 3096 vo-

202 3138 409 3194 lumine
438 3139 533 3194 sub
565 3141 817 3194 bretitate
841 3141 1143 3211 complexus
1178 3151 1276 3197 est.
1308 3141 1460 3197 Hunc
1490 3160 1604 3206 nos,
1630 3152 1688 3196 ut
1710 3141 1872 3205 alios,
1900 3143 1955 3195 in
1982 3140 2229 3195 Latinam
2254 3140 2493 3212 linguam
2517 3155 2609 3209 per
2639 3138 2869 3191 amicum
2897 3146 3157 3201 nostrum,
3194 3133 3365 3186 virum
3391 3131 3481 3185 di-

202 3238 587 3303 sertissimum,
638 3236 1002 3308 Epiphanium
1032 3279 1047 3305 ,
1085 3241 1306 3310 fecimus
1334 3282 1349 3309 ,
1399 3240 1628 3295 Domino
1668 3239 1928 3310 juvante,
1983 3239 2284 3309 transferri.
2331 3238 2569 3292 Adnotat
2609 3234 2662 3291 J.
2705 3232 2979 3295 Garetius,
3026 3228 3480 3285 commentarium

202 3327 364 3384 illum
390 3344 514 3385 esse
548 3344 657 3385 non
686 3329 1001 3401 Epiphanii,
1041 3331 1136 3385 sed
1181 3329 1449 3397 Philonis,
1485 3347 1645 3402 quem
1700 3330 1923 3401 Carpasi
1952 3332 2005 3385 in
2039 3330 2217 3402 Cypro
2246 3331 2424 3385 insula
2458 3327 2794 3400 Epiphanius
2828 3324 3144 3394 epist-apum
3180 3321 3478 3386 ordinavit,

201 3434 259 3480 et
281 3424 476 3480 Graece
508 3441 634 3480 cum
668 3426 939 3492 versione,
976 3443 1005 3482 a
1044 3427 1380 3484 Cassiodoro
1410 3437 1734 3496 memorata,
1774 3429 2051 3483 exstitisse
2076 3430 2219 3499 apud
2250 3428 2559 3483 Emericum
2587 3426 2883 3498 Bigotium.
2911 3424 3078 3479 ann.
3106 3454 3178 3464 —
3200 3422 3310 3493 Ego
3350 3437 3482 3478 vero

201 3516 337 3571 nolo
366 3527 639 3587 repetere,
671 3534 794 3589 quae
820 3520 933 3589 jam
970 3533 1135 3589 supra
1164 3518 1219 3571 in
1252 3517 1363 3572 vol.
1399 3515 1489 3582 lV,
1523 3518 1617 3572 751
1651 3533 1798 3589 sqq.,
1837 3516 1893 3571 in
1939 3518 2082 3573 hanc
2113 3532 2229 3571 rem
2259 3516 2532 3587 disputata
2568 3525 2697 3571 sunt
2744 3513 2820 3586 (a)
2858 3530 2871 3566 :
2902 3512 3050 3567 etde
3075 3511 3316 3566 editione
3354 3509 3481 3566 Gia-

201 3610 449 3673 eomelli,
481 3611 578 3680 qui
612 3613 715 3667 sub
745 3611 996 3668 Philonis
1025 3613 1269 3677 nomine,
1301 3612 1397 3667 Gr.
1444 3626 1509 3666 ac
1548 3610 1670 3666 Lat.
1723 3612 1876 3667 illum
1925 3620 2282 3668 commentar.
2314 3627 2344 3667 e
2377 3612 2529 3681 prelo
2565 3611 2715 3666 exire
2762 3609 2929 3678 jussit
2966 3606 3153 3660 Romae
3198 3605 3360 3668 1772,
3400 3606 3477 3671 4',

202 3702 351 3756 scitu
386 3703 701 3758 necessaria
735 3703 937 3759 adlata.
970 3705 1108 3761 Add.
1140 3704 1370 3759 Krohnii
1400 3703 1546 3769 Cat.,
1578 3720 1632 3773 p.
1658 3704 1748 3768 91,
1774 3720 1829 3758 n.
1862 3703 1934 3758 55
1962 3712 2016 3758 et
2047 3702 2136 3757 56.
2162 3702 2363 3758 Contra
2387 3704 2487 3759 sub
2516 3704 2735 3757 nomine
2760 3703 3045 3772 Epiphanii
3069 3701 3478 3755 commentarius

202 3794 263 3846 in
293 3792 581 3847 Canticum
611 3797 939 3849 canticorum
970 3793 1147 3864 prodit
1184 3811 1320 3847 nunc
1343 3796 1575 3864 primunt
1615 3809 1680 3847 ex
1709 3795 1930 3863 antiqua
1962 3794 2197 3847 versione
2226 3793 2421 3847 Latina
2448 3810 2607 3863 opera
2629 3805 2677 3848 et
2704 3796 2880 3849 studio
2914 3794 3065 3848 Petri
3099 3792 3299 3847 Franc.
3334 3789 3479 3861 Fog-

200 3885 363 3955 ginii.
401 3882 590 3940 Romae
624 3895 737 3956 lyp.
771 3884 1041 3941 Palearini
1087 3884 1246 3951 1750,
1283 3886 1358 3941 4ο.
1392 3884 1446 3940 ln
1482 3885 1633 3956 praei.
1670 3886 1899 3940 historia
1934 3885 2057 3940 libri
2087 3896 2401 3956 exponitur.
2423 3886 2688 3943 —Antea
2724 3872 2825 3944 sub
2852 3887 3098 3943 Philonis
3119 3900 3342 3957 quoque
3378 3899 3477 3939 no-

202 3977 355 4031 mine
383 3977 585 4046 prodiit
609 3975 985 4046 Interpretatio
1013 3978 1065 4030 in
1092 3976 1374 4031 Canticum
1403 3977 1730 4030 canticorum
1756 3974 1874 4029 Lat.
1917 3991 1984 4030 ex
2028 3976 2480 4047 interpretatione
2511 3978 2699 4047 Steph.
2745 3976 2995 4031 Salutati.
3024 3976 3225 4043 Paris.,
3268 3975 3474 4031 Christ.

202 4069 455 4124 Wechel.
492 4069 655 4134 1557,
688 4068 1019 4126 8°.—Paris.
1052 4070 1107 4124 in
1148 4069 1280 4124 bibl.
1318 4069 1468 4138 publ.
1502 4068 1626 4123 cod.
1651 4067 1814 4134 5092,
1840 4085 1892 4123 n.
1927 4067 1983 4133 2,
2014 4066 2304 4138 Epiphanii
2339 4068 2619 4137 Expositio
2648 4070 2705 4123 in
2733 4067 3015 4124 Canticum
3044 4070 3377 4123 canticorum
3406 4083 3475 4122 ex

200 4161 331 4217 cod.
366 4162 552 4232 aliquo
582 4162 852 4233 descripta
889 4163 943 4216 in
985 4160 1107 4216 cod.
1138 4159 1308 4215 Vatic.
1360 4157 1427 4214 V.
1460 4173 1648 4228 supra,
1694 4159 1760 4213 ad
1797 4157 1887 4223 ιν,
1931 4174 1985 4214 n.
2038 4163 2084 4212 I.
2128 4160 2427 4216 Anthimus
2456 4161 2608 4225 Gazi,
2657 4162 3086 4216 archimandrita
3124 4173 3179 4217 ct
3208 4159 3475 4218 sacerdos

200 4244 548 4321 Graecorum,
579 4265 712 4320 etc.,
747 4255 966 4310 Viennze
994 4254 1205 4319 Austr.,
1236 4252 1370 4307 vidit
1403 4250 1543 4306 1796
1571 4250 2049 4320 Constantinopoli
2080 4267 2168 4321 ap.
2200 4250 2459 4321 Joasaph.
2495 4253 3003 4322 hieromonachum,
3031 4264 3219 4326 postea
3258 4265 3469 4310 metro-

194 4352 433 4422 politam
470 4352 741 4416 Anchiali,
774 4350 1025 4407 Graecum
1058 4348 1183 4405 cod.
1217 4356 1345 4404 mst.
1379 4346 1668 4419 Epiphanii
1706 4349 1788 4411 εἰς

1857 4343 2101 4419 ὺτᾼσμα
2143 4346 2255 4401 τῶν
2298 4349 2557 4419 ᾀσμάτων
2599 4348 2765 4404 in-4".
2807 4348 2864 4403 In
2897 4348 3103 4405 Catena
3153 4348 3467 4420 Nicephori,

200 4464 261 4518 ι).
287 4450 375 4514 15,
401 4456 723 4505 numeratur
753 4450 894 4505 inter
927 4449 996 4504 τὰ
1028 4446 1401 4512 ἐκλελοιπότα,
1433 4456 1571 4502 teste
1596 4445 1780 4502 Altero
1806 4448 1810 4500 Ξ

1806 4446 1862 4500 in
1895 4445 2042 4516 Lips.
2074 4449 2140 4502 A.
2164 4446 2227 4501 L.
2256 4449 2501 4514 Anz.,A.
2531 4445 2688 4512 1800,
2722 4463 2777 4502 n.
2812 4445 2935 4514 165,
2958 4463 3011 4518 p.
3043 4447 3202 4505 1624.
3227 4447 3397 4504 ΒΑΜ..

1646 4634 1761 4694 Vll.
1805 4653 2041 4693 meum.

280 4750 367 4805 19.
410 4749 689 4820 Expositio
727 4752 783 4804 in
818 4749 1034 4804 Nahum
1078 4752 1387 4822 prophetam
1431 4752 1616 4809 Graece
1653 4768 1756 4810 ms.
1793 4755 1845 4809 in
1877 4757 2008 4811 bibl.
2045 4758 2188 4825 regis
2228 4756 2634 4821 Christianiss.,
2677 4763 2813 4811 teste
2858 4752 3098 4819 Labbeo,
3132 4767 3189 4823 p.
3221 4750 3288 4807 79
3320 4748 3462 4805 Bibl.

200 4857 352 4895 nocte
376 4858 503 4895 mss.
536 4841 607 4912 is.
640 4842 762 4896 cod.
795 4842 934 4896 1458
960 4843 1078 4896 init.
1114 4842 1168 4895 in
1200 4844 1323 4897 Cat.
1355 4844 1509 4900 codd.
1545 4842 1753 4912 Paris.,
1779 4845 1845 4913 ll,
1869 4862 1922 4916 p.
1955 4846 2106 4919 5‘25].

275 4932 365 4985 20.
410 4930 477 4985 In
517 4930 759 5013 Psalmo;
805 4934 1054 5000 quaedam
1080 4971 1094 4997 ,
1125 4942 1181 4987 et
1204 4933 1345 5003 Περὶ
1381 4932 1727 5002 διαιρέσεως
1772 4939 1885 5004 dra;

1850 4935 2033 5006 ιλμῶν
2078 4952 2181 4993 ms.
2221 4936 2411 4993 habuit
2455 4935 2790 5005 Theophilus
2824 4937 3045 5003 Galeus,
3082 4943 3217 4991 teste
3261 4933 3460 4989 Caveo.

200 5022 597 5078 Fam—Adde
622 5022 783 5088 infra,
811 5025 907 5080 lib.
935 5041 991 5091 _v,
1020 5039 1070 5079 c.
1100 5026 1190 5091 17,
1220 5026 1288 5082 de
1309 5027 1527 5082 Catenis
1559 5026 1805 5095 Patrum,

1848 5030 1943 5085 vol.
1981 5028 2094 5096 Vll,
2133 5046 2187 5099 p.
2223 5030 2347 5094 749,
2380 5040 2434 5085 et
2472 5030 2528 5084 in
2574 5029 2712 5085 alios
2752 5030 2924 5086 libros
2951 5017 3138 5085 sacros
3183 5043 3306 5099 pag.
3334 5022 3458 5091 756,

200 5111 326 5180 775,
353 5112 480 5176 781,
518 5113 639 5177 788,
671 5115 794 5182 790,
825 5116 912 5171 ed.
940 5128 1050 5170 vet.
1081 5113 1391 5173 Universim
1435 5118 1490 5172 in
1524 5117 1752 5174 Patrum
1783 5119 1810 5175 ί

1853 5120 2002 5175 ιιθηὶε
2028 5122 2083 5175 in
2111 5121 2296 5177 varios
2332 5120 2394 5175 V.
2428 5137 2493 5178 ac
2523 5121 2587 5174 Ν.
2626 5120 2691 5177 Τ.
2723 5121 2894 5175 libros
2923 5120 3155 5189 aliisque
3184 5118 3463 5173 collectio‘

198 5210 364 5266 nibus
397 5208 681 5281 Epiphanii
714 5212 833 5266 loca
875 5227 1018 5282 saepe
1044 5212 1307 5268 citantur.
1342 5212 1433 5268 Vel
1460 5229 1527 5268 ex
1558 5214 1862 5272 Montlauc.
1914 5216 2173 5272 Biblioth:
2208 5217 2432 5274 Coislin.
2469 5218 2641 5273 multa
2672 5225 2905 5288 possunt
2936 5215 3135 5287 codigi.
3168 5213 3363 5270 Venet.
3402 5215 3459 5268 in

198 5302 329 5360 bibl.
354 5302 605 5360 Michael.
641 5302 835 5373 Epipn.
873 5313 1119 5373 excerpta
1156 5322 1212 5359 ιη
1242 5303 1446 5376 Evang.
1482 5305 1541 5361 S.
1591 5306 1881 5374 Matthazi,
1906 5310 1960 5364 in
2009 5310 2133 5366 cod.
2171 5311 2296 5376 120,
2329 5313 2421 5383 qui
2447 5312 2709 5368 Catenam
2747 5314 2992 5369 Graecam
3018 5314 3280 5379 continet,
3322 5321 3460 5369 teste

199 5397 593 5454 Mittarellioin
621 5397 765 5452 Bibl.
792 5399 946 5453 codd.
978 5398 1038 5455 S.
1076 5397 1376 5466 Michaelis,
1408 5417 1461 5472 p.
1499 5402 1773 5458 551.-Ει
1802 5404 1883 5459 sic
1921 5405 1978 5459 in
2004 5405 2125 5462 aliis
2153 5408 2433 5464 variarum
2465 5407 2782 5463 bibliothec.
2815 5406 2972 5463 codd.
3002 5405 3230 5461 —Add.
3257 5404 3308 5460 J.
3349 5404 3458 5461 Fa-

199 5492 331 5549 bric.
372 5494 427 5547 in
458 5492 704 5548 Historia
730 5493 856 5547 bibl.
888 5509 1000 5549 sua:
1020 5534 1033 5559 ,
1067 5506 1199 5550 tom.
1228 5494 1317 5559 Vl,
1368 5513 1422 5567 p.
1473 5497 1575 5552 150
1620 5513 1742 5571 sqq.
1762 5530 1834 5540 -
1859 5498 1964 5555 Sed
1999 5504 2261 5573 temporis
2313 5505 2453 5558 ratio
2483 5512 2537 5558 et
2567 5503 2850 5558 brevitatis
2876 5498 3115 5555 studium
3146 5497 3455 5554 uberiorem

200 5601 301 5641 non
330 5588 599 5657 permittit
621 5587 1037 5659 expositionem.
1073 5591 1198 5648 Vid.
1228 5609 1450 5665 quoque
1476 5594 1711 5651 Matthaei
1742 5596 1920 5652 Notit.
1957 5600 2111 5653 codd.
2147 5599 2476 5671 Mosquens.,
2508 5616 2563 5670 p.
2597 5599 2687 5653 29.
2708 5629 2777 5639 —
2799 5596 2859 5652 In
2887 5596 3007 5652 cod.
3044 5594 3269 5667 Syriaco
3292 5593 3326 5648 5
3349 5591 3460 5659 Pa:-

200 5684 290 5739 ris.
318 5686 501 5742 inesse
530 5686 789 5743 dicuntur
815 5690 1091 5745 nonnulla:
1131 5692 1187 5745 in
1220 5692 1460 5747 version.
1495 5694 1682 5749 libror.
1715 5692 1786 5749 IV
1811 5694 2020 5768 Regum
2082 5713 2145 5752 ac
2176 5698 2362 5753 Daniel
2418 5697 2699 5769 Syriacam
2750 5693 3184 5759 observationes,
3219 5704 3454 5762 quarum

200 5786 443 5834 auctores
469 5794 592 5837 esse
619 5779 869 5837 feruntur
896 5783 1167 5840 Eusebius
1199 5782 1466 5856 Pamphili
1497 5797 1550 5842 et
1580 5785 1937 5857 Epiphanius.
1976 5790 2037 5845 V.
2071 5788 2245 5863 δεῖται.
2308 5790 2461 5844 codd.
2497 5788 2703 5857 Paris.,
2740 5796 2874 5845 tom.
2908 5784 2951 5853 l,
2985 5801 3036 5856 p.
3080 5784 3166 5842 51.
3202 5783 3376 5839 iisut.
