4078 6368
262 564 2380 601 im——————————~—~~—————~
2392 580 3385 596 ———~——————————_——__—__.—.
3410 589 3507 626 ἲ

259 607 2100 627 “~——————_—________—____________

904 757 1127 873 ΕΡ]
1144 754 1602 872 STOLA
1705 761 2085 877 NUNC
2112 761 2871 883 UPATORIA.

1309 1332 1773 1379 ILLUSTRISSIMO
1813 1338 1890 1380 AC
1931 1336 2472 1409 ΒΕνΕΒΕΝΒιδεῃίο

838 1575 918 1637 D.
959 1574 1411 1638 FRANCISCO
1451 1577 1515 1639 S.
1561 1577 1638 1635 R.
1694 1577 1765 1638 Ε.
1830 1574 2271 1637 CARDINALI
2316 1574 2951 1650 RUPIFUCALDIO,

1546 1851 1773 1888 EPISCOPO
1811 1848 2170 1889 SILYANBC'IENSI
2190 1872 2205 1898 ,

742 2092 922 2133 HAGNO
950 2092 1191 2131 FRANCIE
1226 2091 1685 2144 ELEEIIOSYNARIO,
1716 2093 1779 2133 AC
1807 2092 2029 2134 SANCTJE
2061 2090 2350 2133 GENOVERE
2386 2090 2521 2130 APUD
2560 2092 2798 2133 PARISIOS
2824 2090 3038 2135 ΔΒΒΛΤῙ.

328 2348 643 2412 Meliusne
696 2348 803 2420 sit,
858 2356 917 2407 et
948 2347 1324 2421 consultius,
1378 2349 1724 2410 cardinalis
1757 2347 2211 2423 illustrissime,
2249 2351 2700 2430 pestiferarum
2727 2350 3043 2411 hxreseon
3086 2349 3336 2431 nefaria
3386 2347 3503 2411 do-

232 2459 461 2529 gmata
490 2448 866 2527 consignare
902 2447 1156 2521 litteris,
1193 2467 1276 2508 an
1307 2467 1376 2508 ea
1418 2458 1623 2508 tacere
1649 2448 1933 2526 penitus,
1953 2449 2104 2525 jure
2139 2448 2308 2509 inter
2336 2450 2652 2528 sapientes
2682 2449 3011 2529 quaeritur.
3043 2446 3133 2509 Ac
3162 2445 3503 2508 nonnullos

239 2550 459 2609 minus
490 2556 803 2607 sectarum
839 2547 983 2625 ipsa
1029 2545 1400 2627 descriptio,
1462 2546 1733 2625 diligens
1772 2548 2133 2625 praesertim
2180 2557 2239 2608 et
2286 2551 2636 2624 enucleata,
2691 2548 2977 2611 delectat.
3033 2548 3168 2611 Alii
3213 2550 3505 2611 cautione

232 2649 517 2731 quadam
552 2668 623 2710 ac
654 2647 898 2709 delectu
937 2668 1095 2728 opus
1133 2668 1262 2708 esse
1284 2648 1611 2729 judicant,
1660 2656 1735 2708 ut
1770 2667 1851 2709 ece
1880 2647 2082 2708 solum
2106 2649 2705 2725 prcetermittantur,
2739 2668 2873 2730 qua
2899 2658 3011 2710 aut
3042 2658 3351 2711 vetustate
3365 2652 3506 2731 jam

235 2752 695 2825 obsoleverint,
728 2760 836 2810 aut
861 2751 1101 2829 insigni
1127 2749 1406 2830 foeditate
1435 2768 1506 2809 ac
1537 2750 1864 2827 spurcitia
1891 2751 2330 2813 contaminatae
2349 2753 2614 2835 fuerint.
2654 2753 3191 2830 Utrosquemovet
3216 2771 3298 2824 ea,
3313 2772 3504 2814 causa

234 2853 650 2931 potissimum
680 2871 700 2910 :
732 2849 898 2930 quod
927 2869 1065 2911 cum
1096 2852 1386 2911 universe
1419 2847 1814 2910 decretorum
1845 2847 2152 2929 ejusmodi
2179 2850 2537 2912 recordatio
2574 2851 2940 2930 perniciosa
2967 2852 3074 2925 sit,
3113 2861 3243 2912 tum
3290 2871 3505 2916 eorum

240 2954 942 3034 mortifera.contagio,
994 2970 1123 3031 qux
1164 2959 1441 3014 obscena:
1486 2952 1837 3031 voluptatis
1891 2952 2223 3014 lenociniis
2270 2956 2510 3031 partim
2558 2954 2849 3015 incautos
2896 2950 3215 3025 alliciunt,
3261 2958 3506 3035 partim

239 3052 486 3113 invitos
508 3070 582 3111 ac
616 3059 1039 3129 repugnantes
1070 3050 1297 3130 afﬂatu
1323 3050 1737 3111 nihilominus
1768 3049 2034 3129 quodam
2066 3050 2491 3131 turpitudinis
2524 3060 2582 3112 et
2612 3050 2801 3111 odore
2829 3052 3247 3131 perfundunt.
3275 3056 3504 3130 Quam-

244 3154 466 3215 obrem
503 3151 669 3231 quod
702 3153 1107 3231 Epiphanius
1146 3151 1618 3226 Gnosticorum,
1667 3154 2226 3227 Basilidianorum,
2265 3153 2938 3233 Carpocratianorum,
2971 3151 3506 3233 Origenianorum

238 3274 520 3315 arcanas
565 3275 637 3317 ac
668 3253 1065 3317 detestandas
1098 3253 1389 3315 libidines
1428 3266 1552 3314 tam
1581 3254 1921 3335 diligenter
1967 3257 2378 3337 expresserit,
2422 3273 2551 3315 non
2584 3251 2751 3315 illud
2782 3252 3029 3332 quidem
3056 3255 3186 3317 viri
3226 3256 3502 3316 sanctis-

233 3358 396 3419 simi
444 3360 683 3437 factum
719 3354 1171 3434 consiliumque
1219 3352 1714 3433 reprehendunt,
1766 3355 1876 3416 sed
1923 3375 2139 3417 eorum
2191 3356 2467 3416 omnium
2511 3355 2875 3414 memoriam
2922 3352 3233 3415 oblivione
3260 3355 3507 3417 conteri

236 3460 447 3538 fuisse
473 3457 675 3518 satius
694 3464 965 3535 putant;
996 3463 1055 3515 et
1072 3454 1308 3527 Greece,
1334 3457 1435 3517 uti
1453 3456 1697 3534 scripta
1718 3466 1892 3531 sunt,
1926 3456 2208 3537 relinqui
2228 3454 2433 3529 modo,
2468 3462 2650 3533 atque
2675 3471 2714 3512 a
2741 3452 3157 3532 peritioribus
3189 3453 3507 3516 duntaxat

236 3560 371 3637 legi
422 3571 718 3638 oportere
765 3563 1078 3619 statuunt.
1128 3557 1349 3636 Itaque
1392 3558 1615 3621 Latine
1645 3568 1716 3620 ut
1750 3578 1823 3620 ea
1854 3578 1969 3620 nos
2002 3562 2517 3638 interpretemur,
2556 3575 2629 3617 ac
2650 3556 3079 3635 promiscuam
3108 3556 3506 3638 ﬂagitiorum

235 3661 722 3734 conscientiam,
761 3676 1255 3738 communemque
1285 3661 1592 3740 faciamus
1621 3661 1928 3736 omnibus,
1968 3659 2367 3741 probandum
2398 3658 2649 3720 minime
2680 3677 2807 3719 esse
2837 3658 3244 3720 contendunt.

324 3765 570 3827 Contra
605 3783 760 3843 quos
797 3782 1001 3824 omnes
1038 3772 1163 3823 tam
1189 3764 1542 3843 Epiphanii
1576 3768 1784 3829 nostri
1812 3785 1997 3847 quam
2025 3775 2249 3826 nostra
2286 3765 2471 3827 etiam
2509 3781 2703 3824 causa
2735 3761 3207 3840 disputandum
3230 3760 3505 3823 breviter

242 3868 571 3927 existimo.
611 3866 700 3926 Ac
728 3866 978 3945 priores
1008 3863 1255 3943 quidem
1291 3866 1413 3940 illi,
1448 3867 1675 3945 quibus
1713 3877 1914 3930 totum
1935 3867 2110 3930 istud
2147 3866 2469 3946 negotium
2498 3863 2816 3943 displicet,
2864 3864 3178 3924 heereseon
3207 3862 3504 3925 abstrusa

240 3989 314 4030 ac
350 3966 684 4028 recondita
722 3966 1023 4044 mysteria
1052 3965 1350 4027 mandare
1382 3968 1667 4047 scriptis,
1713 3987 2019 4030 summum
2058 3987 2129 4029 ac
2161 3968 2485 4047 singulare
2514 3965 2777 4027 veritati
2805 3962 3173 4043 prtesidium
3204 3964 3502 4043 opinione

238 4086 360 4127 sua
411 4064 775 4126 detrahunt.
833 4065 968 4124 Hoc
1013 4065 1177 4125 enim
1224 4074 1640 4145 extorquent;
1679 4084 1798 4145 quo
1829 4076 2158 4128 nascentes
2188 4066 2530 4129 identidem
2558 4084 2631 4126 ac
2680 4064 2978 4126 rediviva:
3027 4063 3502 4126 mendaciorum

240 4176 430 4228 secta:
458 4164 841 4227 validissime
873 4164 1253 4243 propulsari
1291 4185 1331 4225 a
1381 4166 1562 4228 nobis
1596 4168 1906 4247 evertique
1925 4168 2206 4247 possint.
2254 4167 2373 4228 Est
2402 4165 2651 4247 quidem
2683 4168 2837 4247 ejus,
2872 4165 2981 4244 qui
3012 4167 3082 4225 in
3109 4164 3376 4226 hceresin
3402 4165 3505 4227 vel

243 4265 624 4327 moliendum
657 4264 753 4325 vel
790 4262 1082 4325 tuendam
1112 4266 1490 4338 incubuerit,
1522 4270 1769 4330 animus
1801 4270 1870 4330 in
1908 4288 2146 4330 omnem
2176 4269 2504 4331 audaciam
2536 4270 2672 4330 sine
2701 4267 2834 4329 ullo
2871 4264 3114 4347 pudore
3138 4268 3496 4347 ‘projectus.

235 4368 367 4429 Sed
397 4387 575 4428 nemo
616 4378 708 4430 est
749 4376 951 4427 tamen
982 4377 1062 4428 ex
1095 4367 1227 4429 illis
1278 4369 1696 4431 absurdarum
1737 4372 2107 4451 opinionum
2141 4372 2461 4451 patronis,
2496 4389 2674 4450 quem
2703 4386 2831 4429 non
2863 4377 3179 4449 utcunque
3227 4372 3501 4433 convicti

240 4471 400 4533 olim
431 4473 673 4533 erroris
702 4490 775 4532 ac
806 4470 1088 4532 damnati
1099 4470 1364 4549 pudeat.
1395 4473 1539 4535 Sint
1568 4492 1740 4548 sane,
1773 4477 1872 4537 uti
1899 4483 2069 4549 sunt,
2094 4475 2295 4555 ferrei
2325 4490 2536 4534 omnes
2567 4471 2849 4534 haeretici
2883 4492 2903 4531 :
2934 4473 3065 4533 sint
3085 4472 3449 4551 pervicaces
3476 4498 3499 4536 :

242 4568 439 4631 iidem
474 4583 541 4628 se
584 4572 655 4631 in
697 4571 837 4647 ipso
885 4566 1116 4630 ardore
1150 4571 1613 4650 agitationeque
1664 4570 2038 4650 disputandi
2089 4570 2171 4633 ad
2205 4570 2628 4633 resistendum
2676 4572 2890 4632 acrius
2936 4571 3177 4651 ﬁngant
3225 4593 3245 4632 :
3293 4580 3502 4632 tamen

242 4674 355 4750 qui
391 4671 459 4732 id
493 4670 818 4744 didicerit,
857 4672 1087 4751 quique
1119 4673 1310 4733 certis
1344 4678 1623 4731 veterum
1654 4671 2030 4732 testimoniis
2064 4671 2465 4750 compererit,
2518 4678 2662 4731 ante
2692 4669 2767 4730 ab
2800 4671 3079 4749 antiquis
3110 4671 3413 4733 Patribus
3440 4680 3500 4731 et

245 4773 541 4836 conciliis
580 4772 961 4851 publicoque
1002 4772 1510 4833 Christianorum
1556 4788 1863 4831 consensu
1910 4772 2127 4849 agnita
2171 4790 2243 4831 ac
2287 4768 2628 4849 repudiata
2675 4768 2965 4848 dogmata
3016 4769 3151 4842 illa,
3184 4787 3367 4849 quam
3396 4772 3499 4835 illi

246 4872 378 4953 ipsi
386 4917 402 4939 .
434 4880 587 4950 quo‘s
612 4872 923 4950 sequitur,
958 4888 1171 4930 eorum
1200 4869 1690 4949 interpolatores
1715 4869 2115 4944 exsisterent,
2142 4871 2254 4931 vix
2283 4871 2425 4943 erit,
2458 4870 2710 4949 opinor,
2736 4870 2930 4945 ullus,
2958 4872 3138 4950 cujus
3161 4872 3291 4933 nisi
3316 4873 3499 4952 fran-

244 4975 311 5052 gi
363 4972 768 5051 edomarique
810 4973 1205 5033 contumacia
1229 4974 1539 5051 potuerit,
1576 4992 1705 5034 non
1740 4973 2171 5053 languidiores
2203 4973 2424 5034 saltem
2451 4973 2674 5036 habeat
2703 4973 3068 5053 eruptiones
3113 4984 3171 5035 et
3200 4976 3493 5055 impetus,

245 5094 318 5135 ac
358 5074 673 5153 paulatim
706 5089 828 5151 per
877 5073 1147 5150 seipsam
1187 5075 1570 5154 refrigerata
1614 5083 1796 5153 atque
1829 5082 2122 5135 enervata
2152 5074 2463 5136 concidat.
2517 5074 2766 5136 Habent
2795 5075 2998 5153 igitur
3025 5077 3188 5137 hunc
3216 5077 3498 5156 fructum

248 5173 686 5259 commentarii
712 5172 814 5233 illi
839 5172 949 5250 qui
984 5171 1058 5231 de
1092 5170 1433 5234 hxresibus
1478 5174 1871 5247 scribuntur,
1920 5181 1994 5234 ut
2038 5174 2107 5234 in
2139 5192 2510 5254 unaquaque
2554 5182 2731 5235 aetate
2776 5174 3063 5253 fautores
3109 5173 3395 5253 perﬁdia:
3420 5194 3494 5236 ac

247 5275 556 5337 satellites
585 5293 733 5336 suos
764 5275 833 5335 in
862 5270 1017 5345 illis,
1050 5292 1200 5353 quos
1233 5274 1480 5353 quidem
1510 5275 1903 5349 erubescant,
1939 5276 2266 5355 principes
2300 5283 2709 5354 auctoresque
2749 5283 3223 5354 recognoscant.

326 5381 475 5441 Jam
519 5379 629 5457 qui
678 5386 881 5437 certas
927 5396 1007 5438 ex
1039 5379 1402 5449 heeresibus,
1456 5378 1810 5457 easdemque
1855 5376 1952 5437 vel
1985 5376 2401 5451 oblitteratus,
2436 5377 2534 5438 vel
2563 5374 2960 5455 turpitudine
2996 5375 3254 5452 infames
3289 5376 3494 5437 omitti

245 5482 491 5560 jubent,
540 5480 865 5560 difﬁcilem
889 5478 1215 5559 quamdam
1244 5480 1731 5541 moderationem
1754 5479 2087 5559 postulant
2118 5500 2138 5539 :
2171 5480 2352 5561 cujus
2388 5498 2464 5539 ne
2493 5479 2622 5557 ipsi
2663 5475 2909 5557 quidem
2956 5493 3162 5551 usum,
3210 5478 3420 5554 rogati
3452 5495 3493 5536 a

251 5583 456 5658 nobis,
494 5581 858 5662 expediant.
890 5581 1141 5642 Etenim
1169 5582 1227 5643 si
1256 5582 1370 5643 hoc
1403 5591 1575 5643 certo
1605 5580 1908 5660 polliceri
1932 5588 2214 5659 possent,
2254 5580 2622 5659 opinionum
2654 5578 2767 5641 illa
2794 5586 3112 5657 portenta,
3160 5588 3493 5658 postquam

252 5702 559 5763 oppressa
586 5703 657 5744 ac
688 5684 935 5763 sepulta
964 5684 1149 5745 semel
1176 5692 1401 5758 essent,
1432 5702 1773 5762 nunquam,
1811 5684 1939 5745 nisi
1969 5685 2039 5745 in
2075 5682 2258 5744 libris
2298 5689 2641 5755 exstarent,
2686 5698 3006 5740 emersura
3035 5680 3261 5755 denuo,
3294 5698 3490 5760 neque

248 5787 387 5848 'suis
420 5806 497 5848 ex
527 5786 658 5849 illis
691 5787 891 5860 bustis
914 5807 986 5848 ac
1018 5788 1337 5850 cineribus
1369 5788 1738 5859 excitanda;
1770 5789 1936 5851 nihil
1980 5788 2247 5851 consilio
2275 5790 2420 5851 huic
2460 5788 2727 5850 istorum
2766 5786 3268 5865 pravertendum
3289 5794 3486 5865 puta-

580 5888 854 5951 anL.
888 5890 1004 5953 Gn.
1038 5889 1202 5952 XLI.
3122 5890 3145 5950 1
