4078 6368
574 360 637 417 Ἠ
1875 363 2168 421 DlONYSll
2208 362 2482 418 PETAVII
3733 369 3796 423 12

577 497 727 541 rem.
757 478 878 540 Sed
907 499 1042 541 cum
1070 482 1476 545 nihilominus
1525 485 1706 544 statis
1757 491 2101 562 temporum
2143 481 2497 546 intervallis
2531 481 2737 542 eadem
2769 482 2884 544 illa
2913 490 3220 556 monstra,
3253 491 3582 562 amputata
3615 485 3794 544 toties

579 603 648 644 ac
664 584 983 663 jugulata,
1014 587 1392 647 reviviscant
1424 608 1442 645 :
1476 606 1613 647 cum
1642 587 1800 647 idem
1829 588 2127 647 hceresum
2158 587 2412 647 illarum
2435 586 2813 646 architectus
2844 587 3250 662 inventorque
3276 585 3592 658 diabolus,
3625 589 3800 648 etiam

579 687 746 744 omni
796 685 1102 746 librorum
1133 687 1449 747 exstincta
1490 686 1808 757 memoria,
1848 695 2208 764 perseveret
2238 705 2258 744 :
2293 703 2432 744 cum
2478 682 2699 744 iisdem
2743 685 2990 746 artibus
3023 693 3078 743 et
3109 685 3439 757 machinis,
3474 684 3799 765 eademque

577 785 659 845 ad
702 786 847 847 illas
883 786 1331 847 instaurandas
1375 786 1721 848 calliditate
1755 806 1824 847 ac
1874 788 2154 866 nequitia
2201 787 2289 848 sit
2333 785 2638 864 praeditus
2674 807 2694 846 :
2721 803 2916 865 neque
2942 805 3058 847 nos
3086 788 3356 848 istorum
3385 787 3492 848 ille
3527 787 3797 848 delectus

577 884 870 967 adjuvat;
902 894 960 946 et
985 886 1284 947 adversus
1313 887 1731 966 redintegrati
1765 887 1967 948 morbi
1989 888 2350 965 periculum
2377 888 2656 966 pristina
2683 886 2798 948 illa
2819 887 3289 966 certissimaque
3318 885 3612 947 subsidia
3648 905 3802 946 com-

557 990 863 1069 paranda
902 999 1067 1052 sunt.
1109 991 1400 1053 Potuerit
1437 1011 1583 1052 sane
1631 999 1774 1052 ante
1822 1010 2016 1052 annos
2054 991 2315 1070 aliquot,
2353 993 2475 1053 imo
2507 992 2755 1063 slecula,
2806 990 3161 1069 designatio
3188 991 3302 1052 illa
3329 1001 3649 1052 certarum
3679 993 3796 1053 hee-

576 1106 796 1148 reseon
821 1089 902 1149 ad
929 1089 1323 1150 scribendum
1345 1099 1404 1150 et
1431 1091 1875 1169 opportunitas
1891 1091 2135 1171 jactari
2152 1110 2172 1157 ;
2209 1109 2346 1150 cum
2362 1092 2697 1169 pauciores
2719 1089 2926 1168 adhuc
2973 1099 3196 1163 essent,
3227 1108 3338 1150 nec
3374 1101 3498 1150 tam
3531 1091 3800 1152 diversis

575 1206 649 1247 ac
687 1187 1091 1250 dissimilibus
1123 1207 1203 1249 ea:
1234 1190 1454 1269 formis
1480 1189 1911 1270 prodigiisque
1941 1190 2244 1270 con/latae.
2276 1190 2412 1250 Hoc
2453 1188 2700 1269 quidem
2732 1198 3026 1268 tempore,
3060 1207 3178 1268 quo
3213 1195 3527 1249 emortuus
3559 1189 3801 1268 pridem

580 1293 979 1368 superiorum
1017 1300 1263 1352 (statum
1292 1292 1547 1352 hareses
1576 1300 1896 1367 revpcatas
1928 1293 1997 1352 in
2036 1292 2231 1374 lucem
2259 1309 2330 1350 ac
2358 1300 2689 1351 renovatus
2730 1291 3064 1365 cernimus,
3112 1309 3189 1350 ne
3226 1289 3615 1352 dubitationi
3662 1293 3798 1370 qui-

580 1388 713 1448 dem
742 1388 867 1462 illi,
901 1407 974 1460 ac
995 1391 1324 1468 quaestioni
1355 1392 1526 1451 locus
1557 1391 1828 1469 amplius
1859 1400 1948 1451 est
1991 1391 2271 1451 relictus.
2320 1389 2502 1464 Quod
2552 1393 2711 1451 enim
2737 1391 2864 1470 fuit
2903 1393 2970 1452 in
3005 1394 3174 1452 omni
3201 1392 3582 1469 antiquitate
3613 1409 3800 1469 genus

580 1488 898 1565 opinionis
927 1507 999 1548 ac
1028 1497 1204 1550 secta:
1236 1498 1358 1549 tam
1384 1489 1788 1573 horrendum,
1824 1497 1949 1549 tam
1971 1490 2348 1550 inusitatum
2379 1497 2438 1550 et
2469 1489 2855 1549 obsoletum?
2892 1488 3047 1564 Quis
3081 1499 3203 1550 tam
3237 1490 3541 1550 obscenus
3579 1499 3639 1549 et
3669 1489 3804 1549 abo-

576 1585 909 1646 minandus
938 1590 1158 1648 error?
1189 1587 1369 1662 Quod
1387 1588 1669 1667 perfidia:
1692 1606 1886 1666 genus
1913 1596 2036 1648 tam
2059 1587 2271 1668 palam
2300 1589 2574 1649 omnium
2606 1608 2752 1649 voce
2783 1588 3280 1661 condemnatum,
3319 1588 3487 1666 quod
3529 1605 3660 1648 non
3685 1605 3797 1666 pa-

577 1695 825 1746 rentum
852 1695 1216 1748 nostrorum
1243 1689 1535 1750 memoria
1577 1689 1859 1768 fautores
1902 1687 2144 1766 aliquos
2191 1705 2263 1747 ac
2311 1697 2649 1747 sectatores
2680 1687 3014 1749 habuerit?
3045 1689 3280 1748 Parum
3312 1697 3404 1747 est
3434 1687 3509 1747 de
3547 1687 3802 1749 Arianis

578 1788 710 1850 illis
755 1790 1097 1868 conqueri,
1123 1797 1235 1849 aut
1267 1786 1761 1859 Macedonianis,
1799 1788 2242 1862 Eunomianis,
2287 1787 2708 1864 Nestorianis,
2743 1799 2803 1850 et
2828 1791 2911 1851 iis
2940 1789 3126 1849 etiam
3155 1787 3630 1865 antiquioribus
3662 1790 3796 1850 Ma-

577 1891 854 1963 nicheeis,
885 1889 1283 1963 Sabellianis,
1316 1889 1734 1949 Samosatenis
1763 1909 1782 1948 :
1815 1897 2186 1966 caterasque
2235 1889 2462 1948 veteris
2512 1889 2812 1951 Ecclesia:
2857 1891 3022 1968 faces
3054 1907 3126 1948 ac
3160 1895 3559 1965 tempestates
3583 1904 3797 1966 perse-

579 1991 689 2071 qui
719 2011 740 2050 :
770 1991 839 2052 in
866 1989 1088 2069 quibus
1109 1998 1346 2068 praeter
1375 1989 1677 2068 dogmatis
1707 1987 2046 2067 falsitatem
2073 1988 2254 2048 nulla
2279 1996 2390 2047 aut
2439 1989 2704 2049 obscura
2736 1987 3039 2070 foeditatis
3072 1985 3416 2064 disciplina
3442 1988 3573 2066 fuit
3614 2007 3635 2046 :
3670 2003 3801 2064 quae

581 2107 787 2152 omnes
811 2092 888 2154 in
914 2089 1272 2163 Germania,
1300 2088 1592 2160 Polonia,
1617 2087 1972 2157 Pannonia,
2001 2088 2254 2162 Russia,
2294 2088 2450 2150 alibi
2476 2087 2739 2166 denique
2767 2097 3001 2149 renata:
3027 2085 3112 2147 ad
3138 2088 3295 2148 hanc
3325 2086 3490 2147 diem
3518 2085 3804 2164 grassari

581 2202 639 2253 et
671 2192 1124 2254 increbrescere
1154 2191 1476 2252 dicuntur.
1510 2186 1644 2249 Illce
1664 2189 1816 2267 ipsce
1834 2186 2413 2249 sordidissimarum
2435 2186 2766 2248 libidinum
2795 2188 3172 2248 inventrices
3211 2188 3467 2248 hcereses
3511 2204 3584 2245 ac
3607 2185 3795 2261 magi-

579 2304 749 2366 strae,
781 2311 914 2372 qua:
937 2295 1333 2372 promiscuos
1366 2289 1756 2361 concubitus,
1789 2307 1860 2349 ac
1897 2290 2204 2368 reliquam
2241 2291 2534 2368 corporis
2583 2287 3043 2365 turpitudinem
3087 2286 3512 2359 ostentabant,
3557 2303 3800 2364 quaeque

578 2412 704 2454 uno
750 2392 1196 2453 Gnosticorum
1233 2389 1533 2451 vocabulo
1581 2389 1893 2450 contineri
1931 2406 2375 2466 nonnunquam
2423 2387 2648 2461 solent,
2684 2386 2906 2448 iisdem
2943 2388 3015 2448 in
3062 2388 3218 2448 locis
3267 2387 3335 2448 in
3381 2385 3802 2458 Adamianos,

579 2491 913 2565 Pilta’rdos,
948 2490 1295 2565 Valdenses,
1337 2487 1780 2568 Lugdunenses
1821 2491 2164 2570 Pauperes,
2205 2499 2546 2569 caeteraque
2589 2496 2884 2566 portenta
2943 2489 3155 2548 verius
3206 2504 3389 2565 quam
3418 2487 3677 2546 nomina
3707 2505 3799 2546 re-

581 2592 968 2654 dundarunt.
1000 2591 1245 2654 Veniam
1272 2587 1352 2649 ad
1379 2587 1647 2651 Galliam
1669 2597 1972 2660 nostram,
2005 2606 2077 2648 ac
2104 2587 2504 2648 novissimam
2535 2585 2892 2648 Calviniani
2917 2585 3108 2646 labem
3130 2583 3460 2665 dogmatis,
3492 2596 3676 2665 atque
3696 2605 3798 2665 pe-

576 2702 758 2766 stem,
791 2711 924 2773 qute
953 2694 1022 2754 in
1049 2693 1225 2754 illius
1253 2691 1486 2769 gremio
1519 2689 1822 2751 consedit.
1854 2689 1944 2748 De
1987 2706 2109 2767 qua
2135 2688 2455 2749 verissime
2497 2689 2610 2749 hoc
2638 2687 2793 2748 mihi
2833 2686 3052 2748 videor
3094 2705 3224 2747 esse
3260 2687 3558 2749 dicturus
3591 2709 3611 2748 :
3641 2688 3798 2748 velut

576 2795 888 2855 sentinam
920 2793 1096 2855 illam
1140 2790 1309 2852 orbis
1353 2809 1481 2850 esse
1530 2797 1868 2860 terrarum,
1921 2789 1991 2850 in
2036 2805 2217 2866 quam
2245 2795 2520 2847 veterum
2552 2797 2610 2848 et
2658 2789 3000 2848 recentium
3034 2798 3367 2860 sectarum,
3403 2805 3799 2865 errorumque

573 2894 880 2956 colluvies
911 2891 1224 2971 conﬂuxit
1251 2911 1269 2949 :
1301 2908 1372 2950 ac
1396 2886 1700 2968 quidquid
1728 2889 2041 2950 hareseon
2071 2890 2370 2950 hactenus
2403 2889 2673 2962 exstitit,
2707 2888 2779 2948 de
2801 2907 2920 2967 quo
2952 2889 3150 2966 legere
3183 2889 3428 2967 aliquid
3452 2891 3553 2950 vel
3582 2889 3796 2951 audire

569 2994 924 3072 potuimus,
953 3009 1032 3052 ea:
1063 3007 1130 3050 eo
1167 2989 1428 3051 libatum
1454 3007 1580 3049 esse
1611 3007 1683 3049 ac
1715 2987 2066 3048 derivatum
2092 2987 2368 3065 aliquid;
2397 2998 2576 3065 atque
2609 3007 2688 3048 eo:
2716 2989 3195 3050 abhorrentibus
3227 2999 3657 3060 monstrorum
3684 3010 3798 3051 om-

573 3096 760 3156 nium
788 3093 1084 3172 partibus
1116 3111 1188 3153 ac
1218 3093 1464 3172 ﬁguris,
1497 3092 1788 3154 ultimum
1817 3088 2001 3164 illud,
2035 3108 2106 3149 ac
2144 3090 2406 3167 reliquis
2429 3089 2803 3150 horribilius
2836 3109 2963 3150 esse
2984 3098 3363 3154 concretum.

663 3193 1074 3270 Quamobrem
1091 3210 1228 3252 cum
1260 3202 1318 3251 et
1343 3190 1570 3268 ubique
1603 3199 1938 3262 terrarum,
1964 3197 2023 3250 et
2051 3191 2152 3251 hic
2185 3187 2355 3267 apud
2379 3206 2490 3248 nos
2517 3189 2876 3266 priscarum
2902 3208 3030 3249 sese
3059 3189 3371 3250 haereseon
3396 3210 3468 3252 ac
3498 3202 3798 3253 sectarum

575 3312 818 3357 venena
852 3291 1236 3372 diffundant,
1271 3289 1353 3350 ad
1390 3290 1526 3362 illa,
1575 3307 1708 3368 quae
1747 3307 1947 3368 supra
1975 3288 2140 3360 dimi,
2174 3286 2472 3366 praesidia
2498 3289 2952 3366 confugiamus,
2973 3298 3047 3372 Aet
3080 3290 3461 3352 medicorum
3492 3295 3799 3356 imitemur

573 3394 985 3456 industriam.
1010 3392 1292 3467 Quorum
1318 3389 1586 3470 majores
1611 3406 1749 3449 cum
1769 3389 2007 3448 eosdem
2052 3389 2339 3450 humanis
2371 3389 2667 3464 ingruere
2697 3370 3069 3464 corporibus
3097 3407 3167 3448 ac
3198 3407 3533 3450 recurrere
3565 3391 3796 3452 morbos

575 3495 1026 3572 intelligerent,
1063 3509 1277 3552 eorum
1319 3493 1615 3570 origines,
1653 3492 2155 3570 progressiones,
2187 3491 2643 3570 proprietates,
2677 3507 2929 3550 casuum
2983 3501 3165 3570 atque
3212 3501 3571 3555 eventorum
3603 3513 3793 3555 exem-

579 3597 715 3676 pla,
753 3606 882 3656 tum
923 3594 1194 3656 remedia
1233 3592 1570 3671 diligenter
1603 3593 1671 3654 in
1703 3594 1884 3654 libris
1927 3601 2234 3654 notarunt
2264 3613 2284 3652 :
2315 3610 2447 3670 quae
2488 3590 2635 3652 dum
2662 3593 2906 3669 posteri
2937 3593 3173 3670 legunt,
3205 3605 3428 3655 contra
3458 3596 3606 3657 illos
3635 3597 3795 3674 ipsos

573 3697 788 3758 alieno
823 3715 886 3755 se
915 3714 1037 3756 usu
1067 3695 1577 3774 experientiaque
1618 3693 2010 3772 conﬁrmant.
2063 3693 2166 3754 Ita
2203 3691 2406 3766 nobis,
2441 3691 2664 3771 quibus
2695 3690 3017 3751 assiduum
3043 3702 3133 3753 est
3161 3693 3379 3755 iisdem
3403 3714 3544 3754 cum
3577 3696 3797 3756 errori-

576 3795 722 3870 bus,
753 3795 922 3856 velut
949 3794 1181 3856 morbis
1213 3811 1292 3854 ea:
1326 3791 1659 3852 intervallo
1700 3791 2311 3864 recrudescentibus,
2344 3809 2416 3851 ac
2432 3791 2570 3870 jam
2591 3798 2732 3850 ante
2763 3791 3060 3867 cognitis,
3099 3801 3414 3852 certamen
3438 3792 3794 3863 ineundum,

581 3894 769 3956 utiles
793 3898 942 3952 sunt
976 3889 1405 3952 commentarii
1435 3891 1836 3968 antiquarum
1865 3891 2215 3959 haeresum:
2279 3908 2359 3950 ea:
2390 3889 2613 3967 quibus
2659 3907 2787 3949 non
2817 3908 3027 3951 earum
3055 3893 3235 3952 modo
3265 3896 3563 3956 notitiam
3592 3894 3790 3972 adipi-

577 3993 854 4060 scimur;
891 3989 1000 4050 sed
1053 3988 1134 4050 ad
1185 3989 1326 4050 illas
1388 3989 1594 4064 etiam,
1629 3988 1740 4048 ubi
1768 3997 2000 4049 renata:
2026 3989 2288 4066 fuerint,
2312 3986 2772 4068 profligandas,
2805 3987 3009 4050 eadem
3038 4009 3334 4069 paramus
3363 3995 3636 4067 auxilia,
3667 3992 3794 4073 qui-

584 4095 720 4168 bus,
751 4110 887 4154 cum
913 4091 1188 4172 primum
1220 4097 1654 4163 nascerentur,
1697 4090 2024 4150 exstincta
2053 4097 2223 4149 sunt.

664 4194 799 4267 Quo
831 4192 900 4253 in
938 4207 1158 4269 genere
1187 4207 1326 4250 cum
1361 4188 1704 4248 multorum
1751 4188 2017 4249 Patrum
2049 4189 2288 4267 egregie
2322 4190 2408 4250 sit
2437 4188 2636 4264 labor,
2685 4208 2756 4250 ac
2787 4208 2926 4249 cum
2951 4208 3131 4250 .auae
3163 4205 3485 4265 versatus;
3526 4216 3700 4277 quem
3728 4205 3792 4257 tu

588 4303 810 4365 tamen,
853 4295 982 4356 sive
1009 4291 1362 4371 diligentia,
1395 4297 1522 4355 sive
1550 4292 1833 4353 ubertate
1865 4289 2243 4352 eruditionis
2291 4310 2364 4352 ac
2395 4293 2599 4370 copia,
2633 4311 2772 4352 cum
2793 4292 3154 4370 Epiphanio
3185 4299 3497 4376 conferas,
3528 4300 3791 4379 reperies

589 4411 667 4454 ea:
695 4393 861 4453 omni
902 4392 1276 4470 antiquitate
1315 4391 1637 4451 neminem.
1671 4389 1815 4452 Non
1843 4389 2005 4449 enim
2031 4390 2138 4450 ille
2175 4391 2414 4451 brevem
2441 4388 2754 4451 duntaxat
2782 4392 3093 4452 hcereseon
3143 4393 3412 4456 indicem
3442 4408 3792 4459 casterorum

585 4515 753 4557 more
782 4494 1161 4571 conscripsit
1191 4514 1209 4558 ε
1237 4492 1742 4573 quemadmodum
1769 4493 2187 4570 Augustinus,
2211 4494 2618 4568 Philastrius,
2647 4493 3088 4571 Hieronymus,
3120 4496 3561 4573 Damascenus,
3597 4500 3792 4578 copio-

587 4599 722 4658 sius
751 4597 933 4656 etiam
965 4593 1407 4663 Theodoretus,
1439 4602 1623 4671 atque
1655 4590 1770 4652 alii
1801 4591 2149 4670 complures
2184 4594 2601 4654 instituerunt
2633 4614 2653 4652 :
2683 4612 2794 4654 nec
2824 4593 3076 4655 illorum
3103 4599 3525 4658 tantummodo
3561 4601 3791 4680 opinio-

585 4715 696 4758 nes
737 4715 808 4758 ac
833 4694 1144 4774 dogmata,
1175 4711 1275 4753 res
1301 4693 1484 4753 etiam
1509 4690 1583 4753 ab
1617 4709 1828 4752 earum
1857 4693 2223 4755 auctoribus
2252 4711 2324 4752 ac
2365 4691 2772 4772 principibus
2817 4702 3021 4772 gestas
3065 4699 3534 4760 accuratissime
3558 4717 3787 4780 propo—

587 4801 738 4861 suit.
779 4796 900 4859 Sed
943 4796 1166 4876 quibus
1213 4795 1406 4855 armis
1436 4795 1699 4872 insuper
1725 4803 1836 4855 aut
1866 4796 2120 4856 illarum
2143 4795 2482 4873 petitiones
2513 4793 2764 4872 depelli,
2798 4803 2910 4855 aut
2951 4797 3232 4856 vicissim
3267 4797 3392 4859 illa:
3419 4800 3574 4878 peti,
3609 4816 3791 4876 expu-

586 4899 890 4981 gnarique
909 4906 1185 4977 possent,
1217 4896 1527 4977 uberrime
1577 4895 2053 4975 doctissimeque
2080 4898 2475 4957 monstravit.
2509 4896 2748 4971 Quibus
2785 4898 2968 4958 etiam
2997 4898 3069 4958 de
3101 4900 3308 4960 causis
3338 4907 3613 4981 ῐιανάριον,
3648 4901 3788 4974 sive,

586 5006 660 5057 ut
687 4997 1056 5057 Anastasius
1093 4995 1341 5056 Sinaita
1369 4995 1437 5054 in
1477 4993 1986 5068 Queestionibus,
2033 5013 2104 5054 ac
2137 4993 2402 5056 Photius
2436 5013 2572 5055 cum
2608 4993 2843 5056 Grcecis
2873 4996 3018 5058 aliis
3046 4996 3250 5071 habet,
3294 5006 3550 5078 Πανὰρια,
3592 4999 3656 5060 id
3684 5007 3786 5066 est,

588 5096 898 5157 medicam
927 5111 1153 5168 arcam,
1185 5095 1313 5154 sive
1354 5092 1704 5171 capsulam,
1732 5112 1804 5153 ac
1834 5093 2102 5167 thecam,
2136 5108 2312 5173 gopus
2346 5093 2509 5155 illud
2538 5095 2866 5173 inscripsit
2898 5117 2916 5156 :
2946 5105 3019 5155 ut
3048 5096 3117 5155 in
3147 5115 3214 5155 eo
3251 5098 3552 5158 sciremus
3584 5109 3789 5160 contra

589 5195 946 5274 mortiferas
992 5211 1064 5253 ac
1106 5199 1437 5252 vene-natos
1466 5192 1849 5270 serpentium
1904 5209 2170 5266 morsus,
2202 5191 2472 5271 adeoque
2499 5191 2748 5253 morbos
2788 5211 2992 5253 omnes
3021 5196 3344 5268 hceresum,
3391 5197 3788 5259 saluberrima

587 5294 859 5356 remedia
887 5294 1220 5355 contineri.

665 5417 974 5492 Quocirca
997 5434 1269 5496 persaepe
1298 5433 1433 5476 sum
1464 5411 1740 5492 equidem
1767 5412 2187 5492 Augustinum
2214 5418 2714 5494 vehementerque
2742 5417 3008 5478 miratus
3042 5441 3062 5480 :
3093 5424 3206 5500 qui
3235 5423 3304 5483 in
3345 5424 3507 5486 libro
3539 5428 3626 5487 De
3666 5425 3784 5485 Μ)-

588 5514 840 5578 resibus
900 5517 977 5578 ad
1011 5516 1555 5591 Quodvultdeum,
1606 5532 1744 5575 cum
1793 5515 2146 5593 Epiphanii
2199 5518 2499 5592 meminit,
2535 5518 2659 5578 hac
2710 5515 2783 5576 de
2824 5517 2934 5578 illo
2978 5521 3049 5581 in
3097 5522 3478 5604 Prwfatione
3520 5525 3727 5605 posuit
3757 5538 3787 5602 _:

588 5621 812 5681 Noster
846 5634 996 5680 vero
1030 5616 1447 5696 Epiphanius,
1465 5615 1738 5694 Cyprius
1770 5616 2381 5695 episcopus,abhiuc
2413 5636 2538 5682 nou
2575 5621 2758 5699 longe
2789 5619 3084 5683 humanis
3115 5624 3309 5687 rebus
3339 5639 3692 5708 exemptus,
3714 5625 3784 5685 de

588 5717 903 5796 octOginta
933 5717 1283 5780 haresibus
1317 5715 1610 5795 loquens,
1645 5733 1758 5780 sex
1793 5715 1983 5783 libros
2020 5717 2211 5781 etiam
2243 5718 2644 5796 conscripsit,
2693 5718 2993 5783 historica
3025 5723 3388 5788 narratione
3419 5737 3787 5797 commemo-
