4078 6368
317 337 391 391 13
1492 336 1829 394 EPISTOLA
1870 336 2436 394 NUNCUPATORIA.
3507 344 3573 399 16

319 474 469 518 rans
492 457 731 531 omnia,
766 457 942 519 nulla
972 457 1409 535 disputatione
1439 457 1746 519 adversus
1776 455 2114 517 falsitatem
2148 474 2260 534 pro
2294 458 2559 520 veritate
2591 460 2947 520 decertans.
2982 460 3217 521 Breves
3248 475 3399 519 sane
3419 468 3572 520 sunt

318 557 387 617 hi
422 557 622 618 libelli
653 583 667 617 :
702 565 763 620 et
790 557 845 618 si
874 557 942 619 in
980 576 1180 619 unum
1210 556 1496 618 libellum
1532 558 1927 636 redigantur,
1967 574 2085 617 nec
2114 558 2253 635 ipse
2286 559 2405 618 erit
2439 561 2700 633 nostris,
2743 558 2837 619 vel
2874 556 3148 619 aliorum
3182 557 3572 637 quibusdam

318 657 503 720 libris
537 659 936 738 longitudine
967 651 1453 739 comparandus.
1492 661 1696 739 Hujus
1742 659 2120 721 brevitatem
2165 658 2219 719 si
2262 656 2446 721 fuero
2479 659 2548 720 in
2592 657 3167 721 commemorandis
3212 658 3569 719 bmresibus

317 759 635 832 imitatus,
686 761 845 839 quid
884 777 918 822 a
969 779 1069 822 me
1124 761 1384 823 brevius
1444 760 1793 840 postulare,
1848 761 1945 823 vel
1989 769 2358 839 exspectare
2405 763 2665 833 debeas,
2720 778 2846 823 non
2900 757 3189 821 habebis.
3248 761 3566 832 Haaccine,

313 878 550 938 quaso,
584 858 655 918 de
686 861 1037 939 Epiphanii
1068 862 1333 923 Panario
1363 860 1786 941 Augustinum
1816 863 2089 922 scribere
2111 865 2140 922 ?
2171 863 2508 941 Afﬁrmare
2542 880 2699 943 opus
2743 882 2870 921 esse
2908 860 3239 939 perbreve;
3298 871 3377 931 et,
3410 863 3468 923 si
3501 862 3572 921 in

316 976 516 1017 unum
555 958 833 1019 libellum
858 959 1210 1038 redigatur,
1244 972 1369 1022 tam
1401 960 1703 1022 mediocri
1730 964 1888 1022 mole
1917 971 1973 1021 et
2002 962 2419 1041 amplitudine
2447 963 2783 1042 futurum?
2817 962 3059 1041 Negare
3098 959 3360 1040 denique
3390 958 3570 1022 aliud

315 1060 403 1121 iis
435 1062 504 1121 in
534 1061 741 1137 libris,
770 1072 1002 1141 praeter
1030 1064 1375 1142 simplicem
1404 1066 1720 1125 htereseon
1754 1067 2106 1139 historiam,
2159 1068 2293 1126 sine
2324 1065 2457 1125 ulla
2480 1064 2789 1126 mendacii
2822 1066 3295 1144 oppugnatione
3329 1073 3568 1123 tracta-

313 1162 428 1221 ri?
460 1163 653 1242 Atqui
681 1173 740 1224 et
766 1164 1071 1225 uberrimi
1098 1176 1249 1225 sunt
1277 1165 1349 1225 de
1380 1166 1717 1229 haeresibus
1750 1168 2105 1246 Epiphanii
2141 1167 2294 1228 libri
2331 1188 2351 1227 :
2386 1179 2443 1227 et
2471 1168 2775 1227 adversus
2808 1166 3093 1243 singulas
3129 1168 3268 1246 fuse
3301 1180 3563 1224 accura-

318 1272 499 1340 teque
540 1264 825 1345 disputat
854 1289 874 1326 :
905 1285 1015 1326 nec
1049 1266 1211 1327 illud
1241 1269 1447 1345 ipsum
1470 1278 1813 1347 postremo,
1848 1268 2012 1347 quod
2044 1270 2341 1327 omissum
2366 1269 2439 1329 ab
2466 1269 2854 1347 Epiphanio,
2880 1285 2996 1325 ase
3028 1283 3174 1325 vero
3209 1267 3445 1344 factum
3480 1264 3569 1324 iri

314 1361 613 1430 dixerat,
646 1373 717 1423 ut
740 1363 1040 1424 adversus
1070 1366 1355 1441 singulas
1386 1367 1646 1427 hwreses
1678 1365 2037 1439 dissereret,
2066 1377 2177 1427 aut
2206 1369 2275 1428 in
2300 1368 2413 1428 illo
2446 1370 2535 1429 De
2567 1367 2920 1429 hmresibus
2954 1365 3185 1436 libello,
3219 1374 3330 1425 aut
3358 1366 3425 1425 in
3440 1365 3566 1425 alio

315 1465 713 1542 Augustinus
744 1466 877 1543 ipse
912 1466 1242 1543 prwstitit.
1274 1465 1453 1528 Nihil
1484 1470 1645 1527 enim
1672 1479 1908 1545 praeter
1938 1466 2249 1528 sectarum
2279 1469 2552 1529 omnium
2577 1487 2875 1529 summam
2912 1485 3319 1547 errorumque
3356 1468 3569 1546 capita

316 1563 685 1646 complexus
718 1577 832 1628 est.
866 1566 1049 1642 Quod
1066 1579 1458 1647 postremum
1486 1580 1559 1629 ut
1589 1570 2068 1632 admirationem
2091 1579 2298 1649 auget,
2341 1571 2432 1631 ita
2465 1572 2653 1649 prius
2685 1566 2848 1631 illud
2887 1588 3014 1628 non
3046 1569 3235 1629 levem
3261 1569 3567 1645 suspicio-

314 1684 458 1725 nem
501 1668 680 1745 facit,
728 1667 1079 1745 Epiphanii
1122 1667 1460 1728 Panarium
1509 1669 1740 1747 ipsum,
1795 1685 2071 1747 opusque
2105 1671 2434 1730 Adversus
2482 1668 2757 1729 haereses
2797 1669 3111 1747 integrum
3144 1668 3568 1744 Augustinum

314 1763 616 1835 nondum,
661 1764 775 1826 illa
806 1785 946 1826 cum
990 1767 1251 1844 scriptis
1286 1765 1611 1845 proderet,
1648 1763 1879 1827 vidisse
1914 1790 1933 1827 :
1964 1766 2074 1827 sed
2118 1767 2295 1827 illius
2339 1765 2649 1827 duntaxat
2699 1768 3030 1846 epitomen,
3069 1772 3250 1844 atque
3296 1765 3569 1844 ejusdem

310 1868 612 1946 fortassis
642 1866 1220 1946 Anacephalceosin,
1249 1869 1377 1929 sive
1409 1856 1811 1929 Breviarium
1862 1888 1942 1929 ex
1970 1867 2367 1947 singulorum
2400 1878 2707 1927 tomorum
2745 1875 2801 1926 et
2831 1868 3141 1929 hwreseon
3178 1868 3566 1942 argumentis

314 1978 379 2028 et
415 1969 731 2047 capitibus
771 1970 1118 2031 collectum.
1163 1970 1529 2048 Quanquam
1572 1969 1737 2029 illud
1782 1971 1967 2031 etiam
2006 1979 2229 2043 movet,
2272 1969 2439 2049 quod
2482 1971 2552 2030 in
2583 1989 2696 2030 sex
2728 1969 2925 2029 libros
2958 1967 3186 2026 asserit
3215 1966 3567 2045 Epiphanii

316 2086 479 2145 opus
512 2085 638 2127 esse
662 2069 996 2147 partitum.
1032 2068 1108 2128 At
1140 2068 1209 2130 id
1228 2087 1403 2130 secus
1436 2088 1498 2129 se
1528 2068 1730 2131 habet.
1760 2069 1917 2131 Nam
1952 2070 2021 2129 in
2051 2078 2178 2129 tres
2208 2066 2522 2130 duntaxat
2554 2069 2747 2130 libros
2781 2068 3111 2128 tribuitur.
3145 2065 3323 2127 Libri
3356 2082 3563 2125 omnes

312 2169 386 2227 in
441 2178 637 2227 tomos
667 2179 919 2248 septem.
953 2169 1164 2243 Quare
1206 2168 1369 2230 illud
1407 2168 1751 2248 Augustini
1789 2168 2111 2246 singulare
2153 2178 2265 2241 est,
2311 2168 2474 2249 quod
2536 2188 2662 2229 LVII
2693 2170 2936 2243 haeresi,
2992 2185 3175 2246 quam
3203 2165 3563 2227 Psalliano-

312 2284 458 2326 rum
486 2277 686 2342 vocat,
740 2270 1271 2331 Massalianorum
1318 2271 1745 2350 Epiphanius,
1796 2269 2124 2332 subtexuit
2170 2293 2189 2331 :
2238 2270 2516 2332 Proinde
2564 2271 2675 2332 ille
2718 2270 2797 2332 de
2848 2268 3167 2346 octoginta
3210 2266 3565 2328 hmresibus

314 2369 635 2445 separatis
670 2369 923 2447 viginti,
957 2386 1115 2448 quas
1146 2379 1292 2431 ante
1327 2371 1584 2432 Domini
1614 2370 1960 2432 adventum
2005 2371 2355 2443 exstitisse,
2389 2370 2555 2432 sicut
2602 2371 2660 2431 ei
2714 2371 2926 2431 visum
2976 2379 3093 2440 est,
3143 2368 3560 2446 computavit,

315 2470 606 2548 reliquas
636 2478 781 2549 post
813 2470 1071 2531 Domini
1101 2488 1443 2533 ascensum
1475 2478 1651 2532 natas
1682 2471 2033 2549 sexaginta,
2072 2471 2473 2533 brevissimis
2507 2471 2690 2533 libris
2722 2470 3014 2549 quinque
3050 2467 3560 2545 comprehendit,

308 2574 509 2645 atque
538 2585 763 2630 omnes
797 2569 865 2630 in
897 2585 1011 2629 sex
1040 2568 1241 2632 libros
1272 2570 1470 2632 totius
1493 2569 1782 2648 ejusdem
1810 2570 1913 2631 sui
1942 2570 2157 2646 Operis
2189 2569 2338 2632 fecit
2368 2570 2690 2633 concludi.
2730 2572 2883 2630 Tres
2906 2571 2974 2629 in
3005 2568 3201 2630 libros
3227 2568 3564 2628 Panarium

312 2688 495 2729 omne
532 2667 865 2730 dividitur.
907 2669 1161 2730 Primus
1198 2682 1394 2730 tomos
1442 2671 1721 2731 continet
1766 2678 1892 2730 tres
1927 2713 1944 2741 ,
2002 2688 2266 2748 quorum
2315 2671 2383 2729 in
2414 2671 2638 2749 priore
2682 2667 2916 2747 viginti
2956 2668 3083 2729 illae
3125 2677 3274 2728 sunt
3310 2667 3564 2728 Christo

312 2772 706 2848 antiquiores
737 2772 1019 2833 haereses.
1052 2770 1233 2831 Alter
1273 2789 1506 2840 earum,
1557 2789 1693 2850 qux
1722 2780 1869 2849 post
1902 2770 2224 2847 Christum
2267 2779 2502 2830 exorta:
2536 2778 2707 2841 sunt,
2750 2768 3045 2829 tredecim
3076 2768 3341 2847 colligit.
3380 2768 3561 2829 Toti-

314 2872 456 2933 dem
486 2882 861 2951 postremus.
893 2874 983 2935 Ac
1019 2876 1077 2936 si
1105 2876 1413 2937 librorum
1444 2876 1692 2937 nomine
1741 2885 1937 2936 tomos
1971 2876 2366 2954 Augustinus
2409 2875 2735 2954 intelligit,
2780 2872 3028 2950 dempto
3060 2874 3390 2950 superiore
3424 2872 3562 2946 illo,

312 2976 425 3053 qui
462 2976 693 3053 viginti
724 2994 803 3035 ex
832 2976 1169 3038 hxresibus
1200 2986 1470 3049 constat,
1504 2977 1736 3057 reliqui
1765 2996 1879 3037 sex
1924 2986 2133 3049 erunt,
2170 2995 2298 3037 non
2326 2985 2579 3055 septem.
2623 2975 2831 3049 Quare
2860 2974 3061 3052 fuerit
3105 2972 3282 3034 illius
3328 2973 3561 3050 operis,

314 3076 448 3136 sive
480 3075 775 3152 epitomes
807 3076 938 3135 alia
971 3076 1138 3137 ratio
1169 3078 1562 3155 partitioque
1594 3094 1835 3160 necesse
1874 3084 1988 3147 est,
2026 3074 2192 3153 quod
2243 3092 2307 3133 se
2341 3073 2733 3151 Augustinus
2775 3070 3014 3147 legisse,
3062 3076 3121 3127 et
3161 3069 3401 3129 imitari
3450 3087 3563 3127 vo-

313 3176 511 3237 luisse
546 3172 955 3233 demonstrat.
2342 3174 2353 3189 '

395 3283 520 3345 Sed
548 3303 587 3343 a
612 3285 856 3344 minuta
884 3283 1000 3343 illa
1032 3290 1087 3341 et
1114 3286 1383 3359 angusta
1412 3278 1854 3357 disquisitione
1886 3274 1968 3335 ad
2004 3274 2072 3335 id
2115 3274 2324 3345 redeo,
2358 3272 2523 3352 quod
2554 3272 2625 3331 de
2662 3270 2904 3332 Panarii
2941 3268 3466 3329 commendatione
3491 3288 3563 3329 ac

308 3391 537 3469 fructu
563 3386 893 3466 disputare
925 3402 1248 3463 coeperam.
1282 3382 1441 3444 Nam
1466 3380 1548 3441 ad
1575 3380 1758 3450 illud,
1796 3380 1868 3439 de
1897 3397 2016 3457 quo
2040 3379 2364 3457 agebatur,
2399 3376 2721 3437 catholica?
2749 3375 3079 3453 religionis
3109 3374 3561 3459 patrocinium,

313 3498 378 3548 et
421 3489 871 3551 hodiernarum
916 3486 1293 3546 eversionem
1333 3486 1633 3545 hceresum
1676 3480 2191 3561 opportunitates
2235 3479 2622 3548 innumeras,
2678 3486 2734 3535 et
2783 3474 3143 3555 adjumenta
3171 3473 3558 3553 suppeditat.

316 3591 602 3652 Primum
633 3586 796 3667 quod
823 3586 896 3646 de
932 3588 1062 3666 ejus
1094 3584 1492 3659 auctoritate,
1520 3593 1791 3662 propter
1820 3590 1877 3642 et
1908 3580 2244 3659 scriptoris
2273 3587 2663 3650 vetustatem,
2700 3586 2757 3637 et
2792 3576 3102 3636 illustrem
3136 3575 3305 3634 inter
3334 3574 3561 3635 Patres

312 3692 657 3770 dignitatis
706 3691 927 3760 locum,
966 3705 1042 3746 ne
1084 3686 1212 3764 ipsi
1256 3683 1501 3763 quidem
1530 3684 1977 3745 obtrectatores
2006 3680 2431 3759 antiquitatis,
2462 3696 2534 3737 ac
2572 3676 2877 3737 bonorum
2911 3675 3116 3735 hostes
3147 3675 3419 3735 omnium
3445 3673 3563 3733 du-

313 3795 547 3855 bitant.
583 3790 816 3851 Deinde
845 3788 1012 3869 quod
1040 3786 1373 3866 praecipua
1401 3803 1648 3863 quaeque
1689 3784 1938 3844 decreta
1966 3782 2133 3860 fidei,
2167 3799 2300 3859 qua:
2345 3777 2775 3858 opinosissimi
2811 3775 3085 3837 homines
3125 3775 3222 3835 his
3266 3779 3565 3855 tempori-

314 3899 435 3959 bus
475 3896 756 3973 inﬁciari
790 3894 1044 3964 audent,
1082 3900 1207 3952 tam
1250 3889 1569 3968 expressis
1612 3888 1686 3948 ab
1719 3888 1830 3949 illo
1871 3885 2245 3947 testimoniis
2274 3882 2747 3962 approbantur;
2778 3896 2910 3957 qua?
2937 3886 3141 3938 autem
3170 3877 3251 3937 iis
3284 3878 3382 3938 illi
3410 3899 3559 3939 con-

314 3999 532 4059 traria
556 3994 920 4074 defendunt,
952 4011 1099 4053 suos
1130 3989 1212 4049 ad
1250 3998 1562 4059 auctores,
1596 3989 1709 4049 hoc
1748 3994 1837 4045 est
1868 3985 2193 4047 haereticos
2222 3988 2514 4041 revocata
2541 3986 2801 4048 veteres,
2838 3984 2963 4034 tam
3002 3975 3283 4051 graviter
3310 3994 3382 4034 ac
3420 3995 3559 4036 cre-

314 4097 433 4157 bro
476 4096 879 4173 refutantur;
926 4100 1000 4150 ut
1040 4106 1217 4167 quem
1267 4085 1469 4147 adhuc
1501 4087 1805 4165 falsitatis
1846 4085 2032 4145 istius
2070 4100 2199 4141 non
2233 4074 2489 4157 pudeat,
2526 4094 2904 4137 communem
2937 4085 3079 4136 ante
3105 4092 3352 4133 sensum
3381 4093 3565 4153 quam

316 4196 687 4257 modestiam
712 4188 1266 4266 verecundiamque
1286 4185 1671 4266 perdiderit.

400 4321 550 4382 Haec
584 4320 655 4380 de
684 4314 1046 4395 Epiphanio
1081 4320 1299 4372 nostro
1330 4310 1481 4370 adeo
1513 4308 1835 4387 magnifice
1876 4303 2321 4386 splendideque
2342 4306 2589 4384 jactata
2616 4318 2797 4379 quam
2830 4317 2979 4359 vera
3008 4300 3159 4370 sint,
3192 4300 3455 4376 planum
3494 4302 3565 4360 in

318 4420 594 4497 singulis
626 4398 1129 4478 Lutlieranorum
1159 4418 1217 4469 et
1252 4409 1742 4471 Calvinistarum
1774 4402 2096 4463 erroribus
2124 4404 2415 4480 facerem,
2455 4401 2511 4460 si
2548 4396 2614 4458 id
2642 4406 2754 4457 aut
2785 4396 3064 4475 epistola:
3094 4398 3368 4459 brevitas
3394 4399 3564 4459 sine-

317 4532 440 4595 ret,
470 4528 581 4580 aut
615 4518 831 4586 alium,
872 4531 1055 4593 quam
1096 4522 1174 4583 te,
1223 4509 1567 4572 cardinalis
1609 4507 1874 4579 illustr.,
1918 4507 2122 4566 oratio
2155 4505 2279 4564 htec
2321 4519 2359 4558 a
2404 4498 2583 4560 nobis
2616 4498 2914 4558 instituta
2943 4499 3306 4574 respiceret.
3344 4497 3466 4559 Sed
3497 4498 3567 4559 id

317 4633 430 4684 aut
454 4622 583 4681 alio
606 4623 872 4700 fortasse
904 4615 1039 4675 loco
1061 4612 1539 4693 praestabimus,
1575 4618 1686 4669 aut
1712 4608 1793 4668 ad
1823 4617 2025 4669 certos
2058 4604 2380 4668 hodiernis
2405 4622 2433 4661 e
2464 4597 2887 4679 scriptoribus
2916 4599 3324 4671 remittemus,
3356 4600 3464 4677 qui
3494 4602 3563 4661 in

320 4747 453 4788 eam
474 4733 725 4805 partem
756 4718 1034 4781 studiose
1060 4738 1131 4777 ac
1164 4736 1310 4778 sane
1329 4716 1576 4777 utiliter
1610 4712 2053 4774 incubuerunt.
2091 4708 2232 4769 Tibi
2265 4724 2410 4767 vero
2441 4712 2591 4765 nota
2618 4701 2812 4778 magis
2843 4699 2959 4759 illa
2994 4718 3175 4779 quam
3203 4700 3357 4760 mihi
3384 4710 3557 4771 sunt,

318 4827 429 4906 qui
474 4800 751 4901 quantus
793 4819 896 4878 vir
935 4816 1340 4894 Epiphanius
1382 4811 1603 4893 fuerit,
1649 4816 2067 4887 quantumque
2112 4801 2359 4864 Panarii
2404 4801 2590 4861 istius
2636 4807 3010 4906 momentum
3053 4801 3160 4872 sit,
3198 4818 3327 4859 non
3354 4800 3563 4860 aliena

321 4893 873 4989 commendatione,
908 4913 1017 4975 sed
1051 4893 1261 4973 studio
1299 4912 1433 4988 ipse
1481 4917 1588 4967 tuo
1628 4903 2142 4983 experientiaque
2190 4898 2495 4959 didicisti.
2546 4894 2634 4955 Ac
2681 4893 2987 4973 quidquid
3030 4897 3327 4958 hactenus
3358 4898 3453 4956 vel
3486 4895 3561 4955 de

318 5029 606 5092 auctoris
636 5027 825 5105 hujus
859 5021 1255 5102 prcestantia,
1288 5016 1384 5077 vel
1424 5013 1496 5074 de
1537 5014 1851 5075 hcereseon
1883 5002 2459 5105 labefactandarum
2498 5001 2748 5105 ratio-ne
2776 4996 2971 5105 paulo
3002 4996 3323 5057 verbosius
3364 4998 3563 5074 expli-

319 5134 482 5203 cavi,
515 5147 644 5189 non
669 5096 737 5187 id
762 5096 881 5185 tud
899 5139 1113 5191 causa,
1146 5132 1338 5194 neque
1372 5121 1444 5173 ut
1479 5110 1646 5191 quod
1686 5109 1795 5170 abs
1825 5117 1881 5168 te
1911 5105 2149 5167 discere
2179 5102 2391 5175 debeo,
2418 5102 2533 5180 hac
2566 5108 2622 5160 te
2654 5100 2786 5177 ipse
2823 5096 3128 5203 docerem,
3164 5104 3557 5173 pertractare

318 5194 494 5296 volui
527 5253 547 5292 :
590 5229 700 5290 sed
740 5236 815 5289 ut
864 5224 1201 5287 consilium
1243 5218 1315 5280 de
1360 5219 1474 5279 hac
1508 5214 1783 5275 editione
1809 5228 2010 5271 meum
2038 5207 2396 5287 expositum
2428 5202 2567 5276 tibi,
2604 5222 2643 5261 a
2673 5212 2848 5280 teque
2875 5194 3239 5276 probatum,
3277 5205 3561 5296 manaret

318 5293 723 5401 exteros,
766 5338 989 5407 tuoque
1030 5343 1091 5385 se
1115 5320 1363 5404 judicio
1396 5327 1456 5379 et
1485 5316 1865 5377 auctoritate
1897 5309 2277 5392 defenderet.
2311 5306 2512 5382 Quam
2551 5321 2658 5383 €90
2694 5297 3181 5407 ηνςενοθαίίυαηδ
3212 5293 3558 5407 υθίΨξέαίίῗ

317 5402 1002 5509 humanitatisque
1031 5402 1337 5503 dignitate
1366 5422 1510 5497 ipsa
1543 5416 1821 5477 muneris
1869 5431 1941 5473 ac
1983 5409 2561 5509 pretiaimpetrare
2609 5403 2828 5473 malui,
2876 5415 3078 5477 quam,
3134 5412 3265 5473 qua:
3306 5402 3562 5509 .trita'et

313 5542 669 5616 pervagata
690 5498 1146 5608 Prcefationum
1165 5540 1335 5601 seges
1368 5528 1480 5588 est,
1508 5514 1812 5577 ornandis
1842 5514 1968 5574 tuis
2009 5507 2302 5572 laudibus
2329 5526 2401 5567 ac
2433 5507 2743 5566 virtutum
2765 5509 3017 5613 tuarum
3034 5498 3368 5616 praco'nio.
3388 5498 3566 5557 colli—

317 5596 485 5713 gere.
520 5596 682 5694 lVam
715 5596 886 5707 apud
910 5635 966 5686 te
1002 5626 1073 5685 de
1107 5632 1162 5684 te
1188 5596 1259 5683 ut
1290 5618 1478 5681 verba
1504 5616 1755 5696 faciam,
1789 5611 2159 5691 singularis,
2190 5608 2433 5713 quain
2463 5614 2519 5713 te
2550 5612 2659 5677 est,
2694 5603 2976 5713 gravitas
3005 5618 3076 5660 ac
3106 5596 3564 5713 modestianon

308 5700 595 5815 patitur.
639 5700 847 5808 Neque
884 5736 941 5789 te
976 5720 1429 5787 ambitiuncula
1472 5719 1617 5793 ista,
1652 5726 1732 5792 et,
1778 5713 1942 5796 quod
1974 5732 2098 5775 esse
2111 5708 2650 5793 jucundissimum
2683 5706 2954 5766 omnium
2978 5718 3270 5764 acroama
3298 5700 3559 5775 dicitur.
