4078 6368
512 384 579 439 i?!
848 410 853 415 -
1810 379 2104 435 DIONYSII
2140 379 2419 436 PETAVII
2563 454 2567 463 ι
3705 388 3779 445 18

514 509 1019 563 ornamentorum
1055 507 1313 558 tuorum
1376 508 1559 577 atque
1602 501 1946 579 insignium
1984 501 2354 580 praedicatio
2416 501 2703 566 delectat.
2746 503 2964 582 Itaque
3007 524 3136 565 non
3174 508 3302 569 alio
3342 517 3663 589 sequestre
3703 528 3783 568 ae

516 602 921 664 conciliatore
948 598 1169 675 gratiae
1200 606 1318 656 tuae
1352 616 1527 669 usus,
1561 616 1741 677 quam
1776 600 2141 678 Epiphanio
2172 603 2333 680 ipso,
2376 599 2459 659 ad
2488 601 2743 661 tutelam
2776 603 3046 663 nominis
3078 606 3176 665 tui
3203 609 3778 685 patrociniumque

516 700 794 782 confugi.
830 696 1010 772 Quod
1036 705 1109 755 ut
1148 697 1298 757 mihi
1327 696 1691 776 defuturum
1716 718 1843 760 non
1867 719 1991 760 esse
2028 699 2330 777 conﬁdam
2349 720 2368 768 ;
2397 700 2555 778 facit
2584 717 2759 759 amor
2786 700 2858 760 in
2874 703 3105 780 primis
3137 721 3287 783 erga
3316 704 3567 767 litteras
3592 712 3781 775 tuus,

518 818 647 868 tum
674 808 932 887 pietatis
960 805 1412 883 religionisque
1444 801 1731 880 cognitus
1765 799 2048 860 omnibus
2080 818 2151 858 ac
2173 806 2545 877 perspectus
2575 797 2803 868 ardor,
2837 800 3063 879 quibus
3088 821 3166 862 ex
3195 803 3494 864 ambobus
3523 805 3773 866 studiis

517 917 747 969 nostra:
776 907 901 968 illae
927 908 995 967 in
1022 904 1450 984 Epiphaniam
1479 900 1719 961 collatae
1752 916 1954 977 operae
1983 895 2335 976 vigiliaeque
2362 897 2883 976 proﬁciscuntur.
2927 900 3198 961 Faciunt
3248 903 3627 964 excellentes
3684 906 3787 965 in-

517 1008 686 1084 genii
715 1015 880 1066 artes
910 1007 1293 1083 cirtutesque
1330 1011 1562 1062 eceterae
1600 1020 1618 1059 :
1665 1000 1891 1077 quibus
1931 998 2228 1058 Ecclesiae
2266 998 2701 1075 principatum
2742 998 3117 1079 jamdudum
3157 1004 3425 1080 publica
3493 1008 3787 1066 omnium

521 1118 661 1168 vota
689 1125 759 1166 ac
789 1106 1099 1186 suffragia
1127 1102 1532 1183 despondent.
1565 1102 1751 1161 Facit
1772 1108 2094 1178 postremo
2123 1097 2427 1176 prolixus
2475 1105 2619 1157 tuus
2651 1099 2719 1158 in
2745 1099 3119 1161 Societatem
3146 1111 3456 1178 nostram,
3490 1123 3563 1164 ac
3596 1105 3784 1165 mul-

522 1208 601 1267 tis
631 1204 888 1267 indiciis
911 1214 1281 1285 perspectus
1309 1211 1492 1281 atque
1524 1199 1895 1280 exploratus
1928 1200 2212 1265 animus;
2248 1207 2379 1257 tum
2407 1197 2749 1257 nonnullus
2777 1217 3018 1280 quoque
3051 1202 3350 1264 tenuitati
3379 1215 3619 1266 nostrae
3642 1224 3783 1285 pa-

523 1315 787 1393 tefactus
810 1311 1058 1393 jamdiu
1086 1310 1169 1371 ad
1198 1311 1641 1389 benignitatem
1676 1316 1846 1367 tuam
1875 1307 2086 1367 aditus
2143 1325 2216 1366 ac
2245 1313 2559 1385 receptus.
2593 1304 2875 1381 Quorum
2904 1308 3180 1367 omnium
3208 1325 3509 1368 summam
3539 1309 3789 1370 brevis-

520 1414 675 1473 sima
703 1414 816 1474 hac
846 1412 1306 1489 certissimaque
1337 1427 1482 1469 voce
1514 1406 1892 1486 complectar
1933 1425 1951 1463 :
1988 1404 2198 1483 Neque
2238 1412 2294 1464 te
2335 1404 2587 1482 dignius
2624 1422 2809 1484 quam
2858 1404 3023 1484 quod
3052 1424 3090 1464 a
3119 1424 3214 1465 me
3241 1407 3422 1466 modo
3456 1406 3783 1486 defertur,

520 1510 739 1589 offerri
790 1509 906 1570 tibi
947 1526 1169 1569 munus
1210 1526 1414 1587 posse,
1462 1522 1657 1584 neque
1706 1502 2081 1582 digniorem,
2139 1503 2244 1563 cui
2285 1501 2447 1563 illud
2488 1502 2803 1584 offerrem,
2849 1514 2908 1565 te
2952 1521 3078 1564 uno
3128 1505 3409 1584 reperiri
3454 1507 3783 1585 potuisse.

525 1612 689 1675 l’ale.
2124 1606 2127 1609 ’

599 1718 859 1781 Lutetia
887 1718 1302 1791 Parisiorum,
1337 1734 1499 1777 anno
1532 1719 1780 1778 ineunte
1807 1712 2197 1786 MDCXXII,
2234 1729 2394 1776 xvut
2436 1710 2583 1774 Kal.
2616 1711 2803 1773 Febr.

1390 2015 1470 2071 lll.
1496 2015 1561 2070 A.
1596 2014 1658 2070 T.
1692 2012 2068 2070 deditissimus

2479 2083 2773 2154 Dionysius
2795 2081 3071 2139 Psnvws

2414 2152 2703 2210 Societa'tis
2733 2152 2861 2209 Jesu
2884 2156 3194 2226 presbyter.

544 2375 3751 2405 -————-—————————_—-————————a—u—————___—_—__—

1211 2554 1317 2613 AD
1363 2552 1891 2616 CATHOLICUM
1956 2553 2060 2612 ET
2111 2551 2536 2613 CANDIDUM
2597 2552 3057 2616 LECTOREM.

587 2892 723 2948 Cum
746 2893 981 2950 assiduis
1010 2890 1347 2947 eruditorum
1389 2905 1452 2945 ac
1478 2890 1691 2959 piorum
1734 2890 2016 2945 hominum
2046 2889 2284 2958 querelis
2312 2888 2547 2959 ﬂagitari
2567 2888 2892 2958 jamdudum
2934 2891 3299 2962 Epiphanium
3332 2906 3583 2954 nostrum
3624 2899 3769 2957 inte}

516 2990 715 3059 ligam;
752 3004 783 3043 a
814 2986 1142 3059 quibusdam
1187 2986 1353 3041 etiam
1383 2986 1695 3040 tarditatem
1725 2985 1973 3040 accusari
2010 2999 2219 3050 meam,
2252 2984 2396 3055 quod
2431 2984 2590 3052 cujus
2631 2984 2885 3041 editionis
2914 3001 3064 3056 spem
3099 2997 3227 3043 ante
3260 2992 3576 3061 complures
3604 3010 3782 3052 annos

516 3080 868 3147 ostenderim,
903 3094 966 3134 ea
999 3077 1241 3132 nondum
1271 3077 1325 3130 in
1357 3076 1534 3132 lucem
1570 3085 1681 3131 tam
1708 3076 1872 3146 longo
1902 3075 2188 3130 intervallo
2217 3075 2514 3145 prodierit,
2554 3074 2816 3129 nonnulla
2853 3085 3040 3131 nostra
3074 3082 3432 3137 excusatione
3448 3085 3782 3141 muniendus

517 3179 585 3233 ad
620 3176 926 3246 aquilatem
965 3183 1112 3228 tuam
1153 3173 1332 3227 aditus
1374 3172 1607 3226 videtur.
1645 3170 1761 3226 Erit
1796 3172 1887 3225 illa
1926 3186 2052 3225 vero
2092 3170 2400 3240 perfacilis,
2447 3170 2493 3224 si
2527 3169 2632 3224 hoc
2662 3185 2787 3225 cum
2831 3171 3015 3226 animo
3054 3181 3146 3228 tuo
3187 3175 3462 3231 aestimare
3497 3178 3782 3248 volueris,

517 3279 781 3341 quantum
810 3268 876 3322 ad
901 3267 975 3332 id,
1010 3267 1155 3337 quod
1193 3267 1348 3322 initio
1383 3267 1760 3335 praevideram,
1792 3275 1848 3321 et
1879 3267 1947 3321 ad
1991 3266 2137 3335 quod
2181 3275 2408 3335 paratus
2439 3279 2696 3319 veneram
2719 3304 2734 3328 ,
2768 3267 2925 3335 pensi
2957 3282 3022 3321 ac
3046 3268 3254 3324 laboris
3285 3272 3602 3328 accesserit.
3641 3272 3781 3329 Nam

514 3382 639 3422 cum
674 3365 910 3435 primum
934 3347 1098 3418 -illud
1144 3378 1282 3433 opus
1325 3364 1630 3417 amicorum
1670 3373 1887 3433 rogatu,
1928 3371 1982 3416 et
2023 3377 2214 3417 eorum
2240 3362 2335 3431 qui
2369 3361 2695 3416 auctoritate
2726 3369 2977 3430 poterant
3005 3362 3149 3433 apud
3173 3379 3261 3419 me
3292 3365 3615 3434 plurimum.
3644 3367 3780 3422 bor-

516 3470 629 3517 tatu
661 3460 870 3529 recepi;
907 3475 1075 3513 unum
1107 3458 1241 3512 illud
1276 3458 1628 3528 designabam
1652 3458 1857 3520 animo,
1883 3465 1945 3511 ut
1973 3465 2028 3512 et
2052 3455 2258 3513 Graecis
2272 3456 2562 3526 diligenter
2588 3457 2913 3522 emendatis,
2938 3467 2991 3512 et
3010 3458 3199 3515 Latina
3230 3460 3481 3516 Cornarii
3507 3463 3778 3533 interpre-

518 3550 720 3618 tatione
750 3550 1032 3619 castigata,
1059 3548 1374 3603 adnotarem
1403 3563 1465 3602 ea
1496 3548 1753 3612 breviter,
1785 3547 1984 3617 quibus
2021 3547 2089 3607 ad
2122 3548 2365 3602 auctoris
2392 3556 2630 3601 mentem
2673 3548 3075 3616 assequendam
3120 3550 3363 3619 adjuvari
3403 3567 3512 3606 non
3541 3553 3778 3623 imperiti

518 3638 757 3698 hominis
784 3640 1050 3694 industria
1074 3648 1279 3709 posset.
1312 3636 1384 3693 Ut
1428 3647 1610 3693 autem
1641 3637 1832 3693 Latine
1866 3638 2253 3707 interpretarer
2285 3636 2435 3706 ipse,
2468 3650 2644 3705 neque
2683 3637 3076 3691 constitueram
3121 3639 3374 3708 equidem
3396 3681 3411 3705 ,
3446 3622 3634 3710 neque,
3662 3622 3779 3698 {ora

518 3732 888 3786 necessarium
912 3730 1237 3785 arbitrabar.
1272 3731 1388 3785 Hac
1419 3745 1520 3800 ego
1555 3745 1650 3800 spe
1674 3771 1690 3797 ,
1721 3729 2149 3798 conditioneque
2187 3742 2313 3782 cum
2345 3728 2489 3782 ultro
2520 3727 2670 3781 oneri
2704 3726 2781 3781 illi
2815 3732 3205 3787 successissem
3231 3773 3247 3798 ,
3275 3747 3512 3802 cumque
3547 3732 3691 3789 istud
3731 3745 3779 3789 et

518 3826 818 3882 amicorum
848 3827 1229 3897 praedicatione
1251 3868 1265 3894 ,
1302 3836 1355 3881 et
1392 3842 1511 3882 mea
1541 3841 1761 3897 quoque
1798 3825 2215 3880 denuntiatione
2259 3832 2537 3878 manasset
2585 3824 2826 3895 longius,
2856 3842 3020 3896 quam
3054 3839 3115 3883 ut
3147 3830 3518 3885 vadimonium
3552 3830 3778 3886 honeste

518 3931 733 3988 possem
769 3917 1044 3982 deserere,
1094 3932 1219 3972 mox
1259 3916 1351 3971 ubi
1405 3917 1626 3971 tractari
1667 3926 1841 3986 empta
1876 3932 1964 3972 res
2011 3925 2127 3981 est,
2166 3915 2289 3985 plus
2314 3916 2368 3969 in
2406 3930 2469 3969 ea
2502 3915 2706 3985 negotii
2734 3933 2897 3986 quam
2928 3920 3061 3973 mihi
3090 3920 3413 3990 pollicebar,
3453 3937 3578 3977 esse
3606 3924 3777 3977 situm

519 4009 897 4065 animadverti.
926 4008 1217 4079 Postquam
1245 4009 1391 4063 enim
1420 4006 1673 4063 Cornarii
1704 4007 1898 4061 Latina
1925 4006 2219 4062 emendare
2241 4021 2362 4061 sum
2390 4006 2702 4076 ingressus;
2732 4008 3147 4079 periculumque
3181 4012 3534 4067 recensendis
3564 4013 3777 4082 aliquot

516 4104 729 4175 paginis
765 4102 889 4169 feci,
929 4102 1127 4172 ecquid
1172 4102 1433 4157 mediocri
1495 4101 1678 4172 aliqua
1710 4100 2035 4155 tractatione
2073 4099 2341 4154 nitescere
2387 4112 2451 4153 ac
2488 4099 2747 4169 perpoliri
2778 4109 2994 4169 posset,
3023 4102 3184 4171 plena
3210 4117 3318 4157 non
3360 4105 3539 4158 solum
3569 4107 3777 4162 fastidii

516 4200 632 4253 visa
668 4214 757 4253 res
789 4206 892 4265 est,
922 4197 1014 4251 sed
1048 4197 1210 4252 etiam
1236 4196 1519 4264 molestiae,
1546 4206 1600 4251 et
1639 4196 1918 4250 illiberalis
1946 4193 2234 4264 cujusdam
2262 4209 2438 4263 opera:
2470 4208 2534 4248 ac
2563 4194 2790 4249 laboris.
2824 4194 2901 4250 Ita
2940 4197 3110 4251 multa
3153 4198 3596 4268 tum-demenda,
3621 4217 3775 4257 com-

517 4292 798 4358 mutanda,
832 4291 1208 4361 interpolanda
1237 4290 1486 4356 fuerunt;
1524 4299 1583 4344 ut
1612 4304 1715 4359 ego
1746 4287 2085 4344 tolerabilius
2118 4303 2242 4343 esse
2273 4296 2592 4351 statuerem,
2623 4287 2785 4342 aliam
2819 4288 2886 4343 de
2915 4289 3147 4360 integro,
3198 4306 3261 4347 ac
3301 4307 3499 4346 novam
3539 4300 3775 4357 struere,

517 4403 679 4457 quam
714 4389 924 4455 alienat,
956 4388 1258 4458 praesertim
1300 4386 1567 4451 barbarae,
1608 4386 1939 4454 insulsaeque
1984 4385 2271 4439 tectorium
2322 4383 2607 4439 inducere.
2648 4381 2804 4439 Cessi
2842 4385 3009 4454 igitur
3059 4386 3488 4458 imitus,'atque
3518 4388 3777 4446 haesitans

517 4485 662 4548 licet,
690 4495 744 4540 et
774 4486 828 4540 in
859 4487 963 4541 hoc
994 4500 1080 4539 me
1110 4484 1400 4555 pistrinum
1435 4481 1672 4547 detrudi,
1703 4480 2087 4552 compingique
2113 4496 2234 4534 sum
2263 4495 2495 4549 passus:
2527 4486 2591 4533 ut
2628 4494 2753 4534 eum
2793 4482 3113 4550 scriptorem
3136 4522 3151 4546 ,
3180 4499 3341 4552 quem
3368 4483 3776 4554 castigandum,

518 4586 576 4633 ut
606 4579 738 4641 dixi,
775 4587 937 4649 atque
967 4578 1273 4632 ornandum
1304 4574 1685 4630 tantummodo
1712 4587 2082 4642 susceperant,
2113 4570 2308 4626 Latino
2344 4571 2567 4641 insuper
2600 4586 2854 4626 sermone
2887 4583 3283 4627 converterem.

598 4670 694 4725 Est
729 4672 859 4726 illud
890 4668 1134 4741 profecto
1164 4683 1335 4739 genus
1361 4665 1889 4734 interpretandorum
1919 4664 2184 4718 librorum
2218 4663 2349 4718 utile
2384 4663 2543 4719 bonis
2569 4664 2814 4731 artibus;
2837 4674 2891 4719 et
2919 4665 3064 4735 quod
3097 4666 3271 4735 major
3299 4682 3426 4737 pars
3460 4666 3645 4723 Graece
3677 4676 3777 4723 aut

512 4770 739 4823 omnino
774 4768 967 4832 nescit,
994 4778 1089 4821 aut
1114 4780 1221 4819 non
1256 4764 1331 4818 ita
1368 4762 1492 4828 scit,
1521 4770 1581 4815 ut
1609 4761 1675 4816 iis
1716 4760 2047 4830 adiumentis
2071 4774 2257 4815 carere
2285 4759 2475 4829 possit,
2509 4759 2611 4813 hac
2656 4768 2814 4813 aetate
2858 4761 3247 4816 necessarium.
3286 4762 3392 4816 Sed
3422 4761 3565 4816 idem
3586 4771 3776 4816 tamen

514 4879 622 4918 non
658 4862 837 4917 solum
878 4861 1107 4917 insuave
1137 4874 1233 4930 per
1271 4872 1429 4921 sese;
1458 4870 1643 4911 verum
1672 4855 1861 4919 etiam,
1893 4863 2115 4924 propter
2140 4868 2410 4908 summam
2442 4853 2548 4907 hoc
2581 4862 2827 4923 tempore
2877 4854 3217 4909 obtrectandi
3258 4855 3659 4925 impunitatem,
3704 4872 3771 4912 ac

513 4957 805 5021 licentiam,
838 4954 1135 5011 sollicitum
1164 4966 1229 5006 ac
1262 4950 1556 5006 lubricum.
1598 4948 1871 5014 Quoniam
1902 4946 2124 5016 quidem
2157 4955 2303 4999 recte
2334 4943 2477 4999 facto
2497 4985 2512 5009 ,
2554 4944 2846 4999 mediocris
2891 4946 3245 5015 approbatio;
3276 4957 3479 5012 errato,
3505 4947 3628 5003 sine
3653 4948 3769 5003 ulla

512 5050 686 5115 venia,
720 5051 1034 5111 vehemens,
1070 5055 1122 5101 et
1155 5054 1315 5099 atrox
1340 5042 1696 5114 reprehensio
1726 5041 2067 5110 proponitur.
2104 5037 2160 5093 Id
2190 5038 2327 5093 adeo
2359 5046 2633 5093 certorum
2675 5038 2958 5092 hominum
2988 5039 3399 5109 importunitate
3418 5050 3475 5097 et
3506 5041 3769 5098 inhuma-

511 5141 680 5195 nitate
705 5140 763 5193 ﬁt
794 5158 806 5193 :
832 5140 921 5210 qui
949 5153 1073 5193 cum
1103 5138 1205 5207 ipsi
1238 5138 1359 5192 sine
1390 5149 1577 5189 errore
1607 5133 1746 5189 nihil
1776 5133 2054 5198 scribant,
2096 5147 2273 5203 neque
2311 5146 2369 5187 se
2391 5146 2421 5186 a
2448 5146 2725 5201 quoquam
2756 5132 3005 5201 redargui
3041 5134 3343 5203 patiuntur,
3370 5144 3425 5191 et
3458 5138 3564 5191 hoc
3592 5137 3772 5207 ipsum

510 5239 691 5284 tamen
728 5228 1011 5299 tyrannico
1053 5226 1156 5281 sibi
1191 5225 1315 5296 jure
1364 5224 1421 5280 in
1470 5232 1697 5281 caeteros
1736 5231 2025 5292 usurpant.
2060 5222 2155 5277 Est
2186 5230 2366 5275 autem
2408 5220 2463 5273 in
2495 5219 2700 5276 Graecis
2722 5219 2974 5276 Latinam
3012 5223 3067 5276 in
3101 5223 3343 5293 linguam
3377 5225 3773 5283 transferendis

510 5321 723 5390 lapsum
764 5318 1323 5388 acreprehensionem
1355 5317 1562 5372 evitare
1591 5314 1828 5377 ditﬁcile,
1860 5321 2148 5383 propterea
2189 5311 2337 5381 quod
2368 5326 2529 5367 nemo
2554 5322 2639 5368 est
2668 5314 2741 5367 ita
2783 5314 3109 5369 necessariis
3157 5316 3224 5368 ad
3254 5315 3308 5369 id
3338 5332 3542 5372 munus
3572 5321 3770 5387 praesi-

511 5411 615 5465 diis
650 5410 987 5471 instructus;
1020 5407 1113 5476 qui
1166 5417 1261 5461 aut
1312 5405 1532 5461 Graecos
1577 5418 1770 5460 omnes
1802 5412 2057 5457 auctores
2090 5401 2304 5471 legerit.
2334 5411 2429 5455 aut
2467 5402 2793 5457 immensam
2822 5402 2928 5457 vim
2963 5405 3167 5459 artium
3202 5407 3448 5461 omnium
3470 5448 3484 5473 ,
3510 5418 3564 5463 et
3593 5422 3770 5465 mate-

513 5502 681 5564 riam;
713 5512 944 5568 quarum
975 5513 1041 5551 ex
1071 5498 1299 5552 scientia
1328 5498 1687 5557 emet-escere,
1719 5510 1783 5549 ac
1812 5493 2117 5548 redundare
2144 5493 2303 5547 debet
2330 5492 2736 5562 interpretatio,
2780 5509 2882 5548 usu
2929 5503 2984 5549 et
3017 5497 3280 5551 memoria
3318 5501 3767 5569 comprehendat.

510 5591 644 5655 Quis
666 5598 745 5646 est
775 5590 922 5644 enim
950 5589 1045 5660 qui
1088 5590 1297 5647 divinas
1335 5591 1713 5657 humanasque
1752 5586 2105 5656 disciplinas,
2146 5587 2241 5655 qui
2285 5584 2569 5655 theologia:
2592 5625 2607 5651 ,
2640 5588 3003 5658 philosophia:
3041 5604 3107 5644 ac
3145 5590 3545 5646 mathematum
3585 5602 3770 5661 partes

509 5697 734 5763 omnes;
768 5684 863 5753 qui
887 5684 1027 5753 juris
1054 5699 1117 5738 ac
1151 5684 1455 5749 medicinae,
1488 5685 1582 5754 qui
1606 5682 1851 5737 minutas
1878 5680 2114 5750 denique
2136 5690 2282 5735 artes
2304 5681 2386 5735 vel
2416 5696 2561 5735 unus
2589 5682 2882 5737 exhaurire
2902 5684 3157 5753 potuerit,
3193 5685 3278 5739 vel
3309 5685 3579 5742 inﬁnitam
3603 5703 3768 5743 voca-

507 5771 782 5840 bulorum,
811 5790 933 5844 quae
953 5774 1150 5845 cuique
1175 5776 1392 5845 propria
1423 5787 1582 5844 sunt,
1612 5775 1804 5829 silvam
1833 5773 2268 5845 varietatemque
2301 5774 2575 5832 scrutari?
2605 5774 2768 5846 Atqui
2792 5790 2916 5829 cum
2947 5774 3035 5829 illa
3066 5776 3271 5845 passim
3296 5775 3613 5834 Graecorum
3641 5794 3766 5836 mo-
