4078 6368
378 387 445 440 n
1816 394 2207 453 primario.
3568 393 3634 451 13

376 507 495 562 nim
516 508 642 565 antis
677 525 898 580 aspersa
940 520 1109 567 sunt:
1145 520 1258 569 tum
1280 515 1596 571 eorumdem
1628 516 1843 571 inscitia
1876 532 2271 588 nonnunquam
2305 516 2631 571 hallucinari
2660 516 3010 587 interpretem
3049 532 3147 587 par
3185 523 3298 583 est,
3326 523 3379 572 et
3404 515 3472 571 ab
3492 516 3637 570 illius

375 606 511 658 artis
538 606 749 675 peritis,
786 615 975 662 contra
1000 624 1168 679 quam
1194 612 1551 667 commissum
1599 612 1804 682 aliquid
1832 612 2018 677 fuerit,
2052 613 2183 668 vitia
2216 614 2333 683 ipsa
2372 610 2723 681 deprehendi.
2753 608 2858 665 Sed
2896 618 3083 664 mutua
3116 609 3219 663 ista
3246 607 3531 678 castigatio
3552 622 3637 661 cr—

371 696 539 763 roris,
564 707 618 751 et
644 698 1048 756 animadversio
1079 704 1375 758 maximam
1408 704 1559 760 aﬂ'ert
1596 707 1979 762 communibus
2011 706 2206 761 litteris
2232 705 2519 759 utilitatem
2550 722 2562 756 :
2594 718 2659 757 ac
2689 716 2754 756 ne
2778 701 2828 755 ei
2858 699 3078 770 quidem
3103 738 3118 763 ,
3150 698 3243 768 qui
3271 697 3550 757 erraverit.
3590 692 3638 750 si

370 804 435 845 se
471 791 747 845 hominem
794 804 984 847 natum
1024 808 1147 851 esse
1176 798 1514 865 recordetur,
1551 798 1741 853 odiosa
1775 800 1947 854 videri
1976 800 2059 855 vel
2086 800 2273 869 iniqua
2296 798 2475 852 debet.
2518 795 2696 849 Movet
2725 808 2854 848 vero
2884 792 3203 862 plerosque,
3237 798 3398 858 atque
3432 787 3501 841 ab
3537 787 3637 839 hac

368 881 589 951 publice
612 885 995 940 commodandi
1021 889 1234 942 ratione
1280 889 1539 953 deterret,
1590 905 1701 945 non
1732 891 2083 961 reprehensio
2116 891 2325 945 erroris
2353 890 2469 958 ipsa
2494 928 2507 952 ,
2538 887 2632 942 sed
2661 883 2959 940 insultandi
2996 882 3051 937 in
3082 881 3255 935 aliena
3283 880 3440 948 culpa
3468 878 3636 932 libido

370 975 620 1043 quaedam
654 976 907 1044 petulans
942 992 1006 1031 ac
1030 994 1255 1048 procax,
1286 996 1407 1051 quae
1432 990 1709 1051 utcunque
1739 983 1825 1035 vel
1852 983 2128 1037 levissima
2179 981 2235 1035 in
2262 995 2321 1035 rc
2350 979 2642 1034 titubatum
2676 976 2816 1041 erit;
2849 980 2894 1030 sl
2921 974 3082 1029 unius
3111 971 3315 1026 vocula:
3344 970 3426 1023 vis
3453 983 3514 1022 ac
3542 982 3636 1036 po-

372 1077 543 1125 testas
573 1071 922 1143 interpretem
958 1074 1179 1145 l‘ugerit,
1212 1077 1291 1132 sic
1336 1079 1496 1147 quasi
1528 1079 1662 1149 reip.
1694 1079 1845 1135 salus
1880 1089 2094 1150 agatur,
2133 1062 2249 1133 rem
2317 1077 2387 1132 ab
2416 1077 2647 1131 honesta
2690 1072 3033 1129 contentione
3064 1070 3133 1125 ad
3163 1066 3454 1123 illiberales
3488 1064 3634 1118 rixas

368 1170 423 1215 et
460 1152 736 1225 sordidas,
767 1163 833 1217 ad
885 1163 1218 1223 foedissimas
1274 1167 1601 1236 simultates,
1633 1178 1795 1240 atque
1843 1170 1911 1224 ad
1955 1184 2316 1240 personarum
2356 1167 2586 1236 injurias
2627 1162 3093 1233 contumeliasque
3122 1158 3476 1214 transferunt.
3509 1153 3634 1207 Haec

368 1252 536 1322 igitur
570 1253 687 1322 ipsa
743 1254 903 1310 famae
954 1255 1289 1328 honorisque
1310 1263 1599 1331 praposita
1631 1263 1916 1318 dimicatio
1956 1263 2169 1333 quietos
2206 1272 2259 1317 et
2303 1261 2615 1317 moderatos
2649 1258 2933 1322 homines,
2970 1255 3062 1325 qui
3101 1251 3421 1308 nonnullum
3450 1258 3629 1303 tamen

366 1347 422 1400 in
483 1348 699 1417 publica
744 1350 850 1406 sibi
884 1354 1356 1410 commendatione
1401 1357 1651 1411 laborum
1688 1356 1925 1413 fructum
1958 1358 2337 1420 constituunt,
2385 1354 2643 1426 defugere
2676 1366 2895 1424 operam
2940 1350 3087 1403 illam
3130 1347 3384 1402 admonet
3416 1341 3627 1411 potius,

366 1453 535 1505 quam
564 1454 689 1495 cum
723 1443 955 1503 Tacribus
1001 1458 1055 1501 et
1084 1449 1425 1517 pugnacibus
1458 1452 1820 1515 adversariis,
1853 1460 1907 1505 et
1937 1452 2003 1505 ad
2037 1451 2243 1521 quaevis
2273 1448 2502 1504 dicenda
2535 1446 2913 1514 audiendaque
2946 1437 3308 1512 paratissimis
3341 1436 3397 1489 in
3424 1432 3631 1518 puerile

367 1539 644 1588 certamen
680 1535 1030 1597 descendere.
1058 1540 1187 1595 Mihi
1217 1557 1367 1608 vero,
1398 1560 1561 1614 quem
1612 1546 1676 1599 ad
1710 1546 2003 1601 sublimius
2032 1545 2289 1616 quiddam
2321 1553 2377 1599 et
2414 1543 2654 1598 divinius
2685 1540 2917 1611 cogitata
2954 1536 3135 1593 omnia
3180 1532 3510 1601 consiliaque
3543 1542 3629 1583 re-

367 1618 531 1688 ferre,
589 1640 853 1700 susceptae
899 1634 1023 1688 vita:
1051 1636 1292 1692 rationes
1326 1638 1635 1702 hortantur,
1686 1651 1852 1711 atque
1892 1642 2010 1697 haec
2040 1641 2466 1696 vanissimorum
2508 1648 2562 1694 et
2600 1636 3066 1709 ineptissimorum
3099 1629 3383 1686 hominum
3426 1624 3627 1697 judicia

365 1721 739 1785 contemnere,
777 1735 876 1774 cur
898 1721 1189 1793 Epiphanii
1224 1727 1723 1797 interpretationem
1757 1747 1978 1786 vererer
2011 1732 2279 1802 attingere
2302 1772 2315 1797 ,
2354 1746 2522 1785 causa
2560 1730 2615 1783 in
2638 1727 2829 1799 primis
2874 1727 2977 1781 ista
3007 1723 3107 1778 fuit
3133 1741 3145 1777 :
3172 1719 3317 1791 quod
3350 1733 3473 1773 cum
3509 1717 3627 1796 len:

366 1812 483 1857 tum
513 1820 578 1861 ac
604 1807 921 1889 diuturnum
964 1813 1079 1871 fore
1105 1819 1381 1887 negOtium
1412 1820 1544 1875 illud
1575 1822 2063 1878 animadverterem
2086 1863 2100 1886 ,
2140 1822 2474 1883 tantumdem
2510 1818 2983 1891 praestantioribus
3013 1814 3209 1871 studiis
3233 1813 3533 1867 detractum
3562 1802 3627 1860 ir'

368 1898 628 1963 temporis
656 1915 960 1969 cernerent,
990 1918 1255 1976 quantum
1291 1912 1347 1965 in
1378 1927 1497 1966 eam
1532 1916 1947 1983 occupationem
1970 1924 2115 1971 esset
2156 1918 2513 1985 insumptum.
2548 1913 2854 1969 Accedebat
2884 1912 2950 1965 ad
2982 1923 3325 1966 communem
3366 1907 3628 1971 interpre-

364 1988 518 2042 tandi
553 1992 857 2049 molestiam
888 2000 1159 2071 praecipua
1189 2005 1436 2073 quaedam
1466 2008 1521 2060 in
1543 2007 1637 2061 illo
1667 2008 1929 2079 scriptore
1955 2008 2240 2064 dillicultas
2268 2027 2280 2061 ε
2307 2008 2452 2078 quod
2478 2008 2751 2077 incompta
2778 2014 2830 2060 et
2855 2004 3129 2061 salebrosa
3160 2014 3240 2056 ρει
3261 1999 3406 2053 illius
3427 1997 3622 2057 oratio.

363 2090 419 2134 et
464 2082 518 2136 in
572 2102 679 2155 qua
730 2088 1175 2166 frequentissime
1229 2112 1526 2156 occurrunt
1555 2103 1645 2157 illa
1670 2145 1683 2168 ,
1716 2119 1840 2173 qua:
1871 2102 1973 2159 Gra

2018 2104 2043 2158 :i
2078 2103 2415 2168 ἀναπόδοτα,
2462 2112 2514 2157 et
2560 2100 2894 2156 ἀνακόλουθα
2923 2098 3209 2153 nominant
3244 2113 3257 2147 :
3290 2093 3539 2164 pedestre
3562 2105 3628 2145 ac

363 2175 629 2242 populare
681 2180 897 2238 dicendi
938 2200 1129 2257 genus.
1190 2189 1345 2257 Quod
1379 2193 1491 2249 sive
1540 2197 1659 2265 pari
1702 2198 1975 2253 sermonis
2019 2196 2369 2266 simplicitate
2413 2196 2677 2264 consequi
2722 2190 2987 2256 volueris,
3022 2191 3341 2257 subagreste
3363 2183 3623 2255 quiddam

362 2267 595 2323 exsistet
626 2286 691 2326 ac
721 2276 967 2342 putidum
1000 2297 1012 2331 :
1047 2281 1355 2351 cujusmodi
1385 2294 1513 2339 sunt
1534 2277 1726 2340 Latina
1755 2285 1867 2341 fere
1889 2288 2138 2342 Cornarii
2162 2327 2176 2350 ,
2204 2285 2362 2356 cujus
2391 2301 2493 2340 nos
2518 2285 2706 2353 utique
2729 2282 2938 2338 similes
2967 2294 3090 2335 esse
3118 2278 3378 2332 nolimus.
3412 2274 3507 2327 Sin
3530 2288 3622 2327 or-

361 2370 556 2416 natum
603 2374 767 2435 atque
815 2370 1021 2426 cultum
1076 2375 1360 2442 adhibeas,
1398 2378 1451 2432 id
1498 2381 1617 2434 sine
1650 2397 1846 2450 magna
1891 2382 2286 2438 sententiarum
2326 2384 2753 2437 commutatione
2795 2379 3044 2433 obtinere
3082 2376 3169 2431 vix
3215 2375 3413 2444 possis.
3441 2373 3623 2427 Altera

366 2465 537 2541 causa
568 2462 653 2507 est
688 2458 832 2526 quod
862 2459 1023 2515 iidem
1055 2463 1131 2517 illi
1165 2463 1450 2536 Epiphanii
1479 2469 1603 2524 libri
1630 2472 1842 2526 mendis
1871 2488 1935 2527 ac
1966 2473 2198 2528 maculis
2230 2482 2440 2528 scatent
2468 2472 2768 2527 innumeris
2801 2489 2813 2524 :
2841 2486 2961 2541 qua:
2990 2486 3097 2524 non
3134 2469 3294 2523 modo
3324 2466 3625 2537 infringunt

363 2538 681 2609 interpretis
714 2557 993 2617 conatum,
1030 2554 1125 2608 sed
1152 2556 1218 2609 ad
1260 2557 1626 2616 divinationes
1657 2577 1721 2617 ac
1754 2563 2075 2619 temerarias
2118 2563 2391 2618 interdum
2419 2562 2768 2633 conjecturas
2800 2562 3027 2632 adigunt
3056 2560 3223 2613 :dum
3258 2574 3326 2613 ne
3358 2572 3622 2627 suspensa

360 2646 430 2725 ac
467 2634 655 2688 mutila
690 2643 957 2697 sententia
989 2646 1349 2715 relinquatur,
1411 2653 1665 2722 supplere
1695 2655 1863 2708 multa
1896 2654 1963 2710 de
1989 2669 2110 2719 suo,
2147 2663 2242 2710 aut
2265 2655 2422 2710 aliter
2460 2665 2624 2725 atque
2658 2655 2801 2709 edita
2829 2663 2989 2719 sunt,
3018 2651 3364 2707 conformare
3384 2650 3617 2719 cogitur.

362 2724 422 2776 ln
457 2740 569 2795 quo
598 2737 655 2782 ut
684 2740 981 2794 acute.non
1008 2752 1180 2806 pauca
1211 2750 1264 2795 et
1293 2742 1522 2798 solerter
1546 2742 1805 2807 inveniat,
1846 2744 2060 2800 aberret
2092 2753 2272 2799 tamen
2304 2724 2604 2811 interdum,
2628 2759 2796 2814 seque
2831 2741 3306 2799 criminationibus
3342 2742 3573 2796 istorum
3597 2780 3615 2803 ,

360 2831 504 2884 quos
536 2818 683 2885 dixi,
718 2833 774 2877 et
802 2825 1095 2884 calumniis
1143 2833 1384 2901 objiciat.
1418 2834 1557 2890 Vicit
1581 2836 1940 2891 nihilominus
1967 2838 2208 2906 privatas
2239 2840 2477 2893 rationes
2499 2837 2638 2893 bene
2664 2837 2732 2892 de
2760 2844 2815 2891 te
2838 2876 2852 2901 ,
2885 2834 3152 2890 catholice
3193 2832 3417 2897 Lector,
3448 2832 3621 2901 deque

362 2908 621 2968 Ecclesia:
655 2928 827 2971 causa
880 2925 1123 2979 merendi
1154 2928 1416 2983 studium.
1473 2929 1616 2986 Vicit
1632 2946 1805 2994 novae,
1836 2931 2163 3001 jampridem
2193 2948 2223 2986 a
2259 2934 2510 2988 medata
2548 2932 2683 2987 ﬁdes
2717 2931 2997 2996 editionis,
3030 2944 3095 2985 ac
3119 2928 3377 2999 promissi
3408 2928 3617 2997 religio.

360 3004 501 3060 Nam
534 3016 589 3062 et
622 3018 711 3065 tua
742 3021 903 3083 atque
931 3014 1183 3073 Ecclesia:
1226 3022 1536 3076 communis
1576 3022 1873 3087 intererat,
1920 3038 2059 3093 opus
2101 3024 2232 3081 illud
2253 3064 2268 3089 ,
2294 3024 2439 3094 quod
2469 3025 2537 3079 ad
2570 3023 2855 3079 diluendas
2882 3022 3116 3075 haereses
3157 3035 3188 3074 a
3217 3018 3538 3091 gravissimo
3566 3028 3618 3073 et

361 3100 713 3155 sanctissimo
744 3102 905 3159 Patre
926 3105 1127 3164 Graecis
1172 3120 1257 3165 est
1281 3112 1488 3167 editum
1513 3152 1527 3177 ,
1565 3114 1866 3183 quemlibet
1897 3116 2079 3185 potius
2113 3117 2467 3186 interpretem
2497 3116 2699 3170 habere
2741 3128 2907 3184 quam
2939 3113 3254 3167 haereticum
3289 3129 3301 3163 :
3335 3120 3387 3164 et
3423 3112 3491 3165 ad
3522 3127 3608 3165 re-

360 3189 536 3245 centis
567 3192 821 3249 editionis
851 3197 1200 3265 splendorem
1236 3200 1520 3267 attinebat,
1551 3206 1893 3259 commodius
1920 3205 2200 3274 aliquanto
2226 3245 2240 3269 ,
2281 3204 2467 3259 minus
2495 3212 2640 3260 certe
2659 3202 2892 3257 barbare
2920 3209 2974 3256 et
2998 3200 3283 3270 iniquitate
3306 3200 3617 3270 loquentem

359 3282 748 3354 Epiphanium,
789 3287 1000 3347 Latinis
1028 3294 1255 3349 auribus
1282 3310 1390 3349 non
1422 3306 1678 3366 suspecto
1706 3299 1774 3352 ab
1814 3307 2038 3376 auctore
2062 3298 2353 3353 committi.

435 3376 616 3434 Habes
638 3395 755 3450 quae
785 3382 921 3436 mihi
959 3399 1139 3439 causa:
1166 3385 1440 3439 tarditatis
1469 3386 1673 3439 fuerint
1703 3404 1716 3439 :
1753 3401 2028 3457 cognosce
2062 3404 2209 3444 nunc
2238 3398 2458 3443 caetera.
2493 3386 2859 3457 Epiphanium
2891 3387 2988 3441 tibi
3029 3385 3227 3440 damus
3270 3384 3478 3453 integra
3509 3398 3611 3452 pr-

358 3485 513 3522 mum
540 3470 644 3525 tide
668 3487 732 3526 ex
761 3474 988 3529 vetustis
1019 3476 1320 3541 codicibus,
1360 3478 1539 3547 quoad
1568 3478 1742 3542 licuit,
1768 3480 2093 3550 castigatum
2130 3496 2195 3536 ac
2222 3480 2576 3535 recensitum.
2603 3477 2812 3533 Horum
2851 3479 3104 3548 princeps
3144 3475 3440 3531 Vaticanus
3470 3475 3574 3529 fuit
3601 3494 3611 3527 :

358 3562 522 3631 cujus
570 3562 815 3620 diversas
850 3567 1114 3625 lectiones
1147 3569 1335 3625 Romae
1364 3571 1495 3625 olim
1538 3587 1569 3625 a
1614 3586 1673 3625 se
1702 3571 1960 3629 collectas
1995 3572 2063 3629 R.
2102 3572 2163 3626 P.
2200 3573 2448 3627 Andreas
2478 3571 2772 3636 Schottus,
2809 3573 2925 3642 pari
2962 3571 3047 3625 vir
3076 3569 3416 3641 humanitate
3453 3574 3615 3636 atque

356 3655 670 3711 eruditione
704 3658 958 3726 praeditus
1009 3661 1075 3713 ad
1125 3676 1212 3715 me
1249 3672 1441 3732 sponte
1469 3664 1640 3719 misit.
1684 3666 1763 3719 Ex
1787 3680 1897 3734 quo
1936 3667 2205 3735 permulta
2236 3675 2365 3721 sunt
2401 3681 2431 3720 a
2457 3666 2617 3721 nobis
2639 3676 2943 3735 Opportune
2966 3663 3239 3720 restituta.
3279 3663 3524 3718 Accessit
3550 3677 3613 3716 ex

357 3746 692 3803 bibliotheca
721 3750 865 3819 regis
905 3749 1365 3808 Christianissimi
1395 3755 1750 3825 depromptus
1795 3758 1931 3811 alter
1953 3796 1969 3822 ,
1998 3771 2109 3826 quo
2142 3772 2266 3810 cum
2302 3756 2669 3812 Basileensem
2703 3756 2804 3825 ipsi
2830 3755 3184 3811 contulimus.
3216 3750 3292 3807 Ex
3330 3753 3613 3807 amborum

357 3838 702 3905 auctoritate,
748 3842 795 3896 si
852 3842 980 3911 quid
1015 3845 1073 3898 in
1131 3853 1389 3900 contextu
1433 3847 1552 3915 ipso
1580 3858 1851 3903 mutatum
1895 3850 2156 3920 reperies,
2181 3850 2321 3905 scito
2349 3866 2470 3905 esse
2495 3848 2819 3919 profectum.
2857 3846 3086 3917 Reliqua
3109 3886 3123 3911 ,
3153 3862 3274 3916 quze
3310 3862 3377 3899 ex
3409 3844 3612 3914 judicio

355 3932 653 3986 emendare
696 3932 853 3988 facile
876 3935 1173 4002 potuimus,
1204 3946 1324 3991 utut
1347 3949 1503 3993 erant
1530 3940 1586 3994 in
1614 3939 1931 4005 Basileensi,
1964 3942 2289 4012 reliquimus
2319 3961 2331 3995 :
2367 3951 2531 4011 atque
2568 3942 2635 3996 ad
2661 3955 2816 3995 oram
2845 3940 2957 3995 fere
2983 3941 3302 4009 paginarum
3337 3937 3607 4006 conjectu-

356 4037 476 4075 ram
517 4032 757 4077 nostram
789 4023 1168 4094 ascripsimus,
1206 4028 1455 4098 quaedam
1487 4030 1541 4085 in
1587 4032 2090 4089 animadversiones
2136 4034 2490 4103 conjecimus.
2528 4033 2661 4087 Nam
2687 4042 2742 4087 et
2776 4031 3342 4086 animadversionihus
3363 4028 3567 4083 nostris
3589 4071 3605 4092 ,

361 4117 469 4169 hoc
505 4126 589 4171 est
612 4116 952 4185 plenioribus
1009 4120 1158 4174 notis
1190 4136 1254 4176 ac
1284 4137 1453 4192 prope
1482 4126 1915 4189 commentariis,
1952 4124 2315 4195 Epiphanium
2348 4125 2700 4181 illustriorem
2734 4125 3092 4180 reddidimus.
3128 4122 3186 4176 ln
3209 4123 3410 4192 quibus
3433 4137 3611 4191 quau-

356 4220 478 4262 tnm
521 4225 551 4263 a
577 4227 662 4265 me
700 4213 771 4267 sit
798 4213 1163 4277 elaboratum,
1203 4226 1466 4284 quantum
1495 4233 1560 4271 ex
1602 4218 1921 4276 melioribus
1952 4221 2257 4275 derivatum
2282 4219 2501 4284 studiis,
2541 4234 2609 4273 ex
2644 4233 2702 4272 re
2729 4218 2847 4287 ipsa
2882 4216 3099 4271 facilius
3128 4230 3291 4285 quam
3329 4228 3448 4268 mea
3484 4227 3609 4266 ora-

358 4303 512 4355 tione
559 4304 877 4373 perspicies.
928 4306 1065 4359 illud
1109 4306 1329 4374 quidem
1384 4309 1776 4377 providendum
1805 4312 2082 4378 duximus,
2130 4323 2189 4365 ut
2233 4327 2301 4365 ne
2328 4312 2494 4365 aridae
2519 4326 2582 4366 ac
2611 4311 2814 4380 jejuna:
2833 4310 2999 4364 nimis
3023 4320 3228 4371 essent,
3258 4315 3313 4362 et
3334 4306 3611 4360 variarum

357 4390 653 4448 lectionum
683 4396 853 4452 exiles
881 4397 1130 4466 quedam
1158 4407 1300 4451 nota:
1325 4417 1337 4451 :
1368 4398 1463 4453 scd
1498 4400 1543 4453 si
1563 4401 1707 4470 quod
1750 4401 1972 4456 uberius
1999 4403 2142 4471 apud
2167 4401 2531 4471 Epiphaniam
2556 4408 2700 4455 esset
2740 4407 3160 4470 argumentum;
3189 4398 3235 4451 si
3268 4411 3376 4465 qua
3409 4394 3610 4464 paulu-

357 4481 473 4556 lum
505 4483 737 4554 insignis
766 4488 1023 4555 quaestio,
1057 4487 1217 4556 cujus
1245 4487 1533 4543 dillicultas
1562 4505 1687 4544 cum
1723 4490 1954 4545 utilitate
1982 4499 2243 4555 certaret,
2283 4505 2347 4544 ea
2383 4505 2485 4544 nos
2526 4504 2623 4558 pro
2654 4503 2755 4543 usu
2787 4498 3055 4558 captuque
3078 4497 3265 4540 nostro
3293 4485 3518 4553 liberius
3545 4498 3607 4537 ac

355 4576 613 4634 diﬂ‘usius
645 4583 1015 4636 tractavimus.
1037 4580 1158 4648 Quo
1193 4584 1245 4636 in
1278 4599 1474 4652 genere
1506 4587 1677 4639 multa
1704 4584 1814 4639 illic
1838 4587 2004 4641 habes
2033 4586 2100 4641 de
2121 4584 2329 4641 Natalis
2353 4586 2556 4642 Christi
2586 4593 2640 4640 et
2678 4584 2953 4639 Passionis
2986 4598 3129 4636 anno
3157 4596 3221 4636 ac
3255 4582 3340 4635 die
3373 4582 3476 4634 :de
3502 4577 3607 4631 Pa-

358 4671 532 4726 schali
559 4688 764 4737 mense,
789 4675 855 4728 de
874 4672 1186 4729 Iudaeorum
1211 4677 1385 4746 cyclo,
1420 4676 1485 4730 de
1506 4678 1735 4746 antiquo
1764 4679 2094 4748 poenitentia:
2135 4679 2264 4744 ritu,
2288 4678 2357 4732 de
2377 4676 2665 4731 Sirmiensi
2688 4686 2743 4730 et
2768 4676 3059 4746 Ancyrano
3087 4672 3357 4735 conciliis,
3380 4671 3447 4725 de
3469 4687 3605 4724 non-

359 4766 526 4821 nullis
566 4768 763 4821 veteris
798 4767 1053 4822 Ecclesize
1083 4769 1347 4833 moribus,
1379 4768 1445 4822 de
1484 4768 1852 4825 Romanorum
1880 4772 2127 4840 imperat.
2152 4769 2505 4838 chronologia
2524 4810 2538 4833 ,
2564 4776 2618 4823 et
2649 4769 2699 4822 id
2730 4783 2900 4837 genus
2924 4766 3045 4820 aliis
3073 4764 3356 4836 explicata.
3385 4762 3517 4829 Quae
3558 4768 3604 4820 si

358 4858 609 4925 longiora
639 4858 985 4923 videbuntur,
1032 4859 1161 4913 licet
1183 4859 1642 4929 disputationibus
1663 4863 1792 4917 iisce
1823 4863 2128 4931 praeteritis,
2158 4877 2391 4931 quarum
2421 4862 2624 4916 ideirco
2655 4861 2866 4915 titulum
2896 4860 3211 4929 paginarum
3241 4858 3411 4913 initiis
3433 4859 3601 4912 ascri-

359 4950 592 5017 psimus,
640 4967 704 5005 ea
746 4954 1000 5024 deligere,
1036 4968 1158 5023 quae
1216 4954 1281 5008 ad
1336 4953 1698 5024 Epiphanium
1754 4955 1875 5010 sine
1922 4953 2220 5011 oﬂ‘ensione
2263 4955 2684 5025 percurrendum
2721 4954 3029 5009 necessario
3062 4952 3421 5023 praecipienda
3452 4962 3598 5013 sunt.

357 5042 683 5112 Quanquam
712 5046 979 5115 ejusmodi
1006 5046 1122 5103 fere
1145 5043 1236 5102 illa
1270 5064 1395 5104 esse
1423 5063 1740 5119 cognosces,
1775 5059 1836 5104 ut
1860 5065 2258 5119 supervacanea
2286 5059 2380 5104 aut
2416 5050 2594 5104 alieno
2628 5049 2807 5117 posita
2840 5048 2959 5101 loco
2998 5045 3170 5100 videri
3205 5053 3495 5113 nequeant.
3523 5044 3599 5099 Ita

359 5137 685 5207 plerumque
707 5139 1021 5208 perplexum
1050 5148 1215 5209 atque
1241 5155 1442 5211 anceps
1462 5149 1565 5206 est,
1592 5142 1736 5211 quod
1757 5142 1827 5195 ab
1872 5141 2177 5212 Epiphanio
2204 5143 2546 5213 proponitur,
2575 5148 2980 5211 argumentum,
3015 5145 3072 5191 ut
3099 5135 3167 5190 ad
3193 5135 3598 5205 intelligentiam

358 5230 443 5283 sui
473 5230 756 5300 aliquanto
787 5233 951 5288 etiam
985 5232 1141 5302 plura
1174 5248 1339 5303 quam
1370 5250 1397 5288 a
1434 5234 1591 5289 nobis
1613 5243 1743 5290 sunt
1769 5237 1930 5291 allata
1967 5238 2258 5293 desideret.

430 5321 567 5387 lllud
599 5338 725 5377 vero
754 5333 1032 5393 postremo
1065 5327 1132 5379 ad
1156 5323 1442 5394 Epiphanii
1472 5326 1847 5381 tractationem
1875 5328 2226 5383 commodum
2257 5324 2520 5388 accessit,
2547 5332 2627 5388 ut,
2658 5322 2918 5393 quoniam
2960 5320 3234 5391 longiores
3260 5319 3596 5388 singularum

358 5416 631 5469 haeresum
664 5414 1062 5484 disputationes
1090 5426 1238 5481 sunt,
1256 5432 1321 5471 ac
1352 5426 1610 5486 perpetuo
1642 5433 1807 5473 cursu
1843 5418 2127 5482 orationis,
2190 5418 2308 5473 sine
2358 5417 2465 5470 ulla
2515 5414 2951 5483 interspiratione
2979 5428 3043 5467 ac
3084 5411 3433 5467 distinctione
3465 5426 3595 5465 con-

359 5516 545 5573 texta‘,
570 5516 750 5561 certas
782 5506 835 5561 in
858 5516 1061 5577 partes,
1086 5524 1149 5563 ac
1174 5509 1338 5563 veluti
1372 5509 1548 5577 capita
1583 5509 1831 5564 haeresim
1860 5525 2301 5580 unamquamque
2331 5510 2690 5564 tribueremus
2723 5526 2736 5561 :
2769 5507 2967 5576 quibus
2996 5506 3302 5562 numerales
3341 5506 3408 5561 ad
3441 5521 3593 5561 oram

358 5608 523 5652 notas
571 5599 942 5667 apposuimus.
996 5600 1128 5666 Quae
1166 5617 1254 5656 res
1288 5615 1395 5654 non
1442 5601 1733 5670 legentium
1764 5602 1938 5655 solum
1971 5602 2249 5658 fastidium
2280 5602 2601 5667 sublevabit,
2631 5601 2725 5656 sed
2753 5600 2821 5655 ad
2853 5600 3067 5654 citanda
3094 5600 3403 5655 testimonia
3433 5614 3589 5654 cumc

360 5690 556 5760 primis
586 5691 692 5744 erit
738 5690 1006 5759 expedita.
1041 5688 1175 5744 Nam
1211 5692 1423 5761 quoties
1450 5706 1519 5745 ex
1555 5690 1736 5760 aliqua
1765 5690 2048 5762 Epiphanii
2076 5692 2283 5748 llaresi
2317 5696 2613 5747 auctoritas
2634 5690 2985 5761 producitur,
3013 5692 3067 5747 si-
3095 5692 3237 5747 illam
3257 5733 3270 5758 ,
3302 5693 3380 5745 uti
3402 5691 3480 5756 lit,
3504 5704 3592 5744 re-

360 5799 700 5848 cognoscere
724 5785 984 5848 volueris,
1017 5794 1127 5842 tota
1157 5786 1274 5853 tibi,
1307 5800 1429 5855 quae
1456 5800 1844 5855 nonnunquam
1877 5796 1960 5844 est
1991 5788 2277 5853 immensa,
2310 5784 2669 5857 pervolvenda
2704 5785 2999 5856 disputatio
3031 5793 3131 5840 est.
3162 5783 3317 5840 Nunc
3343 5792 3593 5840 notarum
