4078 6368
533 401 599 455 i9
1803 402 2227 459 TESTIMONIA
2272 402 2624 458 VETERUM.
3731 402 3799 455 20

534 520 746 572 illarum
774 516 1121 586 capitumque
1144 516 1467 586 compendio
1497 516 1641 581 licet,
1668 532 1775 570 non
1806 525 2011 570 tantum
2041 532 2147 584 qua
2179 532 2243 570 ex
2270 517 2463 570 haeresi
2493 517 2674 570 locum
2705 516 2858 571 illum
2882 516 3194 583 adduxeris,
3219 516 3314 570 sed
3340 515 3503 569 etiam
3534 523 3715 583 quoto
3734 530 3800 566 ex

534 610 755 664 haeresis
779 624 1028 671 numero,
1061 607 1141 661 vel
1176 607 1446 661 ascribere
1476 607 1653 676 ipsum
1691 608 1773 660 vel
1799 608 2096 675 ascriptum
2147 607 2215 661 ab
2246 607 2369 662 aliis
2415 608 2566 662 nullo
2617 609 2832 677 negotio
2868 608 3127 678 reperire.
3171 607 3328 674 Quod
3358 608 3402 662 si
3438 607 3571 660 mihi
3609 606 3666 658 id
3699 621 3799 659 oc-

533 702 796 756 currisset
832 700 1005 767 initio,
1035 701 1101 755 de
1128 715 1257 770 quo,
1290 699 1481 755 allecto
1506 700 1617 770 jam
1649 716 1831 770 opere,
1861 701 2080 754 venitin
2116 707 2374 765 mentem,
2398 702 2559 756 etiam
2593 701 2918 757 Basileensis
2945 702 3199 757 editionis
3231 702 3457 771 paginas
3484 699 3551 753 ad
3585 699 3801 767 margi-

532 810 657 849 nem
682 802 881 850 nostrze
911 794 1073 865 hujus
1099 794 1451 857 addidissem,
1476 803 1694 864 propter
1723 809 1818 849 eos
1861 794 2112 849 videlicet
2154 805 2407 851 auctorcs
2431 839 2444 862 ,
2483 798 2575 866 qui
2615 812 2739 850 cum
2777 794 3064 864 Epiphanii
3110 797 3289 848 locum
3331 794 3573 862 aliquem
3608 790 3799 859 profe—

531 899 681 954 runt,
710 890 1030 959 paginarum
1062 888 1249 942 eadem
1279 904 1345 942 ex
1374 887 1612 942 editione
1635 902 1923 942 numerum
1944 888 2151 944 utiliter
2170 888 2454 943 adnotant.
2478 888 2659 955 Quare
2687 888 2832 943 istud
2860 889 2913 942 in
2944 888 3047 941 alia
3067 927 3081 952 ,
3112 887 3157 943 si
3184 902 3270 942 res
3293 886 3513 951 tulerit,
3546 884 3802 941 editione

534 981 840 1055 faciendum
864 980 1150 1035 suaserim.

606 1073 687 1127 Tu
721 1073 902 1138 velim,
932 1072 1197 1127 catholice
1230 1088 1296 1128 ac
1328 1071 1560 1128 candide
1586 1070 1784 1127 Lector
1826 1072 2025 1143 (neque
2041 1073 2187 1127 enim
2207 1073 2457 1143 pluribus
2485 1082 2534 1127 te
2550 1071 2813 1144 detineo),
2834 1073 2899 1126 ad
2922 1072 3063 1129 hanc
3084 1071 3515 1127 lucubrationem
3538 1079 3798 1125 nostram

532 1170 613 1225 sic
646 1167 895 1233 accedas,
924 1175 984 1221 ut
1012 1166 1299 1237 intelligas,
1330 1183 1506 1237 neque
1544 1168 1679 1221 nihil
1718 1183 1750 1222 a
1784 1169 1944 1224 nobis
1973 1185 2095 1225 esse
2122 1178 2405 1239 peccatum
2439 1186 2454 1221 :
2482 1178 2535 1222 et
2564 1167 2609 1222 si
2636 1183 2759 1237 qua:
2794 1168 2847 1220 in
2874 1167 2963 1221 illa
3003 1168 3298 1222 commissa
3333 1165 3793 1237 deprehenderis,

531 1278 597 1317 ea
626 1260 872 1331 pluribus
900 1273 1023 1313 cum
1059 1258 1219 1313 bonis
1248 1277 1262 1312 :
1300 1258 1527 1314 simodo
1554 1259 1712 1329 plura
1742 1260 1876 1315 mihi
1902 1262 2046 1315 bona
2072 1270 2202 1315 sunt
2234 1279 2247 1315 :
2282 1269 2377 1315 aut
2400 1261 2704 1329 aequalibus
2724 1298 2740 1319 .
2776 1258 3196 1328 paucioribusve
3224 1273 3548 1328 compenses
3576 1275 3591 1309 :
3624 1265 3799 1327 atque

532 1354 620 1408 his
670 1352 870 1416 fruare,
920 1350 1027 1406 illis
1065 1352 1279 1409 veniam
1324 1351 1535 1407 tribuas
1584 1368 1599 1405 :
1643 1369 1743 1423 pro
1797 1354 2056 1423 equitate
2107 1361 2201 1407 tua
2261 1353 2498 1421 denique
2544 1352 2753 1421 majora
2794 1361 2849 1405 et
2895 1351 3111 1405 utiliora
3144 1350 3401 1418 deinceps
3440 1366 3472 1404 a
3500 1349 3666 1404 nobis
3698 1364 3799 1405 ex-

532 1456 761 1517 spectes.

786 1777 933 1864 DE
1008 1772 1679 1867 EPIPHANIO
1756 1777 2336 1870 VETEBUM
2413 1774 2867 1868 ELOGIA
2944 1772 3522 1879 QUIEDAM.

1434 2118 1787 2191 Hieronymus
1811 2121 1947 2174 libro
1980 2120 2055 2177 De
2076 2122 2435 2194 scriptoribus
2462 2121 2868 2176 ecclesiasticis.

605 2230 965 2301 Epiphanius,
984 2228 1463 2302 Cypri..Salaminae
1495 2232 1805 2302 episcopus,
1836 2232 2058 2303 scripsit
2086 2234 2377 2291 adversum
2401 2249 2592 2290 omnes
2632 2235 2868 2290 haereses
2899 2234 3101 2295 libros,
3126 2242 3180 2289 et
3210 2234 3382 2289 multa
3408 2234 3535 2301 alia,
3564 2250 3696 2305 quae
3729 2236 3801 2290 ab

544 2324 770 2380 eruditis
796 2331 1016 2393 propter
1048 2336 1156 2385 res,
1192 2336 1223 2376 a
1252 2322 1678 2391 simplicioribus
1703 2333 1924 2393 propter
1948 2326 2113 2381 verba
2148 2325 2480 2382 lectitantur.
2514 2326 2774 2395 Superest
2824 2341 2998 2395 usque
3025 2325 3221 2390 hodie,
3251 2337 3305 2382 et
3348 2326 3402 2381 in
3426 2336 3676 2381 extrema
3712 2342 3799 2382 se-

536 2426 753 2475 nectute
781 2421 931 2479 varia
963 2425 1113 2486 cudit
1144 2439 1331 2497 opera.

1533 2518 1685 2577 Idem
1716 2520 1964 2591 apologia
2001 2521 2232 2575 secunda
2268 2520 2470 2575 Contra
2504 2518 2785 2575 Ruﬁnum.

604 2604 732 2664 Non
756 2608 854 2665 tibi
880 2610 1306 2681 sullicitcpassim
1354 2622 1550 2669 contra
1582 2629 1773 2668 omnes
1812 2614 2110 2680 detractio,
2139 2614 2246 2669 nisi
2290 2613 2597 2682 specialiter
2628 2624 2818 2670 contra
2866 2614 3082 2669 beatum
3119 2619 3173 2666 et
3234 2610 3502 2682 insignem
3529 2608 3797 2664 Ecclesia:

535 2697 873 2757 sacerdotem
897 2700 1021 2770 styli
1061 2701 1140 2758 tui
1166 2702 1410 2761 lanceam
1441 2704 1684 2774 dirigas?
1710 2703 1845 2770 Quis
1869 2704 1981 2770 ille,
2006 2705 2101 2775 qui
2124 2706 2274 2760 velut
2302 2704 2685 2760 necessitatem
2712 2703 3117 2774 evangelizandi
3141 2717 3235 2773 per
3266 2717 3459 2759 omnes
3484 2711 3679 2773 gentes
3699 2745 3713 2767 ,
3740 2712 3795 2757 et

535 2805 631 2861 per
660 2805 852 2847 omnes
889 2793 1103 2865 linguas
1136 2795 1335 2855 habere
1384 2812 1444 2854 se
1482 2807 1638 2869 putat
1663 2799 1731 2854 de
1769 2797 2001 2871 Origene
2038 2801 2180 2855 male
2212 2799 2506 2870 loquendi:
2542 2799 2637 2870 qui
2672 2814 2765 2855 sex
2792 2799 2961 2853 millia
3001 2799 3266 2853 librorum
3303 2797 3421 2867 ejus
3468 2812 3527 2852 se
3553 2797 3792 2867 legisse,

535 2882 938 2953 quamplurima
969 2884 1199 2945 fratrum
1228 2888 1575 2946 multitudine
1611 2889 1881 2954 audiente,
1916 2893 2201 2946 confessus
2226 2889 2347 2945 est?

610 2975 759 3031 Mox.
785 2974 1017 3032 Crimini
1047 2980 1094 3033 ei
1126 2979 1367 3037 dandum
1400 2992 1503 3049 est,
1546 2999 1719 3055 quare
1748 2982 2018 3051 Graecam,
2045 2982 2264 3053 Syram,
2297 2991 2352 3037 et
2404 2979 2683 3035 Hebraeam
2707 3022 2725 3046 ,
2748 2990 2803 3034 et
2824 2978 3205 3050 Egyptiacam
3227 2977 3495 3050 linguam,
3532 2994 3598 3033 ex
3635 2988 3796 3047 parte

537 3076 594 3121 et
623 3065 871 3122 Latinam
902 3071 1136 3135 noverit,
1164 3081 1250 3127 etc

608 3157 846 3217 Meminit
873 3169 923 3217 et
951 3164 1149 3230 passim
1170 3207 1185 3229 ,
1221 3174 1279 3218 ut
1308 3166 1360 3218 in
1391 3162 1639 3235 Epistola
1679 3165 1740 3221 6l
1779 3174 1963 3227 contra
1993 3164 2254 3223 Joannem
2271 3164 2560 3230 Hierosol.,
2593 3165 2644 3218 in
2674 3162 2963 3235 Epitapliio
2985 3163 3184 3231 Paulae,
3216 3165 3273 3218 in
3307 3163 3429 3219 Vita
3458 3162 3780 3231 Hilarionis.

535 3261 585 3305 et
613 3251 736 3305 aliis
760 3254 817 3305 in
849 3253 1003 3309 locis.

1402 3355 1734 3424 Augustinus
1768 3356 1900 3409 libro
1925 3357 2001 3410 De
2030 3355 2344 3419 haeresibus,
2380 3355 2447 3408 ad
2475 3353 2924 3419 Quodvultdcnm.

610 3458 794 3531 Usque
820 3463 888 3517 ad
916 3466 1047 3518 istos
1074 3479 1202 3534 ergo
1234 3465 1310 3519 De
1338 3467 1621 3521 hwresibus
1657 3484 1795 3539 opus
1812 3484 1973 3523 suum
2000 3468 2250 3537 perduxit
2277 3466 2622 3536 supradictus
2653 3465 3013 3536 Epiphanius,
3043 3468 3330 3538 episcopus
3358 3469 3613 3540 Cyprius,
3644 3471 3793 3540 apud

539 3549 758 3607 Graecos
788 3553 928 3608 inter
958 3570 1186 3625 magnos
1217 3558 1454 3627 habitus,
1486 3574 1539 3617 et
1573 3579 1602 3616 a
1630 3565 1817 3619 multis
1843 3564 1895 3618 in
1927 3562 2208 3617 catholicae
2233 3562 2353 3617 lidei
2378 3564 2611 3617 sanitate
2638 3562 2909 3616 laudatus.

610 3644 820 3699 Cretera
841 3647 1043 3713 quae-de
1072 3648 1360 3720 Epiphanii
1386 3670 1535 3723 opere
1563 3656 1741 3710 eodem
1767 3659 1820 3710 in
1859 3656 1995 3709 libro
2024 3664 2393 3709 commemorat
2421 3656 2768 3725 Augustinus,
2802 3655 2855 3705 in
2889 3653 3129 3723 Epistula
3153 3670 3314 3724 supra
3335 3673 3367 3709 a
3399 3660 3547 3712 nobis
3588 3660 3767 3714 allata

538 3748 587 3791 οι
610 3753 833 3791 επονιιεδα
870 3749 1011 3793 sunt.

1779 3817 2100 3874 Sosomenus
2134 3820 2222 3873 lio.
2260 3835 2356 3883 vn,
2380 3835 2425 3871 c.
2453 3816 2543 3871 26.

608 3899 713 3955 Per
743 3900 883 3956 idem
919 3912 1134 3974 tempus
1163 3905 1499 3978 Epiphanius
1528 3912 1955 3979 metropolitanae
1999 3911 2108 3982 Cy-

2287 3911 2424 3983 Hepl.
2450 3911 2507 3964 δὲ
2543 3909 2735 3962 τοῦτον
2761 3910 2853 3963 τὸν
2879 3909 3067 3980 χρόνον
3083 3910 3179 3962 καὶ
3219 3910 3533 3978 Ἐπιφάνιος
3559 3910 3661 3980 τῆς
3682 3911 3792 3965 Κυ-

538 3986 780 4055 priorum
830 3986 1087 4045 Ecclesiae
1138 4004 1385 4062 praeerat.
1416 3993 1588 4059 Quem
1645 4011 1752 4049 non
1798 3998 1961 4051 modo
1992 3998 2117 4054 vita:

2217 4002 2392 4074 πρίων
2422 4002 2718 4055 ἐπεσκόπει
2745 4001 3132 4071 μητροπόλεως
3151 4019 3165 4033 ο
3197 4002 3257 4055 ὃν
3283 4003 3343 4055 οὐ
3381 4004 3542 4072 μόνον
3561 4004 3631 4058 τὰ
3660 4006 3791 4077 περὶ

539 4077 869 4144 institutum,
895 4094 959 4139 ac
986 4083 1260 4150 praeclara)
1288 4085 1515 4140 virtutes
1543 4086 1815 4158 insignem.
1868 4089 2116 4144 reddide-

2212 4096 2311 4165 τὴν
2344 4093 2619 4147 πολιτείαν
2642 4093 2911 4163 ἐπίσημον
2943 4094 3035 4147 ἐπὶ
3056 4095 3277 4166 ἀρεταῖς
3306 4096 3608 4160 ἀπέδειξεν,
3651 4098 3791 4151 ἀλλὰ

537 4177 697 4266 runt;
732 4170 827 4225 sed
856 4182 909 4225 et
935 4171 1203 4235 miracula
1232 4174 1370 4244 ipsa,
1394 4192 1517 4245 qua:
1550 4179 1749 4246 partim
1782 4180 1906 4234 vivo
1936 4181 2116 4236 adhuc

2216 4188 2310 4240 καὶ
2340 4188 2441 4240 ὅσα
2471 4186 2750 4258 παράδοξα
2775 4186 2976 4251 ζῶντος
2999 4187 3184 4249 αὐτοῦ,
3217 4188 3311 4241 καὶ
3346 4187 3483 4259 μετά
3510 4189 3788 4261 τελευτὴν,

538 4259 683 4325 ipso,
714 4259 909 4327 partim
944 4273 1067 4328 post
1091 4262 1210 4332 ejus
1238 4265 1445 4320 obitum
1476 4264 1621 4322 Deus
1662 4268 1718 4321 in
1745 4268 1916 4338 ipsius
1942 4270 2115 4324 hono-

2213 4278 2386 4348 τιμῶν
2435 4279 2525 4331 τὸν
2572 4278 2742 4350 ἄνδρα
2789 4280 2817 4330 ὁ
2872 4278 3003 4340 Θεὸς
3034 4278 3371 4332 ἐπετέλεσεν.
3440 4259 3789 4333 ’Δποθανόντι

539 4365 655 4404 rem
685 4352 872 4406 edidit.
905 4352 1119 4409 Mortuo
1148 4356 1291 4411 enim
1321 4357 1436 4421 illo,
1490 4358 1637 4429 quod
1692 4360 1873 4415 adhuc
1920 4375 2111 4430 super-

2218 4370 2347 4440 γὰρ,
2377 4369 2406 4420 ὂ
2434 4372 2511 4440 μὴ
2548 4368 2788 4439 περιόντι
2812 4368 3039 4439 ὑπῆρξε,
3079 4368 3233 4438 λόγος
3275 4372 3367 4424 ἐπὶ
3390 4370 3468 4441 τῷ
3496 4371 3654 4441 τάφῳ
3688 4372 3791 4424 αὺ-

539 4440 665 4495 stite
699 4457 808 4501 non
836 4448 1157 4516 contigerat,
1193 4446 1336 4509 fama
1389 4458 1470 4506 est
1528 4450 1797 4520 hodieque
1839 4452 2113 4508 daemones

2218 4464 2311 4518 τοῦ
2360 4465 2523 4518 εἰσέτι
2574 4464 2670 4518 νῦν
2720 4463 2979 4534 δαίμονας
3025 4440 3449 4525 ἀπελαύνεσθαιέ
3491 4462 3586 4514 καὶ
3620 4440 3790 4523 ἰάσεις

540 4533 607 4587 ad
636 4534 755 4603 ejus
790 4538 1101 4605 sepulcrum
1131 4538 1330 4609 fugari,
1378 4555 1443 4595 ac
1484 4542 1773 4596 nonnullas
1802 4543 2111 4598 curationes

2216 4556 2367 4620 τινὰς
2387 4556 2653 4625 γίνεσθαι.
2686 4557 2774 4609 Ἐν
2872 4555 2966 4608 καὶ
2998 4552 3105 4616 ζῶν
3137 4551 3420 4622 ἐτύγχανε,
3451 4550 3621 4605 πολλὰ
3656 4550 3788 4604 θαυ-

540 4624 679 4679 lieri.
714 4624 819 4682 Sed
840 4638 895 4683 et
934 4631 1135 4684 viventi
1163 4633 1462 4688 etiamnum
1515 4634 1683 4688 multa
1726 4635 1969 4705 prodigia
2017 4636 2113 4689 tri-

1309 4648 1462 4688 mum
1515 4634 1683 4688 multa
1726 4635 1969 4705 prodigia
2017 4636 2113 4689 ῑΐῖ-
2222 4624 2568 4719 μάσιαίαύτῷ
2590 4647 2919 4703 ἀνατιθέασι.

538 4716 804 4774 buuntur.
844 4718 973 4775 Vide
1001 4721 1192 4779 ibidem
1218 4724 1441 4793 reliqua.

612 4928 932 4985 Mentionem
960 4933 1193 5002 ejusdem
1222 4935 1350 5003 facit
1384 4944 1432 4988 et
1456 4934 1726 5001 Socrates,
1757 4936 1850 4990 lib.
1887 4952 1959 4999 vi,
1985 4953 2101 5003 cap.
2130 4936 2219 5003 10,
2245 4937 2331 5002 Η,
2363 4937 2419 4989 in
2447 4936 2672 4988 historia
2698 4933 3077 5004 Chrysostomi.
3121 4933 3443 4988 Sozomenus
3472 4946 3675 5001 quoque
3692 4929 3785 4983 lib.

538 5038 658 5086 vm,
691 5037 807 5090 cap.
838 5022 928 5085 Μ,
962 5032 1011 5077 et
1033 5039 1096 5076 ea:
1122 5023 1231 5077 illis
1256 5023 1586 5094 Nicephorus
1622 5026 1714 5080 lib.
1742 5043 1864 5092 χιιι,
1893 5043 2010 5096 cap.
2066 5025 2156 5079 12.
2186 5027 2292 5080 Sed
2330 5026 2545 5079 canendi
2577 5026 2740 5102 iidem.
2784 5024 2866 5077 illi
2894 5025 3171 5094 scriptores
3199 5064 3213 5089 ,
3258 5024 3385 5076 dum
3429 5020 3787 5091 Epiphaniam

541 5114 774 5183 referunt
812 5115 1473 5187 Anthropomorphitarum
1519 5119 1671 5173 initio
1725 5121 1958 5191 dogmati
2003 5120 2341 5175 inhaerentem
2364 5160 2378 5185 ,
2422 5130 2473 5174 et
2510 5138 2543 5172 a
2570 5118 2849 5188 Theophila
2880 5135 3109 5172 errorem
3142 5116 3443 5181 dedoctum,
3469 5116 3639 5170 eidem
3666 5131 3788 5184 pro-

540 5218 719 5277 pterea
751 5208 969 5277 favisse,
1000 5221 1155 5281 atque
1184 5210 1462 5281 Origenem
1513 5213 1816 5271 damnasse.
1874 5214 2095 5269 Fallunt
2132 5217 2309 5279 enim,
2362 5224 2455 5268 aut
2501 5214 2768 5283 falluntur
2809 5214 3047 5268 historici
3096 5214 3180 5267 illi
3226 5212 3442 5283 Origeni
3481 5213 3601 5281 plus
3638 5228 3786 5281 ecquo

541 5299 731 5363 dediti,
770 5309 821 5354 et
848 5318 964 5355 eam
989 5303 1102 5357 viro
1135 5304 1468 5359 sanctissimo
1518 5322 1580 5359 ac
1608 5307 1915 5360 doctissimo
1961 5307 2287 5361 calumniam
2327 5317 2631 5377 aspergunt,
2656 5324 2816 5377 quam
2841 5304 3131 5361 Catholicis
3174 5307 3436 5373 imponere
3470 5306 3623 5375 vulgo
3659 5303 3783 5359 Ori-

544 5394 761 5463 genistte
786 5407 1197 5463 consueverant;
1230 5400 1308 5452 uti
1334 5399 1586 5454 nimirum
1627 5401 1797 5455 Deum
1817 5403 1880 5455 ab
1913 5402 2023 5456 illis
2061 5418 2401 5471 corporeum,
2436 5419 2499 5456 ac
2547 5404 2795 5456 membris
2830 5404 2939 5455 suis
2993 5406 3221 5455 humano
3284 5418 3424 5455 more
3462 5411 3787 5455 constantem

546 5485 711 5554 fingi,
738 5486 1061 5554 impudenter
1102 5502 1411 5546 assererent.
1465 5491 1610 5546 Nam
1654 5493 1719 5546 ab
1753 5495 1892 5547 omni
1937 5495 2035 5547 hac
2092 5496 2292 5549 invidia
2322 5494 2677 5563 Epiphanium
2713 5495 2948 5549 sublevat
2998 5496 3347 5563 Hieronymus
3372 5495 3596 5564 epistola
3622 5492 3683 5546 6|
3719 5492 3785 5545 ad

546 5577 952 5635 Pammachium
1000 5593 1182 5637 contra
1231 5584 1494 5639 Joannem
1535 5585 1801 5642 Hierosol.
1863 5588 1984 5641 Vide
2016 5587 2254 5643 Annales
2301 5588 2500 5642 Baron.
2537 5606 2675 5641 anno
2711 5591 3005 5656 prmsertim
3052 5589 3156 5643 592
3197 5599 3246 5643 et
3279 5590 3401 5646 393.
3430 5587 3533 5643 Sed
3556 5598 3605 5641 et
3653 5588 3792 5649 alios

544 5671 807 5743 deinceps,
833 5676 887 5728 in
914 5678 1099 5746 quibus
1131 5680 1415 5751 Epiphanii
1440 5691 1585 5751 gesta
1612 5683 1963 5751 prosequitur.

1250 5778 1619 5848 {Meminerant
1646 5779 1755 5849 ejus
1782 5790 2032 5847 prwterca
2070 5787 2117 5832 et
2148 5777 2382 5833 Nicwnw
2412 5778 2596 5851 synodi
2633 5777 2875 5833 secundae
2903 5773 3087 5851 Λεία]
