4078 6368
306 390 373 445 Ξί
1540 386 1969 444 ΤΕΒἸΊΜΟΝΙᾹ
2000 382 2353 439 VETERUM.
3480 381 3559 435 ‘22

1412 497 1497 551 Ea:
1533 498 1865 554 Bibliotheca
1892 497 2092 562 Photii,
2124 495 2244 551 cod.
2291 509 2471 548 cxxtv.
3208 486 3215 494 ’

382 607 726 681 Ἀνεγνώσθη
752 610 1075 680 Ἑπιφανίου
1103 609 1199 663 τοῦ
1246 609 1547 677 ἀγιωτάτου
1589 610 1889 664 ἐπισκόπου

1996 618 2001 621 ‘
2064 606 2225 662 Lecta
2255 616 2382 661 sunt
2412 602 2741 659 sanctissimi
2771 602 3053 673 Epiphanii
3111 600 3347 658 Panaria
3376 604 3557 658 tribus

307 699 383 751 τά
423 696 691 765 Πανὰρια
718 700 775 750 ὲν
807 698 1021 768 τεύχεσι
1051 698 1149 768 μὲν
1191 700 1358 769 τρισὶ,
1406 699 1592 769 τόμοις
1638 700 1694 752 δὲ
1728 700 1886 762 ἑπτὰ,

311 788 459 843 κατὰ
484 789 752 859 αἱρέσεων
780 790 836 842 δὲ
863 790 1209 861 ὀγδοήκοντα.
1246 791 1503 861 Ἀρχεται
1533 792 1627 860 μὲν
1657 792 1763 844 ἀπὸ
1794 789 1887 844 τοῦ

312 880 734 951 Βαρδαρισμοῦ,
776 882 987 934 κάτεισι
1018 882 1075 933 δὲ
1125 882 1283 952 μέχρι
1326 882 1435 934 τῶν
1479 882 1886 937 Μεσσαλιανῶν.

317 969 543 1023 Πάντων
570 969 626 1021 δὲ
652 969 760 1021 τῶν
781 969 887 1041 πρὸ
914 969 1077 1024 αὑτοῦ
1101 971 1244 1024 κατά
1268 971 1529 1042 αἱρέσεων
1558 972 1892 1043 καταϐεϐλη-

315 1061 494 1114 κότων
527 1061 723 1125 πόνους
758 1062 1089 1132 πλατύτερός
1119 1079 1181 1114 τε
1213 1064 1305 1115 καὶ
1327 1062 1766 1134 χρησιμώτερος’
1808 1064 1890 1116 ὅτι

318 1153 469 1223 ἅπερ
492 1169 553 1205 τε
580 1153 808 1216 ἐκείνοις
837 1153 1045 1223 ἐρρήθη
1092 1153 1153 1205 τὸ
1178 1155 1444 1224 χρήσιμον
1474 1154 1685 1222 ἔχοντα,
1739 1148 1891 1216 οὗτος

316 1241 382 1293 ού
436 1242 821 1312 παραλέλοιπε,
866 1243 961 1295 καὶ
994 1242 1049 1294 εἴ
1100 1259 1154 1295 τι
1213 1242 1593 1314 προσεξευρεῖν
1628 1242 1888 1314 ἠδυνήθη,

316 1330 648 1401 προσέθηκε.
675 1331 783 1403 Τὴν
808 1331 864 1385 δὲ
894 1333 1091 1402 φράσιν
1120 1333 1375 1395 ταπεινός
1405 1350 1463 1385 τε
1510 1333 1603 1386 καὶ
1639 1328 1725 1386 οἶα
1746 1334 1891 1395 εἰκὸς

319 1420 573 1492 Ἀττικῆς
599 1422 848 1485 παιδείας
876 1423 1224 1494 ἀμελέτητος.
1277 1424 1535 1492 Ἀσθενὴς
1579 1424 1635 1476 δὲ
1685 1425 1750 1476 ἐκ
1796 1430 1889 1477 τοῦ

318 1512 416 1563 ἐπὶ
450 1511 697 1566 πλεῖστον
721 1514 779 1566 ὲν
811 1516 930 1578 ταῖς
963 1516 1102 1568 κατά
1159 1516 1266 1570 τῶν
1308 1515 1579 1569 δυσσεϐῶν
1630 1515 1890 1584 αἱρέσεως

310 1602 682 1674 συμπλοκαῖς.
712 1606 963 1676 Ἐνιαχοῦ
994 1606 1175 1676 μέντοι
1209 1606 1482 1677 ἀριστεύει
1535 1607 1655 1667 ταῖς
1709 1604 1892 1657 ἐπιϐο-

320 1694 462 1757 λαῖς,
496 1697 543 1747 εί
576 1695 803 1749 καὶτῶν
835 1698 1095 1768 ῥημάτων
1134 1697 1302 1769 αὑτῷ,
1331 1698 1426 1751 καὶ
1448 1696 1545 1767 τῆς
1590 1695 1892 1762 συντάξεως

316 1783 475 1838 οὐδὲν
506 1787 566 1839 τὸ
592 1787 787 1858 ἰδίωμα
809 1788 1244 1859 συμόελτιοῢται.

1994 696 2385 765 comprehensa
2422 693 2810 758 voluminibus,
2843 693 3005 747 tomis
3038 704 3264 762 septem,
3295 692 3556 748 adversus

1994 789 2229 843 haereses
2252 802 2413 839 Lux.
2445 784 2662 841 Initium
2705 784 2861 837 duxit
2905 797 2936 836 a
2966 782 3332 850 Barbarismo,
3375 792 3429 837 et
3489 785 3557 837 ad

1995 878 2350 932 Messalianos
2380 890 2551 945 usque
2578 874 2844 944 pervenit.
2871 874 2968 929 Hic
2998 874 3274 938 omnibus,
3309 875 3399 944 qui
3434 884 3559 929 ante

1996 972 2173 1040 ipsum
2227 968 2486 1024 adversus
2524 968 2759 1023 haereses
2790 966 3194 1021 lucubrationes
3250 966 3556 1030 ediderunt,

1996 1062 2216 1115 uberior
2247 1069 2409 1130 atque
2449 1059 2636 1114 utilior
2668 1067 2769 1113 est.
2800 1057 2937 1113 Nam
2975 1074 3077 1113 nec
3106 1073 3169 1113 ea
3191 1059 3557 1128 praetermisit,

1997 1164 2332 1219 quaecunque
2362 1149 2429 1203 ab
2457 1148 2579 1203 aliis
2604 1148 2819 1218 prodita
2848 1148 3100 1203 utilitatis
3152 1147 3354 1217 aliquid
3388 1150 3560 1202 conti-

1997 1249 2129 1294 nent
2166 1258 2181 1294 :
2216 1247 2273 1311 et
2297 1240 2413 1310 ipse
2442 1255 2564 1309 quae
2591 1239 2767 1309 potuit
2808 1254 2839 1293 a
2869 1254 2928 1295 se
2955 1238 3259 1309 excogitata
3286 1238 3391 1294 illis
3410 1239 3561 1294 addi-

1996 1328 2092 1382 dit.
2120 1329 2305 1384 Genus
2334 1329 2546 1385 dicendi
2580 1329 2807 1392 humile,
2842 1336 2897 1383 et
2935 1327 3242 1398 cujusmodi
3282 1328 3402 1397 ejus
3440 1342 3564 1383 esse

1996 1427 2193 1489 potest,
2221 1419 2314 1489 qui
2346 1420 2534 1475 Atticae
2563 1419 2825 1475 doctrinae
2850 1420 3004 1474 rudis
3030 1418 3316 1475 exstiterit.
3352 1417 3456 1475 Sed
3507 1430 3560 1473 et

1998 1510 2053 1564 in
2083 1509 2429 1566 confutandis
2490 1510 2788 1566 haeresibus
2842 1512 3160 1581 plerumque
3208 1527 3404 1567 nervos
3451 1526 3563 1567 non

1998 1598 2180 1653 habet.
2212 1597 2536 1669 Quanquam
2592 1599 2863 1654 interdum
2921 1601 3383 1669 prestantissimis
3441 1601 3560 1655 illas

1999 1689 2300 1745 rationibus
2351 1704 2415 1745 ac
2443 1690 2725 1745 sententiis
2752 1691 3057 1760 aggreditur
3089 1706 3101 1742 :
3142 1690 3243 1745 etsi
3272 1690 3439 1745 nihilo
3478 1691 3561 1745 di-

1998 1781 2106 1835 ctio
2136 1780 2208 1835 sit
2242 1790 2405 1850 atque
2430 1782 2693 1838 orationis
2727 1792 3024 1849 structura,
3083 1792 3180 1839 aut
3223 1784 3395 1855 stylus
3446 1784 3559 1853 ipse

1999 1872 2354 1925 commodior.

393 1962 735 2035 ’Δνεγνὼσθη
755 1965 849 2019 τοῦ
877 1967 1039 2020 αὑτοῦ
1066 1968 1094 2020 ὁ
1131 1967 1501 2037 Ἀγκυρωτός,
1533 1966 1750 2036 σύνοψις
1777 1966 1885 2019 ὣσ-

2060 1959 2316 2030 Legimus
2345 1971 2398 2015 et
2427 1963 2669 2031 ejusdem
2703 1963 3051 2030 Ancoratum,
3091 1978 3212 2035 qua:
3240 1972 3325 2020 est
3349 1978 3557 2019 summa

316 2071 431 2126 περ
456 2057 563 2109 τῶν
588 2059 900 2126 Παναρίων
928 2059 1263 2131 ὑπάρχουσα.

332 2299 433 2350 ‘Ex
459 2296 565 2351 τοῦ
594 2300 973 2368 Mur-0.107401)
993 2340 1007 2363 ,
1034 2299 1227 2368 μηνὸς
1266 2300 1477 2353 Μαΐου.
1512 2329 1582 2339 --
1624 2296 1707 2362 Τῷ
1738 2295 1897 2368 αὐτῷ

395 2368 493 2430 ιβ’.
532 2366 642 2421 Τοῦ
688 2368 758 2420 ἐν
811 2366 998 2436 ἁγίοις
1036 2366 1272 2437 ’Πατρός
1331 2368 1498 2435 ἡμῶν
1552 2367 1896 2436 Ἐπιφανίου

392 2438 868 2506 ἀρχιεπισκόπου
900 2440 1317 2504 Κωνσταντίας
1350 2439 1612 2506 Κύπρου.

996 2531 1232 2598 Στίχος.

466 2616 680 2681 Φανείς
718 2617 1060 2686 Ἐπιφάνιος
1080 2619 1149 2670 ἐν
1180 2619 1393 2686 Κύπρῳ
1414 2617 1621 2686 μέγας,

467 2686 654 2756 κλέος
680 2688 815 2754 παρ’
844 2687 998 2755 αὐτῇ
1028 2688 1123 2739 καὶ
1154 2687 1352 2743 θανὼν
1380 2690 1506 2756 ἔχει
1528 2687 1703 2756 μέγα.

473 2755 550 2823 Τῇ
571 2752 1000 2825 δυοκαίδεκὰτῂ
1038 2756 1389 2825 Ἐπιφὰνιον
1413 2752 1813 2825 ῖιόροςέἶλεν.

398 2840 569 2909 Οὗτος
605 2848 633 2899 ὁ
657 2846 829 2916 μέγας
872 2848 966 2900 καὶ
1020 2846 1330 2918 Θαυμαστὸς
1362 2848 1676 2916 Ἐπιφάνιος
1713 2847 1895 2919 χώρας

322 2939 519 3006 γέγονε
566 2940 840 3009 Φοινίκης,
903 2941 969 2992 ὲκ
1001 2940 1330 3011 περιοικίδος
1378 2939 1892 3012 Ἐλευθεροπόλεως,

322 3029 530 3096 γονέων
556 3032 895 3101 αύτουργῶν.
932 3030 1172 3100 Τραφεὶς
1205 3030 1262 3083 δὲ
1290 3033 1348 3084 ὲν
1393 3032 1539 3103 οἰκίᾳ
1574 3034 1761 3103 μικρᾷ,
1802 3032 1896 3085 καὶ

320 3120 445 3175 οἷαν
484 3120 655 3191 έχοιεν
688 3122 915 3192 πένητες
972 3121 1279 3192 ἄνθρωποι,
1319 3123 1412 3175 καὶ
1441 3123 1687 3194 γηπόνοι,
1736 3121 1896 3185 αὑτός

315 3215 391 3282 τῇ
429 3214 571 3267 κατά
601 3213 735 3266 Θεὸν
777 3212 1072 3283 διέλαμψεν
1119 3215 1308 3284 ἀρετῇ,
1340 3214 1431 3267 καὶ
1461 3216 1542 3277 είς
1574 3215 1632 3266 τὸ
1664 3214 1897 3286 ἀκρότα-

320 3322 415 3358 τον
449 3304 581 3373 ὕψος
605 3304 705 3371 τῆς
723 3304 842 3358 κατ’
874 3304 1151 3358 εὐσέϐειαν
1179 3306 1428 3376 προήχθη
1453 3306 1743 3369 πολιτείας.
1776 3306 1895 3358 Τῶν

320 3397 434 3468 γὰρ
475 3396 679 3465 γονέων
708 3396 873 3449 αὑτοῦ
899 3399 963 3467 τῇ
993 3396 1085 3450 τοῦ
1117 3396 1282 3466 νόμου
1312 3398 1776 3467 ὲναπομεινάντων
1804 3397 1897 3449 λα·-

317 3489 483 3559 τρείᾳ
508 3488 603 3540 καὶ
632 3488 778 3556 σκιᾷ,
808 3488 903 3539 καὶ
935 3487 1008 3557 μὴ
1030 3486 1363 3557 δυνηθέντων
1408 3487 1532 3539 ἰδεῖν
1574 3487 1635 3539 τὸ
1661 3487 1773 3555 φῶς
1799 3487 1896 3558 τῆς

2001 2054 2245 2122 quaedam
2275 2052 2650 2109 Panariorum.

1999 2291 2084 2345 Ea:
2116 2291 2413 2361 Menologio
2430 2290 2753 2346 Graecorum.
2777 2322 2844 2331 —
2864 2290 3061 2347 Eodem
3084 2310 3258 2349 mense
3286 2295 3450 2360 Maio,
3476 2298 3563 2352 die

2065 2377 2162 2437 ξιι,
2193 2364 2365 2437 sancti
2406 2361 2585 2437 Patris
2618 2363 2785 2415 nostri
2848 2361 3134 2433 Epiphanii
3186 2367 3563 2437 archiepiscopi

2066 2429 2390 2486 Constantia:
2424 2433 2478 2485 in
2500 2432 2692 2501 Cypro.

2673 2522 2886 2577 Versus.

2067 2613 2393 2686 Epiphanius
2416 2615 2473 2667 in
2498 2613 2669 2683 Cypro
2696 2616 2873 2685 magni
2899 2618 3123 2670 nominis
3142 2618 3267 2671 dum
3284 2620 3493 2686 viveret,

2067 2684 2247 2757 Etiam
2276 2684 2415 2757 fatis
2439 2686 2647 2754 functus
2677 2684 2817 2757 apud
2858 2687 3025 2753 ipsam
3071 2704 3291 2753 magnus
3325 2684 3560 2746 ltabelitr.

2065 2754 2166 2808 Die
2196 2754 2505 2807 duodecima
2529 2770 2667 2806 mors
2707 2754 3062 2823 Epiphaniam
3101 2758 3243 2811 tulit.

2063 2845 2291 2917 Magnus
2312 2845 2412 2899 iste
2462 2853 2625 2914 atque
2642 2845 2979 2903 admirabilis
3001 2846 3335 2918 Epiphanius
3357 2866 3387 2906 e
3412 2850 3563 2907 Phre-

1994 2935 2136 2989 nicia
2170 2935 2459 2999 oriundus,
2486 2936 2539 2989 in
2569 2950 2701 3005 agro
2734 2935 3292 3008 Eleutheropolitano,
3325 2946 3563 3009 parenti-

1993 3027 2096 3083 bus
2136 3028 2485 3098 pauperibus,
2516 3039 2571 3082 et
2600 3029 2853 3084 manibus
2876 3029 3078 3083 victum
3132 3030 3236 3085 sibi
3270 3034 3562 3101 quazrenti-

1994 3120 2118 3183 bus,
2152 3119 2342 3173 humili
2369 3119 2420 3173 in
2454 3120 2638 3185 domo,
2666 3120 3045 3190 etcujusmodi
3080 3136 3375 3191 pauperum
3402 3136 3563 3195 atque

1994 3211 2356 3282 agricolarum
2387 3226 2508 3266 esse
2540 3220 2738 3281 potest,
2771 3213 3069 3277 educatus;
3121 3214 3408 3283 splendore
3451 3219 3562 3288 ipse

1994 3304 2211 3358 virtutis
2233 3303 2449 3369 claruit,
2480 3312 2532 3356 et
2564 3304 2629 3357 ad
2666 3318 2940 3357 summum
2995 3304 3095 3374 pia:
3151 3306 3416 3375 religiosa:
3442 3310 3562 3365 vitae

1996 3394 2271 3464 fastigium
2310 3404 2599 3464 provectus
2641 3403 2744 3449 est.
2802 3392 2939 3449 Nam
2978 3411 3101 3450 cum
3156 3396 3273 3465 ejus
3312 3411 3562 3469 parentes

1997 3486 2052 3540 in
2104 3485 2340 3541 Judaicze
2373 3487 2520 3541 cultu
2586 3486 2723 3557 legis
2776 3498 2938 3555 atque
2988 3488 3180 3543 umbra
3220 3505 3561 3559 perseveras-

321 3580 566 3650 χάριτος,
593 3578 753 3639 αὑτὸς
774 3577 909 3649 πρὸς
929 3577 1026 3649 τὴν
1053 3580 1109 3631 ὲν
1126 3578 1343 3649 Χριστῷ
1362 3577 1616 3649 ἀλήθειαν
1642 3578 1892 3647 ἔδραμεν,

1997 3584 2136 3641 sent,
2160 3592 2334 3647 neque
2369 3578 2555 3647 gratiae
2574 3577 2749 3631 lucem
2779 3576 3021 3646 aspicere
3050 3579 3380 3647 potuissent,
3426 3582 3561 3651 ipse,

322 3669 531 3739 μικρᾶς
577 3664 911 3737 δραξάμενος
957 3666 1230 3737 ἀφορμῆς.
1287 3667 1543 3720 Κλεοὸίου
1598 3668 1704 3737 γάρ
1755 3685 1895 3730 τινος

318 3758 623 3827 ὶασαμένου
675 3758 837 3810 αὑτοῦ
868 3757 965 3829 τὴν
990 3758 1225 3829 πληγὴν,
1260 3758 1326 3829 ἢν
1371 3759 1580 3830 ὑπέστη
1613 3758 1754 3812 κατὰ
1799 3757 1893 3813 τοῦ

317 3848 526 3919 μηροῦ,
564 3848 813 3912 ἀτάκτως
875 3850 1131 3911 πεσόντος
1182 3849 1291 3902 ἀπὸ
1339 3848 1653 3917 ὑποζυγίου,
1708 3845 1769 3904 οὗ
1795 3851 1895 3903 έπ-

317 3941 537 4009 ωχεῖτο,
561 3941 1117 4011 κατασκιρτήσαντος,
1156 3941 1252 3992 καὶ
1277 3940 1438 3994 αὑτοῦ
1469 3941 1533 4011 δὴ
1556 3941 1649 3993 τοῦ
1691 3939 1895 4005 ὑποζυ-

319 4032 445 4099 γίου
478 4032 901 4096 θανατωθέντος,
939 4033 1062 4085 τότε
1095 4032 1192 4103 μὲν
1222 4033 1512 4101 ἀμφίδοξον
1557 4035 1615 4087 ὲν
1659 4034 1893 4103 διαλογι-

320 4126 482 4192 σμοῖς
506 4124 633 4192 ἔσχε
661 4125 760 4194 τὴν
780 4123 1025 4195 γνώμην,
1056 4124 1147 4177 κα)⁸
1166 4124 1228 4177 τὸ
1250 4123 1432 4177 λοιπὸν
1453 4124 1513 4178 ού
1542 4124 1684 4177 πάνυ
1709 4127 1775 4195 τῇ
1798 4124 1893 4177 τού

321 4215 489 4283 νόμου
521 4218 775 4284 προσεῖχε
802 4214 1033 4284 δουλείᾳ.
1072 4214 1334 4285 ’Υστερον
1377 4213 1434 4271 δὲ
1477 4214 1758 4284 Λουκιανῷ
1788 4232 1895 4267 τινι

325 4303 613 4373 μονάζοντι
643 4303 899 4374 ἐντυχὼν,
917 4300 1055 4356 οἶδεν
1077 4303 1237 4357 αὑτὸν
1264 4304 1456 4374 πένητι
1483 4305 1891 4374 ἐντυγχάνοντα,

320 4394 577 4464 ζητοῦντι
608 4394 757 4464 αύτῷ
791 4394 994 4465 βρῶσιν
1049 4396 1240 4463 φαγεῖν
1266 4410 1279 4424 ο
1323 4396 1351 4446 ὁ
1380 4394 1437 4446 δὲ
1480 4395 1572 4446 καὶ
1612 4392 1895 4464 τριϐώνιον

316 4486 592 4549 ἀπέδωκε,
617 4488 711 4539 καὶ
744 4485 940 4540 αὐτίκα
978 4485 1182 4539 ἄνωθεν
1222 4485 1411 4555 ἐκείνῳ
1454 4485 1612 4557 στολὴ
1655 4485 1735 4556 τῷ
1762 4486 1896 4538 Λου-

318 4576 492 4647 κιανῷ
513 4577 774 4630 ἐνεδύετο.
798 4579 904 4629 Καὶ
919 4577 1088 4632 ταῦτα
1117 4577 1445 4647 θεασάμενος
1465 4578 1798 4646 Ἐπιφάνιος,
1826 4579 1893 4647 τῇ

316 4668 430 4721 τῶν
489 4668 825 4740 Χριστιανῶν
873 4670 1051 4721 πίστει
1104 4668 1482 4739 προσέρχεται,
1535 4670 1716 4722 καὶτὸ
1744 4668 1895 4738 ἆγιον

319 4760 605 4832 βάπτισμα
649 4761 799 4832 παρά
830 4761 924 4813 τοῦ
976 4762 1270 4814 ἐπισκόπου
1290 4762 1521 4832 δέχεται.
1540 4761 1619 4814 Τὰ
1644 4761 1699 4814 δὲ
1724 4760 1893 4813 ὲντεῦο

319 4853 412 4906 θεν
440 4853 760 4922 δυσέφικτον
794 4855 851 4904 ὲν
885 4852 1132 4923 ὲπιτόμῳ
1159 4855 1335 4907 πάντα
1356 4854 1688 4924 περιλαϐεῖν,
1722 4854 1757 4908 ἃ
1784 4856 1893 4925 είρ-

318 4945 548 5014 γάσατο.
585 4945 848 4998 Τοσοῦτον
881 4945 937 4997 δὲ
966 4945 1136 4997 εἰπεῖν
1179 4944 1336 5015 μόνον
1392 4945 1539 4999 ἐστὶν
1576 4948 1889 5015 ἀναγκαῖον,

318 5039 400 5090 ὅτι
431 5036 625 5107 κομιδῆ
660 5036 779 5098 νέος
812 5034 888 5087 ῶν
915 5038 981 5106 τῇ
1008 5035 1214 5106 ἡλικίᾳ,
1246 5036 1344 5107 τὴν
1377 5037 1514 5089 κατὰ
1543 5036 1773 5107 Χριστὸν
1798 5036 1890 5088 πί⁶

321 5145 440 5181 στιν
472 5126 887 5196 ὑποδεξάμενος,
940 5126 1099 5190 εὐθὺς
1159 5127 1396 5197 μονάσας
1452 5126 1632 5189 ὁσίως,
1688 5126 1892 5189 πάντας

318 5221 446 5283 τοὺς
471 5221 591 5273 κατ’
633 5218 791 5272 αὑτὸν
824 5217 1165 5288 ὑπερήλασεν
1215 5219 1531 5295 ἐγκρατείᾳ,
1586 5219 1679 5271 καὶ
1710 5219 1890 5282 πόνοις

318 5313 658 5381 ἀσκητικοῖς·
690 5313 784 5364 καὶ
809 5313 887 5375 εἰς
910 5310 969 5363 τὸ
1001 5311 1202 5371 τέλειον
1236 5311 1336 5379 τῆς
1364 5310 1769 5382 ἀρχιερωσύνης
1795 5327 1888 5378 γε·

320 5404 568 5473 νόμενος,
591 5402 918 5474 κατάλληλον
932 5402 1086 5475 ἔσχεν
1109 5402 1209 5474 τὴν
1236 5401 1434 5473 πρᾶξιν
1457 5404 1567 5465 τοῖς
1595 5402 1895 5473 προϐεϐιω-

322 5492 526 5560 μένοις.
573 5492 662 5545 Ἐν
694 5494 790 5562 μὲν
815 5493 923 5570 γὰρ
950 5497 1061 5557 τοῖς
1088 5476 1443 5564 παρελθοῦσιν
1459 5494 1759 5564 ἀσκητικὴν
1780 5494 1894 5546 δια-

310 5582 529 5653 γωγὴν,
590 5582 768 5655 πλήθη
811 5585 1125 5655 θαυμάτων,
1178 5588 1269 5639 καὶ
1327 5586 1619 5656 θεραπείαν
1684 5586 1894 5640 πολλῶν

321 5672 689 5726 ἀσθενούντων
718 5676 1031 5746 εἰργάσατο.
1087 5678 1172 5729 Ἐν
1200 5678 1261 5730 δὲ
1280 5681 1390 5740 τοῖς
1417 5677 1552 5747 μετὰ
1588 5678 1686 5748 τὴν
1735 5679 1892 5749 ἱερω-

324 5756 511 5828 σύνην,
548 5759 687 5814 αὐτὰ
710 5777 767 5813 τε
798 5762 990 5825 ταῦτα,
1028 5764 1119 5821 καὶ
1167 5764 1513 5820 διδασκαλίαν
1568 5764 1763 5837 ὀρθὴν,
1800 5769 1893 5822 καὶ

1995 3666 2325 3722 levissimam
2355 3668 2698 3722 occasionem
2735 3676 2951 3733 nactus,
2990 3668 3355 3726 Christianam
3384 3674 3449 3726 ad
3469 3690 3561 3726 ve-

1993 3756 2205 3810 ritatem
2234 3756 2494 3826 confugit.
2528 3756 2821 3826 Postquam
2850 3760 2994 3811 enim
3052 3758 3310 3816 Cleobius
3344 3764 3561 3831 quidam

1995 3844 2145 3901 illum
2176 3848 2297 3916 equi
2323 3846 2591 3909 indomiti,
2619 3863 2683 3902 ac
2712 3851 3053 3905 contumacis
3084 3851 3289 3907 insultu
3318 3864 3560 3922 prostra-

1995 3948 2131 4000 tum,
2171 3939 2299 3991 etin
2326 3936 2531 3992 femore
2560 3938 2862 3992 sauciatum
2893 3941 3126 4005 curavit,
3177 3950 3340 4011 atque
3387 3960 3561 4013 equus

1994 4032 2109 4100 ipse
2148 4030 2462 4085 interfectus
2490 4038 2573 4084 est
2600 4049 2613 4083 :
2640 4030 2823 4085 statim
2862 4031 3080 4100 quidem
3106 4033 3256 4086 vario
3280 4036 3560 4105 cogitatio-

1994 4139 2126 4177 num
2145 4132 2277 4207 aegu
2310 4136 2463 4177 mens
2490 4122 2636 4176 illius
2667 4122 2859 4191 agitari
2892 4124 3091 4191 cmpit:
3120 4124 3193 4178 ita
3220 4134 3279 4179 ut
3308 4127 3561 4198 deinceps

1993 4230 2120 4284 erga
2141 4214 2273 4283 legis
2305 4214 2619 4269 servitutem
2639 4229 2747 4266 non
2773 4214 2906 4267 adeo
2927 4224 3073 4269 esset
3097 4216 3339 4271 all‘ectus.
3368 4216 3560 4273 Postea

1993 4320 2123 4360 vero
2161 4306 2217 4359 in
2242 4304 2541 4359 Lueianum
2592 4306 2879 4375 quemdam
2910 4307 3237 4362 monachum
3293 4309 3561 4374 incidens,

1995 4410 2119 4451 cum
2172 4411 2295 4450 eum
2325 4396 2549 4450 vidisset
2578 4412 2609 4450 a
2654 4398 2903 4453 mendico
2929 4398 3119 4467 stipem
3167 4408 3433 4470 rogatum,
3469 4403 3560 4459 ubi

1993 4487 2215 4557 pallium
2244 4502 2403 4541 suum
2434 4486 2662 4557 largitus
2716 4497 2881 4553 esset,
2916 4498 3062 4544 veste
3112 4490 3179 4545 de
3228 4492 3368 4547 cmlo
3394 4492 3563 4549 missa

1988 4579 2244 4648 protinus
2275 4578 2546 4644 indutum,
2590 4579 2916 4637 Christianae
2942 4582 3192 4651 religioni
3234 4598 3429 4638 nomen
3466 4585 3561 4640 de-

1994 4669 2095 4735 dit,
2148 4678 2312 4738 atque
2359 4669 2427 4723 ab
2474 4670 2730 4738 episcopo
2770 4670 3079 4740 baptizatus
3120 4683 3223 4727 est.
3274 4672 3406 4739 Quae
3433 4690 3561 4729 vero

1994 4769 2179 4829 postea
2206 4761 2455 4829 gesserit,
2486 4760 2673 4830 paucis
2701 4762 2984 4832 complecti
3008 4763 3190 4817 omnia
3220 4763 3433 4819 diﬂicile
3456 4776 3558 4819 est.

1997 4850 2176 4906 Unum
2202 4852 2352 4915 illud,
2386 4862 2440 4907 et
2464 4853 2682 4924 quidem
2708 4855 3100 4917 necessarium,
3131 4855 3400 4911 allirmare
3429 4872 3558 4926 pos-

1997 4959 2188 4999 sumus
2228 4964 2240 4999 :
2274 4960 2396 4998 cum
2434 4945 2481 4999 is
2508 4954 2665 4999 aetate
2700 4945 2990 4999 admodum
3027 4957 3171 5002 esset
3219 4948 3556 5015 adolescens,

1997 5037 2324 5106 simulatque
2352 5037 2553 5091 Christi
2583 5036 2740 5092 ﬁdem
2780 5039 3060 5106 amplexus
3095 5048 3214 5101 est,
3247 5040 3558 5095 monasticaa

1996 5127 2352 5201 professionis
2388 5127 2638 5181 instituto
2664 5138 2938 5197 suscepto,
2969 5127 3201 5196 aequales
3230 5128 3381 5181 illum
3427 5145 3558 5185 suos

1997 5234 2186 5273 omnes
2211 5219 2542 5273 continentia
2570 5261 2585 5286 ,
2625 5230 2679 5275 et
2717 5221 2963 5274 aseeticae
2990 5220 3113 5273 vitae
3144 5220 3423 5276 laboribus
3455 5237 3556 5275 an-

1996 5310 2301 5366 tecessisse.
2330 5309 2690 5381 Posteaquam
2721 5323 2903 5367 autem
2952 5326 3227 5366 summum
3268 5311 3336 5366 ad
3369 5326 3556 5368 sacer-

1992 5402 2196 5457 dotlum
2229 5404 2486 5470 pervenit,
2522 5414 2886 5459 consentanea
2922 5404 3041 5457 vita).
3095 5412 3356 5463 anteactae
3377 5406 3554 5459 virtu-

1993 5503 2107 5548 tum
2136 5493 2326 5549 olllciis
2359 5510 2468 5564 pra:
2503 5510 2561 5550 se
2589 5496 2737 5550 tulia.
2776 5495 3004 5551 Etenim.
3031 5510 3154 5550 cum
3183 5504 3339 5551 antea
3367 5513 3557 5551 mona-

1994 5586 2184 5645 stieam
2214 5586 2429 5640 vivendi
2488 5589 2756 5643 rationem
2786 5586 2992 5645 crebris
3042 5586 3345 5651 miraculis,
3396 5598 3557 5657 atque

1994 5685 2316 5748 aegrotorum
2346 5679 2706 5746 plurimorum
2766 5678 3139 5733 curationibus
3194 5688 3553 5744 cxornasset;

1996 5778 2246 5841 suscepto
2277 5771 2613 5839 pontiﬁcatu,
2648 5780 2842 5839 prater
2877 5772 2989 5827 haec
3026 5771 3236 5839 omnia,
3283 5786 3554 5827 sanarnac
