4078 6368
507 348 581 404 93
1784 348 1843 403 S.
1884 348 2230 405 EPIPHANII
2269 350 2451 405 VITA.
3714 354 3787 411 23

509 470 777 521 sinceram
836 463 1140 520 doctrinam
1193 463 1517 536 adjungens,
1547 466 1712 522 etiam
1753 469 2081 537 scriptorum

2197 467 2634 553 συγγραμμάτων
2660 466 2852 538 πλήθει
2880 467 3089 532 πάντας
3116 469 3456 524 ἐπαίδευσεν.
3500 471 3700 543 ’Υπὲρ
3733 468 3797 528 οὗ

507 571 736 611 suorum
764 556 920 626 c0pia
945 557 1231 611 universos
1261 556 1478 610 erudiit.
1508 556 1721 623 Quibus
1745 558 1874 612 dum
1902 560 2081 614 inten-

509 657 599 701 tus
636 656 739 713 est,
773 647 972 701 multos
1005 646 1075 701 ab
1108 645 1419 701 inﬁdelibus
1456 654 1510 701 et
1551 647 1820 703 haereticis
1868 649 2085 704 labores

509 736 751 807 pertulit.
784 736 1069 791 Postremo
1109 749 1235 789 cum
1268 744 1491 790 centum
1524 736 1767 807 quinque
1797 752 1990 802 annos,
2019 753 2084 794 ac

509 843 725 883 menses
774 836 1033 897 praeterea
1094 836 1207 883 tres
1254 828 1568 897 explesset,
1625 828 2082 899 quemadmodum

510 920 743 974 Arcadio
774 918 1084 988 imperatori
1116 918 1476 989 interroganti
1511 920 1889 989 responderat,
1922 919 2084 989 spiri-

512 1021 627 1064 tum
690 1010 924 1066 Domino
981 1011 1257 1077 reddidit,
1293 1025 1541 1081 peregre,
1596 1020 1652 1066 et
1708 1020 1860 1067 extra
1900 1012 2082 1066 sedem

510 1117 666 1157 suam
700 1119 715 1156 :
757 1118 855 1173 pro
882 1117 950 1158 eo
972 1117 1038 1157 ac
1068 1101 1497 1173 Chrysostomus
1520 1102 1747 1172 petierat
1772 1120 1789 1170 ;
1820 1102 2082 1171 quoniam

511 1199 825 1269 relegationi
852 1198 1015 1267 hujus
1037 1197 1373 1269 Epiphanius
1392 1198 1810 1268 subscripserat.
1830 1197 2083 1261 Vicissim

510 1298 690 1345 autem
720 1288 1081 1359 Epiphanium
1111 1290 1460 1360 rescripsisse
1513 1299 1853 1357 memorant;
1908 1305 2086 1361 neque

511 1380 665 1434 illum
704 1381 883 1437 locum
916 1396 1064 1449 eum,
1090 1382 1146 1436 in
1182 1396 1345 1452 quem
1381 1382 1656 1450 deportari
1700 1382 1894 1452 jussus
1941 1391 2080 1451 erat,

511 1489 631 1530 esse
656 1475 925 1531 visurum.
975 1473 1096 1530 Jam
1117 1476 1360 1546 synaxis,
1392 1492 1521 1546 quae
1559 1478 1613 1531 in
1644 1476 1788 1532 illius
1817 1476 2079 1532 honorem

2190 560 2415 623 πολλοὺς
2437 560 2625 631 ἐξεῦρε
2662 562 2786 624 τοὺς
2816 563 3158 632 πειρασμοὺς
3196 563 3349 634 παρὰ
3398 564 3503 618 τῶν
3547 564 3797 618 κακοδό-

2191 652 2315 718 ξων.
2342 655 2520 725 Ζήσας
2550 654 2605 705 δὲ
2633 653 2728 724 ἔτη
2756 653 2917 706 πέντε
2952 654 3089 725 πρὸς
3126 657 3238 718 τοῖς
3263 656 3479 719 ἑκατὸν,
3511 658 3620 709 ἐπὶ
3654 658 3800 727 μησὶ

2188 747 2385 817 τρισὶν,
2443 745 2519 809 ὡς
2545 746 2705 809 αὐτὸς
2767 746 3036 816 Ἀρκαδίῳ
3062 746 3141 818 τῷ
3172 747 3383 817 βασιλεῖ
3432 750 3797 820 ὲρωτήσαντι

2189 838 2538 908 ἀπεκρίνατο,
2572 836 2648 908 τῷ
2683 838 2874 909 Κυρίῳ
2898 838 2960 891 τὸ
2988 838 3209 909 πνεῦμα
3232 841 3503 911 παρέθετο
3522 859 3537 873 ’
3571 842 3688 894 οὐκ
3735 842 3798 894 ὲν

2188 926 2268 997 τῷ
2301 928 2486 998 οἰκείῳ
2518 926 2725 999 θρόνῳ,
2761 927 2905 981 κατὰ
2934 929 3033 998 τὴν
3062 930 3155 982 τοῦ
3191 932 3593 1002 Χρυσοστόμου
3627 932 3799 999 αἴτη-

2192 1031 2296 1079 σιν,
2331 1015 2453 1068 ἐπεὶ
2483 1019 2547 1086 τῇ
2582 1016 2676 1070 καὶ
2723 1017 2933 1070 ἐκείνου
2974 1018 3159 1089 ἐξορίᾳ
3204 1018 3517 1090 συνῄνεσεν.
3568 1021 3688 1073 Τὸν
3733 1021 3796 1074 δέ

2190 1121 2353 1173 φασιν
2386 1106 2737 1175 ἀντιγράψαι,
2796 1107 2933 1178 μηδὲ
2971 1107 3131 1161 αὑτὸν
3160 1108 3251 1162 τὸν
3276 1110 3463 1173 τόπον,
3518 1112 3675 1181 πρὸς
3732 1112 3796 1163 ὃν

2187 1196 2491 1249 ἀπέσταλτο
2519 1197 2826 1268 ὑπερόριος,
2864 1198 3067 1267 φθᾶσαι
3118 1200 3373 1255 κατιδεῖν.
3432 1201 3700 1254 Τελεῖται
3732 1202 3795 1255 δὲ

2184 1290 2219 1357 ἡ
2254 1288 2417 1342 αὐτοῦ
2442 1288 2656 1353 σύναξις
2684 1293 2743 1343 ὲν
2764 1290 2841 1361 τῷ
2869 1292 3155 1365 ἁγιωτάτῳ
3170 1294 3344 1349 αὐτοῦ
3387 1294 3524 1365 οίκῳ
3553 1294 3644 1364 τῷ
3671 1294 3796 1348 ὄντι

2188 1380 2339 1443 ἐντὸς
2371 1380 2465 1433 τοῦ
2493 1382 2649 1449 ἁγίου
2676 1382 2994 1453 Φιλήμονος.
3025 1385 3157 1447 Ταῖς
3206 1386 3372 1440 αὐτοῦ
3422 1384 3791 1457 πρεσϐείαις,

2185 1476 2221 1528 ὁ.
2243 1473 2395 1538 Θεὸς,
2430 1472 2649 1544 ἐλέησον
2684 1475 2851 1545 ἡμᾶς.

511 1570 589 1633 tit,
650 1569 707 1625 in
746 1571 1100 1626 sanctissima
1126 1571 1273 1625 illius
1305 1570 1423 1626 aede
1444 1570 1767 1637 celebratur,
1826 1586 1948 1643 quae
1976 1570 2149 1626 estad
2186 1569 2362 1625 sancti
2396 1566 2754 1624 Philemonis.
2791 1567 2895 1623 Per
2927 1567 3093 1639 hujus
3137 1585 3352 1639 preces,
3393 1568 3562 1639 Deus,
3610 1572 3793 1627 mise-

510 1677 629 1717 rere
657 1663 836 1719 nobis.

2032 1822 2239 1863 SUIDAS.

595 1896 911 1966 Ἐπιφάνιος
946 1897 1359 1962 Κωνσταντείας
1390 1898 1489 1969 τῆς
1514 1898 1743 1970 Κύπρου
1798 1899 2119 1964 ἐπίσκοπος,
2146 1898 2245 1970 τῆς
2276 1896 2541 1968 πρότερον
2570 1892 2871 1965 Σαλαμῖνος
2894 1929 2915 1956 ,
2961 1889 3170 1960 ἔγραψε
3222 1892 3364 1946 κατὰ
3413 1892 3617 1947 πασῶν
3669 1892 3795 1947 τῶν

512 1989 777 2060 αἱρέσεων
830 1991 1037 2060 λόγους,
1082 1991 1121 2045 ἃ.
1174 1991 1439 2060 Πανὰρια
1492 1992 1762 2061 λέγονται,
1814 1994 1909 2046 καὶ
1952 1993 2115 2065 ’έτερα
2156 1992 2361 2047 πολλά·
2403 1990 2565 2044 ἅτινα
2590 1987 2743 2059 παρὰ
2800 1986 2900 2056 μὲν
2958 1984 3068 2039 τῶν
3102 1987 3558 2060 πεπαιδευμένων
3591 1986 3690 2043 διὰ
3712 1988 3789 2045 τὰ

513 2083 832 2154 πράγματα,
864 2086 1015 2156 παρὰ
1041 2087 1098 2140 δὲ
1122 2086 1232 2140 τῶν
1273 2086 1498 2139 ἰδιωτῶν
1529 2085 1617 2138 διὰ
1642 2087 1711 2139 τὰ
1752 2088 1972 2158 ῥήματα
2009 2085 2466 2154 ἀναγινώσκεται.
2496 2082 2736 2153 Τελευτᾷ
2772 2079 3178 2153 ἐσχατόγηρως.

584 2176 717 2243 Quae
742 2176 956 2233 totidem
979 2178 1087 2247 fere
1114 2179 1283 2233 verbis
1304 2194 1368 2232 ea:
1395 2176 1718 2249 Hieronymo
1752 2176 2078 2249 Sep/ironia;
2109 2180 2387 2248 expressit.

1825 2536 2453 2631 MONITUM.

590 2912 852 2986 subjecta
897 2912 1189 2984 Epiphanii
1228 2913 1384 2979 Vita,
1415 2914 1607 2970 Latine
1649 2915 1780 2986 olim
1810 2930 1843 2969 a
1884 2914 2047 2970 Surio
2088 2914 2254 2981 edita,
2303 2915 2488 2971 Graece
2532 2930 2679 2973 nunc
2710 2914 2943 2986 primum
2977 2914 3176 2985 prodit,
3209 2914 3399 2970 multis
3427 2913 3479 2967 in
3512 2912 3657 2986 locis
3694 2924 3781 2966 re-

516 2981 756 3056 cognita.
785 2983 916 3051 Quae
944 2981 1257 3055 quanquam
1303 2988 1357 3040 in
1410 2986 1684 3055 plerisque
1727 2984 1925 3040 fabulae
1952 2994 2043 3056 est
2081 3001 2245 3055 quam
2288 2987 2534 3056 historia:
2585 2981 2825 3056 propior,
2870 2996 2931 3041 ut
2962 2981 3284 3055 jamdudum
3341 2984 3557 3056 monuit
3603 2981 3781 3056 Baro:-

518 3056 648 3109 nius
699 3055 753 3108 in
785 3052 1076 3109 Annalibus
1111 3052 1356 3125 (a),erit
1399 3052 1674 3110 t'amen'in
1715 3056 1981 3111 lutulenta
2014 3052 2115 3109 illa'
2146 3058 2461 3126 narratione
2512 3052 2745 3111 fortasse
2774 3052 2920 3126 quod
2964 3052 3157 3111 tollere
3198 3056 3401 3126 possis.
3453 3054 3517 3107 Et
3563 3052 3777 3126 alioqui

517 3126 694 3200 multa
728 3127 970 3200 nominet
997 3124 1131 3200 quae
1164 3141 1290 3181 cum
1342 3142 1471 3200 vera
1505 3137 1833 3200 receptaque
1875 3127 1944 3200 ab
1997 3125 2255 3200 omnibus
2300 3127 2528 3200 historia
2571 3124 3132 3200 consentaneasunt,
3183 3124 3275 3181 sed
3308 3125 3498 3180 eadem
3536 3124 3785 3200 adgnis_ta

516 3194 697 3268 1alsis.
733 3194 1038 3268 lnquibus
1068 3196 1444 3252 discernendis
1493 3198 1541 3253 si
1580 3194 1937 3259 nihil—aliud,
1998 3204 2176 3261 tuum,
2220 3194 2417 3251 Lector
2470 3198 2904 3265 humanissime,
2944 3197 3237 3268 judicium,
3298 3211 3363 3250 ac
3411 3194 3644 3266 κριτικὴ
3678 3194 3787 3259 τῆς

523 3266 765 3340 Inopia;
795 3266 1024 3339 δύναμις
1060 3268 1303 3324 exerceri
1331 3267 1521 3337 possit.

916 3544 1300 3678 ΒΙΟΣ
1400 3545 1746 3680 ΤΟΥ
1842 3541 2364 3678 ΑΓΙΟΥ
2444 3537 3377 3677 ΕΠΙΦΑΝΙΟΥ

1263 3778 1663 3835 ΕΠΙΣΚΟΠΟΥ
1689 3777 1958 3833 ΠΟΛΕΩΣ
1994 3774 2483 3829 ΚΩΝΣΤΑΝΤΙΑΣ
2520 3774 2658 3828 ΤΗΣ
2696 3774 3004 3829 ΚΥΠΡΟΥ.

998 4110 1462 4273 VITA
1560 4113 2241 4270 SANCTI
2335 4104 3317 4265 EPIPHANII

1448 4384 1986 4447 CONSTANTL/E
2034 4385 2115 4446 IN
2158 4383 2422 4447 CYPRO
2479 4378 2838 4443 EPISCOPl

1234 4555 1541 4633 Excerpta
1582 4570 1663 4615 ex
1709 4568 1866 4614 voce
1896 4550 2156 4613 Joannis
2193 4548 2382 4610 unius
2410 4564 2488 4608 ex
2527 4545 2660 4625 ejus
2718 4542 3067 4622 discipulis.

2104 4743 2177 4758 —

601 4885 641 4937 1.
662 4875 1001 4952 Epiphanius
1032 4882 1152 4930 erat
1172 4872 1391 4944 quidem
1422 4889 1619 4945 genere
1651 4873 1909 4940 Phoenix,
1938 4890 2005 4929 ex
2035 4888 2090 4929 ea

2281 4868 2360 4923 A’.
2413 4868 2724 4938 Ἐπιφάνιος
2763 4865 2919 4934 γένος
2965 4863 3063 4934 μὲν
3096 4857 3164 4933 ἦν
3208 4858 3470 4913 Φοινίκων
3501 4857 3603 4927 τῆς
3633 4874 3780 4929 περι-

524 4976 767 5048 regione,
796 4983 920 5042 qua:
948 4972 1032 5023 est
1062 4966 1209 5021 circa
1247 4964 1747 5036 Eleutheropolim;
1777 4967 1944 5022 distat
1971 4980 2101 5021 vero

523 5084 556 5123 a
580 5067 801 5124 civitate
841 5060 910 5117 ad
942 5059 1047 5115 tria
1092 5058 1371 5113 milliaria.
1421 5057 1549 5119 Fuit
1577 5068 1759 5115 autem
1791 5068 1945 5130 pater
1980 5057 2102 5129 ejus

525 5157 798 5232 agricola;
832 5153 1025 5210 matris
1053 5167 1184 5206 vero
1212 5150 1333 5220 eius
1378 5151 1620 5206 studium
1661 5160 1779 5207 erat
1810 5167 1868 5207 se
1897 5152 1952 5205 in
1986 5151 2101 5205 lino

525 5261 801 5303 exercere.
843 5244 913 5299 lis
943 5250 1126 5299 autem
1168 5241 1324 5297 fuere
1353 5241 1462 5296 duo
1507 5241 1626 5309 ﬁlii,
1657 5241 2014 5313 Epiphanius,
2047 5249 2102 5297 et

527 5351 636 5391 una
665 5336 774 5391 ﬁlia
802 5333 1153 5404 Callitmpos.
1186 5331 1399 5387 Accidit
1425 5341 1605 5387 autem
1637 5342 1697 5388 ut
1726 5348 1915 5388 eorum
1948 5344 2101 5403 pater

527 5444 560 5483 e
595 5424 705 5481 vita
732 5425 1046 5491 excederet;
1099 5423 1306 5479 mansit
1351 5438 1480 5478 vero
1529 5422 1862 5494 Epiphanius
1910 5423 2099 5480 decem

526 5535 704 5577 annos
745 5530 908 5576 natus
940 5521 1103 5575 matri
1134 5536 1267 5586 suae,
1307 5518 1528 5591 quando
1560 5530 1812 5575 mortuus
1841 5529 1926 5576 est
1953 5530 2101 5590 pater

526 5613 668 5684 ejus.
699 5612 1056 5669 Cruciabatur
1106 5622 1287 5669 autem
1340 5614 1524 5671 animo
1563 5613 1683 5685 ejus
1730 5620 1927 5681 mater,
1972 5612 2103 5668 dum

604 5771 685 5842 (α)
728 5772 802 5829 Διί
837 5790 928 5830 an.
963 5775 1090 5829 διε.

2206 4963 2402 5026 οικίδος
2454 4957 2985 5031 Ἐλευθεροπὸλεως,
3034 4954 3142 5009 ἀπὸ
3194 4952 3437 5025 σημείων
3482 4949 3651 5020 τριῶν
3693 4948 3779 5019 τῆς

2207 5056 2374 5127 αὐτῆς
2420 5052 2679 5125 ὑπάρχων
2716 5050 3121 5119 ἀποστήματος.
3174 5046 3233 5099 Ὀ
3274 5044 3330 5098 δὲ
3372 5043 3564 5096 τούτου
3608 5039 3779 5111 πατὴρ

2207 5145 2499 5218 γαιηπόνος
2530 5143 2771 5213 ὑπῆρχεν
2795 5158 2809 5171 ·
2858 5140 2919 5192 τὸ
2961 5140 3018 5192 δὲ
3060 5136 3398 5208 ἐπιτήδευμα
3437 5135 3540 5204 τῆς
3584 5131 3779 5204 μητρὸέ

2208 5236 2395 5302 αὑτοῦ,
2429 5234 2721 5305 λινυφαρία
2744 5231 3009 5302 ὑπῆρχεν.
3038 5225 3147 5281 Ἦν
3178 5224 3271 5281 οὖν
3304 5225 3515 5289 τούτοις
3540 5225 3635 5278 δύο
3664 5239 3775 5275 παι-

2208 5329 2323 5392 δία,
2350 5329 2379 5381 ὅ
2410 5344 2468 5380 τε
2504 5324 2814 5393 Ἑπιφάνιος
2842 5322 2934 5375 καὶ
2976 5319 3222 5389 θυγάτηρ
3258 5317 3358 5387 μία
3392 5314 3780 5386 Καλλίτροπος.

2216 5423 2444 5491 ΙΈτυχεν
2476 5414 2569 5472 οὖν
2593 5418 2684 5470 τὸν
2717 5415 2908 5469 τούτου
2952 5412 3164 5484 πατέρα
3189 5409 3511 5480 τελευτῆσαι
3534 5425 3547 5439 ·
3575 5406 3782 5476 ἔμεινεν

2211 5518 2268 5570 δὲ
2305 5516 2618 5584 Ἐπιφάνιος
2650 5511 2782 5565 δέκα
2814 5508 2951 5562 ἑτῶν
2979 5511 3046 5578 τῇ
3092 5505 3257 5578 μητρὶ
3302 5501 3467 5557 αὑτοῦ
3488 5540 3503 5565 ,
3553 5497 3691 5571 μετὰ
3726 5492 3782 5547 τὸ

2209 5609 2525 5679 τελευτῆσαι
2563 5605 2655 5659 τὸν
2688 5602 2899 5675 πατέρα
2925 5600 3109 5655 αὑτοῦ.
3142 5597 3424 5667 Συνείχετο
3447 5592 3505 5647 δὲ
3537 5594 3575 5663 ἡ
3606 5590 3785 5662 μήτηρ
