4078 6368
339 368 413 426 25
1613 367 1671 423 S.
1718 366 1949 421 EPIPllA

1992 365 2061 420 ill
2101 364 2278 421 VITA.
3040 324 3043 327 ί
3526 363 3602 424 ἰϐ

341 488 509 545 αὑτοῦ
548 487 611 541 τὸ
648 486 767 551 πῶς
795 485 1080 557 διαθρέψαι
1113 486 1450 556 Ἐπιφάνιον,
1487 486 1580 539 καὶ
1606 485 1703 556 τὴν
1732 485 1920 539 τούτου
1950 540 1951 545 η

1991 523 1998 546 ι
2025 484 2257 540 sollicita
2289 490 2454 549 esset,
2478 483 2754 553 quomodo
2784 482 3151 553 Epiphaniam
3179 481 3370 548 aleret,
3405 488 3460 535 et
3485 483 3601 553 ejus

339 586 611 657 ἀδελφὴν,
656 584 843 653 ἐπειδὴ
889 584 1220 656 συμμέτρως
1263 584 1448 653 διῆγον
1498 582 1568 635 τὰ
1614 582 1921 652 σωματικά.

2030 594 2298 645 sororem,
2345 578 2791 649 quandoquidem
2821 586 2980 632 erant
3027 577 3257 633 modicae
3288 592 3482 631 eorum
3521 577 3602 633 fa-

339 679 464 731 Τῶν
489 678 547 730 δὲ
571 677 802 747 ἐχόντων
828 675 1120 743 ὑποζύγιον
1148 676 1383 729 ἄτακτον
1427 674 1563 744 πρὸς
1598 674 1923 745 ὑπηρεσίαν,

2029 671 2279 726 cultates.
2309 668 2446 724 Cum
2468 686 2638 724 unum
2663 684 2794 724 vero
2817 669 3131 739 jumentum
3157 670 3421 725 haberent
3447 672 3601 725 indo-

335 762 496 819 εἶπεν
550 766 584 835 ἡ
640 766 823 835 μήτηρ
869 762 1033 817 αὑτοῦ
1105 764 1241 834 πρὸς
1294 762 1638 832 Ἐπιφάνιον·
1687 762 1922 824 Τέκνον,

2027 763 2244 829 mitum,
2294 762 2431 817 dixit
2492 774 2670 816 mater
2725 761 3071 831 Epiphanio:
3129 761 3281 827 Fili,
3345 764 3603 831 quoniam

336 856 527 927 ἐπεὶδὴ
569 856 829 908 στένωσιν
861 856 990 925 ἡμῖν
1019 854 1248 924 παρέχει
1290 857 1319 907 ὁ
1358 849 1504 917 οἶκος
1531 854 1659 924 περὶ
1686 852 1785 915 τὰς
1818 870 1925 906 σω-

2027 852 2232 907 l‘amilia
2278 862 2483 918 nostra,
2522 854 2576 908 in
2608 853 2675 908 iis
2711 868 2833 923 qua!
2865 853 2930 907 ad
2950 853 3197 923 corporis
3236 869 3395 908 usum
3450 856 3584 923 perti

339 948 582 1019 ματικὰς
628 950 850 1019 χρείας,
885 947 983 1001 καὶ
1031 947 1304 1019 χρῄζομεν
1352 946 1647 1017 ἐδωδίμων,
1692 945 1823 999 λάϐε
1864 946 1926 999 τὸ

2026 954 2178 1010 nent,
2224 945 2380 999 nobis
2423 946 2625 1014 praebet
2664 947 2967 1013 angustias,
3002 955 3057 1000 et
3086 945 3211 999 cibo
3257 946 3564 1016 indigemus
3588 989 3603 1010 .

334 1040 636 1108 ὑποζύγιον
664 1040 726 1092 τὸ
751 1038 811 1091 δν
835 1040 894 1091 ἐν
928 1037 1008 1109 τῷ
1033 1040 1166 1109 οἴκῳ
1189 1038 1346 1108 ἡμῶν
1366 1055 1381 1068 ·
1424 1038 1520 1089 καὶ
1542 1035 1745 1090 ἄπελθε
1768 1036 1827 1087 ἐν
1854 1039 1921 1107 τῇ

2025 1038 2211 1107 accipe
2236 1037 2563 1107 jumentum.
2599 1037 2747 1107 quod
2787 1046 2871 1092 est
2910 1038 3051 1091 intra
3082 1038 3301 1092 domum
3337 1048 3602 1101 nostram,

333 1132 649 1203 πανηγύρει
672 1170 688 1195 ,
721 1132 815 1184 καὶ
857 1129 1108 1201 πώλησον
1139 1130 1298 1184 αὑτό·
1331 1129 1425 1183 καὶ
1467 1130 1799 1199 ποιήσωμεν,
1824 1128 1923 1199 τὴν

2023 1138 2078 1184 et
2107 1129 2243 1183 vade
2288 1130 2354 1183 ad
2382 1130 2677 1194 nundinas,
2709 1142 2763 1185 et
2789 1130 2999 1185 vende:
3047 1138 3101 1183 et
3135 1130 3208 1183 ita
3240 1130 3290 1183 id
3322 1131 3468 1199 quod
3499 1130 3604 1186 erit

332 1222 500 1295 ἡμῶν
529 1223 666 1293 πρὸς
692 1221 985 1293 διατροφὴν
1012 1220 1216 1292 χρείαν.
1248 1221 1307 1273 Ὀ
1328 1220 1385 1273 δὲ
1426 1220 1739 1288 Ἐπιφάνιος
1769 1216 1923 1271 εἶπεν

2023 1221 2091 1274 ad
2123 1236 2224 1275 nos
2268 1220 2488 1276 alendos
2526 1222 2671 1284 usui,
2716 1221 3211 1290 suppeditabimus.
3265 1220 3603 1292 Epiphanius

332 1314 480 1385 πρὸς
512 1313 609 1385 τὴν
646 1312 841 1366 ἑαυτοῦ
876 1312 1087 1383 μητέρα
1106 1326 1119 1339 ·
1149 1312 1342 1383 Μῆτερ
1361 1351 1376 1375 ,
1413 1312 1477 1364 σὺ
1498 1310 1804 1379 γινώσκεις,
1840 1310 1920 1362 ὃτι

2022 1319 2202 1365 autem
2240 1311 2376 1366 dixit
2414 1313 2572 1367 matri
2614 1328 2727 1367 sua».
2761 1331 2774 1366 :
2829 1311 2952 1367 Scis
2998 1313 3307 1383 jumentum
3355 1324 3602 1369 nostrum

334 1405 577 1459 ἄτακτον
615 1406 761 1457 ἐστιν
794 1404 855 1456 τὸ
901 1403 1195 1473 ὑποζύγιον
1222 1403 1415 1474 ήμῶνο
1455 1404 1549 1456 καλ⁴
1594 1401 1775 1465 ἔσται,
1824 1401 1920 1454 ἐὰν

2022 1401 2201 1455 adhuc
2246 1416 2369 1456 esse
2420 1402 2767 1467 indomitum,
2828 1403 3029 1472 lietque
3082 1413 3142 1457 ut
3176 1405 3220 1457 si
3273 1419 3392 1458 eam
3436 1406 3500 1458 ad
3550 1406 3603 1460 id

334 1498 560 1551 ἀπέλθω
581 1497 675 1550 ἐπὶ
701 1496 763 1549 τὸ
788 1497 1131 1567 διαπωλῆσαι
1160 1496 1311 1563 αὐτὸ,
1335 1495 1534 1557 ειδότες
1558 1496 1607 1547 οἱ
1631 1493 1924 1563 συναχθέν-

2020 1494 2384 1558 vendendum,
2435 1496 2528 1563 qui
2564 1495 2619 1548 in
2663 1495 2754 1548 illo
2788 1494 2910 1548 loco
2942 1496 3259 1566 congregati
3305 1506 3488 1560 erunt,
3524 1499 3603 1551 vi-

332 1607 431 1653 τες
458 1589 648 1659 ἄνδρες
687 1589 745 1640 ἐν
776 1587 854 1658 τῷ
893 1588 1045 1658 τόπῳ
1081 1589 1272 1658 ἐκείνῳ
1319 1586 1417 1658 τὴν
1462 1586 1689 1653 ἀταξίαν
1731 1584 1918 1649 αὐτοῦ,

2020 1587 2208 1642 dentes
2238 1588 2359 1657 ejus
2393 1586 2763 1653 insolentiam,
2808 1605 2895 1643 me
2924 1604 3087 1659 poena
3128 1590 3385 1656 alliciant,
3421 1591 3605 1646 dicen-

331 1679 745 1751 τιμωρήσονται
796 1696 862 1750 με
888 1680 1157 1747 λέγοντες,
1207 1680 1288 1732 ὅτι
1318 1679 1501 1733 Κακὸν
1530 1678 1689 1749 ἔχων,
1733 1676 1919 1739 κακῶς

2021 1688 2146 1735 tes:
2179 1680 2315 1734 Cum
2361 1680 2563 1733 malum
2622 1679 2842 1746 habeas,
2893 1681 3034 1735 male
3088 1682 3313 1750 patieris
3357 1696 3425 1735 ex
3465 1682 3600 1750 lege.

332 1770 619 1841 ὑπομένῃς
649 1769 789 1822 κατὰ
819 1768 912 1823 τὸν
939 1769 1126 1840 νόμον.
1161 1765 1330 1824 Εἶπεν
1358 1769 1415 1822 δέ
1434 1771 1467 1839 ἡ
1497 1768 1680 1839 μήτηρ
1714 1766 1914 1820 αὑτοῦ·

2020 1771 2166 1825 Dixit
2190 1774 2240 1826 ei
2271 1781 2482 1826 mater:
2522 1770 2655 1832 Abi,
2701 1771 2811 1836 lili;
2854 1770 2996 1826 Deus
3030 1781 3249 1841 patrum
3286 1782 3604 1827 nostrorum

335 1823 617 1927 Ἀπελθέ,
660 1862 885 1915 τέκνονο
934 1823 1027 1915 καὶ
1069 1863 1098 1915 ὁ
1137 1861 1270 1925 Θεὸς
1308 1823 1419 1915 τῶν
1456 1823 1717 1931 ’έαὲέρἐυν
1760 1859 1917 1930 ήμῶν

2020 1823 2474 1926 magis“
2501 1870 2556 1915 et
2591 1823 2810 1925 ιεέοοιιζ
2830 1823 3264 1931 musas};
3286 1823 3604 1934 mea;

344 1951 603 2022 Ἀϐραὰμ
648 1951 744 2005 καὶ
796 1950 982 2004 Ἰσαὰκ
1027 1952 1120 2004 καὶ
1172 1950 1365 2004 Ἰακὼϐ
1394 1950 1556 2006 δώσει
1594 1949 1806 2003 σύνεσιν
1841 1947 1919 2017 τῷ

2022 1957 2148 2007 tiam
2172 1994 2187 2017 ,
2226 1961 2286 2008 ut
2312 1968 2405 2020 per
2434 1954 2552 2022 ejus
2585 1954 2819 2022 pretium
2866 1968 2966 2008 nos
2999 1962 3192 2008 nostro
3225 1954 3351 2008 usui
3392 1956 3604 2010 servia~

329 2036 652 2113 ὑποζυγίῳ,
699 2043 850 2105 ὅπως
895 2041 984 2095 διὰ
1028 2040 1124 2096 τοῦ
1177 2042 1487 2113 τιμήματος
1540 2040 1705 2094 αὑτοῦ
1757 2042 1918 2110 ἡμεῖς

2019 2060 2165 2100 mus.
2216 2043 2557 2114 Epiphanius
2592 2053 2799 2110 autem,
2857 2042 2970 2099 Dco
3002 2045 3279 2109 invocato,
3326 2048 3420 2116 qui
3455 2047 3604 2101 dedit

327 2134 764 2206 διακονηθῶμεν.
800 2135 859 2188 'U
888 2134 946 2191 δὲ
984 2134 1296 2203 Ἐπιφάνιος
1334 2133 1801 2203 ἐπικαλεσάμενος
1826 2132 1917 2185 τὸν

2019 2134 2156 2189 Mosi
2220 2136 2476 2205 gratiam,
2534 2143 2595 2189 ut
2657 2135 2896 2190 maxima
2949 2136 3105 2206 signa
3161 2134 3368 2192 faceret
3415 2154 3602 2194 coram

326 2226 487 2293 Θεὸν,
533 2226 627 2281 τὸν
678 2226 838 2280 δόντα
869 2226 1030 2297 χάριν
1078 2223 1160 2296 τῷ
1201 2227 1426 2279 Μωῦσεϊ
1467 2225 1734 2279 ἐπιτελεῖν
1778 2223 1917 2277 κατὰ

2018 2226 2324 2291 Pharaone,
2360 2224 2637 2297 profectus
2664 2234 2769 2292 est,
2797 2226 2985 2280 volens
3012 2226 3234 2281 obedire
3267 2228 3427 2282 matri
3460 2244 3598 2284 suae.

329 2318 633 2386 πρόσωπον
658 2318 862 2388 Φαραὼ
892 2316 961 2370 τὰ
998 2319 1201 2388 σημεῖα
1232 2317 1299 2370 τὰ
1330 2317 1581 2387 μέγιστα,
1624 2314 1914 2387 ἐπορεύθη,

236 2480 251 2487 θ
328 2406 658 2477 βουλόμενος
688 2406 786 2477 τὴν
816 2406 1063 2474 ὑπακοὴν
1084 2404 1185 2474 τῆς
1209 2404 1345 2467 ἰδίας
1372 2404 1578 2475 μητρὸς
1607 2402 1915 2474 πληρῶσαι.

401 2497 479 2551 Β¹.
506 2498 615 2550 Καὶ
639 2497 704 2569 δὴ
738 2496 995 2550 εἰσελθὼν
1023 2498 1104 2560 είς
1128 2496 1227 2568 τήν
1260 2498 1589 2568 πανήγυριν,
1616 2497 1834 2564 ἐγένετο
1859 2496 1919 2549 τὸ

2100 2492 2167 2547 ll.
2209 2494 2346 2549 Cum
2373 2492 2441 2548 ad
2470 2492 2748 2548 nundinas
2794 2502 2977 2548 autem
3002 2502 3147 2548 esset
3186 2494 3487 2565 ingressus,
3514 2507 3605 2550 ac-

327 2586 629 2657 ὑποζύγιον
666 2588 726 2641 τὸ
755 2588 1021 2651 ἄτακτον,
1057 2585 1348 2649 εὑτακτον,
1400 2587 1495 2640 καὶ
1524 2587 1692 2658 πολλῇ
1741 2587 1919 2656 πραΰ-

2018 2586 2150 2641 cidit
2190 2595 2248 2640 ut
2281 2586 2592 2655 jumentum
2638 2585 2963 2641 indomitum
3014 2587 3168 2641 ﬁeret
3204 2586 3506 2656 placidum,
3550 2598 3604 2640 et

325 2696 457 2749 τητι
486 2679 922 2750 κεκοσμημένον.
956 2676 1296 2749 Παρεγένετο
1318 2676 1376 2729 δέ
1404 2694 1488 2741 τις
1503 2678 1756 2741 Ἰουδαῖος
1781 2678 1918 2750 ἀνὴρ

2018 2677 2175 2731 valde
2223 2684 2592 2730 mansuetum.
2642 2673 2832 2730 Adfuit
2880 2683 3061 2729 autem
3116 2676 3339 2745 quidam
3383 2673 3603 2730 Judams

326 2769 807 2840 πραγματευτὴς,
853 2768 1075 2838 ὀνόματι
1131 2766 1359 2821 Ἰακὼϐο
1427 2769 1521 2821 καὶ
1572 2764 1726 2821 εἶπεν
1782 2769 1920 2839 πρὸς

2018 2769 2345 2840 negotiator,
2392 2768 2616 2822 nomine
2655 2765 2848 2833 Iacob,
2906 2768 3001 2838 qui
3053 2767 3193 2823 dixit
3247 2768 3602 2838 Epiphanio:

341 2860 682 2927 Ἐπιφάνιονο
714 2858 923 2923 Βούλει,
948 2858 1181 2922 παιδίον,
1214 2859 1275 2911 τὸ
1301 2857 1594 2928 ὑποζύγιον
1616 2859 1775 2913 τοῦτο
1802 2878 1917 2912 πω-

2025 2861 2138 2925 Vis,
2167 2876 2201 2916 0
2230 2861 2303 2914 ﬁli
2329 2900 2343 2924 ,
2379 2861 2615 2915 vendere
2646 2860 2752 2915 hoc
2790 2860 3140 2930 jumentum?
3179 2859 3329 2915 Dixit
3367 2860 3604 2929 Epipha-

327 2948 530 3019 λῆσαι;
575 2951 633 3001 ’0
672 2949 731 3003 δέ
772 2949 1085 3017 Ἐπιφάνιος
1130 2948 1322 3002 εἶπεν·
1376 2950 1524 3014 Ναὶ,
1568 2951 1779 3020 πάτερ·
1830 2948 1918 3002 διὰ

2019 2954 2144 3007 nius
2177 2971 2190 3006 :
2223 2952 2475 3016 Maxime,
2513 2960 2690 3022 pater,
2721 2967 2786 3008 ea
2815 2952 2962 3007 enim
2994 2954 3061 3008 de
3088 2967 3253 3007 causa
3284 2952 3336 3007 id
3378 2952 3600 3007 adduxi.

326 3040 494 3095 τοῦτο
545 3043 776 3113 ἐνήνοχα
818 3042 949 3094 αὐτὸ
994 3041 1245 3096 ἐνταῦθα.
1304 3042 1364 3095 '0
1409 3041 1467 3094 δὲ
1526 3040 1719 3095 Ἰακὼϐ
1765 3036 1917 3094 εἶπεν

2020 3043 2378 3113 Respondens
2412 3052 2617 3108 autem,
2649 3044 2787 3098 dixit
2825 3043 3168 3113 Epiphanio:
3211 3045 3509 3114 Cujusnam
3542 3061 3604 3099 es

327 3135 471 3206 πρὸς
506 3134 855 3205 Ἐπιφάνιον’
883 3136 1050 3197 Ποίας
1077 3135 1375 3206 θρησκείας
1424 3134 1726 3207 ὑπάρχεις;
1776 3136 1832 3187 '0
1861 3136 1917 3187 δὲ

2020 3118 2342 3205 religionis?
2380 3133 2526 3189 Dixit
2574 3135 2916 3205 Epiphanius
2962 3154 2975 3189 :
3044 3123 3287 3190 Iudaeus.
3346 3136 3493 3190 Dixit
3552 3137 3603 3190 ei

340 3226 665 3296 Ἐπιφάνιος
705 3224 887 3281 εἶπεν·
931 3226 1203 3291 Ἰουδαῖος.
1238 3224 1408 3280 Εἶπεν
1434 3227 1491 3281 δὲ
1528 3227 1752 3281 ἰακώϐο
1783 3228 1915 3280 Σύνο

2021 3226 2189 3283 Jacob
2220 3244 2234 3281 :
2265 3227 2403 3282 Cum
2429 3228 2606 3283 simus
2640 3228 2887 3297 ejusdem
2920 3228 3122 3297 gentis,
3161 3243 3271 3283 non
3312 3229 3473 3283 debet
3517 3229 3602 3282 in-

326 3318 478 3372 εθνοι
527 3317 711 3382 ὄντες,
765 3319 839 3388 μή
884 3319 1158 3391 ἁμαρτίαν
1208 3319 1435 3390 μεσίτην
1486 3318 1739 3389 λάϐωμεν
1792 3318 1914 3372 καθ’

2023 3329 2102 3374 ter
2130 3335 2233 3375 nos
2268 3329 2551 3389 peccatum
2593 3320 2976 3375 intercedere:
3030 3320 3123 3376 sed
3166 3337 3291 3376 cum
3343 3321 3415 3376 sit
3461 3320 3604 3377 Deus

327 3410 565 3474 ἑαυτῶν,
600 3410 789 3465 τέκνον
808 3428 821 3441 ·
849 3410 985 3465 ἀλλὰ
1016 3410 1223 3465 δικαίου
1255 3410 1389 3464 Θεοῦ
1427 3410 1581 3475 ὄντες
1617 3411 1918 3465 δικαιώσω-

2023 3422 2211 3467 noster
2252 3411 2457 3481 justus,
2510 3410 2918 3465 constituamus
2953 3412 3163 3481 justum
3202 3412 3438 3481 jumenti
3477 3427 3602 3481 pre~

330 3519 437 3573 μεν
466 3503 569 3572 τὴν
598 3502 693 3556 τοῦ
717 3501 1013 3570 ὑποζυγίου
1037 3503 1224 3573 τιμήν.
1259 3502 1347 3565 Ὠς
1378 3504 1513 3573 μήτε
1547 3503 1611 3555 σὺ
1632 3501 1912 3573 ἁδικῃθῇς.

2023 3506 2179 3571 tium,
2209 3515 2270 3559 ut
2303 3520 2481 3574 neque
2523 3512 2579 3558 tu
2614 3503 2815 3573 injuria
2851 3502 3127 3569 alliciaris,
3171 3519 3273 3557 nec
3314 3519 3414 3572 ego
3456 3504 3608 3559 dam-

331 3596 475 3663 μήτε
515 3594 627 3662 ἐγὼ
671 3593 967 3665 ζημιωθῶ·
1016 3592 1090 3664 μὴ
1137 3593 1234 3647 καὶ
1274 3594 1520 3665 κατάρας
1565 3594 1778 3656 ἑαυτοῖς
1820 3595 1917 3644 ἐπ-

2023 3612 2150 3651 num
2183 3595 2362 3665 patiar
2396 3610 2504 3650 :ne
2538 3595 2831 3650 maledicta
2861 3603 3051 3665 postea
3086 3593 3246 3649 nobis
3281 3593 3601 3653 inferamus.

328 3688 652 3758 ενέγκωμεν
700 3688 838 3760 μετὰ
880 3686 1052 3741 ταῦτα
1077 3726 1090 3750 ,
1151 3687 1246 3740 καὶ
1296 3687 1664 3759 ἀγανακτήσει
1711 3688 1739 3738 ὁ
1784 3685 1918 3749 Θεὸς

2022 3700 2075 3744 et
2100 3690 2244 3745 Deus
2275 3690 2436 3745 nobis
2488 3690 2792 3756 irascatur;
2825 3689 2918 3744 sed
2955 3688 3137 3759 potius
3175 3689 3602 3753 benedictioncs,

328 3779 456 3833 καθ’
490 3779 678 3850 ήμῶψ
733 3778 870 3833 ἀλλὰ
920 3779 1121 3851 μᾶλλον
1173 3778 1463 3847 εὐλογίας*
1514 3780 1596 3832 ὅτι
1650 3774 1915 3835 εἶπενοὋ

2022 3784 2283 3855 quoniam
2305 3784 2443 3839 dixit
2469 3784 2486 3815 ⁸
2516 3802 2529 3838 :
2565 3783 2669 3849 Qui
2700 3783 2979 3847 benedicit,
3023 3782 3392 3844 benedicetur;
3425 3791 3473 3835 et
3512 3782 3604 3849 qui

329 3865 605 3941 εὐλογῶν
631 3871 962 3941 εὐλογεῖται
993 3914 1008 3939 ,
1043 3871 1142 3926 καὶ
1174 3875 1207 3926 ὀ
1231 3870 1643 3941 καταρώμενος
1666 3868 1918 3938 καταρᾶ-

2022 3878 2318 3940 maledicit,
2351 3886 2427 3932 est
2477 3876 2813 3931 maledictus.
2855 3873 2951 3930 His
2990 3882 3174 3928 autem
3221 3873 3443 3935 auditis,
3478 3871 3598 3940 Epi-

330 3982 449 4018 ται.
504 3964 769 4028 Ἀκούσας
809 3964 866 4018 δὲ
908 3962 1130 4017 ταῦταὸ
1174 3963 1508 4032 Ἐπιφάνιος,
1546 3963 1749 4035 σφόρρα
1792 3964 1917 4032 ἐφο-

2022 3970 2261 4041 phanius
2297 3969 2455 4023 valde
2504 3968 2688 4022 timuit
2735 3966 3247 4021 condemnationem
3292 3964 3482 4027 Jacob,
3553 3973 3606 4017 et

330 4057 475 4127 ϐήθη
505 4058 604 4128 τὴν
646 4056 971 4127 κατάκρισιν
1019 4054 1113 4109 τοῦ
1174 4050 1390 4121 Ἰακὼϐ,
1444 4056 1539 4108 καὶ
1578 4052 1731 4109 εἶπεν
1782 4056 1917 4125 πρὸς

2022 4063 2159 4117 dixit
2187 4061 2237 4116 ei
2270 4079 2283 4115 :
2325 4059 2464 4114 Nolo
2495 4059 2591 4113 tibi
2624 4058 2860 4129 amplius
2881 4056 3117 4112 vendere
3144 4057 3249 4110 hoc
3272 4056 3600 4125 jumentum.

329 4150 532 4203 αὐτόν·
582 4149 778 4204 Οὐκέτι
815 4148 1071 4219 βούλομαί
1116 4165 1198 4201 σοι
1245 4148 1581 4221 πιπράσκειν
1623 4149 1684 4201 τὸ
1717 4149 1917 4214 ὑποζύ-

2022 4154 2194 4209 Jacob
2226 4167 2355 4207 vero
2398 4150 2536 4206 dixit
2566 4150 2910 4221 Epiphanio:
2966 4147 3215 4215 Quanam
3251 4147 3318 4201 de
3346 4161 3535 4206 causa,
3571 4162 3603 4200 o

331 4258 453 4311 γιον
496 4241 676 4296 τοῦτο.
735 4241 793 4294 '0
832 4240 889 4293 δὲ
937 4239 1132 4293 Ἰακὼϐ
1178 4237 1333 4294 εἶπεν
1382 4240 1518 4311 πρὸς
1564 4241 1913 4310 Ἐπιφάνιον·

2023 4246 2099 4300 iili
2124 4245 2147 4298 ?
2172 4242 2515 4314 Epiphanius
2554 4242 2694 4296 dixit
2727 4241 2777 4296 ei
2805 4260 2817 4294 :
2859 4238 2971 4295 Hoc
2999 4240 3334 4309 jumentum,
3366 4252 3400 4292 0
3425 4246 3600 4306 pater,

331 4333 437 4389 Διὰ
480 4332 642 4387 ποίαν
686 4331 885 4393 αίτίαν,
930 4325 975 4385 ὼ
1022 4331 1248 4398 τέκνον;
1309 4332 1367 4382 '0
1430 4332 1745 4399 Ἐπιφάνιος
1795 4329 1914 4385 εἷπε

2022 4346 2103 4392 est
2135 4335 2376 4390 insolens
2408 4341 2463 4387 et
2489 4332 2851 4397 indomitum;
2879 4330 3251 4386 acerbissimae
3286 4344 3416 4384 vero
3443 4328 3604 4383 famis

236 4408 246 4417 ’
329 4423 474 4495 πρὸς
515 4421 709 4475 αὐτόν·
746 4422 820 4475 Τὸ
860 4420 1153 4490 ὑποζύγιον
1194 4420 1387 4486 τοῦτο,
1428 4423 1639 4494 πάτερ,
1683 4424 1846 4477 ἄτακιι

2025 4427 2290 4497 angustia
2316 4424 2535 4480 subiere
2554 4424 2778 4478 domum
2808 4437 3009 4478 meam.
3032 4422 3320 4478 Estautem
3340 4421 3476 4476 mihi
3495 4436 3606 4474 ina-

330 4518 505 4579 ἐστιν,
534 4514 631 4568 καὶ
664 4514 923 4577 στένωσις
956 4514 1288 4585 πικροτάτου
1317 4512 1478 4582 λιμοῦ
1509 4513 1829 4584 ἐπεισῆλθεν
1862 4516 1919 4567 ἐν

1994 4551 1997 4574 ι
2025 4530 2107 4575 ter
2126 4528 2179 4574 et
2205 4532 2399 4584 soror;
2432 4525 2587 4586 pater
2633 4515 2779 4570 enim
2825 4529 2983 4569 meus
3028 4515 3265 4569 excessit
3296 4529 3327 4569 e
3359 4515 3468 4567 vita
3502 4516 3604 4567 hu-

330 4606 415 4678 τῷ
444 4608 578 4679 οἴκῳ
612 4623 711 4676 μου
733 4622 748 4637 ·
784 4605 1019 4677 ὑπάρχει
1051 4604 1159 4676 γάρ
1193 4622 1282 4676 μοι
1316 4606 1531 4676 μήτηρ,
1566 4606 1657 4658 καὶ
1691 4606 1914 4675 ἀδελφή.

2027 4625 2208 4665 mana.
2230 4608 2398 4664 Mater
2410 4624 2534 4662 mea
2557 4607 2746 4678 jussit,
2765 4615 2826 4661 ut
2839 4606 3129 4662 vendet-em
3147 4607 3253 4661 hoc
3270 4606 3602 4676 jumentum,

343 4701 405 4753 Ὁ
436 4700 543 4770 γάρ
573 4699 758 4770 πατήρ
788 4714 888 4769 μου
921 4696 1145 4767 ἐξῆλθεν
1173 4697 1264 4749 τὸν
1297 4695 1408 4767 βίον
1431 4697 1522 4750 τὸν
1555 4696 1912 4768 ἀνθρώπινον.

2026 4689 2316 4773 propterea
2373 4701 2521 4772 quod
2580 4700 2705 4756 cibo
2754 4698 3154 4771 indigeremus.
3210 4696 3365 4754 Nunc
3420 4706 3602 4751 autem

332 4794 447 4865 Τῆς
489 4787 585 4846 οὖν
634 4792 840 4863 μητρός
889 4808 992 4862 μου
1020 4789 1236 4860 ἐγένετο
1264 4789 1511 4853 κέλευσις
1539 4790 1633 4842 τοῦ
1667 4790 1916 4862 πωλῆσαι

2025 4795 2207 4849 audivi
2237 4809 2298 4848 ex
2330 4802 2402 4857 te,
2437 4801 2612 4863 pater,
2642 4792 2789 4862 quod
2834 4791 3040 4846 malum
3092 4791 3164 4845 sit
3211 4791 3473 4845 damnum
3523 4788 3607 4842 af-

331 4888 393 4939 τὸ
431 4884 726 4954 ὑποζύγιον
756 4884 843 4938 διὰ
879 4885 979 4954 τὴν
1011 4884 1201 4953 χρείαν
1249 4882 1359 4935 τῶν
1391 4880 1685 4952 ἐδωδίμων.
1720 4881 1833 4936 Νῦν
1859 4882 1918 4935 δὲ

2024 4886 2208 4951 ferre;
2241 4896 2294 4941 et
2321 4885 2493 4939 Deum
2531 4884 2710 4950 timui,
2750 4899 2817 4938 ne
2843 4882 2985 4937 forte
3016 4891 3074 4937 tu
3116 4881 3253 4936 mihi
3284 4880 3606 4954 maledicas,

331 4982 546 5051 ἤκουσα
594 4950 749 5049 παρὰ
797 4950 1163 5047 σοῦξπάτερ,
1212 4976 1293 5028 ὅτι
1326 4974 1494 5028 κακὸν
1531 4950 1592 5027 τὸ
1641 4972 1916 5026 καταϐλά-

2025 4984 2075 5028 et
2110 4950 2314 5029 ille'me
2354 4975 2547 5044 puniat
2577 4983 2798 5043 propter
2845 4983 2995 5027 tuam
3043 4972 3099 5026 in
3134 4979 3223 5027 me
3263 4950 3604 5027 maledictio-

330 5089 512 5134 πτειν,
538 5072 633 5125 καὶ
662 5068 939 5140 ἐφοϐήθην
963 5068 1056 5121 τὸν
1084 5068 1238 5131 Θεὸν,
1271 5069 1480 5138 μήποτε
1502 5067 1788 5140 καταράσῃ
1824 5083 1912 5137 με,
2025 5081 2172 5122 nem.

330 5168 431 5220 καὶ
480 5163 857 5236 τιμωρήσεταί
903 5180 968 5234 με
1019 5164 1048 5217 ὁ
1085 5162 1219 5226 Θεὸς
1261 5162 1351 5216 διὰ
1389 5163 1491 5233 τῆς
1536 5162 1781 5233 κατάρας
1822 5162 1921 5234 τῆς
1956 5162 2254 5233 γενομένης
2282 5162 2361 5225 εἰς
2389 5161 2509 5232 ὲμέ.

405 5257 481 5311 Γ.
525 5257 792 5320 Ἀκούσας
838 5257 895 5311 δὲ
932 5257 1108 5311 ταῦτα
1153 5256 1180 5308 ὁ
1216 5254 1443 5320 Ἰακὼϐ,
1487 5256 1793 5327 ἐθαύμασεν
1824 5258 1916 5311 ἐπὶ

2094 5256 2179 5311 Ill.
2220 5256 2357 5312 Cum
2389 5258 2505 5312 haec
2540 5266 2722 5313 autem
2756 5256 3023 5311 audiisset
3049 5255 3238 5324 Jacob,
3264 5255 3495 5310 miratus
3520 5266 3604 5311 est

333 5352 399 5420 τῇ
435 5349 731 5419 ἀποκρίσει
759 5347 855 5401 τοῦ
887 5347 1073 5411 παιδός
1091 5348 1213 5400 ’καὶ
1231 5346 1410 5400 λαϐὼν
1432 5347 1560 5419 τρία
1582 5346 1915 5419 νομίσματα,

2023 5365 2349 5419 responsum
2395 5352 2585 5420 pueri;
2646 5350 2965 5419 accepitque
3056 5358 3166 5403 tres
3220 5364 3498 5415 nummos,
3552 5357 3605 5403 et

335 5440 539 5496 ἔδωκεν
576 5440 881 5510 Ἑπιφανίῳ
906 5480 920 5505 ,
957 5439 1074 5509 ἅμα
1121 5439 1217 5493 καὶ
1250 5439 1511 5503 τοιούτοις
1550 5437 1729 5507 λόγοις
1774 5438 1917 5492 διδά-

2024 5441 2174 5496 dedit
2204 5440 2533 5511 Epiphanio,
2571 5441 2738 5495 simul
2779 5439 2943 5494 etiam
3001 5454 3123 5494 eum
3174 5438 3379 5494 docens
3419 5438 3602 5492 verbis

338 5547 483 5583 σκων
527 5529 692 5583 αὐτόν
712 5545 726 5558 ·
758 5529 981 5591 Τέκνον,
1009 5527 1139 5582 λάϐε
1168 5526 1370 5599 ταύτην
1394 5528 1493 5599 τὴν
1526 5528 1794 5597 εὐλογίαν,
1822 5530 1916 5580 καὶ

2025 5533 2391 5604 hujusmodi:
2430 5532 2555 5600 Fili,
2624 5533 2767 5588 hanc
2810 5533 2994 5601 accipe
3046 5531 3505 5595 benedictionem,
3552 5536 3606 5583 et

340 5619 569 5693 πορεύου
601 5619 741 5690 πρὸς
770 5620 872 5692 τὴν
906 5618 1003 5692 σὴν
1030 5618 1273 5692 μητέρα·
1312 5623 1404 5676 καὶ
1449 5620 1701 5684 εἰσοίσεις
1744 5622 1803 5675 ἐν
1839 5618 1918 5691 τῷ

2029 5627 2172 5683 vade
2198 5627 2264 5683 ad
2291 5634 2523 5684 matrem
2563 5633 2736 5695 tuam,
2770 5632 2826 5680 ct
2857 5623 3059 5682 inferes
3088 5639 3264 5697 panes
3287 5624 3345 5681 in
3381 5624 3609 5681 domum

412 5775 433 5807 ⁸
455 5770 595 5831 Gen.
626 5764 801 5842 xxvn,
826 5772 917 5830 29.
