4078 6368
547 363 624 418 9,7
1808 359 1865 414 s.
1912 355 2253 414 EPlPllANll
2291 356 2473 411 vm.
3717 352 3807 426 28'

550 484 722 529 tuam.
751 473 950 529 Tecum
993 490 1208 544 quoque
1242 479 1423 546 accipe
1453 477 1556 532 hoc
1580 477 1887 547 jumentum
1915 493 1931 539 ;
1981 485 2035 528 et
2065 475 2110 528 si

2221 471 2347 541 οίκῳ
2377 489 2471 524 σου
2513 472 2728 541 ἄρτους.
2761 471 2905 524 Λάϐε
2956 472 3012 524 δὲ
3057 473 3151 525 καὶ
3193 472 3255 524 τὸ
3298 470 3599 540 ὑποζύγιον
3652 472 3819 527 τοῦτο

551 582 711 620 suum
744 567 959 635 quidem
994 576 1164 623 mutet
1187 570 1400 632 vitium,
1424 580 1479 623 et
1511 584 1695 623 mores
1727 568 2022 627 insolentes
2049 584 2113 621 ac

2221 562 2360 633 μετά
2387 561 2615 614 σεαυτοῦ
2636 579 2650 591 '
2681 562 2775 614 καὶ
2819 565 2869 614 εἰ
2909 563 3007 632 μὲν
3034 563 3329 634 διαλλάσσῃ
3361 564 3461 633 τὴν
3489 562 3683 631 κακὴν
3716 564 3819 616 αῦ-

553 666 854 725 protervos,
877 668 1094 713 maneat
1120 660 1264 713 domi
1288 670 1427 724 tuae;
1456 661 1541 714 sin
1565 668 1747 713 autem
1777 660 1830 712 in
1854 661 1956 714 hac
1989 674 2113 727 per-

2221 650 2309 703 τοῦ
2356 651 2447 703 καὶ
2467 651 2699 703 ἄτακτον
2722 650 3063 721 προαίρεσιν,
3093 651 3303 718 μενέτω
3331 653 3389 702 ἐν
3414 650 3491 720 τῷ
3526 651 3617 719 σῷ.
3638 649 3789 719 οἴκῳ
3806 670 3820 680 ·

554 759 765 803 severet
811 751 1119 815 insolentia,
1151 751 1288 819 ejice
1318 768 1349 806 e
1397 753 1508 806 tuis
1552 752 1781 814 aedibus,
1832 767 1901 805 ne
1949 751 2111 804 alicui

2221 744 2265 794 εί
2296 742 2354 794 δὲ
2384 742 2631 811 ἐπιμένοι
2662 744 2728 811 τῇ
2760 740 2992 811 ἀταξίᾳ,
3023 741 3218 794 ἔκϐαλε
3249 742 3379 794 αὐτὸ
3414 744 3480 795 ἐκ
3516 742 3621 795 τυῦ
3659 743 3821 794 οἴκου

552 856 619 892 cx
646 842 755 894 tuis
786 850 1015 895 mortem
1047 842 1255 897 afferat.
1279 843 1416 897 Cum
1444 844 1557 899 haec
1579 844 1843 897 audiisset
1873 843 2113 911 Epipha-

2221 850 2310 885 σου
2335 872 2349 895 ,
2384 835 2595 902 μήποτε
2627 833 2722 885 καὶ
2760 830 3047 902 θανατὼσῃ
3075 833 3197 885 τινὰ
3225 833 3335 884 τῶν
3361 832 3491 887 σῶν.
3530 832 3821 894 Ἀκούσας

555 930 703 993 nius,
730 940 785 983 et
815 946 847 984 a
889 929 1092 984 Jaeobo
1127 941 1234 986 tres
1264 948 1518 988 nummos
1543 934 1862 1002 accepisset,
1891 942 2113 1000 accepto

2221 925 2275 978 δὲ
2298 925 2469 978 ταῦτα
2506 926 2818 994 Ἐπιφάνιος
2837 966 2854 989 ,
2883 926 2978 977 καὶ
3011 924 3192 978 λαϐὼν
3223 926 3292 978 τά
3323 926 3451 996 τρία
3481 926 3821 995 νομίσματα

547 1021 817 1090 jumento,
852 1022 1126 1091 profectus
1156 1034 1239 1078 est
1264 1024 1318 1077 in
1365 1025 1546 1078 vicum
1577 1025 1644 1078 ad
1671 1034 1897 1079 matrem
1932 1039 2110 1079 suam.

553 1111 877 1182 Priusquam
909 1123 1088 1167 autem
1121 1116 1236 1185 ipse
1280 1115 1652 1186 ingrederetur
1682 1117 1735 1169 in
1768 1117 1972 1180 vicum,
2008 1118 2117 1171 cir-

552 1204 689 1258 citer
732 1204 880 1256 mille
916 1219 1129 1272 passus,
1170 1207 1411 1259 occurrit
1438 1206 1488 1260 ei
1512 1207 1695 1266 shomo
1728 1206 2073 1261 Christianus
2095 1248 2112 1272 ,

553 1293 774 1347 nomine
802 1293 1083 1355 Cleobius,
1108 1294 1200 1363 qui
1234 1295 1283 1347 ei
1310 1294 1487 1347 dixit:
1520 1293 1612 1347 Vis
1643 1294 1876 1348 vendere
1901 1294 2117 1362 jumen-

553 1399 692 1451 tum.
719 1404 753 1443 ο
780 1389 893 1441 (ili?
939 1386 1293 1457 Respondens
1336 1387 1475 1441 dixit
1524 1387 1901 1457 Epiphanius:
1956 1386 2113 1454 Nolo,

552 1492 728 1551 pater.
776 1480 921 1535 Dixit
948 1490 1128 1534 autem
1176 1479 1471 1535 Cleobius:
1505 1479 1563 1533 Si
1594 1481 1676 1535 vis
1702 1494 1827 1533 eum
1856 1478 2113 1544 vendere,

551 1589 685 1643 cape
718 1572 837 1642 ejus
862 1572 1117 1641 pretium,
1170 1582 1226 1626 et
1268 1572 1446 1641 ipsum
1494 1572 1629 1625 mihi
1679 1572 1943 1641 relinque.
1975 1571 2114 1625 Cum

553 1666 668 1719 haec
699 1673 879 1718 autem
916 1664 1218 1734 Epiphanio
1250 1664 1451 1718 diceret
1486 1663 1765 1727 Cleobius,
1799 1663 2003 1717 animal
2031 1664 2115 1717 in-

552 1755 788 1808 solenter
822 1754 1038 1808 irruens
1098 1762 1153 1808 et
1195 1754 1452 1823 impetum
1485 1753 1711 1819 faciens,
1749 1753 2111 1823 Epiphanium

2215 1016 2368 1086 παρά
2395 1016 2491 1068 τοῦ
2528 1015 2722 1069 Ἰακὼό
2746 1056 2763 1081 ,
2795 1016 2974 1068 λαϐὼν
2998 1016 3059 1069 τὸ
3089 1015 3381 1083 ὑποζύγιον
3409 1015 3698 1085 ἐπορεύθη
3734 1016 3820 1079 είς

2214 1106 2311 1177 τὴν
2337 1107 2500 1160 αὑτοῦ
2533 1107 2745 1178 κώμην.
2794 1108 2883 1170 Ὧς
2915 1108 3023 1161 ἀπὸ
3047 1108 3272 1179 σημείου
3305 1108 3423 1171 ἐνὸς
3442 1150 3456 1171 ,
3485 1109 3822 1178 ἀπήντησεν

2214 1198 2364 1267 αὐτῷ
2397 1197 2681 1269 ἄνθρωπος
2713 1199 3065 1270 Χριστιανὸς,
3116 1200 3339 1269 ὀνόματι
3370 1198 3639 1261 Κλεόὸιος
3660 1236 3679 1259 ,
3718 1200 3821 1252 καὶ

2214 1285 2368 1342 εἶπεν
2414 1290 2549 1361 πρὸς
2614 1290 2810 1343 αὐτόν·
2863 1291 3205 1361 Πιπράσκεις
3266 1292 3326 1344 τὸ
3373 1290 3719 1358 ὑποζύγιον,
3772 1286 3820 1342 ὦ

2214 1380 2435 1444 τέκνονς
2478 1381 2536 1432 Ὁ
2575 1381 2633 1433 δὲ
2675 1382 2991 1450 Ἐπιφάνιος
3034 1380 3354 1453 ἀποκριθεὶς
3412 1378 3606 1434 εἶπεν·
3648 1381 3815 1449 Οὐχὶ,

2216 1472 2407 1543 πάτερ.
2450 1473 2509 1525 Ὀ
2528 1474 2586 1525 δὲ
2618 1473 2876 1535 Κλεόϐιος
2900 1489 2914 1501 ·
2955 1472 3081 1526 Ἐἀν
3114 1474 3451 1542 πιπράσκεις
3478 1471 3643 1536 αὐτὸ,
3674 1471 3816 1525 λάϐε

2212 1565 2274 1616 τὸ
2307 1564 2524 1634 τίμημα
2548 1563 2736 1629 αὐτοῦ,
2779 1564 2875 1617 καὶ
2919 1564 3076 1616 ἔασόν
3113 1581 3203 1634 μοι
3226 1563 3379 1617 αὐτό.
3418 1563 3505 1627 Ὠς
3528 1563 3588 1615 δέ
3628 1559 3817 1614 ταῦτα

2214 1656 2391 1709 ἐλάλει
2412 1659 2441 1709 ὀ
2460 1655 2719 1719 Κλεόδιος
2748 1656 2884 1726 πρὸς
2917 1653 3252 1725 Ἐπιφάνιον,
3282 1655 3344 1708 τὸ
3372 1653 3510 1719 ζῶον
3546 1653 3816 1715 ἀτάκτως

2216 1746 2451 1816 ἐνεχθὲν,
2483 1748 2578 1800 καὶ
2601 1746 2862 1799 ἐπι-πεσὸν
2896 1740 3197 1817 Ἐπιφανίῳ
3228 1744 3595 1815 διεσπάραξεν
3632 1743 3814 1797 αὐτὸν

551 1844 813 1908 excussit,
861 1844 1117 1913 humique
1158 1844 1343 1908 allisit,
1378 1853 1433 1899 et
1463 1844 1596 1911 abiit
1639 1856 1795 1899 extra
1841 1846 2112 1900 semitam.

2221 1840 2308 1892 ἐπὶ
2336 1840 2435 1909 τῆς
2462 1840 2594 1909 γῆς·
2629 1838 2723 1892 καὶ
2753 1840 2887 1892 αὐτὸ
2940 1835 3163 1907 ἐξῆλθεν
3210 1837 3313 1902 ἔξω
3356 1837 3457 1907 τῆς
3488 1837 3711 1909 τρίϐου.
3756 1836 3815 1889 '0

551 1934 887 2004 Epiphanius
928 1945 1105 1989 autem
1149 1951 1214 1990 ex
1262 1936 1497 2006 jumenti
1551 1937 1841 1992 insolentia
1892 1954 2114 2007 gravem

551 2027 759 2096 accepit
781 2026 1042 2090 dolorem,
1084 2026 1343 2093 humique
1361 2026 1616 2096 |jacehat,
1646 2026 1779 2081 ﬂens
1836 2043 2024 2083 amare
2063 2038 2119 2083 et

553 2132 662 2170 non
719 2116 903 2171 valens
955 2131 1199 2185 surgere.
1253 2115 1509 2171 Cleobius
1555 2131 1685 2171 vero
1728 2117 1995 2171 accaiens
2049 2117 2118 2172 ad

554 2205 916 2275 Epiphaniam
963 2213 1019 2259 et
1051 2205 1226 2258 lentur
1273 2205 1396 2274 ejus
1432 2214 1621 2260 tenens
1664 2206 1721 2259 in
1768 2221 1836 2261 eo
1882 2206 2024 2269 loco,
2060 2208 2116 2262 in

552 2312 664 2367 quo
702 2296 923 2352 allectus
970 2296 1145 2350 fuerat
1174 2297 1242 2350 ab
1291 2296 1547 2372 insolenti
1587 2298 1781 2361 bestia,
1832 2314 1957 2353 cum
1988 2314 2114 2353 eum

552 2396 637 2442 ter
671 2387 959 2457 signasset,
990 2386 1175 2441 statim
1204 2387 1376 2441 erexit
1403 2374 1537 2441 nihil
1567 2388 1694 2442 mali
1733 2389 1789 2443 in
1824 2406 1883 2445 se
1911 2373 2118 2445 haben-

553 2491 682 2533 tem.
719 2478 974 2533 Cleobius
1027 2488 1207 2532 autem
1252 2477 1388 2532 dixit
1437 2478 1685 2547 jumento
1750 2480 1910 2549 pleno
1966 2481 2116 2536 omni

552 2570 842 2625 insolentia
904 2587 917 2623 :
969 2568 1089 2623 Tibi
1139 2570 1282 2635 dico,
1361 2573 1619 2638 quoniam
1687 2570 1909 2625 voluisti
1962 2582 2115 2627 tuum

549 2661 834 2715 dominum
887 2661 1154 2725 occidere,
1206 2660 1259 2713 in
1306 2661 1525 2715 nomine
1568 2660 1696 2716 Iesu
1739 2662 1944 2718 Christi
1993 2680 2118 2719 cru-

548 2751 719 2815 eitixi,
783 2765 890 2803 non
945 2751 1176 2819 amplius
1231 2752 1463 2806 excedas
1517 2766 1584 2806 ex
1640 2752 1741 2806 hoc
1784 2753 1924 2808 loco.
1959 2754 2114 2820 Quod

554 2853 840 2911 postquam
901 2842 1127 2896 dixisset
1188 2841 1479 2911 Cleobius,
1550 2843 1857 2913 jumentum
1932 2847 2115 2900 statim

554 2932 750 2987 cecidit
814 2932 868 2986 in
934 2942 1129 2986 terram
1206 2940 1504 2988 mortuum.
1571 2933 1850 2987 Cleobium
1934 2944 2116 2989 autem

558 3023 906 3092 interrogavit
950 3022 1307 3093 Epiphanius,
1348 3023 1536 3078 dicens
1579 3043 1592 3078 :
1633 3023 1767 3090 Quis
1809 3034 1913 3091 est,
1948 3041 1983 3080 ο
2024 3043 2117 3095 ρον

555 3123 660 3177 ter,
683 3113 841 3169 Jesus
874 3115 1187 3176 cruciﬁxus,
1228 3115 1373 3184 quod
1414 3114 1540 3169 talia
1573 3116 1711 3170 ﬁunt
1738 3132 1834 3185 per
1861 3117 1981 3186 ejus
2015 3135 2116 3173 no-

557 3206 721 3259 men?
761 3204 1060 3275 Respondit
1080 3206 1353 3270 Cleobius,
1388 3216 1442 3261 et
1473 3205 1611 3260 dixit
1642 3205 1978 3276 Epiphanio:
2022 3208 2119 3263 llic

552 3295 716 3350 Jesus
757 3306 841 3351 est
883 3296 1052 3351 Filius
1088 3296 1219 3362 Dei,
1260 3314 1422 3367 quem
1485 3299 1871 3354 cruciﬁxerunt
1923 3298 2116 3355 Judtei.

556 3386 892 3455 Epiphanius
937 3404 1063 3441 vero
1104 3389 1283 3443 timuit
1315 3390 1627 3459 signiﬁcare
1657 3389 1883 3445 Cleobio
1909 3406 1968 3445 se
1997 3407 2120 3446 esse

555 3478 828 3533 Judaeum.
882 3478 1136 3534 Cleobius
1187 3490 1367 3534 autem
1421 3482 1657 3550 perrexit
1690 3498 1851 3537 suum
1887 3484 1991 3537 iter
2037 3484 2122 3536 in-

558 3570 731 3639 gredi,
759 3579 814 3624 et
848 3569 1183 3640 Epiphanius
1236 3572 1291 3626 in
1353 3573 1534 3628 vicum
1588 3574 1739 3629 venit
1786 3575 1854 3629 ad
1890 3583 2118 3629 matrem

556 3678 738 3717 suam.
769 3662 939 3728 Quem
966 3664 1155 3719 videns
1194 3674 1386 3729 mater,
1414 3666 1625 3735 excepit
1668 3682 1791 3720 cum
1824 3682 1949 3721 cum
1987 3682 2122 3737 gau-

558 3755 673 3810 dio.
712 3755 871 3808 Matri
902 3771 1029 3809 vero
1075 3771 1188 3810 sure
1232 3758 1486 3826 exposuit
1528 3757 1863 3827 Epiphanius
1914 3760 2120 3823 omnia,

558 3862 681 3914 quae
725 3846 826 3901 sibi
860 3857 1154 3901 evenerant
1205 3857 1425 3917 propter
1477 3848 1797 3903 insolentem
1847 3858 1900 3903 et
1950 3850 2122 3918 pessi-

559 3954 705 3992 mam
736 3939 982 3993 bestiam.
1006 3940 1299 4009 Aliquanto
1326 3950 1505 3994 autem
1540 3949 1664 4010 post
1707 3950 1951 4009 tempore
1986 3943 2124 3996 dixit

559 4041 734 4086 mater
763 4031 1062 4102 Epiphanio
1120 4051 1133 4085 :
1180 4030 1339 4099 Ecce,
1390 4032 1497 4097 ﬁli,
1555 4040 1699 4087 terra
1750 4033 1950 4088 inculta
1991 4035 2123 4088 nihil

558 4124 830 4191 producit,
882 4139 1057 4192 neque
1090 4125 1247 4179 nobis
1297 4138 1363 4179 ex
1412 4139 1475 4178 ea
1529 4133 1613 4179 est
1661 4124 1865 4194 aliquid
1920 4126 2119 4180 solatii.

563 4215 694 4269 Erat
732 4228 911 4271 autem
949 4217 1029 4271 eis
1073 4216 1349 4286 quoddam
1399 4217 1735 4286 praediolum,
1786 4218 1931 4287 quod
1972 4225 2125 4287 pater

561 4307 685 4376 ejus
713 4308 997 4377 diligenter
1029 4311 1235 4374 colens,
1282 4326 1346 4364 ex
1376 4324 1442 4364 eo
1472 4309 1708 4363 habebat
1734 4310 1941 4379 aliquid
1981 4310 2125 4364 sola-

563 4398 646 4451 tii.
700 4397 847 4452 Dixit
904 4416 1035 4470 ergo
1066 4402 1114 4455 ei
1167 4412 1381 4456 mater:
1441 4399 1753 4455 Vendamus
1804 4401 2123 4470 praediolum

2144 3168 2188 3226 ϐ

2217 1927 2310 1984 οὖν
2348 1931 2658 2001 Ἐπιφάνιος
2700 1931 2807 1985 ἀπὸ
2836 1932 2932 2001 τῆς
2968 1931 3088 2000 βίας
3118 1931 3219 2000 τῆς
3264 1930 3491 1996 ἀταξίας
3532 1931 3631 1985 τοῦ
3670 1932 3815 1984 ὑπο-

2218 2021 2403 2088 ζυγίου
2436 2021 2636 2074 ἔπαθεν
2668 2023 2759 2075 τὸν
2793 2021 2987 2075 ἑαυτοῦ
3024 2023 3219 2094 μηρὸν,
3251 2023 3346 2075 καὶ
3376 2022 3556 2077 ἔκειτο
3578 2023 3682 2076 ἐπὶ
3707 2022 3816 2091 τῆς

2217 2111 2356 2181 γῆς,
2414 2112 2612 2166 κλαίων
2657 2112 2752 2166 καὶ
2785 2113 2859 2183 μὴ
2892 2113 3192 2183 δυνάμενος
3220 2113 3543 2183 ἀναστῆναι.
3591 2114 3661 2167 Ὀ
3716 2108 3816 2166 οῦν

2217 2203 2474 2267 Κλεόϐιος
2506 2202 2815 2275 προσελθὼν
2849 2204 3173 2274 Ἐπιφανίῳ,
3203 2206 3485 2275 κρατήσας
3510 2202 3691 2257 αὑτοῦ
3718 2203 3814 2256 τὸν

2221 2293 2392 2363 μηρὸν
2436 2296 2494 2345 ἐν
2536 2292 2614 2364 τῷ
2648 2295 2835 2365 τόπῳ,
2879 2288 2925 2362 ᾧ
2969 2294 3233 2348 πέπονθεν
3281 2295 3386 2348 ὑπὸ
3423 2294 3517 2348 τοῦ
3560 2295 3814 2349 ἀτάκτου

2217 2382 2355 2447 {ibeo
2374 2425 2389 2447 ,
2419 2385 2514 2437 καὶ
2545 2386 2850 2454 σφραγίσας
2878 2386 3043 2439 αὐτὸν
3074 2386 3258 2456 τρίτον
3280 2426 3295 2449 ,
3326 2385 3529 2449 εὐθέως
3554 2386 3773 2455 ἀνέστη
3794 2425 3815 2449 ,

2221 2475 2383 2545 μηδὲν
2413 2476 2582 2528 κακὸν
2612 2474 2751 2545 ἔχων
2797 2477 2856 2528 ἐν
2897 2475 3097 2546 ἐαυτῷ.
3144 2476 3203 2529 Ὀ
3244 2477 3301 2529 δὲ
3343 2477 3607 2541 Κλεόὸιος
3650 2472 3814 2530 εἷπεν

2218 2568 2357 2637 πρὸς
2397 2568 2459 2620 τὸ
2505 2567 2801 2635 ὑποζύγιον
2834 2568 3014 2637 πάσης
3052 2569 3278 2635 ἀταξίας
3329 2568 3772 2639 πεπληρωμένον
3795 2584 3813 2598 ν

2230 2658 2445 2727 Ἐπειδὴ
2478 2657 2784 2728 ἠϐουλήθης
2806 2658 3115 2712 θανατῶσαι
3141 2660 3234 2713 τὸν
3264 2659 3395 2711 ῖδιον
3422 2659 3723 2728 δεσπότην,
3752 2660 3815 2710 ἐν

2216 2745 2294 2815 τῷ
2325 2748 2547 2817 ὀνόματι
2576 2748 2750 2817 Ἰησοῦ
2787 2746 3019 2818 Χριστοῦ
3035 2749 3127 2802 τοῦ
3159 2751 3576 2820 ἐσταυρωμένου
3597 2790 3613 2813 ,
3653 2768 3811 2820 μηκ-

2219 2837 2301 2890 έτι
2359 2838 2620 2909 μετέλθῃς
2647 2842 2713 2892 ἐκ
2740 2838 2836 2891 τοῦ
2862 2839 3027 2892 τόπου
3050 2841 3262 2893 τούτου.
3289 2842 3398 2893 Καὶ
3429 2842 3523 2894 ἐπὶ
3546 2840 3631 2912 τῷ
3653 2840 3811 2909 λόγῳ

2217 2930 2479 2983 Κλεοῆίου
2505 2932 2707 2994 εὐθέως
2737 2932 2932 2984 ἔπεσεν
2963 2933 3026 2985 τὸ
3054 2933 3348 3001 ὑποζύγιον
3400 2936 3493 2987 ἐπὶ
3534 2936 3638 3005 τὴν
3674 2935 3809 3004 γῆν,

2217 3021 2311 3073 καὶ
2336 3021 2625 3074 ἀπέθανεν.
2662 3023 2773 3074 Καὶ
2804 3021 3140 3093 ἐπεζήτησεν
3163 3025 3482 3092 Ἐπιφάνιος
3502 3025 3596 3077 τὸν
3626 3026 3807 3078 K126-

2219 3111 2356 3175 ὄιον,
2385 3112 2589 3180 λέγων·
2622 3113 2720 3176 Τίς
2750 3116 2917 3177 ἐστιν,
2944 3114 3139 3185 πάτερ,
3154 3114 3361 3184 Ἰησοῦς
3385 3117 3414 3167 ό
3444 3117 3808 3187 ἐσταυρωμέ-

2219 3220 2328 3265 νος,
2350 3204 2433 3256 ὅτι
2454 3203 2677 3256 τοιαῦτα
2701 3206 2905 3274 σημεῖα
2925 3204 3133 3273 γίνεται
3159 3205 3227 3258 δι’
3263 3206 3463 3271 αὑτοῦ;
3494 3206 3805 3278 ’Ᾱπεκρίθη

2220 3295 2496 3357 Κλεόὸιος.
2522 3296 2616 3347 καὶ
2636 3291 2787 3347 εἶπεν
2810 3295 2946 3366 πρὸς
2967 3295 3285 3364 Ἐπιφάνιον
3310 3311 3322 3324 ·
3355 3292 3523 3360 Οὗτος
3547 3300 3576 3350 ό
3592 3298 3813 3368 Ἰησοῦς

2219 3385 2366 3438 ἐστιν
2394 3386 2423 3437 ό
2460 3385 2586 3448 Υἱὸς
2614 3384 2708 3437 τοῦ
2745 3385 2879 3437 Θεοῦ
2910 3424 2927 3449 ,
2973 3386 3033 3439 ὃν
3061 3387 3416 3457 ἐσταύρωσαν
3453 3389 3502 3440 οἱ
3537 3388 3805 3441 Ἰουδαῖοι.

2230 3474 2291 3527 ὐ
2335 3475 2393 3528 δὲ
2435 3476 2752 3544 Ἐπιφάνιος
2796 3476 3034 3547 ἐφοϐήθη
3079 3478 3397 3546 ἀναγγεῖλαι
3427 3478 3507 3548 τῷ
3535 3478 3809 3550 Κλεοείῳ,

2220 3567 2303 3619 ὅτι
2345 3566 2594 3630 Ἰουδαῖός
2634 3569 2801 3620 ἐστιν.
2847 3569 2904 3620 'U
2949 3564 3043 3621 οῦν
3084 3570 3339 3634 Κλεόόιος
3387 3571 3664 3642 ἐπορεύθη
3708 3570 3809 3641 τὴν

2223 3657 2415 3710 ἐαυτοῦ
2443 3657 2580 3723 ὁδὸν,
2614 3659 2707 3711 καὶ
2743 3657 3055 3726 Ἐπιφάνιος
3081 3659 3328 3729 εἰσῆλθεν
3363 3664 3445 3724 εἰς
3475 3663 3575 3731 τὴν
3602 3661 3807 3715 ἑαυτοῦ

2222 3748 2416 3820 κώμην
2446 3750 2581 3821 πρὸς
2609 3751 2708 3821 τὴν
2740 3750 2931 3804 ἑαυτοῦ
2962 3752 3193 3823 μητέρα.
3249 3753 3455 3806 ’ἰδοῦσα
3480 3754 3540 3808 δὲ
3573 3756 3741 3808 αὐτὸν
3770 3758 3803 3824 ἡ

2226 3843 2407 3913 μήτηρ
2441 3841 2628 3907 αὐτοῦ,
2661 3842 2959 3907 ἀπεδέξατο
2985 3843 3147 3897 αὐτὸν
3179 3844 3317 3914 μετά
3346 3846 3545 3915 χαρᾶς,
3591 3847 3689 3898 καὶ
3720 3846 3808 3908 ἐξ-

2223 3933 2468 4002 ηγήσατο
2514 3932 2613 3986 ὅσα
2662 3932 2859 4002 συνέϐη
2892 3932 3039 4003 αὐτῷ
3085 3933 3172 3986 διά
3214 3934 3309 3986 τοῦ
3359 3935 3594 3988 ἀτάκτου
3638 3934 3803 3999 ζώου.

2223 4023 2430 4094 Χρόνου
2461 4023 2517 4075 δὲ
2547 4024 2905 4095 παρελθόντος
2960 4019 3113 4077 εἶπεν
3158 4026 3191 4094 ἡ
3245 4026 3429 4095 μήτηρ
3483 4026 3805 4095 Ἐπιφανίου

2224 4115 2360 4186 πρὸς
2410 4116 2570 4169 αὐτόν
2590 4133 2603 4145 ·
2642 4116 2771 4169 Ἰδοὺ
2801 4119 2865 4187 δὴ
2886 4159 2900 4181 ,
2934 4117 3145 4178 τέκνον,
3179 4119 3211 4186 ἡ
3246 4118 3316 4186 γῆ
3351 4117 3635 4188 ἀμελεῖται
3660 4161 3675 4185 ,
3709 4120 3804 4176 καὶ

2224 4206 2567 4277 παραμύθιον
2610 4208 2741 4277 ἡμῖν
2766 4208 2918 4261 οὐδέν
2950 4210 3097 4260 ἐστιν
3128 4206 3187 4271 ἐξ
3213 4209 3402 4277 αὐτῆς.
3427 4205 3535 4262 Ἦν
3560 4210 3671 4281 γὰρ
3704 4210 3806 4263 αὑ-

2226 4301 2333 4360 τοῖς
2376 4298 2449 4367 γῆ
2490 4298 2596 4350 ίδία
2646 4300 2853 4369 μικράο
2885 4300 2951 4369 ἢν
2986 4299 3079 4352 καὶ
3119 4300 3147 4351 ὁ
3196 4299 3379 4369 πατὴρ
3431 4300 3596 4354 αὑτοῦ
3627 4301 3804 4371 ἐμπό-

2224 4406 2329 4451 νως
2361 4390 2564 4460 ταύτην
2594 4390 2877 4461 γεωργῶν,
2904 4387 3048 4460 εἶχέν
3077 4409 3197 4443 τινα
3231 4392 3582 4462 παραμυθίαν
3620 4394 3685 4457 ἐξ
3710 4393 3805 4445 αὐ·-

564 4497 814 4542 nostrum
846 4490 1053 4544 homini
1094 4492 1343 4561 agricolae
1375 4509 1389 4545 :
1424 4501 1475 4547 et
1503 4503 1557 4545 tu
1605 4492 1739 4545 vade
1778 4493 1843 4545 ad
1884 4492 2118 4562 aliquem

2224 4480 2343 4549 τῆς.
2398 4475 2566 4534 Εἶπεν
2620 4477 2715 4535 οῦν
2770 4483 2803 4551 ὴ
2851 4478 3021 4535 αὐτοῦ
3073 4483 3284 4553 μήτηρ’
3349 4483 3700 4553 Ἀποδώμεθα
3745 4484 3805 4536 τὸ

565 4578 839 4634 hominem
894 4580 1062 4635 Deum
1106 4582 1409 4643 timentem,
1459 4591 1513 4635 et
1563 4581 1715 4635 disce
1769 4590 1965 4645 artem,
2016 4598 2120 4651 qua

564 4672 742 4738 possis
775 4683 827 4726 te
851 4674 1015 4739 alere,
1042 4673 1284 4744 mihique
1322 4683 1377 4728 et
1406 4683 1512 4728 tua:
1553 4673 1730 4730 sorori
1757 4688 1951 4744 panem
1993 4690 2125 4744 sup-

563 4762 819 4831 peditare.

634 4944 723 5001 IV.
782 4943 913 5000 Erat
950 4952 1131 4999 autem
1178 4943 1397 5012 quidam
1441 4941 1662 4998 Iudaeus
1697 4941 2041 5014 legisperitus
2069 4941 2125 4995 in

562 5037 781 5089 civitate
811 5034 1234 5101 Eleutheropoli,
1267 5035 1349 5087 vir
1379 5034 1733 5089 admirandus
1756 5043 1810 5088 et
1836 5033 2125 5103 religiosus

561 5132 926 5191 congruenter
957 5122 1059 5191 legi
1086 5120 1305 5192 Moysis.
1359 5121 1407 5176 ls
1454 5122 1688 5177 habebat
1720 5121 2126 5192 possessionem

562 5217 618 5268 in
647 5214 790 5278 vico,
816 5213 868 5272 in
900 5230 1008 5283 quo
1036 5223 1195 5269 natus
1228 5223 1344 5269 erat
1373 5213 1729 5285 Epiphanius,
1764 5214 1858 5282 qui
1889 5214 2002 5283 jam
2037 5228 2129 5268 co-

562 5306 857 5374 gnoscebat
877 5306 996 5375 ejus
1036 5316 1242 5376 patrem
1270 5316 1321 5359 et
1364 5314 1614 5369 matrem,
1651 5305 1899 5359 similiter
1945 5313 2126 5357 autem

566 5395 923 5465 Epiphanium
981 5407 1034 5452 et
1065 5398 1185 5467 ejus
1226 5412 1494 5451 sororem.
1523 5395 1574 5450 ls
1620 5411 1744 5450 cum
1776 5396 2017 5450 venisset
2058 5394 2125 5448 ad

567 5485 813 5539 visendas
865 5502 990 5541 suas
1046 5488 1451 5556 possessiones,
1496 5484 1632 5539 dixit
1689 5484 1846 5537 matri
1889 5482 2128 5552 Epipha-

566 5573 641 5625 nii
670 5591 683 5625 :
730 5571 940 5638 Mulier,
974 5575 1056 5629 vis
1096 5575 1224 5627 dare
1267 5574 1397 5627 mihi
1431 5573 1600 5627 lilium
1634 5581 1786 5627 tuum
1820 5571 1875 5626 in
1908 5573 2129 5626 ﬁlium?

567 5671 733 5729 tuque
779 5672 833 5717 et
886 5674 977 5718 tua
1024 5664 1132 5717 ﬁlia
1165 5664 1429 5732 paraliitis
1471 5678 1501 5718 e
1549 5662 1712 5718 domo
1743 5673 1952 5727 nostra,
1998 5678 2123 5733 quae.

562 5762 725 5808 erunt
757 5754 908 5811 vobis
934 5754 1076 5812 usui.
1102 5754 1269 5811 Mater
1296 5766 1473 5811 autem
1514 5754 1818 5825 Epiphanii,
1852 5771 1974 5810 cum
2010 5756 2120 5811 luce

2226 4572 2429 4643 γηίδιον
2450 4572 2607 4643 ἡμῶν
2634 4573 2905 4646 ἀνθρώπῳ
2927 4573 3157 4645 γεωργῷ
3177 4591 3190 4603 ·
3220 4573 3315 4626 καὶ
3340 4576 3405 4628 σὺ
3430 4574 3640 4629 εἴσελθε
3668 4576 3804 4646 πρὸς

2226 4665 2482 4733 θεόφοῧον
2519 4666 2821 4736 ἄνθρωπον,
2884 4667 2978 4719 καὶ
3025 4666 3115 4718 ἔσο
3156 4665 3539 4736 διδασκόμενος
3588 4666 3801 4736 τέχνην,

2225 4755 2292 4808 δι’
2322 4750 2391 4827 ἧς
2420 4755 2644 4809 δύνασαι
2687 4757 2779 4809 καὶ
2813 4756 3001 4809 ἐαυτὸν
3028 4758 3289 4828 τρέφειν,
3318 4758 3412 4811 καὶ
3442 4758 3586 4827 ἐμοὶ,
3614 4759 3709 4810 καὶ
3738 4758 3808 4826 τῇ

2225 4847 2428 4917 ἀδελφῇ
2462 4864 2555 4900 σου
2581 4847 2739 4918 ἀρτον
2769 4850 3039 4917 χορηγεῖν.

2298 4940 2371 4990 Δ⁰.
2414 4934 2522 4989 τΗν
2551 4938 2611 4990 δέ
2632 4956 2714 5001 τις
2753 4939 3005 5000 Ἰουδαῖος
3037 4939 3485 5009 νομοδιδάσκαλος
3518 4942 3575 4994 ἐν
3620 4942 3803 4995 Ἑλευ-

2230 5029 2529 5100 θεροπόλει,
2565 5030 2705 5100 ἀνὴρ
2734 5029 3045 5099 θαυμαστὸς
3077 5032 3171 5083 καὶ
3216 5030 3499 5101 θεοσεὸὴς,
3540 5033 3685 5086 κατά
3715 5035 3809 5086 τὸν

2229 5118 2389 5188 νόμον
2421 5119 2722 5183 Μωῦσέως.
2764 5115 2931 5184 Οὗτος
2975 5117 3120 5192 εἶχεν
3158 5124 3381 5192 κτήσεις
3423 5126 3481 5177 ἐν
3522 5125 3587 5193 τῇ
3622 5122 3801 5193 κώμῃ,

2229 5211 2286 5267 ἐν
2386 5211 2644 5283 ἐγεννήθη
2698 5212 3044 5281 Ἐπιφάνιος’
3091 5213 3150 5276 ὃς
3197 5215 3291 5266 καὶ
3330 5215 3422 5268 τὸν
3461 5215 3673 5285 πατέρα
3706 5216 3800 5267 αὑ-

2229 5298 2322 5351 τοῦ
2358 5300 2514 5369 ᾔδει,
2565 5301 2658 5354 καὶ
2700 5301 2798 5372 τὴν
2850 5302 3062 5372 μητέρα
3108 5302 3437 5368 ἐγίνωσκεν,
3468 5303 3669 5373 ὁμοίως
3714 5304 3799 5356 καὶ

2243 5390 2557 5459 Ἐπιφάνιον
2589 5392 2681 5443 καὶ
2705 5390 2802 5461 τὴν
2829 5392 2993 5445 αὐτοῦ
3028 5392 3284 5462 ἀδελςρήν.
3334 5388 3502 5455 Οὗτος
3548 5393 3805 5446 εἰσελθὼν

2230 5482 2311 5544 εἰς
2344 5482 2628 5550 ἐπίσκεψιν
2652 5484 2760 5537 τῶν
2789 5483 2985 5537 ἑαυτοῦ
3015 5485 3338 5555 κτημάτων,
3367 5481 3517 5537 εἶπεν
3547 5485 3681 5555 πρὸς
3706 5486 3801 5555 τὴν

2233 5573 2441 5645 μητέρα
2498 5574 2849 5643 Ἐπιφανίου·
2896 5576 3083 5638 Γύναι,
3132 5576 3294 5648 βούλῃ
3342 5594 3433 5646 μοι
3484 5576 3668 5631 δοῦναι
3714 5579 3802 5629 τὸν

2229 5663 2343 5716 υἱόν
2372 5680 2465 5716 σου
2489 5665 2568 5728 εἰς
2600 5665 2711 5718 υιόν
2737 5683 2751 5729 ;
2778 5667 2868 5718 καὶ
2902 5666 2999 5738 ἔσῃ
3023 5667 3117 5719 καὶ
3149 5668 3212 5719 σὺ
3249 5668 3343 5720 καὶ
3371 5670 3404 5737 ἡ
3430 5667 3677 5739 θυγάτηρ
3709 5686 3798 5721 σου

2228 5754 2328 5818 τὰς
2352 5755 2538 5826 χρείας
2567 5756 2719 5827 ὑμῶν
2752 5757 3101 5830 ποριζόμεναι
3134 5760 3199 5812 ἐκ
3219 5757 3315 5813 τοῦ
3334 5758 3601 5829 ἡμετέρου
3625 5760 3806 5823 o'atou,
