4078 6368
332 413 403 468 29
1640 415 1699 469 S.
1735 414 2074 468 EPIPIIANII
2116 414 2267 481 νΠΑ
2279 456 2291 469 .
3519 415 3588 469 56

342 506 411 560 Ἦ
434 505 491 558 δὲ
523 506 707 578 μήτηρ
745 504 1063 575 Ἐπιφανίου
1092 506 1374 561 ἀκούσασα
1398 507 1551 580 παρὰ
1571 510 1662 563 τοῦ
1689 512 1907 581 νομικοῦ

2027 512 2292 567 audiisset
2339 526 2368 565 a
2402 511 2735 581 legisperito,
2764 510 2921 565 va.de
2978 511 3152 565 laetata
3208 517 3294 564 est
3334 526 3348 563 :
3384 516 3436 562 et
3460 525 3586 564 cum

332 596 536 661 ταῦτα,
584 597 755 667 ἐχάρη
800 597 932 650 πολὺ
952 637 967 660 ,
1001 598 1093 650 καὶ
1127 598 1366 652 λαϐοῦσα
1406 601 1742 669 Ἐπιφάνιον,
1775 619 1915 671 παρ-

331 685 535 737 έδωκεν
568 686 730 738 αὑτὸν
762 687 1109 757 παραχρῆμα
1140 691 1220 751 είς
1251 689 1385 741 υἱόν.
1430 690 1503 742 Τὸ
1535 690 1593 743 δέ
1621 691 1790 759 ὄνομα
1821 693 1913 745 τοῦ

330 775 560 843 νομικοῦ
586 776 835 829 ἐκαλεῖτο
864 777 1119 847 Τρύφων.
1151 774 1321 842 Οὗτος
1351 775 1494 850 εἶχεν
1523 780 1793 851 θυγατέρα
1821 800 1915 851 μο-

318 867 525 936 νογενῆ
546 884 561 896 ο
590 866 929 929 ἐϐούλετοιδέ
960 869 1163 941 ταύτην
1198 870 1469 936 συζεῦξαι
1496 873 1818 944 Ἑπιφανίῳ.

404 957 486 1011 Ε’.
538 958 599 1009 Ὀ
641 955 733 1011 οὖν
769 960 1002 1030 Τρύφων
1054 961 1235 1015 λαϐὼν
1292 963 1605 1034 Ἐπιφάνιον
1649 968 1729 1029 είς
1779 968 1911 1028 υἱὸν,

330 1048 651 1101 ἐπαίδευσεν
706 1050 867 1104 αὑτὸν
917 1054 1169 1122 ἐμπόνως
1208 1054 1276 1107 τὰ
1326 1054 1421 1107 τοῦ
1474 1056 1673 1126 νόμου,
1714 1059 1806 1110 καὶ
1848 1058 1913 1110 τὰ

334 1145 576 1211 στοιχεῖα
610 1142 682 1197 τὰ
727 1143 991 1215 Ἑϐραϊκὰ
1022 1145 1158 1215 μετὰ
1190 1145 1494 1217 ἀκριϐείας.
1535 1147 1914 1218 Ἐτελεύτησεν

327 1237 387 1289 δὲ
415 1239 450 1309 ή
479 1238 727 1309 Θυγάτηρ
764 1238 856 1292 τοῦ
889 1239 1183 1311 Τρύφωνος
1204 1280 1218 1305 ,
1259 1241 1354 1293 καὶ
1403 1241 1563 1312 μόνος
1603 1243 1914 1311 Ἐπιφάνιος

326 1324 397 1399 ἦν
419 1331 481 1381 ἐν
503 1330 579 1401 τῷ
606 1330 739 1400 οἴκῳ
762 1330 927 1385 αὑτοῦ
958 1333 1281 1402 προκόπτων
1300 1334 1396 1387 καὶ
1413 1336 1481 1405 τῇ
1501 1335 1708 1407 ἡλικίᾳ,
1730 1337 1822 1388 καὶ
1845 1338 1912 1406 τῇ

327 1422 496 1492 σοφίᾳ
521 1424 587 1492 τῇ
629 1420 913 1494 Ἑϐραῖκῇ.
949 1424 1151 1493 Συνέϐη
1186 1423 1243 1476 δὲ
1280 1425 1485 1480 καὶτὸν
1526 1425 1796 1497 Τρύφωνα
1828 1445 1915 1479 τε-

325 1514 613 1585 λευτῆσαι·
655 1517 749 1570 καὶ
784 1520 963 1570 πᾶσαν
988 1517 1089 1588 τὴν
1111 1517 1381 1589 ὑπόληψιν
1404 1518 1569 1572 αὑτοῦ
1600 1520 1915 1589 κατέλειψεν

340 1606 667 1679 Ἐπιφανίῳ.
705 1609 1088 1681 Ἐτελεύτησεν
1130 1610 1186 1663 δὲ
1230 1612 1325 1666 καὶ
1367 1614 1402 1684 ή
1449 1614 1630 1686 μήτηρ
1686 1615 1916 1684 Ἐπιφαέ

324 1698 468 1752 νίου.
513 1699 742 1752 Ἔλαϐεν
789 1700 845 1752 δέ
883 1700 1202 1769 Ἐπιφάνιος
1233 1700 1330 1772 τὴν
1360 1703 1556 1755 ἐαυτοῦ
1590 1702 1824 1775 ἀδελφὴν
1857 1707 1915 1757 ἐν

324 1788 407 1859 τῷ
436 1788 571 1860 οἴκῳ
596 1788 672 1859 τῷ
703 1790 807 1842 ὑπὸ
838 1789 933 1842 τοῦ
963 1790 1258 1863 Τρύφωνος
1287 1792 1701 1862 καταλειφθέντι
1736 1796 1908 1866 αὐτῷ’

323 1881 425 1932 καὶ
450 1875 591 1951 ἦσαν
615 1882 666 1933 οί
692 1880 786 1933 δύο
809 1881 925 1952 ἅμα
950 1882 1008 1935 ἐν
1028 1881 1107 1953 τῷ
1136 1884 1270 1954 οίκῳ
1300 1884 1360 1936 ἐν
1389 1884 1555 1955 πολλῇ
1583 1888 1912 1940 καταστάσει

326 1970 449 2041 βίου
498 1972 639 2025 κατὰ
694 1973 793 2044 τὴν
866 1972 1089 2046 διδαχὴν
1152 1974 1469 2046 Τρύφωνος.
1529 1974 1793 2041 Ἐξελθὼν
1855 1979 1913 2031 δέ

338 2060 657 2128 Ἐπιφάνιος
700 2063 759 2115 ἐν
788 2065 855 2134 τῇ
896 2062 1058 2135 κώμῃ
1082 2104 1096 2128 ,
1151 2065 1209 2116 ἐν
1320 2064 1583 2137 ἐγεννήθη
1613 2105 1628 2129 ,
1668 2066 1726 2121 ἐν
1821 2069 1914 2121 καὶ

321 2151 425 2222 τὴν
456 2154 648 2223 κτῆσιν
669 2149 815 2224 εἶχεν
843 2154 941 2227 τὴν
972 2155 1427 2225 καταλειφθεῖσαν
1460 2158 1609 2229 αὐτῷ
1640 2158 1747 2212 ὑπὸ
1780 2160 1915 2230 Τρύ-

324 2258 527 2309 φωνος,
548 2243 861 2313 ὑπήντησεν
897 2243 1048 2315 αύτῷ
1067 2246 1209 2315 ἀνήρ
1235 2262 1321 2310 τις
1346 2248 1670 2318 Χριστιανὸς
1689 2251 1913 2319 ὀνόματι

320 2332 659 2397 Λουκιανὸς,
690 2332 998 2405 θαυμαστὸς
1038 2335 1131 2388 καὶ
1172 2336 1350 2405 λόγιος
1372 2378 1387 2401 ,
1432 2340 1523 2391 τὸν
1561 2341 1770 2410 μονήρη
1800 2340 1913 2410 βίον

318 2420 692 2491 διερχόμενος,
720 2423 918 2495 τέχνην
944 2424 1083 2495 ἔχων
1112 2426 1210 2498 τὴν
1242 2426 1336 2480 τοῦ
1366 2428 1761 2501 καλλιγράφου,
1783 2431 1913 2484 ταύ-

319 2529 394 2585 τῃ
427 2531 487 2566 τε
518 2517 971 2587 προσκαρτερῶν,
1000 2517 1058 2585 ἐξ
1087 2520 1259 2589 αὐτῆς
1284 2520 1376 2573 τὸν
1402 2520 1564 2592 ἄρτον
1608 2523 1908 2594 ἐπορίζετο,

318 2605 421 2658 καὶ
464 2606 527 2658 τὸ
573 2606 898 2676 περισσεῦον
939 2609 1183 2664 ἐπεδίδου
1229 2614 1343 2677 τοῖς
1384 2613 1677 2685 δεομένοις.
1719 2616 1777 2669 '0
1818 2612 1910 2669 οὖν

331 2696 654 2765 Ἐπιφάνιος
672 2694 741 2769 ἦν
773 2699 1120 2771 ἐπιϐεϐηκὼς
1148 2702 1241 2756 ἐπὶ
1274 2704 1587 2774 ὑποζύγιον.
1629 2708 1686 2760 '0
1716 2707 1772 2760 δὲ
1808 2727 1911 2780 μα-

316 2788 556 2858 καρίτης
595 2789 891 2852 Λουκιανὸς
941 2786 1008 2861 ἦν
1050 2794 1374 2863 περιπατῶν
1423 2798 1482 2849 ἐν
1526 2799 1593 2868 τῇ
1639 2797 1764 2868 ὁδῷ,
1816 2800 1909 2851 καὶ

318 2882 665 2949 συνήντησαν
691 2881 995 2954 ἀμφότεροι
1023 2883 1294 2957 ἀλλήλοις.
1338 2887 1541 2959 Συνέϐη
1577 2888 1665 2950 δὲ,
1704 2892 1911 2962 πένητά

311 2986 444 3023 τινα
486 2971 839 3025 ἐπιλαϐέσθαι
882 2974 992 3026 τῶν
1050 2976 1229 3031 ποδῶν
1274 2979 1573 3032 Λουκιανοῦ
1598 2982 1732 3034 ’καὶ
1764 2981 1909 3051 λέγει

314 3061 461 3131 πρὸς
489 3062 649 3115 αὐτόν
669 3079 683 3093 ’
717 3063 1006 3135 Ἄνθρωπε
1051 3064 1146 3117 τοῦ
1191 3065 1326 3119 Θεοῦ
1349 3109 1364 3134 ,
1396 3068 1623 3140 ἐλέησόν
1676 3088 1742 3141 με
1762 3112 1776 3136 ,
1826 3072 1907 3124 ὃτι

310 3154 473 3223 τρεῖς
499 3153 712 3226 ἡμέρας
739 3153 847 3224 ἔχω
873 3156 1058 3219 ἄσιτος
1086 3156 1369 3224 διατελῶν,
1408 3160 1484 3231 μὴ
1519 3160 1658 3231 ἔχων
1680 3162 1906 3233 ἐμαυτῷ
1934 3199 1977 3260 c

315 3245 509 3316 μηδέν.
552 3246 609 3298 'U
648 3246 705 3298 δὲ
734 3247 1006 3319 μακάριος
1033 3250 1368 3315 Λουκιανὸς,
1420 3251 1494 3323 μὴ
1522 3252 1660 3322 ἔχων
1687 3255 1739 3308 τί
1770 3256 1908 3308 ἀπο-

310 3336 503 3391 δοῦναι
534 3334 612 3406 τῷ
649 3337 863 3408 πένητι,
906 3338 969 3390 τὸ
1016 3339 1365 3410 περιϐόλαιον
1396 3342 1561 3394 αὐτοῦ
1596 3344 1910 3399 ἀποσκεπά-

312 3446 419 3493 σας
455 3431 697 3484 ἐπεδίδου
720 3473 734 3498 ,
786 3430 961 3500 λέγων
982 3448 997 3463 ο
1026 3433 1251 3486 Είσελθε
1285 3436 1343 3487 ἐν
1374 3436 1439 3505 τῇ
1469 3434 1619 3490 πόλει
1644 3476 1661 3499 ,
1693 3440 1785 3492 καὶ
1816 3439 1907 3491 πί·-

310 3538 529 3592 πρασον
560 3522 736 3587 τοῦτο,
770 3523 861 3576 καὶ
885 3521 1092 3594 ὤνησαι
1124 3524 1342 3596 ἄρτους.

390 3612 484 3677 ς’.
521 3610 581 3663 Ὁ
611 3611 669 3664 δὲ
712 3612 1032 3680 Ἐπιφάνιος
1062 3614 1403 3685 προσέσχεν,
1427 3616 1511 3668 ὅτι
1543 3615 1620 3679 ὡς
1668 3617 1906 3670 ἀπεσκέ-

307 3719 491 3755 πασεν
523 3704 714 3758 ἑαυτὸν
737 3705 1055 3769 Λουκιανὸς,
1088 3707 1183 3760 καὶ
1207 3707 1407 3761 ἔδωκεν
1430 3707 1508 3778 τῷ
1538 3709 1750 3779 πένητι,
1782 3709 1909 3762 θεω-

312 3796 408 3866 ρεῖ
436 3793 636 3866 λευκὴν
664 3795 855 3867 στολὴν
882 3797 977 3850 ἀπ’
1008 3799 1067 3850 ού
1078 3798 1240 3868 ρανοῦ
1270 3799 1636 3854 κατελθοῦσαν
1662 3802 1755 3853 καὶ
1782 3819 1907 3856 σκε-

309 3879 569 3941 πεῖσασαν
598 3887 779 3941 αὐτόν.
816 3888 929 3941 Καὶ
971 3889 1215 3961 ἐφοϐήθη
1262 3892 1579 3959 Ἐπιφάνιος
1618 3891 1782 3961 φόϐον
1814 3893 1909 3962 μέ-

309 3995 454 4047 γαν·
502 3978 594 4030 καὶ
630 3978 811 4031 πεσὼν
860 3981 951 4033 ἐπὶ
994 3980 1307 4053 πρόσωπον,
1355 3983 1520 4054 ῥίψας
1561 3984 1751 4036 ἐαυτὸν
1798 3984 1907 4037 ἀπὸ

313 4067 640 4137 ὑποζυγίου,
665 4064 818 4123 εἶπεν
863 4070 997 4140 πρὸς
1026 4072 1359 4125 Λουκιανόν·
1410 4074 1610 4144 Δέομαί
1654 4091 1768 4141 σου,
1815 4077 1906 4130 ἄν-

314 4163 532 4234 θρωπε,
573 4162 725 4216 εἰπόν
758 4180 876 4233 μοι·
906 4164 990 4226 τίς
1015 4160 1101 4228 si;
1137 4166 1196 4217 ὐ
1228 4165 1283 4218 δὲ
1313 4166 1582 4238 μακάριος
1611 4168 1905 4233 Λουκιανὸς

315 4253 475 4310 εἶπεν
513 4256 652 4328 πρὸς
687 4256 1036 4325 Ἐπιφάνιον·
1086 4256 1255 4309 Είπόν
1312 4275 1403 4329 μοι
1451 4258 1539 4325 σὺ,
1576 4260 1736 4323 ποίας
1775 4260 1905 4332 θρη-

317 4350 510 4411 σκείας
538 4348 825 4419 ὑπάρχεις,
849 4347 1021 4420 ,κάγὼ
1052 4348 1338 4417 ἀναγγελῶ
1358 4374 1363 4380 ·
1387 4367 1471 4403 σοι
1506 4352 1575 4406 τὰ
1616 4355 1736 4406 κατ’
1780 4355 1900 4423 ἐμέ.

323 4437 625 4509 Ἀπεκρίθη
678 4439 1029 4508 Ἐπιφάνιος,
1082 4438 1176 4490 καὶ
1228 4436 1414 4492 εἶπεν·
1457 4440 1708 4504 Ἰουδαῖός
1760 4443 1897 4512 εἰμι.

2023 606 2317 674 accepisset
2350 604 2735 673 Epiphanium,
2764 618 2887 656 eum
2928 602 3235 671 legisperito
3273 601 3454 655 statim
3488 602 3587 654 de-

2019 696 2100 749 dit
2138 697 2192 748 in
2228 694 2420 748 ﬁlium.
2470 692 2601 747 Erat
2632 693 2947 762 legisperito
2970 693 3047 745 illi
3078 708 3273 746 nomen
3308 690 3587 762 Tryphon,

2018 787 2113 855 qui
2141 786 2335 839 habuit
2370 784 2535 837 ﬁliam
2578 784 2937 853 unigenitum,
2966 783 3288 851 volebatque
3311 797 3430 835 eam
3454 782 3587 851 jun-

2015 894 2139 949 gere
2174 878 2495 948 Epiphanio.

2094 969 2157 1024 V.
2199 971 2338 1023 Cum
2368 970 2551 1037 itaque
2576 967 2833 1039 Tryphon
2876 965 3239 1036 Epiphaniam
3286 966 3589 1035 accepisset

2017 1064 2071 1117 in
2111 1062 2307 1129 ﬁlium,
2359 1075 2698 1131 quaecunque
2756 1072 2885 1115 sunt
2930 1060 3063 1129 legis
3124 1074 3248 1113 eum
3301 1059 3589 1128 diligenter

2016 1155 2228 1219 docuit,
2259 1164 2314 1208 et
2340 1154 2609 1207 elementa
2645 1151 2910 1207 llebraica
2943 1160 3217 1206 accurate.
3258 1150 3467 1205 Mortua
3506 1161 3591 1205 est

2019 1256 2199 1300 autem
2232 1244 2339 1298 ﬁlia
2382 1243 2709 1315 Tryphonis,
2740 1243 3000 1313 solusque
3028 1244 3365 1312 Epiphanius
3390 1254 3508 1296 erat
3535 1243 3591 1298 in

2016 1336 2181 1391 domo
2218 1335 2361 1404 ejus,
2390 1334 2679 1404 proﬁciens
2711 1342 2870 1387 mtate
2893 1340 2948 1387 et
2987 1333 3254 1401 sapientia
3299 1331 3587 1387 Hebr-ica.

2015 1429 2227 1484 Accidit
2260 1442 2414 1493 vero,
2447 1435 2508 1479 ut
2547 1424 2802 1497 Tryphon
2849 1439 3068 1494 quoque
3101 1421 3422 1477 decederet:
3469 1436 3592 1475 om-

2018 1535 2224 1591 nesque
2264 1518 2548 1575 facultates
2583 1533 2712 1572 suas
2742 1515 2965 1585 reliquit
2990 1514 3335 1584 Epiphanio.
3378 1513 3589 1567 Mortua

2015 1622 2101 1667 est
2141 1621 2321 1666 autem
2376 1621 2552 1664 mater
2606 1624 2826 1679 quoque
2882 1606 3191 1677 Epiphanii.
3237 1604 3343 1671 Qui
3386 1605 3592 1672 accepit

2017 1720 2258 1762 sororem
2289 1720 2444 1759 suam
2484 1703 2537 1756 in
2564 1702 2748 1766 domo,
2778 1716 2899 1769 qua:
2934 1715 2963 1752 a
3000 1698 3290 1769 Tryplione
3331 1697 3434 1751 sibi
3468 1695 3591 1750 reli-

2015 1808 2099 1852 cta
2151 1795 2347 1850 fuerat.
2406 1793 2683 1863 Erantque
2728 1793 2890 1846 ambo
2942 1790 3088 1844 domi
3131 1790 3188 1842 in
3236 1803 3432 1857 magna
3472 1788 3592 1841 vita:

1947 1860 1987 1914 Β
2018 1883 2427 1953 tranquillitate,
2466 1860 2856 1935 convenienter
2888 1879 3171 1944 doctrinae,
3230 1892 3396 1947 quam
3436 1891 3591 1931 accev

2017 1985 2265 2046 peranta
2306 1974 2622 2045 Tryphone.
2658 1973 2893 2043 Egresso
2943 1979 3124 2025 autem
3178 1967 3482 2038 Epiphanio
3534 1967 3590 2021 in

2014 2070 2197 2123 vicum
2226 2068 2279 2122 in
2311 2081 2422 2137 quo
2452 2075 2617 2120 natus
2671 2066 2869 2126 fuerat,
2918 2063 2974 2116 in
3019 2076 3131 2131 quo
3161 2062 3325 2115 etiam
3356 2060 3590 2114 habebat

2014 2157 2392 2228 possessiones
2448 2155 2667 2209 relictas
2706 2169 2734 2207 a
2782 2151 3093 2222 Tryplione,
3146 2151 3388 2204 occurrit
3425 2149 3476 2203 ei
3506 2148 3591 2202 vir

2013 2249 2238 2320 quidam
2267 2247 2633 2312 Christianus,
2660 2246 2879 2299 nomine
2909 2245 3202 2307 Lucianus,
3240 2243 3591 2297 admirandus

2012 2350 2067 2396 et
2109 2340 2377 2405 eruditus,
2424 2339 2519 2409 qui
2556 2340 2725 2393 vitam
2777 2337 3068 2392 exercebat
3113 2335 3496 2397 monasticam,
3536 2341 3589 2388 et

2012 2435 2279 2506 elegantis
2324 2432 2533 2488 librarii
2592 2440 2760 2486 artem
2822 2429 3066 2499 apprime
3128 2428 3381 2494 tenebat,
3430 2427 3590 2494 eique

2014 2535 2232 2583 strenue
2278 2539 2485 2579 navaus
2541 2538 2783 2593 operam,
2840 2536 2905 2574 ex
2946 2534 3010 2574 ea
3065 2534 3261 2590 panem
3314 2517 3589 2588 quaarehat

2011 2618 2391 2687 quotidianum
2440 2631 2454 2679 ;
2526 2622 2580 2669 et
2635 2613 2782 2683 quod
2842 2619 3174 2681 supererat,
3248 2608 3589 2678 impertiebat

2010 2709 2314 2780 egentibus.
2379 2705 2557 2777 Atque
2621 2705 2958 2775 Epiphanius
3010 2702 3228 2774 quidem
3281 2701 3588 2768 jumentum

2011 2803 2444 2858 conscenderat:
2494 2799 2685 2854 beatus
2723 2802 2904 2852 auteln
2937 2796 3216 2852 Lucianus
3257 2793 3310 2846 in
3342 2793 3426 2845 via
3462 2806 3587 2845 am-

2011 2893 2251 2957 bulabat,
2281 2898 2334 2947 et
2362 2892 2524 2946 ambo
2550 2891 2653 2946 sibi
2694 2889 2926 2944 invicem
2964 2890 3344 2944 occurrerunt.
3383 2883 3587 2943 Aeeidit

2010 3000 2158 3050 vero,
2186 2992 2243 3037 ut
2272 2997 2478 3052 pauper
2506 2982 2728 3051 quidam
2764 2981 2929 3051 pedes
2953 2977 3180 3034 Luciani
3209 2981 3589 3052 prehenderet,

2010 3082 2063 3129 et
2100 3074 2149 3128 ei
2182 3073 2387 3127 diceret
2421 3089 2435 3125 :
2470 3069 2645 3125 Homo
2688 3068 2802 3135 Dei,
2838 3068 3098 3124 miserere
3132 3069 3272 3133 mei;
3296 3069 3408 3137 jam
3442 3067 3588 3121 enim

2011 3177 2121 3221 tres
2154 3166 2270 3220 dies
2311 3178 2606 3233 permaneo
2636 3163 2878 3232 jejunus,
2915 3170 2976 3215 ut
3020 3162 3113 3231 qui
3147 3161 3285 3215 nihil
3335 3160 3587 3214 habeam.

2010 3257 2205 3313 Beatus
2260 3266 2440 3311 autem
2498 3254 2794 3319 Lucianus,
2847 3269 2973 3308 cum
3019 3254 3158 3307 nihil
3214 3252 3357 3306 aliud
3407 3261 3586 3321 posset

2008 3351 2139 3403 dare
2166 3349 2411 3419 pauperi,
2443 3362 2503 3403 se
2534 3350 2735 3402 amictu
2764 3361 2989 3412 exnens,
3017 3361 3143 3399 eum
3184 3344 3259 3398 illi
3291 3345 3478 3408 donat,
3504 3344 3586 3397 di-

2007 3455 2183 3495 cens:
2236 3436 2526 3511 Ingredere
2577 3438 2882 3503 civitatem,
2916 3447 2969 3492 et
2998 3436 3193 3502 vende,
3241 3445 3296 3491 et
3328 3451 3447 3489 eme
3490 3435 3586 3490 tibi

2008 3547 2196 3603 panes.

2081 3622 2167 3678 Vl.
2204 3622 2450 3678 Advertit
2497 3632 2677 3676 autem
2727 3619 3085 3690 Epiphanius,
3138 3619 3285 3690 quod
3336 3634 3461 3674 cum
3528 3634 3587 3673 se

2005 3716 2249 3771 exuisset
2289 3713 2587 3778 Lucianus,
2622 3723 2675 3766 et
2703 3712 2939 3767 dedisset
2981 3712 3226 3782 pauperi,
3257 3712 3423 3767 vestis
3449 3726 3582 3764 can-

2007 3807 2132 3863 dida
2164 3808 2232 3863 de
2276 3808 2415 3863 coelo
2445 3806 2777 3860 descendens
2810 3820 2936 3859 eum
2976 3812 3203 3858 texerat.
3250 3803 3444 3874 Magno
3480 3805 3584 3858 ita-

2005 3916 2114 3970 que
2151 3901 2347 3953 timore
2387 3897 2488 3952 fuit
2522 3896 2751 3951 allectus
2785 3894 3147 3966 Epiphanius,
3181 3910 3497 3965 pronusque
3525 3897 3581 3949 in

2004 3991 2199 4046 faciem
2226 3988 2425 4045 cadens
2464 4004 2494 4042 e
2522 3988 2791 4055 jumento,
2834 3987 2973 4042 dixit
3007 3985 3287 4042 Luciano:
3318 3986 3470 4056 R030
3508 3995 3579 4051 te,

2004 4103 2038 4141 o
2072 4087 2252 4149 homo,
2288 4083 2377 4137 dic
2414 4081 2548 4136 mihi
2583 4100 2597 4136 ι
2633 4082 2886 4150 quisnam
2913 4081 3011 4135 es?
3038 4078 3238 4134 Beatus
3267 4088 3446 4134 autem
3477 4077 3582 4133 Lu-

2004 4184 2195 4234 cianus
2225 4177 2363 4231 dixit
2395 4176 2701 4245 Epiphanio
2733 4192 2746 4227 :
2784 4172 2880 4226 Dic
2909 4172 3041 4226 mihi
3076 4182 3153 4238 tu,
3184 4171 3471 4240 cujusnam
3504 4172 3582 4224 sis

2004 4268 2301 4338 religionis,
2352 4275 2405 4321 et
2452 4281 2554 4335 ego
2605 4277 2784 4317 meam
2838 4261 2938 4315 tibi
2974 4259 3231 4313 referam.
3285 4258 3580 4328 Respondit

2002 4355 2359 4426 Epiphanius,
2414 4363 2469 4408 et
2497 4352 2633 4423 dixit
2670 4370 2682 4404 :
2725 4349 2856 4403 Sum
2912 4347 3151 4403 Iudaeus.
3199 4346 3359 4402 Novit
3396 4349 3580 4414 itaque

2001 4448 2277 4503 Lucianus
2312 4446 2540 4515 gratiam
2572 4442 2666 4497 Dei
2696 4442 2959 4497 cecidisse
2990 4456 3153 4509 super
3181 4438 3573 4509 Epiphanium.

308 4530 503 4599 Ἔγνω
530 4526 623 4583 οὖν
640 4530 954 4593 Λουκιανὸς,
991 4530 1074 4582 ὅτι
1112 4530 1272 4602 χάρις
1298 4530 1433 4584 Θεοῦ
1466 4532 1733 4587 ἐπέπεσεν
1764 4535 1900 4605 πρὸς

2006 4537 2137 4593 Nam
2175 4536 2575 4607 praascientiam
2610 4548 2829 4603 quoque
2860 4533 3094 4589 habebat
3135 4532 3431 4587 Lucianus.
3477 4530 3580 4586 Re-

318 4624 645 4691 Ἐπιφάνιον
664 4640 679 4653 ο
706 4618 774 4693 ἦν
802 4622 910 4693 γὰρ
939 4624 1036 4676 καὶ
1075 4624 1383 4694 πρόγνωσιν
1413 4623 1550 4695 ἔχων
1582 4628 1895 4691 Λουκιανός.

320 4714 622 4787 Ἀπεκρίθη
670 4715 971 4779 Λουκιανὸς
1019 4715 1158 4787 πρὸς
1221 4717 1571 4798 ’βπιφάνιοψ
1634 4719 1758 4782 Πῶς
1811 4721 1896 4786 σὺ,

320 4806 578 4869 Ἰουδαῖος
603 4805 698 4874 ὣν,
737 4808 1022 4878 ἐπερωτᾷς
1051 4809 1376 4881 Χριστιανὸν
1415 4809 1606 4880 μαθεῖν
1633 4811 1716 4873 τίς
1745 4812 1895 4881 είμι;

307 4898 393 4951 ὅτι
450 4898 724 4969 βδέλυγμα
758 4900 808 4952 οί
848 4901 1090 4954 Ἰουδαῖοι
1145 4903 1257 4964 τοῖς
1304 4902 1650 4972 Χριπιανοίς
1674 4943 1687 4967 ,
1723 4902 1817 4954 καὶ
1847 4902 1898 4953 οί

307 4986 631 5055 Χριστιανοὶ
659 4989 774 5052 τοῖς
808 4987 1100 5053 Ἰουδαίοις.
1127 4990 1258 5043 Ἰδοὺ
1285 4990 1349 5061 δὴ
1367 4990 1627 5060 ἤκουσας,
1657 4992 1739 5044 ὅτι
1765 4994 1900 5063 Χρι-

306 5078 545 5142 στιανός
572 5081 685 5149 εἰμι
707 5096 721 5110 ο
752 5079 851 5133 οὐκ
888 5080 1098 5147 ἔξεστίν
1140 5100 1223 5135 σοι
1249 5082 1375 5137 ἄλλο
1414 5100 1467 5135 τι
1501 5083 1731 5137 ἀκοῦσαι
1766 5088 1896 5155 παρ’

306 5167 468 5237 ἐμοῦ.
502 5170 562 5220 ὐ
591 5169 647 5221 δὲ
694 5171 1014 5240 Ἐπιφάνιος
1054 5169 1208 5226 εἶπεν
1240 5174 1376 5244 πρὸς
1421 5175 1749 5229 Λουκιανόν·
1787 5176 1897 5229 Καὶ¹

305 5259 365 5311 τί
390 5260 588 5313 κωλύει
613 5261 709 5315 τοῦ
733 5263 826 5315 καὶ
850 5265 951 5332 ἐμὲ
975 5265 1229 5332 γενέσθαι
1255 5267 1580 5338 Χριστιανόν
1600 5283 1615 5332 ;
1638 5267 1896 5337 Ἀπεκρί-

306 5352 379 5422 θη
424 5352 721 5413 Λουκιανὸς
776 5355 869 5408 καὶ
912 5351 1104 5410 εἶπεν·
1161 5357 1234 5410 Τὸ
1308 5358 1383 5429 μὴ
1430 5357 1602 5411 θέλειν
1661 5358 1894 5412 κωλύει·

305 5441 369 5494 τὸ
430 5442 541 5514 γὰρ
602 5442 777 5497 θέλειν
862 5448 937 5517 (α)
999 5449 1284 5519 πάρεστιν.
1339 5449 1780 5520 Κατανυχθέντος
1838 5450 1895 5504 δέ

317 5531 643 5602 Ἐπιφανίου
697 5536 791 5589 ἐπὶ
860 5541 975 5602 τοῖς
1047 5539 1226 5608 λόγοις
1288 5541 1630 5609 Λουκιανοῦ,
1710 5542 1893 5596 οὐκέτι

304 5622 580 5693 ἐπορεύθη
604 5626 744 5696 πρὸς
770 5628 1059 5699 ἐπίσκεψιν
1084 5631 1183 5703 τῆς
1218 5631 1410 5685 ἐαυτοῦ
1445 5636 1690 5705 κτήσεως
1710 5651 1723 5664 ·
1756 5634 1891 5688 ἀλλὰ

308 5714 490 5767 λαϐὼν
519 5716 840 5785 Λουκιανὸν,
871 5724 1188 5793 εἰσήνεγκεν
1214 5725 1374 5780 αὐτὸν
1406 5729 1483 5791 εἰς
1502 5728 1593 5781 τὸν
1621 5723 1765 5781 οἷκον
1793 5730 1889 5781 αύ-

386 5829 460 5899 (ql
484 5830 743 5895 Fortasse
767 5836 1051 5896 δύνασθαι.

2001 4628 2220 4701 spondit
2270 4643 2400 4697 ergo
2473 4625 2771 4689 Lucianus,
2828 4632 2883 4678 et
2930 4625 3067 4679 dixit
3113 4622 3459 4693 Epiphanio:
3510 4622 3579 4677 Et

1999 4720 2274 4790 quomodo
2320 4728 2374 4773 tu
2410 4732 2535 4771 cum
2584 4716 2660 4771 sis
2694 4714 2938 4780 Judaeus,
2984 4730 3145 4785 rogas
3178 4714 3574 4779 Christianum,

1999 4812 2253 4882 quisnam
2308 4810 2417 4864 sit?
2454 4810 2765 4864 Ahhorrent
2808 4808 2954 4862 enim
3003 4809 3301 4863 Christiani
3331 4806 3572 4872 Iudaeos,

1996 4913 2049 4958 et
2074 4902 2243 4958 Judaei
2272 4900 2638 4957 Christianos.
2672 4901 2811 4956 Ecce
2846 4901 3103 4955 audivisti
3148 4917 3235 4955 me
3265 4916 3386 4956 esse
3415 4900 3574 4954 Chri-

1998 4996 2233 5051 stianum
2264 5012 2278 5048 :
2315 5008 2423 5048 non
2455 4993 2581 5048 licet
2610 4993 2704 5047 tibi
2739 4994 2930 5049 audi're
2958 5009 3024 5048 ex
3048 5009 3133 5046 me
3166 4993 3375 5062 aliquid
3399 4994 3569 5048 aliud.

1997 5086 2335 5157 Epiphanius
2372 5094 2556 5139 autem
2587 5085 2727 5140 dixit
2776 5084 3019 5140 Luciano
3050 5103 3065 5139 :
3097 5084 3163 5139 Et
3209 5085 3339 5154 quid
3368 5086 3567 5151 obstat,

1995 5195 2104 5248 quo
2136 5179 2315 5235 minus
2345 5193 2446 5248 ego
2474 5192 2692 5247 quoque
2720 5177 2823 5231 sim
2855 5177 3237 5232 Christianus?
3278 5175 3573 5247 Respondit

1995 5270 2291 5335 Lucianus,
2328 5279 2383 5325 et
2416 5271 2553 5325 dixit
2586 5288 2598 5323 :
2636 5269 2693 5324 ιιι
2729 5285 2899 5324 unum
2954 5270 3149 5333 obstat,
3180 5268 3326 5338 quod
3378 5270 3519 5324 nolis
3552 5285 3568 5323 :

1993 5363 2119 5419 licet
2148 5364 2312 5427 enim,
2345 5364 2390 5417 si
2425 5363 2582 5417 velis.
2623 5361 2853 5417 Luciani
2881 5370 3060 5415 autem
3087 5361 3267 5415 verbis
3301 5375 3570 5430 compun-

1993 5466 2114 5510 ctus
2152 5453 2513 5523 Epipbanius,
2551 5468 2659 5507 non
2714 5453 2952 5522 perrexit
2994 5451 3229 5521 amplius
3282 5453 3345 5507 ad
3376 5453 3569 5507 viden-

1991 5550 2116 5603 dam
2152 5564 2308 5603 suam
2355 5547 2755 5617 possessionem
2793 5565 2806 5600 :
2859 5545 2953 5600 sed
2984 5545 3191 5614 accepit
3237 5543 3565 5611 Lucianum,

1989 5651 2043 5697 et
2069 5640 2370 5695 introduxit
2412 5638 2467 5691 in
2496 5638 2719 5693 domum
2756 5654 2933 5705 suam,
2966 5654 3086 5709 quae
3127 5639 3176 5694 ei
3220 5640 3407 5694 relicta
3457 5638 3570 5695 fue-

1996 5742 2098 5799 rat,
2136 5741 2189 5788 et
2220 5731 2458 5788 ostendit
2489 5730 2538 5786 ei
2565 5730 2769 5801 omnia,
2802 5747 2923 5803 quae
2946 5731 3092 5789 domi
3128 5739 3305 5801 erant,
3332 5731 3521 5788 dicens
3549 5749 3564 5785 :
