4078 6368
564 350 642 405 27

1826 350 1882 404 S.
1929 346 2272 404 EPlPllANll
2309 348 2462 403 VITA
2475 390 2490 403 .

3724 371 3796 423 28

568 471 739 516 tuam.
769 460 968 516 Tecum
1010 478 1225 533 quoque
1260 468 1441 535 accipe
1471 466 1574 521 hoc
1598 466 1904 536 jumentum
1933 483 1947 531 ;
1998 476 2052 519 et
2083 466 2128 520 si

2232 463 2364 533 οἴκῳ
2394 480 2488 516 σου
2531 464 2745 533 ἄρτους.
2778 465 2922 519 Λάϐε
2973 465 3030 518 δὲ
3074 467 3168 519 καὶ
3211 467 3273 519 τὸ
3317 465 3618 536 ὑποζύγιον
3666 469 3813 524 τοῦτο

568 569 727 608 suum
760 554 975 623 quidem
1011 564 1181 611 mutet
1204 558 1417 621 vitium,
1442 569 1497 613 et
1528 574 1712 614 mores
1744 559 2039 617 insolentes
2066 574 2131 612 ac

568 652 871 712 protervos,
894 656 1111 701 maneat
1138 648 1281 701 domi
1306 658 1444 713 tuae;
1473 650 1557 703 sin
1583 657 1764 703 autem
1793 650 1847 703 in
1870 651 1973 705 bac
2006 664 2131 718 per—

570 745 781 790 severet
828 738 1136 803 insolentia,
1168 740 1305 807 ejice
1335 757 1366 795 e
1414 742 1524 796 tuis
1570 741 1798 805 aedibus,
1848 758 1918 796 ne
1966 742 2129 795 alicui

568 842 635 879 cx
663 828 771 882 tuis
803 838 1031 883 mortem
1064 830 1272 886 afferat.
1296 832 1432 886 Cum
1460 833 1574 889 haec
1596 833 1859 887 audiisset
1889 834 2129 902 Epipha-

570 916 718 981 nius,
746 926 801 971 et
831 933 863 972 a
906 916 1108 973 Jacobo
1142 928 1250 975 tres
1280 936 1533 977 nummos
1559 923 1877 991 accepisset,
1908 932 2130 993 accepto

562 1008 832 1076 jumento,
869 1009 1141 1078 profectus
1172 1022 1254 1066 est
1280 1013 1333 1066 in
1382 1014 1562 1068 vicum
1593 1014 1661 1068 ad
1687 1024 1913 1069 matrem
1948 1030 2126 1070 suam.

568 1098 892 1170 Priusquam
925 1110 1103 1156 autem
1136 1104 1251 1173 ipse
1296 1104 1667 1174 ingrederetur
1698 1107 1750 1159 in
1785 1108 1987 1172 vicum,
2024 1109 2133 1162 cir-

567 1190 704 1245 citer
748 1191 895 1244 mille
931 1206 1143 1260 passus,
1186 1195 1426 1248 occurrit
1453 1195 1502 1249 ei
1528 1197 1711 1255 shomo
1744 1196 2088 1252 Christianus
2111 1240 2128 1265 ,

568 1280 788 1335 nomine
818 1280 1097 1344 Cleobius,
1123 1283 1215 1351 qui
1249 1283 1298 1335 ei
1325 1282 1463 1336 dixit
1489 1301 1502 1336 :
1536 1282 1627 1337 Vis
1658 1284 1891 1338 vendere
1917 1285 2133 1354 jumen-

568 1386 706 1438 tum.
734 1391 766 1430 o
795 1376 907 1428 ﬁli?
953 1375 1307 1445 Respondens
1352 1376 1490 1431 dixit
1540 1377 1916 1447 Epiphanius:
1970 1377 2128 1445 Nolo,

567 1480 742 1538 pater.
789 1468 934 1522 Dixit
962 1478 1142 1523 autem
1191 1468 1448 1524 Cleobius
1474 1488 1485 1523 :
1520 1469 1578 1523 Si
1608 1470 1691 1525 vis
1717 1484 1841 1523 eum
1871 1469 2128 1536 vendere,

564 1576 699 1631 cape
732 1560 850 1630 ejus
876 1560 1131 1629 pretium,
1185 1571 1240 1615 et
1282 1561 1461 1631 ipsum
1509 1562 1643 1616 mihi
1694 1563 1957 1632 relinque.
1990 1562 2129 1616 Cum

567 1653 681 1706 hzec
712 1660 893 1706 autem
930 1652 1232 1722 Epiphanio
1264 1653 1466 1707 diceret
1501 1653 1779 1717 Cleobius,
1814 1654 2017 1708 animal
2044 1655 2129 1708 in-

565 1742 801 1796 solenter
835 1742 1051 1797 irruens
1112 1751 1166 1797 et
1209 1743 1465 1812 impetum
1500 1742 1724 1810 faciens,
1763 1744 2125 1814 Epiphanium

2238 555 2377 624 μετὰ
2404 554 2631 607 σεαυτοῦ
2654 572 2667 585 ⁸
2698 556 2792 607 καὶ
2837 558 2886 609 εἰ
2926 556 3024 627 μὲν
3052 556 3347 630 διαλλάσσῃ
3379 559 3476 629 τὴν
3506 558 3694 628 κακὴν
3723 562 3814 613 αὑ.

2233 642 2326 695 τοῦ
2373 643 2464 695 καὶ
2484 642 2715 696 ἄτακτον
2739 643 3080 715 προαίρεσιν,
3110 645 3320 713 μενέτω
3348 647 3405 697 ἐν
3430 646 3507 716 τῷ
3548 646 3635 715 σῷ.
3654 646 3814 717 οἴκῳ·

2233 736 2282 786 εί
2314 734 2370 786 δέ
2400 734 2647 804 ἐπιμένοι
2679 737 2745 804 τῇ
2778 734 3008 805 ἀταξίᾳ,
3040 735 3234 789 ἔκϐαλε
3265 738 3396 789 αὑτὸ
3432 739 3495 791 ἐκ
3535 738 3638 791 τοῦ
3672 740 3815 792 οἴκου

2235 842 2326 877 σου
2351 863 2365 887 ,
2401 827 2611 894 μήποτε
2644 826 2739 878 καὶ
2776 824 3063 897 θανατώσῃ
3092 828 3213 881 τινὰ
3241 828 3351 880 τῶν
3378 828 3505 883 σῶν.
3550 828 3815 892 Ἀκούσας

2233 917 2290 970 δὲ
2316 917 2485 971 ταῦτα
2523 918 2834 987 Ἐπιφάνιος
2854 959 2870 983 ,
2899 919 2994 972 καὶ
3027 919 3208 973 λαϐὼν
3238 921 3308 974 τά
3339 921 3467 992 τρία
3496 922 3815 992 νομίσματα

2232 1008 2384 1079 παρά
2412 1009 2507 1061 τοῦ
2544 1008 2738 1062 Ἰακὼϐ
2763 1049 2779 1075 ,
2811 1009 2989 1062 λαϐὼν
3015 1010 3075 1063 τὸ
3106 1011 3397 1079 ὑποζύγιον
3426 1011 3707 1083 ἐπορεύθη
3739 1014 3815 1077 είς

2230 1098 2327 1169 τήν
2353 1099 2516 1153 αὑτοῦ
2550 1099 2761 1172 κώμην.
2811 1101 2899 1165 Ὠς
2931 1102 3039 1156 ἀπὸ
3063 1104 3287 1174 σημείου
3320 1104 3439 1167 ἐνὸς
3457 1146 3471 1167 ,
3500 1105 3815 1174 ἀπήντησεν

2230 1190 2379 1260 αὐτῷ
2412 1190 2696 1263 ἄνθρωπος
2728 1193 3080 1264 Χριστιανὸς,
3132 1194 3355 1264 ὀνόματι
3386 1194 3690 1257 Κλεόϐιος,
3726 1197 3814 1249 καὶ

2230 1278 2383 1335 εἶπεν
2429 1283 2564 1353 πρὸς
2629 1284 2825 1337 αὐτόν’
2878 1285 3220 1355 Πιπράσκεις
3280 1286 3341 1339 τὸ
3388 1286 3725 1354 ὑποζύγιον,
3772 1284 3815 1339 ὦ

2229 1372 2450 1437 τέκνον;
2493 1374 2550 1425 '0
2591 1374 2648 1426 δὲ
2690 1375 3006 1444 Ἑπιφάνιος
3050 1376 3369 1447 ἀποκριθεὶς
3428 1374 3625 1430 εἶπεν·
3662 1378 3810 1446 Οὑχὶ,

2231 1465 2421 1535 πάτερ.
2465 1465 2523 1517 '0
2543 1466 2599 1518 δὲ
2633 1466 2890 1529 Κλεόϐιος
2915 1482 2929 1495 ⁸
2970 1467 3095 1520 Ἐὰν
3129 1468 3465 1537 πιπράσκεις
3492 1466 3659 1533 αὐτὸ,
3686 1467 3811 1521 λάϐε

2228 1556 2288 1609 τὸ
2322 1556 2538 1627 τίμημα
2563 1556 2750 1622 αὑτοῦ,
2793 1557 2889 1610 καὶ
2933 1557 3090 1611 ἔασόν
3128 1576 3217 1629 μοι
3242 1558 3393 1612 αὑτό.
3432 1559 3520 1622 Ὠς
3543 1558 3607 1611 δέ
3644 1556 3812 1611 ταῦτα

2230 1648 2406 1702 ἐλάλει
2426 1650 2455 1701 6
2475 1648 2733 1712 Κλεόϐιος
2762 1649 2898 1720 πρὸς
2930 1648 3267 1719 Ἐπιφάνιον,
3297 1650 3358 1703 τὸ
3386 1648 3525 1715 ζῶον
3562 1650 3812 1711 ἀτάκτως

2230 1738 2464 1808 ἐνεχθὲν,
2498 1740 2592 1793 καὶ
2615 1740 2875 1792 ἐπιπεσὸν
2910 1734 3211 1811 Ἑπιφανίῳ
3243 1740 3613 1811 διεσπάραξεν
3648 1740 3810 1793 αὐτὸν

564 1831 825 1896 excussit,
874 1832 1131 1902 humique
1171 1833 1356 1897 allisit,
1392 1842 1446 1888 et
1477 1833 1609 1889 abiit
1653 1847 1809 1890 extra
1855 1837 2125 1892 semitam.

2230 1832 2322 1884 ἐπὶ
2349 1832 2449 1902 τῆς
2476 1832 2607 1901 γῆς·
2642 1831 2737 1885 καὶ
2766 1833 2901 1885 αὐτὸ
2955 1829 3176 1902 ἐξῆλθεν
3224 1832 3326 1897 ἔξω
3370 1832 3470 1902 τῆς
3503 1832 3718 1904 τρίϐου.
3758 1833 3810 1885 '0

564 1921 900 1992 Epiphanius
941 1934 1117 1978 autem
1162 1940 1227 1979 ex
1276 1924 1510 1995 jumenti
1564 1928 1854 1982 insolentia
1905 1945 2127 1999 gravem

564 2014 771 2083 accepit
794 2014 1054 2079 dolorem,
1097 2014 1356 2083 humique
1373 2016 1629 2086 |jacehat,
1660 2017 1792 2072 ﬂens
1848 2034 2037 2075 amare
2077 2029 2132 2074 et

566 2118 674 2157 non
731 2104 915 2159 valens
967 2119 1211 2173 surgere.
1266 2104 1521 2161 Cleobius
1568 2122 1698 2162 vero
1742 2108 2007 2163 accedens
2062 2108 2130 2164 ad

567 2192 928 2263 Epiphanium
975 2201 1030 2248 et
1063 2194 1238 2248 femur
1286 2194 1408 2263 ejus
1445 2204 1633 2250 tenens
1677 2196 1733 2250 in
1781 2212 1848 2253 eo
1895 2197 2036 2262 loco,
2073 2199 2128 2254 in

564 2299 675 2354 quo
713 2282 935 2340 allectus
982 2284 1157 2340 fuerat
1186 2286 1253 2340 ab
1302 2286 1559 2363 insolenti
1600 2287 1793 2353 bestia,
1845 2304 1969 2344 cum
2001 2306 2126 2345 eum

565 2383 648 2430 ter
682 2375 970 2444 signasset,
1003 2375 1185 2430 statim
1216 2376 1389 2431 erexit
1416 2364 1549 2431 nihil
1580 2379 1707 2433 mali
1746 2379 1801 2433 in
1836 2396 1895 2435 se
1922 2364 2129 2436 haben-

564 2477 693 2520 tem.
730 2465 986 2521 Cleobius
1039 2476 1218 2521 autem
1263 2467 1399 2522 dixit
1449 2468 1697 2537 jumento
1762 2470 1921 2539 pleno
1978 2472 2127 2527 omni

564 2557 853 2613 insolentia
916 2575 929 2611 :
981 2556 1101 2612 Tibi
1151 2559 1294 2624 dico,
1372 2561 1630 2628 quoniam
1698 2561 1920 2616 voluisti
1972 2573 2126 2618 tuum

560 2648 845 2702 dominum
898 2650 1165 2714 occidere,
1216 2650 1270 2703 in
1317 2651 1535 2704 nomine
1580 2650 1707 2706 Jesu
1751 2652 1954 2709 Christi
2004 2672 2129 2710 cru-

560 2738 729 2803 ciﬁxi,
794 2752 901 2791 non
956 2740 1186 2807 amplius
1242 2741 1474 2795 excedas
1529 2755 1595 2796 ex
1650 2742 1752 2797 hoc
1795 2744 1935 2798 loco.
1970 2744 2125 2811 Quod

564 2840 851 2899 postquam
912 2830 1138 2884 dixisset
1199 2830 1489 2900 Cleobius,
1561 2832 1867 2903 jumentum
1943 2838 2126 2891 statim

564 2918 759 2975 cecidit
824 2919 878 2974 in
944 2930 1140 2973 terram
1216 2928 1513 2978 mortuum.
1582 2923 1860 2977 Cleobium
1945 2935 2126 2980 autem

568 3010 915 3080 interrogavit
960 3009 1318 3081 Epiphanius,
1359 3012 1546 3068 dicens
1589 3032 1603 3068 :
1643 3014 1777 3080 Quis
1820 3025 1923 3082 est,
1959 3033 1992 3071 ο
2035 3034 2127 3087 pa-

564 3110 669 3165 ter,
692 3100 850 3156 Jesus
883 3103 1197 3165 cruciﬁxus,
1237 3104 1383 3173 quod
1424 3105 1550 3159 talia
1582 3106 1721 3160 ﬁunt
1748 3123 1844 3176 per
1871 3109 1991 3177 ejus
2024 3126 2125 3165 no-

565 3194 729 3247 men?
770 3191 1069 3262 Respondit
1090 3194 1363 3259 Cleobius,
1398 3206 1452 3251 et
1483 3196 1620 3250 dixit
1651 3195 1988 3267 Epiphanio:
2032 3199 2129 3255 llic

560 3282 724 3338 Jesus
765 3293 850 3339 est
891 3284 1061 3339 Filius
1097 3285 1228 3351 Dei,
1270 3303 1431 3357 quem
1495 3289 1880 3345 cruciﬁxerunt
1932 3290 2125 3347 Judaei.

564 3373 900 3443 Epiphanius
944 3392 1072 3430 vero
1113 3378 1293 3432 timuit
1324 3379 1635 3449 signiﬁcare
1667 3380 1891 3435 Cleobio
1918 3397 1977 3436 se
2006 3398 2129 3438 esse

563 3466 836 3521 Judaeum.
890 3467 1145 3524 Cleobius
1196 3480 1375 3524 autem
1429 3472 1666 3539 perrexit
1699 3488 1860 3527 suum
1896 3474 1999 3529 iter
2045 3475 2131 3528 in-

566 3558 739 3627 gredi,
767 3568 822 3612 et
856 3557 1191 3629 Epiphanius
1244 3562 1299 3615 in
1361 3563 1543 3617 vicum
1598 3565 1747 3619 venit
1794 3566 1863 3621 ad
1898 3574 2127 3622 matrem

564 3665 745 3705 suam.
777 3650 947 3716 Quem
976 3652 1163 3708 videns
1202 3663 1394 3719 mater,
1423 3655 1634 3725 excepit
1676 3672 1799 3711 cum
1833 3673 1957 3713 cum
1996 3674 2131 3729 gau-

565 3743 679 3798 dio.
720 3744 879 3796 Matri
910 3759 1037 3798 vero
1084 3760 1196 3799 suze
1241 3747 1494 3815 exposuit
1535 3747 1871 3817 Epiphanius
1923 3752 2128 3815 omnia,

566 3848 688 3902 quae
732 3834 833 3888 sibi
868 3844 1162 3889 evenerant
1214 3846 1433 3906 propter
1485 3839 1805 3893 insolentem
1855 3849 1907 3894 et
1958 3842 2131 3910 pessi-

566 3941 711 3979 mam
742 3927 989 3980 bestiam.
1014 3927 1307 3997 Aliquanto
1334 3938 1513 3983 autem
1548 3940 1672 4001 post
1715 3940 1959 4001 tempore
1994 3935 2132 3989 dixit

566 4028 740 4073 mater
770 4018 1070 4090 Epiphanio
1128 4038 1140 4073 :
1188 4019 1347 4089 Ecce,
1397 4021 1504 4088 ﬁli,
1563 4031 1706 4078 terra
1757 4024 1958 4080 inculta
1997 4027 2131 4081 nihil

565 4111 837 4178 producit,
888 4127 1064 4181 neque
1097 4113 1254 4168 nobis
1304 4127 1370 4168 ex
1419 4128 1482 4168 ea
1536 4123 1621 4170 est
1668 4115 1872 4185 aliquid
1928 4118 2127 4172 solatii.

568 4201 699 4256 Erat
738 4216 917 4258 autem
956 4205 1035 4260 eis
1080 4204 1355 4275 quoddam
1406 4207 1742 4276 praediolum,
1793 4209 1937 4278 quod
1979 4217 2131 4279 pater

567 4294 690 4362 ejus
719 4296 1002 4365 diligenter
1035 4299 1241 4363 colens,
1288 4315 1352 4354 ex
1383 4314 1448 4355 eo
1478 4300 1714 4355 habebat
1741 4301 1947 4371 aliquid
1987 4302 2131 4357 sola-

570 4384 651 4438 tii.
706 4385 853 4440 Dixit
911 4403 1040 4457 ergo
1072 4391 1121 4443 ei
1173 4400 1387 4447 mater:
1447 4390 1758 4447 Vendamus
1809 4393 2128 4461 praediolum

570 4484 821 4530 nostrum
852 4477 1060 4532 homini
1100 4482 1349 4549 agricola:
1382 4500 1395 4536 :
1430 4492 1481 4537 et
1510 4493 1563 4536 tu
1611 4484 1745 4537 vade
1783 4484 1849 4537 ad
1890 4484 2124 4554 aliquem
2158 4496 2205 4553 Β

570 4564 845 4620 hominem
900 4567 1068 4623 Deum
1111 4570 1415 4633 timentem,
1465 4582 1519 4626 et
1569 4572 1719 4627 disce
1775 4582 1970 4637 artem,
2021 4590 2126 4643 qua

570 4659 747 4725 possis
781 4670 832 4713 te
856 4661 1021 4726 alere,
1049 4661 1290 4732 mihique
1330 4673 1383 4718 et
1413 4672 1517 4718 tute
1559 4664 1735 4720 sorori
1762 4680 1956 4735 panem
1998 4681 2130 4737 sup-

567 4749 825 4817 peditare.

639 4932 727 4988 IV.
788 4930 919 4987 Erat
955 4940 1136 4987 autem
1183 4931 1403 5001 quidam
1448 4930 1667 4987 Iudaeus
1702 4931 2046 5003 legisperitus
2074 4934 2131 4988 in

566 5023 786 5077 civitate
815 5022 1239 5090 Eleutheropoli,
1272 5023 1355 5076 vir
1385 5023 1737 5078 admirandus
1761 5033 1814 5078 et
1841 5024 2129 5093 religiosus

566 5119 930 5179 congruenter
961 5110 1063 5179 legi
1090 5108 1311 5181 Moysis.
1364 5109 1412 5164 Is
1460 5110 1694 5165 habebat
1726 5112 2130 5181 possessionem

567 5204 622 5255 in
652 5202 794 5266 vico,
820 5201 872 5260 in
904 5218 1012 5270 quo
1039 5210 1199 5258 natus
1232 5211 1349 5257 erat
1380 5201 1735 5273 Epiphanius,
1769 5205 1862 5272 qui
1892 5204 2005 5274 jam
2041 5220 2133 5259 co-

566 5293 861 5362 gnoscebat
881 5294 999 5363 ejus
1040 5304 1246 5363 patrem
1275 5304 1326 5347 et
1369 5301 1618 5359 matrem,
1656 5294 1902 5348 similiter
1948 5305 2129 5355 autem

569 5382 927 5453 Epiphanium
984 5395 1037 5440 et
1068 5386 1187 5455 ejus
1230 5400 1497 5440 sororem.
1528 5384 1578 5439 ls
1624 5400 1749 5439 cum
1780 5386 2020 5441 venisset
2061 5386 2128 5440 ad

571 5472 816 5527 visendas
868 5489 993 5529 suas
1049 5477 1455 5544 possessiones,
1500 5473 1635 5529 dixit
1691 5475 1850 5527 matri
1892 5474 2132 5544 Epipha-

570 5560 644 5612 nii
674 5578 686 5613 :
732 5559 943 5626 Mulier,
977 5563 1059 5617 vis
1098 5564 1227 5617 dare
1270 5563 1399 5617 mihi
1434 5562 1603 5617 ﬁlium
1637 5571 1788 5617 tuum
1823 5563 1877 5617 in
1911 5565 2131 5618 ﬁlium?

570 5657 736 5717 tuque
782 5659 835 5704 et
890 5661 980 5706 tua
1028 5652 1135 5706 ﬁlia
1167 5653 1431 5721 parahitis
1474 5668 1503 5708 e
1551 5653 1714 5709 domo
1744 5664 1954 5719 nostra,
2001 5670 2125 5725 quae

565 5749 727 5796 erunt
760 5742 911 5798 vobis
938 5743 1079 5800 usui.
1104 5742 1271 5799 Mater
1297 5756 1475 5801 autem
1516 5744 1820 5816 Epiphanii,
1854 5762 1976 5803 cum
2012 5747 2123 5804 haec

2154 3159 2197 3218 C

2231 1919 2323 1977 οὖν
2362 1923 2672 1993 Ἐπιφάνιος
2714 1924 2820 1978 ἀπὸ
2849 1925 2945 1995 τῆς
2982 1924 3101 1995 βίας
3132 1926 3233 1995 τῆς
3278 1926 3505 1991 ἀταξίας
3546 1927 3648 1980 τοῦ
3682 1927 3811 1980 ὑπο-

2231 2013 2416 2081 ζυγίου
2449 2013 2648 2068 ἔπαθεν
2681 2015 2772 2069 τὸν
2806 2014 3000 2069 ἑαυτοῦ
3038 2017 3232 2089 μηρὸν,
3265 2018 3360 2071 καὶ
3389 2017 3571 2073 ἔκειτο
3595 2019 3691 2072 ἐπὶ
3714 2018 3811 2088 τῆς

2230 2103 2369 2173 γῆς,
2427 2104 2624 2158 κλαίων
2670 2106 2764 2159 καὶ
2798 2106 2871 2177 μὴ
2906 2107 3205 2178 δυνάμενος
3234 2108 3558 2178 ἀναστῆναι.
3610 2110 3672 2162 '0
3722 2104 3811 2162 οὖν

2229 2195 2487 2260 Κλεόϐιος
2518 2195 2828 2268 προσελθὼν
2862 2199 3185 2269 Ἐπιφανίῳ,
3216 2201 3497 2269 κρατήσας
3524 2198 3701 2253 αὐτοῦ
3724 2199 3809 2252 τὸν

2233 2285 2404 2357 μηρὸν
2448 2288 2506 2339 ἐν
2549 2286 2626 2357 τῷ
2660 2288 2847 2359 τόπῳ,
2892 2281 2938 2357 ᾧ
2982 2288 3246 2343 πέπονθεν
3293 2291 3397 2343 ὑπὸ
3435 2289 3531 2343 τοῦ
3574 2291 3809 2345 ἀτάκτου

2229 2374 2367 2439 ζώου
2387 2417 2401 2441 ,
2431 2378 2526 2429 καὶ
2557 2380 2863 2447 σφραγίσας
2891 2380 3055 2433 αὐτὸν
3087 2380 3271 2451 τρίτον
3292 2421 3307 2443 ,
3338 2381 3543 2446 εὐθέως
3569 2382 3773 2450 ἀνέστη
3792 2421 3809 2443 .

2233 2467 2395 2536 μηδὲν
2424 2468 2594 2521 κακὸν
2624 2468 2762 2539 έχων
2809 2471 2867 2523 ἐν
2908 2470 3109 2540 ἐαυτῷ.
3156 2471 3215 2523 '0
3256 2471 3312 2525 δὲ
3355 2472 3621 2537 Κλεόϐιος
3662 2467 3809 2526 εἶπεν

2229 2560 2368 2629 πρὸς
2408 2560 2470 2612 τὸ
2517 2560 2812 2629 ὑποζύγιον
2845 2562 3025 2633 πάσης
3064 2564 3289 2629 ἀταξίας
3340 2564 3810 2635 πεπληρωμένον

2242 2649 2457 2720 Ἐπειδὴ
2490 2649 2795 2722 ἠϐουλήθης
2818 2651 3126 2707 θανατῶσαι
3153 2654 3244 2708 τὸν
3276 2654 3406 2707 ἴδιον
3433 2654 3729 2723 δεσπότην,
3754 2655 3810 2705 ὲν

2227 2737 2305 2808 τῷ
2336 2739 2558 2810 ὀνόματι
2588 2740 2762 2810 Ἰησοῦ
2798 2739 3030 2812 Χριστοῦ
3046 2744 3137 2795 τοῦ
3170 2746 3589 2815 ἐσταυρωμένου
3611 2786 3626 2809 ,
3666 2762 3807 2816 μηκ-

2229 2829 2311 2882 έτι
2370 2830 2631 2902 μετέλθῃς
2659 2834 2723 2885 ἐκ
2752 2831 2847 2884 τοῦ
2873 2832 3037 2885 τόπου
3062 2836 3272 2888 τούτου.
3298 2836 3409 2888 Καὶ
3440 2837 3535 2889 ἐπὶ⁵
3560 2836 3644 2908 τῷ
3664 2836 3807 2904 λόγῳ

2227 2922 2489 2976 Κλεοϐίου
2516 2924 2718 2988 εὐθέως
2748 2925 2942 2977 ἔπεσεν
2974 2926 3036 2979 τὸ
3065 2926 3358 2997 ὑποζύγιον
3411 2930 3503 2982 ἐπὶ
3547 2932 3649 3001 τὴν
3684 2931 3807 2999 γῆν,

2228 3012 2321 3066 καὶ
2346 3014 2635 3069 ἀπέθανεν.
2672 3016 2783 3068 Καὶ
2814 3015 3150 3088 ἐπεζήτησεν
3173 3020 3492 3087 Ἐπιφάνιος
3512 3021 3608 3074 τὸν
3638 3021 3804 3073 K156-

2229 3103 2366 3168 6tov,
2396 3105 2598 3174 λέγων·
2632 3107 2729 3171 Τίς
2760 3109 2927 3172 ἐστιν,
2954 3108 3149 3179 πάτερ,
3164 3109 3371 3180 Ἰησοῦς
3395 3113 3424 3163 6
3454 3112 3805 3183 ἐσταυρωμέ-

2228 3213 2338 3259 νος,
2360 3197 2443 3249 ὄτι
2464 3196 2687 3249 τοιαῦτα
2711 3200 2915 3268 σημεῖα
2934 3199 3143 3267 γίνεται
3170 3201 3236 3253 δι’
3272 3201 3473 3267 αὑτοῦ;
3503 3202 3803 3273 Ἀπεκρίθη

2229 3288 2505 3350 Κλεόϐιος.
2532 3289 2624 3341 καὶ
2645 3284 2796 3341 εἶπεν
2820 3289 2955 3360 πρὸς
2977 3289 3295 3358 Ἐπιφάνιον
3319 3307 3332 3320 ·
3365 3288 3532 3356 Οὗτος
3558 3296 3587 3347 6
3604 3293 3809 3365 Ἰησοῦς

2228 3377 2374 3431 ἐστιν
2403 3379 2432 3430 6
2470 3378 2595 3441 Υίὸς
2623 3377 2717 3430 τοῦ
2754 3378 2889 3431 Θεοῦ
2921 3418 2937 3444 ,
2983 3380 3042 3432 ὃν
3071 3382 3425 3452 ἐσταύρωσαν
3463 3385 3511 3436 οἱ
3546 3384 3802 3437 Ἰουδαῖοι.

2240 3466 2299 3521 'U
2344 3467 2402 3521 δὲ
2444 3469 2760 3537 Ἐπιφάνιος
2805 3470 3043 3542 ἐφοϐήθη
3089 3472 3406 3541 ἀναγγεῖλαι
3436 3474 3516 3544 τῷ
3543 3474 3805 3544 Κλεοϐίῳ,

2228 3560 2311 3612 ὅτι
2352 3560 2602 3624 Ἰουδαῖός
2643 3562 2809 3614 ἐστιν.
2856 3563 2913 3615 'U
2958 3558 3052 3616 οὖν
3093 3564 3349 3629 Κλεόϐιος
3397 3567 3673 3638 ἐπορεύθη
3714 3566 3807 3637 τὴν

2231 3651 2423 3703 ἐαυτοῦ
2451 3650 2588 3716 ὁδὸν,
2622 3653 2715 3706 καὶ
2752 3651 3063 3721 Ἐπιφάνιος
3090 3654 3338 3725 εἰσῆλθεν
3372 3660 3453 3720 εἰς
3484 3658 3585 3727 τήν
3613 3656 3805 3711 ἐαυτοῦ

2231 3741 2423 3814 κώμην
2454 3743 2589 3814 πρὸς
2617 3745 2716 3816 τὴν
2748 3746 2940 3799 ἐαυτοῦ
2970 3748 3202 3819 μητέρα.
3258 3749 3463 3803 ’ἰδοῦσα
3490 3751 3547 3803 δέ
3582 3751 3744 3805 αὑτὸν
3771 3754 3801 3819 ἠ

2234 3836 2414 3906 μήτηρ
2448 3834 2636 3902 αὑτοῦ,
2670 3836 2967 3901 ἀπεδέξατο
2994 3839 3155 3893 αὑτὸν
3188 3840 3325 3911 μετά
3356 3843 3551 3912 χαρᾶς,
3602 3844 3697 3895 καὶ
3726 3842 3805 3904 ἐξ.

2231 3926 2476 3995 ηγήσατο
2522 3926 2622 3980 ὅσα
2670 3927 2867 3997 συνέϐη
2900 3928 3047 3998 αὑτῷ
3093 3929 3180 3983 διὰ
3222 3930 3317 3983 τοῦ
3368 3932 3603 3985 ἀτάκτου
3648 3931 3800 3997 ζώου.

2230 4016 2437 4086 Χρόνου
2469 4017 2525 4069 δέ
2554 4018 2912 4089 παρελθόντος
2968 4014 3121 4073 εἷπεν
3167 4022 3199 4090 ή
3253 4022 3436 4093 μήτηρ
3490 4023 3802 4093 Ἐπιφανίου

2232 4108 2368 4180 πρὸς
2417 4110 2610 4163 αὐτόν·
2649 4111 2778 4164 Ἰδοὺ
2808 4113 2907 4183 δὴ,
2941 4112 3153 4175 τέκνον,
3187 4115 3219 4183 ή
3254 4114 3323 4182 γῆ
3360 4114 3644 4184 ἀμελεῖται
3667 4158 3681 4182 ,
3714 4116 3801 4171 καὶ

2182 4210 2189 4235 ’ν
2232 4199 2574 4270 παραμύθιον
2617 4202 2748 4272 ἡμῖν
2774 4202 2925 4256 οὐδέν
2958 4204 3105 4256 ἐστιν
3136 4202 3194 4268 ἐξ
3221 4204 3410 4273 αὐτῆς.
3434 4202 3542 4258 Ἦν
3565 4208 3677 4278 γὰρ
3709 4206 3803 4259 αὑ-

2233 4293 2340 4354 τοῖς
2384 4291 2455 4360 γῆ
2497 4292 2603 4345 ίδία
2653 4294 2823 4363 μικρά
2847 4310 2860 4322 ’
2892 4294 2958 4364 ἢν
2993 4294 3087 4347 καλ¹
3127 4296 3155 4347 6
3203 4294 3385 4365 πατὴρ
3438 4297 3602 4350 αὑτοῦ
3636 4297 3801 4367 ἐμπό-

2231 4399 2336 4445 νως
2367 4383 2571 4454 ταύτην
2602 4385 2883 4456 γεωργῶν,
2911 4381 3055 4456 εἶχέν
3084 4404 3204 4439 τινα
3238 4388 3587 4458 παραμυθίαν
3629 4391 3690 4453 ἐξ
3714 4389 3802 4441 αὐ-

2230 4473 2349 4543 τῆς.
2405 4469 2572 4528 Εἶπεν
2626 4471 2721 4529 οῦν
2776 4478 2809 4546 ἡ
2858 4473 3027 4530 αὑτοῦ
3080 4478 3291 4548 μήτηρ’
3356 4478 3705 4549 ’Δποδώμεθα
3746 4479 3802 4531 τὸ

2232 4566 2436 4635 γηίδιον
2457 4566 2613 4637 ήμῶν
2640 4568 2911 4640 ἀνθρώπῳ
2933 4568 3163 4640 γεωργῷ
3183 4586 3196 4599 ’
3227 4569 3321 4623 καὶ
3346 4572 3411 4624 σὺ
3436 4570 3647 4625 εἴσελθε
3674 4571 3801 4642 πρὸς

2232 4658 2488 4727 θεόφοϐον
2525 4659 2826 4730 ἄνθρωπον,
2890 4662 2985 4714 καὶ
3031 4661 3122 4714 ἔσο
3163 4661 3543 4733 διδασκόμενος
3592 4664 3797 4733 τέχνην,

2231 4748 2298 4801 δι’
2328 4743 2396 4821 ἧς
2425 4749 2649 4802 δύνασαι
2692 4750 2785 4803 καὶ
2818 4751 3007 4804 ἐαυτὸν
3034 4754 3295 4824 τρέφειν,
3324 4754 3418 4807 καὶ
3447 4754 3591 4824 ἐμοὶ,
3619 4756 3711 4808 καὶ
3739 4754 3803 4821 τῇ

2230 4840 2433 4911 ἀδελφῇ
2467 4858 2559 4894 σου
2586 4841 2744 4912 ἄρτον
2775 4845 3044 4912 χορηγεῖν.

2303 4933 2376 4984 Δ’.
2418 4927 2527 4983 *Ην
2556 4931 2613 4984 δέ
2636 4950 2719 4995 τις
2758 4934 3011 4996 Ἰουδαῖος
3043 4935 3490 5005 νομοδιδάσκαλος
3523 4939 3581 4990 ἐν
3625 4939 3799 4992 Ἐλευ-

2235 5022 2533 5093 θεροπόλει,
2570 5025 2709 5095 ἀνὴρ
2739 5024 3051 5094 θαυμαστὸς
3082 5027 3176 5079 καὶ
3222 5027 3505 5097 θεοσεϐὴς,
3546 5030 3688 5083 κατὰ
3717 5030 3801 5081 τὸν.

2232 5110 2393 5181 νόμον
2426 5113 2726 5178 Μωῦσέως.
2769 5109 2937 5179 Οὗτος
2980 5112 3129 5187 εἶχεν.
3163 5119 3386 5189 κτήσεις
3428 5122 3487 5173 ἐν
3526 5123 3591 5190 τῇ
3626 5119 3796 5189 κώμῃ,

2232 5203 2290 5263 ἐν
2390 5204 2649 5276 ἐγεννήθη
2702 5206 3049 5277 Ἐπιφάνιοςο
3096 5208 3155 5273 ὃς
3202 5211 3296 5263 καὶ
3335 5210 3427 5265 τὸν
3466 5212 3677 5283 πατέρα
3708 5211 3795 5264 αὑ-

2232 5292 2325 5344 τοῦ
2362 5293 2478 5363 ᾔδει
2503 5335 2518 5357 ,
2569 5295 2663 5348 καὶ
2705 5296 2803 5368 τὴν
2855 5298 3067 5368 μητέρα
3113 5298 3441 5364 ἐγίνωσκεν,
3472 5301 3673 5369 ὁμοίως
3714 5299 3793 5352 καὶ

2246 5382 2561 5453 Ἐπιφάνιον
2593 5385 2685 5437 καὶ
2710 5385 2807 5455 τὴν
2834 5387 2997 5441 αὐτοῦ
3033 5387 3288 5458 ἀδελφήν.
3338 5384 3506 5452 Οὗτος
3551 5389 3796 5443 εἰσελθὼν

2233 5475 2314 5537 είς
2347 5476 2632 5545 ἐπίσκεψιν
2657 5478 2764 5531 τῶν
2794 5478 2988 5532 ἑαυτοῦ
3019 5481 3342 5551 κτημάτων,
3372 5477 3521 5534 εἶπεν
3549 5481 3683 5552 πρὸς
3707 5482 3794 5550 τὴν

2236 5566 2444 5637 μητέρα
2501 5568 2853 5638 Ἐπ,ιφανίου’
2900 5571 3087 5634 Γύναι,
3136 5572 3297 5645 βούλῃ
3346 5591 3435 5643 μοι
3488 5573 3670 5627 δοῦναι
3714 5574 3795 5625 τὸν

2232 5657 2345 5710 υίόν
2374 5674 2468 5711 σου
2492 5660 2571 5723 εἰς
2603 5660 2715 5713 υἱόν
2741 5678 2754 5725 ;
2782 5662 2871 5714 καὶ
2905 5661 3003 5734 ἔσῃ
3027 5663 3120 5715 καὶ
3152 5664 3216 5716 σὺ
3253 5665 3346 5716 καὶ
3374 5666 3407 5734 ή
3434 5664 3679 5737 θυγάτηρ
3710 5682 3792 5717 σου

2231 5747 2330 5811 τὰς
2354 5749 2541 5820 χρείας
2570 5751 2723 5822 ὑμῶν
2755 5752 3105 5826 ποριζόμεναι
3137 5756 3201 5808 ἐκ
3222 5753 3319 5808 τοῦ
3337 5755 3603 5825 ἡμετέρου
3627 5757 3799 5817 oliuae.
