4078 6368
294 387 365 443 29
1602 384 1660 438 S.
1697 381 2036 437 EPIPIIANII
2077 381 2253 447 VITA.
3480 376 3549 429 ὅθ

305 481 375 535 Ἦ
398 479 455 533 δὲ
486 480 669 551 μμήτηρ
708 478 1024 547 Ἐπιφανίου
1054 478 1336 532 ἀκούσασα
1360 477 1513 550 παρὰ
1534 472 1623 532 τοῦ
1650 480 1876 550 νομικοῦ

1989 479 2254 534 audiisset
2301 493 2331 531 a
2365 476 2697 547 legisperito,
2726 474 2883 529 va.de
2940 474 3113 527 laetata
3170 478 3255 526 est
3295 488 3309 524 :
3345 477 3548 525 etcum

296 571 500 636 ταῦτα,
548 571 719 641 ἐχάρη
763 570 929 633 πολὺ,
963 570 1055 621 καὶ
1090 570 1329 622 λαϐοῦσα
1368 571 1704 638 Ἐπιφάνιον,
1737 587 1878 640 παρ-

294 659 499 712 έδωκεν
531 660 693 711 αὐτὸν
725 659 1072 729 παραχρῆμα
1103 661 1183 722 είς
1215 659 1347 711 υἱόν.
1393 660 1466 711 Τὸ
1498 660 1556 712 δέ
1584 660 1754 728 ὄνομα
1784 660 1877 712 τοῦ

294 749 524 818 νομικοῦ
550 750 798 802 ἐκαλεῖτο
827 750 1082 820 Τρύφων.
1114 745 1284 813 Οὗτος
1314 746 1457 819 εἶχεν
1486 750 1756 821 θυγατέρα
1785 768 1879 820 μο-

282 842 490 911 νογενῆ
511 857 525 870 ο
554 840 893 899 ἐϐούλετονδέ
924 841 1127 912 ταύτην
1162 840 1433 906 συζεῦξαι·
1460 843 1781 912 Ἐπιφανίῳ.

367 932 452 985 E'.
502 932 563 984 Ὀ
606 929 698 985 οὖν
732 932 966 1003 Τρύφων
1018 932 1200 986 λαϐὼν
1256 933 1569 1004 Ἐπιφάνιον
1613 937 1693 998 είς
1743 936 1875 995 υἱὸν,

295 1022 615 1076 ἐπαίδευσεν
670 1023 832 1077 αὐτὸν
881 1025 1133 1095 ἐμπόνως
1172 1024 1241 1079 τὰ
1290 1025 1386 1077 τοῦ
1438 1026 1638 1096 νόμου,
1678 1028 1771 1079 καὶ
1812 1026 1878 1079 τὰ

299 1119 542 1186 στοιχεῖα
576 1117 647 1171 τὰ
692 1116 956 1187 Ἑϐραϊκὰ
986 1116 1123 1187 μετὰ
1155 1115 1459 1187 ἀκριϐείας.
1500 1116 1879 1187 Ἐτελεύτησεν

294 1212 353 1264 δὲ
382 1214 417 1283 ή
446 1212 692 1282 θυγάτηρ
729 1211 821 1265 τοῦ
854 1211 1183 1283 Τρύφωνος,
1224 1212 1319 1264 καὶ
1369 1211 1528 1282 μόνος
1568 1211 1879 1279 Ἐπιφάνιος

292 1299 363 1374 ἢν
386 1306 447 1356 ἐν
469 1304 545 1374 τῷ
572 1304 705 1373 οἴκῳ
728 1303 893 1358 αὐτοῦ
924 1303 1247 1375 προκόπτων
1266 1304 1362 1358 καὶ
1380 1306 1447 1376 τῇ
1468 1305 1674 1375 ἡλικίᾳ,
1696 1306 1788 1356 καὶ
1811 1306 1878 1374 τῇ

294 1396 463 1466 σοφίᾳ
488 1398 553 1465 τῇ
596 1394 880 1467 Ἐϐραῖκῇ.
914 1394 1117 1465 Συνέϐη
1152 1394 1209 1447 δὲ
1246 1395 1451 1450 καὶτὸν
1492 1395 1762 1467 Τρύφωνα
1794 1413 1881 1447 τε-

292 1489 580 1559 λευτῆσαι·
621 1490 715 1543 καὶ
750 1492 929 1542 πᾶσαν
955 1488 1054 1559 τὴν
1077 1488 1348 1561 ὑπόληψιν
1372 1489 1536 1542 αὐτοῦ
1566 1490 1882 1558 κατέλειψεν

308 1581 634 1653 Ἐπιφανίῳ.
672 1582 1054 1653 Ἐτελεύτησεν
1097 1582 1153 1634 δὲ
1197 1583 1292 1637 καὶ
1335 1585 1369 1655 ή
1417 1584 1597 1655 μήτηρ
1652 1585 1883 1653 Ἐπιφαη

292 1673 436 1727 νίου.
479 1672 710 1726 Ἔλαϐεν
755 1672 812 1725 δὲ
850 1672 1169 1741 Ἐπιφάνιος
1200 1672 1298 1744 τὴν
1328 1672 1525 1725 ἐαυτοῦ
1558 1672 1791 1744 ἀδελφὴν
1824 1676 1881 1726 ἐν

292 1761 375 1832 τῷ
403 1761 539 1833 οἴκῳ
564 1762 640 1833 τῷ
671 1763 775 1816 ὑπὸ
806 1762 900 1815 τοῦ
931 1763 1226 1834 Τρύφωνος
1255 1762 1669 1832 καταλειφθέντι
1704 1764 1875 1835 αὐτῷ’

1985 573 2279 641 accepisset
2313 569 2698 639 Epiphanium,
2726 582 2849 620 eum
2890 564 3197 634 legisperito
3235 563 3417 616 statim
3450 562 3548 615 de-

1981 663 2062 717 dit
2100 663 2155 715 in
2190 661 2383 714 ﬁlium.
2434 658 2563 711 Erat
2595 657 2910 727 legisperito
2933 656 3009 708 illi
3040 670 3235 708 nomen
3270 652 3549 723 Tryphon,

1982 755 2077 823 qui
2105 752 2298 806 habuit
2333 750 2499 803 ﬁliam
2542 748 2900 817 unigenitum.
2929 745 3251 813 volebatque
3275 759 3393 797 eam
3417 742 3551 812 jun-

1979 862 2102 917 gere
2138 844 2460 915 Epiphanio.

2056 936 2121 991 V.
2163 938 2302 989 Cum
2333 936 2515 1003 itaque
2540 931 2796 1003 Tryphon
2840 928 3203 998 Epiphanium
3251 928 3553 996 accepisset

1982 1031 2035 1085 in
2076 1029 2271 1095 ﬁlium,
2324 1040 2663 1097 quaecunque
2721 1035 2849 1078 sunt
2894 1023 3028 1092 legis
3089 1036 3213 1075 eum
3266 1021 3553 1090 diligenter

1981 1121 2194 1185 docuit,
2224 1130 2278 1174 et
2306 1120 2573 1173 elementa
2610 1115 2874 1171 Hebraiea
2908 1122 3181 1168 accurate.
3223 1112 3432 1166 Mortua
3470 1121 3555 1166 est

1984 1223 2165 1267 autem
2197 1210 2303 1264 ﬁlia
2347 1208 2674 1280 Tryphonis,
2706 1207 2966 1276 solusque
2994 1206 3331 1275 Epiphanius
3356 1214 3473 1258 erat
3500 1204 3556 1258 in

1981 1303 2147 1359 domo
2184 1302 2327 1371 ejus,
2357 1299 2645 1369 proﬁciens
2676 1306 2835 1352 attate
2859 1304 2914 1351 et
2953 1295 3221 1365 sapientia
3265 1292 3552 1349 Hebr-dea.

1981 1395 2192 1451 Accidit
2227 1408 2381 1458 vero,
2414 1400 2474 1445 ut
2513 1389 2768 1461 Tryphon
2815 1401 3034 1458 quoque
3066 1383 3388 1440 decederet:
3435 1397 3559 1436 om¢

1984 1502 2191 1558 nesque
2230 1485 2515 1541 facultates
2549 1498 2679 1537 suas
2708 1480 2931 1549 reliquit
2957 1478 3301 1549 'rEpipbanio.
3344 1474 3556 1529 Mortua

1982 1589 2067 1635 est
2108 1588 2288 1633 autem
2343 1587 2519 1631 mater
2572 1588 2793 1644 quoque
2848 1569 3158 1640 Epiplianii.
3203 1566 3310 1633 Qui
3352 1566 3559 1634 accepit

1984 1687 2225 1730 sororem
2256 1685 2411 1725 suam
2450 1669 2505 1721 in
2531 1668 2715 1731 domo,
2745 1680 2867 1734 quae
2901 1678 2930 1717 a
2967 1662 3257 1732 Tryplione
3299 1658 3401 1713 sibi
3434 1656 3558 1711 reli-

1982 1776 2066 1820 cta
2118 1763 2314 1818 fuerat.
2374 1759 2650 1828 Erantque
2696 1757 2858 1811 ambo
2909 1754 3056 1809 domi
3099 1753 3155 1804 in
3203 1765 3399 1819 magna
3439 1748 3559 1801 vitae

292 1828 393 1907 καὶ
418 1828 560 1925 ἦσαν
584 1828 634 1907 oi
660 1854 754 1907 δύο
778 1853 894 1926 ἅμα
919 1828 1076 1925 ἐν’τῷ
1104 1856 1239 1925 οίκῳ
1268 1856 1328 1908 ἐν
1358 1828 1523 1925 πολλῇ
1551 1828 1881 1909 καταστάσει

1987 1851 2395 1921 tranquillitate,
2434 1847 2824 1900 convenienter
2856 1842 3139 1906 doctrina},
3198 1853 3363 1909 quam
3403 1852 3558 1891 accc-

293 1944 418 2015 βίου
466 1946 609 1999 κατὰ
663 1947 761 2018 τὴν
835 1946 1058 2019 διδαχὴν
1121 1946 1438 2017 Τρύφωνος.
1497 1944 1761 2010 Ἐξελθὼν
1824 1948 1882 1999 δὲ

307 2035 626 2103 Ἐπιφάνιος
670 2036 728 2089 ἐν
758 2038 824 2107 τῇ
866 2035 1027 2106 κώμῃ
1051 2076 1065 2100 ,
1119 2036 1177 2088 ἐν
1290 2034 1553 2106 ἐγεννήθη
1583 2075 1597 2099 ,
1637 2035 1695 2090 ἐν
1790 2037 1883 2089 καὶ

288 2126 395 2197 τὴν
428 2127 617 2196 κτῆσιν
639 2123 785 2198 εἶχεν
814 2127 911 2199 τὴν
941 2126 1397 2197 καταλειφθεῖσαν
1430 2127 1579 2199 αύτῷ
1610 2127 1716 2181 ὑπὸ
1749 2128 1883 2199 Τρύ-

293 2233 498 2284 φωνος,
519 2217 831 2287 ὑπήντησεν
868 2215 1017 2287 αύτῷ
1038 2218 1179 2287 ἁνήρ
1206 2234 1291 2281 τις
1315 2218 1640 2289 Χριστιανὸς
1659 2219 1883 2287 ὀνόματι

290 2306 631 2370 Λουκιανὸς,
661 2306 969 2377 θαυμαστὸς
1008 2308 1101 2360 καὶ
1142 2307 1321 2376 λόγιος
1343 2349 1358 2372 ,
1403 2310 1494 2362 τὸν
1531 2310 1740 2380 μονήρη
1770 2308 1883 2380 βίον

288 2395 663 2466 διερχόμενος,
692 2396 889 2468 τέχνην
916 2397 1054 2468 ἔχων
1083 2398 1181 2470 τὴν
1213 2398 1307 2451 τοῦ
1337 2399 1732 2471 καλλιγράφου,
1754 2400 1884 2453 ταύ-

290 2504 365 2560 τῃ
398 2505 457 2540 τε
489 2489 942 2560 προσκαρτερῶν,
971 2489 1030 2556 ἐξ
1058 2491 1230 2561 αὐτῆς
1256 2490 1347 2544 τὸν
1373 2491 1535 2562 ἄρτον
1579 2492 1879 2563 ἐπορίζετο,

291 2579 392 2633 καὶ
436 2579 498 2631 τὸ
545 2579 871 2650 περισσεῦον
911 2581 1155 2635 ἐπεδίδου
1201 2586 1314 2647 τοῖς
1356 2584 1648 2655 δεομένοις.
1691 2585 1748 2638 '0
1788 2581 1882 2638 οὖν

304 2670 627 2739 Ἐπιφάνιος
645 2667 715 2742 ἦν
746 2672 1092 2743 ἐπιϐεϐηκὼς
1120 2673 1213 2727 ἐπὶ
1244 2675 1559 2744 ὑποζύγιον.
1601 2677 1658 2729 '0
1687 2676 1743 2729 δέ
1779 2695 1883 2747 μα-

290 2762 530 2832 καρίτης
569 2761 863 2825 Λουκιανὸς
913 2757 981 2833 ἦν
1024 2765 1346 2834 περιπατῶν
1396 2768 1455 2818 ἐν
1499 2768 1565 2837 τῇ
1611 2765 1737 2837 ὁδῷ,
1788 2768 1881 2819 καὶ

293 2856 639 2923 συνήντησαν
664 2854 968 2926 ἀμφότεροι
996 2854 1267 2929 ἀλλήλοις.
1311 2857 1513 2928 Συνέϐη
1550 2857 1638 2919 δὲ,
1676 2860 1883 2929 πένητά

286 2961 419 2997 τινα
460 2945 813 2998 ἐπιλαϐέσθαι
856 2947 965 2998 τῶν
1024 2947 1202 3001 ποδῶν
1248 2948 1546 3002 Λουκιανοῦ
1570 2966 1585 2980 ο
1610 2950 1705 3002 καὶ
1736 2948 1881 3018 λέγει

289 3035 436 3105 πρὸς
463 3035 657 3089 αὐτόν*
691 3035 980 3108 ’Ἄνθρωπε
1025 3035 1120 3089 τοῦ
1165 3036 1299 3090 Θεοῦ
1323 3079 1338 3105 ,
1369 3037 1597 3108 ἐλέησόν
1649 3056 1715 3110 με
1735 3080 1750 3103 ,
1800 3040 1881 3092 ὅτι

286 3130 447 3198 τρεῖς
474 3127 686 3200 ἡμέρας
713 3126 822 3196 ἔχω
848 3128 1033 3191 ἄσιτος
1061 3128 1344 3195 διατελῶν,
1382 3129 1457 3201 μὴ
1493 3128 1631 3201 ἔχων
1654 3129 1880 3201 ἐμαυτῷ
1907 3166 1951 3227 c

292 3218 485 3290 μηδέν.
528 3220 584 3271 ὐ
623 3219 680 3271 δὲ
711 3220 981 3291 μακάριος
1008 3221 1308 3285 Λουκιανὸς
1328 3260 1342 3285 ,
1394 3221 1468 3293 μὴ
1497 3221 1635 3292 ἔχων
1661 3223 1713 3275 τί
1744 3223 1882 3276 ἀπο-

287 3311 479 3365 δοῦναι
510 3308 587 3379 τῷ
624 3310 840 3381 πένητι,
881 3309 945 3361 τὸ
992 3310 1340 3381 περιϐόλαιον
1371 3312 1535 3364 αὐτοῦ
1570 3314 1885 3367 ἀποσκεπά-

290 3421 396 3468 σας
432 3404 673 3457 ἐπεδίδου
696 3446 710 3470 ,
762 3402 937 3472 λέγων
958 3420 973 3434 ·
1002 3404 1226 3457 Εἵσελθε
1260 3407 1318 3456 ἐν
1349 3406 1414 3475 τῇ
1444 3404 1593 3459 πόλει
1618 3444 1636 3467 ,
1668 3408 1760 3460 καὶ
1791 3406 1881 3459 πί·-

287 3512 505 3566 πρασον
536 3496 713 3559 τοῦτο,
746 3496 837 3549 καὶ
862 3493 1069 3565 ὤνησαι
1100 3495 1318 3566 ἄρτους.

366 3586 461 3651 (τ’.
497 3584 556 3636 '0
587 3584 645 3637 δέ
688 3584 1008 3652 Ἑπιφόινιος
1038 3584 1369 3655 προσέσχεν,
1403 3584 1486 3637 ὅτι
1518 3583 1596 3648 ὡς
1644 3584 1882 3638 ἀπεσκέ-

284 3693 468 3730 πασεν
500 3676 692 3729 ἑαυτὸν
714 3677 1032 3739 Λουκιανὸς,
1064 3677 1160 3729 καὶ
1184 3676 1383 3729 ἔδωκεν
1407 3675 1484 3747 τῷ
1514 3677 1726 3746 πένητι,
1759 3676 1885 3729 θεω-

292 3771 386 3840 ρεῖ
414 3767 613 3839 λευκὴν
642 3766 831 3839 στολὴν
859 3767 954 3821 ἀπ’
985 3769 1044 3820 ού
1055 3768 1217 3839 ρανοῦ
1246 3767 1613 3822 κατελθοῦσαν
1639 3770 1732 3821 καὶ
1759 3786 1883 3823 σκε-

288 3853 546 3915 πςίσασαν
576 3859 756 3913 αὐτόν.
794 3860 906 3913 Καὶ
949 3858 1193 3930 ἐφοϐήθη
1239 3860 1556 3928 Ἐπιφάνιος
1595 3860 1759 3929 φόϐον
1791 3860 1885 3930 μέ-

287 3968 432 4022 γαν·
479 3952 572 4004 καὶ
607 3949 788 4003 πεσὼν
836 3952 928 4004 ἐπὶ
972 3951 1286 4023 πρόσωπον,
1333 3951 1497 4023 ῥίψας
1539 3952 1729 4004 ἐαυτὸν
1776 3952 1885 4005 ἀπὸ

292 4041 617 4111 ὑποζυγίου,
642 4037 795 4094 εἶπεν
840 4041 974 4112 πρὸς
1004 4043 1337 4095 Λουκιανόν*
1388 4043 1588 4113 Δέομαί
1632 4059 1746 4108 σου,
1792 4044 1884 4097 ἄν·

293 4137 510 4208 θρωπε,
551 4136 702 4189 εἰπόν
735 4153 854 4207 μοι·
884 4136 969 4199 τίς
993 4131 1080 4199 εἴ;
1116 4136 1175 4187 ὐ
1208 4135 1262 4188 δὲ
1291 4136 1559 4207 μακάριος
1589 4137 1883 4200 Λουκιανὸς

294 4227 455 4284 εἶπεν
492 4230 630 4302 πρὸς
664 4228 1015 4299 Ἐπιφὰνιονο
1065 4226 1235 4281 Είπόν
1291 4245 1382 4299 μοι
1430 4228 1518 4294 σὺ,
1554 4227 1715 4291 ποίας
1753 4228 1884 4299 θρη-

296 4324 489 4386 σκείας
518 4322 803 4393 ὑπάρχεις,
828 4319 1001 4393 ,κάγὼ
1032 4320 1343 4388 ἀναγγελῶ-
1366 4337 1451 4373 σοι
1484 4321 1554 4374 τὰ
1596 4324 1715 4374 κατ’
1758 4322 1879 4390 ἐμέ.

303 4411 605 4483 Ἀπεκρίθη
657 4412 1007 4481 Ἐπιφάνιος,
1061 4409 1156 4462 καὶ
1208 4405 1394 4461 εἶπεν·
1436 4409 1687 4472 Ἰουδαῖός
1740 4411 1876 4479 είμι.

1986 1952 2233 2014 peranta
2275 1941 2590 2011 Tryphone.
2625 1938 2861 2007 Egresso
2912 1943 3092 1988 autem
3146 1929 3450 1999 Epiphanio
3502 1928 3557 1981 in

1982 2038 2165 2091 vicum
2194 2035 2249 2088 in
2279 2047 2390 2103 quo
2421 2040 2585 2085 natus
2640 2030 2838 2090 fuerat,
2887 2026 2943 2080 in
2988 2039 3100 2095 quo
3129 2025 3294 2077 etiam
3324 2021 3558 2076 habebat

1983 2124 2361 2195 possessiones
2417 2120 2636 2174 relictas
2675 2134 2704 2171 a
2752 2114 3062 2186 Tryphone,
3116 2112 3357 2167 occurrit
3395 2111 3445 2164 ei
3474 2109 3560 2163 vir

1982 2216 2208 2288 quidam
2236 2213 2603 2277 Christianus,
2629 2210 2848 2264 nomine
2879 2208 3172 2269 Lucianus,
3210 2205 3560 2260 admirandus

1981 2317 2036 2364 et
2079 2307 2347 2371 eruditus,
2394 2304 2489 2375 qui
2527 2305 2695 2357 vitam
2747 2300 3038 2356 exercebat
3083 2296 3465 2359 monasticam,
3506 2303 3558 2349 et

1982 2401 2249 2473 elegantis
2294 2397 2504 2454 librarii
2562 2405 2730 2450 artem
2792 2392 3037 2463 apprime
3099 2390 3351 2455 tenebat,
3401 2389 3560 2455 eique

1984 2503 2202 2551 strenue
2248 2505 2456 2545 navans
2511 2502 2754 2558 operam,
2810 2500 2876 2538 ex
2917 2497 2981 2537 ea
3037 2496 3232 2552 panem
3284 2479 3560 2549 quaerebat

1982 2584 2361 2655 quotidianum
2410 2597 2424 2645 ;
2497 2587 2551 2635 et
2607 2577 2753 2648 quod
2814 2581 3145 2644 supererat,
3220 2570 3560 2640 impertiebat

1981 2676 2285 2747 egentibus.
2350 2671 2529 2743 Atque
2593 2668 2929 2739 Epiphanius
2981 2664 3200 2737 quidem
3253 2663 3560 2731 jumentum

1982 2769 2416 2825 conscenderat:
2466 2764 2658 2819 beatus
2695 2767 2876 2817 autem
2909 2759 3188 2815 Lucianus
3229 2755 3283 2809 in
3315 2755 3398 2807 via
3435 2768 3560 2806 am-

1983 2860 2223 2924 bulabat,
2252 2864 2306 2912 et
2334 2857 2496 2912 ambo
2522 2855 2626 2910 sibi
2666 2853 2899 2908 invicem
2936 2852 3317 2906 occurrerunt.
3356 2844 3560 2904 Aecith

1983 2966 2131 3017 vero,
2157 2959 2214 3003 ut
2244 2963 2451 3018 pauper
2480 2946 2700 3015 quidam
2737 2944 2902 3015 pedes
2926 2941 3153 2997 Luciani
3182 2943 3562 3013 prehenderet,

1983 3049 2037 3096 et
2073 3041 2123 3095 ei
2155 3040 2359 3094 diceret
2394 3055 2408 3091 ι
2442 3035 2619 3090 llomo
2662 3032 2776 3099 Dei,
2811 3032 3072 3087 miserere
3106 3031 3246 3095 mei;
3270 3031 3382 3099 jam
3416 3028 3561 3081 enim

1984 3144 2095 3188 tres
2127 3133 2243 3186 dies
2283 3142 2580 3199 permaneo
2610 3127 2852 3196 jejunus,
2889 3132 2951 3178 ut
2995 3124 3087 3193 qui
3121 3122 3259 3177 nihil
3310 3122 3560 3175 habeam.

1983 3225 2180 3279 Beatus
2233 3231 2414 3277 autem
2470 3219 2768 3282 Lucianus,
2820 3232 2947 3271 cum
2994 3216 3132 3269 nihil
3188 3213 3332 3268 aliud
3382 3221 3560 3281 posset

1983 3318 2113 3371 dare
2140 3314 2386 3385 pauperi,
2417 3327 2477 3367 se
2508 3314 2711 3366 amictu
2738 3324 2963 3375 exuens,
2992 3324 3119 3361 eum
3159 3307 3235 3360 illi
3266 3306 3453 3368 donat,
3479 3304 3560 3358 di-

1981 3422 2157 3462 cens:
2210 3403 2501 3476 Ingredere
2553 3402 2857 3466 civitatem,
2891 3409 2944 3455 et
2973 3398 3169 3464 vende,
3218 3406 3273 3453 et
3303 3412 3423 3451 eine
3466 3396 3561 3451 tibi

1983 3513 2171 3569 panes.

2056 3588 2142 3644 Vl.
2180 3586 2425 3643 Advertit
2473 3596 2653 3640 autem
2702 3582 3061 3654 Epiphanius,
3114 3580 3262 3652 quod
3313 3595 3438 3634 cum
3504 3594 3562 3633 se

1982 3682 2225 3737 exuisset
2266 3678 2564 3743 Lucianus,
2598 3687 2652 3731 et
2679 3675 2915 3731 dedisset
2957 3673 3203 3745 pauperi,
3233 3672 3400 3727 vestis
3426 3685 3559 3724 cau-

1983 3773 2109 3829 dida
2141 3773 2208 3828 de
2252 3773 2391 3829 coelo
2421 3770 2753 3825 descendens
2786 3781 2912 3822 eum
2953 3774 3181 3821 texerat.
3227 3763 3422 3835 Magno
3457 3764 3561 3817 ita—

1982 3882 2091 3937 que
2129 3867 2323 3919 timore
2364 3863 2464 3917 fuit
2499 3860 2727 3915 allectus
2761 3858 3124 3929 Epiphanius,
3157 3870 3476 3927 pronusque
3503 3856 3559 3909 in

1981 3958 2176 4012 faciem
2202 3954 2403 4011 cadens
2441 3969 2472 4007 e
2499 3953 2768 4020 iumento,
2811 3950 2950 4005 dixit
2983 3948 3265 4003 Luciano:
3296 3947 3448 4017 Rogo
3486 3955 3557 4011 te,

1982 4070 2016 4108 o
2050 4053 2231 4116 homo,
2266 4049 2355 4103 die
2392 4046 2525 4100 mihi
2560 4064 2574 4100 ;
2610 4046 2864 4114 quisnam
2891 4044 2989 4098 es?
3017 4041 3216 4096 Beatus
3245 4049 3425 4095 autem
3456 4038 3560 4092 Lu-

1982 4160 2174 4200 Cianus
2204 4142 2341 4197 dixit
2373 4139 2678 4209 Epiphanio
2711 4156 2724 4190 :
2762 4136 2858 4191 Dic
2886 4135 3020 4189 mihi
3054 4145 3132 4200 tu,
3163 4133 3451 4203 cujusuam
3483 4132 3561 4185 sis

1982 4233 2280 4304 religionis,
2330 4239 2384 4285 et
2431 4246 2533 4299 ego
2583 4242 2764 4281 meam
2817 4225 2918 4279 tibi
2953 4222 3210 4277 referam.
3264 4219 3560 4289 Respondit

1981 4321 2338 4393 Epiphanius,
2393 4327 2448 4373 et
2475 4317 2613 4388 dixit
2649 4334 2661 4368 :
2704 4314 2835 4368 Sum
2891 4311 3131 4367 Judatus.
3179 4309 3339 4364 Novit
3375 4310 3560 4375 itaque

1981 4414 2257 4469 Lucianus
2291 4408 2519 4481 gratiam
2552 4407 2647 4461 Dei
2677 4406 2938 4461 cecidisse
2970 4418 3132 4472 super
3162 4400 3553 4472 Epiphanium.

288 4506 484 4573 Ἔγνω
511 4500 603 4557 οὖν
620 4504 933 4566 Λουκιανὸς,
971 4504 1053 4555 ὅτι
1091 4501 1251 4573 χάρις
1278 4500 1413 4554 Θεοῦ
1445 4501 1712 4554 ἐπέπεσεν
1744 4502 1880 4573 πρὸς

1982 4504 2117 4559 Nam
2156 4500 2554 4574 praescieutiam
2591 4512 2809 4568 quoque
2840 4497 3074 4553 habebat
3115 4494 3411 4549 Lucianus.
3458 4491 3561 4546 Ile-

298 4597 625 4666 Ἒπιφάνιον
645 4613 659 4626 ο
686 4592 754 4666 ἦν
782 4595 890 4666 γὰρ
919 4597 1016 4647 καὶ
1056 4596 1362 4665 πρόγνωσιν
1393 4594 1530 4665 ἔχων
1561 4596 1876 4658 Λουκιανός.

301 4688 603 4761 Ἀπεκρίθη
651 4688 951 4750 Λουκιανὸς
999 4687 1139 4759 πρὸς
1201 4687 1551 4769 ’βπιφάνιοψ
1614 4687 1739 4750 Πῶς
1791 4689 1877 4753 σὺ,

301 4782 559 4844 Ἰουδαῖος
583 4779 679 4846 ὢν,
718 4782 1003 4851 ἐπερωτᾷς
1032 4779 1356 4853 Χριστιανὸν
1395 4778 1587 4849 μαθεῖν
1614 4779 1697 4842 τίς
1726 4780 1876 4849 εἱμι;

287 4874 375 4926 ὅτι
432 4872 706 4944 βδέλυγμα
738 4874 788 4925 οἱ
829 4873 1071 4926 Ἰουδαῖοι
1126 4873 1238 4935 τοῖς
1285 4872 1631 4941 Χριστιανοῖς
1655 4912 1669 4936 ,
1705 4870 1798 4923 καὶ
1829 4871 1879 4921 οί

289 4960 612 5029 Χριστιανοὶ
640 4963 754 5025 τοῖς
788 4960 1081 5025 Ἰουδαίοις.
1109 4961 1240 5015 Ἰδοὺ
1267 4960 1330 5032 δὴ
1349 4960 1609 5031 ἤκουσας,
1638 4962 1721 5014 ὅτι
1747 4963 1882 5032 Χρι-

288 5052 509 5115 στιανός
555 5054 703 5123 εἰμι·
734 5052 833 5106 οὐκ
869 5052 1079 5120 ἔξεστίν
1122 5070 1205 5106 σοι
1230 5052 1357 5108 ἄλλο
1396 5070 1450 5105 τι
1483 5052 1713 5106 ἀκοῦσαι
1747 5056 1878 5123 παρ’

288 5141 451 5212 ἐμοῦ.
485 5143 545 5194 ὐ
573 5142 629 5195 δὲ
676 5144 997 5212 Ἐπιφάνιος
1037 5140 1190 5198 εἶπεν
1222 5145 1359 5216 πρὸς
1403 5145 1732 5198 Λουκιανόν·
1769 5144 1880 5198 Καὶ

287 5234 348 5286 τί
372 5232 571 5286 κωλύει
596 5233 692 5287 τοῦ
716 5235 809 5287 καὶ
832 5237 933 5304 ἐμὲ
959 5237 1211 5303 γενέσθαι
1238 5237 1563 5309 Χριστιανὸν
1584 5253 1598 5302 ;
1622 5237 1879 5306 Ἀπεκρί-

289 5326 361 5397 θη
408 5326 705 5385 Λουκιανὸς
760 5328 852 5380 καὶ
896 5323 1049 5381 εἶπεν
1073 5345 1087 5360 ο
1144 5329 1217 5381 Τὸ
1292 5329 1366 5399 μὴ
1414 5327 1586 5381 θέλειν
1645 5327 1841 5381 κωλύει
1864 5345 1877 5357 ο

288 5416 352 5469 τὸ
413 5416 525 5488 γὰρ
586 5415 761 5470 θέλειν
846 5421 921 5489 (α)
984 5421 1267 5491 πάρεστιν.
1324 5418 1764 5490 Κατανυχθέντος
1823 5419 1879 5472 δὲ

302 5505 626 5576 Ἐπιφανίου
681 5509 775 5562 ἐπὶ
846 5514 960 5574 τοῖς
1032 5510 1210 5580 λόγοις
1274 5511 1573 5565 Λουκιανοῦ
1599 5554 1614 5577 ,
1694 5511 1877 5564 οὐκέτι

290 5597 564 5667 ἐπορεύθη
589 5600 728 5670 πρὸς
754 5601 1044 5671 ἐπίσκεψιν
1069 5603 1168 5674 τῆς
1202 5602 1395 5657 ἐαυτοῦ
1429 5607 1675 5675 κτήσεως
1695 5620 1708 5632 ·
1741 5602 1876 5657 ἀλλὰ

294 5689 475 5742 λαϐὼν
505 5691 825 5758 Λουκιανὸν,
857 5695 1173 5765 εἰσήνεγκεν
1199 5696 1360 5751 αὐτὸν
1392 5699 1467 5760 εἰς
1487 5698 1577 5751 τὸν
1605 5692 1749 5751 οἶκον
1778 5698 1875 5750 αύ-

370 5804 445 5872 (ιι)
470 5804 729 5867 Fortasse
752 5810 1036 5868 δύνασθαι.

1983 4594 2201 4667 spondit
2251 4608 2381 4662 ergo
2454 4590 2753 4653 Lucianus,
2808 4596 2864 4642 et
2910 4588 3049 4643 dixit
3094 4585 3440 4656 Epiphanio:
3492 4583 3560 4637 Et

1980 4685 2256 4757 quomodo
2300 4693 2356 4739 tu
2391 4698 2516 4737 cum
2566 4680 2641 4736 sis
2675 4678 2919 4743 Judatus,
2965 4692 3126 4748 rogas
3159 4676 3555 4741 Christianum,

1980 4779 2235 4849 quisnam
2290 4776 2399 4830 sit?
2435 4775 2746 4829 Ahhorrent
2790 4772 2936 4827 enim
2985 4771 3283 4826 Christiani
3313 4768 3554 4832 Iudaeos,

1978 4881 2031 4927 et
2056 4869 2227 4926 Judaei
2254 4867 2620 4923 Christianos.
2653 4866 2794 4921 Ecce
2828 4864 3085 4919 audivisti
3130 4879 3216 4916 me
3246 4877 3367 4918 esse
3397 4861 3555 4915 Chri-

1980 4964 2216 5019 stianum
2246 4979 2261 5015 :
2298 4975 2405 5014 non
2438 4960 2564 5014 licet
2592 4959 2687 5013 tibi
2721 4958 2912 5013 audi‘re
2940 4972 3007 5011 ex
3030 4972 3115 5010 me
3148 4955 3357 5023 aliquid
3382 4954 3553 5008 aliud.

1979 5053 2317 5125 Epiphanius
2356 5060 2539 5105 autem
2570 5050 2709 5105 dixit
2758 5048 3001 5104 Luciano
3033 5066 3047 5101 :
3079 5047 3145 5101 Et
3191 5047 3321 5116 quid
3351 5046 3551 5111 obstat,

1978 5163 2087 5217 quo
2118 5146 2299 5201 minus
2329 5159 2430 5214 ego
2457 5157 2675 5213 quoque
2703 5142 2807 5196 sim
2838 5139 3219 5195 Christianus?
3260 5137 3556 5208 Respondit

1978 5239 2275 5302 Lucianus,
2311 5245 2367 5292 et
2400 5237 2536 5291 dixit
2570 5254 2582 5289 :
2619 5234 2677 5289 id
2713 5249 2881 5288 unum
2936 5232 3133 5295 obstat,
3164 5231 3309 5300 quod
3362 5231 3503 5285 nolis
3536 5246 3552 5284 :

1976 5332 2102 5386 licet
2131 5330 2297 5393 enim,
2330 5330 2374 5384 si
2409 5328 2567 5383 velis.
2606 5326 2835 5381 Luciani
2864 5333 3043 5379 autem
3069 5323 3250 5378 verbis
3284 5337 3555 5391 compun-

1976 5434 2097 5478 ctus
2136 5420 2497 5491 Epiphanius,
2536 5433 2643 5472 non
2699 5416 2936 5487 perrexit
2977 5415 3212 5484 amplius
3265 5415 3329 5468 ad
3361 5415 3553 5468 viden-

1975 5517 2100 5571 dam
2136 5531 2293 5571 suam
2340 5513 2739 5584 possessionem
2777 5528 2790 5564 :
2844 5509 2937 5563 sed
2968 5508 3175 5577 accepit
3220 5505 3549 5573 Lucianum,

1974 5618 2028 5665 et
2053 5607 2356 5663 introduxit
2398 5605 2451 5657 in
2480 5604 2704 5659 domum
2741 5617 2918 5669 suam,
2951 5616 3072 5673 quae
3113 5602 3162 5657 ei
3203 5602 3393 5657 relicta
3442 5599 3555 5657 fue-

1981 5710 2083 5766 rat,
2122 5708 2174 5755 et
2205 5697 2443 5755 ostendit
2474 5696 2524 5752 ei
2550 5694 2755 5765 omnia,
2788 5711 2908 5767 quae
2932 5694 3079 5753 domi
3114 5702 3290 5763 erant,
3318 5694 3506 5751 dicens
3534 5711 3550 5747 :
