4078 6368
544 347 606 403 3|
1828 350 1888 403 S.
1935 346 2275 403 EPIPHANII
2321 350 2479 405 VITA
3744 350 3816 406 '52

543 460 637 515 Ila:
660 471 791 517 sunt
822 478 955 519 mea:
987 462 1294 529 facultates,
1329 479 1363 516 ο
1408 473 1580 533 pater.
1610 463 1743 517 Volo
1785 474 1967 517 autem
1999 464 2114 517 fieri

2226 466 2313 517 τοῦ
2362 468 2450 519 τὸν
2505 466 2931 535 καταλειτρθέντα
2982 466 3171 535 αὐτῷ,
3232 482 3325 516 και
3380 462 3596 526 ἔδειξεν
3660 461 3813 532 αὑτῷ

540 552 908 616 Christianus,
970 564 1025 608 et
1068 555 1233 607 vitam
1297 556 1513 624 exigere
1573 556 1953 609 monasticam.
2017 555 2114 607 Est

542 656 671 693 vero
698 644 829 695 mihi
857 657 1079 712 quoque
1111 645 1225 697 hac
1256 658 1414 698 soror
1443 662 1456 696 :
1504 642 1645 709 Quid
1679 644 1747 697 de
1788 644 1873 698 his
1907 643 2113 711 jubes?

542 736 741 788 Beatus
766 744 945 788 autem
978 733 1253 789 Lucianus
1284 735 1419 788 dixit
1460 733 1764 803 Epiphanio
1791 754 1804 788 :
1850 733 1969 789 Non
2002 750 2113 803 po—

542 837 646 890 tes,
692 843 726 881 ο
757 827 829 879 fili
855 867 870 887 ,
921 827 967 880 si
1005 826 1103 880 has
1144 827 1346 881 habeas
1381 838 1627 881 terrenas
1672 827 1911 889 divitias,
1940 828 2109 880 vitam

539 922 760 988 exigere
804 918 1162 972 monasticam
1198 936 1213 971 :
1264 919 1358 973 sed
1396 919 1548 987 prius
1590 933 1836 972 sororem
1890 918 2109 987 quidem

542 1023 693 1066 tuam
721 1010 791 1063 da
828 1018 1079 1079 nuptum,
1121 1019 1177 1063 et
1220 1009 1289 1063 da
1346 1010 1397 1063 ei
1445 1025 1567 1078 qua:
1604 1018 1734 1063 sunt
1778 1008 2109 1063 necessaria.

544 1104 749 1158 Deinde
796 1102 878 1156 sic
914 1102 1139 1171 pulchre
1175 1102 1377 1171 poteris
1416 1117 1538 1157 esse
1595 1102 1920 1156 monachus.
1967 1100 2113 1155 Dixit

544 1194 882 1265 Epiphanius
936 1193 1230 1247 Luciano:
1284 1192 1568 1255 Primum,
1632 1205 1825 1261 pater,
1883 1190 1971 1245 fac
2024 1205 2113 1245 me

542 1285 910 1341 Christianum
941 1302 953 1336 :
982 1283 1176 1337 deinde
1212 1285 1290 1338 sic
1326 1283 1545 1345 faciam,
1572 1298 1911 1351 quaecunque
1934 1292 1991 1334 tu
2026 1295 2113 1336 me

540 1376 789 1445 jusseris.
834 1373 981 1427 Dixit
1010 1384 1193 1427 autem
1220 1375 1270 1427 ei
1303 1374 1575 1428 Lut-ianus
1609 1392 1625 1428 :
1658 1372 1775 1428 Non
1810 1374 1935 1427 licet
1976 1374 2111 1427 mihi

545 1467 751 1535 absque
780 1465 1039 1534 episcopo
1071 1464 1250 1518 facere
1293 1476 1345 1518 te
1389 1464 1761 1519 Christianum
1790 1484 1804 1518 :
1848 1463 1965 1535 [sed
1994 1475 2114 1519 esto

545 1559 601 1612 in
650 1559 740 1623 iis,
776 1573 897 1627 qua:
933 1557 999 1611 ad
1036 1556 1207 1611 Deum
1247 1558 1539 1626 pertinent,
1569 1565 1625 1611 et
1650 1572 1751 1627 ego
1775 1557 2113 1612 annuntiabo

543 1648 823 1717 episcopo,
863 1648 957 1716 qui
991 1657 1043 1703 te
1084 1648 1245 1702 faciet
1272 1647 1691 1719 Christianum]

2218 558 2397 610 πάντα
2425 558 2494 611 τὰ
2528 561 2587 611 ἐν
2618 558 2696 629 τῷ
2726 560 2860 625 οίκῳ
2889 557 3078 619 αὐτοῦ,
3104 558 3278 623 λέγων
3301 574 3317 585 “
3345 555 3543 607 Ταῦτά
3580 571 3677 624 μοι
3714 556 3816 607 ὑπ-

2219 645 2375 715 άρχει
2396 686 2413 711 ,
2443 648 2617 719 πάτερ
2637 666 2653 678 ·
2684 648 2825 700 θέλω
2846 647 2902 700 δέ
2926 648 3250 715 Χριστιανὸς
3276 645 3565 713 γενέσθαι,
3598 646 3701 697 καὶ
3721 646 3810 697 τὸν

2220 740 2435 809 μονήρη
2470 740 2583 809 βίον
2608 740 2902 809 μετελθεῖν.
2922 741 3109 793 Ἔστιν
3132 740 3189 792 δέ
3219 756 3310 809 μοι
3340 738 3482 806 αῦτη
3509 739 3548 806 ἡ
3577 736 3804 805 ἀδελφή.

2220 834 2286 886 Τί
2310 830 2553 893 κελεύεις
2586 832 2715 899 περὶ
2738 831 2977 894 τούτων;
3022 831 3082 882 Ὁ
3111 830 3169 882 δὲ
3198 831 3466 899 μακάριος
3502 827 3806 890 Λουκιανὸς

2218 918 2372 974 εἶπεν
2419 920 2558 989 πρὸς
2609 919 2961 986 Ἐπιφάνιον·
3011 919 3088 970 Οὑ
3139 918 3390 979 δύνασαι,
3439 917 3671 977 τέκνον,
3712 916 3807 984 τὴν

2220 1010 2352 1079 ὓλην
2375 1012 2555 1062 πᾶσαν
2580 1008 2786 1079 ταύτην
2813 1008 2973 1079 ἔχων,
2989 1008 3081 1062 τὸν
3109 1017 3315 1079 μονήρη
3340 1007 3453 1076 βίον
3482 1004 3803 1075 μετελθεῖντ

2220 1102 2336 1153 ἀλλ’
2372 1101 2524 1163 ἐκδος
2574 1100 2672 1170 μὲν
2695 1100 2794 1170 τὴν
2832 1100 3066 1171 ἀδελφήν
3091 1117 3187 1152 σου
3216 1100 3391 1169 ἀνδρὶ,
3421 1100 3525 1151 καὶ
3555 1097 3651 1159 δὺς
3673 1098 3809 1165 αὐτῇ

2216 1194 2287 1247 τὰ
2324 1192 2461 1262 πρὸς
2487 1190 2587 1261 τὴν
2619 1190 2843 1261 χρείαν·
2886 1190 2979 1242 καὶ
3024 1190 3094 1242 τὰ
3134 1188 3299 1241 λοιπὰ
3326 1187 3414 1249 δὺς
3443 1187 3567 1244 τοῖς
3618 1184 3811 1255 χρείαν

2217 1284 2430 1353 ἔχουσιν
2454 1298 2469 1311 °
2503 1278 2604 1333 εἷθ’
2650 1279 2821 1344 οὕτως
2853 1279 3071 1350 δυνήσει
3119 1279 3347 1349 μονάσαι
3390 1276 3606 1337 καλῶς.
3642 1271 3811 1328 Εἶπεν

2217 1374 2275 1424 δὲ
2330 1370 2653 1440 Ἐπιφάνιος
2701 1370 2839 1438 πρὸς
2897 1370 3230 1423 Δουκιανόνο
3276 1367 3504 1437 Πρῶτον
3531 1405 3551 1430 ,
3609 1366 3805 1434 πάτερ,

2218 1462 2442 1532 ποίησόν
2472 1478 2540 1529 με
2566 1458 2892 1530 Χριστιανόν
2910 1472 2925 1486 ⁸
2958 1453 3057 1510 εἷθ’
3087 1456 3262 1520 οὕτως
3288 1458 3506 1525 ποιήσω
3538 1453 3726 1505 πάντα
3743 1453 3809 1506 τὰ

2220 1550 2629 1621 προσταχθέντα
2679 1566 2770 1616 μοι
2812 1548 2917 1601 ὑπὸ
2960 1548 3076 1601 σοῦ.
3111 1548 3172 1601 '0
3210 1548 3267 1601 δὲ
3312 1544 3626 1607 Λουκιανὸς
3659 1538 3810 1596 εἶπεν

2220 1644 2358 1713 πρὸς
2408 1641 2755 1710 Ἐπιφάνιονο
2809 1639 2924 1691 Οὐκ
2974 1637 3184 1702 ἔξεστίν
3219 1654 3330 1708 μοι,
3380 1636 3669 1705 παρεκτὸς
3716 1633 3807 1688 τοῦ

2221 1734 2544 1799 ἐπισκόπου,
2578 1731 2805 1801 ποιῆσαί
2834 1748 2893 1783 σε
2918 1730 3266 1801 Χριστιανόν.

623 1819 729 1873 VII.
769 1818 1016 1889 Cumque
1042 1819 1158 1874 haec
1182 1819 1410 1873 dixisset
1434 1817 1728 1883 Lucianus.
1754 1835 2009 1889 egressus
2028 1834 2114 1877 est

2287 1829 2363 1879 Z'.
2404 1824 2509 1879 Καὶ
2554 1823 2711 1876 τοῦτο
2748 1820 2917 1877 εἰπὼν
2949 1821 3269 1884 Λουκιανὸς,
3305 1819 3537 1890 ἐξῆλθεν
3595 1819 3665 1870 ἐκ
3716 1817 3807 1871 τοῦ

546 1920 579 1961 e
605 1906 768 1961 domo
793 1905 1102 1975 Epipltanii.
1129 1916 1183 1961 et
1205 1908 1302 1961 ivit
1324 1910 1391 1961 ad
1416 1909 1753 1978 episcopum.
1773 1909 2114 1981 Epiphanius

2226 1917 2365 1969 οίκου
2403 1915 2738 1983 Ἐπιφανίου,
2772 1914 2866 1967 καὶ
2891 1912 3167 1983 ἐπορεύθη
3198 1912 3334 1983 πρὸς
3357 1911 3448 1964 τὸν
3481 1909 3802 1963 ἐπίσκοπον.

550 2006 730 2071 autem
759 2014 869 2051 non
903 2006 1213 2062 cunctatus,
1244 2000 1427 2053 statim
1458 1999 1595 2053 dixit
1624 2015 1736 2054 suae
1761 2000 1978 2055 sorori:
2010 1997 2116 2053 Vo-

547 2092 602 2144 Io
650 2090 764 2145 fieri
812 2090 1177 2155 Christianus,
1208 2099 1262 2143 et
1300 2092 1468 2143 vitam
1516 2106 1679 2160 agere
1732 2092 2112 2146 monasticam.

544 2183 647 2238 Cui
676 2182 815 2237 dixit
843 2197 999 2237 soror
1030 2182 1150 2250 ejus
1184 2201 1198 2235 :
1236 2180 1373 2236 Volo
1408 2182 1555 2251 quod
1585 2192 1643 2235 tu
1674 2184 1779 2246 vis,
1835 2192 1889 2238 et
1921 2183 2116 2239 faciam

548 2285 610 2329 ut
637 2284 693 2329 tu
719 2275 875 2329 facis.
905 2272 1182 2329 Lucianus
1212 2283 1393 2327 autem
1420 2274 1748 2328 renuntiavit
1772 2275 2030 2345 episcopo
2050 2275 2118 2331 de

547 2364 873 2435 Epiphanio.
901 2364 1201 2434 Episcopus
1230 2380 1359 2419 vero
1392 2364 1529 2418 dixit
1556 2364 1798 2420 Luciano
1828 2384 1840 2419 :
1866 2364 2033 2431 Vade,
2064 2376 2120 2422 et

548 2470 672 2509 cum
704 2454 978 2509 catechiza
1008 2452 1137 2525 [hoc
1158 2464 1263 2521 est,
1297 2454 1568 2527 institue].
1600 2456 1850 2525 Cumque
1888 2472 1988 2512 nos
2036 2458 2122 2512 in-

549 2546 859 2616 grediemur
901 2548 957 2600 in
985 2546 1295 2611 ecclesiam,
1329 2545 1413 2602 fac
1444 2554 1503 2599 ut
1551 2547 1667 2615 ipse
1693 2546 1937 2615 procidat
1965 2547 2121 2600 beni-

550 2652 658 2707 gno
700 2648 752 2693 et
795 2636 1130 2693 misericordi
1177 2636 1308 2693 Deo.
1343 2636 1443 2691 Ivit
1475 2635 1749 2691 Lucianus
1801 2637 1854 2690 in
1897 2636 2117 2691 domum

551 2729 856 2798 Epiphanii.
888 2727 1022 2783 Eum
1057 2738 1238 2783 autem
1263 2729 1509 2784 videntes
1537 2726 1875 2797 Epiphanius
1911 2737 1967 2782 et
1998 2728 2119 2798 ejus

551 2834 728 2883 soror,
757 2819 1072 2874 ceciderunt
1102 2819 1259 2888 proni
1292 2820 1349 2873 in
1374 2818 1591 2883 faciem,
1614 2828 1667 2872 et
1695 2817 1921 2872 Luciani
1959 2820 2121 2887 pedes

550 2911 974 2981 prehenderunt,
1006 2912 1305 2966 clamantes
1326 2918 1380 2964 et
1405 2910 1650 2965 dicentes
1684 2928 1697 2964 :
1740 2909 2016 2980 Rogamus
2047 2920 2119 2974 te,

552 3012 727 3071 pater,
755 3003 841 3056 fac
886 3018 987 3059 nos
1019 3002 1135 3058 ﬁeri
1168 3001 1534 3058 Christianos.
1566 3001 1777 3059 Divinis
1806 3012 1987 3058 autem
2026 3020 2121 3058 ac-

550 3096 724 3163 ceptis
776 3094 1095 3166 Scripturis,
1131 3094 1404 3153 Lucianus
1450 3111 1547 3152 eos
1592 3098 1726 3151 satis
1770 3098 2025 3153 instituit.
2053 3096 2121 3152 Et

553 3188 655 3258 ipsi
688 3189 980 3253 instabant,
1012 3201 1265 3259 rogantes
1295 3198 1350 3242 et
1377 3189 1620 3243 dicentes
1648 3208 1659 3242 :
1694 3188 1803 3243 Fac
1831 3206 1931 3244 nos
1967 3190 2126 3244 Chri-

552 3282 783 3336 stianos.
817 3281 951 3336 Cum
1000 3291 1183 3335 autem
1235 3280 1510 3336 Lucianus
1546 3281 1733 3336 ambos
1783 3282 1945 3336 simul
1975 3297 2128 3337 acce-

564 3372 754 3440 pisset,
787 3372 885 3425 ivit
914 3386 1023 3426 una
1060 3388 1183 3426 cum
1216 3372 1347 3443 ipsis
1377 3373 1432 3426 in
1462 3373 1768 3427 ecclesiam.
1796 3373 2012 3427 Etcum
2042 3376 2127 3427 iu-

552 3462 867 3532 grederetur
887 3465 1193 3532 episcOpus,
1222 3465 1535 3519 ceciderunt
1567 3465 1723 3533 proni
1750 3465 1803 3518 in
1846 3465 2037 3520 faciem
2074 3475 2129 3520 et

555 3567 888 3621 rogaverunt
912 3555 1267 3619 confidenter,
1291 3564 1350 3609 ut
1376 3555 1478 3623 ipsi
1516 3556 1977 3609 illuminarentur.
1999 3555 2128 3627 [Qui

549 3644 717 3713 jussit
759 3644 910 3713 ipsos
956 3643 1224 3716 surgere]
1258 3643 1599 3716 Ingrediente
1630 3661 1757 3700 vero
1787 3646 2043 3715 episcopo
2073 3646 2128 3699 in

556 3737 867 3803 ceclesiam,
900 3739 1251 3793 ambulabant
1276 3739 1378 3807 ipsi
1408 3755 1629 3808 quoque
1656 3749 1776 3807 post
1803 3738 2124 3806 Lucianum,

563 3836 622 3880 ut
651 3827 905 3882 audirent
925 3828 1139 3882 divinas
1169 3824 1503 3896 Scripturas.

630 4086 765 4144 VIII.
804 4087 941 4143 Cum
1007 4099 1187 4145 autem
1254 4091 1743 4161 apprOpinquasset
1794 4091 2129 4162 Epiphanius

558 4180 750 4249 portis,
778 4196 898 4250 qua:
928 4190 1053 4236 sunt
1082 4190 1235 4235 extra
1261 4184 1569 4249 ecclesiam,
1605 4183 1693 4237 ubi
1731 4184 1862 4238 aedis
1890 4185 2125 4253 primum

557 4273 784 4343 gradum
816 4274 1085 4337 ascendit,
1117 4274 1315 4327 cecidit
1364 4274 1413 4326 ei
1461 4276 1677 4329 calceus
1710 4274 1916 4331 sinistri
1951 4277 2124 4345 pedis.

556 4361 663 4427 Qui
709 4376 832 4415 cum
885 4362 1107 4416 sinistro
1155 4361 1466 4427 institisset,
1500 4370 1562 4415 ut
1602 4362 1789 4433 ﬁgeret
1818 4365 2124 4432 dexterum,

554 4451 751 4507 cecidit
779 4466 997 4521 quoque
1025 4452 1214 4505 dexter
1241 4452 1489 4519 calceus;
1528 4463 1581 4508 et
1622 4454 1826 4509 inventi
1857 4466 1984 4511 sunt
2008 4472 2125 4511 am-

556 4544 627 4599 bo
673 4552 824 4597 extra
870 4542 1070 4613 gradus
1117 4544 1393 4608 ecclesiae;
1426 4554 1480 4598 et
1512 4560 1577 4600 ea
1603 4546 1669 4601 de
1697 4561 1861 4602 causa
1896 4549 2125 4603 miratus

554 4643 640 4690 est
680 4634 975 4690 Lucianus.
1007 4632 1126 4687 Non
1173 4636 1403 4704 amplius
1451 4637 1637 4707 itaque
1683 4640 1963 4709 pr0posuit
1997 4640 2127 4709 Epi-

556 4728 790 4797 phanius
817 4728 1219 4797 apprehendere
1248 4729 1479 4793 calceos,
1522 4731 1615 4800 qui
1642 4731 1693 4784 ei
1719 4747 1749 4786 e
1778 4732 2007 4801 pedibus
2036 4748 2128 4787 ce-

555 4820 821 4884 ciderant,
849 4821 944 4875 sed
975 4835 1149 4889 neque
1182 4821 1323 4876 ullos
1349 4822 1486 4877 alios
1514 4822 1727 4877 calceos
1764 4824 2026 4879 sustinuit
2048 4825 2131 4879 in-

555 4913 723 4967 duere
771 4912 886 4967 suis
935 4911 1164 4981 pedibus
1213 4922 1325 4966 toto
1372 4912 1494 4966 vitae
1543 4921 1805 4981 tempore.
1833 4912 1969 4968 Cum
2003 4930 2131 4983 ergo

556 5010 784 5067 starent,
836 5011 892 5057 et
948 5002 1160 5058 divinas
1209 5004 1462 5058 audirent
1512 5004 1842 5075 Seripturas.
1897 5006 2133 5061 advertit

555 5096 861 5166 episcopus,
890 5095 965 5150 ita
1015 5106 1075 5149 ut
1126 5095 1180 5149 in
1235 5096 1430 5151 throno
1487 5099 1727 5164 sedebat,
1763 5098 2132 5168 gloriﬁcatum

555 5202 679 5243 esse
719 5188 929 5243 vultum
978 5186 1290 5257 Epiphanii,
1321 5195 1376 5243 α.
1410 5204 1669 5244 coronam
1705 5205 1827 5245 esse
1873 5191 1992 5260 ejus
2043 5207 2134 5246 ca-

559 5280 656 5349 piti
693 5281 1027 5349 impositam.
1052 5280 1185 5336 Post
1213 5282 1526 5336 absolutum
1562 5282 1743 5351 itaque
1760 5283 2131 5354 Evangelium,

556 5370 838 5441 ingressus
884 5381 969 5428 est
1014 5374 1304 5443 epiSCOpus
1350 5374 1404 5427 in
1456 5374 1860 5444 baptisterium,
1887 5376 2133 5445 etjussit

559 5462 921 5532 Epiphaniam
953 5463 1183 5533 ingredi,
1233 5473 1287 5519 et
1313 5464 1434 5534 ejus
1459 5479 1729 5531 sororem,
1762 5473 1966 5520 etcum
2000 5467 2134 5537 ipsis

2229 2008 2286 2060 '0
2316 2006 2373 2060 δέ
2407 2005 2721 2073 Ἐπιφάνιος
2772 2003 2935 2074 μηδὲν
2965 2002 3256 2074 μελλήσας,
3304 2001 3441 2071 πρὸς
3470 2001 3579 2069 τὴν
3612 1997 3805 2052 ἐαυτοῦ

2216 2098 2449 2169 ἀδελφὴν
2493 2097 2629 2167 ἐφη·
2688 2096 2957 2165 Βούλομαι
3004 2094 3329 2164 Χριστιανὸς
3383 2092 3671 2160 γενέσθαι,
3715 2090 3804 2144 καὶ

2216 2189 2309 2243 τὸν
2340 2190 2547 2259 μονήρη
2573 2187 2686 2257 βίον
2720 2186 3013 2257 μετελθεῖν.
3053 2181 3223 2239 Εἶπεν
3252 2185 3310 2238 δὲ
3343 2187 3377 2255 ἡ
3407 2183 3619 2253 ἀδελφὴ
3644 2180 3801 2235 αὑτοῦ

2219 2281 2355 2352 πρὸς
2388 2279 2551 2334 αὑτόν
2569 2295 2583 2309 ’
2624 2278 2711 2341 Ὠς
2740 2278 2915 2341 θέλεις
2941 2275 3171 2347 θελήσω,
3192 2276 3267 2339 ὡς
3296 2279 3471 2339 ποιεῖς
3498 2277 3736 2345 ποιήσω.
3750 2272 3807 2325 ’0

2218 2372 2277 2425 δὲ
2308 2371 2602 2434 Λουκιανὸς
2632 2368 2965 2440 ἀπήγγειλεν
2991 2368 3069 2438 τῷ
3098 2367 3385 2437 ἐπισκὸπῳ
3402 2367 3474 2419 τὰ
3496 2366 3631 2436 περὶ
3659 2365 3800 2417 Ἐπι-

2222 2462 2509 2533 φανίου.ὐ
2532 2462 2590 2514 δὲ
2634 2461 2930 2523 ἐπίσκοπος
2966 2455 3119 2512 εἶπεν
3155 2460 3293 2530 πρὸς
3331 2457 3669 2512 Λουκιανόνο
3706 2457 3800 2509 Πο-
3860 2524 3863 2529 Ι

2225 2554 2445 2627 ρεύθητι
2484 2555 2578 2607 καὶ
2621 2554 2932 2622 κατήχησον
2979 2552 3177 2605 αὐτόν’
3224 2552 3321 2605 καὶ
3361 2552 3422 2603 ἐν
3454 2549 3539 2620 τῷ
3584 2547 3799 2602 εἰσιέναι

2222 2648 2367 2716 ἡμᾶς
2396 2648 2454 2697 ἐν
2498 2648 2564 2715 τῇ
2586 2643 2873 2714 ἐκκλησίᾳ,
2906 2644 3131 2713 ποίησον
3159 2643 3323 2697 αὑτὸν
3355 2644 3699 2713 προσπεσεῖν
3728 2637 3799 2708 τῷ

2222 2735 2585 2807 φιλανθρώπῳ
2603 2735 2741 2804 Θεῷ.
2761 2733 3062 2805 Ἐπορεύθη
3084 2734 3142 2787 δὲ
3163 2735 3467 2797 Λουκιανὸς
3492 2732 3654 2802 ἐν’τῷ
3675 2732 3798 2799 οίκῳ

2234 2824 2570 2894 Ἐπιφανίου.
2605 2824 2818 2886 Εἰδότες
2849 2824 2907 2876 δέ
2939 2824 3125 2887 αὑτὸν,
3150 2825 3180 2877 ὅ
3204 2841 3264 2877 τε
3301 2824 3625 2892 Ἐπιφάνιος
3654 2820 3799 2888 καὶὴ

2222 2916 2385 2970 αὑτοῦ
2414 2914 2637 2985 ἀδελφὴ,
2664 2914 2864 2968 ἔπεσαν
2893 2916 2986 2968 ἐπὶ
3014 2915 3324 2986 πρόσωπον,
3352 2916 3451 2969 καὶ
3478 2913 3797 2969 ἐπελάϐοντο

2223 3011 2331 3063 τῶν
2387 3010 2562 3063 ποδῶν
2639 3007 2937 3062 Λουκιανοῦ
2962 3045 2977 3071 ,
3027 3008 3303 3070 κλαίοντες
3367 3007 3466 3058 καὶ
3521 3005 3793 3072 λέγοντες·

2242 3101 2519 3169 Ἀξιοῦμέν
2555 3116 2636 3165 σε,
2670 3101 2866 3169 πάτερ,
2891 3098 3117 3167 ποίησον
3142 3098 3289 3167 ἡμᾶς
3318 3096 3687 3167 Χριστιανοὺς
3715 3110 3794 3161 γε·

2229 3193 2433 3247 νέσθαι.
2485 3192 2797 3260 Λαὸόμενος
2847 3186 2940 3243 οὖν
2985 3190 3281 3253 Λουκιανὸς
3333 3188 3445 3241 ἀπὸ
3491 3188 3604 3241 τῶν
3649 3186 3795 3238 θείων

2228 3280 2482 3353 Γραφῶν,
2525 3283 2835 3351 κατήχησεν
2874 3280 3072 3342 αὐτοὺς
3108 3278 3473 3342 ίκανῶςεΚαὶ
3532 3278 3683 3330 αὐτοὶ
3705 3277 3793 3326 ἐπ·

2240 3373 2430 3443 έμενον
2454 3374 2520 3442 τῇ
2540 3371 2906 3441 παρακλήσει,
2925 3370 3170 3437 λέγοντες
3193 3388 3207 3401 ·
3228 3369 3463 3440 Ποίησον
3492 3371 3641 3439 ἡμᾶς
3673 3368 3793 3436 Χρι-

2230 3463 2478 3527 στιανοὺς
2529 3462 2801 3530 γενέσθαι.
2832 3460 3176 3532 Παραλαϐὼν
3202 3456 3298 3514 οὖν
3336 3459 3639 3522 Λουκιανὸς
3681 3458 3794 3519 τοὺς

2227 3555 2322 3608 δύο
2355 3556 2493 3625 ἅμα,
2521 3555 2614 3607 ἐπὶ
2639 3554 2701 3607 τὸ
2729 3553 2861 3607 αὑτὸ
2886 3552 3157 3624 ἐπορεύθη
3190 3554 3248 3606 ἐν
3275 3557 3344 3624 τῇ
3373 3553 3664 3623 ἐκκλησίᾳ.
3695 3549 3791 3603 K0)

2237 3650 2295 3700 ἐν
2324 3646 2404 3717 τῷ
2420 3645 2755 3699 είσιέναιτὸν
2784 3645 3102 3709 ἐπίσκοπον,
3135 3644 3338 3698 ἔπεσαν
3365 3645 3461 3697 ἐπὶ
3491 3645 3792 3715 πρόσωπον,

2228 3741 2323 3792 καὶ¹
2355 3737 2718 3809 παρεκάλουν,
2747 3736 2888 3790 ὥστε
2913 3737 3145 3806 φωτίσαι
3174 3737 3391 3801 αὐτούς.
3424 3737 3535 3791 Τοῦ
3560 3733 3651 3789 οὖν
3683 3737 3790 3786 ἐπι-

2231 3827 2431 3880 σκόπου
2458 3827 2839 3897 είσερχομένου
2870 3828 2928 3881 ἐν
2953 3829 3020 3896 τῇ
3045 3827 3333 3898 ἐκκλησίᾳ,
3365 3827 3689 3898 ἐπορεύοντο
3708 3821 3790 3875 nl

2228 3919 2381 3971 αὐτοὶ
2430 3917 2652 3971 ὄπισθεν
2705 3919 2842 3989 μετὰ
2886 3918 3182 3972 Λουκιανοῦ
3215 3918 3442 3972 ἀκοῦσαι
3490 3918 3597 3971 τῶν
3647 3914 3790 3968 θείων
3877 3942 3883 3949 v

2228 4009 2267 4060 Γ
2275 4007 2477 4078 ραφῶν.

2301 4100 2381 4153 H'.
2436 4100 2493 4153 Ὀ
2536 4095 2629 4153 οὖν
2666 4100 2980 4169 Ἐπιῳὰνιος
3033 4100 3108 4164 ὡς
3152 4102 3377 4171 ἤγγισεν
3416 4102 3511 4153 ἐπὶ
3554 4100 3658 4150 τῶν
3699 4093 3791 4159 ἔξω

2229 4187 2408 4258 θυρῶν
2453 4188 2550 4257 τῆς
2598 4188 2913 4259 ἐκκλησίας,
2956 4188 3029 4252 ὠς
3082 4190 3252 4261 ἐπέϐη
3297 4190 3391 4243 ἐπὶ
3438 4189 3535 4242 τοῦ
3591 4184 3790 4258 πρώτου

2230 4280 2439 4352 βαθμοῦ
2470 4276 2562 4334 τοῦ
2595 4281 2767 4344 οἴκου,
2797 4281 3056 4346 ἐξέπεσεν
3078 4282 3172 4335 τοῦ
3200 4282 3492 4353 ἀριστεροῦ
3530 4280 3683 4340 ποδὸς
3703 4276 3790 4328 ati-

2226 4372 2320 4425 τοῦ
2353 4374 2437 4425 ἐπ’
2466 4371 2631 4425 αὑτοῦ
2656 4373 2716 4425 τὸ
2739 4373 3010 4443 ὑπόδημα.
3036 4374 3141 4425 Τοῦ
3174 4374 3231 4426 δὲ
3264 4374 3554 4437 ἐπιϐάντος
3576 4370 3653 4441 τῷ
3679 4370 3789 4436 ἀρι-

2232 4466 2427 4537 στερῷ,
2454 4467 2602 4528 ὅπως
2635 4465 2892 4537 ἐπιπήξει
2921 4466 3016 4520 καὶ
3048 4465 3324 4530 τὸνδεξιὸν
3359 4466 3519 4528 πόδα,
3552 4462 3789 4526 ἐξέπεσεν

2229 4561 2324 4611 καὶ
2352 4560 2412 4611 τὸ
2442 4558 2535 4611 τοῦ
2563 4558 2736 4622 δεξιοῦ
2754 4573 2765 4584 ·
2804 4560 2897 4611 καὶ
2937 4558 3248 4629 ηὑρέθησαν
3275 4557 3347 4613 τὰ
3375 4559 3655 4628 ἀμφότερα
3696 4550 3789 4614 ἔξω

2227 4650 2321 4704 τοῦ
2346 4649 2662 4720 ἁναϐαθμοῦ
2688 4649 2787 4720 τῆς
2817 4649 3112 4720 ἐκκλησίας
3128 4667 3140 4678 ·
3172 4650 3266 4702 καὶ
3292 4649 3599 4718 ἐθαύμασεν
3618 4646 3646 4697 ὁ
3666 4645 3786 4697 Λου-

2231 4741 2414 4804 κιανὸς
2448 4742 2540 4794 ἐπὶ
2586 4740 2765 4795 τοῦτο.
2783 4740 2841 4793 '0
2884 4736 2976 4794 οὖν
3016 4740 3331 4810 Ἐπιφάνιος
3374 4740 3557 4793 οὐκέτι
3606 4732 3786 4803 προθέ-

2234 4852 2370 4899 σεως
2401 4834 2556 4904 ἔσχεν
2586 4832 2938 4887 ἐπιλαϐέσθαι
2967 4832 3075 4885 τῶν
3097 4832 3458 4902 ὑποδημάτων
3497 4827 3676 4891 αὑτοῦ,
3708 4827 3786 4876 ἐκ·

2233 4925 2504 4979 πεσόντων
2535 4925 2643 4978 ἀπὸ
2668 4925 2774 4978 τῶν
2809 4924 2984 4978 ποδῶν
3008 4924 3174 4977 αὑτοῦ
3195 4941 3209 4953 ·
3238 4924 3351 4977 ἀλλ’
3381 4922 3507 4976 οὔτε
3527 4921 3657 4975 ἄλλα
3677 4917 3787 4968 ὑπο-

2231 5017 2292 5087 δή
2303 5033 2445 5087 ματα
2474 5016 2733 5085 ἠνέσχετο
2765 5016 3080 5083 ἐπενεγκεῖν
3127 5015 3220 5067 ἐπὶ
3270 5015 3395 5077 τοὺς
3422 5014 3584 5074 πόδας
3614 5004 3782 5065 αὑτοῦ,

2233 5108 2325 5161 τὸν
2372 5106 2581 5161 ἅπαντα
2613 5106 2799 5177 χρόνον
2850 5106 2942 5175 τῆς
2965 5104 3107 5176 ζωῆς
3140 5105 3431 5167 αὐτοῦ.Ὧς
3464 5104 3521 5157 δὲ
3565 5102 3781 5163 ἵσταντο,

2234 5202 2328 5253 καὶ
2357 5201 2552 5270 ἤκουον
2585 5198 2692 5251 τῶν
2720 5199 2883 5252 ὁσίων
2926 5197 3184 5269 Γραφῶν,
3217 5198 3245 5250 ὃ
3272 5214 3333 5249 τε
3370 5196 3672 5264 Ἐπιφάνιος
3703 5184 3783 5238 καὶ

2236 5296 2267 5363 ἡ
2295 5291 2458 5347 αὑτοῦ
2487 5290 2708 5360 ἀδελφὴ,
2746 5293 3032 5361 προσεῖχεν
3065 5292 3094 5342 ὀ
3130 5289 3447 5353 ἐπίσκοπος,
3475 5289 3549 5350 ὡς
3570 5280 3633 5354 ἦν
3662 5276 3782 5332 καθ-

2236 5384 2490 5453 εζόμενος
2536 5382 2630 5434 ἐπὶ
2657 5379 2751 5434 τοῦ
2798 5380 3008 5451 θρόνου,
3038 5382 3118 5433 ὅτι
3144 5376 3211 5449 ἦν
3237 5379 3299 5433 τὸ
3327 5381 3609 5449 πρόσωπον
3646 5371 3781 5422 Ἐπι-

2239 5475 2425 5545 φανίου
2456 5472 2863 5543 δεδοξασμένον,
2896 5473 2987 5525 καὶ
3022 5474 3283 5540 στέφανος
3319 5472 3411 5524 ἐπὶ
3443 5472 3536 5541 τῆς
3562 5457 3780 5531 κεφαλῆς

558 5554 860 5610 Luciauum
908 5575 921 5610 :
959 5556 1055 5625 qui
1103 5559 1267 5612 etiam
1318 5557 1422 5611 fuit
1475 5566 1631 5628 pater
1676 5557 1797 5627 ejus
1852 5559 1904 5612 in
1947 5570 2121 5614 sanctt

2240 5565 2403 5621 αὑτοῦ
2458 5563 2875 5634 ἐπιτεθειμένος.
2929 5563 3085 5617 Μετὰ
3122 5558 3215 5615 οὖν
3263 5562 3361 5632 τὴν
3408 5561 3659 5615 ἀπόλυσιν
3697 5546 3780 5602 τοῦ

568 5649 912 5717 baptismate.
939 5648 1238 5719 Episc0pus
1270 5660 1450 5705 autem
1503 5665 1628 5704 cum
1681 5665 1777 5706 eos
1827 5659 1991 5704 totam
2041 5650 2121 5705 do

2241 5656 2573 5725 Εὑαγγελίου
2599 5655 2846 5726 εἰσῆλθεν
2872 5657 2901 5707 ὁ
2932 5656 3229 5717 ἐπίσκοπος
3258 5655 3315 5708 ἐν
3338 5654 3413 5724 τῷ
3438 5642 3775 5723 φωτιστηρίῳ⁹

575 5742 777 5797 cuisset
804 5742 1270 5812 consequentiam,
1302 5742 1611 5813 baptizavit.
1645 5742 1781 5798 Cum
1827 5743 1861 5798 ii
1892 5758 2020 5800 vero
2051 5760 2138 5802 es-

2244 5749 2337 5803 καὶ
2370 5747 2650 5803 ἐκέλευσεν
2698 5746 2955 5801 εἰσελθεῖν
2989 5748 3302 5819 Ἐπιφάνιον
3337 5748 3431 5800 καὶ
3476 5744 3567 5818 τὴν
3608 5726 3778 5791 ἑαυτοῦ
