4078 6368
308 345 379 401 33
1597 356 1654 410 S.
1700 355 1888 411 EPIPH

1988 356 2046 413 [11
2092 359 2270 417 νιτΑ.
3494 372 3565 437 54

311 459 568 531 ἀδελφὴν,
599 460 694 514 καὶ
729 460 1027 514 Λουκιανὸν
1077 462 1194 531 μετ’
1239 462 1439 529 αὐτῶν,
1478 465 1538 528 ὃς
1571 467 1664 521 καὶ
1712 469 1888 541 πατὴρ

1998 482 2122 529 sent
2169 474 2459 545 participes
2508 470 2817 533 di'vriiorum
2859 490 2913 535 et
2954 481 3343 539 immortalium
3373 500 3563 543 sacra-

312 551 493 603 αὐτῶν
518 551 751 623 ἐγενήθη
778 552 871 605 ἐπὶ
894 552 989 605 τοῦ
1023 554 1179 620 ἁγίου
1215 555 1580 627 φωτίσματος.
1599 559 1656 611 '0
1688 560 1745 612 δὲ
1769 560 1890 612 ἐπί⁶

313 656 517 704 σκοπος
547 641 764 706 διδάξας
796 643 993 707 αὐτοὺς
1024 645 1125 715 τὴν
1152 645 1366 699 ἃπασαν
1391 648 1733 715 ἀκολουθίαν,
1763 650 1893 704 ἐϐά-

311 749 505 785 πτισεν
538 733 757 798 αὐτούς.
787 733 908 789 Τῶν
932 735 990 788 δὲ
1028 736 1439 807 μεταλαϐόντων
1463 739 1573 792 τῶν
1612 740 1771 794 θείων
1800 743 1893 795 καὶ

308 822 599 877 ἀθανάτων
640 824 974 896 μυστηρίων,
1006 826 1290 881 ἐκέλευσεν
1319 829 1347 880 6
1376 829 1671 894 ἐπίσκοπος
1696 832 1894 895 αὐτοὺς

312 916 432 985 μετ’
458 914 623 969 αὑτοῦ
658 916 717 970 τὸ
747 916 966 988 ἄριστον
998 917 1242 987 ποιῆσαι,
1276 919 1477 989 ὁμοίως
1510 921 1692 990 μένειν
1716 922 1814 985 τὰς
1848 924 1893 985 ζ’

308 1007 525 1077 ἡμέρας
542 1008 601 1060 ἐν
620 992 699 1078 τῷ
724 1007 1047 1079 ὲπισκοπίῳ.
1073 1009 1229 1062 Μετὰ
1252 1009 1309 1062 δὲ
1338 1010 1436 1074 τὰς
1470 1013 1513 1076 ζ’
1543 1011 1758 1084 ἡμέρας
1779 1013 1894 1066 ἔλα-

308 1097 407 1149 ϐεν
444 1098 760 1166 Ἑπιφάνιος
792 1098 1110 1163 Λουκιανὸν,
1142 1100 1237 1154 καὶ
1276 1101 1545 1173 Βερνίκην
1588 1105 1687 1177 τὴν
1731 1106 1893 1173 ἁγίαν

308 1189 603 1261 παρθένον,
660 1192 785 1260 ἥτις
822 1191 1038 1258 ἐγένετο
1065 1192 1247 1264 μήτηρ
1271 1193 1372 1264 τῆς
1392 1195 1625 1267 ἀδελφῆς
1660 1198 1892 1266 Ἐπιφαο

306 1280 447 1342 νίου,
479 1281 575 1332 καὶ
618 1283 937 1350 εἰσήνεγκεν
975 1282 1174 1345 αὐτοὺς
1210 1286 1267 1336 ἐν
1294 1284 1372 1355 τῷ
1395 1285 1528 1356 οἴκῳ
1561 1286 1761 1340 αὐτοῦ·
1799 1290 1893 1342 καὶ

306 1369 489 1423 λαϐὼν
518 1371 663 1441 χίλια
687 1373 1014 1443 νομίσματα,
1038 1371 1237 1427 ἔδωκεν
1257 1377 1323 1446 τῇ
1347 1376 1601 1449 Βερνίκῃ,
1633 1380 1726 1431 καὶ
1748 1397 1891 1450 παρ-

308 1462 510 1515 έδωκεν
557 1464 694 1534 αὐτῇ
748 1464 841 1516 καὶ
870 1464 969 1536 τὴν
996 1466 1162 1519 αὐτοῦ
1209 1467 1441 1539 ἀδελφὴν
1474 1464 1583 1538 (ἦν
1610 1469 1719 1539 γὰρ
1753 1470 1888 1542 αῦτη

306 1551 554 1622 ἄρχουσα
584 1553 678 1608 καὶ
700 1552 874 1607 ἄλλων
902 1556 1235 1627 παρθένων),
1272 1559 1366 1611 καὶ
1392 1557 1698 1630 ἐξέπεμψεν
1724 1561 1891 1633 αὐτὴν

309 1646 429 1713 μετ’
460 1645 648 1715 αὐτῆς.
670 1645 727 1698 '0
753 1646 810 1699 δὲ
851 1644 1171 1718 Ἐπιφάνιος
1193 1650 1549 1718 διαπωλήσας
1578 1652 1777 1717 πάντα,
1821 1654 1891 1706 δι-

1996 575 2323 630 mentorum,
2349 566 2516 635 jussit
2540 569 2829 639 cpiscopus
2857 586 2952 626 eos
2983 575 3269 641 prandere,
3309 578 3566 633 similiter

1994 665 2049 710 et
2098 671 2317 713 manere
2366 668 2572 727 septem
2601 659 2719 714 dies
2745 661 2801 714 in
2828 662 3167 731 episcopatu.
3198 664 3328 720 Post
3359 679 3564 735 septem

1994 756 2172 801 autem
2204 749 2322 803 dies
2351 751 2563 819 accepit
2590 751 2922 823 Epiphanius
2956 753 3280 819 Lucianum,
3312 767 3366 813 et
3396 759 3565 815 Vero-

1994 841 2169 895 nicam
2214 855 2457 901 sanctam
2500 850 2786 920 virginem,
2827 868 2947 920 quze
2999 853 3216 921 quidem
3262 854 3364 909 fuit
3408 872 3566 912 soror

1993 935 2183 989 matris
2204 935 2374 1005 ipsius
2399 937 2706 1009 Epiphanii,
2732 950 2785 996 et
2811 944 3113 1000 introduxit
3138 961 3231 1001 eos
3260 947 3315 1001 in
3342 948 3563 1004 domum

1992 1040 2147 1079 suam
2192 1044 2207 1079 :
2255 1031 2568 1099 accepitque
2621 1032 2765 1086 mille
2817 1050 3095 1102 nummos,
3155 1047 3209 1091 et
3247 1038 3392 1093 dedit
3415 1040 3485 1106 ei,
3512 1050 3568 1097 et

1994 1131 2242 1171 sororem
2278 1135 2432 1173 suam
2459 1122 2479 1190 (
2503 1138 2627 1177 nam
2658 1139 2720 1177 ea
2750 1141 2965 1194 quoque
2997 1127 3117 1182 aliis
3141 1140 3371 1198 prmerat
3395 1133 3565 1202 virgi-

1995 1208 2197 1278 nibus)
2248 1210 2396 1265 misit
2425 1227 2546 1267 cum
2573 1229 2657 1269 ea.
2692 1216 3258 1285 Epiphaniusautem,
3293 1236 3415 1275 cum
3447 1238 3566 1276 om-

1994 1296 2082 1350 nia
2138 1300 2490 1369 vendidisset,
2542 1305 2690 1359 dedit
2754 1307 3146 1377 indigentibus,
3204 1312 3408 1368 relictis
3461 1314 3566 1369 sibi

1993 1390 2352 1461 quadraginta
2405 1396 2644 1451 nummis
2691 1397 2756 1451 ad
2810 1398 3025 1453 divinos
3061 1400 3363 1471 vitalesque
3395 1402 3566 1460 libros

1993 1483 2428 1549 comparandos;
2479 1496 2533 1540 et
2576 1502 2607 1541 e
2657 1488 2876 1543 civitate
2905 1506 3157 1561 egressus
3182 1502 3265 1547 est
3296 1508 3418 1549 cum
3450 1493 3560 1549 Lu-

1992 1570 2172 1636 ciano,
2205 1577 2461 1644 quoniam
2490 1578 2536 1633 is
2571 1591 2951 1637 construxerat
2997 1584 3099 1639 sibi
3143 1586 3561 1642 monasterium.

1993 1659 2239 1719 Habebat
2272 1678 2454 1722 autem
2506 1685 2692 1725 secum
2739 1673 2925 1729 decem
2958 1678 3280 1741 monachos,
3311 1680 3401 1746 qui
3442 1680 3565 1749 qui-

306 1733 510 1787 ἐδωκεν
532 1736 646 1799 τοῖς
679 1736 869 1806 χρείαν
897 1737 1128 1808 ἔχουσιν,
1156 1740 1486 1810 καταλείψας
1515 1743 1692 1813 ἐαυτῷ
1722 1750 1774 1814 μ’
1808 1762 1888 1798 νο-

1998 1750 2115 1805 tlem
2151 1753 2320 1811 libros
2352 1758 2639 1829 diligenter
2673 1763 2991 1829 scribentes,
3022 1782 3088 1821 ex
3119 1768 3185 1822 iis
3221 1733 3559 1825 sibi'vict‘um

308 1826 560 1894 μίσματα
588 1828 681 1880 ἐπὶ
706 1827 767 1881 τό
793 1830 1097 1901 κτήσασθαι
1127 1832 1224 1895 τὰς
1246 1831 1498 1896 θεοειδεῖς
1527 1834 1624 1890 καὶ
1644 1832 1883 1899 ζωτικάς

2000 1844 2280 1911 parabant.
2316 1818 2810 1920 EratvEpiphanius
2840 1818 3560 1926 quan'dowfuit

306 1916 525 1985 βίϐλους
543 1933 558 1947 ’
604 1919 699 1972 καὶ
726 1918 945 1990 ἐξῆλθεν
975 1922 1083 1975 ἀπὸ
1109 1923 1206 1993 τῆς
1232 1923 1439 1988 πόλεως
1484 1937 1622 1993 μετα
1649 1927 1882 1980 Λουκια-

2001 1933 2271 1990 sexdecim
2300 1953 2474 1994 annos
2502 1950 2678 1997 natus.
2876 1958 2879 1963 λ

462 2009 545 2063 ὅτι
573 2010 869 2076 Λουκιανὸς
922 2008 990 2084 ἦν
1026 2017 1385 2087 μοναστήριον
1446 2018 1621 2090 ἐαυτῷ
1678 2023 2111 2095 συστησάμενος,
2146 2029 2303 2111 ’ἔχων
2364 2034 2481 2104 μεθ’
2544 2035 2731 2091 ἑαυτοῦ
2778 2032 2908 2092 δέκα
2958 2041 3169 2111 μονοὺς,
3215 2042 3407 2107 οἵτινες
3464 2045 3560 2109 τὰς

302 2102 523 2169 δέλτους
563 2104 815 2175 ἐμπόνως
853 2110 1176 2179 γράφοντες,
1236 2111 1337 2183 τὴν
1381 2112 1587 2167 ἑαυτῶν
1618 2115 1827 2186 τροφὴν
1880 2118 1937 2186 ἐξ
1997 2106 2172 2177 αὐτῶν
2214 2102 2658 2199 ὲπορίζοντο.”Ἠν
2703 2133 2761 2186 δὲ
2809 2102 3358 2204 Ἐπιφάνιοςτδεκαὲξ
3387 2102 3561 2206 ⁷ἐτῶν,

303 2202 396 2253 ὅτε
430 2201 717 2271 ἐμόνασεν.

377 2293 455 2345 6'.
495 2288 603 2346 Ἦν
643 2295 700 2348 δὲ
745 2296 802 2349 ἐν
833 2295 913 2366 τῷ
943 2300 1292 2371 μοναστηρίῳ
1317 2300 1616 2357 Λουκιανοῦ
1655 2305 1887 2376 μοναχός

303 2398 392 2444 τις
421 2383 647 2453 ὀνόματι
685 2383 952 2456 Ἱλαρίων,
981 2386 1232 2459 δεύτερος
1255 2392 1578 2460 Λουκιανοῦ,
1613 2393 1731 2460 νέος
1757 2412 1887 2465 τυγ-

305 2475 507 2544 χάνων,
537 2475 787 2546 σημείοις
817 2477 1033 2542 πολλοῖς
1067 2482 1497 2553 κεκοσμημένος.
1532 2484 1690 2539 Κατὰ
1718 2486 1888 2559 μίμη-

306 2583 392 2619 σιν
418 2566 476 2618 δὲ
514 2566 705 2619 τούτου
729 2568 895 2639 ἤγετο
926 2568 1021 2623 καὶ
1045 2569 1204 2635 ἄλλος
1232 2589 1314 2636 τις
1335 2573 1621 2640 Κλαύδιος.
1653 2576 1888 2642 Τούτους

307 2656 432 2709 ἰδὼν
474 2657 787 2726 Ἐπιφάνιος
822 2659 1093 2730 ἐζήλωσεν
1138 2664 1197 2715 ἐν
1229 2663 1398 2735 καλῷ.
1433 2665 1544 2718 Καὶ
1587 2666 1693 2739 γὰρ
1723 2669 1752 2721 6
1787 2667 1886 2740 μέ-

306 2766 410 2816 γας
453 2748 752 2813 Λουκιανὸς
794 2750 1111 2822 παρέδωκεν
1148 2754 1463 2824 Ἐπιφάνιον
1516 2757 1593 2830 τῷ
1644 2759 1885 2832 μεγίστῳ

314 2839 603 2911 Ἱλαρίωνι,
642 2842 790 2906 ὅπως
832 2843 1031 2909 διδάξει
1087 2846 1249 2901 αὐτὸν
1295 2847 1393 2912 τὰς
1446 2848 1597 2914 θείας
1641 2852 1884 2924 Γραφάς.

302 2928 413 2982 Τοῦ
441 2930 499 2982 δὲ
524 2930 841 3001 Ἐπιφανίου
868 2936 1117 3006 ἐμπόνως
1150 2938 1485 3011 ἐπιτήδευμα
1519 2941 1758 3012 ἔχοντος,
1792 2944 1886 2998 καὶ

302 3021 437 3090 περὶ
488 3020 557 3074 τά
608 3022 712 3094 ἤθη
762 3025 832 3077 τὰ
892 3027 1105 3097 χρηστὰ
1152 3028 1248 3081 τοῦ
1288 3029 1589 3101 Ἱλαρίωνος
1628 3035 1888 3106 παραδεί-

2061 2306 2154 2361 IX.
2194 2306 2326 2363 Erat
2371 2319 2550 2367 autem
2597 2313 2648 2367 in
2691 2314 3023 2384 monasterio
3065 2315 3291 2372 Luciani
3338 2319 3561 2389 quidam

1993 2396 2315 2462 monachus,
2348 2400 2568 2455 nomine
2614 2400 2881 2469 Hilarion,
2911 2405 3183 2462 secundus
3231 2422 3261 2462 a
3291 2406 3558 2474 Luciano,

1990 2496 2149 2543 astate
2170 2488 2406 2558 juvenis,
2443 2501 2496 2546 et
2526 2494 2712 2549 multis
2754 2495 3034 2551 miraculis
3074 2509 3317 2555 ornatus.
3350 2500 3563 2558 Λώου-

1984 2580 2076 2650 jus
2126 2580 2483 2638 imitationem
2525 2585 2910 2642 instituebatur
2946 2588 3107 2643 etiam
3155 2590 3317 2655 alius,
3344 2593 3564 2648 nomine

1990 2669 2269 2725 Claudius.
2299 2671 2407 2726 Eos
2435 2687 2558 2727 cum
2589 2674 2816 2729 vidisset
2844 2674 3201 2745 Epiphanius,
3228 2678 3450 2746 pulchre
3480 2687 3565 2733 est

1992 2760 2301 2814 aemulatus.
2343 2758 2571 2830 Magnus
2619 2761 2764 2835 enim
2814 2760 3088 2818 Lucianus
3138 2765 3286 2819 dedit
3331 2764 3564 2837 Epipha—

1994 2852 2144 2906 nium
2174 2853 2413 2908 maximo
2442 2851 2727 2920 Hilarioni,
2761 2862 2819 2908 ut
2852 2855 3069 2911 doceret
3106 2871 3231 2910 eum
3271 2856 3560 2929 [scribere]

1993 2943 2204 2998 divinas
2226 2943 2553 3013 Scripturas.
2579 2944 2911 3015 Epiphanius
2935 2956 3115 3001 autem
3147 2948 3422 3004 laborioso
3443 2960 3563 3004 stu-

1994 3034 2084 3088 dio
2142 3034 2377 3099 deditus,
2407 3044 2460 3089 et
2517 3036 2690 3091 bonos
2746 3052 2925 3092 mores
2957 3036 3252 3093 Hilarionis
3305 3038 3565 3110 efﬁngens

304 3123 402 3159 σου
428 3106 505 3178 (α)
522 3109 920 3181 κυκλουμένου,
954 3115 1290 3186 προέκοπτεν
1322 3121 1388 3188 τῇ
1416 3120 1510 3173 τοῦ
1536 3122 1775 3191 Χριστοῦ
1797 3123 1888 3194 χά-

1998 3124 2307 3187 traditione,
2340 3125 2657 3194 proficiebat
2678 3126 2733 3181 in
2770 3126 2866 3181 Dei
2887 3128 3059 3198 gratia
3084 3137 3138 3183 et
3164 3136 3283 3183 arte
3309 3106 3567 3197 pulcher-

303 3215 436 3268 ριτι,
472 3201 565 3252 καὶ
597 3203 663 3272 τῇ
704 3202 868 3275 τέχνῃ
910 3208 974 3277 τῇ
1023 3207 1305 3280 καλλίστῃ.
1339 3211 1547 3283 Συνέϐη
1578 3214 1635 3266 δὲ
1664 3214 1754 3268 τὸν
1797 3215 1885 3285 μύ-

299 3305 406 3357 γαν
448 3292 747 3348 Λουκιανδν
775 3295 1011 3361 ἐξελθεῖν
1033 3298 1125 3352 τὸν
1155 3299 1288 3369 βίον.
1307 3299 1608 3374 Ἐκράτησε
1655 3304 1712 3357 δὲ
1754 3304 1885 3359 Ἱλα-

303 3381 440 3451 ρίων
471 3381 566 3435 τοῦ
584 3384 746 3454 χοροῦ
775 3387 882 3440 τῶν
912 3387 1174 3458 ἀδελφῶν,
1202 3390 1295 3444 καὶ
1316 3386 1384 3461 ἦν
1405 3392 1619 3464 άληθῶς
1648 3394 1775 3449 ἰδεῖν
1794 3395 1885 3451 τὸν

299 3471 470 3525 τόπον
498 3474 726 3542 ἐκεῖνον,
757 3476 854 3548 οὐχ
884 3478 959 3543 ὡς
990 3479 1289 3551 ἀνθρώπων
1308 3482 1596 3538 οἰκούντων
1625 3486 1683 3539 ἐν
1715 3485 1881 3557 αὐτῷ,

298 3564 379 3627 ὡς
425 3565 600 3633 ἁγίων
644 3568 892 3637 ἀγγέλων
931 3570 1390 3643 λειτουργούντων
1414 3574 1494 3646 τῷ
1523 3575 1884 3648 φιλανθρώπῳ

301 3657 399 3709 καὶ
426 3658 678 3729 παναγίῳ
710 3656 959 3731 Θεῷ.“Ην
980 3662 1036 3716 δὲ
1061 3665 1093 3735 ἡ
1116 3665 1289 3735 τροφὴ
1319 3665 1412 3718 τοῦ
1452 3667 1724 3739 μακαρίου
1753 3669 1883 3721 Ἱλα-

302 3747 497 3819 ρίωνος
541 3750 724 3822 ἄρτος,
778 3755 872 3808 καὶ
919 3754 1072 3819 ἃλας,
1101 3759 1197 3810 καὶ
1247 3741 1390 3828 ὕδωρ
1415 3759 1884 3831 μέτριον.Ἥσθιεν

297 3838 359 3892 δὲ
384 3839 475 3893 διὰ
499 3840 592 3894 δύο
618 3843 871 3915 ἡμερῶνο
906 3845 1165 3910 πολλάκις
1190 3848 1246 3901 δὲ
1271 3849 1364 3901 καὶ
1393 3849 1480 3903 διὰ
1510 3850 1678 3920 τριῶν
1698 3868 1711 3882 ·
1740 3850 1886 3903 πλει-

301 3932 499 3996 στάκις
541 3933 599 3987 δὲ
643 3936 739 3988 καὶ
772 3934 863 3988 διὰ
888 3938 1169 4009 τεσσάρων
1209 3939 1303 3992 καὶ
1329 3940 1639 4011 ἑϐδομάδος.
1669 3941 1884 4013 Ταύτην

298 4025 405 4097 τὴν
442 4025 716 4081 πολιτείαν
751 4028 1067 4095 ἐπελέξατο,
1100 4031 1194 4083 καὶ
1235 4033 1535 4103 ἐκράτησεν
1573 4034 1885 4103 Ἐπιφάνιος

298 4116 521 4170 ἅπαντα
563 4118 655 4170 τὸν
704 4119 893 4191 χρόνον
934 4123 1033 4191 τῆς
1066 4120 1211 4192 ζωῆς
1255 4120 1559 4177 αὐτοῦῘΗν
1582 4124 1638 4177 δὲ
1670 4125 1764 4178 καὶ
1788 4126 1882 4180 ἄν·

297 4205 462 4274 υδρος
492 4207 522 4257 ό
554 4206 736 4270 τόπος.

370 4296 426 4347 I'.
456 4295 606 4348 Ποτέ
632 4295 783 4364 γοῦν,
817 4298 1109 4371 ὁδοιπόρων
1137 4298 1493 4354 εἰσελθόντων
1526 4302 1585 4355 ἐν
1609 4299 1688 4372 τῷ
1718 4320 1883 4375 μονα-

296 4387 533 4458 στηρίῳ,
560 4388 655 4442 καὶ
702 4384 843 4443 οἶνον
884 4390 1275 4461 ἐπιφερόντων,
1309 4391 1402 4443 καὶ
1428 4391 1708 4463 καύματος
1740 4410 1884 4464 σφο-

293 4477 560 4549 δροτάτου
587 4480 740 4544 ὄντος
771 4480 859 4535 διὰ
891 4481 989 4553 τὴν
1034 4481 1233 4553 πολλὴν
1265 4481 1446 4551 δίψαν,
1487 4483 1793 4553 κατέψυξαν
1823 4488 1882 4539 ἐν
1912 4474 1957 4529 Ῑ)

294 4569 378 4640 τῷ
413 4571 795 4641 μοναστηρίῳ·
831 4574 926 4626 καὶ
956 4573 1163 4644 ᾔτησαν
1208 4572 1373 4645 ὕδωρ,
1405 4574 1546 4627 ὥστε
1596 4578 1760 4640 πιεῖν,
1790 4576 1886 4630 καὶ

295 4662 399 4732 οὐχ
427 4661 625 4732 εὑρέθη
659 4661 802 4733 ὕδωρ
848 4664 905 4716 ἐν
946 4662 1024 4733 τῷ
1064 4663 1235 4734 τόπῳ.
1255 4664 1388 4717 Ἀπὸ
1431 4665 1537 4735 γὰρ
1572 4664 1815 4736 σημείων
1844 4674 1885 4719 ε’

301 4753 548 4823 ὖπῆρχεν
591 4754 655 4807 τὸ
697 4753 872 4826 ὕδωρ·
903 4758 970 4826 τῇ
1005 4750 1099 4809 οὖν
1132 4757 1287 4809 νυκτὶ
1317 4757 1639 4827 ἐπορεύοντο
1670 4758 1883 4821 ἑαυτοῖς

300 4850 347 4900 δί
374 4847 614 4916 ἀδελφοὶ,
650 4847 747 4900 κα)⁸
780 4846 1059 4918 ἐγέμιζον.
1097 4846 1218 4900 Τῶν
1269 4846 1326 4900 δὲ
1370 4847 1664 4919 ὁδοιπόρων
1710 4846 1885 4900 ἐκλει-

300 4936 512 4991 πόντων
551 4938 643 4992 διὰ
674 4939 774 5009 τὴν
805 4938 988 5008 δίψαν,
1020 4938 1262 5003 ἅπαντες
1292 4939 1342 4991 oi
1370 4938 1589 5009 ἀδελφοὶ
1624 4939 1886 4994 ἐπένθουν

300 5030 390 5084 ἐπ’
444 5033 648 5096 αὐτοῖς.
678 5034 736 5087 '0
786 5034 844 5087 δὲ
886 5035 1205 5105 Ἐπιφάνιος
1256 5034 1501 5098 ἐκτείνας
1554 5034 1651 5105 τὴν
1703 5036 1881 5104 χεῖρα,

300 5124 395 5176 καὶ
425 5124 759 5196 δραξάμενος
792 5125 884 5179 τοῦ
914 5126 1109 5191 ἀσκοῦ,
1137 5125 1269 5181 ἔνθα
1290 5127 1318 5178 6
1342 5123 1485 5188 οἶνος
1517 5125 1781 5196 ὑπῆρχεν,
1804 5121 1883 5179 εῖ-

301 5233 431 5268 πεν·
457 5217 816 5284 Πιστεύσατε,
845 5218 1089 5287 ἀδελφοὶ,
1118 5219 1203 5271 ὅτι
1231 5220 1260 5270 ό
1291 5218 1524 5288 ποιήσας
1549 5216 1610 5270 τὸ
1643 5216 1787 5288 ὕδωρ
1810 5213 1883 5271 οἵ·

303 5324 410 5370 νον,
451 5308 668 5378 ποιήσει
714 5310 811 5363 καὶ
839 5309 931 5362 τὸν
958 5305 1101 5362 οἶνον
1129 5308 1307 5379 ὕδωρ·
1352 5310 1448 5362 καὶ
1495 5308 1588 5360 ἐπὶ
1626 5306 1706 5378 τῷ
1737 5308 1881 5378 λόγῳ

309 5399 655 5467 Ἐπιφανίου,
687 5402 736 5453 οἱ
782 5400 1113 5471 πλησθέντες
1162 5401 1321 5454 ἀσκοὶ
1369 5400 1537 5464 οίνου,
1571 5399 1881 5471 ηὑρέθησαν

307 5490 632 5561 πλησθέντες
678 5490 897 5554 ὓδατος·
929 5492 1025 5545 καὶ
1055 5490 1310 5554 λαϐόντες
1339 5492 1388 5543 oi
1421 5489 1690 5562 ὁδοιπόροι
1730 5489 1881 5543 ἔπιον

308 5583 396 5639 sal.
424 5582 599 5646 αὐτοὶ,
628 5582 723 5635 καὶ
747 5581 817 5636 τὰ
842 5584 1016 5655 κτήνη
1044 5581 1247 5649 αὐτῶν,
1279 5581 1373 5634 καὶ
1398 5580 1528 5651 ἔστη
1555 5582 1588 5651 ὴ
1620 5579 1767 5652 ψυχὴ
1791 5580 1883 5634 αύ-

375 5755 451 5825 (α)
490 5755 662 5812 Aliter
684 5755 813 5828 legit
846 5755 1131 5827 interpres,
1163 5770 1356 5827 nempe
1385 5754 1710 5825 παραδόσει.

1991 3215 2148 3271 rima.
2200 3214 2439 3287 Contigit
2481 3233 2628 3281 vero,
2672 3227 2733 3272 ut
2773 3233 3004 3288 magnus
3044 3217 3317 3274 Lucianus
3370 3235 3401 3275 e
3450 3221 3562 3275 vita

1990 3305 2230 3361 humana
2278 3307 2582 3362 excederet.
2607 3305 2830 3362 Praefuit
2878 3318 3058 3363 autem
3105 3307 3347 3364 Hilarion
3396 3311 3567 3365 choro

1990 3394 2262 3451 fratrum:
2294 3412 2525 3468 vereque
2582 3399 2775 3453 licebat
2824 3398 3009 3455 videre
3054 3415 3178 3455 eum
3225 3402 3422 3467 locum,
3452 3417 3562 3455 non

1990 3497 2248 3556 tanquam
2293 3487 2347 3541 in
2390 3503 2455 3543 eo
2498 3490 2744 3545 homines
2792 3491 3121 3556 habitarent,
3160 3492 3253 3547 sed
3302 3501 3563 3559 tanquam

1990 3577 2163 3633 sancti
2212 3579 2387 3648 angeli
2439 3580 2815 3664 ministrarent
2862 3582 3209 3665 sanctissimo
3254 3592 3307 3637 et
3349 3582 3563 3637 miseri-

1989 3668 2141 3723 cordi
2174 3668 2304 3724 Deo.
2342 3650 2479 3724 Erat
2520 3672 2665 3726 enim
2702 3673 2845 3727 beati
2871 3652 3368 3739 Hilarionis'cibus,
3403 3674 3563 3742 panis

1988 3772 2042 3817 et
2090 3763 2189 3827 sal,
2219 3773 2274 3817 et
2324 3764 2597 3819 modicum
2645 3779 2816 3835 aquae.
2849 3766 3177 3821 Comedebat
3225 3773 3406 3820 autem
3438 3773 3563 3836 post

1988 3854 2130 3909 duos
2177 3855 2315 3922 dies,
2344 3872 2488 3926 saepe
2537 3857 2703 3911 etiam
2756 3866 2877 3927 post
2924 3867 3057 3925 tres,
3084 3857 3380 3928 smpissime
3430 3871 3563 3911 vero

1988 3959 2111 4016 pOSI
2136 3958 2395 4016 quatuor,
2424 3948 2509 4003 vel
2549 3959 2671 4019 post
2721 3950 3137 4004 hebdomadam.
3167 3948 3282 4004 Hoc
3306 3948 3429 4003 vita:
3474 3948 3561 4001 in-

1991 4039 2238 4094 stitutum
2280 4040 2442 4110 elegit
2480 4041 2819 4112 Epiphanius
2850 4050 2966 4096 toto
2998 4052 3239 4112 tempore
3270 4043 3394 4097 vita:
3421 4057 3554 4098 suae.

1990 4129 2118 4185 Erat
2143 4140 2327 4186 autem
2365 4132 2454 4187 ille
2479 4132 2633 4188 locus
2657 4134 2776 4189 sine
2805 4147 2967 4202 aqua.

2058 4305 2126 4361 X.
2166 4306 2304 4363 Cum
2335 4318 2514 4362 autem
2548 4308 2840 4378 aliquando
2863 4307 3099 4363 viatores
3124 4307 3352 4378 ingressi
3375 4316 3559 4363 essent

1988 4402 2404 4467 monasterium,
2435 4401 2622 4454 vinum
2668 4400 2973 4467 aﬂ‘erentes,
3013 4415 3123 4471 quo
3171 4410 3411 4470 tempore
3443 4409 3557 4456 erat

1984 4499 2150 4544 aastus
2193 4491 2718 4557 vehementissimus,
2768 4491 2854 4546 siti
2904 4490 3018 4546 fere
3067 4491 3454 4557 enecabantur,
3504 4500 3558 4546 et

1985 4581 2257 4649 petierunt
2282 4597 2480 4652 aquam
2503 4583 2569 4636 ad
2599 4582 2918 4649 bibendum,
2945 4598 3044 4637 nec
3064 4582 3281 4638 inventa
3312 4593 3395 4638 est
3418 4597 3557 4653 aqua

1984 4672 2039 4725 in
2074 4672 2167 4726 illo
2200 4673 2340 4729 loco.
2376 4673 2580 4729 Aberat
2628 4675 2775 4729 enim
2811 4690 2953 4745 aqua
2998 4675 3065 4729 ad
3094 4677 3334 4745 quinque
3362 4676 3555 4731 millia-

1985 4764 2091 4819 ria.
2124 4763 2279 4819 lbant
2311 4780 2442 4821 vero
2472 4776 2659 4829 noctu,
2699 4776 2754 4820 et
2799 4765 3141 4836 aquabantur
3171 4765 3395 4821 fratres.
3418 4766 3556 4821 Cum

1983 4866 2165 4911 autem
2224 4857 2457 4913 viatores
2505 4867 2725 4928 propter
2779 4858 2923 4913 sitim
2981 4857 3297 4925 deﬁcerent,
3355 4856 3559 4913 fratres

1984 4960 2200 5017 propter
2243 4963 2339 5004 eos
2392 4949 2666 5020 lugebant.
2704 4950 3044 5020 Epiphanius
3071 4957 3249 5003 autem
3284 4964 3409 5003 cum
3440 4964 3554 5002 ma-

1981 5055 2116 5094 num
2166 5042 2519 5110 extendisset,
2559 5053 2613 5097 et
2654 5051 2832 5098 utrem
2885 5042 3282 5113 prebendisset,
3318 5041 3409 5097 ubi
3438 5051 3555 5096 erat

1982 5132 2217 5187 vinum:
2250 5132 2486 5202 Credite,
2524 5136 2720 5205 inquit,
2759 5136 2976 5199 fratres,
3027 5134 3165 5205 quod
3210 5133 3303 5203 qui
3356 5148 3554 5205 aquam

1981 5221 2111 5278 fecit
2137 5224 2346 5289 vinum,
2372 5226 2559 5281 vinum
2586 5238 2804 5296 quoque
2824 5241 3022 5295 aquam
3049 5225 3229 5279 faciet.
3249 5223 3313 5278 Et
3337 5234 3552 5294 propter

1981 5327 2287 5369 sermonem
2334 5313 2641 5386 Epiphanii,
2667 5324 2835 5382 utres,
2869 5316 2962 5385 qui
3016 5315 3145 5369 vino
3188 5314 3334 5383 pleni
3374 5323 3551 5378 erant,

1981 5403 2185 5461 inventi
2210 5415 2338 5462 sunt
2363 5423 2505 5477 aqua
2534 5408 2698 5478 pleni.
2722 5406 2897 5474 Quam
2918 5422 3042 5463 cum
3072 5406 3414 5476 accepissent
3439 5404 3551 5460 via-

1980 5505 2146 5563 tores,
2175 5497 2449 5563 biberunt,
2472 5507 2527 5554 et
2545 5498 2710 5554 etiam
2742 5501 2988 5569 jumenta
3018 5513 3213 5554 eorum
3244 5515 3260 5553 :
3297 5497 3551 5568 stetitque

1979 5586 2163 5644 anima
2194 5604 2382 5646 eorum
2418 5591 2473 5646 in
2503 5591 2659 5660 ipsis.
2688 5588 2889 5647 Omnes
2913 5598 3094 5647 autem
3130 5590 3547 5661 obstupuerunt,
