4088 6362
535 342 603 396 35
1800 336 1856 389 S.
1905 333 2247 389 EPIPI‘IANII
2290 336 2473 391 VITA.
3697 336 3774 391 56

538 469 595 511 et-
621 457 871 516 viatores.
901 462 955 509 et
980 452 1192 507 fratres.
1223 451 1309 505 Ab
1338 451 1430 507 illo
1466 465 1594 505 vero
1637 449 1725 505 die
1772 452 1945 506 noluit
1971 451 2098 520 Epi-

2215 453 2308 506 τῶν
2342 456 2427 507 ἐπ’
2458 454 2653 516 αὐτοῖς.
2675 452 2995 522 Ἐξέᾰτησαν
3030 447 3121 506 οὖν
3171 454 3413 526 ἅπαντες
3455 452 3547 505 ἐπὶ
3589 454 3771 519 τοῦτο,

538 547 769 616 phanius
803 545 1041 598 habitare
1091 542 1323 612 amplius
1367 543 1420 595 in
1468 542 1558 595 illo
1587 541 1727 603 loco,
1760 557 1826 596 eo
1862 542 2004 612 quod
2037 541 2104 596 de

540 640 656 706 ipso
681 636 980 690 audiissent
1009 636 1264 688 viatores.
1302 630 1634 699 Subripicns
1656 640 1837 684 autem
1867 631 2103 699 seipsum

541 742 574 783 α
606 726 882 790 fratribus,
907 724 1180 795 profectus
1202 723 1361 777 estin
1395 723 1573 777 locum
1607 722 1780 790 magis
1813 733 2103 792 agrestem.

543 818 645 883 Qui
693 833 814 871 cum
866 816 1136 870 nescirent
1183 815 1237 867 in
1281 828 1390 883 quo
1439 813 1560 867 loco
1592 812 1883 877 habitaret,
1918 827 2105 866 omnes

542 909 738 963 fratres
781 908 1032 976 lugebant
1070 904 1452 974 Epiphanium.
1491 903 1797 959 Permansit
1836 911 2014 956 autem
2050 902 2105 955 in

545 1003 637 1056 illo
667 1003 785 1056 loco
806 1000 1024 1070 jejunus
1055 998 1230 1050 tribus
1257 995 1466 1051 diebus.
1500 994 1568 1050 Et
1605 996 1697 1050 ille
1723 1008 1935 1064 quoque
1958 993 2108 1049 locus

544 1094 730 1148 aridus
758 1102 893 1157 erat,
924 1098 978 1143 et
1009 1089 1131 1143 sine
1167 1103 1333 1157 aqua.

614 1353 709 1408 XI.
748 1352 955 1407 Accidit
989 1358 1192 1412 autem,
1217 1357 1277 1402 ut
1300 1364 1395 1415 per
1431 1348 1581 1400 illum
1612 1348 1794 1401 locum
1819 1348 2112 1402 transirent

548 1446 901 1516 quadraginta
954 1441 1231 1495 Saraceni.
1267 1440 1369 1505 Qui
1419 1454 1541 1492 cum
1588 1439 1639 1492 in
1686 1439 1831 1504 loco,
1862 1448 1915 1494 et
1957 1441 2009 1493 in
2047 1456 2111 1495 eo

548 1548 693 1592 statu
739 1536 1001 1589 vidissent
1044 1533 1423 1602 Epipbattium,
1459 1546 1649 1585 omnes
1680 1547 1804 1586 eum
1847 1532 2106 1587 ducentes

549 1640 674 1681 esse
711 1624 1019 1685 ridiculum,
1068 1622 1379 1675 irridebant.
1431 1618 1584 1674 Unus
1632 1630 1809 1676 autem
1850 1638 1916 1676 ex
1959 1622 2109 1691 ipsis,

550 1718 643 1786 qui
675 1730 837 1769 unum
866 1712 1097 1767 habebat
1124 1712 1341 1765 oculum
1369 1715 1505 1795 (erat
1525 1710 1667 1765 enim
1703 1712 1837 1767 alter
1865 1713 2107 1781 clausus)

551 1821 675 1860 cum
724 1802 910 1857 ferinis
954 1810 1098 1857 esset
1147 1802 1407 1863 moribus,
1438 1814 1568 1857 ense
1611 1803 1799 1856 stricto
1824 1816 1854 1855 e
1888 1802 2104 1870 vagina,
2145 1795 2184 1849 Β

550 1896 696 1949 venit
725 1893 791 1947 ad
821 1891 1184 1962 Epiphanium
1215 1909 1229 1947 :
1262 1906 1492 1959 cumque
1525 1906 1648 1945 eum
1684 1891 2013 1957 sustulisset,
2050 1902 2110 1945 ut

551 1994 855 2056 percuteret
881 1983 1264 2053 Epiphanium,
1300 1993 1515 2051 apertus
1553 1992 1635 2037 est
1663 1983 1803 2052 ejus,
1833 1982 1925 2051 qui
1959 1984 2107 2037 clau-

553 2091 647 2130 sus
676 2083 810 2136 erat,
845 2074 1055 2129 oculus.
1088 2072 1181 2126 Ille
1209 2087 1336 2126 vero
1368 2074 1712 2143 perterritus,
1744 2088 1875 2127 ense
1916 2073 1969 2126 in
1999 2082 2109 2127 ter-

553 2182 667 2221 ram
707 2165 969 2236 projecto,
1003 2163 1243 2218 constitit
1289 2164 1598 2218 immobilis.
1636 2163 1742 2216 Alii
1776 2172 1955 2217 autem
1984 2177 2111 2217 cum

552 2258 811 2311 vidissent
842 2270 964 2311 esse
988 2264 1230 2324 apertum
1269 2256 1506 2319 oculum,
1534 2254 1625 2324 qui
1653 2255 1871 2311 clausus
1917 2254 2109 2319 fuerat,

552 2357 836 2417 cccperunt
868 2356 1091 2417 stupore
1138 2346 1294 2401 allici.
1332 2346 1579 2415 Cumque
1622 2346 1845 2401 vidisset
1878 2344 2113 2414 Epipha-

556 2441 682 2495 nius
729 2455 822 2494 eos
871 2453 993 2493 esse
1040 2437 1254 2500 anxios,
1286 2452 1568 2492 sermones
1598 2452 1718 2491 cum
1751 2440 1828 2491 eis
1859 2436 2108 2490 contulit.

552 2531 631 2585 illi
660 2546 789 2586 vero
826 2546 948 2584 eum
978 2529 1153 2582 verbis
1189 2528 1469 2598 Epiphanii
1505 2528 1807 2582 evasissent
1849 2528 2035 2581 sedato
2060 2535 2115 2579 et

554 2621 844 2691 tranquillo
868 2621 1074 2684 animo,
1111 2620 1299 2673 mutati
1331 2634 1452 2673 eum
1479 2618 1730 2673 dicebant
1757 2632 1876 2673 esse
1902 2616 2070 2670 Deum
2095 2634 2110 2669 :

553 2717 772 2784 vimque
800 2716 850 2769 ei
876 2715 1181 2780 afferentes,
1216 2714 1499 2769 trahebant
1522 2729 1647 2768 eum
1681 2729 1885 2776 secum,
1919 2713 2108 2767 dicen-

555 2816 678 2860 tes:
707 2804 788 2860 Tu
816 2821 875 2859 es
911 2805 1052 2860 Deus
1078 2814 1279 2869 noster,
1314 2818 1538 2873 sequere
1570 2818 1690 2868 nos,
1725 2813 1778 2858 et
1828 2819 1981 2858 serva
2014 2817 2114 2857 nos

554 2899 624 2951 ab
653 2897 800 2951 omni
828 2896 881 2949 vi
907 2910 1097 2951 eorum
1123 2894 1211 2963 qui
1260 2894 1314 2947 in
1363 2909 1461 2947 nos
1508 2894 1737 2947 irruent.
1781 2892 2114 2962 Epiphanius

557 2998 738 3043 autem
769 3003 863 3044 eos
892 3003 1121 3057 sequens
1153 2996 1393 3052 tempore
1418 2985 1578 3039 trium
1607 2984 1898 3046 mensium,
1931 2985 2116 3053 prohi-

556 3080 715 3134 bebat
754 3079 832 3133 cis
878 3093 1092 3132 omnem
1145 3077 1486 3131 insolentiam
1510 3084 1564 3128 et
1586 3074 2111 3129 immoderationem.

2202 548 2341 600 οἵτε
2377 546 2643 615 ὁδοιπόροι
2691 545 2785 597 καὶ
2818 547 2867 597 οί
2900 545 3271 613 ἀδελφοί.’Δπ’
3306 544 3520 614 ἐκείνης
3553 539 3643 598 οὖν
3671 546 3776 616 τῆς

2203 638 2414 708 ἡμέρας
2436 636 2617 689 οὐκέτι
2646 636 2916 707 ἠϐουλήθη
2956 635 3270 705 Ἐπιφάνιος
3296 636 3512 706 οἰκῆσαι
3556 638 3646 689 τὸν
3683 638 3776 689 τό-

2205 746 2305 781 πον
2336 730 2558 791 ἐκεῖνον,
2590 727 2680 780 διὰ
2711 727 2771 779 τὸ
2801 726 3125 791 ἐξάκουστον
3169 727 3329 780 αὑτὸν
3361 726 3612 796 γενέσθαι
3663 720 3776 779 ὑπὸ

2204 818 2313 870 τῶν
2338 818 2626 889 ὁδοιπόρων
2645 832 2657 845 ·
2681 817 2903 887 ἔκλεψεν
2934 818 2989 869 δὲ
3017 817 3211 870 ἐαυτὸν
3232 817 3349 870 ἀπὸ
3375 816 3482 870 τῶν
3508 817 3774 885 ἀδελφῶν,

2207 909 2301 962 καὶ
2334 907 2601 978 ἐπορεύθη
2636 910 2714 971 είς
2742 907 3071 978 ἀγριώτερον
3118 907 3282 960 τόπον
3302 924 3314 936 ·
3351 906 3459 959 τῶν
3489 906 3546 959 δέ
3580 906 3656 977 μὴ
3684 909 3778 959 ἐπ-

2209 1000 2507 1070 ισταμένων
2551 999 2611 1052 τὸ
2657 999 2714 1050 ἐν
2765 999 2901 1069 ποίῳ
2943 998 3093 1068 τόπῳ
3141 999 3403 1061 κατοικεῖ,
3437 996 3673 1059 ἅπαντες
3720 994 3776 1048 οἱ

2207 1090 2421 1158 ἀδελφοὶ
2459 1089 2714 1142 ἐπένθουν
2765 1090 2891 1159 περὶ
2932 1087 3531 1157 Ἐπιφανίου,Ἔμεινεν
3571 1082 3665 1139 οῦν
3712 1088 3778 1138 ἐν

2206 1177 2285 1249 τῷ
2313 1179 2460 1247 τόπῳ
2507 1176 2697 1247 ἐκείνῳ
2739 1180 2885 1247 τρεῖς
2920 1176 3132 1248 ἡμέρας
3163 1175 3347 1239 ἄσιτος
3382 1171 3777 1229 διατελῶν.Ἧν

2207 1268 2264 1321 δὲ
2293 1267 2386 1320 καί
2414 1265 2575 1328 αὐτὸς
2603 1268 2631 1319 ό
2661 1266 2822 1327 τόπος
2855 1265 3101 1335 ἄνυδρος.

2282 1358 2381 1410 1Α’.
2423 1356 2625 1426 Συνέϐη
2659 1356 2715 1408 66
2762 1357 2881 1408 κατ’
2918 1358 3120 1408 ἐκεῖνον
3150 1353 3242 1407 τὸν
3281 1353 3472 1425 καιρὸν
3511 1360 3564 1424 μ’
3599 1354 3777 1425 Σαρα-

2210 1450 2406 1517 κηνοὺς
2428 1447 2748 1517 διέρχεσθαι.
2764 1446 2852 1509 Ὠς
2878 1441 2969 1498 οὖν
2995 1446 3104 1499 ῐδον
3130 1444 3443 1514 Ἐπιφάνιον
3473 1445 3530 1496 ἐν
3552 1443 3776 1514 τοιούτῳ

2210 1539 2358 1607 τόπῳ
2390 1538 2482 1589 καὶ
2527 1535 2749 1606 τοιαύτῃ
2779 1535 3127 1596 καταστάσει,
3162 1533 3369 1601 γέλοιον
3392 1532 3776 1602 ἀναδεξάμενοι

2212 1628 2510 1699 ἀμφότεροι
2532 1626 2721 1679 τούτου
2744 1625 3067 1692 κατεγέλων.
3098 1618 3191 1687 Εἷς
3214 1622 3269 1676 δέ
3295 1641 3378 1687 τις
3398 1623 3456 1689 ἐξ
3478 1620 3653 1675 αὐτῶν
3679 1622 3777 1674 ἕνα

2213 1718 2487 1788 ὀφθαλμὸν
2529 1717 2665 1786 ἔχων
2699 1712 2798 1787 (ἦν
2826 1717 2933 1784 γάρ
2979 1716 3007 1767 6
3054 1714 3212 1777 ἄλλος
3256 1713 3420 1767 αὑτοῦ
3486 1713 3774 1779 κλεισθεὶς)

2213 1811 2306 1863 καὶ
2341 1807 2577 1879 θηριώδη
2607 1808 2719 1873 ἕξιν
2750 1807 2907 1876 ἔχων,
2940 1804 3117 1857 λαϐὼν
3165 1805 3259 1875 τὴν
3311 1804 3583 1875 μάχαιραν
3611 1801 3773 1856 αὑτοῦ

2214 1901 2279 1951 ἐκ
2304 1898 2401 1968 τῆς
2431 1897 2623 1967 θήκης,
2648 1891 2808 1966 ἦλθεν
2835 1894 2967 1965 πρὸς
3008 1894 3338 1961 Ἐπιφάνιον·
3375 1894 3470 1946 καὶ
3495 1892 3558 1963 δὴ
3584 1893 3775 1961 κουφί-

2215 2009 2311 2053 σας
2339 1991 2507 2059 αὐτὴν
2540 1988 2765 2059 κροῦσαι
2795 1986 2884 2040 τὸν
2919 1986 3251 2054 Ἐπιφάνιον,
3289 1982 3533 2055 ὴνεῴχθη
3564 1984 3727 2037 αύτοῦ
3749 1986 3777 2036 6

2214 2082 2477 2143 κλεισθεὶς
2505 2080 2798 2150 ὀφθαλμός.
2840 2077 2944 2131 Τοῦ
2985 2079 3041 2131 δὲ
3072 2078 3310 2147 ἐμφόϐου
3347 2075 3655 2146 γενομένου,
3684 2074 3778 2128 καὶ

2211 2176 2311 2248 τὴν
2346 2175 2618 2246 μάχαιραν
2644 2175 2736 2226 ἐπὶ
2763 2172 2858 2243 τὴν
2889 2175 2992 2243 γῆν
3024 2172 3297 2241 ῥίψαντος,
3330 2170 3559 2241 ἕστηκεν
3588 2169 3777 2239 ἀκίνη-

2214 2283 2321 2329 τος.
2352 2268 2413 2318 υἱ
2455 2265 2511 2318 δὲ
2557 2264 2707 2317 ἄλλοι
2760 2263 2958 2325 ἰδόντες
2989 2263 3087 2330 τὴν
3130 2259 3415 2331 ἀκινησίαν
3448 2258 3542 2311 τοῦ
3572 2258 3777 2311 ἑαυτῶν

2215 2357 2450 2427 ἑταίρου,
2498 2354 2744 2425 ἔρχονται
2791 2353 2887 2405 καὶ⁵
2931 2352 3084 2405 αὐτοὶ
3131 2350 3266 2421 πρὸς
3299 2348 3635 2418 Ἐπιφάνιον,
3684 2349 3779 2400 καὶ

2215 2444 2347 2517 πρὸς
2380 2444 2469 2497 τὸν
2496 2442 2672 2496 αὐτῶν
2700 2442 2866 2511 φίλον.
2905 2442 3014 2495 Καὶ
3042 2440 3169 2503 ἴδον,
3195 2441 3287 2493 καὶ
3311 2438 3419 2492 ἰδοὺ
3453 2439 3480 2491 ό
3506 2437 3778 2507 ὀφθαλμὸς

2214 2536 2376 2592 αὑτοῦ
2422 2538 2451 2589 ό
2500 2534 2764 2596 κλεισθεὶς
2816 2532 3176 2602 ἡνεῳγμένος,
3209 2531 3301 2585 καὶ
3343 2530 3547 2601 θάμϐος
3588 2529 3781 2581 ἔπεσεν

2215 2629 2301 2681 ἐπ’
2324 2625 2757 2699 ἀμφοτέρους.⁹0
2790 2622 2881 2679 οῦν
2918 2623 3228 2693 Ἐπιφάνιος
3272 2620 3395 2675 ἰδὼν
3431 2621 3625 2683 αὐτοὺς
3658 2621 3781 2689 ἁδη-

2219 2718 2527 2790 μονοῦντας,
2548 2718 2773 2787 συνῆρεν
2804 2716 2878 2786 (a)
2910 2715 3096 2783 λόγους
3119 2714 3252 2784 πρὸς
3285 2711 3498 2774 αὐτούς.
3533 2710 3595 2763 Ui
3620 2709 3675 2761 δὲ
3694 2708 3783 2761 διά

2214 2811 2322 2864 τῶν
2354 2810 2525 2878 λόγων
2558 2806 2873 2876 Ἐπιφανίου
2903 2809 2959 2859 ἐν
2983 2804 3310 2857 καταστάσει
3339 2802 3599 2863 ἐλθόντες,
3627 2811 3783 2869 μετα-

2217 2901 2532 2971 ϐαλλόμενοι
2565 2898 2747 2967 ἔλεγον
2793 2895 2955 2948 αὑτὸν
2999 2894 3131 2947 Θεὸν
3173 2889 3339 2946 εἷναι·
3383 2891 3477 2945 καὶ
3525 2891 3644 2960 βίαν
3691 2891 3783 2940 61:-

2217 2990 2537 3059 ενέγκαντες
2565 2987 2757 3057 τούτῳ,
2783 2980 2960 3039 εἷλκον
3004 2984 3165 3038 αὑτὸν
3208 2982 3324 3053 μεθ’
3358 2982 3564 3035 ἑαυτῶν
3608 2979 3784 3047 λέγον-

2218 3098 2336 3145 τες·
2371 3081 2443 3133 Σὺ
2470 3077 2521 3132 εἰ
2550 3081 2579 3132 6
2607 3079 2737 3141 Θεὸς
2765 3076 2921 3149 ἡμῶν
2942 3095 2953 3105 ·
2981 3074 3261 3129 ἀκολούθει
3292 3075 3443 3144 ἡμῖν,
3472 3072 3566 3125 καὶ
3595 3070 3785 3124 διάσω·

554 3168 690 3223 Cum
720 3167 978 3222 vidissent
1008 3181 1137 3220 vero
1182 3180 1240 3219 se
1278 3164 1396 3233 ejus
1422 3162 1887 3217 admonitionibus
1920 3160 2111 3213 adduci

2219 3140 2459 3242 (animi:
2506 3171 2613 3224 ἀπὸ
2655 3140 2835 3238 πάσης
2878 3168 2998 3238 βίας
3040 3167 3147 3220 τῶν
3182 3140 3614 3235 ἐπεγειρομὲνων
3659 3160 3783 3215 καθ’

557 3260 611 3312 in
638 3258 935 3326 angustias,
963 3270 1151 3311 omnes
1198 3268 1305 3307 uno
1332 3254 1513 3306 animo
1546 3252 1665 3320 ejus
1694 3251 1917 3321 pedibus
1949 3250 2111 3305 devo-

556 3350 650 3404 luti
700 3349 982 3419 petiernnt,
1014 3356 1072 3401 ut
1105 3347 1160 3400 in
1198 3361 1354 3400 suum
1385 3345 1559 3400 locum
1597 3352 1976 3397 reverteretur.
2011 3340 2115 3407 Qui

556 3454 680 3493 cum
707 3453 892 3490 eorum
922 3437 1146 3490 auribus
1178 3435 1442 3488 maximas
1491 3434 1761 3503 ingereret
1792 3432 2117 3487 admonitio-

558 3545 677 3593 nes,
708 3528 891 3582 dicens
921 3546 934 3581 :
966 3526 1081 3582 Nisi
1110 3527 1178 3581 ab
1223 3528 1288 3580 iis
1318 3525 1706 3589 abstinueritis,
1732 3539 1840 3578 non
1875 3524 2029 3577 eritis
2060 3523 2115 3576 in

560 3621 663 3673 hac
688 3620 797 3673 vita
828 3617 1010 3673 felices
1047 3635 1059 3671 :
1093 3625 1415 3686 acceperunt
1440 3632 1583 3680 eum,
1616 3624 1669 3669 et
1699 3616 2038 3669 deduxerunt
2060 3614 2114 3666 in

560 3710 755 3777 lucum,
786 3712 838 3764 in
891 3726 1001 3779 quo
1049 3709 1348 3763 habitabat.
1386 3707 1627 3774 Cumque
1657 3708 1705 3761 ei
1736 3722 1834 3761 sua
1874 3720 2037 3774 opera
2064 3713 2116 3759 ct

560 3802 857 3856 ministerio
882 3801 1100 3854 domum
1136 3799 1512 3860 azdiiicassent,
1544 3808 1597 3851 et
1627 3812 1751 3851 eum
1787 3798 1966 3850 valere
1995 3796 2115 3866 jus-

561 3893 784 3955 sissent,
825 3905 1014 3945 omnes
1063 3890 1313 3943 abierunt
1360 3889 1411 3941 in
1458 3902 1605 3956 pace.
1639 3885 1753 3955 Ego
1795 3895 1997 3947 autem,
2025 3885 2117 3954 qui

558 3997 703 4035 eram
737 3996 878 4035 unus
928 3995 991 4034 ex
1039 3979 1192 4048 ipsis,
1224 3977 1396 4032 mansi
1429 3992 1550 4031 cum
1598 3975 1917 4045 Epiphanio,
1951 3976 2019 4028 ab
2052 3990 2117 4029 eo

560 4072 839 4126 institutus
868 4070 925 4124 in
951 4071 1115 4124 verbo
1141 4069 1397 4123 veritatis.
1432 4068 1567 4121 Cum
1615 4076 1793 4121 autem
1827 4069 2116 4137 prmteriis-

558 4174 639 4217 set
672 4174 882 4230 tempus
910 4176 1004 4215 sex
1036 4161 1327 4221 mensium,
1363 4173 1449 4212 me
1478 4158 1683 4225 accepit
1711 4156 1817 4223 ille,
1850 4166 1903 4211 et
1919 4158 2118 4213 ivimus

558 4254 611 4306 in
641 4250 1026 4305 monasterium
1055 4250 1235 4319 magni
1280 4247 1589 4303 Hilarionis.
1619 4248 1754 4301 Cum
1782 4263 1912 4303 vero
1952 4249 2120 4303 vidis-

557 4353 679 4397 sent
706 4340 1065 4411 Epiphanium
1095 4355 1282 4395 omnes
1316 4338 1530 4403 fratres,
1560 4353 1756 4407 magno
1781 4348 1909 4393 sunt
1935 4338 2113 4394 affecti

2216 3263 2389 3333 ήμῶν.
2421 3261 2525 3315 Τοῦ
2553 3261 2609 3314 66
2635 3257 2951 3328 Ἑπιφανίου
2978 3257 3070 3311 ἐπὶ
3099 3258 3417 3328 τριμηναῐον
3447 3253 3637 3325 χρόνον
3668 3251 3785 3303 τού-

2214 3374 2322 3419 τοις
2367 3351 2881 3416 ἐπακολουθοῦντος,
2931 3349 3163 3404 ἐκώλυεν
3212 3348 3405 3410 αὐτοὺς
3450 3345 3558 3398 ἀπὸ
3603 3342 3784 3413 πάσης

2215 3448 2455 3513 ἀταξίας.
2487 3444 2607 3497 Τῶν
2651 3443 2707 3496 δὲ
2734 3442 2972 3504 εἰδότων,
3003 3442 3084 3493 ὅτι
3114 3440 3368 3492 στένωσιν
3406 3436 3653 3506 ἐπιφέρει
3688 3435 3787 3488 αύ-

2214 3539 2325 3599 τοῖς
2370 3535 2457 3588 διὰ
2505 3536 2601 3604 τῆς
2652 3533 2947 3595 νουθεσίας,
2988 3529 3323 3601 ὁμοθυμαδὸν
3376 3528 3611 3588 ἅπαντες
3660 3540 3787 3576 συν-

2217 3623 2465 3693 αχθέντες
2498 3620 3006 3693 προσεκυλινδοῦντο
3050 3618 3157 3672 τῶν
3214 3616 3389 3671 ποδῶν
3418 3613 3603 3678 αὑτοῦ,
3630 3615 3785 3675 ὅπως

2215 3716 2509 3786 ἀποδράσει
2538 3715 2696 3768 πάλιν
2743 3716 2824 3777 εἰς
2867 3713 2959 3765 τὸν
3012 3711 3142 3763 ίδιον
3170 3710 3332 3763 τόπον
3366 3708 3548 3763 αὑτοῦ.
3586 3706 3690 3759 Τοῦ
3724 3706 3783 3758 δὲ

2217 3806 2491 3869 νουθεσίας
2512 3805 2774 3876 μεγίστας
2799 3802 3074 3865 ἐπιθέντος
3104 3801 3195 3854 ἐπὶ
3217 3802 3336 3863 ταῖς
3362 3800 3551 3861 ἀκοαῖς
3581 3797 3781 3861 αὐτῶν,

2215 3899 2292 3951 ὅτι
2341 3898 2463 3950 Ἐὰν
2512 3896 2585 3968 μὴ
2631 3895 2833 3949 τούτων
2882 3892 3169 3963 ἀπέχεσθε,
3229 3891 3289 3944 οὐ
3323 3889 3548 3943 δύνασθε
3586 3888 3782 3957 εὐημε-

2225 3992 2337 4061 ρεῖν
2366 3992 2421 4043 ἐν
2445 3988 2575 4058 τῷδε
2608 3988 2683 4058 τῷ
2713 3987 2840 4057 βίῳ·
2876 3986 3127 4048 λαϐόντες
3167 3984 3224 4037 δέ
3272 3982 3433 4035 αὑτὸν
3467 3983 3515 4034 οἱ
3551 3980 3783 4050 ἀμφότε-

2220 4096 2302 4149 ροι
2334 4079 2536 4148 ἧγαγον
2569 4077 2661 4128 ἐπὶ
2689 4075 2872 4138 τόπον,
2904 4073 3031 4127 ἔνθα
3059 4073 3119 4125 τὸ
3148 4072 3276 4143 πρὶν
3306 4069 3573 4140 κατῴκει·
3604 4068 3697 4120 καὶ
3716 4067 3781 4137 δὴ

2217 4166 2305 4221 διὰ
2347 4170 2445 4236 τῆς
2479 4166 2655 4219 αὐτῶν
2699 4163 3001 4235 ὑπηρεσίας
3033 4160 3483 4232 οἰκοδομήσαντες
3524 4156 3672 4227 αὐτῷ
3708 4152 3779 4209 οἷ-

2218 4276 2331 4321 κον,
2361 4256 2736 4327 ἀσπασάμενοί
2760 4274 2817 4309 τε
2846 4255 3007 4309 αὐτὸν
3036 4256 3082 4307 οἰ
3106 4253 3305 4315 πάντες
3328 4249 3635 4322 ἀνεχώρουν
3659 4250 3777 4318 μετ’

2219 4346 2609 4420 είρήνης.Ἐγὼ
2629 4346 2776 4415 γοῦν,
2810 4341 2890 4409 εἷς
2935 4345 2994 4409 ἐξ
3039 4344 3217 4397 αὐτῶν
3268 4343 3546 4413 ὑπάρχων,
3595 4339 3783 4409 ἔμεινα

557 4435 771 4505 gaudio.
808 4432 887 4486 Et.
906 4433 1203 4487 mansimus
1234 4432 1446 4501 quidem
1475 4442 1581 4486 tres
1613 4431 1730 4485 dies
1758 4430 1815 4484 in
1842 4441 2114 4487 monaste-

2223 4438 2359 4508 μετὰ
2398 4437 2710 4506 Ἐπιφανίου
2735 4452 2749 4466 ο
2784 4436 2876 4489 καὶ
2915 4434 3241 4504 κατηχηθεὶς
3272 4434 3363 4485 ὑπ’
3387 4429 3551 4484 αὑτοῦ
3585 4430 3674 4481 τὸν
3700 4427 3784 4481 λό-

558 4527 641 4579 rio
670 4544 682 4577 :
714 4525 1028 4594 rogavitque
1078 4521 1410 4592 Epiphanius
1452 4537 1708 4591 magnum
1757 4519 2111 4588 Hilarionem,

558 4626 620 4669 ut
662 4616 790 4668 mihi
826 4614 978 4668 daret
1020 4614 1077 4667 in
1119 4613 1336 4667 Christo
1389 4611 1746 4679 signaculum,
1778 4612 2121 4683 quandoqui-

558 4709 678 4761 dem
708 4713 985 4775 acceperat
1018 4703 1258 4759 Hilarion
1286 4704 1509 4774 gradum
1541 4703 1964 4774 presbyteratus.
1984 4706 2116 4758 Cum

560 4816 646 4854 me
688 4808 865 4853 autem
908 4812 1138 4867 magnus
1191 4796 1489 4865 accepisset
1516 4793 1780 4859 Hilarion,
1810 4804 1864 4849 et
1902 4809 2115 4848 omnem

559 4891 833 4946 docuisset
874 4889 1330 4958 consequentiam,
1360 4887 1653 4956 baptizavit
1685 4902 1773 4940 me
1810 4886 1864 4940 in
1894 4886 2116 4940 nomine

559 4982 753 5044 Patris,
785 4990 838 5036 et
868 4980 1015 5043 Filii,
1048 4990 1101 5034 et
1136 4978 1371 5049 Spiritus
1414 4978 1592 5032 sancti
1630 4996 1644 5031 :
1677 4985 1731 5031 et
1756 4977 2118 5047 transegimus

558 5073 752 5128 deinde
775 5073 917 5143 apud
939 5072 1084 5141 ipsos
1110 5070 1294 5125 decem
1326 5069 1469 5132 dies;
1519 5068 1820 5137 fratresque
1853 5068 2118 5137 rogabant

558 5164 940 5235 Epiphanium,
970 5172 1029 5218 ut
1072 5177 1172 5217 nos
1216 5162 1269 5215 in
1312 5176 1377 5216 eo
1402 5161 1520 5214 loco
1560 5159 1965 5225 habitaremus;
2004 5159 2121 5228 ipse

558 5268 738 5312 autem
768 5258 959 5324 noluit,
986 5255 1079 5311 sed
1106 5254 1278 5311 voluit
1302 5253 1564 5317 habitare,
1602 5252 1693 5307 ubi
1720 5252 2002 5307 habitabat
2024 5266 2120 5305 an-

474 5416 479 5422 .
559 5359 664 5403 tea.

2220 4542 2313 4596 γον
2335 4528 2432 4598 τῆς
2463 4526 2737 4597 ἀληθείας,
2772 4524 2962 4597 ἔμεινα
2988 4525 3104 4593 μετ’
3132 4522 3317 4577 αὐτοῦ.
3344 4522 3551 4593 Χρόνου
3580 4520 3637 4572 66
3662 4516 3779 4581 ἑξα-

2198 4619 2449 4690 ’μηναίου
2492 4617 2846 4690 παρελθόντος
2871 4655 2886 4680 ,
2926 4615 3102 4668 λαϐὼν
3147 4615 3247 4684 ἐμὲ
3283 4613 3616 4681 Ἐπιφάνιος,
3665 4614 3784 4664 ἐπο-

2226 4708 2493 4779 ρεύθημεν
2527 4710 2584 4761 ἐν
2622 4708 2699 4779 τῷ
2739 4706 3079 4778 μοναστηρίῳ
3122 4706 3259 4777 πρὸς
3304 4705 3394 4757 τὸν
3443 4703 3613 4773 μέγαν
3651 4702 3787 4755 Ἱλα-

2224 4800 2410 4869 ρίωνα.
2441 4799 2660 4861 ’ἰδόντες
2708 4799 2766 4851 δὲ
2811 4797 3047 4859 ἅπαντες
3096 4798 3143 4849 οἰ
3200 4795 3417 4862 ἀδελφοὶ
3450 4792 3783 4860 Ἐπιφάνιον,

2224 4890 2495 4963 ἐχάρησαν
2544 4892 2718 4959 χαράν
2776 4888 3035 4958 μεγάλην.
3071 4886 3436 4956 Ἐποιήσαμεν
3492 4883 3548 4936 δὲ
3609 4884 3666 4935 ἐν
3706 4880 3787 4951 τῷ

2225 4979 2568 5050 μοναστηρίῳ
2621 4982 2769 5049 τρεῖς
2826 4977 3072 5049 ἡμέρας,
3131 4976 3226 5029 καὶ
3282 4973 3652 5045 παρεκάλεσεν
3694 4970 3787 5023 τὸν

2227 5067 2398 5137 μέγαν
2436 5067 2710 5140 Ἱλαρίωνα
2748 5068 3060 5136 Ἐπιφάνιος
3094 5064 3274 5119 δοῦναί
3302 5082 3391 5134 μοι
3422 5062 3520 5133 τὴν
3563 5064 3619 5114 ἐν
3651 5062 3787 5128 Χρι-

2226 5159 2337 5230 στῷ
2371 5161 2669 5231 σφραγῖδα·
2716 5160 2901 5230 ἐπειδὴ
2940 5158 3180 5228 Ὶλαρίων
3209 5155 3564 5220 καταξιωθεὶς
3588 5149 3656 5225 ἦν
3692 5152 3785 5204 τοῦ

2227 5249 2434 5321 βαθμοῦ
2463 5251 2555 5304 τοῦ
2580 5250 2989 5322 πρεσϐυτερίου.
3017 5248 3210 5302 Λαϐὼν
3237 5242 3329 5300 οῦν
3371 5247 3399 5297 6
3435 5247 3605 5316 μέγας
3654 5242 3789 5295 Ἱλα-

2227 5341 2357 5411 ρίων
2388 5343 2480 5395 καὶ
2506 5342 2717 5406 διδάξας
2742 5359 2808 5413 με
2837 5343 2937 5414 τὴν
2992 5342 3169 5394 πᾶσαν
3197 5336 3536 5399 ἀκολουθίαν,
3563 5334 3790 5387 ἐϐάπτι-

2227 5431 2287 5483 σέ
2320 5450 2386 5504 με
2430 5437 2487 5486 ἐν
2529 5435 2746 5504 ὀνόματι
2778 5433 3117 5504 Πατρὺς,καὶ
3139 5430 3290 5494 Υἰοῦ,
3321 5429 3411 5483 καὶ
3436 5427 3590 5495 ἀγίου
3618 5423 3788 5478 Πνεύ-

561 5544 746 5600 ματος,
793 5527 1050 5588 κελεύσας
1101 5542 1167 5596 με
1210 5523 1458 5590 Ἰωάννης
1513 5519 1808 5573 καλεῖσθαι-
1873 5520 2233 5595 Ἐποιήσαμεν
2279 5524 2334 5576 δὲ
2391 5529 2522 5595 παρ’
2576 5526 2756 5589 αὐτοῖς
2826 5525 3035 5597 ἡμέρας
3091 5510 3250 5575 δέκα)
3296 5521 3391 5574 καὶ
3445 5515 3786 5600 παρεκάλουν

569 5596 877 5687 Ἕπιφάνιον
909 5619 957 5670 οἰ
984 5617 1197 5685 ἀδελφοὶ
1251 5615 1387 5667 ὥστε
1457 5613 1722 5669 κατοικεῖν
1776 5608 1889 5679 ἅμα
1937 5611 1994 5663 ἐν
2029 5611 2106 5681 τῷ
2144 5614 2291 5682 τόπῳ
2337 5614 2547 5684 ἐκείνῳ.
2594 5615 2764 5678 Αὐτὸς
2811 5614 2867 5667 δὲ
2918 5615 3017 5666 ούκ
3058 5609 3351 5681 ἠϐουλήθη,
3403 5607 3516 5662 ἀλλ’
3540 5596 3786 5660 ἐϐούλετο

559 5708 716 5763 πάλιν
742 5710 872 5761 ὅπου
900 5708 960 5759 τὸ
989 5709 1117 5777 πρὶν
1139 5708 1476 5777 κατοικῆσαι.

628 5819 705 5891 (α)
743 5818 924 5886 Forte,
952 5821 1207 5888 συνεῖρεν.
