4088 6362
331 307 405 371 37
1622 310 1680 366 S.
1723 311 2068 367 EPIPIIANII
2103 315 2285 370 VITA.
3521 328 3594 384 58

396 429 500 482 IB‘.
556 425 907 491 Ἐξελθόντων
945 423 1002 478 δὲ
1033 424 1188 496 ἡμῶν
1227 424 1335 479 ἀπὸ
1378 425 1474 477 τοῦ
1523 427 1913 497 μοναστηρίου.

2087 427 2200 484 XII.
2233 430 2368 485 Cum
2397 440 2576 488 autem
2602 450 2700 490 nos
2735 438 2934 507 egressi
2964 454 3208 495 essemus
3252 458 3285 498 e
3316 454 3596 500 monaste-

327 519 703 590 ἐπορευόμεθα
724 518 825 588 τὴν
854 517 972 571 ὁδὸν
992 516 1168 587 ήμῶν.
1217 517 1305 581 Ὠς
1333 516 1389 569 δὲ
1418 518 1528 570 ἀπὸ
1556 518 1800 589 σημείων
1823 518 1918 571 δύο

326 612 424 665 τοῦ
462 610 828 682 μοναστηρίου
854 610 1168 680 ἀπήντησεν
1185 611 1320 679 ἡμῖν
1348 609 1629 673 νεανίσκος
1655 627 1759 685 τις,
1778 610 1918 679 ἔχων

324 702 654 773 ἀρχοντικὸν
708 701 962 771 δαίμονα,
999 701 1474 771 κατατεμνόμενος
1515 704 1574 754 ἐν
1626 704 1691 772 τῇ
1726 702 1918 773 ἐρήμῳ

322 794 417 845 ὑπ’
448 792 639 845 αὐτοῦ.
668 790 871 843 Τοῦτον
901 789 1025 843 ἰδὼν
1069 791 1381 860 Ἐπιφάνιος
1403 792 1633 861 γυμνὸν,
1668 792 1761 845 καὶ
1783 793 1918 844 ἀτά-

322 902 439 953 κτῳ
463 884 652 954 δρόμῳ
677 882 1027 952 ἁλισκόμενον
1059 883 1164 936 ὑπὸ
1191 881 1285 935 τοῦ
1327 882 1639 951 ἀκαθάρτου
1670 881 1916 951 πνεύμα-

320 993 437 1041 τος,
468 974 702 1046 ἔκραξεν
742 974 953 1045 μεγάλῃ
986 976 1137 1044 φωνῇ
1166 988 1182 1002 ⁸
1215 973 1589 1045 Παραγγέλλω
1618 991 1699 1026 σοι
1725 975 1783 1026 ἐν
1803 973 1918 1025 όνό-

326 1087 463 1139 ματι
527 1068 621 1121 τοῦ
656 1065 1074 1137 ἐσταυρωμένου
1139 1063 1312 1133 Ἰησοῦ
1365 1063 1623 1134 Χριστοῦ,
1685 1063 1919 1130 ἐξελθεῖν

322 1160 437 1213 ἀπὸ
470 1158 566 1212 τοῦ
607 1158 922 1227 πλάσματος
953 1156 1048 1208 τοῦ
1077 1154 1231 1208 Θεοῦ.
1263 1154 1479 1217 Εὐθέως
1502 1155 1560 1207 δὲ
1584 1155 1646 1207 τὸ
1675 1156 1920 1227 ἀκάθαρ-

322 1268 421 1303 τον
451 1249 675 1319 πνεῦμα
704 1246 1014 1316 ἐσπάραξεν
1051 1246 1143 1298 τὸν
1199 1245 1481 1299 νεανίσκον
1506 1285 1520 1308 ,
1560 1246 1656 1298 καὶ
1700 1246 1918 1319 ἔρριψεν

323 1342 492 1394 αὐτὸν
531 1342 623 1393 ἐπὶ
673 1339 771 1409 τὴν
801 1340 927 1410 γῆν,
959 1338 1054 1391 καὶ
1088 1337 1309 1408 ἐξῆλθεν
1362 1339 1455 1393 ἀπ’
1511 1338 1698 1394 αὐτοῦ.
1769 1339 1827 1391 Ὀ
1860 1339 1917 1391 δὲ

324 1432 641 1503 ἀκάθαρτος
669 1430 882 1501 δαίμων
911 1427 1139 1499 ἔκραξεν
1168 1428 1384 1500 μεγάλῃ
1413 1432 1477 1500 τῇ
1528 1432 1679 1501 φωνῇ
1704 1448 1715 1459 ·
1765 1430 1917 1484 Ἐπι-

325 1524 510 1592 φάνιε,
545 1521 760 1584 διώκεις
799 1538 867 1591 με
900 1520 1009 1572 ἀπὸ
1033 1518 1128 1572 τοῦ
1173 1518 1339 1571 τόπου
1389 1536 1491 1589 μου
1515 1519 1605 1572 διά
1639 1519 1719 1588 κβ¹
1755 1519 1913 1572 ἐτῶν.

334 1613 487 1683 ἐγὼ
522 1612 858 1684 πορεύσομαι
888 1610 1025 1682 πρὸς
1045 1610 1135 1662 τὸν
1163 1609 1385 1679 βασιλέα
1416 1608 1522 1661 τῶν
1554 1609 1797 1680 Περσῶν,
1827 1610 1918 1663 καὶ

323 1704 539 1774 κινήσω
585 1702 748 1756 αὐτὸν
780 1702 925 1754 κατά
956 1705 1074 1765 σοῦ,
1131 1701 1227 1753 καὶ
1288 1701 1501 1771 ποιήσω
1536 1717 1594 1752 σε
1629 1699 1768 1770 μετά
1801 1699 1912 1752 θλί-

2021 518 2125 586 rio,
2157 522 2299 575 viam
2331 532 2572 578 nostram
2601 525 2880 583 inivimus.
2912 530 2991 584 Ad
3025 534 3326 587 secundum
3357 551 3489 589 vero
3516 538 3598 591 la-

2020 611 2196 679 pidem
2230 627 2261 666 a
2288 616 2643 680 monasterio,
2675 619 2916 672 occurrit
2948 622 3107 675 nobis
3154 625 3375 692 quidam
3409 626 3597 682 adole—

2020 715 2202 764 sccns,
2252 705 2346 772 qui
2399 705 2635 761 habebat
2677 710 2976 764 daamonem
3018 712 3369 781 imperantem
3409 736 3422 771 :
3458 719 3596 772 etin

2020 791 2312 845 solitudine
2364 797 2432 846 ab
2463 810 2529 849 eo
2573 796 3000 866 discerpebatur.
3032 801 3169 855 Cum
3199 820 3324 857 eum
3375 806 3598 862 vidisset

2021 877 2356 949 Epiphanius
2392 885 2594 938 nudum
2625 886 2881 942 insolenti
2916 898 2970 943 et
3022 891 3383 962 incomposito
3432 912 3597 953 cursu

2020 974 2202 1025 vexari
2234 975 2302 1027 ab
2327 975 2611 1030 immundo
2650 981 2867 1047 spiritu,
2898 982 3152 1037 clamavit
3198 1001 3392 1057 magna
3422 1005 3551 1043 voce
3581 1008 3597 1043 :

2020 1059 2283 1130 Praacipio
2317 1065 2409 1118 tibi
2438 1067 2490 1119 in
2527 1068 2747 1123 nomine
2772 1069 2905 1123 Jesu
2944 1072 3148 1129 Christi
3181 1079 3449 1145 crucifixi,
3477 1090 3536 1134 ut
3567 1097 3599 1135 a

2020 1152 2117 1209 Dei
2154 1155 2413 1225 ﬁgmento
2446 1174 2630 1215 exeas.
2681 1161 2874 1218 Statim
2911 1176 3093 1220 autem
3128 1185 3255 1224 eum
3306 1173 3601 1242 exagitavit

2021 1247 2335 1303 immundus
2360 1252 2605 1319 spiritus,
2637 1264 2689 1307 et
2713 1255 2861 1308 humi
2888 1258 3055 1311 atlixit
3082 1274 3095 1311 :
3126 1272 3288 1330 atque
3321 1264 3391 1317 ab
3418 1279 3483 1319 eo
3512 1275 3600 1319 est

2018 1353 2292 1408 egressus.
2325 1341 2644 1397 Immundus
2671 1355 2851 1399 autem
2874 1348 3086 1403 daemon
3116 1352 3372 1408 clamavit
3400 1371 3597 1425 magna

2019 1442 2152 1483 voce
2183 1446 2196 1482 :
2238 1426 2282 1482 Ο
2312 1428 2604 1499 Epiphani,
2648 1442 2704 1487 tu
2741 1451 2826 1489 me
2850 1440 3074 1506 expellis
3097 1457 3127 1495 e
3157 1443 3272 1497 loco
3308 1459 3430 1499 meo
3476 1458 3600 1515 post

2020 1520 2254 1587 spatium
2281 1522 2470 1589 viginti
2500 1523 2734 1578 duorum
2768 1542 3035 1583 annorum
3080 1550 3093 1583 :
3126 1546 3226 1602 ego
3276 1534 3366 1589 ibo
3414 1536 3479 1590 ad
3510 1554 3600 1591 re-

2018 1624 2139 1677 gem
2163 1609 2475 1674 Persarum,
2503 1623 2556 1667 et
2575 1616 2801 1670 movebo
2821 1633 2944 1672 eum
2972 1630 3163 1676 contra
3194 1636 3272 1691 te;
3301 1634 3354 1679 et
3380 1625 3597 1685 faciam.

2022 1709 2080 1753 ut
2111 1714 2234 1752 cum
2300 1701 2592 1757 afﬂictione
2646 1719 2829 1759 coram
2865 1723 2930 1762 eo
2986 1711 3217 1765 sistaris.
3270 1713 3601 1772 Adolescens

321 1768 475 1862 ψεως
509 1792 710 1863 πολλῆς
741 1792 1087 1861 παραστῆναι
1120 1791 1264 1845 κατὰ
1300 1768 1593 1860 πρόσωπον
1626 1768 1815 1844 αὐτοῦ.
1861 1791 1918 1845 Ὀ

2023 1800 2202 1843 autem
2228 1790 2375 1845 venit
2399 1793 2698 1861 modestus,
2728 1806 2781 1850 et
2814 1800 3045 1866 procidit
3071 1803 3135 1856 ad
3168 1806 3331 1872 pedes

321 1885 383 1937 δὲ
420 1884 638 1946 νεανίας
674 1880 839 1954 ἦλθεν
875 1883 1190 1953 σωφρόνως,
1223 1882 1318 1935 καὶ
1352 1882 1544 1934 ἔπεσεν
1568 1883 1647 1945 είς
1674 1884 1800 1945 τοὺς
1826 1882 1920 1934 πό-

321 1976 425 2038 δας
471 1974 806 2043 Ἐπιφανίου.
838 1974 897 2027 Ὀ
933 1974 991 2027 δὲ
1033 1972 1349 2043 Ἐπιφάνιος
1372 1974 1591 2044 ήγειρεν
1618 1972 1801 2039 αὐτὸν,
1836 1972 1922 2024 λέο

322 2082 475 2134 γων·
527 2065 782 2131 Ἀνάστα,
816 2064 1027 2127 τέκνον,
1061 2064 1156 2116 καὶ
1189 2062 1392 2117 ἄπελθε
1437 2066 1496 2118 ἐν
1524 2063 1601 2133 τῷ
1631 2064 1766 2134 οίκῳ
1824 2081 1918 2116 σου

322 2159 385 2210 ἐν
420 2159 636 2230 εἰρήνη.
667 2158 777 2211 Καὶ
803 2156 1006 2220 εὐθέως
1037 2156 1260 2227 ἀνέστη.

399 2249 498 2303 II".
552 2250 611 2301 '0
635 2244 728 2303 οὖν
760 2249 970 2318 δαίμων
1011 2251 1039 2301 6
1070 2248 1381 2318 ἀκάθαρτος
1418 2246 1687 2318 ἐπορεύθη
1741 2247 1798 2301 ἐν
1851 2250 1918 2319 τῇ

322 2340 573 2412 Περσίδι,
609 2341 705 2394 καὶ
738 2339 1005 2411 ἐκολλήθη
1030 2342 1095 2410 τῇ
1128 2339 1359 2411 θυγατρὶ
1383 2339 1477 2392 τοῦ
1503 2339 1786 2410 βασιλέως,
1825 2341 1921 2392 καὶ

321 2437 392 2505 τῇ
424 2434 686 2505 τιμωρίᾳ,
777 2433 1003 2504 ήλισκεν
1032 2433 1123 2485 τὸν
1150 2433 1455 2496 νεανίσκον,
1480 2432 1680 2503 ὁμοίως
1710 2433 1803 2485 καὶ
1824 2433 1923 2487 αὐ-

324 2527 428 2599 τὴν
470 2525 769 2599 ἐτιμώρει·
831 2526 928 2580 καὶ
965 2525 1196 2596 ἔκραξεν
1225 2525 1399 2594 λέγων
1423 2542 1437 2555 ο
1487 2525 1612 2579 Ἐάν
1649 2526 1723 2596 μὴ
1770 2526 1919 2577 Ἐπι-

326 2618 522 2686 φάνιος
542 2617 670 2688 ἔλθῃ
712 2616 949 2670 ἐνταῦθα
1000 2618 1029 2669 6
1060 2616 1385 2679 ἀποστείλας
1426 2633 1491 2687 με
1527 2615 1662 2686 πρὸς
1688 2615 1786 2686 τὴν
1821 2616 1919 2688 σὴν

327 2710 628 2780 θυγατέρα,
659 2711 759 2763 οὐκ
793 2709 1085 2780 ἐξέρχομαι
1123 2709 1217 2762 ἀπ’
1242 2708 1435 2778 αὐτῆς.
1476 2708 1589 2761 Καὶ
1612 2707 1772 2761 πάλιν
1802 2708 1920 2761 ἐλε-

328 2817 428 2871 γεν
470 2801 498 2851 ὁ
526 2799 734 2869 δαίμων
762 2816 775 2829 ·
821 2800 1129 2868 Ἐπιφάνιε,
1186 2799 1246 2852 τὸ
1293 2800 1452 2869 γένος
1495 2799 1603 2852 τῶν
1635 2799 1918 2863 Φοινίκων,

330 2890 457 2945 ἐλθέ
490 2891 698 2956 ἐνθάδε,
738 2893 883 2955 ὅπως
912 2890 1114 2957 ἐξέλθω
1136 2892 1243 2945 ἀπὸ
1274 2892 1373 2962 τῆς
1402 2890 1672 2961 θυγατρὸς
1702 2890 1797 2944 τοῦ
1826 2890 1921 2961 βα-

332 2984 546 3049 σιλέως.
596 2985 655 3038 ὐ
679 2981 772 3038 οὖν
801 2983 1054 3054 βασιλεὺς
1100 2984 1339 3047 ἀκούσας
1389 2985 1496 3037 ἀπὸ
1543 2982 1634 3037 τοῦ
1665 2982 1919 3052 δαίμονος

333 3079 471 3148 περὶ
503 3079 603 3148 τῆς
636 3078 909 3149 Φοινίκης,
936 3076 1253 3130 ἀπέστειλεν
1280 3076 1485 3148 πλῆθος
1513 3075 1817 3147 ἀνθρώπων
1839 3076 1921 3127 εύ-
1946 3107 1989 3165 C

329 3170 625 3224 διαλέκτων
652 3171 789 3242 πρὸς
821 3169 1161 3241 ἀναζήτησιν
1202 3170 1545 3238 Ἐπιφανίου.
1569 3169 1680 3222 Καὶ
1700 3169 1763 3239 δὴ
1791 3169 1922 3221 ἀνα-

332 3261 672 3334 ζητήσαντες
704 3262 923 3316 ἃπασαν
951 3262 1052 3333 τὴν
1085 3259 1269 3333 χώραν
1326 3260 1437 3314 τῶν
1494 3260 1776 3325 Φοινίκων,
1824 3261 1922 3331 οὐχ

332 3348 495 3424 εὗρον
520 3371 534 3385 ·
558 3354 677 3408 ἀλλ’
710 3352 1018 3425 ἀνεχώρουν
1049 3353 1321 3424 ἄπρακτοι
1355 3354 1491 3425 πρὸς
1528 3354 1618 3406 τὸν
1672 3352 1917 3423 βασιλέα.

332 3448 492 3511 Τινὲς
543 3447 600 3500 δὲ
639 3446 698 3514 ἐξ
727 3446 904 3500 αὐτῶν
936 3448 1029 3499 καὶ
1058 3446 1242 3509 κακῶς
1287 3446 1589 3518 ὑπέμειναν
1660 3449 1765 3503 ὑπὸ
1816 3449 1923 3503 τῶν

345 3541 640 3612 Ῥωμαίων
670 3540 745 3604 ὼς
796 3539 1155 3602 κατάσκοποι,
1187 3541 1281 3591 καὶ
1317 3539 1414 3610 τὴν
1446 3540 1550 3611 γῆν
1579 3540 1797 3595 ἃπασαν
1825 3541 1923 3613 τὴν

332 3632 589 3704 Φοινίκην
621 3631 715 3684 ἐπὶ
743 3631 980 3703 πονηρίᾳ
1012 3629 1256 3693 θέλοντες
1311 3631 1661 3701 κατανοῆσαι.
1716 3633 1923 3702 Πορευ-

334 3722 524 3785 θέντες
551 3721 607 3774 δὲ
639 3722 686 3774 οἱ
715 3718 1146 3791 διαπεμφθέντες
1189 3720 1533 3792 ἀπήγγειλαν
1578 3720 1655 3791 τῷ
1692 3720 1920 3789 βασιλεῖ,

335 3812 421 3865 ὅτι
450 3812 547 3881 οὐχ
572 3803 731 3882 εὗρον
756 3811 847 3864 τὸν
894 3810 1233 3879 Ἐπιφάνιον.
1282 3809 1340 3863 '0
1376 3810 1433 3863 δὲ
1464 3810 1675 3881 δαίμων
1696 3811 1923 3883 ἔκραξεν

338 3904 555 3976 μεγάλῃ
590 3906 657 3976 τῇ
686 3907 834 3975 φωνῇ
864 3922 877 3934 ·
907 3903 998 3956 Ἐν
1051 3901 1128 3973 τῷ
1173 3902 1322 3974 τόπῳ
1377 3903 1455 3973 τῷ
1512 3905 1925 3976 ἐπικαλουμένῳ

336 3997 676 4068 Σπανυδρίῳ,
702 3999 820 4050 ἐκεῖ
842 3996 988 4049 ἔστιν
1006 3990 1297 4049 κατοικῶν.
1317 3994 1485 4049 Πάλιν
1510 3991 1603 4049 οὖν
1625 3999 1654 4049 6
1675 3996 1927 4067 βασιλεὺς

336 4088 852 4159 προσκαλεσάμενος
910 4087 952 4140 λ’
1011 4087 1233 4158 ἄνδρας,
1298 4082 1454 4140 εἶπεν
1501 4087 1640 4159 πρὸς
1693 4087 1923 4151 αὐτούς·

349 4179 720 4233 Ἀποδύσασθε
756 4178 818 4231 τὸ
871 4179 1056 4250 σχῆμα
1095 4178 1156 4231 τὸ
1183 4178 1471 4249 Περσικὸν,
1509 4179 1605 4233 καὶ
1638 4179 1827 4232 λάϐετε
1866 4179 1927 4231 τὸ

339 4271 529 4341 σχῆμα
548 4271 655 4324 τῶν
696 4271 1000 4342 Ῥωμαίων,
1032 4271 1128 4324 καὶ
1162 4270 1460 4342 πορεύθητε
1494 4272 1551 4323 ἐν
1583 4274 1648 4342 τῇ
1683 4270 1923 4342 Φοινίκῃ·

337 4364 438 4415 καὶ
484 4363 859 4433 ἀναζητήσατε
909 4362 1001 4415 τὸν
1028 4362 1192 4415 τόπον
1219 4364 1312 4416 τὸν
1337 4360 1670 4432 καλούμενον
1717 4362 1926 4416 Σπανύ-

2023 1881 2119 1933 nii.
2170 1880 2274 1947 Qui
2304 1898 2427 1936 eum
2462 1886 2656 1950 erexit,
2688 1886 2872 1942 dicens
2907 1905 2919 1940 :
2957 1891 3148 1962 Surge,
3186 1895 3281 1959 ﬁli,
3309 1907 3362 1950 et
3384 1898 3438 1952 in
3466 1914 3601 1969 pace

2023 1973 2157 2027 vade
2185 1974 2240 2027 in
2281 1973 2503 2029 domum
2544 1984 2716 2031 tuam.
2746 1977 2811 2033 Et
2852 1983 3091 2037 surrexit
3112 1987 3382 2053 protinus.

2090 2236 2232 2293 XIII.
2264 2236 2587 2295 Immundus
2609 2248 2791 2295 autem
2828 2241 3039 2297 daemon
3064 2243 3163 2297 ivit
3205 2243 3259 2296 in
3302 2242 3597 2310 Persidem,

2021 2339 2074 2384 et
2101 2332 2329 2386 adhaesit
2362 2332 2486 2386 tiliae
2516 2333 2884 2401 imperatoris,
2912 2343 2966 2388 et
3003 2351 3125 2390 eam
3151 2336 3338 2391 eodem
3372 2346 3597 2407 torque-

2021 2422 2115 2477 bat
2146 2424 2434 2493 supplicio,
2472 2439 2581 2492 quo
2621 2424 2774 2493 prius
2818 2427 3238 2493 adolescentem,
3307 2438 3358 2482 et
3389 2430 3597 2483 clama-

2021 2514 2134 2578 bat,
2164 2514 2352 2569 dicens
2381 2532 2394 2568 :
2421 2513 2536 2568 Nisi
2577 2518 2785 2569 venerit
2832 2516 3187 2587 Epiphanius,
3238 2520 3331 2589 qui
3376 2519 3482 2574 huc
3515 2535 3601 2575 me

2021 2610 2170 2662 misit
2190 2609 2257 2661 ad
2288 2616 2435 2661 tuam
2466 2608 2653 2671 tiliam,
2686 2608 2754 2661 ab
2799 2623 2861 2663 ea
2892 2626 3002 2665 non
3038 2611 3309 2666 recedam.
3356 2610 3600 2667 Rursus-

2024 2715 2131 2770 que
2188 2700 2405 2755 dicebat
2455 2700 2709 2754 damon:
2765 2698 3316 2771 Epiphani,Pbtenix
3385 2719 3599 2774 genere,

2021 2793 2143 2845 veni
2170 2792 2297 2857 hue,
2333 2801 2391 2847 ut
2418 2808 2609 2848 exeam
2638 2810 2668 2849 a
2710 2795 2819 2849 tilia
2848 2796 3013 2864 regis.
3049 2793 3165 2848 Rex
3214 2804 3415 2861 autem,
3472 2811 3599 2850 cum

2022 2900 2051 2939 a
2090 2885 2338 2940 daemone
2384 2887 2648 2942 audiisset
2678 2888 2745 2941 de
2788 2885 3089 2949 Phoenicia,
3125 2887 3267 2940 misit
3296 2886 3602 2941 multitudi-

2022 2995 2145 3033 nem
2198 2979 2396 3051 linguae
2452 2979 2753 3049 peritorum
2808 2979 3092 3032 hominum
3126 2978 3192 3031 ad
3241 2978 3598 3047 quaerendum

2024 3069 2405 3141 Epiphaniam.
2462 3070 2629 3125 Porro
2678 3079 2857 3125 autem
2914 3084 3038 3123 cum
3078 3069 3460 3138 quaesivissth
3502 3084 3602 3139 per

2027 3170 2196 3217 totam
2218 3161 2538 3217 Phoenicum
2571 3162 2870 3232 regionem,
2905 3176 3030 3215 eum
3076 3175 3183 3213 non
3239 3161 3599 3215 invenerunt:

2028 3253 2120 3309 sed
2154 3253 2354 3308 reversi
2382 3261 2509 3308 sunt
2533 3251 2602 3305 ad
2634 3268 2836 3323 regem,
2866 3267 2924 3305 re
2962 3250 3453 3306 infecta.N0nnulli
3470 3268 3603 3308 vero

2025 3346 2188 3400 etiam
2224 3360 2289 3399 ex
2312 3345 2393 3399 eis
2440 3345 2582 3399 male
2613 3344 2759 3411 passi
2793 3353 2920 3399 sunt
2946 3360 2976 3398 a
3014 3343 3294 3409 Romanis,
3341 3353 3601 3414 tanquam

2026 3436 2413 3506 speculatores,
2449 3446 2502 3490 et
2533 3435 2628 3506 qui
2668 3434 2862 3490 callide
2896 3436 3096 3490 vellent
3126 3436 3475 3491 considerare
3512 3445 3599 3490 to-

2028 3540 2135 3584 tam
2160 3531 2437 3600 regionem
2460 3527 2801 3583 Plicenicum.
2833 3529 2967 3583 Cum
2998 3538 3179 3583 autem
3210 3530 3275 3583 ad
3300 3545 3479 3600 regem
3506 3546 3601 3584 ve-

2027 3624 2238 3676 nissent
2270 3622 2341 3685 ii,
2382 3620 2477 3689 qui
2515 3619 2835 3688 eﬂ‘ugerant,
2887 3622 3337 3675 renuntiaverunt
3393 3636 3453 3675 se
3489 3636 3600 3675 non

2025 3714 2299 3767 invenisse
2324 3711 2709 3780 Epiphanium.
2743 3710 2965 3765 Dazmon
2997 3720 3177 3765 autem
3230 3727 3423 3782 magna
3470 3727 3600 3767 voce

2026 3804 2302 3868 clamavit,
2341 3803 2560 3870 dicens'_:
2585 3800 2800 3855 Habitat
2826 3803 2880 3856 in
2908 3803 3049 3867 loco,
3077 3803 3167 3872 qui
3196 3802 3393 3857 dicitur
3421 3802 3599 3871 Span-

2025 3897 2273 3967 hydrion.
2314 3893 2525 3952 Rursus
2551 3912 2679 3967 ergo
2707 3914 2819 3963 rex,
2843 3897 3120 3952 accersitis
3154 3914 3257 3951 xxx
3286 3898 3438 3961 viris,
3461 3898 3601 3951 dixit

2026 3987 2106 4040 eis
2141 4004 2153 4039 :
2189 3984 2385 4039 Exuite
2406 4001 2504 4040 vos
2535 3985 2728 4039 vestitu
2753 3985 2991 4048 Persico,
3036 3995 3087 4038 et
3110 3984 3313 4040 induite
3343 3986 3597 4040 vestitum

2027 4076 2432 4131 Romanorum:
2463 4086 2517 4132 et
2544 4087 2738 4131 euntes
2773 4077 2827 4130 in
2878 4076 3238 4142 Phoeniciam,
3265 4085 3319 4130 et
3350 4092 3600 4146 quaeren-

2028 4179 2108 4224 tes
2126 4169 2326 4234 locum,
2360 4168 2453 4237 qui
2479 4168 2677 4222 dicitur
2708 4168 3108 4238 Spanhydrion,
3141 4167 3391 4223 adducite
3418 4169 3485 4223 ad
3512 4186 3601 4225 me

2030 4260 2415 4330 Epiphanium.
2451 4260 2716 4313 Ahierunt
2745 4261 2836 4329 qui
2872 4261 3025 4315 missi
3086 4260 3325 4327 fuerant,
3371 4265 3599 4320 mutatis

2026 4352 2142 4405 suis
2172 4350 2443 4413 vestibus,
2470 4358 2526 4402 et
2555 4358 2822 4402 venerunt
2866 4349 2918 4401 in
2953 4334 3601 4422 thiiiciam‘L‘Cumque

336 4456 511 4527 δριον,
561 4454 800 4523 ἀγάγετέ
840 4472 930 4524 μοι
963 4456 1278 4524 Ἐπιφάνιον
1307 4454 1397 4507 τὸν
1424 4456 1682 4525 οἰκήτορα
1711 4453 1804 4507 τοῦ
1837 4454 1922 4508 τό·

2030 4443 2133 4514 ipsi
2165 4442 2393 4495 multum
2419 4440 2819 4509 quaesivissent,
2856 4441 3162 4496 declaratus
3185 4440 3289 4495 fuit
3317 4443 3397 4498 eis
3423 4445 3597 4509 locus,

340 4562 469 4599 που.
496 4544 751 4615 Ἐξῆλθον
779 4544 837 4598 δὲ
868 4548 916 4597 oi
957 4544 1000 4597 λ’
1034 4545 1227 4616 ἄνδρες
1276 4547 1325 4599 οί
1374 4545 1774 4617 ἀπεσταλμένοι
1821 4545 1927 4599 ὑπὸ

338 4634 439 4688 τοῦ
464 4635 748 4705 βασιλέως,
782 4636 1115 4700 ἀλλάξαντες
1147 4637 1245 4700 τὰς
1301 4637 1510 4691 ἑαυτῶν
1567 4637 1776 4711 στολὰς,
1833 4639 1926 4693 καὶ

341 4728 710 4798 παρεγένοντο
727 4729 818 4781 ἐπὶ
839 4729 935 4799 τῆς
949 4730 1225 4799 Φοινίκης,
1245 4729 1341 4782 καὶ
1366 4728 1537 4782 πολλὰ
1551 4729 1926 4800 ἀναζητήσαν-

338 4837 456 4887 τες,
482 4820 843 4892 διερμηνεύθη
871 4822 1055 4884 αὐτοῖς
1095 4825 1123 4874 6
1151 4821 1336 4887 τόπος,
1395 4823 1485 4874 καὶ
1516 4823 1545 4874 6
1592 4823 1921 4891 Ἐπιφάνιος.

339 4912 511 4965 Αὐτοὶ
542 4912 598 4964 δὲ
631 4912 937 4982 ἐπέστησαν
967 4910 1045 4982 τῷ
1078 4911 1229 4981 τόπῳ
1261 4911 1455 4975 νυκτός
1476 4929 1487 4942 ·
1521 4906 1590 4983 ἦν
1620 4911 1677 4965 δὲ
1703 4912 1928 4982 Ἐπιφά-

340 5021 457 5065 νιος
486 5002 585 5067 τάς
618 5002 938 5073 νυκτερινὰς
962 5002 1127 5073 εὐχὰς
1168 5001 1507 5072 ἀναπέμπων
1536 5000 1615 5073 τῷ
1637 5002 1756 5073 Θεῷ
1779 5019 1793 5032 ·
1848 5002 1926 5067 ὡς

341 5087 403 5150 δὲ
429 5097 736 5166 ἐπέστησαν
761 5098 829 5165 τῇ
857 5094 997 5167 θύρᾳ
1044 5092 1140 5147 τοῦ
1175 5093 1407 5158 κελλίου,
1440 5093 1537 5145 καὶ
1564 5093 1925 5165 διακρούσαν-

342 5206 458 5254 τες,
493 5190 808 5257 Ἐπιφάνιος
826 5187 935 5241 οὐδ’
966 5187 1104 5249 δλως
1133 5185 1371 5256 ἐπτοήθη
1400 5185 1477 5255 τῷ
1506 5186 1748 5257 λογισμῷ
1768 5204 1781 5217 ’
1810 5187 1937 5240 ἀλλ”

341 5279 509 5342 αὐτὸς
534 5279 593 5331 τὸ
625 5278 783 5349 ἔργον
812 5277 906 5331 τοῦ
935 5276 1069 5330 Θεοῦ
1118 5276 1381 5332 ἐπετέλει.
1433 5277 1596 5329 Αὐτοὶ
1649 5277 1706 5329 δέ
1753 5277 1924 5349 θυμοῦ

343 5370 678 5441 πλησθέντες
694 5370 1082 5424 ἐϐουλεύσαντο
1096 5368 1194 5440 τὴν
1216 5367 1385 5439 θύραν
1404 5368 1664 5432 κατεάξαι
1686 5368 1779 5421 τοῦ
1801 5369 1925 5423 κελ-

343 5463 484 5517 λίου.
512 5458 607 5526 Εἷς
625 5462 683 5515 δέ
710 5480 793 5525 τις
828 5454 1081 5527 ἐξαύτῶν
1108 5461 1206 5533 τὴν
1242 5460 1516 5533 μάχαιραν
1548 5461 1801 5526 ἑλκύσας,
1834 5465 1929 5515 καὶ

345 5558 431 5619 εἰς
455 5554 517 5608 τὸ
540 5556 790 5625 κατόχιον
812 5554 913 5625 τῆς
941 5553 1108 5626 θύρας
1132 5552 1339 5624 ταύτην
1356 5554 1694 5619 ἐπεκτείνας,
1716 5554 1927 5625 ἔμεινεν

346 5649 384 5718 ἡ
420 5647 543 5717 χεὶρ
574 5645 738 5700 αὐτοῦ
767 5646 1042 5717 ἀκίνητος,
1068 5646 1161 5699 καὶ
1191 5645 1507 5710 ἀσάλευτος,
1528 5648 1620 5700 καὶ
1641 5646 1925 5718 ἀκαμπής,

347 5739 445 5811 ὅλη
478 5738 649 5813 ξηρά·
681 5739 788 5797 τῶν
823 5739 880 5793 δέ
918 5740 1092 5795 ἄλλων
1124 5740 1379 5795 ἁπάντων
1438 5739 1714 5810 ἐπιφόΰων
1759 5757 1917 5811 γενη-

2028 4546 2082 4591 et
2106 4535 2460 4605 Epiphanius.
2489 4533 2590 4600 Qui
2623 4542 2789 4587 noctu
2817 4533 2882 4588 ad
2914 4533 3091 4589 locum
3117 4549 3418 4591 accessere.
3472 4536 3601 4607 Epi-

2026 4629 2260 4700 phanius
2314 4639 2496 4682 autem
2549 4627 2833 4681 emittebat
2890 4626 3002 4681 Deo
3034 4636 3332 4682 nocturnas
3388 4644 3595 4696 preces.

2026 4722 2163 4777 Cum
2192 4719 2467 4774 venissent
2494 4702 2625 4772 v'ero
2657 4717 2724 4771 ad
2751 4718 2952 4772 ostium
2988 4718 3155 4781 cellas.
3184 4728 3238 4771 et
3264 4718 3598 4788 pulsassent,

2027 4813 2164 4868 nihil
2187 4813 2370 4865 animo
2416 4810 2770 4880 perturbatus
2822 4807 2929 4863 fuit
2959 4808 3327 4879 Epiphanius;
3360 4812 3453 4866 sed
3486 4812 3600 4879 ipse

2026 4905 2122 4960 Dei
2154 4919 2291 4974 opus
2322 4903 2633 4973 peragebat.
2666 4901 2770 4971 Ipsi
2802 4910 2982 4981 autem
3007 4902 3061 4955 in
3086 4902 3268 4955 animo
3296 4901 3600 4956 habuerunt

2024 5000 2276 5070 frangere
2317 4997 2540 5052 ostium.
2566 4996 2702 5050 Cum
2734 5010 2864 5050 vero
2890 5011 3031 5049 unus
3075 5011 3141 5049 ex
3190 4995 3322 5063 ipsis
3347 4995 3600 5051 strinxis-

2027 5101 2110 5148 set
2137 5107 2346 5155 ensem,
2379 5098 2434 5143 et
2455 5090 2509 5142 in
2535 5104 2712 5143 seram
2766 5087 2890 5141 ostii
2918 5103 3044 5141 eum
3080 5087 3416 5151 intentasset,
3444 5101 3599 5140 man-

2025 5188 2097 5243 sit
2120 5200 2314 5240 manus
2344 5182 2463 5252 ejus
2484 5180 2798 5243 immobilis,
2823 5187 2877 5233 et
2911 5187 3019 5232 tota
3047 5178 3219 5231 arida.
3246 5175 3382 5231 Aliis
3415 5184 3596 5231 autem

2026 5288 2172 5334 metu
2202 5274 2503 5347 perterritis
2525 5314 2539 5338 ,
2587 5288 2681 5342 per
2732 5270 2951 5342 aliquod
2979 5267 3320 5323 intervallum
3356 5282 3599 5322 recesse-

2027 5377 2159 5427 runt
2204 5384 2233 5423 a
2269 5368 2422 5423 cella.
2459 5368 2528 5419 At
2574 5362 2913 5433 Epiphanius
2966 5376 3090 5414 cum
3130 5358 3390 5428 spiritalis
3416 5358 3597 5415 cultus

2026 5476 2243 5518 omnem
2267 5458 2567 5529 peregisset
2599 5452 3071 5523 consequentiam,
3129 5450 3344 5519 aperuit
3395 5450 3595 5521 ostium

2028 5555 2196 5611 cellae.
2220 5550 2356 5606 Cum
2397 5558 2576 5604 autem
2601 5562 2723 5601 eum
2750 5544 3068 5607 vidisseLis,
3098 5543 3187 5598 cui
3210 5557 3406 5597 manus
3436 5557 3596 5596 arue-

2026 5657 2134 5711 rat,
2167 5644 2318 5699 humi
2348 5641 2541 5697 cecidit
2585 5640 2639 5693 in
2680 5639 2895 5701 faciem,
2928 5638 3113 5692 dicens
3141 5655 3153 5691 :
3189 5635 3443 5691 Miserere
3468 5634 3593 5696 mei,

2029 5753 2185 5797 serve
2208 5736 2305 5801 Dei
2330 5733 2675 5791 immortalis.
2706 5730 2843 5788 Dicit
2866 5729 3202 5801 Epiphanius
3228 5745 3242 5784 :
3275 5726 3415 5799 Quid
3443 5739 3594 5797 qua:-
