  <div class='ocr_page' id='page_1' title='image "/cluster/home/n/w/nwhite01/storage/ocr_20150623/41/nnc1.0046978747/043.png"; bbox 0 0 4078 6368; ppageno 0'>
   <div class='ocr_carea' id='block_1_1' title="bbox 511 351 3764 426">
    <p class='ocr_par' dir='ltr' id='par_1_1' title="bbox 511 351 3764 426">
     <span class='ocr_line' id='line_1_1' title="bbox 511 351 3764 426; baseline -0.009 0"><span class='ocrx_word' id='word_1_1' title='bbox 511 370 581 426; x_wconf 77' lang='lat'><strong>39</strong></span> <span class='ocrx_word' id='word_1_2' title='bbox 830 386 833 391; x_wconf 58' lang='grc' dir='ltr'><strong>ί</strong></span> <span class='ocrx_word' id='word_1_3' title='bbox 1764 356 1833 411; x_wconf 91' lang='lat' dir='ltr'><strong>S.-</strong></span> <span class='ocrx_word' id='word_1_4' title='bbox 1862 355 2202 410; x_wconf 77' lang='lat' dir='ltr'><strong>EPIPHANH</strong></span> <span class='ocrx_word' id='word_1_5' title='bbox 2240 352 2392 409; x_wconf 75' lang='lat' dir='ltr'><strong>V’ITA</strong></span> <span class='ocrx_word' id='word_1_6' title='bbox 2405 396 2418 409; x_wconf 90' lang='lat'><strong>.</strong></span> <span class='ocrx_word' id='word_1_7' title='bbox 3686 351 3764 406; x_wconf 64' lang='lat'><strong>10</strong></span> 
     </span>
    </p>
   </div>
   <div class='ocr_carea' id='block_1_2' title="bbox 514 464 2082 545">
    <p class='ocr_par' dir='ltr' id='par_1_2' title="bbox 514 472 2074 545">
     <span class='ocr_line' id='line_1_2' title="bbox 514 472 2074 545; baseline -0.006 -8"><span class='ocrx_word' id='word_1_8' title='bbox 514 485 593 543; x_wconf 88' lang='lat' dir='ltr'><strong>ris</strong></span> <span class='ocrx_word' id='word_1_9' title='bbox 631 482 697 536; x_wconf 91' lang='lat' dir='ltr'><strong>ab</strong></span> <span class='ocrx_word' id='word_1_10' title='bbox 757 479 976 533; x_wconf 85' lang='lat' dir='ltr'><strong>homine</strong></span> <span class='ocrx_word' id='word_1_11' title='bbox 1012 473 1344 545; x_wconf 81' lang='lat' dir='ltr'><strong>peccatore?</strong></span> <span class='ocrx_word' id='word_1_12' title='bbox 1397 472 1448 528; x_wconf 90' lang='lat' dir='ltr'><strong>Is</strong></span> <span class='ocrx_word' id='word_1_13' title='bbox 1493 487 1624 527; x_wconf 91' lang='lat' dir='ltr'><strong>vero</strong></span> <span class='ocrx_word' id='word_1_14' title='bbox 1652 472 1825 527; x_wconf 84' lang='lat' dir='ltr'><strong>dixit:</strong></span> <span class='ocrx_word' id='word_1_15' title='bbox 1892 474 2074 528; x_wconf 84' lang='lat' dir='ltr'><strong>Sanus</strong></span> 
     </span>
    </p>
   </div>
   <div class='ocr_carea' id='block_1_3' title="bbox 2185 464 3764 545">
    <p class='ocr_par' dir='ltr' id='par_1_3' title="bbox 2185 464 3764 540">
     <span class='ocr_line' id='line_1_3' title="bbox 2185 464 3764 540; baseline -0.005 -15"><span class='ocrx_word' id='word_1_16' title='bbox 2185 472 2398 536; x_wconf 85' lang='grc' dir='ltr'>θέντων,</span> <span class='ocrx_word' id='word_1_17' title='bbox 2429 468 2734 540; x_wconf 82' lang='grc' dir='ltr'><strong>ἀνεχώρουν</strong></span> <span class='ocrx_word' id='word_1_18' title='bbox 2756 468 2863 522; x_wconf 77' lang='grc' dir='ltr'><strong>ἀπὸ</strong></span> <span class='ocrx_word' id='word_1_19' title='bbox 2891 466 3256 537; x_wconf 84' lang='grc' dir='ltr'>διαστήματος</span> <span class='ocrx_word' id='word_1_20' title='bbox 3275 465 3369 520; x_wconf 89' lang='grc' dir='ltr'><strong>τοῦ</strong></span> <span class='ocrx_word' id='word_1_21' title='bbox 3398 464 3630 519; x_wconf 85' lang='grc' dir='ltr'>κελλίου.</span> <span class='ocrx_word' id='word_1_22' title='bbox 3647 466 3764 518; x_wconf 81' lang='grc' dir='ltr'><strong>Τοῦ</strong></span> 
     </span>
    </p>
   </div>
   <div class='ocr_carea' id='block_1_4' title="bbox 513 566 2073 632">
    <p class='ocr_par' dir='ltr' id='par_1_4' title="bbox 513 566 2073 632">
     <span class='ocr_line' id='line_1_4' title="bbox 513 566 2073 632; baseline -0.006 -5"><span class='ocrx_word' id='word_1_23' title='bbox 513 575 637 629; x_wconf 87' lang='lat' dir='ltr'><strong>veni</strong></span> <span class='ocrx_word' id='word_1_24' title='bbox 668 574 721 626; x_wconf 92' lang='lat' dir='ltr'><strong>in</strong></span> <span class='ocrx_word' id='word_1_25' title='bbox 749 572 895 625; x_wconf 90' lang='lat' dir='ltr'><strong>hunc</strong></span> <span class='ocrx_word' id='word_1_26' title='bbox 925 570 1126 632; x_wconf 90' lang='lat' dir='ltr'><strong>locum,</strong></span> <span class='ocrx_word' id='word_1_27' title='bbox 1180 576 1235 621; x_wconf 87' lang='lat' dir='ltr'><strong>et</strong></span> <span class='ocrx_word' id='word_1_28' title='bbox 1270 580 1396 620; x_wconf 91' lang='lat' dir='ltr'><strong>ecce</strong></span> <span class='ocrx_word' id='word_1_29' title='bbox 1430 580 1628 619; x_wconf 89' lang='lat' dir='ltr'><strong>manus</strong></span> <span class='ocrx_word' id='word_1_30' title='bbox 1674 579 1793 618; x_wconf 91' lang='lat' dir='ltr'><strong>mea</strong></span> <span class='ocrx_word' id='word_1_31' title='bbox 1838 566 2073 619; x_wconf 77' lang='lat' dir='ltr'><strong>exaruit.</strong></span> 
     </span>
    </p>
   </div>
   <div class='ocr_carea' id='block_1_5' title="bbox 514 652 2076 735">
    <p class='ocr_par' dir='ltr' id='par_1_5' title="bbox 514 652 2076 735">
     <span class='ocr_line' id='line_1_5' title="bbox 514 652 2076 735; baseline -0.003 -22"><span class='ocrx_word' id='word_1_32' title='bbox 514 660 849 735; x_wconf 71' lang='lat' dir='ltr'><strong>Epiphanius</strong></span> <span class='ocrx_word' id='word_1_33' title='bbox 875 666 1066 720; x_wconf 62' lang='lat' dir='ltr'><strong>autem,</strong></span> <span class='ocrx_word' id='word_1_34' title='bbox 1089 656 1227 710; x_wconf 90' lang='lat' dir='ltr'><strong>dixit</strong></span> <span class='ocrx_word' id='word_1_35' title='bbox 1252 671 1265 706; x_wconf 89' lang='lat'><strong>:</strong></span> <span class='ocrx_word' id='word_1_36' title='bbox 1305 652 1485 708; x_wconf 86' lang='lat' dir='ltr'><strong>Sanus</strong></span> <span class='ocrx_word' id='word_1_37' title='bbox 1514 652 1732 717; x_wconf 77' lang='lat' dir='ltr'><strong>venisti,</strong></span> <span class='ocrx_word' id='word_1_38' title='bbox 1765 668 1930 708; x_wconf 89' lang='lat' dir='ltr'><strong>sanus</strong></span> <span class='ocrx_word' id='word_1_39' title='bbox 1956 654 2076 708; x_wconf 87' lang='lat' dir='ltr'><strong>ﬁas.</strong></span> 
     </span>
    </p>
   </div>
   <div class='ocr_carea' id='block_1_6' title="bbox 513 748 2080 820">
    <p class='ocr_par' dir='ltr' id='par_1_6' title="bbox 513 748 2080 820">
     <span class='ocr_line' id='line_1_6' title="bbox 513 748 2080 820; baseline -0.003 -14"><span class='ocrx_word' id='word_1_40' title='bbox 513 752 760 820; x_wconf 87' lang='lat' dir='ltr'><strong>Cumque</strong></span> <span class='ocrx_word' id='word_1_41' title='bbox 798 751 914 819; x_wconf 90' lang='lat' dir='ltr'><strong>ipse</strong></span> <span class='ocrx_word' id='word_1_42' title='bbox 962 765 1183 804; x_wconf 88' lang='lat' dir='ltr'><strong>manum</strong></span> <span class='ocrx_word' id='word_1_43' title='bbox 1216 749 1336 818; x_wconf 89' lang='lat' dir='ltr'><strong>ejus</strong></span> <span class='ocrx_word' id='word_1_44' title='bbox 1390 748 1670 819; x_wconf 81' lang='lat' dir='ltr'><strong>tetigisset,</strong></span> <span class='ocrx_word' id='word_1_45' title='bbox 1716 748 1965 802; x_wconf 88' lang='lat' dir='ltr'><strong>restituta</strong></span> <span class='ocrx_word' id='word_1_46' title='bbox 1996 756 2080 801; x_wconf 89' lang='lat' dir='ltr'><strong>est</strong></span> 
     </span>
    </p>
   </div>
   <div class='ocr_carea' id='block_1_7' title="bbox 512 840 2078 911">
    <p class='ocr_par' dir='ltr' id='par_1_7' title="bbox 512 840 2078 911">
     <span class='ocr_line' id='line_1_7' title="bbox 512 840 2078 911; baseline -0.004 -14"><span class='ocrx_word' id='word_1_47' title='bbox 512 852 573 897; x_wconf 91' lang='lat' dir='ltr'><strong>ut</strong></span> <span class='ocrx_word' id='word_1_48' title='bbox 610 843 735 897; x_wconf 84' lang='lat' dir='ltr'><strong>alia.</strong></span> <span class='ocrx_word' id='word_1_49' title='bbox 768 841 1060 911; x_wconf 84' lang='lat' dir='ltr'><strong>Postquam</strong></span> <span class='ocrx_word' id='word_1_50' title='bbox 1105 850 1282 895; x_wconf 88' lang='lat' dir='ltr'><strong>autem</strong></span> <span class='ocrx_word' id='word_1_51' title='bbox 1312 840 1565 895; x_wconf 88' lang='lat' dir='ltr'><strong>viderunt</strong></span> <span class='ocrx_word' id='word_1_52' title='bbox 1617 856 1809 895; x_wconf 91' lang='lat' dir='ltr'><strong>omnes</strong></span> <span class='ocrx_word' id='word_1_53' title='bbox 1838 840 2078 911; x_wconf 83' lang='lat' dir='ltr'><strong>signum,</strong></span> 
     </span>
    </p>
   </div>
   <div class='ocr_carea' id='block_1_8' title="bbox 512 932 2079 1004">
    <p class='ocr_par' dir='ltr' id='par_1_8' title="bbox 512 932 2079 1004">
     <span class='ocr_line' id='line_1_8' title="bbox 512 932 2079 1004; baseline -0.002 -16"><span class='ocrx_word' id='word_1_54' title='bbox 512 935 657 1004; x_wconf 90' lang='lat' dir='ltr'><strong>quod</strong></span> <span class='ocrx_word' id='word_1_55' title='bbox 695 933 896 988; x_wconf 86' lang='lat' dir='ltr'><strong>factum</strong></span> <span class='ocrx_word' id='word_1_56' title='bbox 931 932 1130 997; x_wconf 83' lang='lat' dir='ltr'><strong>fuerat,</strong></span> <span class='ocrx_word' id='word_1_57' title='bbox 1163 933 1388 987; x_wconf 85' lang='lat' dir='ltr'><strong>veniunt</strong></span> <span class='ocrx_word' id='word_1_58' title='bbox 1418 947 1631 995; x_wconf 89' lang='lat' dir='ltr'><strong>omnes,</strong></span> <span class='ocrx_word' id='word_1_59' title='bbox 1657 940 1713 986; x_wconf 91' lang='lat' dir='ltr'><strong>et</strong></span> <span class='ocrx_word' id='word_1_60' title='bbox 1739 932 2079 1001; x_wconf 88' lang='lat' dir='ltr'><strong>procidentes</strong></span> 
     </span>
    </p>
   </div>
   <div class='ocr_carea' id='block_1_9' title="bbox 510 1022 2081 1096">
    <p class='ocr_par' dir='ltr' id='par_1_9' title="bbox 510 1022 2081 1096">
     <span class='ocr_line' id='line_1_9' title="bbox 510 1022 2081 1096; baseline -0.004 -15"><span class='ocrx_word' id='word_1_61' title='bbox 510 1027 581 1081; x_wconf 89' lang='lat' dir='ltr'><strong>ad</strong></span> <span class='ocrx_word' id='word_1_62' title='bbox 620 1026 785 1096; x_wconf 87' lang='lat' dir='ltr'><strong>pedes</strong></span> <span class='ocrx_word' id='word_1_63' title='bbox 813 1024 1118 1094; x_wconf 89' lang='lat' dir='ltr'><strong>Epiphanii,</strong></span> <span class='ocrx_word' id='word_1_64' title='bbox 1154 1022 1393 1078; x_wconf 82' lang='lat' dir='ltr'><strong>confessi</strong></span> <span class='ocrx_word' id='word_1_65' title='bbox 1426 1033 1556 1079; x_wconf 93' lang='lat' dir='ltr'><strong>sunt</strong></span> <span class='ocrx_word' id='word_1_66' title='bbox 1582 1038 1829 1087; x_wconf 79' lang='lat' dir='ltr'><strong>causam,</strong></span> <span class='ocrx_word' id='word_1_67' title='bbox 1862 1031 2081 1091; x_wconf 84' lang='lat' dir='ltr'><strong>propter</strong></span> 
     </span>
    </p>
   </div>
   <div class='ocr_carea' id='block_1_10' title="bbox 511 1112 2082 1184">
    <p class='ocr_par' dir='ltr' id='par_1_10' title="bbox 511 1112 2082 1184">
     <span class='ocr_line' id='line_1_10' title="bbox 511 1112 2082 1184; baseline -0.001 -17"><span class='ocrx_word' id='word_1_68' title='bbox 511 1130 677 1184; x_wconf 91' lang='lat' dir='ltr'><strong>quam</strong></span> <span class='ocrx_word' id='word_1_69' title='bbox 708 1114 775 1168; x_wconf 90' lang='lat' dir='ltr'><strong>ad</strong></span> <span class='ocrx_word' id='word_1_70' title='bbox 821 1129 945 1168; x_wconf 91' lang='lat' dir='ltr'><strong>eum</strong></span> <span class='ocrx_word' id='word_1_71' title='bbox 980 1122 1261 1168; x_wconf 79' lang='lat' dir='ltr'><strong>venerant.</strong></span> <span class='ocrx_word' id='word_1_72' title='bbox 1320 1112 1370 1168; x_wconf 89' lang='lat' dir='ltr'><strong>ls</strong></span> <span class='ocrx_word' id='word_1_73' title='bbox 1402 1127 1554 1177; x_wconf 91' lang='lat' dir='ltr'><strong>vero,</strong></span> <span class='ocrx_word' id='word_1_74' title='bbox 1600 1114 1669 1167; x_wconf 91' lang='lat' dir='ltr'><strong>iis</strong></span> <span class='ocrx_word' id='word_1_75' title='bbox 1715 1113 1935 1177; x_wconf 84' lang='lat' dir='ltr'><strong>auditis,</strong></span> <span class='ocrx_word' id='word_1_76' title='bbox 1960 1128 2082 1181; x_wconf 65' lang='lat' dir='ltr'><strong>quae</strong></span> 
     </span>
    </p>
   </div>
   <div class='ocr_carea' id='block_1_11' title="bbox 512 1205 2079 1276">
    <p class='ocr_par' dir='ltr' id='par_1_11' title="bbox 512 1205 2079 1276">
     <span class='ocr_line' id='line_1_11' title="bbox 512 1205 2079 1276; baseline -0.001 -15"><span class='ocrx_word' id='word_1_77' title='bbox 512 1206 769 1261; x_wconf 84' lang='lat' dir='ltr'><strong>dixerunt</strong></span> <span class='ocrx_word' id='word_1_78' title='bbox 808 1205 1076 1268; x_wconf 88' lang='lat' dir='ltr'><strong>homines,</strong></span> <span class='ocrx_word' id='word_1_79' title='bbox 1114 1205 1366 1275; x_wconf 81' lang='lat' dir='ltr'><strong>cognovit</strong></span> <span class='ocrx_word' id='word_1_80' title='bbox 1417 1206 1565 1275; x_wconf 91' lang='lat' dir='ltr'><strong>quod</strong></span> <span class='ocrx_word' id='word_1_81' title='bbox 1618 1206 1862 1276; x_wconf 85' lang='lat' dir='ltr'><strong>spiritus,</strong></span> <span class='ocrx_word' id='word_1_82' title='bbox 1917 1222 2079 1275; x_wconf 85' lang='lat' dir='ltr'><strong>quem</strong></span> 
     </span>
    </p>
   </div>
   <div class='ocr_carea' id='block_1_12' title="bbox 512 1297 2083 1367">
    <p class='ocr_par' dir='ltr' id='par_1_12' title="bbox 512 1297 2083 1367">
     <span class='ocr_line' id='line_1_12' title="bbox 512 1297 2083 1367; baseline 0.001 -16"><span class='ocrx_word' id='word_1_83' title='bbox 512 1299 628 1367; x_wconf 92' lang='lat' dir='ltr'><strong>ipse</strong></span> <span class='ocrx_word' id='word_1_84' title='bbox 656 1298 890 1367; x_wconf 74' lang='lat' dir='ltr'><strong>eiecerat</strong></span> <span class='ocrx_word' id='word_1_85' title='bbox 912 1314 976 1352; x_wconf 85' lang='lat' dir='ltr'><strong>ex</strong></span> <span class='ocrx_word' id='word_1_86' title='bbox 1007 1298 1373 1363; x_wconf 86' lang='lat' dir='ltr'><strong>adolescente,</strong></span> <span class='ocrx_word' id='word_1_87' title='bbox 1400 1313 1466 1352; x_wconf 90' lang='lat' dir='ltr'><strong>eo</strong></span> <span class='ocrx_word' id='word_1_88' title='bbox 1489 1297 1789 1367; x_wconf 84' lang='lat' dir='ltr'><strong>profectus,</strong></span> <span class='ocrx_word' id='word_1_89' title='bbox 1815 1298 2083 1363; x_wconf 72' lang='lat' dir='ltr'><strong>amigebat</strong></span> 
     </span>
    </p>
   </div>
   <div class='ocr_carea' id='block_1_13' title="bbox 511 1388 2078 1459">
    <p class='ocr_par' dir='ltr' id='par_1_13' title="bbox 511 1388 2078 1459">
     <span class='ocr_line' id='line_1_13' title="bbox 511 1388 2078 1459; baseline -0.001 -16"><span class='ocrx_word' id='word_1_90' title='bbox 511 1390 767 1459; x_wconf 87' lang='lat' dir='ltr'><strong>puellam.</strong></span> <span class='ocrx_word' id='word_1_91' title='bbox 799 1388 943 1443; x_wconf 85' lang='lat' dir='ltr'><strong>Dixit</strong></span> <span class='ocrx_word' id='word_1_92' title='bbox 970 1399 1148 1443; x_wconf 91' lang='lat' dir='ltr'><strong>autem</strong></span> <span class='ocrx_word' id='word_1_93' title='bbox 1173 1389 1304 1443; x_wconf 90' lang='lat' dir='ltr'><strong>mihi</strong></span> <span class='ocrx_word' id='word_1_94' title='bbox 1348 1388 1681 1459; x_wconf 87' lang='lat' dir='ltr'><strong>Epiphanius</strong></span> <span class='ocrx_word' id='word_1_95' title='bbox 1711 1406 1724 1440; x_wconf 90' lang='lat'><strong>:</strong></span> <span class='ocrx_word' id='word_1_96' title='bbox 1764 1388 1956 1458; x_wconf 81' lang='lat' dir='ltr'><strong>Surge,</strong></span> <span class='ocrx_word' id='word_1_97' title='bbox 1982 1390 2078 1453; x_wconf 85' lang='lat' dir='ltr'><strong>ﬁli,</strong></span> 
     </span>
    </p>
   </div>
   <div class='ocr_carea' id='block_1_14' title="bbox 513 1479 2082 1549">
    <p class='ocr_par' dir='ltr' id='par_1_14' title="bbox 513 1479 2082 1549">
     <span class='ocr_line' id='line_1_14' title="bbox 513 1479 2082 1549; baseline -0.001 -15"><span class='ocrx_word' id='word_1_98' title='bbox 513 1495 808 1549; x_wconf 89' lang='lat' dir='ltr'><strong>sequamur</strong></span> <span class='ocrx_word' id='word_1_99' title='bbox 831 1482 929 1536; x_wconf 93' lang='lat' dir='ltr'><strong>hos</strong></span> <span class='ocrx_word' id='word_1_100' title='bbox 955 1481 1224 1535; x_wconf 88' lang='lat' dir='ltr'><strong>homines.</strong></span> <span class='ocrx_word' id='word_1_101' title='bbox 1254 1479 1356 1546; x_wconf 86' lang='lat' dir='ltr'><strong>Qui</strong></span> <span class='ocrx_word' id='word_1_102' title='bbox 1388 1480 1438 1535; x_wconf 93' lang='lat' dir='ltr'><strong>ei</strong></span> <span class='ocrx_word' id='word_1_103' title='bbox 1462 1479 1719 1535; x_wconf 89' lang='lat' dir='ltr'><strong>dixerunt</strong></span> <span class='ocrx_word' id='word_1_104' title='bbox 1752 1496 1765 1532; x_wconf 91' lang='lat'>:</span> <span class='ocrx_word' id='word_1_105' title='bbox 1812 1480 1960 1534; x_wconf 82' lang='lat' dir='ltr'><strong>Missi</strong></span> <span class='ocrx_word' id='word_1_106' title='bbox 1990 1497 2082 1535; x_wconf 89' lang='lat' dir='ltr'><strong>su-</strong></span> 
     </span>
    </p>
   </div>
   <div class='ocr_carea' id='block_1_15' title="bbox 511 1560 2085 1640">
    <p class='ocr_par' dir='ltr' id='par_1_15' title="bbox 511 1560 2085 1640">
     <span class='ocr_line' id='line_1_15' title="bbox 511 1560 2085 1640; baseline 0.001 -19"><span class='ocrx_word' id='word_1_107' title='bbox 511 1584 658 1632; x_wconf 87' lang='lat' dir='ltr'><strong>mus,</strong></span> <span class='ocrx_word' id='word_1_108' title='bbox 683 1584 715 1621; x_wconf 97' lang='lat' dir='ltr'><strong>o</strong></span> <span class='ocrx_word' id='word_1_109' title='bbox 743 1568 924 1634; x_wconf 88' lang='lat' dir='ltr'><strong>Pater,</strong></span> <span class='ocrx_word' id='word_1_110' title='bbox 948 1584 978 1623; x_wconf 90' lang='lat' dir='ltr'><strong>a</strong></span> <span class='ocrx_word' id='word_1_111' title='bbox 1003 1585 1128 1639; x_wconf 85' lang='lat' dir='ltr'><strong>rege</strong></span> <span class='ocrx_word' id='word_1_112' title='bbox 1146 1569 1213 1624; x_wconf 89' lang='lat' dir='ltr'><strong>ad</strong></span> <span class='ocrx_word' id='word_1_113' title='bbox 1244 1579 1294 1623; x_wconf 90' lang='lat' dir='ltr'><strong>te</strong></span> <span class='ocrx_word' id='word_1_114' title='bbox 1317 1570 1492 1624; x_wconf 84' lang='lat' dir='ltr'><strong>solum</strong></span> <span class='ocrx_word' id='word_1_115' title='bbox 1522 1586 1533 1621; x_wconf 94' lang='lat'><strong>:</strong></span> <span class='ocrx_word' id='word_1_116' title='bbox 1557 1573 1688 1640; x_wconf 92' lang='lat' dir='ltr'><strong>quin</strong></span> <span class='ocrx_word' id='word_1_117' title='bbox 1718 1560 1881 1625; x_wconf 90' lang='lat' dir='ltr'><strong>etiam</strong></span> <span class='ocrx_word' id='word_1_118' title='bbox 1896 1586 2085 1639; x_wconf 90' lang='lat' dir='ltr'><strong>super-</strong></span> 
     </span>
    </p>
   </div>
   <div class='ocr_carea' id='block_1_16' title="bbox 512 1660 2078 1725">
    <p class='ocr_par' dir='ltr' id='par_1_16' title="bbox 512 1660 2078 1725">
     <span class='ocr_line' id='line_1_16' title="bbox 512 1660 2078 1725; baseline 0.001 -12"><span class='ocrx_word' id='word_1_119' title='bbox 512 1675 743 1713; x_wconf 91' lang='lat' dir='ltr'><strong>vacuum</strong></span> <span class='ocrx_word' id='word_1_120' title='bbox 772 1660 975 1713; x_wconf 89' lang='lat' dir='ltr'><strong>animal</strong></span> <span class='ocrx_word' id='word_1_121' title='bbox 1005 1660 1351 1725; x_wconf 86' lang='lat' dir='ltr'><strong>adducimus,</strong></span> <span class='ocrx_word' id='word_1_122' title='bbox 1374 1670 1431 1715; x_wconf 93' lang='lat' dir='ltr'><strong>ut</strong></span> <span class='ocrx_word' id='word_1_123' title='bbox 1450 1661 1499 1715; x_wconf 91' lang='lat' dir='ltr'><strong>ei</strong></span> <span class='ocrx_word' id='word_1_124' title='bbox 1524 1662 1782 1716; x_wconf 88' lang='lat' dir='ltr'><strong>insideas.</strong></span> <span class='ocrx_word' id='word_1_125' title='bbox 1802 1660 1881 1716; x_wconf 86' lang='lat' dir='ltr'><strong>Eo</strong></span> <span class='ocrx_word' id='word_1_126' title='bbox 1901 1671 2078 1715; x_wconf 83' lang='lat' dir='ltr'><strong>autem</strong></span> 
     </span>
    </p>
   </div>
   <div class='ocr_carea' id='block_1_17' title="bbox 510 1751 2077 1808">
    <p class='ocr_par' dir='ltr' id='par_1_17' title="bbox 510 1751 2077 1808">
     <span class='ocr_line' id='line_1_17' title="bbox 510 1751 2077 1808; baseline 0.003 -6"><span class='ocrx_word' id='word_1_127' title='bbox 510 1751 726 1805; x_wconf 84' lang='lat' dir='ltr'><strong>dicente</strong></span> <span class='ocrx_word' id='word_1_128' title='bbox 758 1767 771 1803; x_wconf 89' lang='lat'><strong>:</strong></span> <span class='ocrx_word' id='word_1_129' title='bbox 805 1751 1037 1807; x_wconf 83' lang='lat' dir='ltr'><strong>Pedibus</strong></span> <span class='ocrx_word' id='word_1_130' title='bbox 1057 1754 1306 1807; x_wconf 87' lang='lat' dir='ltr'><strong>celeriter</strong></span> <span class='ocrx_word' id='word_1_131' title='bbox 1325 1768 1487 1808; x_wconf 90' lang='lat' dir='ltr'><strong>curro</strong></span> <span class='ocrx_word' id='word_1_132' title='bbox 1511 1769 1525 1805; x_wconf 90' lang='lat'><strong>:</strong></span> <span class='ocrx_word' id='word_1_133' title='bbox 1554 1769 1741 1808; x_wconf 85' lang='lat' dir='ltr'><strong>verum</strong></span> <span class='ocrx_word' id='word_1_134' title='bbox 1783 1754 1871 1807; x_wconf 84' lang='lat' dir='ltr'><strong>hic</strong></span> <span class='ocrx_word' id='word_1_135' title='bbox 1900 1769 2077 1808; x_wconf 91' lang='lat' dir='ltr'><strong>meum</strong></span> 
     </span>
    </p>
   </div>
   <div class='ocr_carea' id='block_1_18' title="bbox 2178 557 3765 632">
    <p class='ocr_par' dir='ltr' id='par_1_18' title="bbox 2178 557 3765 632">
     <span class='ocr_line' id='line_1_18' title="bbox 2178 557 3765 632; baseline -0.004 -16"><span class='ocrx_word' id='word_1_136' title='bbox 2178 564 2233 616; x_wconf 86' lang='grc' dir='ltr'>δὲ</span> <span class='ocrx_word' id='word_1_137' title='bbox 2264 562 2580 632; x_wconf 84' lang='grc' dir='ltr'>Ἐπιφανίου</span> <span class='ocrx_word' id='word_1_138' title='bbox 2634 562 2849 615; x_wconf 79' lang='grc' dir='ltr'>ἅπασαν</span> <span class='ocrx_word' id='word_1_139' title='bbox 2879 557 3199 613; x_wconf 81' lang='grc' dir='ltr'>ἀκολουθίαν</span> <span class='ocrx_word' id='word_1_140' title='bbox 3249 559 3347 627; x_wconf 86' lang='grc' dir='ltr'><strong>τῆς</strong></span> <span class='ocrx_word' id='word_1_141' title='bbox 3381 558 3765 628; x_wconf 77' lang='grc' dir='ltr'><strong>πνευματικῆς</strong></span> 
     </span>
    </p>
   </div>
   <div class='ocr_carea' id='block_1_19' title="bbox 2177 648 3762 725">
    <p class='ocr_par' dir='ltr' id='par_1_19' title="bbox 2177 648 3762 725">
     <span class='ocr_line' id='line_1_19' title="bbox 2177 648 3762 725; baseline -0.004 -19"><span class='ocrx_word' id='word_1_142' title='bbox 2177 654 2427 725; x_wconf 80' lang='grc' dir='ltr'><strong>λατρείας</strong></span> <span class='ocrx_word' id='word_1_143' title='bbox 2451 652 2833 714; x_wconf 84' lang='grc' dir='ltr'>ἐκτελέσαντος</span> <span class='ocrx_word' id='word_1_144' title='bbox 2856 692 2870 715; x_wconf 92' lang='grc'><strong>,</strong></span> <span class='ocrx_word' id='word_1_145' title='bbox 2917 648 3130 720; x_wconf 77' lang='grc' dir='ltr'>ἦνοιξεν</span> <span class='ocrx_word' id='word_1_146' title='bbox 3153 648 3253 718; x_wconf 81' lang='grc' dir='ltr'>τὴν</span> <span class='ocrx_word' id='word_1_147' title='bbox 3288 648 3458 719; x_wconf 81' lang='grc' dir='ltr'>θύραν</span> <span class='ocrx_word' id='word_1_148' title='bbox 3493 650 3595 718; x_wconf 88' lang='grc' dir='ltr'>τῆς</span> <span class='ocrx_word' id='word_1_149' title='bbox 3628 648 3762 701; x_wconf 85' lang='grc' dir='ltr'>κέλ-</span> 
     </span>
    </p>
   </div>
   <div class='ocr_carea' id='block_1_20' title="bbox 2178 740 3759 814">
    <p class='ocr_par' dir='ltr' id='par_1_20' title="bbox 2178 740 3759 814">
     <span class='ocr_line' id='line_1_20' title="bbox 2178 740 3759 814; baseline -0.002 -15"><span class='ocrx_word' id='word_1_150' title='bbox 2178 746 2296 814; x_wconf 77' lang='grc' dir='ltr'>λης.</span> <span class='ocrx_word' id='word_1_151' title='bbox 2326 743 2473 797; x_wconf 81' lang='grc' dir='ltr'>Ἰδὼν</span> <span class='ocrx_word' id='word_1_152' title='bbox 2510 745 2567 797; x_wconf 79' lang='grc' dir='ltr'>δὲ</span> <span class='ocrx_word' id='word_1_153' title='bbox 2595 743 2755 796; x_wconf 79' lang='grc' dir='ltr'>αὑτὸν</span> <span class='ocrx_word' id='word_1_154' title='bbox 2783 745 2812 795; x_wconf 99' lang='lat'><strong>6</strong></span> <span class='ocrx_word' id='word_1_155' title='bbox 2852 742 2950 812; x_wconf 85' lang='grc' dir='ltr'><strong>τὴν</strong></span> <span class='ocrx_word' id='word_1_156' title='bbox 2977 745 3135 812; x_wconf 86' lang='grc' dir='ltr'>χεῖρα</span> <span class='ocrx_word' id='word_1_157' title='bbox 3180 741 3320 810; x_wconf 78' lang='grc' dir='ltr'>ἔχων</span> <span class='ocrx_word' id='word_1_158' title='bbox 3373 740 3759 812; x_wconf 83' lang='grc' dir='ltr'>ξηρανθεῖσαν,</span> 
     </span>
    </p>
   </div>
   <div class='ocr_carea' id='block_1_21' title="bbox 2180 826 3764 907">
    <p class='ocr_par' dir='ltr' id='par_1_21' title="bbox 2180 826 3764 907">
     <span class='ocr_line' id='line_1_21' title="bbox 2180 826 3764 907; baseline -0.003 -18"><span class='ocrx_word' id='word_1_159' title='bbox 2180 837 2373 891; x_wconf 80' lang='grc' dir='ltr'>ἔπεσεν</span> <span class='ocrx_word' id='word_1_160' title='bbox 2420 836 2512 889; x_wconf 75' lang='grc' dir='ltr'>ἐπὶ</span> <span class='ocrx_word' id='word_1_161' title='bbox 2537 835 2826 907; x_wconf 88' lang='grc' dir='ltr'>πρόσωπον</span> <span class='ocrx_word' id='word_1_162' title='bbox 2852 835 2944 885; x_wconf 80' lang='grc' dir='ltr'><strong>ἐπὶ</strong></span> <span class='ocrx_word' id='word_1_163' title='bbox 2973 831 3069 903; x_wconf 78' lang='grc' dir='ltr'>τὴν</span> <span class='ocrx_word' id='word_1_164' title='bbox 3093 826 3215 902; x_wconf 79' lang='grc' dir='ltr'>γῆν,</span> <span class='ocrx_word' id='word_1_165' title='bbox 3253 830 3424 900; x_wconf 79' lang='grc' dir='ltr'>λέγων</span> <span class='ocrx_word' id='word_1_166' title='bbox 3444 850 3456 863; x_wconf 87' lang='grc'><strong>·</strong></span> <span class='ocrx_word' id='word_1_167' title='bbox 3506 832 3764 903; x_wconf 81' lang='grc' dir='ltr'>Ἐλέησόν</span> 
     </span>
    </p>
   </div>
   <div class='ocr_carea' id='block_1_22' title="bbox 2183 924 3763 998">
    <p class='ocr_par' dir='ltr' id='par_1_22' title="bbox 2183 924 3763 998">
     <span class='ocr_line' id='line_1_22' title="bbox 2183 924 3763 998; baseline -0.002 -19"><span class='ocrx_word' id='word_1_168' title='bbox 2183 945 2272 997; x_wconf 86' lang='grc' dir='ltr'><strong>με,</strong></span> <span class='ocrx_word' id='word_1_169' title='bbox 2307 927 2483 998; x_wconf 88' lang='grc' dir='ltr'>μύστα</span> <span class='ocrx_word' id='word_1_170' title='bbox 2512 926 2820 995; x_wconf 82' lang='grc' dir='ltr'>θεραπευτά</span> <span class='ocrx_word' id='word_1_171' title='bbox 2850 925 2957 978; x_wconf 85' lang='grc' dir='ltr'><strong>τῶν</strong></span> <span class='ocrx_word' id='word_1_172' title='bbox 2983 924 3285 978; x_wconf 83' lang='grc' dir='ltr'><strong>ἀθανάτων.</strong></span> <span class='ocrx_word' id='word_1_173' title='bbox 3329 925 3388 977; x_wconf 83' lang='grc'><strong>’0</strong></span> <span class='ocrx_word' id='word_1_174' title='bbox 3418 924 3478 977; x_wconf 83' lang='grc' dir='ltr'><strong>δέ</strong></span> <span class='ocrx_word' id='word_1_175' title='bbox 3520 925 3763 994; x_wconf 83' lang='grc' dir='ltr'>Ἐπιφά-</span> 
     </span>
    </p>
   </div>
   <div class='ocr_carea' id='block_1_23' title="bbox 2180 1015 3759 1090">
    <p class='ocr_par' dir='ltr' id='par_1_23' title="bbox 2180 1015 3759 1090">
     <span class='ocr_line' id='line_1_23' title="bbox 2180 1015 3759 1090; baseline -0.002 -18"><span class='ocrx_word' id='word_1_176' title='bbox 2180 1017 2293 1082; x_wconf 78' lang='grc' dir='ltr'>νιός</span> <span class='ocrx_word' id='word_1_177' title='bbox 2320 1036 2485 1090; x_wconf 88' lang='grc' dir='ltr'>φησιν</span> <span class='ocrx_word' id='word_1_178' title='bbox 2510 1034 2526 1051; x_wconf 89' lang='grc'><strong>·</strong></span> <span class='ocrx_word' id='word_1_179' title='bbox 2557 1018 2621 1070; x_wconf 92' lang='grc' dir='ltr'><strong>Τί</strong></span> <span class='ocrx_word' id='word_1_180' title='bbox 2660 1018 2828 1080; x_wconf 74' lang='grc' dir='ltr'>αἰτεῖς</span> <span class='ocrx_word' id='word_1_181' title='bbox 2861 1015 3015 1087; x_wconf 84' lang='grc' dir='ltr'>παρὰ</span> <span class='ocrx_word' id='word_1_182' title='bbox 3047 1015 3335 1086; x_wconf 86' lang='grc' dir='ltr'>ἀνθρώπου</span> <span class='ocrx_word' id='word_1_183' title='bbox 3386 1015 3711 1086; x_wconf 81' lang='grc' dir='ltr'>ἁμαρτωλοῦ</span> <span class='ocrx_word' id='word_1_184' title='bbox 3741 1034 3759 1081; x_wconf 88' lang='lat'><strong>;</strong></span> 
     </span>
    </p>
   </div>
   <div class='ocr_carea' id='block_1_24' title="bbox 2192 1100 3763 1177">
    <p class='ocr_par' dir='ltr' id='par_1_24' title="bbox 2192 1100 3763 1177">
     <span class='ocr_line' id='line_1_24' title="bbox 2192 1100 3763 1177; baseline -0.003 -15"><span class='ocrx_word' id='word_1_185' title='bbox 2192 1109 2251 1162; x_wconf 80' lang='grc' dir='ltr'>Ὀ</span> <span class='ocrx_word' id='word_1_186' title='bbox 2287 1108 2345 1161; x_wconf 84' lang='grc' dir='ltr'><strong>δὲ</strong></span> <span class='ocrx_word' id='word_1_187' title='bbox 2376 1104 2547 1160; x_wconf 69' lang='grc' dir='ltr'>εἶπενο</span> <span class='ocrx_word' id='word_1_188' title='bbox 2596 1106 2785 1177; x_wconf 82' lang='grc' dir='ltr'>Ὑγιὴς</span> <span class='ocrx_word' id='word_1_189' title='bbox 2810 1100 2974 1174; x_wconf 78' lang='grc' dir='ltr'>ἦλθον</span> <span class='ocrx_word' id='word_1_190' title='bbox 3004 1104 3083 1166; x_wconf 76' lang='grc' dir='ltr'><strong>εἰς</strong></span> <span class='ocrx_word' id='word_1_191' title='bbox 3109 1104 3200 1157; x_wconf 81' lang='grc' dir='ltr'>τὸν</span> <span class='ocrx_word' id='word_1_192' title='bbox 3245 1103 3407 1156; x_wconf 83' lang='grc' dir='ltr'>τόπον</span> <span class='ocrx_word' id='word_1_193' title='bbox 3432 1102 3639 1166; x_wconf 78' lang='grc' dir='ltr'>τοῦτον,</span> <span class='ocrx_word' id='word_1_194' title='bbox 3664 1105 3763 1157; x_wconf 71' lang='grc' dir='ltr'><strong>καὶ</strong></span> 
     </span>
    </p>
   </div>
   <div class='ocr_carea' id='block_1_25' title="bbox 2184 1191 3758 1270">
    <p class='ocr_par' dir='ltr' id='par_1_25' title="bbox 2184 1191 3758 1270">
     <span class='ocr_line' id='line_1_25' title="bbox 2184 1191 3758 1270; baseline -0.004 -16"><span class='ocrx_word' id='word_1_195' title='bbox 2184 1202 2294 1254; x_wconf 76' lang='grc' dir='ltr'>ἰδοὺ</span> <span class='ocrx_word' id='word_1_196' title='bbox 2344 1198 2615 1270; x_wconf 75' lang='grc' dir='ltr'><strong>ἐξηράνθη</strong></span> <span class='ocrx_word' id='word_1_197' title='bbox 2652 1200 2685 1269; x_wconf 82' lang='grc' dir='ltr'><strong>ή</strong></span> <span class='ocrx_word' id='word_1_198' title='bbox 2719 1199 2841 1269; x_wconf 86' lang='grc' dir='ltr'>χείρ</span> <span class='ocrx_word' id='word_1_199' title='bbox 2873 1215 2998 1268; x_wconf 91' lang='grc' dir='ltr'>μου.</span> <span class='ocrx_word' id='word_1_200' title='bbox 3042 1198 3099 1251; x_wconf 84' lang='lat'><strong>&#39;0</strong></span> <span class='ocrx_word' id='word_1_201' title='bbox 3123 1196 3180 1249; x_wconf 85' lang='grc' dir='ltr'>δὲ</span> <span class='ocrx_word' id='word_1_202' title='bbox 3228 1196 3545 1264; x_wconf 86' lang='grc' dir='ltr'>Ἐπιφάνιος</span> <span class='ocrx_word' id='word_1_203' title='bbox 3571 1191 3758 1248; x_wconf 77' lang='grc' dir='ltr'>εἷπενο</span> 
     </span>
    </p>
   </div>
   <div class='ocr_carea' id='block_1_26' title="bbox 2191 1284 3758 1363">
    <p class='ocr_par' dir='ltr' id='par_1_26' title="bbox 2191 1284 3758 1363">
     <span class='ocr_line' id='line_1_26' title="bbox 2191 1284 3758 1363; baseline -0.004 -18"><span class='ocrx_word' id='word_1_204' title='bbox 2191 1291 2380 1363; x_wconf 86' lang='grc' dir='ltr'>Ὗγιὴς</span> <span class='ocrx_word' id='word_1_205' title='bbox 2432 1287 2614 1361; x_wconf 80' lang='grc' dir='ltr'>ἦλθες,</span> <span class='ocrx_word' id='word_1_206' title='bbox 2650 1290 2809 1360; x_wconf 85' lang='grc' dir='ltr'>ὑγιὴς</span> <span class='ocrx_word' id='word_1_207' title='bbox 2836 1289 3031 1358; x_wconf 88' lang='grc' dir='ltr'>γενοῦ·</span> <span class='ocrx_word' id='word_1_208' title='bbox 3095 1287 3188 1341; x_wconf 78' lang='grc' dir='ltr'><strong>καὶ</strong></span> <span class='ocrx_word' id='word_1_209' title='bbox 3238 1284 3513 1356; x_wconf 77' lang='grc' dir='ltr'>ἁψάμενος</span> <span class='ocrx_word' id='word_1_210' title='bbox 3567 1286 3758 1350; x_wconf 78' lang='grc' dir='ltr'>αὑτοῦ,</span> 
     </span>
    </p>
   </div>
   <div class='ocr_carea' id='block_1_27' title="bbox 2181 1374 3761 1454">
    <p class='ocr_par' dir='ltr' id='par_1_27' title="bbox 2181 1374 3761 1454">
     <span class='ocr_line' id='line_1_27' title="bbox 2181 1374 3761 1454; baseline -0.004 -17"><span class='ocrx_word' id='word_1_211' title='bbox 2181 1382 2596 1452; x_wconf 81' lang='grc' dir='ltr'><strong>ἀπεκατεστάθη</strong></span> <span class='ocrx_word' id='word_1_212' title='bbox 2624 1383 2799 1454; x_wconf 76' lang='grc' dir='ltr'>ὴχεὶρ</span> <span class='ocrx_word' id='word_1_213' title='bbox 2826 1379 3010 1444; x_wconf 80' lang='grc' dir='ltr'>αὐτοῦ,</span> <span class='ocrx_word' id='word_1_214' title='bbox 3045 1380 3121 1443; x_wconf 83' lang='grc' dir='ltr'><strong>ὡς</strong></span> <span class='ocrx_word' id='word_1_215' title='bbox 3140 1383 3172 1449; x_wconf 82' lang='grc' dir='ltr'><strong>ἡ</strong></span> <span class='ocrx_word' id='word_1_216' title='bbox 3208 1377 3363 1447; x_wconf 80' lang='grc' dir='ltr'>ἄλλη.</span> <span class='ocrx_word' id='word_1_217' title='bbox 3404 1378 3491 1441; x_wconf 82' lang='grc' dir='ltr'>Ὠς</span> <span class='ocrx_word' id='word_1_218' title='bbox 3526 1374 3620 1432; x_wconf 78' lang='grc' dir='ltr'>οὖν</span> <span class='ocrx_word' id='word_1_219' title='bbox 3650 1377 3761 1430; x_wconf 78' lang='grc' dir='ltr'>ἴδον</span> 
     </span>
    </p>
   </div>
   <div class='ocr_carea' id='block_1_28' title="bbox 2181 1470 3757 1543">
    <p class='ocr_par' dir='ltr' id='par_1_28' title="bbox 2181 1470 3757 1543">
     <span class='ocr_line' id='line_1_28' title="bbox 2181 1470 3757 1543; baseline -0.005 -14"><span class='ocrx_word' id='word_1_220' title='bbox 2181 1479 2229 1529; x_wconf 80' lang='grc' dir='ltr'>οἱ</span> <span class='ocrx_word' id='word_1_221' title='bbox 2257 1475 2405 1528; x_wconf 81' lang='grc' dir='ltr'>ἄλλοι</span> <span class='ocrx_word' id='word_1_222' title='bbox 2430 1475 2631 1536; x_wconf 85' lang='grc' dir='ltr'>πάντες</span> <span class='ocrx_word' id='word_1_223' title='bbox 2657 1473 2718 1526; x_wconf 82' lang='grc' dir='ltr'>τὸ</span> <span class='ocrx_word' id='word_1_224' title='bbox 2738 1470 2959 1541; x_wconf 83' lang='grc' dir='ltr'>γεγονὸς</span> <span class='ocrx_word' id='word_1_225' title='bbox 2982 1474 3229 1543; x_wconf 85' lang='grc' dir='ltr'>σημεῖον,</span> <span class='ocrx_word' id='word_1_226' title='bbox 3255 1470 3504 1541; x_wconf 75' lang='grc' dir='ltr'>ἔρχονται</span> <span class='ocrx_word' id='word_1_227' title='bbox 3534 1470 3757 1533; x_wconf 85' lang='grc' dir='ltr'>πάντες,</span> 
     </span>
    </p>
   </div>
   <div class='ocr_carea' id='block_1_29' title="bbox 2180 1560 3760 1638">
    <p class='ocr_par' dir='ltr' id='par_1_29' title="bbox 2180 1560 3760 1638">
     <span class='ocr_line' id='line_1_29' title="bbox 2180 1560 3760 1638; baseline -0.005 -17"><span class='ocrx_word' id='word_1_228' title='bbox 2180 1570 2275 1621; x_wconf 77' lang='grc' dir='ltr'><strong>καὶ</strong></span> <span class='ocrx_word' id='word_1_229' title='bbox 2298 1566 2695 1638; x_wconf 75' lang='grc' dir='ltr'><strong>προσπεσόντες</strong></span> <span class='ocrx_word' id='word_1_230' title='bbox 2722 1560 3046 1635; x_wconf 80' lang='grc' dir='ltr'>Ἐπιφανίῳ,</span> <span class='ocrx_word' id='word_1_231' title='bbox 3082 1562 3393 1633; x_wconf 80' lang='grc' dir='ltr'>ὡμολόγουν</span> <span class='ocrx_word' id='word_1_232' title='bbox 3422 1562 3520 1633; x_wconf 78' lang='grc' dir='ltr'>τὴν</span> <span class='ocrx_word' id='word_1_233' title='bbox 3552 1561 3760 1622; x_wconf 79' lang='grc' dir='ltr'>αἰτίαν,</span> 
     </span>
    </p>
   </div>
   <div class='ocr_carea' id='block_1_30' title="bbox 2178 1651 3755 1727">
    <p class='ocr_par' dir='ltr' id='par_1_30' title="bbox 2178 1651 3755 1727">
     <span class='ocr_line' id='line_1_30' title="bbox 2178 1651 3755 1727; baseline -0.004 -18"><span class='ocrx_word' id='word_1_234' title='bbox 2178 1656 2246 1709; x_wconf 90' lang='grc' dir='ltr'>δι’</span> <span class='ocrx_word' id='word_1_235' title='bbox 2281 1657 2347 1727; x_wconf 81' lang='grc' dir='ltr'><strong>ἣν</strong></span> <span class='ocrx_word' id='word_1_236' title='bbox 2378 1656 2631 1726; x_wconf 81' lang='grc' dir='ltr'><strong>πάρεισιν</strong></span> <span class='ocrx_word' id='word_1_237' title='bbox 2663 1654 2799 1724; x_wconf 84' lang='grc' dir='ltr'>πρὸς</span> <span class='ocrx_word' id='word_1_238' title='bbox 2828 1654 3009 1707; x_wconf 80' lang='grc' dir='ltr'>αὐτόν.</span> <span class='ocrx_word' id='word_1_239' title='bbox 3042 1651 3148 1705; x_wconf 79' lang='grc' dir='ltr'><strong>Τῦῦ</strong></span> <span class='ocrx_word' id='word_1_240' title='bbox 3178 1653 3235 1705; x_wconf 79' lang='grc' dir='ltr'><strong>δέ</strong></span> <span class='ocrx_word' id='word_1_241' title='bbox 3270 1652 3601 1713; x_wconf 79' lang='grc' dir='ltr'>ἀκούσαντος</span> <span class='ocrx_word' id='word_1_242' title='bbox 3629 1651 3755 1713; x_wconf 84' lang='grc' dir='ltr'>τοὺς</span> 
     </span>
    </p>
   </div>
   <div class='ocr_carea' id='block_1_31' title="bbox 2182 1740 3759 1817">
    <p class='ocr_par' dir='ltr' id='par_1_31' title="bbox 2182 1740 3759 1817">
     <span class='ocr_line' id='line_1_31' title="bbox 2182 1740 3759 1817; baseline -0.005 -17"><span class='ocrx_word' id='word_1_243' title='bbox 2182 1748 2371 1817; x_wconf 84' lang='grc' dir='ltr'>λόγους</span> <span class='ocrx_word' id='word_1_244' title='bbox 2404 1748 2510 1801; x_wconf 83' lang='grc' dir='ltr'><strong>τῶν</strong></span> <span class='ocrx_word' id='word_1_245' title='bbox 2539 1746 2859 1817; x_wconf 86' lang='grc' dir='ltr'>ἀνθρώπων,</span> <span class='ocrx_word' id='word_1_246' title='bbox 2895 1744 3056 1813; x_wconf 72' lang='grc' dir='ltr'>ἔγνω,</span> <span class='ocrx_word' id='word_1_247' title='bbox 3085 1746 3165 1798; x_wconf 77' lang='grc' dir='ltr'>ὅτι</span> <span class='ocrx_word' id='word_1_248' title='bbox 3194 1743 3255 1797; x_wconf 87' lang='grc' dir='ltr'>τὺ</span> <span class='ocrx_word' id='word_1_249' title='bbox 3292 1741 3511 1812; x_wconf 88' lang='grc' dir='ltr'>πνεῦμα</span> <span class='ocrx_word' id='word_1_250' title='bbox 3546 1741 3607 1794; x_wconf 87' lang='grc' dir='ltr'><strong>τὸ</strong></span> <span class='ocrx_word' id='word_1_251' title='bbox 3634 1740 3759 1793; x_wconf 75' lang='grc' dir='ltr'>διωο</span> 
     </span>
    </p>
   </div>
   <div class='ocr_carea' id='block_1_32' title="bbox 512 1830 2082 1913">
    <p class='ocr_par' dir='ltr' id='par_1_32' title="bbox 512 1841 2081 1913">
     <span class='ocr_line' id='line_1_32' title="bbox 512 1841 2081 1913; baseline 0.005 -24"><span class='ocrx_word' id='word_1_252' title='bbox 512 1855 620 1913; x_wconf 82' lang='lat' dir='ltr'><strong>non</strong></span> <span class='ocrx_word' id='word_1_253' title='bbox 644 1841 943 1911; x_wconf 89' lang='lat' dir='ltr'><strong>relinquam</strong></span> <span class='ocrx_word' id='word_1_254' title='bbox 969 1842 1321 1912; x_wconf 89' lang='lat' dir='ltr'><strong>discipulum.</strong></span> <span class='ocrx_word' id='word_1_255' title='bbox 1340 1845 1445 1913; x_wconf 87' lang='lat' dir='ltr'><strong>Ipsi</strong></span> <span class='ocrx_word' id='word_1_256' title='bbox 1468 1859 1660 1898; x_wconf 90' lang='lat' dir='ltr'><strong>rursus</strong></span> <span class='ocrx_word' id='word_1_257' title='bbox 1681 1844 1935 1898; x_wconf 87' lang='lat' dir='ltr'><strong>dixerunt</strong></span> <span class='ocrx_word' id='word_1_258' title='bbox 1957 1858 2081 1897; x_wconf 88' lang='lat' dir='ltr'><strong>cum</strong></span> 
     </span>
    </p>
   </div>
   <div class='ocr_carea' id='block_1_33' title="bbox 2185 1830 3758 1913">
    <p class='ocr_par' dir='ltr' id='par_1_33' title="bbox 2185 1830 3758 1912">
     <span class='ocr_line' id='line_1_33' title="bbox 2185 1830 3758 1912; baseline -0.007 -18"><span class='ocrx_word' id='word_1_259' title='bbox 2185 1842 2308 1912; x_wconf 83' lang='grc' dir='ltr'>χθὲν</span> <span class='ocrx_word' id='word_1_260' title='bbox 2343 1839 2433 1892; x_wconf 86' lang='grc' dir='ltr'>ὑπ’</span> <span class='ocrx_word' id='word_1_261' title='bbox 2474 1839 2639 1891; x_wconf 83' lang='grc' dir='ltr'>αὐτοῦ</span> <span class='ocrx_word' id='word_1_262' title='bbox 2678 1837 2785 1890; x_wconf 83' lang='grc' dir='ltr'><strong>ἀπὸ</strong></span> <span class='ocrx_word' id='word_1_263' title='bbox 2810 1836 2905 1889; x_wconf 92' lang='grc' dir='ltr'><strong>τοῦ</strong></span> <span class='ocrx_word' id='word_1_264' title='bbox 2931 1836 3214 1889; x_wconf 79' lang='grc' dir='ltr'>νεανίσκου</span> <span class='ocrx_word' id='word_1_265' title='bbox 3239 1875 3254 1899; x_wconf 95' lang='grc'><strong>,</strong></span> <span class='ocrx_word' id='word_1_266' title='bbox 3298 1833 3456 1886; x_wconf 90' lang='grc' dir='ltr'>τοῦτο</span> <span class='ocrx_word' id='word_1_267' title='bbox 3495 1830 3758 1903; x_wconf 73' lang='grc' dir='ltr'>πορευθὲν</span> 
     </span>
    </p>
   </div>
   <div class='ocr_carea' id='block_1_34' title="bbox 512 1934 2083 2005">
    <p class='ocr_par' dir='ltr' id='par_1_34' title="bbox 512 1934 2083 2005">
     <span class='ocr_line' id='line_1_34' title="bbox 512 1934 2083 2005; baseline 0.003 -21"><span class='ocrx_word' id='word_1_268' title='bbox 512 1946 710 2002; x_wconf 84' lang='lat' dir='ltr'><strong>magno</strong></span> <span class='ocrx_word' id='word_1_269' title='bbox 741 1942 887 1987; x_wconf 92' lang='lat' dir='ltr'><strong>metu</strong></span> <span class='ocrx_word' id='word_1_270' title='bbox 919 1948 931 1982; x_wconf 93' lang='lat'>:</span> <span class='ocrx_word' id='word_1_271' title='bbox 962 1934 1175 1989; x_wconf 82' lang='lat' dir='ltr'><strong>Adsunt</strong></span> <span class='ocrx_word' id='word_1_272' title='bbox 1206 1949 1304 2004; x_wconf 89' lang='lat' dir='ltr'><strong>pro</strong></span> <span class='ocrx_word' id='word_1_273' title='bbox 1342 1936 1589 2005; x_wconf 90' lang='lat' dir='ltr'><strong>utrisque</strong></span> <span class='ocrx_word' id='word_1_274' title='bbox 1612 1936 1807 1990; x_wconf 91' lang='lat' dir='ltr'><strong>cameli</strong></span> <span class='ocrx_word' id='word_1_275' title='bbox 1835 1952 1849 2001; x_wconf 92' lang='lat'><strong>;</strong></span> <span class='ocrx_word' id='word_1_276' title='bbox 1874 1936 2083 1990; x_wconf 85' lang='lat' dir='ltr'><strong>solum-</strong></span> 
     </span>
    </p>
   </div>
   <div class='ocr_carea' id='block_1_35' title="bbox 512 2023 2086 2097">
    <p class='ocr_par' dir='ltr' id='par_1_35' title="bbox 512 2023 2086 2097">
     <span class='ocr_line' id='line_1_35' title="bbox 512 2023 2086 2097; baseline 0.003 -22"><span class='ocrx_word' id='word_1_277' title='bbox 512 2023 676 2077; x_wconf 88' lang='lat' dir='ltr'><strong>modo</strong></span> <span class='ocrx_word' id='word_1_278' title='bbox 698 2023 944 2079; x_wconf 89' lang='lat' dir='ltr'><strong>lubenter</strong></span> <span class='ocrx_word' id='word_1_279' title='bbox 976 2040 1222 2094; x_wconf 89' lang='lat' dir='ltr'><strong>sequere.</strong></span> <span class='ocrx_word' id='word_1_280' title='bbox 1252 2025 1483 2091; x_wconf 85' lang='lat' dir='ltr'><strong>Quidam</strong></span> <span class='ocrx_word' id='word_1_281' title='bbox 1514 2036 1695 2081; x_wconf 89' lang='lat' dir='ltr'><strong>autem</strong></span> <span class='ocrx_word' id='word_1_282' title='bbox 1723 2027 1933 2097; x_wconf 91' lang='lat' dir='ltr'><strong>lepidus</strong></span> <span class='ocrx_word' id='word_1_283' title='bbox 1960 2027 2086 2081; x_wconf 89' lang='lat' dir='ltr'><strong>ado-</strong></span> 
     </span>
    </p>
   </div>
   <div class='ocr_carea' id='block_1_36' title="bbox 512 2115 2085 2191">
    <p class='ocr_par' dir='ltr' id='par_1_36' title="bbox 512 2115 2085 2191">
     <span class='ocr_line' id='line_1_36' title="bbox 512 2115 2085 2191; baseline 0.003 -23"><span class='ocrx_word' id='word_1_284' title='bbox 512 2115 722 2169; x_wconf 83' lang='lat' dir='ltr'><strong>lescens</strong></span> <span class='ocrx_word' id='word_1_285' title='bbox 751 2115 803 2169; x_wconf 92' lang='lat' dir='ltr'><strong>in</strong></span> <span class='ocrx_word' id='word_1_286' title='bbox 832 2115 1023 2171; x_wconf 86' lang='lat' dir='ltr'><strong>faciem</strong></span> <span class='ocrx_word' id='word_1_287' title='bbox 1049 2118 1265 2181; x_wconf 85' lang='lat' dir='ltr'><strong>cecidit,</strong></span> <span class='ocrx_word' id='word_1_288' title='bbox 1287 2127 1338 2171; x_wconf 90' lang='lat' dir='ltr'><strong>et</strong></span> <span class='ocrx_word' id='word_1_289' title='bbox 1364 2117 1629 2183; x_wconf 87' lang='lat' dir='ltr'><strong>adoravit,</strong></span> <span class='ocrx_word' id='word_1_290' title='bbox 1660 2120 1848 2175; x_wconf 88' lang='lat' dir='ltr'><strong>dicens</strong></span> <span class='ocrx_word' id='word_1_291' title='bbox 1879 2136 1890 2171; x_wconf 95' lang='lat'>:</span> <span class='ocrx_word' id='word_1_292' title='bbox 1927 2118 2085 2191; x_wconf 84' lang='lat' dir='ltr'><strong>Igno-</strong></span> 
     </span>
    </p>
   </div>
   <div class='ocr_carea' id='block_1_37' title="bbox 513 2205 2083 2276">
    <p class='ocr_par' dir='ltr' id='par_1_37' title="bbox 513 2205 2083 2276">
     <span class='ocr_line' id='line_1_37' title="bbox 513 2205 2083 2276; baseline 0.001 -18"><span class='ocrx_word' id='word_1_293' title='bbox 513 2218 604 2258; x_wconf 73' lang='lat' dir='ltr'><strong>s’ce</strong></span> <span class='ocrx_word' id='word_1_294' title='bbox 632 2206 787 2267; x_wconf 91' lang='lat' dir='ltr'><strong>mihi,</strong></span> <span class='ocrx_word' id='word_1_295' title='bbox 828 2205 1009 2261; x_wconf 89' lang='lat' dir='ltr'><strong>Pater.</strong></span> <span class='ocrx_word' id='word_1_296' title='bbox 1039 2206 1106 2260; x_wconf 87' lang='lat' dir='ltr'><strong>Et</strong></span> <span class='ocrx_word' id='word_1_297' title='bbox 1135 2207 1470 2276; x_wconf 84' lang='lat' dir='ltr'><strong>Epiphanius</strong></span> <span class='ocrx_word' id='word_1_298' title='bbox 1501 2208 1549 2261; x_wconf 92' lang='lat' dir='ltr'><strong>ei</strong></span> <span class='ocrx_word' id='word_1_299' title='bbox 1579 2207 1788 2276; x_wconf 85' lang='lat' dir='ltr'><strong>placido</strong></span> <span class='ocrx_word' id='word_1_300' title='bbox 1817 2208 1967 2262; x_wconf 90' lang='lat' dir='ltr'><strong>vultu</strong></span> <span class='ocrx_word' id='word_1_301' title='bbox 2002 2208 2083 2262; x_wconf 91' lang='lat' dir='ltr'><strong>di-</strong></span> 
     </span>
    </p>
   </div>
   <div class='ocr_carea' id='block_1_38' title="bbox 513 2295 2081 2366">
    <p class='ocr_par' dir='ltr' id='par_1_38' title="bbox 513 2295 2081 2366">
     <span class='ocr_line' id='line_1_38' title="bbox 513 2295 2081 2366; baseline 0.004 -17"><span class='ocrx_word' id='word_1_302' title='bbox 513 2296 593 2349; x_wconf 91' lang='lat' dir='ltr'><strong>xit</strong></span> <span class='ocrx_word' id='word_1_303' title='bbox 627 2312 640 2347; x_wconf 90' lang='lat'><strong>:</strong></span> <span class='ocrx_word' id='word_1_304' title='bbox 676 2295 869 2366; x_wconf 86' lang='lat' dir='ltr'><strong>Surge,</strong></span> <span class='ocrx_word' id='word_1_305' title='bbox 890 2296 1031 2352; x_wconf 87' lang='lat' dir='ltr'><strong>Deus</strong></span> <span class='ocrx_word' id='word_1_306' title='bbox 1061 2308 1113 2351; x_wconf 91' lang='lat' dir='ltr'><strong>te</strong></span> <span class='ocrx_word' id='word_1_307' title='bbox 1139 2297 1443 2363; x_wconf 86' lang='lat' dir='ltr'><strong>benedicat,</strong></span> <span class='ocrx_word' id='word_1_308' title='bbox 1469 2298 1735 2354; x_wconf 88' lang='lat' dir='ltr'><strong>ﬁli.Tunc</strong></span> <span class='ocrx_word' id='word_1_309' title='bbox 1763 2299 2081 2356; x_wconf 82' lang='lat' dir='ltr'><strong>adolescens</strong></span> 
     </span>
    </p>
   </div>
   <div class='ocr_carea' id='block_1_39' title="bbox 514 2386 2080 2458">
    <p class='ocr_par' dir='ltr' id='par_1_39' title="bbox 514 2386 2080 2458">
     <span class='ocr_line' id='line_1_39' title="bbox 514 2386 2080 2458; baseline 0.004 -20"><span class='ocrx_word' id='word_1_310' title='bbox 514 2401 709 2456; x_wconf 82' lang='lat' dir='ltr'><strong>magna</strong></span> <span class='ocrx_word' id='word_1_311' title='bbox 747 2386 971 2441; x_wconf 73' lang='lat' dir='ltr'><strong>alfectus</strong></span> <span class='ocrx_word' id='word_1_312' title='bbox 1003 2388 1170 2441; x_wconf 90' lang='lat' dir='ltr'><strong>animi</strong></span> <span class='ocrx_word' id='word_1_313' title='bbox 1204 2390 1620 2458; x_wconf 89' lang='lat' dir='ltr'><strong>tranquillitate,</strong></span> <span class='ocrx_word' id='word_1_314' title='bbox 1655 2391 1870 2445; x_wconf 87' lang='lat' dir='ltr'><strong>duabus</strong></span> <span class='ocrx_word' id='word_1_315' title='bbox 1900 2392 2080 2444; x_wconf 90' lang='lat' dir='ltr'><strong>mani-</strong></span> 
     </span>
    </p>
   </div>
   <div class='ocr_carea' id='block_1_40' title="bbox 514 2475 2078 2548">
    <p class='ocr_par' dir='ltr' id='par_1_40' title="bbox 514 2475 2078 2548">
     <span class='ocr_line' id='line_1_40' title="bbox 514 2475 2078 2548; baseline 0.005 -20"><span class='ocrx_word' id='word_1_316' title='bbox 514 2475 619 2528; x_wconf 85' lang='lat' dir='ltr'><strong>bus</strong></span> <span class='ocrx_word' id='word_1_317' title='bbox 653 2475 926 2545; x_wconf 88' lang='lat' dir='ltr'><strong>accipiens</strong></span> <span class='ocrx_word' id='word_1_318' title='bbox 954 2476 1318 2546; x_wconf 86' lang='lat' dir='ltr'><strong>Epiphanium</strong></span> <span class='ocrx_word' id='word_1_319' title='bbox 1348 2479 1607 2548; x_wconf 90' lang='lat' dir='ltr'><strong>imposuit</strong></span> <span class='ocrx_word' id='word_1_320' title='bbox 1651 2480 2078 2537; x_wconf 84' lang='lat' dir='ltr'><strong>dromocamelo.</strong></span> 
     </span>
    </p>
   </div>
   <div class='ocr_carea' id='block_1_41' title="bbox 513 2566 2077 2640">
    <p class='ocr_par' dir='ltr' id='par_1_41' title="bbox 513 2566 2077 2640">
     <span class='ocr_line' id='line_1_41' title="bbox 513 2566 2077 2640; baseline 0.005 -21"><span class='ocrx_word' id='word_1_321' title='bbox 513 2566 595 2620; x_wconf 82' lang='lat' dir='ltr'><strong>Ad</strong></span> <span class='ocrx_word' id='word_1_322' title='bbox 620 2582 707 2620; x_wconf 81' lang='lat' dir='ltr'><strong>me</strong></span> <span class='ocrx_word' id='word_1_323' title='bbox 735 2578 914 2621; x_wconf 89' lang='lat' dir='ltr'><strong>autem</strong></span> <span class='ocrx_word' id='word_1_324' title='bbox 942 2569 1190 2634; x_wconf 87' lang='lat' dir='ltr'><strong>veniens,</strong></span> <span class='ocrx_word' id='word_1_325' title='bbox 1214 2570 1347 2623; x_wconf 85' lang='lat' dir='ltr'><strong>mihi</strong></span> <span class='ocrx_word' id='word_1_326' title='bbox 1372 2585 1591 2640; x_wconf 88' lang='lat' dir='ltr'><strong>quoque</strong></span> <span class='ocrx_word' id='word_1_327' title='bbox 1629 2570 1758 2626; x_wconf 83' lang='lat' dir='ltr'><strong>fecit</strong></span> <span class='ocrx_word' id='word_1_328' title='bbox 1782 2573 2033 2627; x_wconf 85' lang='lat' dir='ltr'><strong>similiter</strong></span> <span class='ocrx_word' id='word_1_329' title='bbox 2064 2591 2077 2626; x_wconf 91' lang='lat'><strong>:</strong></span> 
     </span>
    </p>
   </div>
   <div class='ocr_carea' id='block_1_42' title="bbox 515 2656 1730 2728">
    <p class='ocr_par' dir='ltr' id='par_1_42' title="bbox 515 2656 1730 2728">
     <span class='ocr_line' id='line_1_42' title="bbox 515 2656 1730 2728; baseline 0.01 -20"><span class='ocrx_word' id='word_1_330' title='bbox 515 2656 739 2726; x_wconf 86' lang='lat' dir='ltr'><strong>ipseque</strong></span> <span class='ocrx_word' id='word_1_331' title='bbox 762 2658 1003 2713; x_wconf 89' lang='lat' dir='ltr'><strong>anteibat</strong></span> <span class='ocrx_word' id='word_1_332' title='bbox 1034 2660 1245 2728; x_wconf 92' lang='lat' dir='ltr'><strong>primus</strong></span> <span class='ocrx_word' id='word_1_333' title='bbox 1274 2660 1730 2719; x_wconf 87' lang='lat' dir='ltr'><strong>dromocamelos.</strong></span> 
     </span>
    </p>
   </div>
   <div class='ocr_carea' id='block_1_43' title="bbox 2179 1920 3756 2002">
    <p class='ocr_par' dir='ltr' id='par_1_43' title="bbox 2179 1920 3756 2002">
     <span class='ocr_line' id='line_1_43' title="bbox 2179 1920 3756 2002; baseline -0.008 -16"><span class='ocrx_word' id='word_1_334' title='bbox 2179 1933 2387 1987; x_wconf 79' lang='grc' dir='ltr'>ἐθλιϐεν</span> <span class='ocrx_word' id='word_1_335' title='bbox 2434 1932 2532 2002; x_wconf 83' lang='grc' dir='ltr'>τὴν</span> <span class='ocrx_word' id='word_1_336' title='bbox 2591 1930 2775 1983; x_wconf 82' lang='grc' dir='ltr'>παῖδα.</span> <span class='ocrx_word' id='word_1_337' title='bbox 2841 1924 3008 1981; x_wconf 72' lang='grc' dir='ltr'>Εἶπεν</span> <span class='ocrx_word' id='word_1_338' title='bbox 3046 1920 3442 1995; x_wconf 82' lang='grc' dir='ltr'>δέἘπιφάνιος</span> <span class='ocrx_word' id='word_1_339' title='bbox 3472 1923 3609 1993; x_wconf 78' lang='grc' dir='ltr'>πρὸς</span> <span class='ocrx_word' id='word_1_340' title='bbox 3646 1922 3716 1993; x_wconf 84' lang='grc' dir='ltr'><strong>μέ</strong></span> <span class='ocrx_word' id='word_1_341' title='bbox 3739 1938 3756 1954; x_wconf 70' lang='grc' dir='ltr'><strong>θ</strong></span> 
     </span>
    </p>
   </div>
   <div class='ocr_carea' id='block_1_44' title="bbox 2193 2013 3757 2089">
    <p class='ocr_par' dir='ltr' id='par_1_44' title="bbox 2193 2013 3757 2089">
     <span class='ocr_line' id='line_1_44' title="bbox 2193 2013 3757 2089; baseline -0.008 -14"><span class='ocrx_word' id='word_1_342' title='bbox 2193 2024 2445 2087; x_wconf 73' lang='grc' dir='ltr'>’Λνάστα,</span> <span class='ocrx_word' id='word_1_343' title='bbox 2476 2021 2687 2083; x_wconf 79' lang='grc' dir='ltr'>τέκνον,</span> <span class='ocrx_word' id='word_1_344' title='bbox 2722 2017 3171 2089; x_wconf 78' lang='grc' dir='ltr'>ἀκολουθήσωμεν</span> <span class='ocrx_word' id='word_1_345' title='bbox 3197 2019 3308 2079; x_wconf 85' lang='grc' dir='ltr'>τοῖς</span> <span class='ocrx_word' id='word_1_346' title='bbox 3334 2014 3657 2085; x_wconf 83' lang='grc' dir='ltr'>ἀνθρώποις.</span> <span class='ocrx_word' id='word_1_347' title='bbox 3693 2013 3757 2064; x_wconf 74' lang='grc' dir='ltr'><strong>Οἱ</strong></span> 
     </span>
    </p>
   </div>
   <div class='ocr_carea' id='block_1_45' title="bbox 2179 2105 3759 2183">
    <p class='ocr_par' dir='ltr' id='par_1_45' title="bbox 2179 2105 3759 2183">
     <span class='ocr_line' id='line_1_45' title="bbox 2179 2105 3759 2183; baseline -0.007 -16"><span class='ocrx_word' id='word_1_348' title='bbox 2179 2114 2235 2167; x_wconf 82' lang='grc' dir='ltr'>δὲ</span> <span class='ocrx_word' id='word_1_349' title='bbox 2265 2114 2400 2183; x_wconf 85' lang='grc' dir='ltr'>πρὸς</span> <span class='ocrx_word' id='word_1_350' title='bbox 2434 2112 2595 2166; x_wconf 75' lang='grc' dir='ltr'>αὐτόν</span> <span class='ocrx_word' id='word_1_351' title='bbox 2618 2127 2631 2140; x_wconf 90' lang='grc'><strong>·</strong></span> <span class='ocrx_word' id='word_1_352' title='bbox 2663 2112 2775 2163; x_wconf 82' lang='grc' dir='ltr'>υὺκ</span> <span class='ocrx_word' id='word_1_353' title='bbox 2800 2109 3202 2180; x_wconf 81' lang='grc' dir='ltr'>ἀπεστάλημεν,</span> <span class='ocrx_word' id='word_1_354' title='bbox 3234 2108 3419 2178; x_wconf 77' lang='grc' dir='ltr'>φησὶν,</span> <span class='ocrx_word' id='word_1_355' title='bbox 3466 2105 3671 2174; x_wconf 87' lang='grc' dir='ltr'>Πάτερ,</span> <span class='ocrx_word' id='word_1_356' title='bbox 3708 2105 3759 2156; x_wconf 77' lang='grc' dir='ltr'>εἰ</span> 
     </span>
    </p>
   </div>
   <div class='ocr_carea' id='block_1_46' title="bbox 2184 2192 3759 2277">
    <p class='ocr_par' dir='ltr' id='par_1_46' title="bbox 2184 2192 3759 2277">
     <span class='ocr_line' id='line_1_46' title="bbox 2184 2192 3759 2277; baseline -0.008 -19"><span class='ocrx_word' id='word_1_357' title='bbox 2184 2206 2258 2277; x_wconf 83' lang='grc' dir='ltr'>μὴ</span> <span class='ocrx_word' id='word_1_358' title='bbox 2284 2204 2419 2276; x_wconf 75' lang='grc' dir='ltr'>πρὸς</span> <span class='ocrx_word' id='word_1_359' title='bbox 2454 2204 2513 2256; x_wconf 75' lang='grc' dir='ltr'><strong>σε</strong></span> <span class='ocrx_word' id='word_1_360' title='bbox 2550 2202 2653 2255; x_wconf 75' lang='grc' dir='ltr'>ὑπὸ</span> <span class='ocrx_word' id='word_1_361' title='bbox 2689 2200 2782 2254; x_wconf 88' lang='grc' dir='ltr'><strong>τοῦ</strong></span> <span class='ocrx_word' id='word_1_362' title='bbox 2815 2198 3095 2271; x_wconf 88' lang='grc' dir='ltr'>βασιλέως,</span> <span class='ocrx_word' id='word_1_363' title='bbox 3127 2192 3172 2266; x_wconf 82' lang='grc' dir='ltr'>ᾧ</span> <span class='ocrx_word' id='word_1_364' title='bbox 3202 2199 3296 2252; x_wconf 79' lang='grc' dir='ltr'>καὶ</span> <span class='ocrx_word' id='word_1_365' title='bbox 3324 2197 3459 2262; x_wconf 80' lang='grc' dir='ltr'>ζῶον</span> <span class='ocrx_word' id='word_1_366' title='bbox 3497 2192 3759 2264; x_wconf 81' lang='grc' dir='ltr'>περισσὸν</span> 
     </span>
    </p>
   </div>
   <div class='ocr_carea' id='block_1_47' title="bbox 2187 2286 3760 2368">
    <p class='ocr_par' dir='ltr' id='par_1_47' title="bbox 2187 2286 3760 2368">
     <span class='ocr_line' id='line_1_47' title="bbox 2187 2286 3760 2368; baseline -0.007 -19"><span class='ocrx_word' id='word_1_367' title='bbox 2187 2297 2537 2368; x_wconf 87' lang='grc' dir='ltr'>ἐπιφέρομεν,</span> <span class='ocrx_word' id='word_1_368' title='bbox 2567 2296 2714 2356; x_wconf 86' lang='grc' dir='ltr'>ὅπως</span> <span class='ocrx_word' id='word_1_369' title='bbox 2742 2292 3031 2363; x_wconf 84' lang='grc' dir='ltr'>καθεσθῇς.</span> <span class='ocrx_word' id='word_1_370' title='bbox 3053 2292 3158 2344; x_wconf 89' lang='grc' dir='ltr'><strong>Τοῦ</strong></span> <span class='ocrx_word' id='word_1_371' title='bbox 3188 2291 3243 2344; x_wconf 85' lang='grc' dir='ltr'>δὲ</span> <span class='ocrx_word' id='word_1_372' title='bbox 3274 2290 3521 2359; x_wconf 80' lang='grc' dir='ltr'>λέγοντος</span> <span class='ocrx_word' id='word_1_373' title='bbox 3542 2305 3555 2317; x_wconf 81' lang='grc'><em>’</em></span> <span class='ocrx_word' id='word_1_374' title='bbox 3591 2286 3760 2340; x_wconf 77' lang='grc' dir='ltr'>Ποσὶν</span> 
     </span>
    </p>
   </div>
   <div class='ocr_carea' id='block_1_48' title="bbox 2186 2380 3761 2458">
    <p class='ocr_par' dir='ltr' id='par_1_48' title="bbox 2186 2380 3761 2458">
     <span class='ocr_line' id='line_1_48' title="bbox 2186 2380 3761 2458; baseline -0.007 -16"><span class='ocrx_word' id='word_1_375' title='bbox 2186 2389 2351 2455; x_wconf 81' lang='grc' dir='ltr'>ὀξέως</span> <span class='ocrx_word' id='word_1_376' title='bbox 2388 2387 2586 2458; x_wconf 83' lang='grc' dir='ltr'>τρέχω,</span> <span class='ocrx_word' id='word_1_377' title='bbox 2621 2385 2778 2455; x_wconf 87' lang='grc' dir='ltr'>μόνον</span> <span class='ocrx_word' id='word_1_378' title='bbox 2809 2385 2900 2437; x_wconf 86' lang='grc' dir='ltr'><strong>τὸν</strong></span> <span class='ocrx_word' id='word_1_379' title='bbox 2926 2384 3055 2455; x_wconf 79' lang='grc' dir='ltr'>ἐμὸν</span> <span class='ocrx_word' id='word_1_380' title='bbox 3078 2382 3328 2454; x_wconf 83' lang='grc' dir='ltr'>μαθητὴν</span> <span class='ocrx_word' id='word_1_381' title='bbox 3366 2383 3466 2435; x_wconf 82' lang='grc' dir='ltr'><strong>οὐκ</strong></span> <span class='ocrx_word' id='word_1_382' title='bbox 3498 2380 3563 2434; x_wconf 86' lang='grc' dir='ltr'><strong>ἂν</strong></span> <span class='ocrx_word' id='word_1_383' title='bbox 3613 2380 3761 2433; x_wconf 88' lang='grc' dir='ltr'>ἐάσω</span> 
     </span>
    </p>
   </div>
   <div class='ocr_carea' id='block_1_49' title="bbox 2188 2472 3757 2546">
    <p class='ocr_par' dir='ltr' id='par_1_49' title="bbox 2188 2472 3757 2546">
     <span class='ocr_line' id='line_1_49' title="bbox 2188 2472 3757 2546; baseline -0.007 -11"><span class='ocrx_word' id='word_1_384' title='bbox 2188 2476 2311 2536; x_wconf 82' lang='grc' dir='ltr'>ὧδε.</span> <span class='ocrx_word' id='word_1_385' title='bbox 2365 2480 2526 2532; x_wconf 78' lang='grc' dir='ltr'>Αὐτοὶ</span> <span class='ocrx_word' id='word_1_386' title='bbox 2582 2477 2745 2531; x_wconf 81' lang='grc' dir='ltr'>πάλιν</span> <span class='ocrx_word' id='word_1_387' title='bbox 2817 2476 2998 2545; x_wconf 71' lang='grc' dir='ltr'>ἔλεγον</span> <span class='ocrx_word' id='word_1_388' title='bbox 3054 2475 3192 2546; x_wconf 85' lang='grc' dir='ltr'><strong>μετά</strong></span> <span class='ocrx_word' id='word_1_389' title='bbox 3264 2475 3430 2543; x_wconf 89' lang='grc' dir='ltr'>φόϐου</span> <span class='ocrx_word' id='word_1_390' title='bbox 3481 2472 3757 2544; x_wconf 82' lang='grc' dir='ltr'>μεγάλου’</span> 
     </span>
    </p>
   </div>
   <div class='ocr_carea' id='block_1_50' title="bbox 2192 2564 3765 2639">
    <p class='ocr_par' dir='ltr' id='par_1_50' title="bbox 2192 2564 3765 2639">
     <span class='ocr_line' id='line_1_50' title="bbox 2192 2564 3765 2639; baseline -0.006 -15"><span class='ocrx_word' id='word_1_391' title='bbox 2192 2574 2443 2624; x_wconf 79' lang='grc' dir='ltr'>’Λπεισιν</span> <span class='ocrx_word' id='word_1_392' title='bbox 2496 2571 2551 2622; x_wconf 83' lang='grc' dir='ltr'>αἱ</span> <span class='ocrx_word' id='word_1_393' title='bbox 2604 2568 2838 2639; x_wconf 82' lang='grc' dir='ltr'>κάμηλοι</span> <span class='ocrx_word' id='word_1_394' title='bbox 2897 2568 3005 2621; x_wconf 84' lang='grc' dir='ltr'><strong>ἀπὸ</strong></span> <span class='ocrx_word' id='word_1_395' title='bbox 3031 2567 3140 2619; x_wconf 82' lang='grc' dir='ltr'>τῶν</span> <span class='ocrx_word' id='word_1_396' title='bbox 3191 2566 3553 2637; x_wconf 81' lang='grc' dir='ltr'>ἀμφοτέρων’</span> <span class='ocrx_word' id='word_1_397' title='bbox 3599 2564 3765 2633; x_wconf 84' lang='grc' dir='ltr'>μόνον</span> 
     </span>
    </p>
   </div>
   <div class='ocr_carea' id='block_1_51' title="bbox 2188 2654 3761 2735">
    <p class='ocr_par' dir='ltr' id='par_1_51' title="bbox 2188 2654 3761 2735">
     <span class='ocr_line' id='line_1_51' title="bbox 2188 2654 3761 2735; baseline -0.007 -17"><span class='ocrx_word' id='word_1_398' title='bbox 2188 2664 2431 2735; x_wconf 75' lang='grc' dir='ltr'>εὐμενῶς</span> <span class='ocrx_word' id='word_1_399' title='bbox 2469 2663 2835 2733; x_wconf 83' lang='grc' dir='ltr'>ἀκολούθησον</span> <span class='ocrx_word' id='word_1_400' title='bbox 2866 2665 2975 2726; x_wconf 88' lang='grc' dir='ltr'>σοῖς</span> <span class='ocrx_word' id='word_1_401' title='bbox 3004 2659 3227 2723; x_wconf 89' lang='grc' dir='ltr'>δούλοις.</span> <span class='ocrx_word' id='word_1_402' title='bbox 3264 2654 3359 2722; x_wconf 73' lang='grc' dir='ltr'><strong>Εἷς</strong></span> <span class='ocrx_word' id='word_1_403' title='bbox 3398 2659 3454 2710; x_wconf 78' lang='grc' dir='ltr'><strong>δέ</strong></span> <span class='ocrx_word' id='word_1_404' title='bbox 3474 2675 3556 2720; x_wconf 88' lang='grc' dir='ltr'><strong>τις</strong></span> <span class='ocrx_word' id='word_1_405' title='bbox 3585 2656 3761 2708; x_wconf 87' lang='grc' dir='ltr'>νεανί-</span> 
     </span>
    </p>
   </div>
   <div class='ocr_carea' id='block_1_52' title="bbox 516 2748 3760 2825">
    <p class='ocr_par' dir='ltr' id='par_1_52' title="bbox 516 2748 3760 2825">
     <span class='ocr_line' id='line_1_52' title="bbox 516 2748 3760 2825; baseline -0 -25"><span class='ocrx_word' id='word_1_406' title='bbox 516 2763 643 2810; x_wconf 88' lang='grc' dir='ltr'>σκος</span> <span class='ocrx_word' id='word_1_407' title='bbox 667 2748 873 2822; x_wconf 78' lang='grc' dir='ltr'>χαρίεις</span> <span class='ocrx_word' id='word_1_408' title='bbox 903 2749 1093 2803; x_wconf 74' lang='grc' dir='ltr'>ἔπεσεν</span> <span class='ocrx_word' id='word_1_409' title='bbox 1130 2752 1221 2803; x_wconf 75' lang='grc' dir='ltr'>ἐπὶ</span> <span class='ocrx_word' id='word_1_410' title='bbox 1274 2752 1580 2823; x_wconf 87' lang='grc' dir='ltr'>πρόσωπον,</span> <span class='ocrx_word' id='word_1_411' title='bbox 1615 2755 1709 2806; x_wconf 78' lang='grc' dir='ltr'><strong>καὶ</strong></span> <span class='ocrx_word' id='word_1_412' title='bbox 1769 2754 2172 2825; x_wconf 76' lang='grc' dir='ltr'>προσεκύνησεν</span> <span class='ocrx_word' id='word_1_413' title='bbox 2233 2755 2399 2825; x_wconf 76' lang='grc' dir='ltr'>αὐτῷ,</span> <span class='ocrx_word' id='word_1_414' title='bbox 2430 2754 2632 2822; x_wconf 87' lang='grc' dir='ltr'>λέγων·</span> <span class='ocrx_word' id='word_1_415' title='bbox 2663 2752 3021 2824; x_wconf 83' lang='grc' dir='ltr'>Συγχὼρησόν</span> <span class='ocrx_word' id='word_1_416' title='bbox 3072 2768 3181 2821; x_wconf 88' lang='grc' dir='ltr'>μοι,</span> <span class='ocrx_word' id='word_1_417' title='bbox 3225 2750 3428 2821; x_wconf 81' lang='grc' dir='ltr'>Πάτερ.</span> <span class='ocrx_word' id='word_1_418' title='bbox 3454 2750 3585 2802; x_wconf 87' lang='grc' dir='ltr'>Τότε</span> <span class='ocrx_word' id='word_1_419' title='bbox 3606 2750 3760 2803; x_wconf 80' lang='grc' dir='ltr'>Ἐπι-</span> 
     </span>
    </p>
   </div>
   <div class='ocr_carea' id='block_1_53' title="bbox 515 2839 3759 2917">
    <p class='ocr_par' dir='ltr' id='par_1_53' title="bbox 515 2839 3759 2917">
     <span class='ocr_line' id='line_1_53' title="bbox 515 2839 3759 2917; baseline 0 -24"><span class='ocrx_word' id='word_1_420' title='bbox 515 2839 703 2908; x_wconf 85' lang='grc' dir='ltr'>φάνιος</span> <span class='ocrx_word' id='word_1_421' title='bbox 728 2841 947 2908; x_wconf 81' lang='grc' dir='ltr'>εὐμενεῖ</span> <span class='ocrx_word' id='word_1_422' title='bbox 970 2842 1046 2912; x_wconf 86' lang='grc' dir='ltr'><strong>τῷ</strong></span> <span class='ocrx_word' id='word_1_423' title='bbox 1091 2843 1364 2914; x_wconf 83' lang='grc' dir='ltr'>προσώπῳ</span> <span class='ocrx_word' id='word_1_424' title='bbox 1428 2841 1578 2897; x_wconf 83' lang='grc' dir='ltr'>εἶπεν</span> <span class='ocrx_word' id='word_1_425' title='bbox 1607 2847 1741 2917; x_wconf 74' lang='grc' dir='ltr'>πρὸς</span> <span class='ocrx_word' id='word_1_426' title='bbox 1789 2848 1949 2900; x_wconf 76' lang='grc' dir='ltr'>αὐτόν</span> <span class='ocrx_word' id='word_1_427' title='bbox 1970 2864 1984 2877; x_wconf 75' lang='grc' dir='ltr'><strong>ο</strong></span> <span class='ocrx_word' id='word_1_428' title='bbox 2031 2849 2282 2909; x_wconf 81' lang='grc' dir='ltr'>Ἀνάστα,</span> <span class='ocrx_word' id='word_1_429' title='bbox 2312 2850 2339 2900; x_wconf 92' lang='lat'><strong>6</strong></span> <span class='ocrx_word' id='word_1_430' title='bbox 2397 2847 2527 2908; x_wconf 83' lang='grc' dir='ltr'>Θεὸς</span> <span class='ocrx_word' id='word_1_431' title='bbox 2569 2846 2849 2915; x_wconf 83' lang='grc' dir='ltr'>εύλογήσει</span> <span class='ocrx_word' id='word_1_432' title='bbox 2902 2862 2980 2908; x_wconf 93' lang='grc' dir='ltr'><strong>σε,</strong></span> <span class='ocrx_word' id='word_1_433' title='bbox 3008 2844 3215 2897; x_wconf 89' lang='grc' dir='ltr'>τέκνον.</span> <span class='ocrx_word' id='word_1_434' title='bbox 3263 2843 3398 2895; x_wconf 83' lang='grc' dir='ltr'>Τότε</span> <span class='ocrx_word' id='word_1_435' title='bbox 3425 2843 3453 2893; x_wconf 90' lang='lat'><strong>6</strong></span> <span class='ocrx_word' id='word_1_436' title='bbox 3480 2842 3759 2905; x_wconf 78' lang='grc' dir='ltr'>νεανίσκος</span> 
     </span>
    </p>
   </div>
   <div class='ocr_carea' id='block_1_54' title="bbox 515 2932 3761 3011">
    <p class='ocr_par' dir='ltr' id='par_1_54' title="bbox 515 2932 3761 3011">
     <span class='ocr_line' id='line_1_54' title="bbox 515 2932 3761 3011; baseline 0.002 -26"><span class='ocrx_word' id='word_1_437' title='bbox 515 2935 572 2985; x_wconf 90' lang='grc' dir='ltr'><strong>ἐν</strong></span> <span class='ocrx_word' id='word_1_438' title='bbox 607 2932 771 3003; x_wconf 80' lang='grc' dir='ltr'>πολλῇ</span> <span class='ocrx_word' id='word_1_439' title='bbox 828 2935 1177 2999; x_wconf 86' lang='grc' dir='ltr'>καταστάσει,</span> <span class='ocrx_word' id='word_1_440' title='bbox 1228 2939 1347 3000; x_wconf 79' lang='grc' dir='ltr'>ταῖς</span> <span class='ocrx_word' id='word_1_441' title='bbox 1399 2937 1518 2991; x_wconf 76' lang='grc' dir='ltr'>δυσὶ</span> <span class='ocrx_word' id='word_1_442' title='bbox 1566 2940 1841 3009; x_wconf 83' lang='grc' dir='ltr'>παλάμαις</span> <span class='ocrx_word' id='word_1_443' title='bbox 1882 2941 2045 2994; x_wconf 80' lang='grc' dir='ltr'>αὐτοῦ</span> <span class='ocrx_word' id='word_1_444' title='bbox 2102 2940 2764 3011; x_wconf 81' lang='grc' dir='ltr'>λαϐόμενοςἘπιφανίου,</span> <span class='ocrx_word' id='word_1_445' title='bbox 2822 2939 3089 3009; x_wconf 83' lang='grc' dir='ltr'>ἐπέθηκεν</span> <span class='ocrx_word' id='word_1_446' title='bbox 3146 2938 3306 2992; x_wconf 77' lang='grc' dir='ltr'>αὐτὸν</span> <span class='ocrx_word' id='word_1_447' title='bbox 3340 2939 3433 2991; x_wconf 73' lang='grc' dir='ltr'><strong>ἐπὶ</strong></span> <span class='ocrx_word' id='word_1_448' title='bbox 3493 2938 3761 3009; x_wconf 77' lang='grc' dir='ltr'>δρομικῆς</span> 
     </span>
    </p>
   </div>
   <div class='ocr_carea' id='block_1_55' title="bbox 514 3031 3445 3105">
    <p class='ocr_par' dir='ltr' id='par_1_55' title="bbox 514 3031 3445 3105">
     <span class='ocr_line' id='line_1_55' title="bbox 514 3031 3445 3105; baseline 0.001 -22"><span class='ocrx_word' id='word_1_449' title='bbox 514 3031 777 3101; x_wconf 83' lang='grc' dir='ltr'>καμήλου.</span> <span class='ocrx_word' id='word_1_450' title='bbox 824 3031 1022 3086; x_wconf 85' lang='grc' dir='ltr'>Ἐλθὼν</span> <span class='ocrx_word' id='word_1_451' title='bbox 1048 3032 1103 3085; x_wconf 82' lang='grc' dir='ltr'><strong>δέ</strong></span> <span class='ocrx_word' id='word_1_452' title='bbox 1139 3033 1272 3103; x_wconf 73' lang='grc' dir='ltr'>πρὸς</span> <span class='ocrx_word' id='word_1_453' title='bbox 1303 3033 1390 3102; x_wconf 80' lang='grc' dir='ltr'>μὲ,</span> <span class='ocrx_word' id='word_1_454' title='bbox 1424 3034 1677 3104; x_wconf 86' lang='grc' dir='ltr'>ἐποίησεν</span> <span class='ocrx_word' id='word_1_455' title='bbox 1714 3035 1914 3105; x_wconf 83' lang='grc' dir='ltr'>ὁμοίως</span> <span class='ocrx_word' id='word_1_456' title='bbox 1939 3048 1956 3065; x_wconf 76' lang='grc'>⁸</span> <span class='ocrx_word' id='word_1_457' title='bbox 2011 3038 2103 3088; x_wconf 80' lang='grc' dir='ltr'><strong>καὶ</strong></span> <span class='ocrx_word' id='word_1_458' title='bbox 2142 3034 2299 3097; x_wconf 79' lang='grc' dir='ltr'>αὐτὸς</span> <span class='ocrx_word' id='word_1_459' title='bbox 2326 3033 2568 3097; x_wconf 76' lang='grc' dir='ltr'>ἐϐάδιζεν</span> <span class='ocrx_word' id='word_1_460' title='bbox 2602 3033 2817 3105; x_wconf 85' lang='grc' dir='ltr'>πρῶτος</span> <span class='ocrx_word' id='word_1_461' title='bbox 2850 3034 2957 3085; x_wconf 83' lang='grc' dir='ltr'>τῶν</span> <span class='ocrx_word' id='word_1_462' title='bbox 2993 3032 3445 3102; x_wconf 83' lang='grc' dir='ltr'>δρομοκαμήλων.</span> 
     </span>
    </p>
   </div>
   <div class='ocr_carea' id='block_1_56' title="bbox 588 3116 2082 3199">
    <p class='ocr_par' dir='ltr' id='par_1_56' title="bbox 588 3116 2082 3199">
     <span class='ocr_line' id='line_1_56' title="bbox 588 3116 2082 3199; baseline 0.002 -20"><span class='ocrx_word' id='word_1_463' title='bbox 588 3123 726 3179; x_wconf 73' lang='lat' dir='ltr'><strong>XIV.</strong></span> <span class='ocrx_word' id='word_1_464' title='bbox 758 3123 892 3180; x_wconf 90' lang='lat' dir='ltr'><strong>Cum</strong></span> <span class='ocrx_word' id='word_1_465' title='bbox 950 3141 1079 3180; x_wconf 89' lang='lat' dir='ltr'><strong>vero</strong></span> <span class='ocrx_word' id='word_1_466' title='bbox 1113 3116 1541 3181; x_wconf 77' lang='lat' dir='ltr'><strong>confecissemus</strong></span> <span class='ocrx_word' id='word_1_467' title='bbox 1580 3128 1798 3199; x_wconf 80' lang='lat' dir='ltr'><strong>triginta</strong></span> <span class='ocrx_word' id='word_1_468' title='bbox 1845 3130 2082 3198; x_wconf 85' lang='lat' dir='ltr'><strong>quinque</strong></span> 
     </span>
    </p>
   </div>
   <div class='ocr_carea' id='block_1_57' title="bbox 2185 3116 3759 3199">
    <p class='ocr_par' dir='ltr' id='par_1_57' title="bbox 2259 3123 3759 3195">
     <span class='ocr_line' id='line_1_57' title="bbox 2259 3123 3759 3195; baseline -0.001 -15"><span class='ocrx_word' id='word_1_469' title='bbox 2259 3125 2351 3180; x_wconf 75' lang='lat' dir='ltr'><strong>IA&#39;.</strong></span> <span class='ocrx_word' id='word_1_470' title='bbox 2399 3127 2762 3181; x_wconf 86' lang='grc' dir='ltr'>Ὀδευσάντων</span> <span class='ocrx_word' id='word_1_471' title='bbox 2809 3124 2866 3177; x_wconf 79' lang='grc' dir='ltr'>δὲ</span> <span class='ocrx_word' id='word_1_472' title='bbox 2894 3124 3049 3194; x_wconf 79' lang='grc' dir='ltr'>ἡμῶν</span> <span class='ocrx_word' id='word_1_473' title='bbox 3085 3123 3252 3194; x_wconf 83' lang='grc' dir='ltr'>μονὰς</span> <span class='ocrx_word' id='word_1_474' title='bbox 3309 3124 3403 3185; x_wconf 86' lang='grc' dir='ltr'>λε’,</span> <span class='ocrx_word' id='word_1_475' title='bbox 3444 3123 3759 3195; x_wconf 75' lang='grc' dir='ltr'>ἐφθάσαμεν</span> 
     </span>
    </p>
   </div>
   <div class='ocr_carea' id='block_1_58' title="bbox 514 3217 2084 3287">
    <p class='ocr_par' dir='ltr' id='par_1_58' title="bbox 514 3217 2084 3287">
     <span class='ocr_line' id='line_1_58' title="bbox 514 3217 2084 3287; baseline 0.001 -16"><span class='ocrx_word' id='word_1_476' title='bbox 514 3217 847 3281; x_wconf 85' lang='lat' dir='ltr'><strong>mansiones,</strong></span> <span class='ocrx_word' id='word_1_477' title='bbox 878 3217 1227 3286; x_wconf 88' lang='lat' dir='ltr'><strong>pervenimus</strong></span> <span class='ocrx_word' id='word_1_478' title='bbox 1260 3218 1323 3271; x_wconf 90' lang='lat' dir='ltr'><strong>ad</strong></span> <span class='ocrx_word' id='word_1_479' title='bbox 1360 3219 1588 3287; x_wconf 79' lang='lat' dir='ltr'><strong>regiam,</strong></span> <span class='ocrx_word' id='word_1_480' title='bbox 1620 3228 1673 3273; x_wconf 91' lang='lat' dir='ltr'><strong>et</strong></span> <span class='ocrx_word' id='word_1_481' title='bbox 1705 3220 2007 3274; x_wconf 88' lang='lat' dir='ltr'><strong>mansimus</strong></span> <span class='ocrx_word' id='word_1_482' title='bbox 2030 3219 2084 3273; x_wconf 89' lang='lat' dir='ltr'><strong>in</strong></span> 
     </span>
    </p>
   </div>
   <div class='ocr_carea' id='block_1_59' title="bbox 513 3307 2083 3381">
    <p class='ocr_par' dir='ltr' id='par_1_59' title="bbox 513 3307 2083 3381">
     <span class='ocr_line' id='line_1_59' title="bbox 513 3307 2083 3381; baseline 0.003 -19"><span class='ocrx_word' id='word_1_483' title='bbox 513 3308 657 3373; x_wconf 90' lang='lat' dir='ltr'><strong>loco,</strong></span> <span class='ocrx_word' id='word_1_484' title='bbox 693 3309 784 3378; x_wconf 91' lang='lat' dir='ltr'><strong>qui</strong></span> <span class='ocrx_word' id='word_1_485' title='bbox 814 3308 1014 3363; x_wconf 89' lang='lat' dir='ltr'><strong>dicitur</strong></span> <span class='ocrx_word' id='word_1_486' title='bbox 1038 3307 1226 3363; x_wconf 90' lang='lat' dir='ltr'><strong>Urion.</strong></span> <span class='ocrx_word' id='word_1_487' title='bbox 1252 3309 1386 3365; x_wconf 90' lang='lat' dir='ltr'><strong>Tres</strong></span> <span class='ocrx_word' id='word_1_488' title='bbox 1418 3318 1597 3364; x_wconf 90' lang='lat' dir='ltr'><strong>autem</strong></span> <span class='ocrx_word' id='word_1_489' title='bbox 1630 3326 1693 3365; x_wconf 88' lang='lat' dir='ltr'><strong>ex</strong></span> <span class='ocrx_word' id='word_1_490' title='bbox 1722 3312 1801 3365; x_wconf 89' lang='lat' dir='ltr'><strong>eis</strong></span> <span class='ocrx_word' id='word_1_491' title='bbox 1831 3311 2083 3381; x_wconf 81' lang='lat' dir='ltr'><strong>ingressi,</strong></span> 
     </span>
    </p>
   </div>
   <div class='ocr_carea' id='block_1_60' title="bbox 515 3399 2085 3471">
    <p class='ocr_par' dir='ltr' id='par_1_60' title="bbox 515 3399 2085 3471">
     <span class='ocr_line' id='line_1_60' title="bbox 515 3399 2085 3471; baseline 0.001 -18"><span class='ocrx_word' id='word_1_492' title='bbox 515 3400 629 3469; x_wconf 83' lang='lat' dir='ltr'><strong>regi</strong></span> <span class='ocrx_word' id='word_1_493' title='bbox 670 3399 1072 3454; x_wconf 84' lang='lat' dir='ltr'><strong>renuntiarunt.</strong></span> <span class='ocrx_word' id='word_1_494' title='bbox 1102 3400 1347 3470; x_wconf 90' lang='lat' dir='ltr'><strong>Cumque</strong></span> <span class='ocrx_word' id='word_1_495' title='bbox 1380 3418 1475 3455; x_wconf 86' lang='lat' dir='ltr'><strong>rex</strong></span> <span class='ocrx_word' id='word_1_496' title='bbox 1522 3401 1780 3471; x_wconf 84' lang='lat' dir='ltr'><strong>jussisset</strong></span> <span class='ocrx_word' id='word_1_497' title='bbox 1835 3401 1903 3455; x_wconf 89' lang='lat' dir='ltr'><strong>ad</strong></span> <span class='ocrx_word' id='word_1_498' title='bbox 1958 3416 2085 3455; x_wconf 92' lang='lat' dir='ltr'><strong>eum</strong></span> 
     </span>
    </p>
   </div>
   <div class='ocr_carea' id='block_1_61' title="bbox 515 3492 2086 3561">
    <p class='ocr_par' dir='ltr' id='par_1_61' title="bbox 515 3492 2086 3561">
     <span class='ocr_line' id='line_1_61' title="bbox 515 3492 2086 3561; baseline 0.001 -16"><span class='ocrx_word' id='word_1_499' title='bbox 515 3492 725 3561; x_wconf 82' lang='lat' dir='ltr'><strong>ingredi</strong></span> <span class='ocrx_word' id='word_1_500' title='bbox 761 3492 1144 3559; x_wconf 86' lang='lat' dir='ltr'><strong>Epiphanium,</strong></span> <span class='ocrx_word' id='word_1_501' title='bbox 1170 3494 1391 3561; x_wconf 89' lang='lat' dir='ltr'><strong>perinde</strong></span> <span class='ocrx_word' id='word_1_502' title='bbox 1417 3493 1520 3547; x_wconf 83' lang='lat' dir='ltr'><strong>fuit</strong></span> <span class='ocrx_word' id='word_1_503' title='bbox 1544 3493 1837 3561; x_wconf 85' lang='lat' dir='ltr'><strong>tranquillo</strong></span> <span class='ocrx_word' id='word_1_504' title='bbox 1857 3501 1911 3547; x_wconf 91' lang='lat' dir='ltr'><strong>et</strong></span> <span class='ocrx_word' id='word_1_505' title='bbox 1936 3508 2086 3547; x_wconf 90' lang='lat' dir='ltr'><strong>com-</strong></span> 
     </span>
    </p>
   </div>
   <div class='ocr_carea' id='block_1_62' title="bbox 516 3583 2085 3655">
    <p class='ocr_par' dir='ltr' id='par_1_62' title="bbox 516 3583 2085 3655">
     <span class='ocr_line' id='line_1_62' title="bbox 516 3583 2085 3655; baseline 0.001 -18"><span class='ocrx_word' id='word_1_506' title='bbox 516 3583 695 3652; x_wconf 89' lang='lat' dir='ltr'><strong>posito</strong></span> <span class='ocrx_word' id='word_1_507' title='bbox 728 3584 930 3645; x_wconf 87' lang='lat' dir='ltr'><strong>animo,</strong></span> <span class='ocrx_word' id='word_1_508' title='bbox 963 3595 1123 3652; x_wconf 83' lang='lat' dir='ltr'><strong>atque</strong></span> <span class='ocrx_word' id='word_1_509' title='bbox 1160 3586 1205 3639; x_wconf 90' lang='lat' dir='ltr'><strong>si</strong></span> <span class='ocrx_word' id='word_1_510' title='bbox 1238 3601 1419 3655; x_wconf 83' lang='lat' dir='ltr'><strong>regem</strong></span> <span class='ocrx_word' id='word_1_511' title='bbox 1456 3600 1564 3639; x_wconf 90' lang='lat' dir='ltr'><strong>non</strong></span> <span class='ocrx_word' id='word_1_512' title='bbox 1592 3594 1737 3640; x_wconf 91' lang='lat' dir='ltr'><strong>esset</strong></span> <span class='ocrx_word' id='word_1_513' title='bbox 1786 3595 2085 3639; x_wconf 85' lang='lat' dir='ltr'><strong>conventu-</strong></span> 
     </span>
    </p>
   </div>
   <div class='ocr_carea' id='block_1_63' title="bbox 520 3672 2087 3747">
    <p class='ocr_par' dir='ltr' id='par_1_63' title="bbox 520 3672 2087 3747">
     <span class='ocr_line' id='line_1_63' title="bbox 520 3672 2087 3747; baseline 0.001 -19"><span class='ocrx_word' id='word_1_514' title='bbox 520 3690 633 3729; x_wconf 92' lang='lat' dir='ltr'><strong>rus.</strong></span> <span class='ocrx_word' id='word_1_515' title='bbox 665 3672 821 3729; x_wconf 88' lang='lat' dir='ltr'><strong>Tunc</strong></span> <span class='ocrx_word' id='word_1_516' title='bbox 841 3691 927 3729; x_wconf 90' lang='lat' dir='ltr'><strong>me</strong></span> <span class='ocrx_word' id='word_1_517' title='bbox 950 3691 1074 3730; x_wconf 89' lang='lat' dir='ltr'><strong>eum</strong></span> <span class='ocrx_word' id='word_1_518' title='bbox 1092 3688 1409 3746; x_wconf 90' lang='lat' dir='ltr'><strong>sequentem</strong></span> <span class='ocrx_word' id='word_1_519' title='bbox 1444 3678 1643 3731; x_wconf 89' lang='lat' dir='ltr'><strong>invasit</strong></span> <span class='ocrx_word' id='word_1_520' title='bbox 1666 3691 1895 3747; x_wconf 77' lang='lat' dir='ltr'><strong>magnus</strong></span> <span class='ocrx_word' id='word_1_521' title='bbox 1922 3678 2087 3731; x_wconf 81' lang='lat' dir='ltr'><strong>timor</strong></span> 
     </span>
    </p>
   </div>
   <div class='ocr_carea' id='block_1_64' title="bbox 515 3763 2083 3821">
    <p class='ocr_par' dir='ltr' id='par_1_64' title="bbox 515 3763 2083 3821">
     <span class='ocr_line' id='line_1_64' title="bbox 515 3763 2083 3821; baseline 0.002 -4"><span class='ocrx_word' id='word_1_522' title='bbox 515 3774 571 3818; x_wconf 90' lang='lat' dir='ltr'><strong>ct</strong></span> <span class='ocrx_word' id='word_1_523' title='bbox 604 3775 829 3819; x_wconf 89' lang='lat' dir='ltr'><strong>tremor.</strong></span> <span class='ocrx_word' id='word_1_524' title='bbox 889 3763 1027 3819; x_wconf 79' lang='lat' dir='ltr'><strong>Nam</strong></span> <span class='ocrx_word' id='word_1_525' title='bbox 1094 3781 1218 3821; x_wconf 89' lang='lat' dir='ltr'><strong>cum</strong></span> <span class='ocrx_word' id='word_1_526' title='bbox 1270 3766 1529 3821; x_wconf 90' lang='lat' dir='ltr'><strong>vidissem</strong></span> <span class='ocrx_word' id='word_1_527' title='bbox 1588 3766 1814 3819; x_wconf 90' lang='lat' dir='ltr'><strong>multam</strong></span> <span class='ocrx_word' id='word_1_528' title='bbox 1868 3768 2083 3821; x_wconf 84' lang='lat' dir='ltr'><strong>turbam</strong></span> 
     </span>
    </p>
   </div>
   <div class='ocr_carea' id='block_1_65' title="bbox 517 3854 2082 3925">
    <p class='ocr_par' dir='ltr' id='par_1_65' title="bbox 517 3854 2082 3925">
     <span class='ocr_line' id='line_1_65' title="bbox 517 3854 2082 3925; baseline 0.003 -20"><span class='ocrx_word' id='word_1_529' title='bbox 517 3861 807 3919; x_wconf 87' lang='lat' dir='ltr'><strong>astantem,</strong></span> <span class='ocrx_word' id='word_1_530' title='bbox 840 3854 893 3908; x_wconf 88' lang='lat' dir='ltr'><strong>iu</strong></span> <span class='ocrx_word' id='word_1_531' title='bbox 927 3854 1108 3909; x_wconf 90' lang='lat' dir='ltr'><strong>varias</strong></span> <span class='ocrx_word' id='word_1_532' title='bbox 1140 3865 1320 3925; x_wconf 90' lang='lat' dir='ltr'><strong>partes</strong></span> <span class='ocrx_word' id='word_1_533' title='bbox 1346 3856 1626 3910; x_wconf 86' lang='lat' dir='ltr'><strong>versabam</strong></span> <span class='ocrx_word' id='word_1_534' title='bbox 1655 3857 1919 3909; x_wconf 90' lang='lat' dir='ltr'><strong>animum.</strong></span> <span class='ocrx_word' id='word_1_535' title='bbox 1946 3856 2082 3910; x_wconf 91' lang='lat' dir='ltr'><strong>Cum</strong></span> 
     </span>
    </p>
   </div>
   <div class='ocr_carea' id='block_1_66' title="bbox 515 3946 2082 4016">
    <p class='ocr_par' dir='ltr' id='par_1_66' title="bbox 515 3946 2082 4016">
     <span class='ocr_line' id='line_1_66' title="bbox 515 3946 2082 4016; baseline 0.001 -17"><span class='ocrx_word' id='word_1_536' title='bbox 515 3955 699 3999; x_wconf 88' lang='lat' dir='ltr'><strong>autem</strong></span> <span class='ocrx_word' id='word_1_537' title='bbox 726 3946 835 4016; x_wconf 83' lang='lat' dir='ltr'><strong>regi</strong></span> <span class='ocrx_word' id='word_1_538' title='bbox 856 3947 1349 4016; x_wconf 85' lang='lat' dir='ltr'><strong>appropinquasset</strong></span> <span class='ocrx_word' id='word_1_539' title='bbox 1382 3946 1743 4016; x_wconf 85' lang='lat' dir='ltr'><strong>Epiphanius,</strong></span> <span class='ocrx_word' id='word_1_540' title='bbox 1774 3963 1867 4001; x_wconf 85' lang='lat' dir='ltr'><strong>rex</strong></span> <span class='ocrx_word' id='word_1_541' title='bbox 1898 3948 2082 4002; x_wconf 89' lang='lat' dir='ltr'><strong>statim</strong></span> 
     </span>
    </p>
   </div>
   <div class='ocr_carea' id='block_1_67' title="bbox 517 4037 2082 4109">
    <p class='ocr_par' dir='ltr' id='par_1_67' title="bbox 517 4037 2082 4109">
     <span class='ocr_line' id='line_1_67' title="bbox 517 4037 2082 4109; baseline 0.002 -19"><span class='ocrx_word' id='word_1_542' title='bbox 517 4039 753 4093; x_wconf 79' lang='lat' dir='ltr'><strong>surrexit</strong></span> <span class='ocrx_word' id='word_1_543' title='bbox 783 4053 813 4091; x_wconf 89' lang='lat' dir='ltr'><strong>a</strong></span> <span class='ocrx_word' id='word_1_544' title='bbox 842 4038 987 4093; x_wconf 86' lang='lat' dir='ltr'><strong>sede.</strong></span> <span class='ocrx_word' id='word_1_545' title='bbox 1022 4037 1152 4107; x_wconf 83' lang='lat' dir='ltr'><strong>Regi</strong></span> <span class='ocrx_word' id='word_1_546' title='bbox 1179 4054 1306 4093; x_wconf 88' lang='lat' dir='ltr'><strong>vero</strong></span> <span class='ocrx_word' id='word_1_547' title='bbox 1339 4039 1474 4093; x_wconf 80' lang='lat' dir='ltr'><strong>dixit</strong></span> <span class='ocrx_word' id='word_1_548' title='bbox 1510 4038 1847 4109; x_wconf 86' lang='lat' dir='ltr'><strong>Epiphanius</strong></span> <span class='ocrx_word' id='word_1_549' title='bbox 1875 4056 1888 4093; x_wconf 89' lang='lat'><strong>:</strong></span> <span class='ocrx_word' id='word_1_550' title='bbox 1927 4038 2082 4103; x_wconf 87' lang='lat' dir='ltr'><strong>Sede,</strong></span> 
     </span>
    </p>
   </div>
   <div class='ocr_carea' id='block_1_68' title="bbox 516 4130 2087 4200">
    <p class='ocr_par' dir='ltr' id='par_1_68' title="bbox 516 4130 2087 4200">
     <span class='ocr_line' id='line_1_68' title="bbox 516 4130 2087 4200; baseline 0.002 -17"><span class='ocrx_word' id='word_1_551' title='bbox 516 4130 614 4194; x_wconf 86' lang='lat' dir='ltr'><strong>ﬁli,</strong></span> <span class='ocrx_word' id='word_1_552' title='bbox 657 4146 820 4199; x_wconf 92' lang='lat' dir='ltr'><strong>super</strong></span> <span class='ocrx_word' id='word_1_553' title='bbox 857 4130 1137 4193; x_wconf 87' lang='lat' dir='ltr'><strong>thronum,</strong></span> <span class='ocrx_word' id='word_1_554' title='bbox 1174 4145 1274 4184; x_wconf 88' lang='lat' dir='ltr'><strong>nec</strong></span> <span class='ocrx_word' id='word_1_555' title='bbox 1309 4140 1528 4200; x_wconf 85' lang='lat' dir='ltr'><strong>propter</strong></span> <span class='ocrx_word' id='word_1_556' title='bbox 1558 4139 1708 4184; x_wconf 91' lang='lat' dir='ltr'><strong>tuum</strong></span> <span class='ocrx_word' id='word_1_557' title='bbox 1742 4132 1944 4185; x_wconf 88' lang='lat' dir='ltr'><strong>luctum</strong></span> <span class='ocrx_word' id='word_1_558' title='bbox 1986 4131 2087 4186; x_wconf 94' lang='lat' dir='ltr'><strong>du-</strong></span> 
     </span>
    </p>
   </div>
   <div class='ocr_carea' id='block_1_69' title="bbox 515 4220 2082 4291">
    <p class='ocr_par' dir='ltr' id='par_1_69' title="bbox 515 4220 2082 4291">
     <span class='ocr_line' id='line_1_69' title="bbox 515 4220 2082 4291; baseline 0.001 -17"><span class='ocrx_word' id='word_1_559' title='bbox 515 4220 654 4275; x_wconf 88' lang='lat' dir='ltr'><strong>bites</strong></span> <span class='ocrx_word' id='word_1_560' title='bbox 676 4223 880 4276; x_wconf 90' lang='lat' dir='ltr'><strong>animo.</strong></span> <span class='ocrx_word' id='word_1_561' title='bbox 911 4221 1093 4275; x_wconf 85' lang='lat' dir='ltr'><strong>Habeo</strong></span> <span class='ocrx_word' id='word_1_562' title='bbox 1114 4221 1257 4276; x_wconf 92' lang='lat' dir='ltr'><strong>enim</strong></span> <span class='ocrx_word' id='word_1_563' title='bbox 1294 4220 1484 4285; x_wconf 91' lang='lat' dir='ltr'><strong>Deum,</strong></span> <span class='ocrx_word' id='word_1_564' title='bbox 1513 4222 1604 4291; x_wconf 91' lang='lat' dir='ltr'><strong>qui</strong></span> <span class='ocrx_word' id='word_1_565' title='bbox 1632 4221 1770 4276; x_wconf 78' lang='lat' dir='ltr'><strong>ferat</strong></span> <span class='ocrx_word' id='word_1_566' title='bbox 1799 4223 2082 4285; x_wconf 85' lang='lat' dir='ltr'><strong>auxilium,</strong></span> 
     </span>
    </p>
   </div>
   <div class='ocr_carea' id='block_1_70' title="bbox 514 4312 2088 4382">
    <p class='ocr_par' dir='ltr' id='par_1_70' title="bbox 514 4312 2088 4382">
     <span class='ocr_line' id='line_1_70' title="bbox 514 4312 2088 4382; baseline 0.001 -15"><span class='ocrx_word' id='word_1_567' title='bbox 514 4321 569 4367; x_wconf 91' lang='lat' dir='ltr'><strong>et</strong></span> <span class='ocrx_word' id='word_1_568' title='bbox 602 4315 899 4369; x_wconf 73' lang='lat' dir='ltr'><strong>daemonem</strong></span> <span class='ocrx_word' id='word_1_569' title='bbox 939 4315 1121 4382; x_wconf 84' lang='lat' dir='ltr'><strong>pellat.</strong></span> <span class='ocrx_word' id='word_1_570' title='bbox 1170 4313 1360 4368; x_wconf 78' lang='lat' dir='ltr'><strong>Solum</strong></span> <span class='ocrx_word' id='word_1_571' title='bbox 1409 4314 1568 4369; x_wconf 91' lang='lat' dir='ltr'><strong>crede</strong></span> <span class='ocrx_word' id='word_1_572' title='bbox 1602 4312 1714 4369; x_wconf 90' lang='lat' dir='ltr'><strong>Deo</strong></span> <span class='ocrx_word' id='word_1_573' title='bbox 1766 4315 2001 4381; x_wconf 78' lang='lat' dir='ltr'><strong>benigno</strong></span> <span class='ocrx_word' id='word_1_574' title='bbox 2033 4323 2088 4368; x_wconf 91' lang='lat' dir='ltr'><strong>et</strong></span> 
     </span>
    </p>
   </div>
   <div class='ocr_carea' id='block_1_71' title="bbox 516 4405 2085 4479">
    <p class='ocr_par' dir='ltr' id='par_1_71' title="bbox 516 4405 2085 4479">
     <span class='ocr_line' id='line_1_71' title="bbox 516 4405 2085 4479; baseline 0.002 -19"><span class='ocrx_word' id='word_1_575' title='bbox 516 4407 787 4471; x_wconf 83' lang='lat' dir='ltr'><strong>elementi,</strong></span> <span class='ocrx_word' id='word_1_576' title='bbox 821 4405 899 4477; x_wconf 90' lang='lat' dir='ltr'><strong>[et</strong></span> <span class='ocrx_word' id='word_1_577' title='bbox 934 4406 1140 4461; x_wconf 89' lang='lat' dir='ltr'><strong>videbis</strong></span> <span class='ocrx_word' id='word_1_578' title='bbox 1172 4408 1280 4461; x_wconf 90' lang='lat' dir='ltr'><strong>cito</strong></span> <span class='ocrx_word' id='word_1_579' title='bbox 1310 4406 1401 4461; x_wconf 86' lang='lat' dir='ltr'><strong>Dei</strong></span> <span class='ocrx_word' id='word_1_580' title='bbox 1437 4407 1713 4479; x_wconf 81' lang='lat' dir='ltr'><strong>gratiam].</strong></span> <span class='ocrx_word' id='word_1_581' title='bbox 1754 4407 1828 4461; x_wconf 83' lang='lat' dir='ltr'><strong>Ne</strong></span> <span class='ocrx_word' id='word_1_582' title='bbox 1864 4407 2085 4463; x_wconf 90' lang='lat' dir='ltr'><strong>aberres</strong></span> 
     </span>
    </p>
   </div>
   <div class='ocr_carea' id='block_1_72' title="bbox 2185 3214 3760 3290">
    <p class='ocr_par' dir='ltr' id='par_1_72' title="bbox 2185 3214 3760 3290">
     <span class='ocr_line' id='line_1_72' title="bbox 2185 3214 3760 3290; baseline -0.001 -19"><span class='ocrx_word' id='word_1_583' title='bbox 2185 3220 2284 3290; x_wconf 81' lang='grc' dir='ltr'><strong>τὴν</strong></span> <span class='ocrx_word' id='word_1_584' title='bbox 2325 3217 2587 3287; x_wconf 84' lang='grc' dir='ltr'>βασιλίδα,</span> <span class='ocrx_word' id='word_1_585' title='bbox 2617 3217 2910 3288; x_wconf 83' lang='grc' dir='ltr'>ἐμείναμεν</span> <span class='ocrx_word' id='word_1_586' title='bbox 2938 3216 3006 3268; x_wconf 72' lang='grc' dir='ltr'><strong>δὲ</strong></span> <span class='ocrx_word' id='word_1_587' title='bbox 3030 3217 3089 3267; x_wconf 88' lang='grc' dir='ltr'><strong>ἐν</strong></span> <span class='ocrx_word' id='word_1_588' title='bbox 3108 3214 3258 3285; x_wconf 83' lang='grc' dir='ltr'>τόπῳ</span> <span class='ocrx_word' id='word_1_589' title='bbox 3301 3215 3616 3285; x_wconf 82' lang='grc' dir='ltr'>καλουμένῳ</span> <span class='ocrx_word' id='word_1_590' title='bbox 3656 3218 3760 3269; x_wconf 85' lang='grc' dir='ltr'><strong>Οὑ-</strong></span> 
     </span>
    </p>
   </div>
   <div class='ocr_carea' id='block_1_73' title="bbox 2189 3307 3762 3380">
    <p class='ocr_par' dir='ltr' id='par_1_73' title="bbox 2189 3307 3762 3380">
     <span class='ocr_line' id='line_1_73' title="bbox 2189 3307 3762 3380; baseline -0.001 -19"><span class='ocrx_word' id='word_1_591' title='bbox 2189 3310 2308 3380; x_wconf 89' lang='grc' dir='ltr'>ρίῳ.</span> <span class='ocrx_word' id='word_1_592' title='bbox 2340 3310 2502 3379; x_wconf 80' lang='grc' dir='ltr'>Τρεῖς</span> <span class='ocrx_word' id='word_1_593' title='bbox 2527 3309 2584 3362; x_wconf 83' lang='grc' dir='ltr'>δὲ</span> <span class='ocrx_word' id='word_1_594' title='bbox 2614 3310 2706 3361; x_wconf 89' lang='grc' dir='ltr'>ἀπ’</span> <span class='ocrx_word' id='word_1_595' title='bbox 2738 3308 2916 3362; x_wconf 81' lang='grc' dir='ltr'>αὐτῶν</span> <span class='ocrx_word' id='word_1_596' title='bbox 2950 3307 3285 3370; x_wconf 85' lang='grc' dir='ltr'>εἰσελθόντες</span> <span class='ocrx_word' id='word_1_597' title='bbox 3325 3308 3652 3379; x_wconf 81' lang='grc' dir='ltr'>ἀνήγγειλάν</span> <span class='ocrx_word' id='word_1_598' title='bbox 3680 3309 3762 3379; x_wconf 80' lang='grc' dir='ltr'><strong>τῷ</strong></span> 
     </span>
    </p>
   </div>
   <div class='ocr_carea' id='block_1_74' title="bbox 2187 3400 3759 3473">
    <p class='ocr_par' dir='ltr' id='par_1_74' title="bbox 2187 3400 3759 3473">
     <span class='ocr_line' id='line_1_74' title="bbox 2187 3400 3759 3473; baseline 0.001 -21"><span class='ocrx_word' id='word_1_599' title='bbox 2187 3400 2411 3469; x_wconf 79' lang='grc' dir='ltr'>βασιλεῖ.</span> <span class='ocrx_word' id='word_1_600' title='bbox 2444 3402 2553 3454; x_wconf 77' lang='grc' dir='ltr'>Καὶ</span> <span class='ocrx_word' id='word_1_601' title='bbox 2590 3400 2653 3471; x_wconf 80' lang='grc' dir='ltr'><strong>δὴ</strong></span> <span class='ocrx_word' id='word_1_602' title='bbox 2687 3400 3043 3463; x_wconf 80' lang='grc' dir='ltr'>κελεύσαντος</span> <span class='ocrx_word' id='word_1_603' title='bbox 3069 3400 3161 3454; x_wconf 89' lang='grc' dir='ltr'><strong>τοῦ</strong></span> <span class='ocrx_word' id='word_1_604' title='bbox 3215 3400 3475 3471; x_wconf 80' lang='grc' dir='ltr'>βασιλέως</span> <span class='ocrx_word' id='word_1_605' title='bbox 3517 3402 3759 3473; x_wconf 76' lang='grc' dir='ltr'>εἰσέρχε-</span> 
     </span>
    </p>
   </div>
   <div class='ocr_carea' id='block_1_75' title="bbox 2188 3492 3759 3565">
    <p class='ocr_par' dir='ltr' id='par_1_75' title="bbox 2188 3492 3759 3565">
     <span class='ocr_line' id='line_1_75' title="bbox 2188 3492 3759 3565; baseline 0 -21"><span class='ocrx_word' id='word_1_606' title='bbox 2188 3492 2310 3545; x_wconf 92' lang='grc' dir='ltr'>σθαι</span> <span class='ocrx_word' id='word_1_607' title='bbox 2340 3492 2475 3562; x_wconf 78' lang='grc' dir='ltr'>πρὸς</span> <span class='ocrx_word' id='word_1_608' title='bbox 2524 3492 2685 3545; x_wconf 83' lang='grc' dir='ltr'>αὐτὸν</span> <span class='ocrx_word' id='word_1_609' title='bbox 2744 3492 2838 3546; x_wconf 82' lang='grc' dir='ltr'><strong>τὸν</strong></span> <span class='ocrx_word' id='word_1_610' title='bbox 2870 3492 3205 3560; x_wconf 81' lang='grc' dir='ltr'>Ἑπιφάνιον,</span> <span class='ocrx_word' id='word_1_611' title='bbox 3251 3493 3435 3563; x_wconf 74' lang='grc' dir='ltr'>ἐἰσῄει</span> <span class='ocrx_word' id='word_1_612' title='bbox 3488 3494 3547 3545; x_wconf 84' lang='grc' dir='ltr'><strong>ὲν</strong></span> <span class='ocrx_word' id='word_1_613' title='bbox 3587 3494 3759 3565; x_wconf 80' lang='grc' dir='ltr'>πολλῇ</span> 
     </span>
    </p>
   </div>
   <div class='ocr_carea' id='block_1_76' title="bbox 2186 3583 3758 3654">
    <p class='ocr_par' dir='ltr' id='par_1_76' title="bbox 2186 3583 3758 3654">
     <span class='ocr_line' id='line_1_76' title="bbox 2186 3583 3758 3654; baseline 0.002 -19"><span class='ocrx_word' id='word_1_614' title='bbox 2186 3584 2538 3647; x_wconf 89' lang='grc' dir='ltr'>καταστάσει,</span> <span class='ocrx_word' id='word_1_615' title='bbox 2555 3584 2630 3646; x_wconf 83' lang='grc' dir='ltr'>ὡς</span> <span class='ocrx_word' id='word_1_616' title='bbox 2658 3583 2730 3654; x_wconf 85' lang='grc' dir='ltr'>μὴ</span> <span class='ocrx_word' id='word_1_617' title='bbox 2761 3585 3039 3653; x_wconf 80' lang='grc' dir='ltr'>συντυχεῖν</span> <span class='ocrx_word' id='word_1_618' title='bbox 3060 3583 3195 3651; x_wconf 73' lang='grc' dir='ltr'><strong>ἔχων</strong></span> <span class='ocrx_word' id='word_1_619' title='bbox 3223 3584 3303 3636; x_wconf 80' lang='grc' dir='ltr'><strong>ἐνὶ</strong></span> <span class='ocrx_word' id='word_1_620' title='bbox 3330 3585 3439 3638; x_wconf 83' lang='grc' dir='ltr'>τῶν</span> <span class='ocrx_word' id='word_1_621' title='bbox 3470 3584 3758 3654; x_wconf 84' lang='grc' dir='ltr'>βασιλέων.</span> 
     </span>
    </p>
   </div>
   <div class='ocr_carea' id='block_1_77' title="bbox 2186 3675 3758 3749">
    <p class='ocr_par' dir='ltr' id='par_1_77' title="bbox 2186 3675 3758 3749">
     <span class='ocr_line' id='line_1_77' title="bbox 2186 3675 3758 3749; baseline 0.003 -22"><span class='ocrx_word' id='word_1_622' title='bbox 2186 3676 2319 3728; x_wconf 90' lang='grc' dir='ltr'>Τότε</span> <span class='ocrx_word' id='word_1_623' title='bbox 2344 3676 2407 3747; x_wconf 80' lang='grc' dir='ltr'>δὴ</span> <span class='ocrx_word' id='word_1_624' title='bbox 2434 3675 2545 3744; x_wconf 82' lang='grc' dir='ltr'><strong>ἐγὼ</strong></span> <span class='ocrx_word' id='word_1_625' title='bbox 2571 3676 2744 3729; x_wconf 87' lang='grc' dir='ltr'>ὀπίσω</span> <span class='ocrx_word' id='word_1_626' title='bbox 2764 3675 2937 3747; x_wconf 85' lang='grc' dir='ltr'>τούτῳ</span> <span class='ocrx_word' id='word_1_627' title='bbox 2968 3677 3184 3747; x_wconf 88' lang='grc' dir='ltr'>βαίνων,</span> <span class='ocrx_word' id='word_1_628' title='bbox 3212 3677 3375 3747; x_wconf 87' lang='grc' dir='ltr'>φόϐος</span> <span class='ocrx_word' id='word_1_629' title='bbox 3419 3680 3512 3731; x_wconf 68' lang='grc' dir='ltr'><strong>καὶ</strong></span> <span class='ocrx_word' id='word_1_630' title='bbox 3554 3680 3758 3749; x_wconf 88' lang='grc' dir='ltr'>τρόμος</span> 
     </span>
    </p>
   </div>
   <div class='ocr_carea' id='block_1_78' title="bbox 2185 3764 3759 3839">
    <p class='ocr_par' dir='ltr' id='par_1_78' title="bbox 2185 3764 3759 3839">
     <span class='ocr_line' id='line_1_78' title="bbox 2185 3764 3759 3839; baseline 0.002 -21"><span class='ocrx_word' id='word_1_631' title='bbox 2185 3765 2378 3819; x_wconf 76' lang='grc' dir='ltr'>ἔπεσεν</span> <span class='ocrx_word' id='word_1_632' title='bbox 2400 3768 2485 3818; x_wconf 77' lang='grc' dir='ltr'>ἐπ’</span> <span class='ocrx_word' id='word_1_633' title='bbox 2511 3766 2632 3837; x_wconf 80' lang='grc' dir='ltr'>ἐμέ.</span> <span class='ocrx_word' id='word_1_634' title='bbox 2680 3764 2825 3819; x_wconf 82' lang='grc' dir='ltr'>Ἰδὼν</span> <span class='ocrx_word' id='word_1_635' title='bbox 2856 3767 2966 3838; x_wconf 86' lang='grc' dir='ltr'>γὰρ</span> <span class='ocrx_word' id='word_1_636' title='bbox 2997 3767 3186 3837; x_wconf 82' lang='grc' dir='ltr'>ὄχλους</span> <span class='ocrx_word' id='word_1_637' title='bbox 3207 3768 3576 3839; x_wconf 81' lang='grc' dir='ltr'>περιεστῶτας</span> <span class='ocrx_word' id='word_1_638' title='bbox 3608 3769 3759 3839; x_wconf 78' lang='grc' dir='ltr'>αὐτῷ</span> 
     </span>
    </p>
   </div>
   <div class='ocr_carea' id='block_1_79' title="bbox 2187 3858 3761 3930">
    <p class='ocr_par' dir='ltr' id='par_1_79' title="bbox 2187 3858 3761 3930">
     <span class='ocr_line' id='line_1_79' title="bbox 2187 3858 3761 3930; baseline 0.003 -21"><span class='ocrx_word' id='word_1_639' title='bbox 2187 3858 2432 3922; x_wconf 86' lang='grc' dir='ltr'>πολλοὺς,</span> <span class='ocrx_word' id='word_1_640' title='bbox 2466 3858 2644 3911; x_wconf 84' lang='grc' dir='ltr'>ἐδονού</span> <span class='ocrx_word' id='word_1_641' title='bbox 2654 3876 2759 3929; x_wconf 82' lang='grc' dir='ltr'><strong>μην</strong></span> <span class='ocrx_word' id='word_1_642' title='bbox 2782 3858 2860 3929; x_wconf 82' lang='grc' dir='ltr'>τῷ</span> <span class='ocrx_word' id='word_1_643' title='bbox 2886 3858 3131 3930; x_wconf 83' lang='grc' dir='ltr'>λογισμῷ</span> <span class='ocrx_word' id='word_1_644' title='bbox 3152 3877 3273 3929; x_wconf 92' lang='grc' dir='ltr'>μου.</span> <span class='ocrx_word' id='word_1_645' title='bbox 3299 3860 3405 3913; x_wconf 88' lang='grc' dir='ltr'><strong>Τοῦ</strong></span> <span class='ocrx_word' id='word_1_646' title='bbox 3433 3861 3489 3914; x_wconf 83' lang='grc' dir='ltr'><strong>δὲ</strong></span> <span class='ocrx_word' id='word_1_647' title='bbox 3524 3862 3761 3929; x_wconf 73' lang='grc' dir='ltr'>Ἐπιφαο</span> 
     </span>
    </p>
   </div>
   <div class='ocr_carea' id='block_1_80' title="bbox 2185 3949 3756 4024">
    <p class='ocr_par' dir='ltr' id='par_1_80' title="bbox 2185 3949 3756 4024">
     <span class='ocr_line' id='line_1_80' title="bbox 2185 3949 3756 4024; baseline 0.003 -23"><span class='ocrx_word' id='word_1_648' title='bbox 2185 3949 2296 4002; x_wconf 81' lang='grc' dir='ltr'>νίου</span> <span class='ocrx_word' id='word_1_649' title='bbox 2332 3950 2646 4018; x_wconf 81' lang='grc' dir='ltr'>ἐγγίσαντος</span> <span class='ocrx_word' id='word_1_650' title='bbox 2676 3951 2810 4020; x_wconf 75' lang='grc' dir='ltr'>πρὸς</span> <span class='ocrx_word' id='word_1_651' title='bbox 2841 3951 2932 4004; x_wconf 86' lang='grc' dir='ltr'>τὸν</span> <span class='ocrx_word' id='word_1_652' title='bbox 2963 3950 3183 4021; x_wconf 87' lang='grc' dir='ltr'>βασιλέα</span> <span class='ocrx_word' id='word_1_653' title='bbox 3205 3992 3219 4015; x_wconf 94' lang='grc'><strong>,</strong></span> <span class='ocrx_word' id='word_1_654' title='bbox 3249 3951 3448 4014; x_wconf 78' lang='grc' dir='ltr'>εὐθέως</span> <span class='ocrx_word' id='word_1_655' title='bbox 3493 3952 3756 4024; x_wconf 79' lang='grc' dir='ltr'>ἐξανέστη</span> 
     </span>
    </p>
   </div>
   <div class='ocr_carea' id='block_1_81' title="bbox 2183 4037 3756 4114">
    <p class='ocr_par' dir='ltr' id='par_1_81' title="bbox 2183 4037 3756 4114">
     <span class='ocr_line' id='line_1_81' title="bbox 2183 4037 3756 4114; baseline 0.001 -19"><span class='ocrx_word' id='word_1_656' title='bbox 2183 4044 2212 4095; x_wconf 93' lang='lat'><strong>6</strong></span> <span class='ocrx_word' id='word_1_657' title='bbox 2235 4041 2483 4111; x_wconf 70' lang='grc' dir='ltr'>βασιλεὺς</span> <span class='ocrx_word' id='word_1_658' title='bbox 2506 4043 2610 4095; x_wconf 88' lang='grc' dir='ltr'><strong>ἀπὸ</strong></span> <span class='ocrx_word' id='word_1_659' title='bbox 2637 4042 2729 4096; x_wconf 91' lang='grc' dir='ltr'><strong>τοῦ</strong></span> <span class='ocrx_word' id='word_1_660' title='bbox 2761 4043 2969 4114; x_wconf 85' lang='grc' dir='ltr'>θρόνου.</span> <span class='ocrx_word' id='word_1_661' title='bbox 2997 4037 3167 4098; x_wconf 83' lang='grc' dir='ltr'>Εἶπεν</span> <span class='ocrx_word' id='word_1_662' title='bbox 3193 4044 3250 4096; x_wconf 84' lang='grc' dir='ltr'>δὲ</span> <span class='ocrx_word' id='word_1_663' title='bbox 3282 4045 3597 4113; x_wconf 86' lang='grc' dir='ltr'>Ἑπιφάνιος</span> <span class='ocrx_word' id='word_1_664' title='bbox 3617 4046 3756 4114; x_wconf 76' lang='grc' dir='ltr'>πρὸς</span> 
     </span>
    </p>
   </div>
   <div class='ocr_carea' id='block_1_82' title="bbox 2185 4134 3757 4205">
    <p class='ocr_par' dir='ltr' id='par_1_82' title="bbox 2185 4134 3757 4205">
     <span class='ocr_line' id='line_1_82' title="bbox 2185 4134 3757 4205; baseline 0 -18"><span class='ocrx_word' id='word_1_665' title='bbox 2185 4134 2275 4187; x_wconf 76' lang='grc' dir='ltr'>τὸν</span> <span class='ocrx_word' id='word_1_666' title='bbox 2306 4134 2530 4203; x_wconf 85' lang='grc' dir='ltr'>βασιλέα</span> <span class='ocrx_word' id='word_1_667' title='bbox 2555 4151 2570 4165; x_wconf 91' lang='grc'><strong>·</strong></span> <span class='ocrx_word' id='word_1_668' title='bbox 2611 4134 2870 4198; x_wconf 86' lang='grc' dir='ltr'>Κάθισον,</span> <span class='ocrx_word' id='word_1_669' title='bbox 2924 4135 3132 4198; x_wconf 84' lang='grc' dir='ltr'>τέκνον,</span> <span class='ocrx_word' id='word_1_670' title='bbox 3189 4136 3281 4188; x_wconf 78' lang='grc' dir='ltr'><strong>ἐπὶ</strong></span> <span class='ocrx_word' id='word_1_671' title='bbox 3319 4134 3397 4204; x_wconf 83' lang='grc' dir='ltr'>σῷ</span> <span class='ocrx_word' id='word_1_672' title='bbox 3430 4134 3624 4205; x_wconf 83' lang='grc' dir='ltr'>θρόνῳ,</span> <span class='ocrx_word' id='word_1_673' title='bbox 3679 4135 3757 4205; x_wconf 74' lang='grc' dir='ltr'>μὴ</span> 
     </span>
    </p>
   </div>
   <div class='ocr_carea' id='block_1_83' title="bbox 2184 4226 3755 4299">
    <p class='ocr_par' dir='ltr' id='par_1_83' title="bbox 2184 4226 3755 4299">
     <span class='ocr_line' id='line_1_83' title="bbox 2184 4226 3755 4299; baseline 0.001 -21"><span class='ocrx_word' id='word_1_674' title='bbox 2184 4226 2397 4291; x_wconf 80' lang='grc' dir='ltr'>δίσταζε</span> <span class='ocrx_word' id='word_1_675' title='bbox 2431 4229 2522 4280; x_wconf 79' lang='grc' dir='ltr'>ἐπὶ</span> <span class='ocrx_word' id='word_1_676' title='bbox 2550 4228 2627 4299; x_wconf 84' lang='grc' dir='ltr'>τῷ</span> <span class='ocrx_word' id='word_1_677' title='bbox 2653 4227 2728 4297; x_wconf 82' lang='grc' dir='ltr'><strong>σῷ</strong></span> <span class='ocrx_word' id='word_1_678' title='bbox 2763 4228 2945 4281; x_wconf 82' lang='grc' dir='ltr'>πένθει</span> <span class='ocrx_word' id='word_1_679' title='bbox 2966 4246 2980 4259; x_wconf 90' lang='grc'><strong>·</strong></span> <span class='ocrx_word' id='word_1_680' title='bbox 3020 4227 3127 4298; x_wconf 79' lang='grc' dir='ltr'><strong>ἔχω</strong></span> <span class='ocrx_word' id='word_1_681' title='bbox 3152 4227 3260 4298; x_wconf 82' lang='grc' dir='ltr'>γὰρ</span> <span class='ocrx_word' id='word_1_682' title='bbox 3311 4228 3443 4280; x_wconf 82' lang='grc' dir='ltr'>Θεὸν</span> <span class='ocrx_word' id='word_1_683' title='bbox 3482 4228 3573 4280; x_wconf 79' lang='grc' dir='ltr'>τὸν</span> <span class='ocrx_word' id='word_1_684' title='bbox 3623 4227 3755 4298; x_wconf 81' lang='grc' dir='ltr'>βοη-</span> 
     </span>
    </p>
   </div>
   <div class='ocr_carea' id='block_1_84' title="bbox 2187 4317 3755 4390">
    <p class='ocr_par' dir='ltr' id='par_1_84' title="bbox 2187 4317 3755 4390">
     <span class='ocr_line' id='line_1_84' title="bbox 2187 4317 3755 4390; baseline 0.001 -21"><span class='ocrx_word' id='word_1_685' title='bbox 2187 4317 2401 4380; x_wconf 84' lang='grc' dir='ltr'>θοῦντα,</span> <span class='ocrx_word' id='word_1_686' title='bbox 2428 4318 2709 4388; x_wconf 79' lang='grc' dir='ltr'>ἐλατῆριον</span> <span class='ocrx_word' id='word_1_687' title='bbox 2740 4318 2834 4371; x_wconf 85' lang='grc' dir='ltr'><strong>τοῦ</strong></span> <span class='ocrx_word' id='word_1_688' title='bbox 2870 4317 3137 4371; x_wconf 87' lang='grc' dir='ltr'>διαϐόλου.</span> <span class='ocrx_word' id='word_1_689' title='bbox 3170 4318 3343 4372; x_wconf 87' lang='grc' dir='ltr'>Μόνον</span> <span class='ocrx_word' id='word_1_690' title='bbox 3404 4318 3625 4371; x_wconf 82' lang='grc' dir='ltr'>πίστευε</span> <span class='ocrx_word' id='word_1_691' title='bbox 3674 4318 3755 4390; x_wconf 85' lang='grc' dir='ltr'>τῷ</span> 
     </span>
    </p>
   </div>
   <div class='ocr_carea' id='block_1_85' title="bbox 2188 4407 3755 4482">
    <p class='ocr_par' dir='ltr' id='par_1_85' title="bbox 2188 4407 3755 4482">
     <span class='ocr_line' id='line_1_85' title="bbox 2188 4407 3755 4482; baseline 0 -23"><span class='ocrx_word' id='word_1_692' title='bbox 2188 4407 2579 4478; x_wconf 70' lang='grc' dir='ltr'>φιλανθρώπῳ*</span> <span class='ocrx_word' id='word_1_693' title='bbox 2606 4408 2679 4477; x_wconf 81' lang='grc' dir='ltr'>μὴ</span> <span class='ocrx_word' id='word_1_694' title='bbox 2711 4408 2926 4477; x_wconf 83' lang='grc' dir='ltr'>ἀστόχει</span> <span class='ocrx_word' id='word_1_695' title='bbox 2952 4407 3060 4459; x_wconf 85' lang='grc' dir='ltr'>τῶν</span> <span class='ocrx_word' id='word_1_696' title='bbox 3092 4408 3433 4477; x_wconf 81' lang='grc' dir='ltr'>λαλουμένων</span> <span class='ocrx_word' id='word_1_697' title='bbox 3460 4447 3473 4470; x_wconf 92' lang='grc'><strong>,</strong></span> <span class='ocrx_word' id='word_1_698' title='bbox 3513 4408 3607 4461; x_wconf 77' lang='grc' dir='ltr'><strong>καὶ</strong></span> <span class='ocrx_word' id='word_1_699' title='bbox 3647 4408 3755 4482; x_wconf 73' lang='grc' dir='ltr'><strong>ὄψῃ</strong></span> 
     </span>
    </p>
   </div>
   <div class='ocr_carea' id='block_1_86' title="bbox 517 4491 2082 4569">
    <p class='ocr_par' dir='ltr' id='par_1_86' title="bbox 517 4499 2082 4567">
     <span class='ocr_line' id='line_1_86' title="bbox 517 4499 2082 4567; baseline 0.003 -16"><span class='ocrx_word' id='word_1_700' title='bbox 517 4514 546 4551; x_wconf 95' lang='lat' dir='ltr'><strong>a</strong></span> <span class='ocrx_word' id='word_1_701' title='bbox 583 4512 748 4566; x_wconf 84' lang='lat' dir='ltr'><strong>scopo</strong></span> <span class='ocrx_word' id='word_1_702' title='bbox 800 4511 987 4551; x_wconf 87' lang='lat' dir='ltr'><strong>eorum</strong></span> <span class='ocrx_word' id='word_1_703' title='bbox 1017 4536 1031 4560; x_wconf 95' lang='lat'><strong>,</strong></span> <span class='ocrx_word' id='word_1_704' title='bbox 1088 4513 1211 4567; x_wconf 80' lang='lat' dir='ltr'><strong>quae</strong></span> <span class='ocrx_word' id='word_1_705' title='bbox 1266 4499 1546 4565; x_wconf 91' lang='lat' dir='ltr'><strong>dicuntur,</strong></span> <span class='ocrx_word' id='word_1_706' title='bbox 1582 4510 1635 4555; x_wconf 90' lang='lat' dir='ltr'><strong>ct</strong></span> <span class='ocrx_word' id='word_1_707' title='bbox 1670 4502 1878 4556; x_wconf 88' lang='lat' dir='ltr'><strong>videbis</strong></span> <span class='ocrx_word' id='word_1_708' title='bbox 1918 4501 2082 4556; x_wconf 91' lang='lat' dir='ltr'><strong>ﬁliam</strong></span> 
     </span>
    </p>
   </div>
   <div class='ocr_carea' id='block_1_87' title="bbox 2185 4491 3755 4569">
    <p class='ocr_par' dir='ltr' id='par_1_87' title="bbox 2191 4497 3755 4569">
     <span class='ocr_line' id='line_1_87' title="bbox 2191 4497 3755 4569; baseline 0.002 -20"><span class='ocrx_word' id='word_1_709' title='bbox 2191 4497 2288 4568; x_wconf 81' lang='grc' dir='ltr'><strong>τὴν</strong></span> <span class='ocrx_word' id='word_1_710' title='bbox 2322 4499 2484 4551; x_wconf 85' lang='grc' dir='ltr'>παῖδα</span> <span class='ocrx_word' id='word_1_711' title='bbox 2515 4499 2662 4567; x_wconf 81' lang='grc' dir='ltr'>ὑγιῆ.</span> <span class='ocrx_word' id='word_1_712' title='bbox 2710 4499 2767 4551; x_wconf 90' lang='lat'><strong>&#39;0</strong></span> <span class='ocrx_word' id='word_1_713' title='bbox 2798 4498 2906 4569; x_wconf 79' lang='grc' dir='ltr'>γὰρ</span> <span class='ocrx_word' id='word_1_714' title='bbox 2953 4499 3207 4562; x_wconf 85' lang='grc' dir='ltr'>κάκιστος</span> <span class='ocrx_word' id='word_1_715' title='bbox 3258 4499 3467 4568; x_wconf 86' lang='grc' dir='ltr'>δαίμων</span> <span class='ocrx_word' id='word_1_716' title='bbox 3511 4499 3755 4569; x_wconf 85' lang='grc' dir='ltr'>διωχθεὶς</span> 
     </span>
    </p>
   </div>
   <div class='ocr_carea' id='block_1_88' title="bbox 516 4589 2084 4649">
    <p class='ocr_par' dir='ltr' id='par_1_88' title="bbox 516 4589 2084 4649">
     <span class='ocr_line' id='line_1_88' title="bbox 516 4589 2084 4649; baseline 0.004 -6"><span class='ocrx_word' id='word_1_717' title='bbox 516 4601 669 4643; x_wconf 89' lang='lat' dir='ltr'><strong>tuam</strong></span> <span class='ocrx_word' id='word_1_718' title='bbox 696 4604 884 4643; x_wconf 89' lang='lat' dir='ltr'><strong>sanam</strong></span> <span class='ocrx_word' id='word_1_719' title='bbox 918 4590 969 4641; x_wconf 91' lang='lat' dir='ltr'><strong>in</strong></span> <span class='ocrx_word' id='word_1_720' title='bbox 998 4590 1196 4645; x_wconf 88' lang='lat' dir='ltr'><strong>medio.</strong></span> <span class='ocrx_word' id='word_1_721' title='bbox 1248 4589 1526 4647; x_wconf 82' lang='lat' dir='ltr'><strong>l’essimus</strong></span> <span class='ocrx_word' id='word_1_722' title='bbox 1555 4594 1698 4646; x_wconf 92' lang='lat' dir='ltr'><strong>enim</strong></span> <span class='ocrx_word' id='word_1_723' title='bbox 1730 4595 1939 4648; x_wconf 71' lang='lat' dir='ltr'><strong>dzemon</strong></span> <span class='ocrx_word' id='word_1_724' title='bbox 1995 4594 2084 4649; x_wconf 73' lang='lat' dir='ltr'><strong>fu-</strong></span> 
     </span>
    </p>
   </div>
   <div class='ocr_carea' id='block_1_89' title="bbox 518 4680 2084 4751">
    <p class='ocr_par' dir='ltr' id='par_1_89' title="bbox 518 4680 2084 4751">
     <span class='ocr_line' id='line_1_89' title="bbox 518 4680 2084 4751; baseline 0.005 -18"><span class='ocrx_word' id='word_1_725' title='bbox 518 4690 677 4751; x_wconf 81' lang='lat' dir='ltr'><strong>gatus</strong></span> <span class='ocrx_word' id='word_1_726' title='bbox 710 4696 738 4733; x_wconf 92' lang='lat' dir='ltr'><strong>a</strong></span> <span class='ocrx_word' id='word_1_727' title='bbox 765 4680 884 4736; x_wconf 89' lang='lat' dir='ltr'><strong>loco</strong></span> <span class='ocrx_word' id='word_1_728' title='bbox 906 4695 1030 4743; x_wconf 85' lang='lat' dir='ltr'><strong>suo,</strong></span> <span class='ocrx_word' id='word_1_729' title='bbox 1065 4682 1213 4734; x_wconf 89' lang='lat' dir='ltr'><strong>venit</strong></span> <span class='ocrx_word' id='word_1_730' title='bbox 1241 4681 1306 4735; x_wconf 83' lang='lat' dir='ltr'><strong>ad</strong></span> <span class='ocrx_word' id='word_1_731' title='bbox 1338 4681 1528 4736; x_wconf 84' lang='lat' dir='ltr'><strong>tiliam.</strong></span> <span class='ocrx_word' id='word_1_732' title='bbox 1588 4681 1643 4735; x_wconf 92' lang='lat' dir='ltr'><strong>Si</strong></span> <span class='ocrx_word' id='word_1_733' title='bbox 1684 4683 1793 4738; x_wconf 90' lang='lat' dir='ltr'><strong>Deo</strong></span> <span class='ocrx_word' id='word_1_734' title='bbox 1822 4685 2084 4741; x_wconf 87' lang='lat' dir='ltr'><strong>cruciﬁxo</strong></span> 
     </span>
    </p>
   </div>
   <div class='ocr_carea' id='block_1_90' title="bbox 517 4769 2082 4845">
    <p class='ocr_par' dir='ltr' id='par_1_90' title="bbox 517 4769 2082 4845">
     <span class='ocr_line' id='line_1_90' title="bbox 517 4769 2082 4845; baseline 0.003 -20"><span class='ocrx_word' id='word_1_735' title='bbox 517 4769 855 4835; x_wconf 83' lang='lat' dir='ltr'><strong>credideris,</strong></span> <span class='ocrx_word' id='word_1_736' title='bbox 915 4770 1121 4840; x_wconf 84' lang='lat' dir='ltr'><strong>fugabit</strong></span> <span class='ocrx_word' id='word_1_737' title='bbox 1174 4786 1299 4825; x_wconf 90' lang='lat' dir='ltr'><strong>eum</strong></span> <span class='ocrx_word' id='word_1_738' title='bbox 1349 4788 1377 4825; x_wconf 91' lang='lat' dir='ltr'><strong>a</strong></span> <span class='ocrx_word' id='word_1_739' title='bbox 1428 4783 1522 4826; x_wconf 90' lang='lat' dir='ltr'><strong>tua</strong></span> <span class='ocrx_word' id='word_1_740' title='bbox 1555 4774 1683 4827; x_wconf 84' lang='lat' dir='ltr'><strong>lilia.</strong></span> <span class='ocrx_word' id='word_1_741' title='bbox 1723 4774 2082 4845; x_wconf 88' lang='lat' dir='ltr'><strong>[lllumiuare,</strong></span> 
     </span>
    </p>
   </div>
   <div class='ocr_carea' id='block_1_91' title="bbox 518 4860 2086 4933">
    <p class='ocr_par' dir='ltr' id='par_1_91' title="bbox 518 4860 2086 4933">
     <span class='ocr_line' id='line_1_91' title="bbox 518 4860 2086 4933; baseline 0.002 -18"><span class='ocrx_word' id='word_1_742' title='bbox 518 4862 615 4925; x_wconf 91' lang='lat' dir='ltr'><strong>ﬁli,</strong></span> <span class='ocrx_word' id='word_1_743' title='bbox 647 4862 829 4925; x_wconf 81' lang='lat' dir='ltr'><strong>corde,</strong></span> <span class='ocrx_word' id='word_1_744' title='bbox 850 4869 903 4915; x_wconf 90' lang='lat' dir='ltr'><strong>et</strong></span> <span class='ocrx_word' id='word_1_745' title='bbox 937 4860 1145 4915; x_wconf 85' lang='lat' dir='ltr'><strong>videbis</strong></span> <span class='ocrx_word' id='word_1_746' title='bbox 1180 4876 1304 4913; x_wconf 88' lang='lat' dir='ltr'><strong>eum</strong></span> <span class='ocrx_word' id='word_1_747' title='bbox 1333 4861 1666 4933; x_wconf 75' lang='lat' dir='ltr'><strong>expulsum].</strong></span> <span class='ocrx_word' id='word_1_748' title='bbox 1702 4860 1817 4916; x_wconf 92' lang='lat' dir='ltr'><strong>Duc</strong></span> <span class='ocrx_word' id='word_1_749' title='bbox 1846 4878 1966 4917; x_wconf 91' lang='lat' dir='ltr'><strong>eam</strong></span> <span class='ocrx_word' id='word_1_750' title='bbox 2017 4865 2086 4919; x_wconf 87' lang='lat' dir='ltr'><strong>ad</strong></span> 
     </span>
    </p>
   </div>
   <div class='ocr_carea' id='block_1_92' title="bbox 518 4952 2085 5023">
    <p class='ocr_par' dir='ltr' id='par_1_92' title="bbox 518 4952 2085 5023">
     <span class='ocr_line' id='line_1_92' title="bbox 518 4952 2085 5023; baseline 0.002 -18"><span class='ocrx_word' id='word_1_751' title='bbox 518 4967 619 5007; x_wconf 89' lang='lat' dir='ltr'><strong>nos</strong></span> <span class='ocrx_word' id='word_1_752' title='bbox 654 4952 707 5005; x_wconf 93' lang='lat' dir='ltr'><strong>in</strong></span> <span class='ocrx_word' id='word_1_753' title='bbox 741 4952 1001 5015; x_wconf 89' lang='lat' dir='ltr'><strong>medium,</strong></span> <span class='ocrx_word' id='word_1_754' title='bbox 1043 4961 1099 5007; x_wconf 92' lang='lat' dir='ltr'><strong>et</strong></span> <span class='ocrx_word' id='word_1_755' title='bbox 1133 4952 1339 5007; x_wconf 87' lang='lat' dir='ltr'><strong>videbis</strong></span> <span class='ocrx_word' id='word_1_756' title='bbox 1372 4953 1597 5020; x_wconf 79' lang='lat' dir='ltr'><strong>gratiam</strong></span> <span class='ocrx_word' id='word_1_757' title='bbox 1628 4953 1846 5023; x_wconf 83' lang='lat' dir='ltr'><strong>benigni</strong></span> <span class='ocrx_word' id='word_1_758' title='bbox 1888 4965 1942 5009; x_wconf 93' lang='lat' dir='ltr'><strong>et</strong></span> <span class='ocrx_word' id='word_1_759' title='bbox 1971 4955 2085 5009; x_wconf 90' lang='lat' dir='ltr'><strong>ele-</strong></span> 
     </span>
    </p>
   </div>
   <div class='ocr_carea' id='block_1_93' title="bbox 517 5040 2087 5109">
    <p class='ocr_par' dir='ltr' id='par_1_93' title="bbox 517 5040 2087 5109">
     <span class='ocr_line' id='line_1_93' title="bbox 517 5040 2087 5109; baseline -0.001 -14"><span class='ocrx_word' id='word_1_760' title='bbox 517 5042 715 5097; x_wconf 89' lang='lat' dir='ltr'><strong>mentis</strong></span> <span class='ocrx_word' id='word_1_761' title='bbox 746 5040 858 5095; x_wconf 91' lang='lat' dir='ltr'><strong>Dei.</strong></span> <span class='ocrx_word' id='word_1_762' title='bbox 894 5040 1030 5094; x_wconf 87' lang='lat' dir='ltr'><strong>Cum</strong></span> <span class='ocrx_word' id='word_1_763' title='bbox 1064 5050 1243 5094; x_wconf 90' lang='lat' dir='ltr'><strong>autem</strong></span> <span class='ocrx_word' id='word_1_764' title='bbox 1285 5040 1341 5094; x_wconf 90' lang='lat' dir='ltr'><strong>in</strong></span> <span class='ocrx_word' id='word_1_765' title='bbox 1374 5041 1609 5094; x_wconf 90' lang='lat' dir='ltr'><strong>medium</strong></span> <span class='ocrx_word' id='word_1_766' title='bbox 1659 5041 1898 5095; x_wconf 87' lang='lat' dir='ltr'><strong>venisset</strong></span> <span class='ocrx_word' id='word_1_767' title='bbox 1946 5040 2087 5109; x_wconf 82' lang='lat' dir='ltr'><strong>regis</strong></span> 
     </span>
    </p>
   </div>
   <div class='ocr_carea' id='block_1_94' title="bbox 518 5130 2087 5202">
    <p class='ocr_par' dir='ltr' id='par_1_94' title="bbox 518 5130 2087 5202">
     <span class='ocr_line' id='line_1_94' title="bbox 518 5130 2087 5202; baseline -0.002 -15"><span class='ocrx_word' id='word_1_768' title='bbox 518 5134 649 5195; x_wconf 82' lang='lat' dir='ltr'><strong>ﬁlia,</strong></span> <span class='ocrx_word' id='word_1_769' title='bbox 682 5133 818 5186; x_wconf 84' lang='lat' dir='ltr'><strong>dixit</strong></span> <span class='ocrx_word' id='word_1_770' title='bbox 840 5130 1177 5202; x_wconf 88' lang='lat' dir='ltr'><strong>Epiphanius</strong></span> <span class='ocrx_word' id='word_1_771' title='bbox 1214 5132 1392 5187; x_wconf 73' lang='lat' dir='ltr'><strong>ﬁliolae</strong></span> <span class='ocrx_word' id='word_1_772' title='bbox 1422 5152 1435 5186; x_wconf 90' lang='lat'>:</span> <span class='ocrx_word' id='word_1_773' title='bbox 1468 5132 1598 5187; x_wconf 88' lang='lat' dir='ltr'><strong>Esto</strong></span> <span class='ocrx_word' id='word_1_774' title='bbox 1624 5133 1842 5202; x_wconf 88' lang='lat' dir='ltr'><strong>sapiens</strong></span> <span class='ocrx_word' id='word_1_775' title='bbox 1879 5146 1943 5186; x_wconf 88' lang='lat' dir='ltr'><strong>ac</strong></span> <span class='ocrx_word' id='word_1_776' title='bbox 1968 5146 2087 5185; x_wconf 84' lang='lat' dir='ltr'><strong>mo-</strong></span> 
     </span>
    </p>
   </div>
   <div class='ocr_carea' id='block_1_95' title="bbox 517 5224 2084 5295">
    <p class='ocr_par' dir='ltr' id='par_1_95' title="bbox 517 5224 2084 5295">
     <span class='ocr_line' id='line_1_95' title="bbox 517 5224 2084 5295; baseline 0 -18"><span class='ocrx_word' id='word_1_777' title='bbox 517 5225 689 5289; x_wconf 76' lang='lat' dir='ltr'><strong>tlesta,</strong></span> <span class='ocrx_word' id='word_1_778' title='bbox 717 5235 769 5279; x_wconf 88' lang='lat' dir='ltr'><strong>et</strong></span> <span class='ocrx_word' id='word_1_779' title='bbox 796 5226 1023 5279; x_wconf 79' lang='lat' dir='ltr'><strong>adorato</strong></span> <span class='ocrx_word' id='word_1_780' title='bbox 1052 5234 1203 5278; x_wconf 90' lang='lat' dir='ltr'><strong>tuum</strong></span> <span class='ocrx_word' id='word_1_781' title='bbox 1225 5235 1452 5293; x_wconf 89' lang='lat' dir='ltr'><strong>patrem.</strong></span> <span class='ocrx_word' id='word_1_782' title='bbox 1482 5225 1667 5295; x_wconf 87' lang='lat' dir='ltr'><strong>Lupus</strong></span> <span class='ocrx_word' id='word_1_783' title='bbox 1696 5225 1840 5279; x_wconf 88' lang='lat' dir='ltr'><strong>enim</strong></span> <span class='ocrx_word' id='word_1_784' title='bbox 1865 5224 1943 5279; x_wconf 89' lang='lat' dir='ltr'><strong>tui</strong></span> <span class='ocrx_word' id='word_1_785' title='bbox 1976 5239 2084 5277; x_wconf 92' lang='lat' dir='ltr'><strong>non</strong></span> 
     </span>
    </p>
   </div>
   <div class='ocr_carea' id='block_1_96' title="bbox 518 5316 2086 5387">
    <p class='ocr_par' dir='ltr' id='par_1_96' title="bbox 518 5316 2086 5387">
     <span class='ocr_line' id='line_1_96' title="bbox 518 5316 2086 5387; baseline 0.001 -20"><span class='ocrx_word' id='word_1_786' title='bbox 518 5316 885 5372; x_wconf 86' lang='lat' dir='ltr'><strong>dominabitur</strong></span> <span class='ocrx_word' id='word_1_787' title='bbox 918 5317 1172 5387; x_wconf 91' lang='lat' dir='ltr'><strong>amplius.</strong></span> <span class='ocrx_word' id='word_1_788' title='bbox 1226 5316 1354 5372; x_wconf 73' lang='lat' dir='ltr'><strong>lizec</strong></span> <span class='ocrx_word' id='word_1_789' title='bbox 1380 5332 1505 5372; x_wconf 90' lang='lat' dir='ltr'><strong>cum</strong></span> <span class='ocrx_word' id='word_1_790' title='bbox 1559 5317 1789 5372; x_wconf 82' lang='lat' dir='ltr'><strong>dixisset</strong></span> <span class='ocrx_word' id='word_1_791' title='bbox 1848 5316 2086 5386; x_wconf 86' lang='lat' dir='ltr'><strong>Epipha-</strong></span> 
     </span>
    </p>
   </div>
   <div class='ocr_carea' id='block_1_97' title="bbox 520 5407 2081 5478">
    <p class='ocr_par' dir='ltr' id='par_1_97' title="bbox 520 5407 2081 5478">
     <span class='ocr_line' id='line_1_97' title="bbox 520 5407 2081 5478; baseline 0.001 -19"><span class='ocrx_word' id='word_1_792' title='bbox 520 5407 664 5470; x_wconf 90' lang='lat' dir='ltr'><strong>nius,</strong></span> <span class='ocrx_word' id='word_1_793' title='bbox 696 5419 748 5462; x_wconf 90' lang='lat' dir='ltr'><strong>et</strong></span> <span class='ocrx_word' id='word_1_794' title='bbox 778 5424 897 5462; x_wconf 91' lang='lat' dir='ltr'><strong>eam</strong></span> <span class='ocrx_word' id='word_1_795' title='bbox 929 5419 1009 5463; x_wconf 89' lang='lat' dir='ltr'><strong>ter</strong></span> <span class='ocrx_word' id='word_1_796' title='bbox 1054 5409 1344 5477; x_wconf 84' lang='lat' dir='ltr'><strong>signasset,</strong></span> <span class='ocrx_word' id='word_1_797' title='bbox 1379 5409 1517 5463; x_wconf 86' lang='lat' dir='ltr'><strong>dixit</strong></span> <span class='ocrx_word' id='word_1_798' title='bbox 1562 5409 1800 5475; x_wconf 81' lang='lat' dir='ltr'><strong>spiritui,</strong></span> <span class='ocrx_word' id='word_1_799' title='bbox 1834 5408 1929 5478; x_wconf 90' lang='lat' dir='ltr'><strong>qui</strong></span> <span class='ocrx_word' id='word_1_800' title='bbox 1962 5421 2081 5461; x_wconf 82' lang='lat' dir='ltr'><strong>eam</strong></span> 
     </span>
    </p>
   </div>
   <div class='ocr_carea' id='block_1_98' title="bbox 518 5497 2084 5569">
    <p class='ocr_par' dir='ltr' id='par_1_98' title="bbox 518 5497 2084 5569">
     <span class='ocr_line' id='line_1_98' title="bbox 518 5497 2084 5569; baseline 0.001 -18"><span class='ocrx_word' id='word_1_801' title='bbox 518 5499 786 5565; x_wconf 80' lang='lat' dir='ltr'><strong>amtgcbat</strong></span> <span class='ocrx_word' id='word_1_802' title='bbox 820 5515 831 5550; x_wconf 94' lang='lat'>:</span> <span class='ocrx_word' id='word_1_803' title='bbox 875 5498 1179 5556; x_wconf 86' lang='lat' dir='ltr'><strong>Cucurristi</strong></span> <span class='ocrx_word' id='word_1_804' title='bbox 1225 5501 1366 5555; x_wconf 82' lang='lat' dir='ltr'><strong>male</strong></span> <span class='ocrx_word' id='word_1_805' title='bbox 1403 5501 1470 5554; x_wconf 88' lang='lat' dir='ltr'><strong>ad</strong></span> <span class='ocrx_word' id='word_1_806' title='bbox 1514 5499 1682 5554; x_wconf 90' lang='lat' dir='ltr'><strong>ﬁliam</strong></span> <span class='ocrx_word' id='word_1_807' title='bbox 1734 5500 1921 5569; x_wconf 82' lang='lat' dir='ltr'><strong>regis:</strong></span> <span class='ocrx_word' id='word_1_808' title='bbox 1955 5497 2084 5567; x_wconf 82' lang='lat' dir='ltr'><strong>fuge</strong></span> 
     </span>
    </p>
   </div>
   <div class='ocr_carea' id='block_1_99' title="bbox 518 5589 2084 5662">
    <p class='ocr_par' dir='ltr' id='par_1_99' title="bbox 518 5589 2084 5662">
     <span class='ocr_line' id='line_1_99' title="bbox 518 5589 2084 5662; baseline 0.001 -20"><span class='ocrx_word' id='word_1_809' title='bbox 518 5589 589 5642; x_wconf 90' lang='lat' dir='ltr'><strong>ab</strong></span> <span class='ocrx_word' id='word_1_810' title='bbox 615 5604 678 5643; x_wconf 87' lang='lat' dir='ltr'><strong>ea</strong></span> <span class='ocrx_word' id='word_1_811' title='bbox 713 5590 766 5644; x_wconf 92' lang='lat' dir='ltr'><strong>in</strong></span> <span class='ocrx_word' id='word_1_812' title='bbox 790 5591 928 5657; x_wconf 89' lang='lat' dir='ltr'><strong>loca,</strong></span> <span class='ocrx_word' id='word_1_813' title='bbox 957 5593 1023 5646; x_wconf 92' lang='lat' dir='ltr'><strong>ad</strong></span> <span class='ocrx_word' id='word_1_814' title='bbox 1047 5609 1169 5662; x_wconf 69' lang='lat' dir='ltr'><strong>quae</strong></span> <span class='ocrx_word' id='word_1_815' title='bbox 1196 5608 1304 5647; x_wconf 92' lang='lat' dir='ltr'><strong>non</strong></span> <span class='ocrx_word' id='word_1_816' title='bbox 1345 5602 1493 5662; x_wconf 89' lang='lat' dir='ltr'><strong>patet</strong></span> <span class='ocrx_word' id='word_1_817' title='bbox 1529 5593 1727 5647; x_wconf 88' lang='lat' dir='ltr'><strong>aditus.</strong></span> <span class='ocrx_word' id='word_1_818' title='bbox 1789 5591 1855 5645; x_wconf 87' lang='lat' dir='ltr'><strong>Et</strong></span> <span class='ocrx_word' id='word_1_819' title='bbox 1901 5593 2084 5646; x_wconf 83' lang='lat' dir='ltr'><strong>statim</strong></span> 
     </span>
    </p>
   </div>
   <div class='ocr_carea' id='block_1_100' title="bbox 522 5680 2086 5753">
    <p class='ocr_par' dir='ltr' id='par_1_100' title="bbox 522 5680 2086 5753">
     <span class='ocr_line' id='line_1_100' title="bbox 522 5680 2086 5753; baseline 0.003 -20"><span class='ocrx_word' id='word_1_820' title='bbox 522 5680 592 5734; x_wconf 85' lang='lat' dir='ltr'><strong>ab</strong></span> <span class='ocrx_word' id='word_1_821' title='bbox 628 5693 690 5733; x_wconf 87' lang='lat' dir='ltr'><strong>ea</strong></span> <span class='ocrx_word' id='word_1_822' title='bbox 724 5685 967 5736; x_wconf 80' lang='lat' dir='ltr'><strong>recessit.</strong></span> <span class='ocrx_word' id='word_1_823' title='bbox 995 5682 1130 5737; x_wconf 88' lang='lat' dir='ltr'><strong>Cum</strong></span> <span class='ocrx_word' id='word_1_824' title='bbox 1160 5695 1339 5739; x_wconf 87' lang='lat' dir='ltr'><strong>autem</strong></span> <span class='ocrx_word' id='word_1_825' title='bbox 1371 5685 1598 5738; x_wconf 89' lang='lat' dir='ltr'><strong>vidisset</strong></span> <span class='ocrx_word' id='word_1_826' title='bbox 1625 5682 1961 5753; x_wconf 84' lang='lat' dir='ltr'><strong>Epiphanius</strong></span> <span class='ocrx_word' id='word_1_827' title='bbox 2002 5698 2086 5737; x_wconf 87' lang='lat' dir='ltr'><strong>re-</strong></span> 
     </span>
    </p>
   </div>
   <div class='ocr_carea' id='block_1_101' title="bbox 498 5770 2081 5842">
    <p class='ocr_par' dir='ltr' id='par_1_101' title="bbox 498 5770 2081 5842">
     <span class='ocr_line' id='line_1_101' title="bbox 498 5770 2081 5842; baseline 0.001 -16"><span class='ocrx_word' id='word_1_828' title='bbox 498 5782 641 5838; x_wconf 70' lang='lat' dir='ltr'><strong>‘gem</strong></span> <span class='ocrx_word' id='word_1_829' title='bbox 693 5770 747 5827; x_wconf 91' lang='lat' dir='ltr'><strong>in</strong></span> <span class='ocrx_word' id='word_1_830' title='bbox 794 5787 986 5840; x_wconf 69' lang='lat' dir='ltr'><strong>magna</strong></span> <span class='ocrx_word' id='word_1_831' title='bbox 1017 5776 1243 5842; x_wconf 84' lang='lat' dir='ltr'><strong>exstasi,</strong></span> <span class='ocrx_word' id='word_1_832' title='bbox 1290 5775 1425 5830; x_wconf 81' lang='lat' dir='ltr'><strong>dixit</strong></span> <span class='ocrx_word' id='word_1_833' title='bbox 1459 5776 1508 5830; x_wconf 87' lang='lat' dir='ltr'><strong>ei</strong></span> <span class='ocrx_word' id='word_1_834' title='bbox 1536 5774 1685 5830; x_wconf 90' lang='lat' dir='ltr'><strong>vultu</strong></span> <span class='ocrx_word' id='word_1_835' title='bbox 1746 5774 2081 5833; x_wconf 83' lang='lat' dir='ltr'><strong>subridens:</strong></span> 
     </span>
    </p>
   </div>
   <div class='ocr_carea' id='block_1_102' title="bbox 2187 4584 3755 4661">
    <p class='ocr_par' dir='ltr' id='par_1_102' title="bbox 2187 4584 3755 4661">
     <span class='ocr_line' id='line_1_102' title="bbox 2187 4584 3755 4661; baseline 0.003 -21"><span class='ocrx_word' id='word_1_836' title='bbox 2187 4588 2295 4641; x_wconf 76' lang='grc' dir='ltr'>ἀπὸ</span> <span class='ocrx_word' id='word_1_837' title='bbox 2318 4589 2507 4650; x_wconf 85' lang='grc' dir='ltr'>τόπου,</span> <span class='ocrx_word' id='word_1_838' title='bbox 2537 4584 2697 4660; x_wconf 77' lang='grc' dir='ltr'>ἦλθεν</span> <span class='ocrx_word' id='word_1_839' title='bbox 2731 4589 3026 4660; x_wconf 78' lang='grc' dir='ltr'>προθύμως</span> <span class='ocrx_word' id='word_1_840' title='bbox 3048 4590 3140 4642; x_wconf 76' lang='grc' dir='ltr'><strong>ἐπὶ</strong></span> <span class='ocrx_word' id='word_1_841' title='bbox 3180 4589 3276 4661; x_wconf 82' lang='grc' dir='ltr'>σὴν</span> <span class='ocrx_word' id='word_1_842' title='bbox 3308 4590 3597 4661; x_wconf 81' lang='grc' dir='ltr'>θυγατέρα.</span> <span class='ocrx_word' id='word_1_843' title='bbox 3626 4590 3755 4645; x_wconf 86' lang='grc' dir='ltr'><strong>Ἐὰν</strong></span> 
     </span>
    </p>
   </div>
   <div class='ocr_carea' id='block_1_103' title="bbox 2188 4681 3754 4754">
    <p class='ocr_par' dir='ltr' id='par_1_103' title="bbox 2188 4681 3754 4754">
     <span class='ocr_line' id='line_1_103' title="bbox 2188 4681 3754 4754; baseline 0.003 -21"><span class='ocrx_word' id='word_1_844' title='bbox 2188 4681 2447 4751; x_wconf 81' lang='grc' dir='ltr'>πιστεύῃς</span> <span class='ocrx_word' id='word_1_845' title='bbox 2475 4681 2553 4751; x_wconf 82' lang='grc' dir='ltr'>τῷ</span> <span class='ocrx_word' id='word_1_846' title='bbox 2586 4682 3002 4753; x_wconf 81' lang='grc' dir='ltr'>ἐσταυρωμένῳ,</span> <span class='ocrx_word' id='word_1_847' title='bbox 3034 4682 3221 4735; x_wconf 85' lang='grc' dir='ltr'>τοῦτον</span> <span class='ocrx_word' id='word_1_848' title='bbox 3272 4683 3455 4737; x_wconf 86' lang='grc' dir='ltr'>διώκει</span> <span class='ocrx_word' id='word_1_849' title='bbox 3500 4685 3609 4738; x_wconf 83' lang='grc' dir='ltr'>ἀπὸ</span> <span class='ocrx_word' id='word_1_850' title='bbox 3655 4685 3754 4754; x_wconf 75' lang='grc' dir='ltr'>τῆς</span> 
     </span>
    </p>
   </div>
   <div class='ocr_carea' id='block_1_104' title="bbox 2188 4772 3754 4846">
    <p class='ocr_par' dir='ltr' id='par_1_104' title="bbox 2188 4772 3754 4846">
     <span class='ocr_line' id='line_1_104' title="bbox 2188 4772 3754 4846; baseline 0.003 -21"><span class='ocrx_word' id='word_1_851' title='bbox 2188 4772 2454 4843; x_wconf 82' lang='grc' dir='ltr'>θυγατρός</span> <span class='ocrx_word' id='word_1_852' title='bbox 2488 4790 2600 4826; x_wconf 94' lang='grc' dir='ltr'>σου.</span> <span class='ocrx_word' id='word_1_853' title='bbox 2618 4773 2876 4838; x_wconf 76' lang='grc' dir='ltr'>Φωτίζου,</span> <span class='ocrx_word' id='word_1_854' title='bbox 2903 4775 3110 4839; x_wconf 86' lang='grc' dir='ltr'>τέκνον,</span> <span class='ocrx_word' id='word_1_855' title='bbox 3145 4775 3242 4845; x_wconf 75' lang='grc' dir='ltr'><strong>τὴν</strong></span> <span class='ocrx_word' id='word_1_856' title='bbox 3264 4774 3360 4844; x_wconf 78' lang='grc' dir='ltr'><strong>σὴν</strong></span> <span class='ocrx_word' id='word_1_857' title='bbox 3387 4775 3630 4846; x_wconf 85' lang='grc' dir='ltr'>καρδίαν,</span> <span class='ocrx_word' id='word_1_858' title='bbox 3660 4777 3754 4829; x_wconf 71' lang='grc' dir='ltr'><strong>καὶ</strong></span> 
     </span>
    </p>
   </div>
   <div class='ocr_carea' id='block_1_105' title="bbox 2190 4863 3754 4938">
    <p class='ocr_par' dir='ltr' id='par_1_105' title="bbox 2190 4863 3754 4938">
     <span class='ocr_line' id='line_1_105' title="bbox 2190 4863 3754 4938; baseline 0.003 -23"><span class='ocrx_word' id='word_1_859' title='bbox 2190 4864 2350 4933; x_wconf 80' lang='grc' dir='ltr'>βλέπε</span> <span class='ocrx_word' id='word_1_860' title='bbox 2374 4863 2561 4916; x_wconf 87' lang='grc' dir='ltr'>τοῦτον</span> <span class='ocrx_word' id='word_1_861' title='bbox 2593 4864 2966 4935; x_wconf 89' lang='grc' dir='ltr'>ἐλαυνόμενον.</span> <span class='ocrx_word' id='word_1_862' title='bbox 3006 4866 3211 4934; x_wconf 79' lang='grc' dir='ltr'>Ἀγαγε</span> <span class='ocrx_word' id='word_1_863' title='bbox 3256 4866 3459 4937; x_wconf 84' lang='grc' dir='ltr'>ταύτην</span> <span class='ocrx_word' id='word_1_864' title='bbox 3500 4867 3559 4921; x_wconf 92' lang='grc' dir='ltr'><strong>ἐν</strong></span> <span class='ocrx_word' id='word_1_865' title='bbox 3605 4867 3754 4938; x_wconf 83' lang='grc' dir='ltr'>μέσῳ</span> 
     </span>
    </p>
   </div>
   <div class='ocr_carea' id='block_1_106' title="bbox 2187 4955 3754 5029">
    <p class='ocr_par' dir='ltr' id='par_1_106' title="bbox 2187 4955 3754 5029">
     <span class='ocr_line' id='line_1_106' title="bbox 2187 4955 3754 5029; baseline 0.003 -23"><span class='ocrx_word' id='word_1_866' title='bbox 2187 4955 2363 5024; x_wconf 85' lang='grc' dir='ltr'>ἡμῶν,</span> <span class='ocrx_word' id='word_1_867' title='bbox 2424 4957 2517 5008; x_wconf 76' lang='grc' dir='ltr'><strong>καὶ</strong></span> <span class='ocrx_word' id='word_1_868' title='bbox 2555 4955 2659 5025; x_wconf 73' lang='grc' dir='ltr'>ὕψη</span> <span class='ocrx_word' id='word_1_869' title='bbox 2697 4958 2853 5026; x_wconf 88' lang='grc' dir='ltr'>χάριν</span> <span class='ocrx_word' id='word_1_870' title='bbox 2890 4956 2984 5009; x_wconf 89' lang='grc' dir='ltr'><strong>τοῦ</strong></span> <span class='ocrx_word' id='word_1_871' title='bbox 3020 4956 3416 5027; x_wconf 84' lang='grc' dir='ltr'>φιλανθρώπου.</span> <span class='ocrx_word' id='word_1_872' title='bbox 3465 4958 3754 5029; x_wconf 83' lang='grc' dir='ltr'>Ἐλθούσης</span> 
     </span>
    </p>
   </div>
   <div class='ocr_carea' id='block_1_107' title="bbox 2186 5044 3755 5119">
    <p class='ocr_par' dir='ltr' id='par_1_107' title="bbox 2186 5044 3755 5119">
     <span class='ocr_line' id='line_1_107' title="bbox 2186 5044 3755 5119; baseline 0.001 -19"><span class='ocrx_word' id='word_1_873' title='bbox 2186 5048 2242 5100; x_wconf 81' lang='grc' dir='ltr'><strong>δὲ</strong></span> <span class='ocrx_word' id='word_1_874' title='bbox 2289 5048 2389 5117; x_wconf 84' lang='grc' dir='ltr'><strong>τῆς</strong></span> <span class='ocrx_word' id='word_1_875' title='bbox 2420 5047 2686 5119; x_wconf 83' lang='grc' dir='ltr'>θυγατρὸς</span> <span class='ocrx_word' id='word_1_876' title='bbox 2724 5048 2819 5101; x_wconf 87' lang='grc' dir='ltr'><strong>τοῦ</strong></span> <span class='ocrx_word' id='word_1_877' title='bbox 2877 5048 3139 5117; x_wconf 84' lang='grc' dir='ltr'>βασιλέως</span> <span class='ocrx_word' id='word_1_878' title='bbox 3167 5050 3225 5100; x_wconf 86' lang='grc' dir='ltr'><strong>ὲν</strong></span> <span class='ocrx_word' id='word_1_879' title='bbox 3250 5048 3327 5118; x_wconf 86' lang='grc' dir='ltr'><strong>τῷ</strong></span> <span class='ocrx_word' id='word_1_880' title='bbox 3383 5047 3553 5119; x_wconf 84' lang='grc' dir='ltr'>μέσῳ,</span> <span class='ocrx_word' id='word_1_881' title='bbox 3602 5044 3755 5102; x_wconf 80' lang='grc' dir='ltr'>εἶπεν</span> 
     </span>
    </p>
   </div>
   <div class='ocr_carea' id='block_1_108' title="bbox 2187 5138 3754 5213">
    <p class='ocr_par' dir='ltr' id='par_1_108' title="bbox 2187 5138 3754 5213">
     <span class='ocr_line' id='line_1_108' title="bbox 2187 5138 3754 5213; baseline 0.002 -23"><span class='ocrx_word' id='word_1_882' title='bbox 2187 5138 2501 5206; x_wconf 82' lang='grc' dir='ltr'>Ἐπιφάνιος</span> <span class='ocrx_word' id='word_1_883' title='bbox 2526 5138 2603 5208; x_wconf 85' lang='grc' dir='ltr'>τῷ</span> <span class='ocrx_word' id='word_1_884' title='bbox 2634 5138 2907 5210; x_wconf 88' lang='grc' dir='ltr'>θυγατρίῳ</span> <span class='ocrx_word' id='word_1_885' title='bbox 2925 5157 2937 5169; x_wconf 91' lang='grc'>·</span> <span class='ocrx_word' id='word_1_886' title='bbox 2970 5138 3131 5192; x_wconf 86' lang='grc' dir='ltr'>Γενοῦ</span> <span class='ocrx_word' id='word_1_887' title='bbox 3158 5140 3450 5209; x_wconf 87' lang='grc' dir='ltr'>φρονοῦσα,</span> <span class='ocrx_word' id='word_1_888' title='bbox 3468 5143 3562 5194; x_wconf 81' lang='grc' dir='ltr'>καὶ</span> <span class='ocrx_word' id='word_1_889' title='bbox 3589 5159 3754 5213; x_wconf 82' lang='grc' dir='ltr'>προσ-</span> 
     </span>
    </p>
   </div>
   <div class='ocr_carea' id='block_1_109' title="bbox 2187 5226 3754 5305">
    <p class='ocr_par' dir='ltr' id='par_1_109' title="bbox 2187 5226 3754 5305">
     <span class='ocr_line' id='line_1_109' title="bbox 2187 5226 3754 5305; baseline 0.005 -26"><span class='ocrx_word' id='word_1_890' title='bbox 2187 5226 2421 5297; x_wconf 87' lang='grc' dir='ltr'>κύνησον</span> <span class='ocrx_word' id='word_1_891' title='bbox 2451 5228 2542 5280; x_wconf 85' lang='grc' dir='ltr'><strong>τὸν</strong></span> <span class='ocrx_word' id='word_1_892' title='bbox 2573 5230 2664 5281; x_wconf 83' lang='grc' dir='ltr'><strong>σὸν</strong></span> <span class='ocrx_word' id='word_1_893' title='bbox 2689 5230 2921 5301; x_wconf 81' lang='grc' dir='ltr'>πατέρα.</span> <span class='ocrx_word' id='word_1_894' title='bbox 2948 5231 3124 5294; x_wconf 86' lang='grc' dir='ltr'>Λύκος</span> <span class='ocrx_word' id='word_1_895' title='bbox 3140 5231 3246 5303; x_wconf 77' lang='grc' dir='ltr'>γὰρ</span> <span class='ocrx_word' id='word_1_896' title='bbox 3276 5232 3356 5285; x_wconf 80' lang='grc' dir='ltr'><strong>ἐτι</strong></span> <span class='ocrx_word' id='word_1_897' title='bbox 3389 5233 3450 5285; x_wconf 85' lang='grc' dir='ltr'>οὺ</span> <span class='ocrx_word' id='word_1_898' title='bbox 3475 5235 3754 5305; x_wconf 86' lang='grc' dir='ltr'>κυριεύσει</span> 
     </span>
    </p>
   </div>
   <div class='ocr_carea' id='block_1_110' title="bbox 2191 5318 3753 5394">
    <p class='ocr_par' dir='ltr' id='par_1_110' title="bbox 2191 5318 3753 5394">
     <span class='ocr_line' id='line_1_110' title="bbox 2191 5318 3753 5394; baseline 0.005 -24"><span class='ocrx_word' id='word_1_899' title='bbox 2191 5334 2305 5373; x_wconf 89' lang='grc' dir='ltr'>σου.</span> <span class='ocrx_word' id='word_1_900' title='bbox 2341 5318 2525 5372; x_wconf 89' lang='grc' dir='ltr'>Ταῦτα</span> <span class='ocrx_word' id='word_1_901' title='bbox 2554 5320 2722 5373; x_wconf 78' lang='grc' dir='ltr'>εἰπὼν</span> <span class='ocrx_word' id='word_1_902' title='bbox 2747 5322 3082 5390; x_wconf 83' lang='grc' dir='ltr'>Ἐπιφάνιος,</span> <span class='ocrx_word' id='word_1_903' title='bbox 3117 5323 3503 5393; x_wconf 81' lang='grc' dir='ltr'>ἐπιλαϐόμενος</span> <span class='ocrx_word' id='word_1_904' title='bbox 3523 5326 3619 5394; x_wconf 86' lang='grc' dir='ltr'>τῆς</span> <span class='ocrx_word' id='word_1_905' title='bbox 3643 5343 3753 5394; x_wconf 87' lang='grc' dir='ltr'>χει-</span> 
     </span>
    </p>
   </div>
   <div class='ocr_carea' id='block_1_111' title="bbox 2190 5409 3752 5486">
    <p class='ocr_par' dir='ltr' id='par_1_111' title="bbox 2190 5409 3752 5486">
     <span class='ocr_line' id='line_1_111' title="bbox 2190 5409 3752 5486; baseline 0.004 -26"><span class='ocrx_word' id='word_1_906' title='bbox 2190 5409 2282 5479; x_wconf 78' lang='grc' dir='ltr'><strong>ρὸς</strong></span> <span class='ocrx_word' id='word_1_907' title='bbox 2313 5409 2405 5462; x_wconf 86' lang='grc' dir='ltr'><strong>τοῦ</strong></span> <span class='ocrx_word' id='word_1_908' title='bbox 2467 5410 2779 5483; x_wconf 89' lang='grc' dir='ltr'>θυγατρίου,</span> <span class='ocrx_word' id='word_1_909' title='bbox 2816 5412 2909 5465; x_wconf 73' lang='grc' dir='ltr'><strong>καὶ</strong></span> <span class='ocrx_word' id='word_1_910' title='bbox 2967 5414 3270 5483; x_wconf 86' lang='grc' dir='ltr'>σφραγίσας</span> <span class='ocrx_word' id='word_1_911' title='bbox 3318 5414 3485 5484; x_wconf 79' lang='grc' dir='ltr'>αὐτὴν</span> <span class='ocrx_word' id='word_1_912' title='bbox 3547 5415 3752 5486; x_wconf 87' lang='grc' dir='ltr'>τρίτον,</span> 
     </span>
    </p>
   </div>
   <div class='ocr_carea' id='block_1_112' title="bbox 2188 5494 3751 5577">
    <p class='ocr_par' dir='ltr' id='par_1_112' title="bbox 2188 5494 3751 5577">
     <span class='ocr_line' id='line_1_112' title="bbox 2188 5494 3751 5577; baseline 0.006 -27"><span class='ocrx_word' id='word_1_913' title='bbox 2188 5494 2340 5552; x_wconf 77' lang='grc' dir='ltr'>εἶπεν</span> <span class='ocrx_word' id='word_1_914' title='bbox 2380 5502 2514 5571; x_wconf 87' lang='grc' dir='ltr'>πρὸς</span> <span class='ocrx_word' id='word_1_915' title='bbox 2557 5503 2620 5554; x_wconf 80' lang='grc' dir='ltr'><strong>τὸ</strong></span> <span class='ocrx_word' id='word_1_916' title='bbox 2657 5504 2873 5574; x_wconf 88' lang='grc' dir='ltr'>πνεῦμα</span> <span class='ocrx_word' id='word_1_917' title='bbox 2923 5504 2983 5556; x_wconf 84' lang='grc' dir='ltr'>τὺ</span> <span class='ocrx_word' id='word_1_918' title='bbox 3017 5504 3195 5557; x_wconf 84' lang='grc' dir='ltr'>θλίϐον</span> <span class='ocrx_word' id='word_1_919' title='bbox 3229 5505 3398 5577; x_wconf 83' lang='grc' dir='ltr'>αὑτήν</span> <span class='ocrx_word' id='word_1_920' title='bbox 3425 5523 3439 5538; x_wconf 81' lang='grc' dir='ltr'><strong><em>ο</em></strong></span> <span class='ocrx_word' id='word_1_921' title='bbox 3475 5505 3751 5577; x_wconf 84' lang='grc' dir='ltr'>Ἔδραμες</span> 
     </span>
    </p>
   </div>
   <div class='ocr_carea' id='block_1_113' title="bbox 2186 5591 3751 5666">
    <p class='ocr_par' dir='ltr' id='par_1_113' title="bbox 2186 5591 3751 5666">
     <span class='ocr_line' id='line_1_113' title="bbox 2186 5591 3751 5666; baseline 0.003 -24"><span class='ocrx_word' id='word_1_922' title='bbox 2186 5591 2372 5655; x_wconf 73' lang='grc' dir='ltr'>κακῶς</span> <span class='ocrx_word' id='word_1_923' title='bbox 2399 5592 2491 5644; x_wconf 73' lang='grc' dir='ltr'><strong>ἐπὶ</strong></span> <span class='ocrx_word' id='word_1_924' title='bbox 2533 5593 2631 5663; x_wconf 81' lang='grc' dir='ltr'><strong>τὴν</strong></span> <span class='ocrx_word' id='word_1_925' title='bbox 2682 5593 2955 5666; x_wconf 89' lang='grc' dir='ltr'>θυγατέρα</span> <span class='ocrx_word' id='word_1_926' title='bbox 2984 5595 3077 5649; x_wconf 88' lang='grc' dir='ltr'><strong>τοῦ</strong></span> <span class='ocrx_word' id='word_1_927' title='bbox 3110 5595 3392 5664; x_wconf 85' lang='grc' dir='ltr'>βασιλέως.</span> <span class='ocrx_word' id='word_1_928' title='bbox 3432 5594 3603 5665; x_wconf 81' lang='grc' dir='ltr'>Φεῦγε</span> <span class='ocrx_word' id='word_1_929' title='bbox 3654 5595 3751 5647; x_wconf 76' lang='grc' dir='ltr'>ἀπ’</span> 
     </span>
    </p>
   </div>
   <div class='ocr_carea' id='block_1_114' title="bbox 2186 5682 3750 5759">
    <p class='ocr_par' dir='ltr' id='par_1_114' title="bbox 2186 5682 3750 5759">
     <span class='ocr_line' id='line_1_114' title="bbox 2186 5682 3750 5759; baseline 0.006 -25"><span class='ocrx_word' id='word_1_930' title='bbox 2186 5682 2356 5753; x_wconf 78' lang='grc' dir='ltr'>αὐτῆς</span> <span class='ocrx_word' id='word_1_931' title='bbox 2382 5684 2441 5736; x_wconf 89' lang='grc' dir='ltr'>ἐν</span> <span class='ocrx_word' id='word_1_932' title='bbox 2466 5685 2740 5756; x_wconf 82' lang='grc' dir='ltr'>ἀοικήτοις</span> <span class='ocrx_word' id='word_1_933' title='bbox 2784 5688 2989 5751; x_wconf 89' lang='grc' dir='ltr'>τόποις.</span> <span class='ocrx_word' id='word_1_934' title='bbox 3012 5689 3196 5742; x_wconf 81' lang='grc' dir='ltr'>Ταῦτα</span> <span class='ocrx_word' id='word_1_935' title='bbox 3223 5689 3389 5742; x_wconf 82' lang='grc' dir='ltr'>εἰπὼν</span> <span class='ocrx_word' id='word_1_936' title='bbox 3432 5690 3750 5759; x_wconf 80' lang='grc' dir='ltr'>Ἐπιφάνιος</span> 
     </span>
    </p>
   </div>
   <div class='ocr_carea' id='block_1_115' title="bbox 2187 5774 3749 5849">
    <p class='ocr_par' dir='ltr' id='par_1_115' title="bbox 2187 5774 3749 5849">
     <span class='ocr_line' id='line_1_115' title="bbox 2187 5774 3749 5849; baseline 0.006 -23"><span class='ocrx_word' id='word_1_937' title='bbox 2187 5774 2324 5846; x_wconf 79' lang='grc' dir='ltr'>πρὸς</span> <span class='ocrx_word' id='word_1_938' title='bbox 2353 5774 2442 5829; x_wconf 81' lang='grc' dir='ltr'>τὸν</span> <span class='ocrx_word' id='word_1_939' title='bbox 2467 5775 2714 5846; x_wconf 85' lang='grc' dir='ltr'>δαίμονα,</span> <span class='ocrx_word' id='word_1_940' title='bbox 2755 5777 2957 5842; x_wconf 75' lang='grc' dir='ltr'>εὐθέως</span> <span class='ocrx_word' id='word_1_941' title='bbox 3004 5778 3225 5849; x_wconf 81' lang='grc' dir='ltr'>ἐξῆλθεν</span> <span class='ocrx_word' id='word_1_942' title='bbox 3287 5780 3393 5835; x_wconf 81' lang='grc' dir='ltr'><strong>ἀπὺ</strong></span> <span class='ocrx_word' id='word_1_943' title='bbox 3424 5782 3523 5835; x_wconf 84' lang='grc' dir='ltr'><strong>τοῦ</strong></span> <span class='ocrx_word' id='word_1_944' title='bbox 3575 5781 3749 5836; x_wconf 73' lang='grc' dir='ltr'>θυγα-</span> 
     </span>
    </p>
   </div>
  </div>
