4078 6368
288 380 350 436 ιι
1565 379 1626 435 S.
1669 379 2011 436 EPIPHANII
2051 379 2240 437 Vl’l‘A.
3482 380 3552 436 42

288 500 466 571 τρίόυ.
515 497 660 552 Ἰδὼν
680 498 738 551 δὲ
798 497 1119 566 Ἐπιφάνιος
1181 500 1239 552 ἐν
1270 498 1530 554 ἐκστάσει
1584 500 1752 571 πολλῇ
1784 502 1878 552 τὸν

1983 501 2209 565 Laetare,
2238 518 2348 563 rex,
2381 502 2447 556 de
2477 511 2566 555 tua
2599 501 2735 563 lilia;
2772 501 2909 571 fugit
2952 503 3109 571 lupus
3142 503 3194 554 in
3244 502 3360 556 loca
3393 502 3554 557 inha-

291 590 538 662 βασιλέα,
575 585 731 643 εἶπεν
763 589 903 661 πρὸς
926 590 1093 642 αὐτόν
1114 608 1126 618 ·
1159 591 1351 661 Χαῖρε,
1387 592 1640 660 βασιλεῦ,
1672 593 1764 645 ἐπὶ
1800 592 1877 661 σῷ

288 682 603 752 θυγατρίῳ·
662 680 865 750 ἔφυγεν
920 684 949 734 ὁ
998 681 1159 744 λύκος
1198 685 1279 745 εἰς
1309 684 1603 754 ἀοικήτους
1655 685 1875 747 τόπους.

288 773 556 842 Πορεύου,
589 772 848 845 θύγατερ,
901 774 959 825 ὲν
992 772 1070 841 σῷ
1106 774 1360 844 ταμιείῳ,
1387 775 1479 827 καὶ
1500 774 1591 828 ἔσο
1612 776 1878 848 χαίρουσα

288 866 430 936 μετά
463 865 668 935 μητρὸς
697 864 1013 935 καλλίστης.
1048 865 1289 935 Πρόσεχε
1328 865 1513 919 λοιπὸν
1553 866 1632 936 τῷ
1665 866 1878 937 σώματί

288 975 382 1011 σου
403 975 419 989 ·
451 958 549 1010 καὶ
581 957 765 1011 οὐκέτι
798 956 1010 1024 ὲγγίσει
1041 957 1179 1025 πρὸς
1232 958 1292 1009 σὲ
1325 956 1654 1027 κακοῦργος.
1693 956 1878 1011 Ταῦτα

282 1049 570 1103 ἀκούσασα
597 1052 631 1119 ἡ
661 1048 908 1120 θυγάτηρ
934 1047 1029 1101 τοῦ
1053 1048 1320 1118 βασιλέως
1348 1049 1499 1117 παρά
1532 1050 1874 1118 Ἐπιφανίου,

285 1140 567 1212 ἐπορεύθη
594 1140 779 1193 λοιπὸν
809 1141 867 1192 ὲν
910 1139 989 1209 τῷ
1021 1141 1287 1211 ταμιείῳ,
1342 1140 1471 1193 ἔνθα
1502 1136 1571 1211 ἦν
1624 1144 1656 1211 ὴ
1695 1143 1877 1212 μήτηρ

282 1233 461 1302 αὐτῆς
496 1232 903 1301 καταμένουσα.
929 1232 1065 1284 Τότε
1094 1231 1158 1303 δὴ
1194 1235 1221 1285 ό
1252 1232 1505 1302 βασιλεὺς
1533 1233 1740 1286 ἔκλινεν
1780 1234 1878 1286 αὺ-

287 1325 426 1393 χένα
460 1323 786 1393 Ἑπιφανίῳ.
819 1324 1043 1386 ’ἰδόντες
1087 1324 1143 1375 δὲ
1183 1325 1233 1376 oi
1268 1324 1467 1388 πάντες
1507 1324 1599 1377 τὸν
1632 1322 1874 1393 βασιλέα,

284 1412 533 1465 κλίνουσι
562 1412 659 1464 καὶ
686 1412 844 1464 αὐτοὶ
876 1413 970 1464 ἐπὶ
1017 1411 1144 1481 γῆν,
1180 1412 1431 1480 λέγοντες
1458 1413 1595 1483 πρὸς
1636 1412 1875 1480 Ἐπιφά-

286 1520 432 1557 νιον’
477 1505 712 1575 Χάριτος
761 1504 897 1557 Θεοῦ
937 1504 1338 1575 κεκοσμημένε,
1388 1504 1669 1576 πρόθυμος
1722 1504 1873 1573 γίνου

1985 596 2249 649 bitabilia.
2293 593 2456 657 Vade,
2491 594 2619 654 ﬁlia.
2658 595 2714 648 in
2769 605 2921 648 tuum
2969 595 3259 654 conclave.
3290 604 3343 649 et
3380 597 3558 665 gaude

1982 702 2108 741 cum
2170 696 2347 740 matre
2383 695 2477 740 tua
2518 687 2747 754 optima,
2800 695 2857 741 et
2905 686 3125 740 attende
3166 686 3420 756 deinceps
3461 696 3555 741 tuo

1984 779 2200 847 corpori
2238 794 2250 829 :
2287 792 2463 847 neque
2508 777 2778 847 malignus
2808 776 2905 829 tibi
2944 774 3404 845 appropinquahit
3439 790 3558 837 am-

1982 870 2147 939 plius.
2186 869 2322 923 Cum
2346 869 2461 923 haec
2501 878 2684 922 autem
2725 869 2991 922 audiisset
3023 867 3129 921 ﬁlia
3163 871 3306 935 regis
3336 868 3405 922 ab
3432 869 3557 938 Epi-

1974 956 2200 1024 phanio,
2246 956 2342 1010 ivit
2371 956 2423 1009 in
2471 956 2675 1011 aulam.
2731 955 2886 1011 Tunc
2919 972 3014 1011 rex
3052 957 3333 1011 inclinavit
3356 958 3557 1013 collum

1974 1044 2299 1116 Epiphanio.
2333 1048 2471 1101 Cum
2517 1048 2779 1103 vidissent
2808 1062 2937 1102 vero
2960 1063 3153 1104 omnes
3199 1063 3408 1118 regem,
3452 1049 3558 1118 ipsi

1982 1153 2201 1208 quoque
2223 1154 2281 1193 se
2308 1139 2363 1192 in
2397 1149 2595 1193 terram
2616 1139 2907 1203 inclinant,
2941 1139 3183 1193 dicentes
3212 1138 3555 1209 Epiphanio:

1982 1228 2027 1282 0
2055 1229 2285 1297 plurima
2311 1239 2574 1284 exornate
2607 1232 2801 1300 gratia,
2837 1245 2998 1283 mane
3020 1241 3273 1300 prompto
3300 1238 3355 1285 et
3386 1230 3557 1286 alacri

1981 1320 2170 1374 animo
2195 1320 2339 1389 apud
2371 1335 2575 1389 regem.
2634 1319 2764 1375 Esto
2796 1330 2945 1388 pater
2994 1320 3114 1390 ejus
3179 1321 3451 1390 potentia.
3501 1331 3558 1375 et

1978 1412 2091 1465 eris
2131 1412 2415 1466 nobiscum
2456 1423 2739 1481 perpetuo.
2780 1410 3010 1466 Vo'xavit
3063 1414 3274 1467 daemon
3310 1413 3555 1483 regiam;

1983 1503 2088 1557 huc
2118 1503 2333 1565 venisti,
2362 1518 2488 1556 eum
2515 1502 2733 1571 iugasti.

284 1595 428 1665 πρὸς
466 1596 709 1666 βασιλέα,
747 1595 929 1666 πατὴρ
982 1595 1070 1647 τοῦ
1109 1597 1345 1666 κράτους
1374 1595 1561 1660 αὐτοῦ,
1621 1595 1715 1647 καὶ
1768 1594 1865 1664 ἔσῃ
1902 1592 2020 1662 μεθ’
2050 1592 2206 1663 ἡμῶν
2272 1592 2649 1655 ἀδιαλείπτως.
2684 1593 2952 1647 Ἐσκυλεν
3016 1594 3226 1648 δαίωων
3264 1595 3363 1665 τὴν
3402 1596 3557 1666 βασι·

282 1687 436 1741 λίδαο
459 1685 621 1759 ἦλθες
652 1687 885 1741 ἐνταῦθα
911 1686 1099 1739 τοῦτον
1120 1686 1329 1752 διῶξαι.

360 1822 463 1877 ΙΕ’.
488 1818 585 1885 Εἷς
616 1821 671 1874 δέ
698 1840 781 1886 τις
814 1823 873 1887 ἐξ
892 1821 1070 1876 αὐτῶν
1099 1825 1270 1894 μάγος
1291 1823 1399 1876 τῶν
1430 1822 1661 1896 πρώτων
1687 1823 1871 1891 ἔλεγεν

2045 1816 2160 1871 XV.
2196 1816 2352 1871 Unus
2373 1824 2552 1871 autem
2588 1831 2652 1869 ex
2687 1814 2766 1869 eis
2805 1815 3016 1884 primus
3070 1831 3136 1869 ex
3188 1817 3382 1886 magis,
3420 1816 3557 1874 dixit

286 1915 441 1983 αὐτῴ
467 1913 581 1984 μετ’
622 1914 940 1984 εὐμενείας-
995 1910 1063 1969 Ὦ
1114 1916 1301 1985 μάκαρ
1350 1916 1675 1984 Ἐπιφάνιε,
1734 1915 1875 1986 μάγε

285 2006 660 2077 πεποθημένε,
684 2001 848 2077 ἦλθες
870 2005 1104 2060 ἐνταῦθα
1131 2005 1225 2058 τοῦ
1259 2006 1622 2077 κατορθῶσαι.
1650 2005 1875 2058 Δίδασκε

285 2099 521 2160 πάντας.
558 2098 755 2161 πάντες
791 2099 841 2150 οί
879 2098 1043 2167 μάγοι
1077 2096 1477 2151 ὑπακούσονταί
1521 2114 1636 2152 σου.
1689 2096 1878 2148 Ἀκού-

283 2208 391 2254 σας
415 2191 475 2243 δὲ
512 2190 685 2243 ταῦτα
723 2190 1061 2258 Ἐπιφάνιος,
1130 2184 1283 2242 εἶπεν
1340 2189 1478 2262 πρὸς
1528 2189 1618 2242 τὸν
1652 2189 1875 2259 ἀνόητον

284 2283 495 2352 μάγον·
527 2276 597 2333 Ὦ
636 2281 777 2352 μάγε
823 2280 984 2352 ἐχθρὲ
1018 2281 1115 2349 τῆς
1157 2280 1436 2350 ἀληθείας,
1476 2279 1613 2350 μάθε
1667 2282 1742 2351 μὴ
1776 2281 1873 2334 λαι

287 2373 399 2425 λεῖν
420 2371 690 2434 ἀτάκτους
736 2371 951 2443 λόγους.
991 2371 1138 2424 Λάϐε
1170 2372 1420 2441 κατόχιον
1453 2372 1509 2424 ὲν
1541 2370 1617 2442 τῷ
1648 2372 1876 2443 στόματί

286 2482 410 2527 σου,
446 2465 542 2516 καὶ
568 2463 668 2534 ἔσῃ
698 2463 775 2535 μὴ
802 2463 979 2516 λαλῶν
1032 2465 1411 2528 ἀδιαλείπτως.
1460 2463 1553 2535 Μὴ
1596 2463 1706 2534 γὰρ
1754 2465 1877 2518 ὑπο-

285 2558 399 2609 νόει
430 2556 566 2608 Θεοῦ
601 2555 785 2609 δοῦλον
818 2557 990 2627 μάγον
1015 2556 1279 2628 ὑπάρχειν
1309 2558 1407 2629 τῆς
1438 2557 1670 2620 ἀδικίας.
1693 2556 1877 2611 Ταῦτα

280 2645 345 2697 δὲ
373 2644 546 2697 εἰπὼν
575 2646 918 2714 Ἐπιφάνιος,
950 2646 1152 2710 εὐθέως
1179 2646 1392 2717 ἔμεινεν
1449 2650 1476 2701 ό
1524 2649 1698 2719 μάγος
1740 2647 1875 2701 ἄλα-

283 2732 401 2797 λος,
429 2734 690 2805 ἀκίνητος
724 2737 817 2788 ἐπὶ
871 2735 948 2807 τῷ
1002 2736 1171 2807 τόπῳ.
1208 2736 1392 2790 Ταῦτα
1445 2736 1502 2790 δὲ
1552 2738 1675 2791 ίδὼν
1708 2738 1737 2790 ό
1771 2737 1869 2807 βα-

290 2826 498 2889 σιλεὺς,
548 2826 644 2878 καὶ
686 2826 747 2880 τὸ
798 2830 984 2896 στῖφος
1038 2828 1204 2881 αὑτοῦ
1246 2828 1308 2881 τὸ
1354 2828 1677 2900 περιεστὼς,
1728 2829 1877 2899 φόϐῳ

287 2917 533 2981 ἅπαντες
565 2918 911 2989 συνεχόμενοι
932 2920 1131 2973 ἔπεσαν
1161 2922 1253 2974 ἐπὶ
1282 2921 1381 2992 τὴν
1414 2924 1543 2992 γῆν.

364 3055 486 3120 ις’.
524 3052 668 3107 Ἰδὼν
695 3054 751 3107 δὲ
780 3055 1100 3124 Ἐπιφάνιος
1132 3056 1354 3120 τοῦτους
1382 3062 1672 3122 πεσόντας,
1700 3058 1874 3109 εκτεί-

1976 1910 2025 1963 ei
2056 1908 2285 1977 benigne
2308 1918 2360 1961 et
2388 1916 2636 1961 amanter
2664 1923 2676 1957 :
2704 1904 2747 1960 Ο
2778 1906 2930 1960 beate
2962 1907 3247 1976 Epiphani,
3277 1924 3432 1980 mage
3461 1910 3557 1965 de-

1977 2002 2230 2063 siderate,
2294 1999 2487 2053 venisti
2524 2000 2648 2063 huc,
2705 2007 2763 2052 ut
2820 2014 2919 2053 nos
2961 1997 3201 2053 adiceres
3262 2000 3549 2055 beneﬁcio.

1977 2093 2131 2147 Mane
2182 2092 2291 2158 hic,
2331 2092 2465 2145 doce
2522 2105 2665 2144 nos:
2702 2104 2894 2143 omnes
2930 2090 3069 2159 magi
3126 2091 3221 2145 tibi
3278 2092 3552 2163 obedienc.

1975 2177 2121 2239 Cum
2143 2182 2259 2236 haec
2287 2192 2467 2235 autem
2495 2180 2763 2235 audiisset
2792 2179 3130 2249 Epiphanius
3155 2221 3173 2247 ,
3230 2182 3365 2237 dixit
3394 2199 3556 2255 mago

1978 2273 2254 2344 insipienti
2296 2290 2310 2325 :
2344 2272 2388 2328 Ο
2420 2289 2576 2344 mage
2604 2273 2823 2328 inimice
2852 2273 3118 2338 veritatis,
3149 2275 3297 2331 disce
3326 2292 3436 2331 non
3466 2279 3554 2330 lo—

1978 2367 2070 2437 qui
2103 2369 2261 2419 verba
2297 2364 2585 2419 insolentia
2624 2381 2636 2416 :
2690 2366 2773 2419 ori
2810 2376 2904 2419 tuo
2936 2364 3167 2420 immitte
3208 2368 3552 2438 repagulum,

1976 2466 2165 2511 etnon
2222 2456 2462 2525 loqueris
2509 2456 2749 2512 assidue.
2802 2455 2923 2511 Noli
2971 2458 3283 2514 existimare
3334 2474 3552 2515 servum

1976 2544 2071 2600 Dei
2101 2561 2223 2600 esse
2257 2560 2474 2615 magum
2512 2547 2812 2616 injustitize.
2846 2546 2972 2602 [hec
3003 2564 3127 2603 eum
3164 2548 3390 2605 dixisset
3423 2550 3555 2622 Epi-

1977 2637 2231 2707 phanius,
2255 2638 2438 2691 statim
2471 2639 2559 2692 ille
2582 2640 2783 2694 mansit
2811 2639 2864 2693 in
2900 2640 3021 2696 loco
3049 2650 3236 2697 mutus
3262 2651 3319 2697 et
3356 2643 3555 2698 immo-

1976 2728 2121 2784 bilis.
2160 2728 2285 2784 Haec
2316 2740 2498 2783 autem
2548 2744 2672 2784 cum
2709 2746 2804 2785 rex
2837 2731 3086 2799 vidisset,
3120 2742 3173 2788 et
3204 2734 3383 2802 turba,
3432 2752 3556 2807 quas

1978 2833 2102 2874 eum
2152 2820 2567 2885 circumstabat,
2628 2836 2821 2876 omnes
2851 2835 2997 2878 metu
3025 2827 3308 2895 oppressi,
3348 2830 3555 2884 cecide-

1977 2918 2104 2964 runt
2136 2910 2194 2965 in
2220 2918 2445 2965 terram.

2046 3043 2185 3099 XVI.
2212 3044 2350 3100 Cum
2384 3059 2480 3100 eos
2514 3054 2699 3101 autem
2728 3048 2955 3104 vidisset
3000 3051 3263 3109 cadentes
3312 3051 3553 3124 Epipha-

290 3161 390 3206 νας
408 3145 511 3213 τὴν
542 3146 700 3215 χεῖρα
724 3145 861 3215 πρὸς
891 3146 983 3198 τὸν
1023 3145 1267 3215 βασιλέα,
1325 3146 1509 3215 ἔλεγεν
1558 3147 1707 3218 αὐτῷ
1756 3150 1872 3219 μετ’

1979 3137 2123 3201 nius,
2158 3152 2321 3190 manu
2368 3136 2438 3190 ad
2487 3152 2666 3207 regem
2695 3147 2941 3207 extensa,
2979 3142 3118 3198 dixit
3162 3143 3213 3197 ei
3264 3144 3497 3215 benigne
3535 3165 3549 3201 :

290 3235 585 3304 εὐμενείας
608 3252 621 3265 '
675 3236 927 3301 Ἀνάστα,
959 3238 1111 3306 γίνου
1144 3239 1203 3291 ὲν
1242 3240 1593 3302 καταστάσει,
1643 3241 1739 3292 καὶ
1788 3238 1880 3291 ἔσο

288 3328 460 3397 ὑγιὴς
494 3329 551 3381 ὲν
597 3327 673 3398 σῷ
708 3330 963 3400 ταμιείῳ.
1006 3330 1189 3383 Ταῦτα
1220 3331 1277 3383 δὲ
1324 3331 1493 3383 εἰπὼν
1541 3331 1878 3399 Ἐπιφάνιος,

291 3422 604 3490 ἀνέστησαν
622 3420 857 3485 ἅπαντες
885 3424 978 3475 ἐπὶ
1002 3424 1129 3485 τοὺς
1154 3423 1339 3485 πόδας.
1372 3420 1541 3477 Εἶπεν
1560 3424 1616 3477 δὲ
1648 3425 1879 3494 Ἐπιφά-

287 3529 406 3574 νιος
435 3510 514 3582 τῷ
552 3513 901 3583 μαγουσαίῳο
928 3514 1101 3567 Βλέπε
1149 3515 1201 3567 τί
1250 3516 1466 3585 βλέπεις
1492 3516 1587 3569 καὶ
1638 3517 1876 3580 ἀκούεις,

290 3602 517 3676 7.115611
554 3604 838 3673 προσέχων
861 3609 927 3676 τῇ
950 3605 1198 3676 ἀληθείᾳ.
1235 3607 1324 3676 Μή
1370 3624 1458 3676 μοι
1510 3607 1767 3679 πρόσεχε,
1804 3609 1880 3674 ὡς

292 3695 621 3765 μαγουσαίῳ
658 3712 672 3726 ·
713 3695 897 3759 δοῦλος
942 3698 1051 3767 γάρ
1109 3699 1224 3768 εἰμι
1278 3696 1371 3750 τοῦ
1424 3700 1875 3771 ὲσταυρωμένου·

287 3785 445 3839 λάλει
481 3788 574 3838 καὶ
596 3785 782 3849 ἀκουε,
810 3787 886 3849 ὡς
918 3787 978 3840 τὸ
1011 3788 1245 3858 πρῶτον.
1305 3787 1459 3840 Γίνου
1499 3789 1555 3841 δὲ
1597 3790 1748 3858 φίλος
1780 3790 1881 3859 τῆς

290 3876 576 3945 ἀληθείας.
608 3877 742 3929 Τότε
768 3878 796 3929 ό
833 3877 1005 3945 μάγος
1036 3878 1373 3945 ἀπελογεῖτο,
1405 3877 1670 3945 ἐσφάλθαι
1701 3878 1876 3947 λέγων

298 3967 438 4037 πρὸς
469 3968 807 4035 Ἑπιφάνιον.
835 3968 969 4019 Τότε
1002 3969 1030 4019 ό
1062 3968 1317 4038 βασιλεὺς
1355 3969 1639 4022 ἐκέλευσεν
1662 3970 1880 4040 ἐνεχθῆ-

293 4076 389 4110 ναι
408 4058 653 4128 χρυσίον,
685 4058 780 4112 καὶ
797 4060 1056 4129 ἄργυρον,
1083 4061 1176 4112 καὶ
1198 4062 1556 4130 μαργαρίτας,
1580 4062 1675 4113 καὶ
1703 4060 1881 4124 λίθους

294 4148 521 4219 τιμίους
572 4148 715 4201 κατὰ
741 4150 1032 4220 πρόσωπον
1062 4151 1297 4215 πάντων,
1347 4152 1443 4205 καὶ
1477 4153 1697 4223 τεθῆναι
1730 4153 1881 4224 παρά

298 4241 430 4303 τοὺς
458 4239 625 4303 πόδας
647 4241 990 4307 Ἐπιφανίου,
1025 4241 1200 4309 λέγων
1235 4242 1372 4314 πρὸς
1399 4242 1561 4295 αὐτόν
1584 4260 1599 4273 ·
1623 4243 1879 4313 Λάμσανε

297 4330 497 4392 ταῦτα,
514 4332 542 4383 ό
566 4331 751 4403 Πατὴρ
774 4332 951 4403 ἡμῶν,
977 4334 1071 4386 καὶ
1094 4332 1182 4403 ἔχε
1210 4333 1272 4402 δή
1308 4350 1373 4402 με
1397 4333 1537 4386 κατὰ
1558 4333 1735 4403 ψυχήν
1764 4350 1878 4387 σου.

296 4417 475 4475 Εἶπεν
507 4420 563 4473 δὲ
592 4421 912 4491 Ἐπιφάνιος
939 4423 1075 4493 πρὸς
1102 4422 1192 4475 τὸν
1217 4422 1469 4492 βασιλέαο
1508 4424 1697 4491 Ἡμεῖς
1711 4424 1882 4477 ἀπάν-

1981 3230 2175 3300 Surge,
2208 3230 2285 3283 sis
2311 3229 2456 3283 bono
2482 3237 2536 3283 et
2566 3232 2868 3300 tranquillo
2909 3234 3114 3299 animo,
3161 3242 3216 3288 et
3243 3238 3353 3290 eris
3383 3253 3552 3293 sanus

1980 3323 2034 3376 in
2068 3332 2162 3376 tuo
2184 3322 2461 3377 cubiculo.
2492 3321 2607 3377 Hoc
2642 3324 2790 3378 dicto
2845 3325 2914 3379 ab
2948 3324 3272 3396 Epiphanio,
3304 3344 3555 3383 surrexe-

1982 3422 2109 3467 runt
2141 3428 2333 3469 omnes
2384 3429 2549 3484 supra
2577 3413 2762 3484 pedes.
2801 3415 2949 3470 Dixit
2998 3427 3179 3471 autem
3214 3417 3554 3489 Epiphanius

1981 3519 2140 3575 mago
2178 3524 2192 3558 :
2230 3504 2363 3559 Vide
2394 3506 2525 3574 quid
2562 3506 2770 3570 videas,
2801 3517 2854 3561 et
2883 3508 3013 3577 quid
3057 3510 3267 3575 audias,
3294 3520 3348 3565 et
3380 3521 3555 3567 atten-

1979 3597 2076 3651 des
2103 3597 2334 3651 veritati.
2362 3595 2441 3652 Ne
2468 3598 2603 3651 mihi
2636 3601 2885 3655 attendas
2915 3610 3174 3671 tanquam
3196 3618 3353 3672 mago
3383 3622 3397 3657 :
3432 3620 3553 3660 sum

1979 3690 2125 3743 enim
2155 3704 2344 3744 servus
2369 3690 2611 3744 cruciﬁxi
2651 3706 2666 3743 :
2710 3692 2953 3760 loquere,
2984 3703 3040 3748 et
3084 3695 3232 3758 audi,
3281 3696 3556 3763 quomodo

1979 3795 2102 3833 eras
2131 3781 2279 3848 prius
2313 3798 2327 3833 :
2366 3792 2484 3835 esto
2514 3781 2725 3836 amicus
2763 3782 3027 3839 veritatis.
3075 3783 3228 3840 Tunc
3273 3802 3464 3856 magus
3496 3803 3556 3842 se

1979 3872 2278 3934 excusavit,
2311 3872 2499 3927 dicens
2534 3887 2593 3927 se
2644 3888 2767 3928 esse
2799 3875 3011 3944 lapsum
3064 3876 3117 3930 in
3164 3876 3550 3947 Epiphanium.

1982 3961 2095 4015 Rex
2129 3973 2307 4016 autem
2334 3963 2501 4032 jussit
2527 3964 2595 4017 ad
2619 3980 2678 4019 se
2710 3980 2906 4019 aurum
2936 3966 3116 4021 aﬂerri
3153 3978 3205 4022 et
3244 3978 3550 4037 argentum,

1982 4053 2305 4123 margaritas
2355 4063 2409 4108 et
2442 4070 2685 4125 gemmas
2737 4056 2793 4111 in
2836 4066 3131 4127 conspectu
3182 4059 3454 4125 omnium,
3500 4068 3555 4115 et

1981 4146 2109 4214 poni
2134 4146 2200 4199 ad
2229 4148 2397 4215 pedes
2429 4148 2739 4217 Epiphanii,
2773 4151 2822 4205 ei
2854 4150 3042 4205 dicens
3074 4169 3086 4204 :
3122 4151 3320 4220 Accipe
3350 4153 3486 4216 haec,
3514 4168 3552 4210 ο

1982 4236 2158 4302 Pater,
2206 4248 2261 4293 et
2298 4241 2400 4294 mei
2433 4242 2766 4296 memineris.
2820 4242 2919 4297 Cui
2976 4244 3115 4297 dixit
3166 4242 3550 4313 Epiphanius:

1981 4327 2091 4383 Nos
2119 4330 2301 4384 omnia
2347 4333 2770 4397 contemnimus,
2825 4342 2883 4387 ut
2912 4334 3195 4389 veritatem
3248 4345 3550 4392 teneamus.

1981 4420 2058 4476 Ne
2082 4422 2135 4475 in
2160 4422 2247 4477 his
2280 4422 2414 4476 mihi
2436 4423 2695 4479 exhibeas
2724 4424 3032 4479 molestiam
3064 4441 3076 4476 :
3125 4425 3378 4482 Chrisuts
3406 4429 3552 4483 enim

297 4529 409 4564 των
440 4513 908 4584 καταφρονοῦμεν,
938 4515 1085 4576 ὅπως
1116 4513 1409 4584 κρατῶμεν
1437 4515 1537 4584 τῆς
1584 4515 1840 4585 ἀληθείας
1864 4531 1878 4546 ·

1985 4528 2071 4567 me
2096 4512 2280 4568 docuit
2302 4513 2388 4568 his
2421 4530 2530 4569 non
2559 4530 2737 4584 egere.
2773 4515 2898 4570 Hmc
2934 4527 3025 4571 tua
3056 4517 3259 4587 accipe,
3299 4520 3465 4589 sepeli
3498 4521 3556 4575 in

302 4605 380 4672 μή
416 4621 506 4674 μοι
536 4605 738 4667 κόπους
794 4606 1000 4675 πάρεχε
1050 4606 1111 4657 ὲν
1155 4608 1267 4667 τοῖς
1296 4606 1522 4669 λοιποῖς.
1592 4606 1725 4676 Ἐμὲ
1772 4607 1881 4675 γὰρ

300 4693 538 4761 Χριστὸς
566 4692 803 4756 ἐδίδαξεν
837 4695 912 4764 μὴ
943 4693 1163 4765 χρῄζειν
1187 4694 1413 4749 τούτων.
1431 4696 1577 4750 Λάϐε
1601 4699 1664 4749 σὺ
1685 4698 1878 4763 ταῦτα,

299 4783 477 4851 θάψον
510 4787 567 4837 ὲν
600 4784 676 4855 σῷ
704 4787 960 4856 ταμιείῳ,
992 4788 1086 4839 καὶ
1116 4786 1267 4839 ἔσται
1294 4805 1376 4840 σοι
1421 4788 1589 4860 νεκρὰ
1646 4790 1879 4843 ἀδιαλεί-

302 4892 476 4939 πτως.
512 4876 685 4930 Μόνον
726 4879 1015 4948 προσέχεις
1053 4880 1146 4932 καὶ
1191 4881 1551 4950 περισπᾶσαι,
1614 4879 1689 4951 μὴ
1720 4881 1881 4934 δυνά-

304 4985 466 5037 μενος
517 4968 902 5039 ὠφεληθῆναιο
953 4970 1097 5039 ἔχεις
1128 4971 1327 5024 κακίαν
1380 4974 1438 5024 ὲν
1482 4973 1728 5043 λογισμῷ
1763 4991 1878 5041 σου,

297 5057 482 5127 ψυχὰς
512 5060 759 5112 ἀπόλλων
785 5060 872 5112 διὰ
900 5060 994 5113 τοῦ
1029 5060 1233 5130 χρυσοῦ
1265 5061 1358 5115 τοῦ
1402 5062 1645 5127 δοθέντος
1670 5082 1749 5117 σοι
1777 5066 1883 5118 ὑπὸ

300 5150 532 5217 Κυρίου,
587 5142 674 5202 ἵνα
704 5151 947 5222 παρέχῃς
997 5154 1112 5215 τοῖς
1138 5152 1433 5222 δεομένοις.
1467 5153 1621 5208 Γίνου
1674 5156 1883 5220 δίκαιος

299 5241 451 5310 παρὰ
470 5240 588 5309 Θεῷ
614 5241 721 5293 τῶν
746 5242 905 5303 ὅλων,
936 5244 1147 5314 μήποτε
1169 5244 1366 5315 κριθῇς
1392 5246 1450 5297 ἐν
1475 5245 1764 5319 καταδίκῃ,
1786 5248 1883 5301 καὶ

298 5333 399 5401 ἔσῃ
435 5333 836 5403 φρουρούμενος
864 5336 920 5386 ἐν
945 5335 1198 5406 ὲξωτέρῳ
1222 5337 1403 5389 σκότει
1421 5355 1435 5368 ο
1468 5339 1561 5390 καὶ
1593 5339 1713 5391 τότε
1748 5357 1882 5411 μνη-

300 5423 436 5492 σθῇς
465 5423 574 5476 τῶν
610 5424 758 5493 ἐμῶν
785 5425 976 5493 λόγων.
1033 5426 1171 5478 Ἀλλ’
1197 5426 1320 5497 ἄρτι
1367 5425 1515 5491 δέξαι
1568 5429 1690 5490 τοὺς
1718 5428 1886 5497 ἐμοὺς

295 5514 515 5583 λόγους,
540 5518 634 5567 καὶ
664 5516 783 5569 τότε
810 5516 909 5588 ἔσῃ
935 5517 1391 5588 εὐφραινόμενος
1424 5518 1498 5589 μὴ
1550 5518 1740 5589 χρείαν
1793 5519 1880 5588 ἔχε

298 5608 395 5660 τοῦ
429 5609 635 5677 κόσμου
668 5608 879 5671 τούτου,
908 5610 1002 5661 καὶ
1033 5610 1141 5673 πᾶς
1172 5610 1201 5661 ὁ
1238 5609 1440 5677 κόσμος
1481 5610 1882 5680 ὑποταγήσεταί

304 5716 410 5751 σοι.
443 5701 551 5751 Καὶ
591 5700 823 5770 πρόσεχε
875 5700 1070 5770 μάγοις
1105 5702 1502 5764 ἀκαταστάτοις
1532 5740 1547 5763 ,
1604 5702 1883 5754 ἀπατῶσίν

299 5805 361 5840 σε
393 5791 542 5860 νόμῳ
568 5790 844 5843 σκοτώδει.
871 5792 1011 5861 Ὥρα
1033 5790 1268 5861 ἔφθασεν
1286 5793 1318 5862 ἡ
1334 5791 1431 5846 τοῦ
1455 5792 1698 5863 ἀρίστου.
1725 5794 1880 5847 Βαῐνε

623 5885 894 5950 Ρλτοοι..
942 5886 1059 5949 Gn.
1108 5874 1244 5948 XL!
1258 5931 1273 5949 .

1981 4609 2127 4671 aula,
2161 4618 2214 4663 et
2243 4618 2405 4663 erunt
2438 4619 2653 4663 mortua
2693 4619 2979 4679 perpetuo.
3032 4609 3114 4666 Tu
3149 4612 3216 4666 iis
3261 4614 3438 4667 solum
3470 4625 3552 4668 at-

1980 4700 2161 4756 tendis
2193 4710 2248 4756 et
2298 4701 2640 4766 distraheris,
2697 4718 2821 4757 cum
2854 4703 3035 4772 juvari
3071 4718 3332 4773 nequeas.
3374 4704 3555 4760 Habes

1980 4791 2169 4845 vitium
2226 4792 2280 4845 in
2331 4800 2420 4846 tua
2468 4793 2819 4863 cogitatione,
2858 4804 2917 4848 ut
2962 4796 3056 4863 qui
3085 4796 3281 4864 perdas
3310 4799 3550 4857 animam

1981 4896 2077 4950 per
2101 4897 2294 4935 aurum
2347 4882 2443 4936 tibi
2495 4884 2681 4937 datum
2728 4898 2759 4937 a
2793 4882 3048 4948 Domino,
3099 4894 3159 4939 ut
3209 4887 3261 4940 id
3309 4893 3551 4955 praebeas

1978 4970 2284 5040 egentibus.
2347 4970 2479 5025 Esto
2511 4973 2694 5041 justus
2738 4975 2883 5043 apud
2924 4973 3093 5028 Deum
3146 4977 3548 5039 universorum,

1980 5075 2050 5114 ne
2082 5059 2223 5114 forte
2243 5060 2508 5128 judiceris
2535 5062 2588 5115 in
2626 5063 3111 5127 condemnatione,
3143 5072 3197 5116 et
3224 5063 3552 5118 custodiaris

1981 5151 2036 5204 in
2071 5151 2315 5207 tenebris
2337 5152 2720 5215 exterioribus,
2752 5160 2807 5208 et
2838 5162 2971 5208 tunc
2995 5169 3239 5208 meorum
3262 5154 3550 5208 verborum

1981 5242 2303 5297 recorderis.
2331 5240 2439 5297 Sed
2477 5258 2598 5312 quae
2625 5244 2748 5300 dico
2778 5246 2962 5308 modo,
2990 5246 3193 5313 accipe,
3218 5253 3273 5299 et
3301 5253 3433 5299 tunc
3460 5245 3552 5299 lan-

1980 5332 2203 5387 taheris.
2252 5330 2331 5387 Ne
2368 5334 2570 5389 habeas
2594 5349 2733 5405 Opus
2767 5337 2870 5390 hoc
2893 5336 3097 5390 mundo
3122 5345 3175 5390 et
3208 5345 3354 5391 totus
3387 5352 3550 5390 mun-

1981 5424 2084 5478 dus
2117 5425 2214 5478 tihi
2243 5426 2588 5496 subjicietur.
2622 5425 2741 5481 Noli
2791 5428 3071 5483 attendere
3135 5430 3309 5499 magis
3362 5428 3553 5483 incuu-

1983 5516 2281 5581 stantibus,
2318 5518 2412 5586 qui
2443 5519 2784 5572 tenebricosa
2818 5529 2866 5572 te
2915 5520 3029 5590 lege
3058 5512 3353 5589 decipiunt.
3392 5518 3553 5573 Venit

1983 5607 2115 5661 hora
2153 5610 2399 5676 prandii,
2456 5612 2590 5664 vade
2643 5611 2897 5665 alacriter
2937 5613 3003 5666 ad
3069 5628 3334 5668 mensam.
3382 5611 3551 5666 Multa

1983 5701 2127 5752 enim
2161 5700 2323 5754 verba
2370 5702 2719 5766 seminarem,
2778 5706 2872 5757 sed
2924 5720 3031 5758 non
3067 5720 3125 5757 es
3155 5704 3317 5759 ullius
3354 5703 3550 5756 horum

1982 5790 2272 5861 particeps.
2303 5793 2428 5848 Scio
2477 5795 2620 5847 enim
2666 5802 2813 5848 tuam
2869 5795 3250 5866 cogitationem
3302 5810 3330 5848 a
3363 5807 3549 5857 mensa

3150 5890 3190 5947 2
