4078 6368
538 347 611 412 63
1842 354 1899 410 S.
1938 350 2281 409 EPIPHANII
2315 351 2500 410 VITA.
3716 360 3792 418 £6

538 486 652 531 non
676 469 957 525 absistere.
984 467 1240 530 Comede,
1282 467 1561 523 moderate
1622 467 1809 522 fruere
1850 468 2060 523 deliciis
2096 485 2104 521 :

2216 468 2510 539 προθύμως
2562 469 2655 523 ἐπὶ
2693 468 2995 540 τραπέζης.
3054 465 3290 533 Πολλοὺς
3319 469 3428 541 γάρ
3479 468 3670 539 λόγους
3716 474 3792 526 ἂν

536 578 596 617 es
627 563 771 617 enim
798 562 992 616 horum
1022 561 1264 613 omnium
1298 561 1607 614 redditurus
1638 562 1927 619 rationem.

2212 560 2564 630 κατέσπειρα,
2616 560 2731 613 ἀλλ’
2765 560 2825 612 οὐ
2878 560 3128 629 μετέχεις
3175 559 3271 613 ἀπ’
3305 560 3520 622 οὐδενὸς
3561 561 3771 613 τούτων

547 653 691 721 Ἐγὼ
722 654 828 724 γὰρ
857 649 971 705 οἶδα
1006 652 1097 705 τὸν
1122 651 1380 722 λογισμόν
1404 669 1527 717 σου,
1569 653 1649 705 ὅτι
1688 653 1964 724 τραπέζης
2005 654 2105 705 οὐκ
2138 653 2453 720 ἀφίστασαι.
2478 652 2643 720 Φάγε,
2682 650 2956 722 τρύφησον
3002 652 3063 703 ἐν
3100 651 3436 705 καταστάσει
3456 666 3468 679 ·
3498 651 3654 719 λόγον
3678 652 3792 722 γάρ

540 748 666 816 ποιῇ
698 746 951 800 ἁπάντων
980 744 1204 798 τούτων.

604 835 769 889 XVII.
841 836 958 890 Rex
998 844 1177 889 autem
1222 836 1360 890 dixit
1406 835 1753 905 Epiphanio:
1809 836 2105 902 Adesdum,

535 926 712 990 Pater,
749 926 913 981 simul
938 926 1341 991 consideamus,
1381 937 1431 980 et
1470 928 1623 981 cibos
1654 928 2023 983 comedamus.
2058 929 2108 984 ls

534 1031 664 1070 vero
690 1016 827 1070 dixit
858 1015 961 1085 ipsi
998 1034 1010 1069 :
1045 1015 1211 1079 Vade,
1254 1016 1379 1071 sede
1406 1017 1461 1070 in
1501 1032 1709 1079 mensa,
1739 1018 1960 1072 comede
1985 1033 2107 1071 om-

536 1106 626 1159 nia
662 1121 784 1175 quae
829 1106 995 1161 soles.
1030 1104 1261 1160 Tantum
1307 1114 1358 1160 te
1419 1107 1638 1162 contine
1675 1108 1743 1161 ab
1790 1108 2108 1162 immodera-

535 1198 701 1252 tione.
737 1196 872 1252 Nam
907 1197 1039 1250 mihi
1078 1197 1231 1265 panis
1269 1196 1637 1261 furfuraceus,
1671 1208 1725 1252 et
1755 1214 1947 1267 parum
1977 1200 2106 1254 salis

534 1296 755 1356 propter
803 1287 1008 1342 reditus
1040 1286 1354 1341 facilitatem
1413 1289 1674 1357 praebebit
1720 1289 1774 1343 id
1835 1291 1977 1359 quod
2024 1300 2107 1344 est

533 1379 657 1432 usui
699 1379 1044 1447 corpusculo.
1103 1376 1229 1433 Haec
1292 1386 1474 1432 autem
1527 1393 1652 1433 cum
1706 1378 1933 1434 dixisset
1994 1381 2103 1449 regi

532 1469 889 1539 Epiphanius,
922 1469 1129 1523 dimisit
1167 1485 1262 1524 rex
1299 1484 1489 1524 omnes
1519 1485 1583 1524 ex
1616 1471 1761 1535 aula,
1787 1481 1840 1524 et
1863 1486 1960 1525 nos
1981 1470 2105 1539 jus-

533 1561 604 1615 sit
631 1560 838 1629 ingredi
869 1562 920 1614 in
954 1561 1286 1615 cubiculum.
1319 1560 1459 1619 Misit
1486 1575 1613 1615 vero
1647 1561 1712 1613 ad
1738 1576 1837 1615 nos
1864 1560 1919 1614 in
1946 1576 2103 1615 men-

2284 835 2380 886 lZ'.
2412 828 2578 885 Εἷπεν
2604 832 2661 884 δὲ
2693 832 2722 884 6
2754 831 3005 901 βασιλεὺς
3033 830 3170 901 πρὸς
3212 830 3524 898 Ἐπιφάνιον
3545 846 3557 859 ·
3594 828 3799 901 Δεῦρο,

2212 927 2423 995 Πάτερ,
2476 922 2973 993 συγκαθεσθῶμεν,
3003 924 3113 977 τῶν
3158 922 3432 993 ἐδωδίμων
3477 923 3791 993 φαγόμεθα..

2212 1012 2375 1068 Εἶπεν
2400 1016 2457 1067 δὲ
2498 1015 2810 1082 Ἐπιφάνιος
2838 1014 2977 1084 πρὸς
2998 1013 3089 1066 τὸν
3124 1013 3368 1084 βασιλέα·
3402 1015 3615 1079 Βάδιζε,
3649 1016 3788 1069 κάθο

2210 1122 2271 1157 ου
2316 1106 2407 1157 ἐπὶ
2436 1103 2747 1174 τραπέζης,
2795 1102 2939 1155 ἔσθιε
2978 1103 3156 1157 πάντα
3188 1105 3246 1155 ἐν
3291 1105 3549 1176 συνηθείᾳ
3572 1122 3587 1135 ·
3624 1107 3790 1176 μόνον

2216 1197 2386 1265 ἄπεχε
2419 1196 2518 1265 τῆς
2555 1195 2800 1261 ἀταξίας.
2846 1195 3000 1264 Ἐμοὶ
3029 1195 3139 1265 γὰρ
3166 1195 3328 1266 ἄρτος
3376 1196 3485 1247 ἀπὸ
3515 1194 3789 1265 πιτύρων,

2210 1284 2307 1336 καὶ
2350 1283 2481 1346 ἃλας
2524 1283 2719 1354 μικρὸν
2752 1284 2820 1337 δι’
2867 1283 3145 1336 εὐνοστίαν
3187 1283 3409 1354 παρέξει
3451 1284 3547 1355 τὴν
3594 1286 3791 1354 χρείαν

2208 1373 2301 1425 τοῦ
2346 1373 2616 1443 σώματος.
2648 1371 2835 1426 Ταῦτα
2877 1372 2933 1425 δὲ
2975 1372 3145 1426 εἰπὼν
3190 1373 3501 1441 Ἐπιφάνιος
3526 1374 3662 1445 πρὸς
3691 1376 3793 1426 τὸν

2211 1465 2433 1533 βασιλέα
2455 1505 2471 1530 ,
2506 1465 2770 1518 ἀπέλυσεν
2814 1464 3055 1527 ἅπαντας
3086 1465 3114 1515 6
3155 1464 3407 1534 βασιλεὺς
3448 1467 3514 1517 ἐκ
3556 1466 3651 1517 τοῦ
3684 1483 3785 1519 τα-

2213 1557 2384 1627 μείου·
2422 1557 2515 1609 καὶ
2550 1558 2699 1628 ἡμᾶς
2725 1556 3009 1609 ἐκέλευσεν
3054 1556 3312 1608 εἰσελθεῖν
3343 1559 3400 1609 ὲν
3442 1556 3520 1627 τῷ
3552 1556 3786 1609 κουϐου-

533 1658 651 1698 sam
683 1644 896 1698 diversa
928 1645 1177 1700 ciborum
1207 1661 1424 1715 genera.
1460 1645 1757 1700 Aversatus
1802 1656 1885 1701 est
1922 1656 2100 1700 autem

2206 1650 2370 1720 κλίῳ·
2425 1649 2517 1702 καὶ
2563 1648 2880 1701 ἀπέστειλεν
2931 1650 3064 1717 ἡμῖν
3109 1647 3341 1718 διάφορα
3384 1646 3657 1717 ἐδέσματα
3689 1649 3788 1700 ἐπὶ

533 1734 715 1788 omnia
753 1733 1105 1804 Epiphanius,
1146 1737 1322 1791 solum
1369 1752 1563 1806 panem
1608 1736 1765 1791 nobis
1810 1737 2056 1792 retinens
2090 1756 2103 1790 :

530 1839 641 1894 quo
676 1827 783 1890 usi,
832 1827 1013 1880 satiati
1060 1842 1273 1889 sumus,
1321 1830 1522 1898 gratias
1556 1838 1775 1898 agentes
1828 1828 1938 1883 Deo
1992 1828 2107 1883 uni-

530 1932 836 1972 versorum.
866 1917 1137 1973 Postridie
1164 1929 1343 1973 autem
1374 1920 1671 1987 imperator
1708 1921 1954 1974 accersiit
1983 1919 2106 1988 Epi-

532 2007 792 2078 plianium
823 2025 835 2061 :
870 2009 962 2078 qui
995 2010 1240 2063 modeste
1281 2018 1334 2063 ct
1360 2010 1662 2078 composite
1692 2010 1968 2076 incedens,
2012 2026 2107 2064 ve-

532 2101 613 2155 nit
643 2100 711 2155 ad
741 2116 942 2170 regem.
975 2100 1092 2169 Ipse
1123 2110 1303 2155 autem
1332 2116 1421 2155 rex
1452 2101 1519 2155 de
1551 2101 1678 2155 sede
1701 2115 1953 2168 surgens,
1990 2114 2108 2155 sce-

533 2200 713 2261 ptrum
753 2190 905 2259 ponit
938 2190 991 2243 in
1034 2200 1197 2245 terra.
1238 2190 1575 2260 Epiphanius
1602 2205 1731 2243 vero
1767 2190 1905 2243 dixit
1950 2190 2059 2260 regi
2091 2210 2103 2245 :

540 2281 740 2350 Accipe
763 2280 913 2349 regni
942 2280 1278 2350 dignitatem,
1314 2289 1368 2334 et
1398 2280 1473 2334 sis
1507 2288 1660 2349 grato
1694 2280 1747 2332 in
1786 2278 1953 2333 Deum
1992 2281 2110 2334 ani-

534 2385 644 2424 mo.
681 2369 794 2423 Rex
835 2371 1009 2424 dixit:
1049 2369 1202 2423 Mane
1233 2370 1322 2426 hic
1354 2370 1663 2435 nobiscum,
1699 2382 1870 2439 pater,
1902 2380 1955 2424 et
1989 2385 2107 2425 ser-

530 2461 671 2514 vabo
721 2468 935 2514 vestros
976 2474 1277 2513 sermones.
1328 2458 1661 2528 Epiphanius
1717 2468 1897 2514 autem
1949 2461 2107 2530 regi:

532 2550 590 2606 Si
625 2566 798 2614 meos,
843 2567 876 2605 o
907 2567 1020 2616 rex,
1074 2566 1355 2605 sermones
1400 2551 1728 2616 servaveris,
1784 2552 1862 2605 tui
1916 2554 2108 2607 memi-

534 2660 667 2699 nero
706 2645 1014 2714 ubicunque
1043 2643 1215 2699 fuero.
1241 2642 1539 2699 Mansimus
1565 2652 1743 2698 autem
1772 2645 1958 2699 decem
1993 2646 2109 2701 dies

533 2727 589 2788 in
618 2734 741 2788 aula
774 2735 942 2806 regis.
995 2733 1208 2799 Quibus
1261 2734 1478 2804 elapsis,
1516 2735 1629 2804 regi
1679 2734 1817 2787 dixit
1867 2734 2109 2804 Epipha~

531 2823 657 2877 nius
705 2841 719 2877 :
780 2823 954 2877 Cursu
983 2838 1199 2878 curram
1257 2823 1313 2877 in
1375 2839 1549 2877 meam
1609 2825 1860 2892 patriam.
1917 2825 2109 2891 Quer

529 2911 674 2966 enim
698 2926 910 2974 omnes,
951 2914 1045 2983 qui
1077 2913 1188 2967 illic
1210 2920 1356 2967 sunt.
1386 2912 1464 2966 Tu
1500 2913 1628 2968 sede
1673 2914 1725 2967 in
1758 2915 1955 2969 throno
1992 2925 2105 2979 tuo,

532 3001 667 3056 nihil
692 3003 939 3057 excitans
969 3004 1230 3057 adversus
1255 3001 1555 3057 Romanos.
1596 3002 1652 3056 Si
1695 2992 1839 3057 enim
1874 3005 1950 3058 sis
1991 3005 2096 3057 ini-
2130 2996 2171 3051 C

532 3094 707 3148 micus
739 3094 1022 3156 Romanis,
1060 3095 1171 3148 eris
1221 3094 1475 3148 inimicus
1532 3093 1813 3148 cruciﬁxo.
1856 3093 2010 3159 Quod
2046 3096 2098 3149 ‘si

531 3183 700 3239 fueris
727 3185 982 3240 inimicus
1021 3184 1290 3248 cruciﬁxi,
1321 3184 1460 3238 male
1489 3183 1690 3252 peribis
1724 3198 1755 3236 a
1784 3183 1891 3237 tuis
1917 3184 2101 3238 adver-

530 3280 713 3335 sariis.
743 3278 867 3334 Haec
891 3295 1011 3335 cum
1058 3280 1170 3347 regi
1196 3280 1421 3333 dixisset
1455 3278 1812 3349 Epiphanius,
1844 3280 1957 3334 ibat
2003 3295 2099 3334 rex

531 3383 654 3422 cum
686 3384 785 3422 sua
810 3378 1049 3431 caterva,
1098 3384 1199 3423 nos
1227 3369 1435 3437 primus
1464 3369 1738 3424 deducens
1771 3370 1825 3424 in
1857 3378 2100 3426 nostram

530 3459 831 3528 regionem.

2206 1739 2504 1812 τραπέζης.
2546 1739 2911 1809 Ἀπέστρεψεν
2955 1738 3011 1789 δὲ
3056 1738 3269 1791 ἅπαντα
3308 1738 3645 1806 Ἐπιφάνιος,
3685 1738 3785 1791 ἕνα

2207 1831 2369 1901 ἄρτον
2404 1831 2563 1900 μόνον
2602 1831 2880 1901 κρατήσας
2921 1832 3073 1899 ἡμῖν.
3116 1823 3187 1898 ⁷ῼ
3215 1829 3550 1900 χρησάμενοι
3592 1829 3774 1900 ἐκορέ-

2209 1922 2447 1992 σθημεν,
2488 1921 2937 1992 εὐχαριστοῦντες
2977 1920 3056 1989 τῷ
3104 1919 3222 1989 Θεῷ
3261 1920 3368 1972 τῶν
3407 1920 3562 1973 ὅλων.
3607 1921 3686 1989 Τῇ
3723 1920 3788 1972 δὲ

2207 2012 2467 2084 ἐπαύριον
2498 2012 2813 2083 μετέστελλε
2845 2015 2872 2065 ὀ
2903 2011 3152 2081 βασιλεὺς
3187 2010 3273 2063 τὸν
3308 2012 3638 2077 Ἐπιφάνιον,
3670 2010 3783 2062 Τοῦ

2209 2105 2265 2156 δὲ
2295 2103 2645 2174 ἐμϐαίνοντος
2677 2105 2737 2157 ἐν
2770 2095 3131 2165 καταστάσει,
3161 2102 3394 2171 ἔφθασεν
3432 2101 3657 2170 ἔγγιστα
3684 2102 3783 2155 τοῦ

2209 2193 2491 2265 βασιλέως·
2528 2194 2689 2257 αὐτὸς
2729 2193 2784 2246 δέ
2825 2193 3060 2256 ἀναστὰς
3088 2192 3195 2245 ἀπὸ
3230 2191 3324 2244 τοῦ
3356 2191 3566 2263 θρόνου,
3598 2192 3785 2261 τίθησι

2206 2284 2268 2338 τὸ
2298 2284 2567 2354 βασίλειον
2599 2285 2690 2337 ἐπὶ
2718 2283 2819 2354 τὴν
2847 2284 2970 2353 γῆν.
3002 2280 3168 2335 Εἶπεν
3210 2282 3266 2336 δὲ
3304 2283 3615 2351 Ἐπιφάνιος
3644 2283 3788 2350 πρὸς

2207 2378 2299 2430 τὸν
2355 2377 2605 2449 βασιλέα·
2657 2377 2801 2430 Λάϐε
2854 2376 2913 2429 τὸ
2957 2375 3173 2445 ἀξίωμα
3213 2374 3315 2445 τῆς
3349 2374 3653 2445 βασιλείας·
3691 2376 3781 2427 καὶ

2210 2468 2298 2539 ἔχε
2354 2469 2490 2540 πρὸς
2536 2468 2666 2521 Θεὸν
2706 2466 3141 2537 εὐγνωμοσύνην.
3174 2462 3341 2518 Εἶπεν
3368 2467 3426 2518 δὲ
3456 2469 3483 2519 6
3530 2465 3784 2534 βασιλεὺς

2210 2559 2345 2628 πρὸς
2407 2560 2716 2627 Ἐπιφάνιον
2738 2573 2750 2587 ·
2797 2558 2940 2611 Μένε
2990 2557 3109 2627 μεθ’
3144 2556 3297 2627 ἡμῶν
3326 2557 3533 2619 ἐνθάδε,
3565 2556 3773 2626 Πάτερ,

2209 2651 2303 2703 καὶ
2351 2649 2543 2720 ἔσομαι
2589 2649 2805 2721 κρατῶν
2850 2651 2975 2711 τοὺς
3014 2649 3311 2718 ὑμετέρους
3360 2648 3571 2716 λόγους.
3613 2644 3787 2701 Εἶπεν

2208 2740 2265 2794 δὲ
2323 2742 2633 2812 Ἐπιφάνιος
2684 2741 2820 2813 πρὸς
2866 2742 2958 2793 τὸν
3008 2740 3251 2810 βασιλέα·
3313 2741 3437 2793 Ἐὰν
3494 2741 3787 2813 κρατήσῃς

2208 2833 2334 2894 τοὺς
2375 2835 2540 2902 ἐμοὺς
2578 2833 2796 2901 λόγους,
2830 2832 3190 2902 μνημονεύσω
3212 2849 3303 2885 σου
3340 2834 3472 2886 ὅπου
3504 2832 3601 2885 ἐάν
3639 2835 3779 2901 είμι.

2223 2924 2584 2994 Ἐποίησαμεν
2622 2926 2679 2977 δὲ
2727 2925 2755 2977 ι’
2786 2924 2996 2995 ἡμέρας
3032 2925 3089 2976 ἐν
3119 2923 3195 2995 τῷ
3224 2924 3456 2995 ταμιείῳ
3482 2924 3577 2977 τοῦ
3622 2924 3785 2993 βασι-υ

2203 3013 2358 3077 λέως.
2395 3009 2562 3066 Εἶπεν
2608 3013 2669 3066 δὲ
2709 3013 3023 3081 Ἐπιφάνιος
3059 3012 3192 3084 πρὸς
3234 3013 3324 3067 τὸν
3367 3013 3610 3083 βασιλέα·
3639 3017 3785 3085 Apa-

2209 3103 2416 3174 μοῦμαι
2462 3105 2552 3156 ἐπ)¹
2595 3104 2733 3176 ἐμὴν
2769 3105 3020 3175 πατρίδα.
3061 3103 3217 3175 Ζητῶ
3265 3104 3370 3176 γὰρ
3416 3107 3627 3169 πάντας
3653 3108 3785 3169 τοὺς

2206 3198 2323 3249 ἐκεῖ
2362 3197 2541 3259 ὄντας,
2596 3197 2689 3249 καὶ
2734 3196 2826 3250 ἔσο
2872 3196 3177 3267 καθήμενος
3218 3198 3311 3249 ἐπὶ
3346 3197 3424 3266 τῷ
3469 3197 3665 3268 θρόνῳ,
3705 3198 3787 3268 μὴ

2208 3286 2623 3356 ἐπεγειρόμενος
2667 3286 2810 3339 κατά
2849 3285 3153 3355 Ῥωμαίων.
3196 3284 3321 3337 Ἐὰν
3349 3284 3459 3354 γὰρ
3489 3285 3781 3357 ἐχθραίνῃς

2208 3378 2319 3439 τοῖς
2373 3376 2698 3447 Ῥωμαίοις,
2740 3376 2840 3449 ἔσῃ
2880 3376 3174 3447 ἐχθραίνων
3223 3375 3299 3446 τῷ
3357 3376 3780 3448 ἐσταυρωμένῳ·

2208 3467 2301 3519 ἐὰν
2334 3468 2443 3538 γὰρ
2486 3466 2548 3538 [ί.
2589 3468 2683 3520 ἐὰν
2709 3466 2787 3538 δὲ]
2817 3470 2948 3538 γένῃ
2981 3466 3173 3538 ἐχθρὸς
3214 3467 3307 3520 τοῦ
3345 3467 3783 3538 σταυρωθέντος,

528 3554 740 3626 τακήσῃ
770 3553 955 3616 κακῶς
1000 3553 1104 3606 ὑπὸ
1136 3553 1242 3606 τῶν
1274 3552 1580 3606 ἀντιδίκων.
1650 3553 1833 3606 Ταῦτα
1877 3554 1934 3607 δέ
2004 3556 2172 3609 εἰπὼν
2224 3560 2533 3627 Ἐπιφάνιος
2580 3559 2716 3632 πρὸς
2753 3560 2845 3612 τὸν
2885 3559 3127 3629 βασιλέα,
3168 3559 3453 3613 ἐπέϐαινεν
3491 3559 3711 3630 πρῶτος
3750 3564 3783 3612 6

530 3644 784 3715 βασιλεὺς
818 3643 956 3715 μετά
986 3644 1082 3696 τοῦ
1105 3644 1323 3711 στίφους
1357 3642 1551 3706 αὐτοῦ,
1579 3644 1921 3713 προπέμπων
1945 3646 2093 3713 ἡμᾶς
2130 3648 2221 3699 ἐπὶ
2254 3647 2352 3717 τὴν
2382 3646 2586 3718 χώραν.

600 3733 790 3789 XVIII.
863 3734 1001 3790 Cum
1052 3735 1255 3805 egressi
1311 3744 1491 3789 autem
1547 3751 1791 3791 essemus
1837 3752 1904 3789 ex
1956 3738 2103 3801 aula,

527 3842 657 3883 ecce
692 3835 810 3881 erat
838 3825 1154 3880 adolescens
1199 3834 1451 3880 mortuus
1481 3825 1536 3879 in
1576 3826 1822 3894 grabato,
1856 3827 1949 3895 qui
1987 3837 2105 3881 erat

530 3919 676 3973 ﬁlius
706 3917 872 3972 unius
919 3932 986 3970 ex
1026 3917 1367 3986 proceribus.
1407 3918 1545 3971 Eum
1592 3932 1722 3971 vero
1754 3916 1998 3972 ferebant
2034 3919 2101 3975 ad

529 4026 717 4075 canes,
752 4019 811 4064 ut
844 4010 1176 4079 projicerent
1202 4008 1561 4063 exedendum.
1596 4007 1743 4062 Dixit
1767 4019 1946 4064 autem
1974 4009 2101 4080 Epi-

530 4104 767 4173 phanius
793 4102 859 4157 iis
885 4102 975 4171 qui
1002 4100 1246 4156 ferebant
1276 4110 1552 4155 mortuum
1580 4100 1738 4166 :Quo
1766 4101 1853 4158 itis
1879 4103 1945 4157 ad
1977 4118 2102 4157 eum

531 4193 942 4265 sepeliendum?
984 4193 1183 4248 Dicunt
1223 4192 1574 4263 Epiphanio:
1615 4194 1720 4259 Qui
1750 4194 1860 4248 vita
1913 4210 2105 4251 exces—

532 4285 623 4350 sit,
653 4284 937 4339 vorabitur
966 4300 997 4338 a
1030 4285 1278 4340 canibus.
1308 4282 1648 4354 Epiphanius
1682 4295 1865 4339 autem
1912 4298 2101 4342 tenens

533 4376 840 4446 grabatum,
870 4375 1008 4429 dixit
1027 4376 1107 4430 eis
1134 4393 1147 4429 :
1174 4374 1218 4428 Ο
1247 4374 1341 4428 tilii
1366 4413 1381 4438 ,
1412 4375 1563 4428 humi
1593 4375 1869 4444 deponite.
1901 4374 2100 4430 Videa-

2277 3739 2383 3793 IH'.
2434 3739 2620 3810 Ἠμῶν
2648 3738 2704 3789 δὲ
2748 3736 3069 3804 ἐξελθόντων
3113 3738 3177 3791 ἐκ
3215 3737 3308 3790 τοῦ
3342 3738 3621 3806 ταμιείου,
3667 3739 3785 3796 ἰδοὺ

2204 3830 2480 3893 νεανίσκος
2509 3829 2783 3900 τεθνηκὼς
2824 3824 2892 3899 ἦν
2934 3829 3026 3880 ἐπὶ
3066 3828 3161 3882 τοῦ
3196 3828 3488 3900 κραϐάτου,
3524 3829 3642 3893 υἱὸς
3675 3832 3781 3883 ὑπ-

2204 3920 2387 3991 άρχων
2414 3921 2532 3983 ἐνὸς
2569 3920 2678 3973 τῶν
2728 3920 3085 3991 μεγιστάνων.
3134 3919 3335 3972 Τοῦτον
3375 3920 3650 3990 ἀπέφερον
3682 3923 3784 3976 ἐπὶ

2205 4013 2330 4075 τούς
2358 4012 2715 4082 ἀστροκύνας,
2745 4012 2891 4074 ὅπως
2922 4010 3148 4081 ρίψωσιν
3180 4011 3271 4064 ἐπὶ
3296 4013 3360 4081 τῇ
3402 4012 3777 4083 καταὸρώσει.

2218 4103 2276 4154 Ὀ
2309 4102 2366 4154 δὲ
2410 4102 2721 4172 Ἐπιφάνιος
2760 4104 2871 4166 τοῖς
2900 4102 2976 4173 (α)
3002 4101 3094 4155 τοῦ
3122 4101 3396 4173 κραδάτου
3434 4102 3619 4172 ἔλεγεν
3654 4107 3778 4174 μετ’

2204 4194 2508 4263 εὐμενείας·
2557 4192 2870 4254 Ἀπόθεσθε,
2901 4193 3087 4255 τέκνα,
3119 4192 3213 4245 ἐπὶ
3251 4192 3348 4263 τὴν
3383 4193 3503 4263 γῆν.
3542 4194 3776 4263 Ἴδωμεν

2204 4288 2298 4340 καὶ
2337 4289 2497 4357 ἡμεῖς
2541 4286 2633 4342 τὸν
2673 4285 2960 4341 τεθνεῶτα.
3000 4280 3163 4348 Οὗτος
3194 4284 3251 4337 δὲ
3284 4286 3312 4337 6
3350 4288 3481 4349 παῖς
3523 4286 3627 4339 ὐπὸ
3664 4304 3774 4357 μα-

2202 4376 2357 4443 γείας
2396 4374 2583 4428 ἔθανεν
2627 4376 2813 4439 κακῶς
2841 4375 2944 4428 ὑπὸ
2972 4374 3299 4445 κακούργου.
3341 4376 3499 4439 Ἔθος
3529 4376 3585 4428 δέ
3620 4379 3775 4430 ἐστιν

532 4484 656 4523 mus
698 4481 797 4521 nos
829 4481 1046 4535 quoque
1072 4475 1368 4520 mortuum.
1403 4464 1503 4521 Hic
1532 4481 1662 4519 vero
1696 4481 1830 4534 puer
1869 4475 2095 4523 necatus

2206 4467 2329 4536 περὶ
2369 4468 2494 4529 τούς
2536 4467 2781 4538 Πέρσας,
2828 4470 2955 4529 τούς
2997 4466 3422 4537 τελευτήσαντας
3468 4466 3768 4538 βρωθῆναι·

532 4560 712 4614 fuerat
734 4568 849 4612 arte
880 4558 1087 4625 magica
1119 4574 1149 4611 a
1184 4558 1420 4626 quodam
1455 4557 1723 4611 maleﬁco.
1753 4556 1872 4613 Mos
1900 4566 1983 4613 est
2002 4574 2101 4612 au-

532 4663 639 4710 tem
665 4654 807 4721 apud
828 4651 1046 4713 Persas,
1077 4661 1135 4705 ut
1162 4651 1256 4720 qui
1292 4658 1419 4704 sunt
1447 4652 1673 4715 mortui,
1712 4651 2040 4705 devorentur
2067 4665 2099 4703 a

531 4746 779 4801 canibus.
808 4744 944 4799 Cum
978 4743 1011 4795 ii
1049 4758 1179 4813 ergo
1212 4742 1461 4810 protinus
1489 4740 1770 4812 grabatum
1812 4742 2097 4810 deposuis-

530 4845 673 4902 sent,
703 4835 813 4904 regi
842 4834 979 4888 dixit
1008 4832 1339 4901 Epiphanius
1374 4850 1387 4885 :
1416 4831 1460 4885 Ο
1494 4848 1607 4893 rex,
1650 4831 1742 4900 qui
1794 4831 1940 4900 regis
1976 4846 2098 4884 ma-

530 4930 614 4983 los
655 4938 705 4982 et
730 4928 945 4995 iniquos
975 4925 1246 4984 homines,
1279 4923 1563 4992 oportebat
1602 4926 1765 4985 hunc,
1806 4923 1899 4992 qui
1927 4938 1958 4977 e
1987 4922 2098 4976 vita

530 5019 783 5084 excessit,
829 5019 887 5071 in
921 5027 1064 5071 terra
1102 5016 1336 5084 sepeliri,
1373 5024 1432 5068 ut
1458 5016 1550 5085 qui
1580 5015 1796 5069 coalitus
1841 5014 1968 5068 tuba
2001 5028 2095 5067 ca-

531 5121 643 5175 net,
686 5127 810 5166 cum
843 5111 968 5163 hinc
1017 5109 1186 5179 possit
1216 5109 1501 5162 traducere
1539 5107 1607 5160 ad
1648 5106 1828 5175 ipsum
1862 5104 2098 5159 adoran-

531 5204 680 5258 dum.
713 5202 784 5256 Es
821 5211 1003 5256 autem
1034 5216 1126 5255 rex
1157 5200 1292 5253 adeo
1322 5198 1693 5267 improborum
1723 5205 1777 5250 et
1806 5196 2097 5251 scelerato-

532 5310 652 5349 rum
704 5293 1009 5358 hominum,
1069 5301 1130 5347 ut
1173 5292 1259 5346 vel
1288 5301 1414 5345 ante
1456 5300 1671 5359 tempus
1718 5289 1819 5344 sibi
1865 5299 2095 5344 mortem

531 5386 781 5440 aﬂ‘erant.
829 5384 949 5451 llic,
986 5400 1148 5453 quem
1183 5384 1335 5438 vides
1381 5391 1678 5445 mortuum,
1711 5382 1824 5436 vita
1867 5383 2099 5437 excessit

533 5484 757 5530 necatus
783 5490 814 5529 a
846 5476 1113 5529 maleﬁco.
1146 5474 1252 5528 Sed
1285 5473 1427 5527 Deus
1463 5487 1636 5538 meus,
1665 5473 1757 5541 qui
1788 5471 1889 5526 fuit
1908 5482 2097 5528 exten-

602 5649 678 5722 (ορ)
707 5650 962 5722 Quaedam
1014 5651 1203 5706 Graeco
1240 5659 1386 5706 textu
1432 5650 1704 5722 excidere,
1734 5660 1793 5704 ut
1833 5666 1898 5722 ex
1932 5650 2096 5706 inter-

532 5720 829 5789 pretatione
860 5721 1049 5778 Latina
1080 5722 1274 5793 cuique
1299 5722 1517 5778 obvium
1546 5731 1648 5777 est.
1668 5720 1823 5776 Ευιτ.
1852 5720 2091 5777 Parnm“

2199 4559 2306 4611 τῶν
2355 4559 2411 4612 δὲ
2454 4559 2806 4629 ἀποθεμένων
2858 4558 3061 4621 εὐθέως
3108 4557 3167 4610 τὸ
3214 4558 3484 4628 κράϐατον
3531 4558 3621 4611 ἐπὶ
3669 4559 3773 4630 τὴν

2201 4655 2325 4722 γῆν,
2355 4649 2505 4706 εἶπεν
2548 4653 2857 4721 Ἐπιφάνιος
2894 4650 2971 4721 τῷ
3002 4650 3228 4720 βασιλεῖ·
3258 4646 3329 4703 ⁷0
3362 4649 3580 4720 βασιλεῦ
3611 4649 3769 4719 βασι-

2199 4743 2351 4806 λέων,
2387 4742 2574 4795 κακῶν
2608 4744 2705 4812 (b),
2752 4742 2965 4813 ἀνόμων
3012 4740 3238 4811 ἀνδρῶν·
3290 4740 3458 4810 ἐχρῆν
3501 4740 3610 4809 γὰρ
3642 4741 3769 4794 τοῦ·

2198 4847 2309 4891 τον,
2339 4830 2428 4881 τὸν
2462 4830 2572 4899 βίον
2597 4828 2894 4893 ἐξελθόντα,
2927 4830 3005 4892 είς
3031 4828 3136 4898 γῆν
3161 4830 3397 4897 ταφῆναι
3430 4829 3566 4899 μετά
3589 4831 3770 4898 ἀσφα-

2198 4919 2375 4983 λείας,
2415 4920 2479 4971 ῖν’
2519 4919 2814 4989 οὐρανόθεν
2849 4921 2877 4972 6
2913 4919 3187 4989 Δεσπότης
3234 4917 3507 4981 σαλπίζων
3532 4936 3767 4989 μετανα-

2200 5011 2384 5080 στήσει
2415 5011 2599 5063 τοῦτον
2630 5011 2707 5073 είς
2740 5010 3126 5081 προσκύνησιν.
3169 5008 3435 5061 Τοιούτων
3464 5008 3520 5062 δὲ
3552 5010 3764 5081 ἀνδρῶν

2198 5100 2442 5153 ἀτάκτων
2472 5100 2792 5170 βασιλεύεις,
2822 5101 2896 5162 ὥς
2931 5118 2989 5153 τε
3030 5101 3121 5152 καὶ
3152 5099 3257 5171 πρὸ
3292 5100 3485 5170 καιροῦ
3534 5100 3767 5156 θάνατον

2198 5193 2408 5255 ἑαυτοῖς
2447 5192 2800 5263 ποιουμένων.
2837 5193 2941 5246 Ἴδε
2989 5193 3073 5264 δὴ,
3117 5185 3291 5258 οὗτος,
3328 5194 3385 5246 ὃν
3417 5193 3632 5263 βλέπεις
3670 5210 3762 5246 τε·

2198 5282 2425 5347 θνεῶτα,
2462 5283 2568 5336 ὑπὸ
2597 5283 2904 5353 κακούργου
2930 5284 3019 5335 τὸν
3053 5284 3165 5354 βίον
3200 5284 3520 5355 ὑπεξῆλθεν.
3563 5286 3700 5338 Ἀλλ’
3730 5287 3763 5337 6

2197 5374 2325 5437 Θεὸς
2354 5392 2453 5445 μου
2477 5377 2505 5427 6
2533 5374 2815 5436 τανυσθεὶς
2841 5374 2932 5427 ἐπὶ
2961 5373 3136 5439 ξύλου,
3170 5375 3357 5428 τοῦτον
3385 5375 3589 5446 ἐγείρει
3618 5377 3763 5430 κατὰ

2197 5468 2484 5539 πρόσωπον
2517 5467 2752 5523 πάντων.
2785 5465 2967 5521 Ταῦτα
2996 5467 3053 5520 δὲ
3096 5467 3265 5523 εἰπὼν
3292 5470 3638 5539 Ἐπιφάνιος,
3666 5471 3762 5525 καὶ

2272 5644 2339 5715 (ὁ)
2380 5643 2533 5717 Legi_t
2573 5643 2837 5717 interpres
2880 5640 2996 5699 εὯ
3040 5645 3287 5717 βασιλεῦ,
3322 5645 3619 5717 βασιλεύων
3656 5662 3758 5704 κον

2196 5712 2327 5782 κῶν,
2359 5712 2477 5770 etc.’
2492 5713 2647 5769 Ευιτ.
2681 5712 2919 5771 Parnm.
