4078 6368
264 408 341 463 43
1583 401 1642 457 S,
1679 395 2018 452 EPlPllANll
2061 393 2244 449 VITA.
3449 395 3514 448 ιϐ

270 524 391 585 ταῖς
437 517 626 590 χερσὶν
672 516 836 571 αὑτοῦ
866 516 958 571 τὸν
1001 516 1192 589 νεκρὸν
1234 516 1593 588 ψηλαφήσας,
1624 515 1848 585 ἐϐόησεν

1982 524 2047 563 us
2075 524 2240 579 supra
2269 508 2498 577 lignum,
2529 521 2651 563 eum
2704 505 2962 562 excitabit
3003 518 3189 559 coram
3240 504 3516 560 omnibus.

270 613 348 683 τῷ
393 608 779 681 φιλανθρώπῳ·
808 611 901 664 Υἱέ
934 611 1070 664 Θεοῦ
1090 652 1105 675 ,
1146 612 1337 681 φησὶν,
1371 612 1400 663 ὁ
1427 610 1518 663 τὸν
1549 611 1849 681 τετραήμε-

1981 600 2090 653 lum
2120 600 2235 653 haec
2262 607 2442 652 autem
2477 598 2706 652 dixisset
2733 595 3089 667 Epiphanius,
3128 596 3381 652 manibus
3404 597 3519 651 suis

271 719 363 771 ρον
389 701 641 772 Λάζαρον
667 703 734 753 ἐκ
762 701 969 772 νεκρῶν
996 703 1335 773 ἀναστήσας,
1370 703 1731 772 ἐξανάστησον
1757 702 1849 755 τὸν

1981 706 2145 746 enens
2175 699 2472 754 mortuum,
2506 689 2739 759 benigno
2772 698 2826 743 et
2867 687 3121 743 clementi
3161 686 3269 741 Deo
3317 688 3522 741 clama-

269 795 490 847 νεανίαν
541 792 753 847 τοῦτον.
806 795 917 846 Καὶ
967 793 1144 846 λαϐὼν
1208 794 1520 863 Ἐπιφάνιος
1574 794 1665 846 τὸν
1722 792 1850 846 ἴδιον

1981 783 2032 836 'it
2062 800 2074 835 :
2104 778 2207 835 Fili
2240 781 2357 845 Dei,
2409 781 2501 851 qui
2532 781 2894 850 quadrianum
2921 778 3187 833 Lazarum
3222 778 3517 838 suscitasti,

272 882 574 951 ἐπενδύτην
622 882 868 935 ἐνέδυσεν
930 884 1022 936 τὸν
1070 884 1338 937 τεθνεῶτα
1362 902 1376 915 ·
1441 885 1560 947 ἔθος
1620 886 1727 954 γάρ
1783 880 1850 954 ἦν

1981 890 2103 929 ιυηο
2131 889 2347 943 quoque
2373 874 2576 928 suscita
2626 873 3045 926 adolescentem.
3072 869 3318 937 Cumque
3362 884 3519 922 suum

274 972 407 1041 περὶ
446 972 571 1033 τοὺς
605 972 843 1042 Πέρσας,
887 974 1128 1043 γυμνοὺς
1171 974 1324 1043 ἄγειν
1356 976 1482 1038 τοὺς
1527 975 1846 1039 τεθνεῶτας.

1981 966 2255 1036 πουορίεεοι
2285 965 2661 1021 indumentum
2693 963 3051 1035 Epiphanius,
3083 979 3149 1018 eo
3183 962 3357 1017 induit
3386 975 3521 1014 mor-

275 1062 493 1125 Εὐθέως
544 1058 639 1116 οὖν
671 1063 871 1136 ἀνέστη
916 1066 945 1117 ὁ
977 1067 1253 1129 νεανίσκος
1273 1106 1289 1131 ,
1324 1068 1417 1120 καὶ
1457 1065 1731 1136 ἠσπάζετο
1762 1068 1853 1119 τὸν

1983 1075 2134 1114 uum.
2165 1056 2280 1113 Mos
2305 1066 2389 1112 est
2414 1058 2559 1111 enim
2590 1057 2768 1111 Persis
2798 1065 3044 1110 mortuos
3073 1053 3249 1108 nudos
3272 1052 3520 1107 educere.

288 1152 627 1223 Ἑπιφὰνιον.
660 1151 830 1208 Εἶπεν
862 1156 917 1209 δὲ
968 1157 1278 1226 Ἐπιφάνιος
1320 1157 1398 1228 τῷ
1433 1159 1716 1229 νεανίσκῳ·
1752 1159 1854 1211 Βά-

1961 1147 2265 1217 Statimque
2315 1148 2551 1203 surrexit
2603 1147 2941 1209 adolescens,
2997 1155 3051 1199 et
3098 1143 3384 1213 amplexus
3444 1150 3528 1195 est

272 1242 414 1307 διζε,
446 1244 659 1307 τέκνον,
684 1246 743 1298 ἐν
774 1245 850 1316 τῷ
888 1246 966 1316 σῷ
1006 1248 1157 1317 οἴκῳ.
1187 1248 1281 1301 καὶ
1308 1250 1538 1319 φόρεσον
1574 1250 1763 1319 ἱμάτια
1788 1251 1856 1303 τὰ

1981 1241 2343 1311 Ξρίριιτιιιίιιω.
2384 1241 2526 1295 Dixit
2554 1250 2734 1295 autem
2776 1237 3110 1309 Epiphanius
3147 1234 3473 1290 adolescenti
3506 1251 3522 1285 :

279 1332 511 1405 συνήθη·
538 1334 711 1402 άγαγε
740 1333 798 1387 δέ
833 1353 923 1406 μοι
953 1336 1044 1389 τὸν
1084 1336 1397 1408 ἐπενδύτην.
1442 1334 1551 1390 Ἦν
1584 1337 1693 1408 γὰρ
1736 1338 1855 1401 ἔθος

292 1422 595 1494 Ἐπιφανίῳ
642 1428 825 1496 φορεῖν
867 1425 1101 1497 τρίχινον
1144 1426 1345 1495 χιτῶνα
1390 1428 1482 1481 ἐπὶ
1512 1427 1611 1499 τὴν
1655 1428 1853 1499 σάρκα,

280 1518 378 1570 καὶ
408 1516 606 1581 ἔξωθεν
641 1516 807 1571 αὑτοῦ
845 1518 937 1571 τὸν
979 1519 1292 1591 ἐπενδύτην.
1334 1522 1421 1585 Ὠς
1448 1518 1541 1574 οὖν
1576 1521 1680 1573 ῖδεν
1711 1523 1740 1573 ὁ
1763 1520 1857 1589 βα-

283 1606 467 1667 σιλεὺς
499 1606 561 1659 τὸ
586 1607 876 1677 γενόμενον
918 1610 1148 1679 πρᾶγμα
1184 1612 1242 1662 ἐν
1279 1611 1596 1682 Ἐπιφανίῳ,
1634 1612 1859 1679 ὑπενόη-

285 1715 381 1750 σεν
426 1697 545 1750 Θεὸν
576 1699 736 1751 αὐτὸν
764 1695 923 1753 εἶναι.
966 1695 1101 1753 Εἷπε
1139 1701 1195 1754 δὲ
1231 1704 1545 1771 Ἐπιφάνιος
1590 1704 1669 1774 τῷ
1704 1704 1860 1774 βασι-

278 1786 388 1840 λεῖ·
417 1788 507 1857 Μὴ
537 1787 753 1856 λογίζου
779 1790 858 1852 είς
882 1789 982 1860 ἐμὲ
1007 1791 1199 1855 ταῦτα,
1223 1794 1508 1863 ἄνθρωπον
1535 1795 1662 1847 ὄντα
1684 1797 1861 1862 ὁμοιο-

1962 1332 2108 1387 Vade
2129 1374 2144 1395 ,
2172 1332 2243 1387 illi
2264 1373 2279 1397 ,
2316 1332 2371 1387 in
2412 1333 2635 1388 domum
2685 1340 2857 1394 tuam,
2884 1340 2941 1385 et
2970 1325 3052 1384 fer
3085 1337 3260 1383 vestes
3289 1339 3528 1381 consue-

1963 1432 2065 1485 tas,
2098 1431 2153 1478 et
2182 1421 2321 1477 refer
2351 1423 2417 1477 ad
2472 1438 2558 1477 me
2613 1437 2795 1475 meum
2850 1421 3249 1475 indumentum.
3308 1415 3531 1471 Solebat

1962 1516 2106 1567 enim
2140 1510 2476 1583 Epiphanius
2522 1512 2663 1568 ferre
2693 1513 2929 1567 cilicium
2975 1525 3139 1579 super
3168 1507 3370 1563 nudam
3408 1521 3530 1561 car-

1964 1619 2088 1657 nem
2114 1613 2167 1659 et
2198 1604 2493 1659 amiculum
2536 1603 2885 1674 superjiccre.
2914 1601 3210 1671 Postquam
3238 1610 3420 1655 autem
3451 1600 3531 1652 vi-

1965 1697 2044 1751 dit
2075 1712 2169 1751 rex
2194 1697 2518 1751 miraculum
2547 1695 2691 1765 quod
2728 1694 2932 1749 factum
2985 1703 3069 1748 est
3100 1693 3168 1748 ab
3208 1691 3530 1761 Epiphanio,

1971 1786 2305 1842 existimavit
2337 1802 2461 1840 eum
2490 1801 2612 1841 esse
2645 1789 2823 1841 deum.
2854 1785 2954 1839 Cui
2991 1784 3127 1838 dixit
3154 1783 3529 1853 Epiphanius:

286 1877 465 1946 παθῆ.
498 1878 555 1930 '0
586 1878 695 1948 γὰρ
724 1878 856 1943 Θεός
885 1896 1009 1948 μου,
1033 1874 1078 1949 ᾧ
1103 1882 1416 1945 ἐπίστευσα,
1441 1883 1614 1938 ταῦτα
1635 1885 1866 1955 παρέχει

1981 1879 2121 1944 Noli,
2168 1879 2279 1933 noli
2316 1880 2429 1932 hare
2457 1879 2524 1931 de
2570 1892 2655 1931 me
2703 1877 3036 1939 existimare,
3073 1874 3165 1945 qui
3198 1890 3317 1930 sum
3371 1875 3534 1927 homo

285 1970 403 2030 τοῖς
436 1966 612 2035 φίλοις
652 1967 837 2021 αὑτοῦ.
882 1968 1065 2022 Ταῦτα
1104 1970 1161 2023 δὲ
1210 1972 1379 2025 εἰπὼν
1417 1974 1730 2043 Ἐπιφάνιος
1774 1978 1868 2031 κα)⁴

289 2058 514 2111 πλείονα
545 2058 768 2126 τούτων,
801 2054 954 2112 εἶπεν
982 2060 1060 2130 τῷ
1095 2060 1330 2131 βασιλεῖ·
1385 2062 1745 2138 Ύπόστρεφε,
1776 2069 1867 2120 τέ-

285 2164 438 2212 κνον,
468 2150 526 2202 ἐν
562 2148 640 2218 σῷ
668 2150 935 2221 ταμιείῳ,
963 2150 1151 2221 Ἡμεῖς
1180 2152 1288 2226 γὰρ
1319 2153 1605 2227 βαδίζομεν
1646 2159 1738 2210 ἐπὶ
1767 2177 1870 2211 πα-

283 2239 467 2309 τρίδα.
494 2236 662 2292 Εἶπεν
690 2240 746 2293 δὲ
772 2244 800 2293 ό
845 2240 1094 2311 βασιλεὺς
1127 2243 1265 2315 πρὸς
1305 2246 1636 2315 Ἐπιφάνιον·
1666 2250 1871 2312 Πόσους

288 2332 544 2401 ξιφήρεις
579 2333 884 2387 ἀποστείλω
933 2336 1058 2399 τοὺς
1101 2334 1466 2401 διασώζοντάς
1518 2355 1612 2406 σε,
1659 2341 1869 2413 πάτερ;

289 2420 461 2476 Εἶπεν
486 2424 566 2476 δὲ·
588 2425 903 2494 Ἐπιφάνιος
940 2427 1076 2497 πρὸς
1115 2427 1206 2481 τὸν
1237 2428 1476 2498 βασιλέα·
1515 2431 1662 2501 "Exte
1693 2433 1784 2485 τὸν
1814 2435 1873 2486 ἐν

286 2516 544 2586 οὐρανοῖς
595 2516 939 2585 φυλάσσοντά
993 2536 1059 2587 με
1101 2519 1268 2582 Θεὸν,
1317 2522 1412 2576 καὶ
1455 2521 1701 2594 ξιφήρεις
1748 2526 1873 2588 τοὺς

288 2606 484 2674 ἁγίους
518 2606 682 2659 αὑτοῦ
717 2607 1001 2675 ἀγγέλους.
1046 2608 1177 2662 Τότε
1209 2612 1238 2662 ό
1274 2608 1523 2681 βασιλεὺς
1547 2613 1873 2684 ἀσπασάμε-

291 2698 506 2761 νος-τὸν
549 2698 861 2767 Ἐπιφάνιον
887 2699 1114 2771 ἔκραξεν
1152 2700 1325 2770 λέγων
1360 2704 1568 2778 μεγάλῃ
1600 2708 1665 2776 τῇ
1699 2709 1870 2777 φωνῇ·

293 2789 493 2853 Βάδιζε
532 2791 811 2857 ὑγιαίνων,
851 2790 1160 2860 Ἐπιφάνιε,
1190 2796 1223 2863 ή
1261 2793 1386 2859 δόξα
1417 2796 1524 2848 τῶν
1566 2798 1871 2868 Ῥωμαίων·

295 2883 523 2951 μνήμην
550 2881 606 2934 δὲ
652 2881 805 2934 ποιοῦ
840 2882 998 2953 ήμῶν
1030 2881 1138 2936 τῶν
1175 2887 1233 2937 ἐν
1262 2886 1505 2958 Περσίδι.
1542 2888 1877 2960 Ἀπάραντες

288 2973 355 3027 δὲ
392 2974 502 3025 ἀπὸ
546 2973 826 3044 Περσίδος,
860 2976 1235 3048 ἐπορεύθημεν
1280 2980 1338 3030 ἐν
1498 2981 1746 3052 Φοινίκῃ·
1784 2982 1878 3035 καὶ

291 3064 673 3130 διοδεύσαντες
707 3066 871 3138 μέρος
916 3086 968 3121 τι
1012 3069 1113 3139 τῆς
1142 3070 1415 3141 Φοινίκης,
1456 3071 1878 3143 εἰσεληλύθαμεν

295 3158 359 3209 ἐν
389 3158 730 3228 Σπανυδρίῳ.
759 3158 1014 3230 Ηῦρομεν
1038 3160 1093 3213 δὲ
1124 3160 1186 3213 τὸ
1219 3161 1427 3216 κελλίον
1453 3162 1528 3225 ὡς
1562 3158 1629 3234 ἦν
1656 3163 1719 3216 τὸ
1747 3164 1879 3233 πρό-

295 3267 478 3321 τερον.
511 3252 622 3304 Καὶ
651 3253 974 3323 ποιήσαντες
1014 3254 1208 3325 τρίτην
1244 3255 1475 3326 ἡμέραν,
1515 3254 1658 3328 ὕδωρ
1681 3258 1779 3311 οὐκ
1809 3254 1877 3329 ἦν

299 3341 400 3397 τοῦ
430 3346 577 3395 πιεῖν
602 3345 771 3414 ἡμᾶς.

376 3513 483 3567 ιΘι.
517 3515 744 3578 Σταθεὶς
786 3513 879 3569 οὖν
918 3518 1233 3587 Ἐπιφάνιος
1261 3518 1399 3573 κατὰ
1445 3519 1709 3583 ἀνατολὰς
1761 3518 1881 3588 βλέ-

305 3623 427 3659 πων
458 3607 802 3679 προσηύξατο
827 3608 905 3678 τῷ
932 3610 990 3662 ἐν
1023 3609 1274 3678 οὐρανοῖς
1313 3609 1431 3679 Θεῷ
1459 3610 1651 3679 λέγων·
1696 3612 1753 3666 '0
1782 3614 1882 3685 τὴν

300 3697 615 3769 ἀκρότομΟν
649 3698 853 3770 πέτραν
878 3698 1212 3781 διαχαράξας
1242 3702 1336 3754 καὶ
1371 3701 1480 3755 ἀπὸ
1509 3702 1713 3775 ταύτης
1739 3704 1882 3776 ὓδωρ

301 3786 712 3858 ἑξαναὸρύσας,
764 3789 857 3840 καί
913 3788 1041 3842 λαὸν
1073 3788 1394 3843 ἐκλείποντα
1444 3791 1587 3862 ὕδωρ
1626 3793 1880 3858 ποτίσας,

298 3879 675 3949 διασπάραξον
723 3880 817 3933 καὶ
861 3881 959 3951 τὴν
985 3882 1109 3951 ,γῆν
1140 3881 1375 3953 ταύτην·
1426 3885 1519 3937 καὶ
1560 3885 1783 3955 ποίησον
1824 3885 1884 3950 ἐξ

307 3970 482 4039 αὐτῆς
513 3969 656 4041 ὕδωρ
698 3970 958 4048 πηγάζων
1004 3973 1096 4024 ἐπὶ
1136 3973 1463 4044 κατοικησίᾳ
1509 3976 1755 4046 πενήτων
1787 3978 1884 4029 ἀν·-

307 4061 569 4130 θρώπων.
602 4061 708 4114 Τοῦ
743 4061 799 4114 δὲ
842 4062 1155 4131 Ἐπιφανίου
1189 4063 1362 4117 ταῦτα
1395 4065 1659 4129 εἰπόντος,
1689 4066 1885 4120 εὐωδία

311 4168 398 4214 τις
443 4151 624 4222 ἀγαθὴ
663 4153 877 4221 ἐγένετο
924 4156 982 4208 ἐν
1026 4154 1105 4224 τῷ
1147 4156 1296 4226 τόπῳ
1328 4158 1552 4227 ἐκείνῳ·
1598 4159 1690 4212 καὶ⁵
1724 4158 1885 4213 πάλιν

304 4243 501 4306 κλίνας
529 4244 708 4313 τρίτον
735 4245 827 4297 ἐπὶ
864 4245 961 4314 τὴν
996 4245 1099 4315 γῆν
1143 4246 1239 4299 καὶ
1279 4248 1717 4318 προσευξάμενος
1738 4286 1752 4311 ,
1789 4250 1885 4301 λα-

303 4332 422 4385 θὼν
464 4333 772 4404 ὀρυκτῆρα,
814 4335 1077 4407 ἐχάραξεν
1122 4337 1317 4408 μικρὸν
1359 4338 1452 4390 ἐπὶ
1495 4338 1593 4409 τὴν
1630 4339 1755 4408 γῆν·
1791 4340 1886 4394 καὶ

308 4423 425 4476 ἰδοὺ
460 4422 605 4491 ὕδωρ
646 4425 918 4492 ὀλιγοστὸν
968 4427 1284 4498 ἀνέϐρυσεν.
1335 4430 1564 4482 Ἔπειτα
1594 4430 1756 4483 πάλιν
1790 4448 1887 4501 χα-

1903 3203 1950 3265 C

1968 1972 2237 2027 obnoxius
2267 1971 2457 2025 iisdem
2506 1968 3025 2039 perturbationibus,
3072 1977 3126 2021 et
3163 1966 3412 2021 similiter
3439 1981 3535 2034 pa-

1968 2062 2155 2118 tibilis.
2190 2061 2331 2116 Deus
2359 2075 2533 2123 meus,
2560 2060 2645 2115 cui
2675 2056 2859 2123 credo,
2910 2059 3023 2113 haec
3063 2057 3266 2127 praebet
3304 2056 3418 2111 suis
3452 2054 3534 2108 fa-

1974 2156 2157 2210 mulis.
2190 2153 2326 2208 Cum
2359 2153 2476 2207 haac
2508 2160 2687 2206 autem
2718 2161 2771 2205 et
2808 2152 2893 2205 his
2937 2150 3094 2220 plura
3139 2149 3367 2204 dixisset
3412 2149 3537 2218 Epi—

1977 2244 2235 2313 phanius,
2266 2243 2398 2297 dicit
2424 2242 2539 2311 regi
2575 2259 2587 2293 :
2624 2239 2934 2303 Revertere,
2964 2239 3073 2303 ﬁli,
3110 2238 3163 2292 in
3205 2238 3406 2291 aulam.
3429 2235 3539 2291 Nos

1972 2334 2117 2388 enim
2150 2334 2296 2388 imus
2325 2334 2379 2387 in
2408 2333 2662 2403 patriam.
2698 2330 2809 2385 Rex
2845 2338 3025 2385 autem
3055 2330 3190 2385 dixit
3214 2328 3536 2399 Epiphanio:

1972 2425 2117 2492 Quot
2152 2426 2235 2480 vis
2284 2425 2545 2481 satellites
2598 2434 2775 2478 tecum
2817 2422 3047 2487 mittam,
3111 2422 3205 2491 qui
3254 2430 3308 2476 te
3354 2430 3540 2476 custo-

1976 2516 2171 2572 diant?
2203 2514 2351 2570 Dixit
2378 2515 2428 2569 ei
2472 2513 2807 2584 Epiphanius
2843 2534 2855 2568 :
2912 2511 3094 2567 Habeo
3124 2525 3317 2582 regem.
3350 2510 3540 2573 Deum,

1976 2607 2072 2678 qui
2105 2616 2189 2662 est
2216 2606 2271 2660 in
2300 2605 2476 2668 caelis,
2517 2606 2611 2675 qui
2644 2620 2734 2659 me
2776 2604 3032 2669 custodit,
3063 2614 3116 2658 et
3148 2603 3410 2677 satellites
3444 2602 3542 2656 ha-

1976 2699 2079 2753 beo
2106 2707 2322 2752 sanctos
2369 2697 2489 2764 ejus
2538 2699 2779 2768 angelos.
2831 2695 2987 2751 Tunc
3034 2711 3125 2750 rex
3179 2695 3541 2766 Epiphanium

1981 2790 2287 2860 amplexus,
2318 2788 2457 2843 dixit
2488 2804 2618 2844 voce
2660 2804 2851 2859 magna
2882 2808 2893 2841 :
2927 2787 3073 2843 Vade
3115 2788 3168 2842 in
3217 2803 3367 2857 pace,
3412 2787 3541 2858 Epi-

1979 2883 2166 2954 phani,
2215 2882 2387 2952 gloria
2414 2880 2809 2936 Romanorum.
2854 2879 2963 2935 Fac
3000 2893 3214 2943 autem,
3266 2889 3327 2933 ut
3370 2880 3542 2934 nostri

1978 2990 2195 3045 quoque
2233 2974 2568 3036 memineris,
2605 2972 2697 3041 qui
2737 2988 2926 3027 sumus
2984 2972 3038 3025 in
3081 2970 3323 3025 Perside.
3371 2970 3544 3026 Rece-

1981 3066 2169 3120 dentes
2208 3080 2333 3120 vero
2363 3079 2393 3119 a
2430 3063 2670 3126 Perside,
2698 3065 2950 3118 venimus
2994 3063 3048 3116 in
3088 3060 3458 3129 Phoeniciamv;
3493 3073 3544 3118 et

1981 3172 2106 3211 cum
2141 3165 2349 3225 partem
2388 3154 2682 3209 Phoenicim
2718 3154 3126 3209 transiissemus
3150 3194 3166 3218 ,
3198 3155 3449 3210 venimus
3493 3156 3546 3209 in

1983 3246 2723 3320 Spanhydrion.lnvenimus
2783 3256 2963 3302 autem
3029 3247 3261 3312 cellam,
3316 3256 3377 3301 ut
3432 3257 3546 3302 erat

1982 3342 2154 3411 prius.
2191 3337 2257 3393 Et
2295 3354 2419 3393 cum
2456 3338 2568 3393 illic
2614 3337 2910 3393 fuissemus
2951 3348 3064 3391 tres
3109 3336 3246 3405 dies,
3274 3353 3388 3403 ,non
3431 3348 3547 3392 erat

1982 3448 2123 3504 aqua
2148 3431 2216 3486 ad
2248 3430 2561 3486 bibendum.

2053 3521 2195 3576 XIX.
2269 3521 2430 3576 Stans
2480 3528 2661 3575 autem
2715 3518 3050 3590 Epiphanius
3112 3519 3426 3589 aspicienda
3482 3522 3549 3575 ad

1984 3614 2273 3677 orientem,
2308 3610 2481 3666 oravit
2526 3609 2720 3674 Deum,
2751 3610 2956 3679 quiest
3000 3610 3056 3663 in
3106 3610 3281 3676 caelis,
3322 3610 3548 3665 dicens:

1984 3704 2029 3758 0
2060 3712 2116 3756 tu
2152 3702 2245 3772 qui
2288 3710 2497 3772 petram
2547 3710 2875 3770 pratruptam
2926 3699 3269 3769 impressisti,
3297 3709 3351 3755 et
3383 3716 3449 3755 ex
3487 3716 3549 3756 ea

1984 3810 2179 3865 aquam
2209 3794 2475 3849 scaturire
2512 3790 2709 3857 fecisti,
2746 3800 2801 3847 et
2827 3792 3103 3863 populum,
3130 3795 3220 3863 qui
3249 3793 3550 3858 deﬁciebat,

1984 3902 2125 3954 aqua
2160 3884 2356 3955 potasti
2400 3885 2457 3951 ³,
2491 3884 2634 3937 hanc
2680 3898 2897 3953 quoque
2943 3892 3142 3939 terram
3178 3885 3448 3953 imprime,
3500 3898 3553 3941 et

1986 3976 2071 4033 fac
2105 3990 2163 4032 ut
2197 3993 2337 4047 aqua
2376 3992 2441 4030 ex
2489 3990 2551 4031 ea
2580 3977 2841 4031 scaturiat
2866 3984 3084 4045 propter
3114 3976 3351 4030 ﬁdelium
3380 3978 3553 4032 homi-

1987 4085 2115 4122 num
2144 4067 2553 4121 habitationem.
2590 4065 2728 4119 Cum
2775 4066 2890 4121 haec
2922 4066 3148 4121 dixisset
3193 4066 3551 4137 Epiphanius.

1988 4159 2166 4212 bonus
2190 4157 2414 4227 quidam
2440 4156 2578 4211 odor
2600 4156 2703 4209 fuit
2731 4157 2784 4209 in
2814 4156 2905 4210 illo
2938 4156 3330 4225 loco.Cumque
3358 4172 3416 4212 se
3439 4175 3553 4212 rur-

1986 4266 2082 4305 sus
2109 4258 2191 4303 ter
2216 4263 2379 4317 super
2407 4256 2606 4302 terram
2636 4247 2973 4312 inclinasset,
3004 4255 3281 4302 etorasset
3312 4246 3553 4317 Epipha-

1988 4342 2140 4404 nius,
2163 4349 2385 4408 accepto
2415 4339 2595 4409 ligone
2632 4338 2868 4392 turbavit
2902 4346 3122 4404 terram,
3146 4346 3198 4392 et
3218 4354 3342 4393 ecce
3364 4356 3554 4408 parum

1988 4447 2142 4502 aquae
2160 4431 2428 4487 scaturiit.
2452 4430 2658 4485 Deinde
2679 4446 2802 4485 cum
2829 4444 3023 4485 rursus
3041 4431 3337 4496 turbasset,
3373 4433 3556 4486 nheri-

307 4513 485 4585 ρᾰξας
538 4514 1061 4588 πλουσιοποτάμιτος
1107 4519 1322 4587 ἐγένετο
1364 4521 1397 4586 ή
1445 4520 1658 4591 οἴκησις
1705 4523 1877 4593 ἡμῶν.

1990 4524 2093 4579 bus
2108 4523 2256 4577 ﬂuvii
2288 4522 2445 4591 aquis
2474 4530 2658 4577 nostra
2689 4521 2988 4576 abundavit
3014 4521 3296 4577 habitatio.
3324 4521 3559 4579 Eramus

312 4604 536 4675 Ἦμεθα
578 4607 635 4659 δὲ
678 4609 735 4660 ἐν
768 4607 845 4678 τῷ
888 4608 1038 4679 τόπῳ
1084 4611 1278 4681 ἐκείνῳ
1312 4611 1695 4682 ἡσυχάζοντες,
1723 4612 1885 4679 αὐτὸς

307 4695 409 4749 καὶ
457 4695 587 4763 ἐγώ.
633 4697 691 4749 Ὁ
722 4693 815 4750 οὖν
856 4697 987 4761 Θεὸς
1017 4702 1050 4752 ό
1073 4700 1493 4764 ἐξανατέλλων
1521 4705 1738 4773 χόρτον
1762 4705 1887 4772 τοῖς

306 4786 595 4852 κτήνεσι,
631 4786 730 4841 καί
762 4789 958 4856 χλόην
988 4788 1062 4858 τῇ
1102 4790 1346 4859 δουλείᾳ
1386 4794 1505 4846 τῶν
1539 4795 1885 4863 ἀνθρώπων,

309 4878 694 4947 ἐξαρδεύοντος
716 4878 810 4931 τοῦ
841 4880 1029 4943 ὓδατος
1056 4881 1151 4952 τὴν
1174 4884 1276 4952 γῆν
1305 4885 1519 4938 ἅπασαν
1545 4886 1779 4958 ἐκείνην,
1819 4892 1886 4959 τῇ

309 4969 611 5041 προστάξει
640 4970 731 5023 τοῦ
761 4972 849 5025 ἀεὶ
876 4974 1269 5042 προνοουμένου
1298 4976 1391 5029 τοῦ
1425 4976 1763 5048 ἀνθρωπίνου
1796 4980 1893 5049 γέ-

306 5079 457 5125 νους,
488 5061 747 5130 ἐξέφυσεν
786 5065 818 5132 ὴ
852 5063 923 5133 γῆ
962 5063 1163 5133 πλῆθος
1196 5065 1444 5136 λαχάνων
1486 5071 1566 5131 εἰς
1594 5070 1893 5124 ἀπόλαυσιν

307 5155 407 5207 καὶ
436 5154 730 5225 διατροφὴν
759 5154 936 5226 ἡμῶν.
966 5155 1140 5211 Τινῶν
1175 5156 1232 5209 δὲ
1266 5157 1468 5228 θηρίων
1509 5161 1894 5231 ἐπερχομένων

306 5244 548 5307 τούτοις.
581 5244 676 5298 καὶ
706 5245 804 5316 τὴν
850 5244 1065 5299 ἃπασαν
1110 5246 1273 5318 χλόην
1311 5248 1697 5318 ἀφανιζόντων,
1739 5251 1889 5304 Ἐπι-

307 5338 505 5405 φάνιος
543 5336 670 5408 ἔστη
720 5338 904 5390 ἐπάνω
948 5336 1057 5390 τῶν
1094 5335 1373 5408 λαχάνων,
1408 5340 1500 5391 καὶ
1541 5342 1654 5404 τοῖς
1682 5339 1889 5411 θηρίοις

304 5430 582 5497 διελέγετο
604 5429 680 5492 ὡς
706 5427 1014 5499 ἀνθρώποις
1041 5428 1214 5497 λέγων
1234 5444 1247 5458 ·
1279 5429 1367 5500 Μή
1398 5447 1486 5500 μοι
1519 5430 1721 5495 κόπους
1748 5449 1892 5503 παρ-

309 5523 501 5590 έχετε·
551 5519 835 5590 ἄνθρωπος
886 5518 994 5589 γὰρ
1034 5519 1355 5590 ἁμαρτωλὸς
1394 5521 1487 5574 καὶ
1512 5523 1727 5593 πτωχός
1755 5525 1889 5593 εἰμι.

305 5613 408 5666 Διά
456 5612 517 5664 τὸ
560 5612 760 5684 πλῆθος
804 5606 898 5664 οὖν
942 5611 1051 5665 τῶν
1095 5609 1377 5682 ἁμαρτιῶν
1410 5628 1512 5681 μου
1557 5614 1674 5683 εἰμὶ
1719 5616 1777 5667 ἐν
1819 5615 1896 5685 τῷ

385 5798 406 5826 ³
449 5796 619 5849 Exod.
658 5794 841 5858 xvn,i
887 5808 1007 5863 sqq.
1086 5792 1106 5824 ³
1135 5789 1278 5849 Psal.
1314 5808 1432 5859 cm,
1466 5793 1550 5848 1L

1992 4624 2172 4671 autem
2200 4615 2253 4667 in
2280 4629 2345 4669 eo
2374 4614 2495 4667 loco
2520 4613 2759 4682 quietem
2799 4622 3040 4683 agentes,
3064 4612 3179 4683 ipse
3201 4623 3255 4668 et
3267 4629 3385 4683 ego.
3416 4615 3558 4669 Deus

1990 4720 2143 4770 vero,
2172 4704 2262 4775 qui
2302 4703 2544 4771 producit
2584 4702 2764 4770 fenum
2792 4702 3068 4771 jumentis,
3107 4712 3155 4755 et
3196 4703 3409 4756 herbam
3443 4720 3555 4757 ser-

1992 4796 2147 4849 vituti
2187 4795 2456 4847 hominum
2485 4794 2528 4859 ³,
2579 4793 2841 4863 irrigante
2884 4808 3026 4862 aqua
3056 4802 3222 4847 totam
3264 4794 3411 4847 illam
3458 4804 3559 4847 ter-

1994 4902 2132 4952 ram,
2157 4885 2311 4956 jussu
2342 4886 2481 4954 ejus,
2513 4884 2607 4954 qui
2658 4899 2872 4953 semper
2918 4900 3106 4940 curam
3152 4884 3291 4953 gerit
3333 4886 3556 4938 humani

1991 4978 2226 5047 generis,
2272 4976 2527 5046 produxit
2585 4991 2616 5029 e
2664 4984 2805 5031 terra
2862 4976 3264 5030 multitudinem
3322 4978 3554 5037 olerum,

1990 5070 2192 5139 quibus
2230 5082 2333 5123 nos
2369 5067 2677 5123 frueremur
2706 5077 2759 5123 et
2799 5068 3091 5123 aleremur.
3143 5068 3278 5122 Cum
3310 5068 3555 5136 quaedam

1990 5171 2169 5215 autem
2208 5159 2319 5216 fera
2348 5160 2417 5215 ad
2445 5176 2508 5216 ea
2530 5161 2782 5215 venirent
2803 5160 3081 5225 animalia,
3109 5168 3164 5215 et
3183 5158 3419 5214 virorem
3447 5175 3560 5213 om-

1994 5271 2116 5310 nem
2139 5270 2325 5310 earum
2357 5255 2625 5317 tollerent,
2656 5253 2990 5324 Epiphanius
3017 5254 3166 5309 stetit
3192 5268 3356 5321 supra
3389 5254 3557 5316 olera,

1996 5353 2050 5399 et
2068 5344 2324 5399 disseruit
2346 5360 2470 5398 cum
2494 5341 2644 5407 feris,
2679 5352 2935 5413 tanquam
2966 5358 3089 5397 cum
3118 5342 3449 5405 hominibus,
3474 5342 3560 5397 di-

1996 5448 2126 5489 cens
2161 5453 2173 5487 :
2204 5431 2382 5488 Nolite
2418 5433 2554 5487 mihi
2589 5432 2845 5487 exhibere
2874 5431 3173 5487 molestiam
3204 5446 3220 5484 :
3256 5447 3375 5486 sum
3412 5433 3558 5486 enim

1996 5526 2162 5581 homo
2210 5533 2460 5597 peccator
2507 5532 2561 5578 et
2606 5538 2831 5593 pauper.
2879 5523 3103 5594 Propter
3156 5522 3560 5578 multitudinem

1997 5626 2177 5673 autem
2208 5632 2451 5673 meorum
2478 5628 2822 5687 peccatorum
2851 5631 2972 5671 sum
3000 5616 3189 5686 lugens
3218 5615 3271 5670 in
3290 5612 3393 5675 hoc
3420 5616 3559 5680 loco,
