4078 6368
574 409 638 462 ιτ
1860 402 1915 455 S.
1959 400 2305 456 EPIPHANll
2356 402 2536 457 VI'I‘A.
3768 411 3834 462 $8

574 527 617 579 si
649 526 783 579 forte
816 522 949 575 mihi
1005 521 1143 575 Deus
1196 536 1316 575 mea
1375 531 1596 590 peccata
1651 521 1941 575 condonet.
2000 520 2136 590 Ipse,

2244 522 2393 593 τόπῳ
2426 524 2599 594 τούτῳ
2648 523 2884 577 πενθῶν’
2928 525 2955 576 6
2993 524 3122 586 Θεὸς
3165 522 3221 575 δὲ
3269 522 3553 594 παρέσχεν
3601 541 3695 594 μοι
3739 526 3837 597 τὴν

574 618 665 687 qui
697 618 799 670 hoc
844 616 977 669 mihi
1009 616 1217 669 olerum
1250 615 1482 683 pratbuit
1514 616 1771 670 solatium
1815 617 1881 669 ad
1912 617 2145 670 alimen—

572 721 709 773 tum,
742 710 894 764 vobis
952 709 1195 780 praeripit
1244 724 1311 761 ne
1357 708 1590 775 amplius
1620 709 1853 763 veniatis
1897 707 1951 761 in
1996 709 2144 762 hunc

572 802 776 864 locum,
821 817 921 855 nec
958 816 1107 855 meas
1143 800 1339 854 herbas
1386 800 1612 854 laedatis.
1671 799 1928 870 Agrestes
1963 809 2143 855 autem

573 896 699 949 fera:
722 909 846 948 cum
881 894 995 947 hare
1042 892 1341 945 audiissent
1369 892 1436 945 ab
1478 890 1806 961 Epiphanio,
1849 892 1996 945 velut
2041 895 2143 945 ho-

571 987 745 1039 mines
785 983 1079 1038 sentientes
1129 983 1173 1037 si
1207 999 1313 1052 qua
1348 983 1399 1034 in
1446 999 1505 1036 re
1552 982 1749 1052 majori
1798 982 2061 1046 lwserint,
2090 992 2144 1037 et

571 1078 993 1146 reprehensione
1024 1074 1318 1144 pudefacti,
1352 1075 1431 1129 sic
1460 1076 1667 1145 pudore
1714 1074 1919 1131 affectae
1956 1075 2144 1130 bestiae

571 1170 822 1238 protinus
854 1176 1217 1232 recesserunt,
1245 1176 1300 1221 et
1324 1182 1387 1222 ex
1421 1168 1512 1229 illo
1559 1168 1646 1223 die
1692 1186 1797 1222 non
1847 1170 2141 1239 appropin-

574 1268 815 1327 quarunt
844 1257 1077 1327 amplius
1109 1258 1230 1312 loco
1259 1268 1463 1313 nostro.
1489 1259 1795 1313 Audierunt
1817 1276 1944 1314 vero
1975 1259 2142 1315 Sara-

572 1347 711 1407 ceni,
746 1347 839 1416 qui
886 1347 1079 1402 cellam
1114 1348 1273 1403 nobis
1318 1358 1733 1416 exstruxerant,
1763 1352 1978 1406 venisse
2014 1351 2139 1421 Epi-

571 1438 829 1506 phanium
883 1453 946 1491 ex
999 1437 1240 1505 Perside,
1292 1448 1347 1493 et
1402 1450 1771 1507 accesserunt,
1818 1452 1877 1496 ut
1917 1442 2140 1496 benedi-

571 1529 802 1583 ctionem
832 1530 899 1584 ab
924 1545 989 1584 eo
1015 1533 1341 1600 acciperent.
1376 1531 1810 1588 IEdiftcaverunt
1838 1542 2019 1588 autem
2045 1550 2141 1588 no-

570 1621 655 1675 bis
688 1629 800 1676 tres
836 1621 970 1675 alias
1018 1622 1255 1677 domos:
1308 1622 1509 1693 quippe
1556 1624 1649 1693 qui
1699 1625 1985 1679 nobiscum
2017 1640 2139 1680 ver-

571 1713 672 1765 sati
707 1719 835 1765 sunt
860 1720 1094 1781 quatuor
1117 1728 1353 1777 menses,
1390 1724 1444 1767 et
1469 1724 1816 1769 recesserunt
1846 1716 1902 1770 in
1933 1732 2031 1771 sua
2067 1717 2140 1770 lo-

569 1818 653 1857 ca.
680 1802 939 1857 Auditum
970 1812 1052 1858 est
1077 1814 1255 1859 autem
1310 1806 1365 1859 in
1401 1814 1515 1859 tota
1550 1804 1849 1871 thnicia,
1898 1806 2135 1877 Epipha-

2253 615 2598 684 παραμυθίαν
2623 615 2821 686 ταύτην
2847 615 2953 669 τῶν
2982 615 3226 685 λαχάνων
3260 616 3340 676 εἰς
3373 614 3712 685 διατροφήν
3746 618 3834 669 καὶ

2249 706 2408 768 αὐτὸς
2455 708 2580 775 ὑμῖν
2614 707 2980 778 παραγγέλλει
3018 708 3211 777 μηκέτι
3255 706 3426 758 ἐλθεῖν
3457 707 3521 758 ἐν
3552 706 3636 776 τῷ
3664 708 3832 777 τόπῳ,

2248 798 2339 849 καὶ
2369 797 2766 851 καταϐλάπτειν
2800 816 2897 869 μου
2925 799 3022 868 τὴν
3048 798 3228 868 χλόην.
3260 797 3339 850 Τὰ
3362 798 3418 851 δὲ
3455 798 3638 867 ἄγρια
3669 797 3833 851 ἀκού-

2248 907 2415 942 σαντα
2466 890 2637 943 ταῦτα
2694 891 2842 961 παρὰ
2912 889 3255 957 Ἐπιφανίου,
3307 888 3498 960 ὥσπερ
3553 890 3835 960 ἄνθρωποι

2246 981 2688 1051 εύαισθητοῦντες
2732 983 2825 1034 ἐὰν
2872 981 3111 1049 σφαλῶσι
3158 981 3242 1048 ἐφ’
3290 981 3369 1032 ἐνὶ
3416 979 3530 1032 τῶν
3582 981 3834 1051 μεγάλων

2246 1074 2337 1125 καὶ
2375 1072 2715 1143 ἐλεγχόμενοι
2758 1070 3153 1143 διατραπῶσιν·
3194 1070 3367 1132 οὕτως
3397 1071 3464 1124 τὰ
3500 1070 3677 1142 θηρία
3708 1089 3834 1123 κατ-

2243 1164 2585 1237 ῃσχύνθησαν
2611 1164 2719 1216 ἀπὸ
2750 1164 2855 1217 τῶν
2884 1164 3055 1230 λόγων
3103 1163 3418 1230 Ἐπιφανίου
3437 1202 3451 1223 ,
3486 1165 3590 1215 καὶ
3625 1161 3830 1231 ἀνεχώ-

2247 1274 2417 1327 ρησαν
2451 1255 2672 1318 εὐθέως.
2718 1256 2813 1309 καὶ
2851 1255 2958 1308 ἀπὸ
2995 1256 3095 1324 τῆς
3131 1255 3345 1325 ἡμέρας
3389 1254 3614 1322 ἐκείνης
3650 1254 3833 1306 οὐκέτι

2243 1349 2476 1418 ἤγγισαν
2510 1347 2586 1418 τῷ
2624 1348 2773 1418 τόπῳ
2818 1348 2992 1418 ἡμῶν.
3038 1347 3392 1408 Ἀκούσαντες
3435 1347 3495 1399 δὲ
3528 1348 3580 1399 οἱ
3616 1346 3830 1415 Σάρρα-

2243 1441 2396 1508 κηνοὶ
2442 1440 2489 1491 οἱ
2533 1439 2983 1509 οἰκοδομήσαντες
3013 1439 3145 1508 ἡμῖν
3183 1438 3243 1491 τὸ
3284 1438 3518 1502 κελλίον,
3552 1438 3639 1490 ὅτι
3671 1434 3830 1507 ⁴ἦλθεν

2254 1531 2563 1599 Ἐπιφάνιος
2591 1530 2697 1584 ἀπὸ
2736 1530 3013 1601 Περσίδος,
3054 1530 3410 1602 παρεγένοντο
3440 1530 3538 1581 ἐπὶ
3572 1528 3828 1599 συντυχίᾳ

2243 1623 2405 1676 αὑτοῦ
2432 1663 2446 1684 ,
2499 1623 2637 1676 ὥστε
2684 1624 3040 1693 εύλογηθῆναι
3073 1623 3204 1693 παρ’
3239 1621 3423 1674 αὑτοῦ·
3460 1620 3825 1692 ᾠκοδόμησαν

2239 1714 2294 1767 δὲ
2326 1716 2454 1785 ἡμῖν
2486 1715 2677 1779 ἄλλους
2720 1719 2868 1785 τρεῖς
2897 1714 3108 1779 οἴκους,
3152 1715 3477 1783 ποιήσαντες
3514 1712 3639 1783 μεθ’
3673 1715 3828 1783 ἡμων

2244 1806 2435 1876 μῆνας,
2470 1808 2561 1859 καὶ
2590 1808 2740 1859 αὐτοὶ
2774 1805 3145 1877 ἐπορεύθησαν
3173 1806 3231 1856 ἐν
3256 1806 3367 1866 τοῖς
3395 1804 3600 1866 τόποις.
3645 1803 3823 1855 ἐἰκού-

569 1895 720 1950 nium
735 1896 980 1951 habitare
1008 1898 1060 1951 in
1090 1896 1450 1969 Spanhydrio.
1477 1897 2136 1970 Congregatisuntitaque

2248 1898 2346 1969 σθη
2389 1899 2445 1951 δὲ
2488 1902 2566 1962 είς
2609 1900 2734 1970 ὃλην
2764 1900 2861 1969 τὴν
2892 1898 3044 1952 πόλιν
3077 1896 3193 1967 (τὴν
3230 1895 3529 1965 Φοινίκην),
3556 1897 3643 1947 ὅτι
3681 1897 3825 1949 Ἑπι·

569 1988 662 2043 alii
704 2004 923 2059 quoque
966 1988 1161 2045 fratres
1208 1991 1262 2043 in
1312 1992 1671 2046 monasterio.
1736 1991 1965 2049 Eramus
2008 2009 2137 2047 vero

568 2096 758 2136 omnes
782 2096 1004 2136 numero
1029 2082 1419 2152 quinquaginta
1444 2086 1544 2152 (a).

636 2263 757 2319 XX.
793 2265 1039 2332 Quodam
1089 2276 1271 2320 autem
1308 2266 1395 2321 die
1430 2268 1525 2322 ivit
1552 2267 1888 2339 Epiphanius
1924 2270 1979 2323 in
2015 2285 2134 2323 mo-

570 2359 865 2411 nasterium
892 2357 1075 2427 magni
1121 2355 1415 2411 Hilarionis
1448 2356 1513 2411 ad
1546 2358 1803 2413 visendos
1842 2358 2057 2422 fratres,
2084 2368 2137 2413 et

568 2465 668 2519 ego
703 2465 822 2503 sum
847 2464 970 2503 cum
993 2464 1058 2504 eo
1082 2448 1378 2519 profectus.
1415 2448 1866 2521 Exceperuntquc
1896 2467 1995 2506 nos
2023 2450 2137 2505 fra-

570 2550 679 2594 tres
710 2556 833 2594 cum
870 2555 1067 2611 magno
1095 2541 1311 2609 gaudio,
1366 2550 1420 2596 et
1456 2557 1556 2597 nos
1598 2543 1801 2598 multos
1851 2543 1967 2599 dies
2010 2544 2137 2597 reti-

569 2640 824 2685 nuerunt.
884 2630 1142 2686 Diabolus
1194 2641 1397 2697 autem,
1440 2633 1533 2702 qui
1590 2634 1659 2688 ab
1709 2634 1865 2687 initio
1906 2642 1989 2689 est
2042 2632 2134 2687 Dei

568 2738 845 2777 servorum
877 2723 1245 2787 adversarius,
1283 2726 1495 2795 accepit
1537 2726 1783 2780 habitum
1823 2725 2132 2796 Epiphanii,

568 2823 619 2867 et
671 2813 816 2866 venit
870 2814 923 2867 in
978 2814 1389 2881 monasterium,
1445 2816 1589 2885 quod
1640 2826 1866 2872 vocatur
1888 2818 2136 2888 Spanhy-

567 2900 745 2954 drion.
773 2902 873 2957 Cui
916 2902 1093 2958 factus
1130 2904 1345 2958 obviam
1394 2904 1561 2959 frater
1614 2921 1678 2959 ex
1728 2906 1817 2973 iis,
1859 2907 1951 2975 qui
1981 2916 2137 2961 erant

568 2990 727 3057 paulo
751 2991 1185 3061 negligentiores,
1222 2993 1485 3059 cucurrit,
1514 2993 1578 3046 ad
1614 3008 1737 3047 eum
1764 2992 2133 3047 adorandum:

566 3090 619 3133 et
638 3081 835 3137 cadens
863 3083 917 3135 in
952 3090 1149 3136 terram
1182 3083 1429 3138 adoravit
1475 3084 1772 3153 pessimum
1807 3085 2133 3139 dzemonem.

568 3170 629 3224 Et
666 3172 886 3227 intravit
925 3172 979 3226 in
1020 3172 1236 3242 ipsum:
1276 3189 1453 3243 neque
1502 3182 1713 3243 poterat
1746 3175 1913 3229 teneri
1944 3190 1974 3227 a
2027 3172 2135 3227 fra-

566 3261 755 3316 tribus.
793 3260 939 3315 Dixit
985 3240 1165 3317 autem
1204 3240 1540 3332 Epiphanius
1582 3278 1780 3333 magno
1829 3263 2090 3318 Hilarioni
2121 3281 2133 3315 ε
2165 3240 2210 3302 C

567 3350 743 3416 Pater,
784 3352 946 3422 lupus
995 3354 1275 3423 ingressus
1301 3362 1385 3409 est
1417 3356 1832 3419 monasterium,
1870 3363 1924 3409 et
1952 3355 2138 3409 turba-

567 3443 646 3495 vit
696 3442 912 3499 fratres.
962 3444 1099 3497 Cum
1137 3446 1251 3500 haec
1285 3454 1467 3500 autem
1516 3446 1741 3501 dixisset
1778 3447 2135 3516 Epiphanius,

566 3540 620 3585 et
667 3548 859 3588 omnes
912 3543 1057 3589 esset
1090 3536 1397 3605 amplexus,
1450 3536 1592 3589 viam
1646 3537 1892 3592 iniimus.
1938 3536 2138 3592 Tribus

566 3625 733 3693 igitur
780 3625 1078 3695 aliquando
1132 3627 1355 3682 rusticis
1410 3628 1674 3699 ingressis
1721 3631 2134 3694 monasterium,

565 3717 861 3772 daemonem
893 3717 1232 3773 immundum
1266 3735 1410 3775 unus
1436 3720 1643 3775 habuit.
1679 3721 1797 3776 Duo
1834 3730 2015 3776 autem
2043 3737 2137 3775 ro-

564 3807 763 3876 gabant
793 3822 891 3877 pro
939 3823 1027 3872 eo,
1063 3810 1155 3875 qui
1207 3809 1442 3864 habebat
1489 3811 1828 3866 immundum
1861 3812 2132 3881 spiritum,

565 3899 811 3955 dicentes
838 3918 851 3956 :
884 3899 990 3954 Fer
1020 3915 1176 3971 opem
1206 3901 1357 3956 fratri
1390 3913 1596 3957 nostro.
1627 3902 1780 3958 Tunc
1802 3904 2136 3974 Epiphanius

568 3990 707 4044 dixit
737 3991 855 4045 eis:
910 3992 1173 4060 Accrpite,
1225 3991 1351 4056 ﬁlii,
1394 4002 1636 4047 vestrum
1685 3994 1937 4056 amicum,
1974 4005 2027 4049 et
2065 3996 2136 4049 ite

563 4083 618 4137 in
646 4098 799 4153 pace.
832 4084 889 4137 In
932 4085 1154 4139 nomine
1181 4086 1325 4140 enim
1374 4084 1503 4140 Jesu
1532 4085 1735 4141 Christi
1786 4087 1921 4141 nihil
1954 4096 2037 4143 est
2079 4088 2134 4141 in

562 4189 628 4227 eo
678 4173 825 4228 mali.
860 4174 997 4228 Cum
1050 4176 1153 4243 ipsi
1207 4185 1388 4230 autem
1463 4177 1823 4232 credidissent
1869 4178 1917 4232 ei
1987 4179 2133 4249 quod

562 4265 771 4319 dixerat
817 4264 1192 4335 Epiphanius,
1243 4268 1377 4323 abiit
1428 4270 1593 4323 homo
1624 4285 1791 4323 sanus
1847 4269 1901 4323 in
1953 4271 2131 4325 locum

563 4368 746 4407 suum.

629 4621 770 4675 XXI.
812 4621 949 4675 Cum
991 4630 1136 4676 esset
1168 4628 1346 4677 autem
1392 4624 1681 4692 aliquando
1718 4623 1801 4677 leo
1834 4625 1888 4678 in
1934 4624 2127 4679 solitu-

560 4714 687 4768 dine
719 4713 786 4767 ad
814 4715 1213 4783 sexagesimum
1241 4715 1471 4784 lapidem
1498 4731 1527 4768 a
1552 4725 1738 4769 nostro
1768 4719 2124 4783 monasterio,

564 4806 764 4859 latebat
816 4805 872 4858 in
918 4805 1090 4870 silva,
1140 4814 1193 4859 et
1236 4807 1514 4861 occidebat
1556 4808 1757 4863 multos
1806 4825 1873 4863 ex
1924 4810 1991 4865 iis
2035 4811 2129 4879 qui

563 4898 928 4960 przeteribant.
981 4896 1215 4966 Eratque
1266 4899 1353 4953 hic
1396 4899 1550 4954 locus
1598 4910 1756 4971 aptus
1801 4902 2123 4958 viatoribus.

565 4990 748 5045 Coacti
786 4989 950 5060 igitur
1002 5004 1220 5049 omnes.
1267 4991 1359 5060 qui
1410 4991 1654 5047 solebant
1711 5009 1803 5062 per
1855 4994 2007 5048 illum
2039 4995 2124 5048 lo-

563 5097 685 5134 cum
723 5081 963 5149 ingredi,
1000 5092 1264 5135 venerunt
1302 5082 1366 5135 ad
1401 5081 1761 5152 Epiphanium
1816 5084 1872 5138 in
1931 5100 2119 5139 mona-

563 5171 807 5236 sterium,
836 5172 1076 5225 dicentes
1108 5172 1156 5225 ei
1182 5173 1249 5226 de
1298 5174 1519 5227 animali
1567 5175 1710 5230 etde
1740 5176 1858 5246 ejus
1893 5178 2119 5243 saevitia,

561 5270 613 5315 et
648 5262 790 5331 quod
821 5263 974 5317 locus
1004 5264 1235 5318 evaserit
1274 5256 1663 5331 inhabitabilis,
1703 5275 1757 5322 et
1787 5268 1930 5337 quod
1963 5284 2123 5322 nemo

564 5368 658 5421 per
694 5370 816 5408 eum
864 5358 1037 5425 possit
1081 5358 1314 5412 transire
1361 5367 1580 5428 propter
1612 5369 1815 5415 metum
1849 5362 2043 5427 leonis,
2075 5370 2130 5415 et

560 5448 702 5514 quod
738 5463 861 5501 cum
896 5449 1009 5516 ipse
1050 5450 1251 5505 multos
1282 5451 1530 5507 homines
1574 5454 1890 5523 perdiderit,
1932 5456 2125 5525 reliqui

562 5539 830 5605 perterriti
863 5554 969 5594 non
998 5541 1231 5597 audeant
1256 5544 1487 5614 amplius
1518 5560 1614 5616 per
1656 5545 1835 5602 locum
1869 5547 2123 5605 transire.

636 5798 711 5868 tu)
750 5798 933 5854 Graece
973 5806 1107 5852 octo.

2247 1992 2434 2059 φάνιος
2490 1993 2546 2043 ἐν
2604 1990 2921 2061 Σπανυδρίῳ
2986 1990 3249 2042 κατοικεῖ,
3311 1987 3675 2057 Συνήχθησαν
3736 1985 3823 2041 οὖν

2244 2082 2391 2135 ἄλλοι
2424 2082 2641 2151 ἀδελφοὶ
2671 2084 2729 2134 ἐν
2759 2082 2835 2151 τῷ
2869 2079 3234 2152 μοναστηρίῳ.
3270 2077 3490 2147 ’Πμεθα
3523 2079 3585 2131 δὲ
3613 2080 3663 2131 οἱ
3691 2080 3820 2133 πάν-

2243 2191 2355 2237 ’τες⁸
2384 2174 2474 2226 τὸν
2501 2174 2729 2244 ἀριθμὸν
2776 2182 2845 2245 η’.

2316 2267 2400 2319 Κ’.
2443 2266 2742 2337 Ἑπορεύθη
2790 2263 2882 2319 οὖν
2937 2267 3251 2337 Ἐπιφάνιος
3293 2272 3351 2324 ἐν
3398 2269 3500 2341 μιᾷ
3534 2264 3726 2336 ἡμέρα
3770 2263 3820 2314 ἐν

2243 2357 2319 2422 τῷ
2359 2358 2701 2428 μοναστηρίῳ
2738 2357 2830 2410 τοῦ
2868 2358 3102 2428 μεγάλου
3146 2360 3447 2431 Ἱλαρίωνος
3479 2360 3564 2421 εἰς
3607 2354 3816 2407 ἐπίσκε-

2241 2447 2336 2516 ψιν
2368 2448 2476 2500 τῶν
2506 2448 2768 2516 ἀδελφῶν·
2806 2449 2899 2500 καὶ
2939 2449 3239 2520 ἐπορεύθην
3270 2448 3423 2518 κάγὼ
3472 2447 3598 2519 μετ’
3639 2440 3816 2497 αὑτοῦ.

2243 2538 2351 2589 Καὶ
2378 2537 2703 2603 ἀπεδέξαντο
2736 2539 2882 2608 ἡμᾶς
2924 2541 2973 2591 οἱ
3007 2539 3225 2609 ἀδελφοὶ
3271 2540 3409 2611 μετὰ
3441 2540 3627 2613 χαρᾶς
3659 2534 3803 2606 μεγά-

2243 2628 2360 2699 λης,
2397 2628 2491 2682 καὶ
2518 2632 2766 2699 κατεῖχον
2794 2631 2939 2701 ἡμᾶς
2964 2632 3174 2703 ἡμέρας
3209 2632 3429 2695 πολλάς.
3470 2633 3531 2685 Ὀ
3568 2627 3661 2683 οὖν
3706 2627 3804 2680 διά-

2243 2720 2417 2783 δολος,
2463 2722 2490 2772 ὁ
2540 2720 2599 2784 ἐξ
2646 2722 2816 2791 ἀρχῆς
2869 2724 3238 2793 ἀντικείμενος
3299 2727 3411 2786 τοῖς
3460 2722 3675 2784 δούλοις
3727 2716 3816 2771 τοῦ

2243 2810 2398 2875 Θεοῦ,
2436 2812 2623 2864 ἐλαϐεν
2674 2813 2987 2883 Ἐπιφανίου
3033 2814 3094 2866 τὸ
3142 2815 3360 2885 σχῆμα,
3395 2816 3491 2868 καὶ
3518 2813 3810 2884 ἀπέρχεται

2243 2903 2299 2954 ἐν
2344 2902 2420 2971 τῷ
2473 2904 2815 2975 μοναστηρίῳ
2873 2902 2952 2973 τῷ
3016 2905 3424 2977 ἐπικαλουμένῳ
3475 2902 3810 2973 Σπανυδρίῳ.

2243 2995 2584 3065 Συναντήσας
2635 2994 2692 3046 δὲ
2752 2993 2900 3065 αὐτῷ
2954 2995 3178 3064 ἁδελφὸς
3231 2996 3339 3049 τῶν
3402 2995 3812 3067 ἀμελεστέρων,

2242 3085 2470 3156 ἔδραμεν
2502 3086 2580 3147 είς
2626 3084 2991 3156 προσκύνησιν
3022 3085 3205 3139 αὑτοῦ.
3248 3088 3356 3139 Καὶ
3403 3088 3465 3157 δὴ
3517 3085 3701 3139 πεσὼν
3728 3081 3808 3136 ἐπὶ

2241 3179 2338 3250 τὴν
2366 3178 2467 3248 γῆν
2500 3177 2902 3249 προσεκύνησεν
2932 3177 3008 3249 τῷ
3038 3180 3391 3250 πονηροτάτῳ
3429 3180 3669 3250 δαίμονι.
3708 3174 3808 3229 Καὶ

2240 3271 2483 3342 εἰσῆλθεν
2511 3272 2589 3333 εἰς
2624 3271 2812 3323 αὐτόν·
2848 3271 2943 3324 καὶ
2985 3267 3388 3342 ἦν’ἀκράτητος
3432 3274 3488 3323 ἐν
3520 3274 3635 3333 τοῖς
3666 3266 3805 3323 ἀδελ-

2240 3364 2380 3430 φοῖς.
2414 3359 2578 3414 Εἶπεν
2604 3362 2659 3414 δὲ
2703 3362 3016 3431 Ἐπιφάνιος
3056 3363 3189 3435 πρὸς
3229 3363 3318 3416 τὸν
3354 3363 3529 3433 μέγαν
3574 3359 3805 3429 Ὶλαρίω-

2239 3472 2331 3509 να’
2380 3454 2553 3517 Λύκος
2596 3454 2936 3525 ἐπεισῆλθεν,
2982 3455 3194 3526 Πάτερ,
3226 3456 3283 3507 ἐν
3325 3453 3402 3523 τῷ
3442 3449 3804 3524 μοναστηρίῳ.

2238 3546 2517 3616 ἐτάραξεν,
2547 3544 2832 3599 ἐσάλευσεν
2858 3545 3063 3607 πάντας
3086 3546 3207 3608 τοὺς
3236 3543 3521 3612 ἀδελφούς.
3550 3541 3728 3595 Ταῦτα
3753 3538 3804 3590 δὲ

2239 3636 2406 3689 εἰπὼν
2451 3636 2760 3703 Ἐπιιράνιος
2800 3636 3187 3704 ἀσπασάμενος
3219 3635 3483 3698 ἅπαντας,
3520 3631 3804 3701 ἐξήλθομεν

2236 3729 2336 3798 τὴν
2368 3728 2485 3781 ὁδὸν
2513 3727 2686 3797 ἡμῶν.
2718 3727 2857 3780 Ποτὲ
2883 3726 3013 3795 γοῦν
3047 3726 3212 3797 τριῶν
3246 3724 3518 3795 ἀγροίκων
3552 3719 3802 3775 εἰσελθόν-

2237 3837 2344 3871 των
2379 3821 2434 3871 ἐν
2464 3818 2539 3889 τῷ
2583 3819 2956 3889 μοναστηρίῳ,
3001 3817 3231 3886 δαίμονα
3264 3814 3575 3886 ἀκάθαρτον
3614 3809 3751 3881 εἶχεν
3776 3808 3803 3858 6

2237 3905 2335 3973 εἷς.
2394 3909 2514 3962 Τῶν
2560 3908 2651 3961 δύο
2702 3904 2793 3962 οὖν
2844 3906 3303 3979 παρακαλούντων
3348 3906 3440 3958 τὸν
3496 3902 3799 3971 Ἐπιφάνιον

2238 4002 2366 4072 περὶ
2398 4000 2491 4054 τοῦ
2522 4000 2581 4053 τὸ
2627 3999 2842 4070 πνεῦμα
2880 3999 3092 4069 ἔχοντος
3126 3998 3184 4050 τὸ
3230 3997 3564 4067 ἀκάθαρτον,
3602 3993 3690 4047 καὶ
3718 3991 3799 4041 λε-

2237 4095 2472 4160 γόντων·
2528 4091 2802 4162 Βοήθησον
2853 4090 2929 4159 τῷ
2978 4088 3135 4160 ἡμῶν
3195 4089 3428 4159 ἑταίρῳ,
3493 4084 3798 4154 Ἐπιφάνιος

2236 4183 2386 4239 εἶπεν
2432 4186 2633 4247 αὐτοῖς·
2684 4183 2910 4244 Λάϐετε,
2956 4182 3141 4245 τέκνα,
3174 4182 3263 4234 τὸν
3303 4180 3455 4251 ὑμῶν
3499 4180 3682 4249 φίλον,
3712 4172 3799 4227 καὶ

2236 4275 2530 4346 πορεύεσθε
2584 4278 2641 4328 ἐν
2690 4275 2910 4346 εἰρήνῃο
2962 4275 3019 4326 ἐν
3067 4273 3173 4345 γὰρ
3227 4271 3304 4343 τῷ
3354 4271 3576 4340 ὀνόματι
3633 4262 3794 4336 Ἰησοῦ

2234 4368 2492 4440 Χριστοῦ,
2524 4368 2673 4421 οὐδὲν
2698 4367 2866 4419 κακὸν
2892 4367 2948 4418 ὲν
2977 4366 3143 4435 αὐτῷ.
3180 4364 3591 4416 Πιστευσάντων
3618 4360 3673 4413 δὲ
3705 4356 3794 4407 αὑ·

2234 4458 2341 4512 τῶν
2372 4458 2444 4529 τῷ
2477 4458 2618 4528 λόγῳ
2652 4458 2988 4526 Ἐπιφανίου,
3019 4455 3257 4525 ἀπῆλθεν
3280 4457 3309 4507 6
3339 4454 3623 4524 ἄνθρωπος
3648 4448 3793 4516 ὑγιὴς

2159 4571 2215 4632 D
2236 4552 2292 4602 ἐν
2319 4550 2395 4620 τῷ
2420 4550 2549 4617 οἴκῳ
2579 4548 2762 4603 αὑτοῦ.

2304 4643 2433 4693 KA'.
2494 4640 2631 4692 Ποτέ
2689 4636 2780 4692 οὖν
2835 4638 3048 4700 λέοντος
3096 4638 3433 4708 ὑπάρχοντος
3492 4638 3553 4690 ἐν
3614 4632 3793 4705 ἐρήμῳ

2232 4732 2401 4800 τόπῳ,
2430 4729 2502 4792 ὡς
2541 4728 2649 4781 ἀπὸ
2680 4728 2921 4800 σημείων
2960 4726 2998 4792 ξ’
3030 4727 3105 4797 τῷ
3136 4730 3167 4798 ἡ
3179 4727 3293 4797 μῶν
3330 4724 3695 4798 μοναστηρίῳ,
3727 4715 3789 4789 ἦν

2233 4826 2312 4885 εἰς
2344 4822 2475 4891 ὓλην
2517 4821 2897 4891 κεκρυμμένος
2920 4860 2934 4883 ,
2965 4821 3060 4873 καὶ
3093 4820 3323 4883 πολλοὺς
3354 4820 3465 4872 τῶν
3500 4816 3789 4887 ἀνθρώπων

2230 4913 2339 4965 τῶν
2362 4912 2785 4983 παρερχομένων
2818 4910 2893 4980 τῷ
2926 4911 3071 4979 τόπῳ
3096 4909 3288 4979 ἐκείνῳ
3314 4908 3595 4978 ἠφάνιζεν.
3613 4901 3713 4956 Ἦν
3736 4897 3787 4949 δὲ

2232 5007 2260 5057 ὁ
2294 5004 2455 5066 τόπος
2489 4999 2640 5066 οὗτος
2667 5003 2965 5073 ἐπιτήδειος
3002 5005 3113 5065 τοῖς
3150 5002 3466 5070 ὁδοιπόροις.
3501 4993 3786 5065 Συναχθέν-

2232 5116 2322 5161 τες
2362 5094 2453 5151 οὖν
2491 5099 2725 5161 ἅπαντες
2764 5100 2810 5149 οἱ
2856 5097 2952 5167 τὴν
2988 5098 3275 5168 συνήθειαν
3317 5096 3531 5166 ἔχοντες
3570 5088 3785 5164 βαδίζειν

2230 5189 2317 5242 διὰ
2348 5188 2441 5241 τοῦ
2472 5190 2635 5241 τόπου
2662 5189 2893 5252 ἐκείνου,
2922 5185 3082 5258 ἦλθον
3116 5189 3252 5259 πρὸς
3282 5189 3598 5256 Ἐπιφάνιον
3632 5186 3687 5235 ἐν
3716 5174 3786 5244 τῷ

2234 5281 2577 5352 μοναστηρίῳ
2598 5322 2611 5345 ,
2640 5281 2887 5349 λέγοντες
2916 5280 3062 5350 αύτῷ
3095 5281 3163 5333 τά
3206 5281 3334 5349 περὶ
3365 5279 3457 5331 τοῦ
3501 5277 3659 5343 ζὼου,
3699 5266 3784 5321 καὶ

2233 5374 2332 5444 τῆς
2361 5373 2587 5438 ἀταξίας
2620 5373 2784 5426 αὐτοῦ
2816 5374 2914 5443 τῆς
2956 5374 3232 5443 πονηρᾶς·
3264 5372 3358 5425 καὶ
3402 5372 3483 5424 ὅτι
3515 5369 3781 5435 ἀοίκητος,

2233 5464 2327 5516 καὶ
2350 5463 2546 5526 ἄϐατος
2574 5467 2600 5516 6
2620 5464 2781 5528 τόπος
2810 5465 3043 5533 ἐγένετο.
3062 5458 3107 5517 ὦ
3128 5464 3329 5535 Πάτερ,
3359 5462 3467 5515 ἀπὸ
3493 5460 3587 5515 τοῦ
3611 5452 3779 5524 φόϐους

2234 5555 2418 5626 φησιν,
2440 5555 2532 5609 τοῦ
2556 5556 2784 5624 λέοντος,
2812 5558 2892 5611 ὅτι
2922 5555 3148 5619 πολλοὺς
3179 5554 3498 5627 ἀνθρώπους
3525 5548 3779 5611 διώλεσεν·
