4078 6368
348 304 425 362 ιο
1681 306 1738 358 S.
1779 302 2123 361 EPlPHANll
2167 306 2345 361 VITA.
3552 305 3621 359 50

350 421 465 477 Καὶ
492 422 542 473 οί
573 420 751 475 λοιποί
793 420 1121 491 πτοηθέντες
1166 419 1350 474 οὐκέτι
1399 420 1643 475 θέλουσιν
1674 423 1921 493 παράγει

2050 423 2152 489 Qui
2192 438 2317 477 cum
2344 422 2411 477 de
2438 421 2608 477 leonis
2640 422 2926 477 insolentia
2962 421 3248 486 andiisset,
3282 420 3420 477 dixit
3446 424 3621 477 enmi-

345 512 442 566 τὸν
484 512 647 566 τόπον
682 513 914 567 ἐκεῖνον.
952 512 1221 577 Ἀκούσας
1256 514 1313 565 δὲ
1343 514 1661 581 Ἐπιφάνιος
1688 514 1942 584 περὶτῆς

346 604 580 670 ἀταξίας
615 603 710 657 τοῦ
736 605 970 669 λέοντος,
1005 600 1161 658 εἶπεν
1191 606 1326 677 πρὸς
1362 605 1605 669 ἅπαντας
1641 607 1768 668 τοὺς
1801 623 1943 676 παρ-

345 696 622 760 εστιῖιταςο
656 698 938 766 Ἄγωμεν,
984 699 1149 768 φησὶν
1172 738 1187 762 ,
1220 698 1422 761 τέκνα,
1459 698 1552 750 ἐπὶ
1597 699 1677 769 τῷ
1717 699 1941 769 ὀνόματι

345 788 581 859 Κυρίου,
614 790 709 842 καὶ
735 789 983 860 ὀψόμεθα
1024 791 1116 843 τὸν
1143 790 1333 845 λέοντα
1361 791 1454 844 τὸν
1487 792 1803 863 αίμοϐόρον.
1829 793 1940 843 Λα-

344 876 461 930 ϐὼν
496 875 591 932 οὖν
620 879 722 948 ἐμὲ
749 880 1093 947 Ἐπιφάνιος,
1130 878 1509 950 ἐπορεύθημεν
1546 880 1684 950 μετά
1716 880 1824 933 τῶν
1852 882 1943 935 ἀν-

344 968 606 1040 θρώπων.
629 970 933 1025 Ἐλθόντων
957 971 1013 1023 δὲ
1042 972 1223 1042 ἡμῶν,
1247 972 1409 1024 ἔπεσε
1468 971 1630 1041 φόϐος
1658 972 1828 1042 μέγας
1850 974 1941 1027 ἐπὶ

342 1060 558 1125 πάντας
588 1063 718 1124 τοὺς
749 1062 910 1125 ὖντας
940 1062 1058 1131 μεθ’
1098 1062 1276 1132 ἡμῶν.
1312 1058 1479 1116 Εἶπεν
1525 1063 1583 1115 δὲ
1624 1064 1941 1131 Ἐπιφάνιος

341 1150 487 1220 πρὸς
519 1152 645 1215 τοὺς
675 1151 1032 1223 ἀνθρώπους·
1065 1152 1175 1204 Ποῦ
1195 1192 1209 1213 ,
1246 1153 1440 1222 φησὶν,
1491 1152 1656 1205 τέκνα
1680 1192 1693 1214 ,
1727 1153 1872 1206 ἔστιν
1904 1156 1936 1225 ή

343 1242 673 1313 κατοίκησις
714 1243 807 1296 τοῦ
856 1244 1100 1308 λέοντος;
1151 1243 1271 1296 Τῶν
1315 1244 1372 1296 δὲ
1415 1244 1805 1309 ὑποδειξάντων
1849 1246 1939 1299 τὸν

339 1334 533 1396 τόπον,
578 1333 791 1388 ἔϐαινεν
821 1336 1146 1404 Ἐπιφάνιος
1187 1334 1405 1405 πρῶτος
1453 1336 1690 1390 πάντων.
1729 1336 1836 1390 Τοῦ
1882 1339 1939 1391 δὲ

337 1424 559 1491 λέοντος
618 1428 891 1498 μηδέποτε
958 1428 1333 1498 βλεπομένου,
1388 1430 1573 1498 ἔλεγεν
1620 1432 1937 1499 Ἐπιφάνιος

342 1514 563 1587 μεγάλῃ
594 1518 661 1585 τῇ
698 1520 849 1587 φωνῇ
872 1533 884 1546 ·
928 1515 1040 1569 Ποῦ
1077 1516 1236 1569 ἐστιν
1282 1518 1342 1571 τὸ
1391 1520 1809 1591 κατοικητήριον
1842 1519 1935 1572 τοῦ

332 1607 585 1659 ἀτάκτου
615 1606 1268 1679 λέοντος;Ἐξεπήδησεν
1317 1609 1375 1662 δὲ
1417 1611 1445 1663 6
1493 1611 1631 1663 λέων
1680 1611 1791 1663 ἀπὸ
1836 1611 1936 1683 τῆς

340 1694 480 1765 ὕλης
516 1699 596 1759 εἰς
626 1699 950 1771 συνάντησιν
970 1700 1312 1768 Ἐπιφανίου.
1347 1696 1514 1765 Οὗτος
1548 1702 1617 1777 δὲΔ
1644 1701 1766 1757 ἰδὼν
1782 1704 1935 1756 Ἐπι-

2048 516 2150 568 bus
2199 514 2293 584 qui
2342 514 2567 567 aderant
2607 532 2619 567 :
2664 513 2866 568 Eamus
2928 514 2981 566 in
3027 514 3248 568 nomine
3293 513 3530 578 Domini,
3570 526 3623 569 ct

2045 606 2326 660 videamus
2375 605 2608 659 leonem.
2660 604 2743 657 Me
2776 611 2958 658 autem
3000 612 3245 673 accepto,
3288 603 3623 673 Epiphanius

2047 697 2269 766 quidem
2321 695 2600 766 profectus
2631 703 2717 750 est
2744 711 2869 749 cum
2909 694 3243 749 hominibus.
3277 692 3341 747 Et.
3376 710 3498 747 cum
3527 711 3621 748 ve-
3689 682 3693 686 6

2045 788 2318 842 nissemus
2350 787 2416 841 ad
2464 787 2644 841 locum
2672 828 2687 852 ,
2720 786 2912 841 incidit
2952 801 3183 855 magnus
3230 785 3393 839 timor
3422 785 3476 838 in
3504 800 3620 839 om-

2044 893 2142 932 nes
2199 878 2291 946 qui
2326 886 2483 931 erant
2515 878 2821 932 nobiscum.
2857 875 2949 930 Eis
2977 885 3157 930 autem
3197 876 3335 928 dixit
3383 875 3619 944 Epipha-

2044 968 2208 1023 nius:
2239 966 2341 1021 Ubi
2384 976 2487 1033 est,
2524 984 2555 1022 0
2583 968 2701 1031 ﬁlii,
2734 968 2909 1023 leonis
2940 966 3242 1021 habitatio?
3270 966 3514 1035 Cumque
3541 966 3619 1021 lo-

2044 1076 2170 1115 cum
2196 1061 2587 1123 ostendissent,
2609 1060 2703 1113 ivit
2729 1058 2942 1129 primus
2965 1058 3303 1128 Epiphanius
3326 1058 3391 1111 ad
3416 1059 3613 1112 locum.

2043 1153 2111 1206 Et
2160 1167 2286 1206 cum
2319 1153 2404 1207 leo
2437 1152 2679 1205 nondum
2726 1151 3026 1214 videretur,
3084 1151 3219 1204 dixit
3258 1166 3454 1220 magna
3486 1165 3617 1205 voce

2043 1242 2381 1312 Epiphanius
2410 1259 2424 1295 :
2464 1242 2564 1297 Ubi
2598 1253 2681 1298 est
2707 1243 2879 1298 leonis
2909 1242 3320 1297 habitaculum?
3350 1242 3456 1296 Leo
3488 1255 3616 1295 vero

2039 1336 2172 1389 exiit
2217 1352 2247 1389 e
2278 1335 2435 1399 silva,
2476 1342 2536 1388 ut
2574 1334 2677 1388 iret
2721 1334 2936 1387 obviam
2965 1332 3289 1403 Epiphanio.
3338 1331 3387 1388 Is
3434 1341 3613 1386 autem

2039 1446 2162 1487 cum
2187 1428 2411 1485 vidisset
2435 1428 2824 1498 Epiphanium,
2858 1428 3039 1481 statim
3070 1428 3124 1480 in
3161 1436 3359 1479 terram
3395 1425 3613 1488 cecidit,

2037 1528 2090 1574 et
2125 1519 2330 1573 mansit
2380 1528 2653 1573 mortuus.
2690 1514 2957 1570 Cadaveri
3000 1530 3130 1569 vero
3160 1514 3616 1585 appropinquavit

2036 1611 2380 1681 Epiphanius
2411 1627 2425 1663 :
2464 1611 2558 1665 sed
2590 1609 2785 1678 reliqui
2820 1622 3011 1661 omnes
3041 1596 3348 1675 eﬂ‘ugerunt
3370 1645 3385 1669 ,
3417 1620 3613 1674 magno

2036 1712 2185 1757 metu
2237 1701 2435 1756 allecti.
2486 1699 2825 1770 Epiphanius
2868 1710 3048 1752 autem
3088 1713 3283 1768 magna
3315 1713 3448 1753 voce
3480 1700 3616 1753 dixit

337 1786 557 1854 φάνιον,
599 1790 803 1854 εὐθέως
832 1791 1025 1845 ἔπεσεν
1054 1792 1151 1843 ἐπὶ
1177 1791 1276 1863 τὴν
1300 1793 1405 1862 γῆν
1425 1832 1439 1857 ,
1482 1794 1577 1847 καὶ
1608 1776 1822 1864 ἔμεινεν
1850 1814 1921 1849 νε⁴

2035 1795 2083 1849 ei
2111 1814 2123 1848 :
2156 1792 2347 1848 Venite
2380 1808 2597 1856 secure,
2635 1792 2729 1845 lilii
2752 1831 2765 1853 ,
2819 1800 2873 1845 et
2908 1791 3158 1845 videbitis
3188 1776 3419 1846 cadaver
3461 1790 3608 1846 ferte.

337 1879 496 1949 κρός.
524 1879 785 1949 Ἐγγίσας
805 1882 862 1934 δὲ
888 1884 1207 1951 Ἐπιφάνιος
1230 1884 1399 1952 ἐγγὺς
1419 1884 1513 1938 τοῦ
1543 1887 1809 1957 στόματος
1833 1886 1931 1958 (a),

334 1970 391 2021 oi
428 1970 635 2034 πάντες
668 1973 952 2041 ἀπέφυγον
988 1974 1138 2045 φόϐῳ
1183 1974 1407 2046 μεγάλῳ
1438 1976 1811 2047 συσχεθέντες,
1846 1978 1933 2031 λο-

334 2057 652 2127 γιζόμενοι,
696 2062 768 2132 μή
804 2079 920 2125 πως
951 2063 1044 2117 καὶ
1069 2064 1390 2134 Ἐπιφάνιον
1426 2066 1748 2120 θανατώσει.
1788 2070 1846 2120 Ὀ
1879 2068 1935 2120 δὲ

347 2149 671 2218 Ἐπιφάνιος
717 2155 927 2228 μεγάλῃ
977 2160 1043 2228 τῇ
1094 2164 1244 2232 φωνῇ
1294 2161 1478 2229 ἔλεγεν
1537 2160 1672 2229 πρὸς
1728 2162 1936 2224 πάντας

328 2240 568 2305 αύτούς·
600 2245 786 2310 Δεῦτε,
817 2250 1000 2318 φησὶν,
1034 2252 1276 2320 ἀφόϐως,
1308 2252 1494 2317 τέκνα,
1518 2253 1611 2307 καὶ
1635 2252 1833 2322 ὄψεσθε
1867 2252 1925 2304 τὸ

333 2333 542 2403 πτῶμα
578 2336 672 2389 τοῦ
718 2338 931 2409 θηρίου.
976 2343 1096 2395 Τῶν
1140 2344 1200 2397 δὲ
1243 2344 1499 2399 ἁπάντων
1553 2344 1756 2407 εὐθέως
1806 2361 1926 2396 συν-

330 2424 634 2494 αχθέντων,
671 2429 776 2484 ἴδον
808 2433 857 2484 οἱ
896 2434 1095 2497 πάντες
1120 2435 1181 2489 τὸ
1212 2435 1413 2507 πτῶμα
1444 2436 1538 2489 τοῦ
1586 2436 1796 2507 θηρίου.
1830 2432 1923 2489 Εἷ-

2029 1885 2299 1940 Omnibus
2336 1900 2463 1939 vero
2495 1885 2677 1938 statim
2729 1883 2990 1947 collectis,
3022 1884 3271 1938 viderunt
3305 1899 3493 1938 omnes
3526 1899 3613 1939 ca-

2030 1978 2193 2031 daver
2220 1976 2367 2031 ferae.
2400 1976 2537 2030 Tum
2573 1975 2912 2045 Epiphanius
2939 1978 3017 2029 sic
3046 1990 3142 2029 eos
3172 1975 3445 2029 allocutus
3472 1984 3557 2030 est
3590 1994 3603 2028 :

2034 2065 2090 2121 Si
2142 2068 2303 2121 tidem
2359 2068 2660 2121 habueritis
2708 2068 2763 2121 in
2800 2065 3138 2121 Salvatorem
3186 2066 3486 2130 Christum,
3532 2068 3611 2122 sic

2031 2160 2227 2214 cadent
2259 2174 2449 2213 omnes
2497 2159 2663 2214 vestri
2711 2158 3078 2213 insidiatores.
3122 2158 3260 2212 Cum
3293 2174 3393 2213 nos
3427 2168 3606 2214 autem

2031 2266 2221 2306 omnes
2248 2251 2589 2319 acCepissent
2625 2251 2896 2315 homines,
2950 2249 3302 2305 restituerunt
3332 2263 3609 2306 monaste-

2032 2344 2136 2398 rio.
2171 2342 2387 2412 Ipsique
2415 2342 2848 2397 benedictionem
2880 2342 3115 2398 assecuti
3170 2344 3239 2398 ab
3283 2342 3605 2413 Epiphanio,

2030 2433 2263 2503 ingressi
2293 2441 2420 2488 sunt
2444 2433 2587 2487 viam
2617 2448 2793 2487 suam.

330 2533 436 2569 πεν
461 2519 517 2572 δὲ
540 2522 860 2621 Ἐξτιφάνιος
882 2528 1017 2597 πρὸς
1050 2531 1177 2594 τοὺς
1205 2530 1556 2601 ἀνθρώπους
1589 2531 1719 2585 Ἐὰν
1743 2531 1923 2584 πίστιν
1962 2529 2124 2599 ἔχητε
2174 2528 2309 2599 πρὸς
2350 2527 2441 2581 τὸν
2492 2528 2723 2599 Σωτῆρα
2752 2569 2766 2593 ,
2816 2528 2865 2580 οἱ
2916 2527 3069 2597 ὑμῶν
3109 2528 3383 2581 ἐπίϐουλοι
3436 2528 3607 2595 οὕτως

331 2612 625 2666 πεσοῦνταὶ
663 2617 881 2681 πάντες.
916 2620 1185 2687 Λαϐόντες
1230 2624 1289 2677 δὲ
1326 2627 1477 2696 ἡμᾶς
1534 2627 1734 2689 πάντες
1776 2626 1825 2679 οἱ
1866 2625 2087 2695 ἄνδρες,
2133 2624 2422 2676 ἀπέσωσαν
2470 2624 2630 2675 πάλιν
2683 2624 2740 2675 ἐν
2786 2623 2864 2692 τῷ
2902 2622 3270 2692 μοναστηρίῳ,
3308 2622 3399 2673 καὶ
3432 2621 3603 2687 αὐτοὶ,

331 2705 724 2776 εὐλογηθέντες
778 2712 930 2783 παρά
986 2715 1348 2784 Ἐπιφανίου,
1395 2718 1771 2789 ἐπορεύθησαν
1824 2718 1923 2788 τὴν
1962 2714 2166 2769 ἑαυτῶν
2196 2714 2333 2768 ὁδόν.

405 2799 537 2851 KB'.
579 2800 873 2874 Ἐδοξάσθη
917 2804 973 2858 δὲ
1011 2808 1042 2857 6
1086 2807 1252 2872 τόπος
1297 2810 1327 2861 ό
1368 2809 1560 2881 πρώην
1592 2810 1924 2880 καλούμενος

328 2890 692 2961 Σπανύδριον,
715 2893 803 2947 διὰ
825 2895 1163 2965 Ἐπιφανίου.
1183 2895 1292 2953 Ἦν
1324 2902 1433 2972 γάρ
1469 2919 1600 2953 ποτε
1639 2901 1915 2971 ἀοίκητος,

332 2981 429 3033 καὶ
456 2980 679 3050 ἄϐατος,
711 2986 803 3037 καὶ
832 2987 1059 3058 ἄνυδρος
1081 3007 1094 3021 ·
1130 2990 1211 3045 διὸ
1246 2994 1339 3045 καὶ
1381 2994 1477 3062 τὴν
1504 2994 1820 3063 ἐπωνυμίαν
1852 2997 1915 3047 ἐκ

2104 2804 2271 2858 XXII.
2302 2804 2483 2859 Gloria
2516 2814 2697 2859 autem
2732 2805 2962 2875 insignis
2988 2803 3087 2859 fuit
3119 2804 3294 2868 locus,
3327 2804 3421 2874 qui
3453 2805 3605 2874 prius

2024 2897 2322 2951 vocabatur
2361 2894 2769 2967 Spanhydrion,
2818 2906 3039 2965 propter
3058 2895 3442 2966 Epiphanium.
3483 2895 3606 2950 Fuit

2023 2991 2167 3043 enim
2214 2988 2509 3057 aliquando
2559 2989 2711 3043 locus
2756 2990 2939 3043 invius
2969 3030 2983 3054 ,
3018 2997 3074 3042 et
3118 2989 3511 3051 inhabitabilis,
3551 3001 3604 3043 et

332 3070 429 3123 τοῦ
463 3073 539 3142 μὴ
566 3072 712 3143 ἔχειν
744 3076 910 3149 ὕδωρ,
944 3079 1280 3151 ἐπεκέκλητο
1305 3083 1639 3153 Σπανύδριον
1661 3103 1673 3114 ·
1705 3087 1920 3154 ἐγένετο

2024 3096 2162 3148 aqua
2211 3095 2425 3133 carens.
2507 3077 2873 3145 Quamobrem
2921 3079 3338 3149 cognominatus
3386 3094 3605 3148 quoque

325 3167 389 3220 δὲ
430 3171 760 3241 παράδεισος
792 3173 1011 3228 πάντων
1044 3176 1264 3245 ἀγαθῶν
1306 3180 1569 3250 μετέχων,
1621 3181 1829 3235 ὑδάτων
1862 3182 1918 3234 δὲ

327 3259 646 3333 πλημμύρα
682 3265 775 3316 καὶ
804 3265 1080 3336 ἐδωδίμων
1113 3269 1405 3339 διαφόρων.
1441 3272 1598 3325 Μετὰ
1627 3270 1720 3327 οῦν
1751 3273 1921 3327 ἀπάν-

327 3368 439 3403 των
460 3352 689 3419 τούτων,
719 3348 794 3407 ὧν
815 3357 1127 3430 κατηξιώθη
1156 3359 1473 3428 Ἐπιφάνιος
1504 3363 1609 3415 ὑπὸ
1634 3364 1729 3417 τοῦ
1760 3363 1917 3428 Θεοῦ,

324 3441 390 3493 τὸ
413 3443 563 3512 μέγα
595 3445 754 3498 τοῦτο
788 3449 883 3501 καὶ
917 3450 1229 3519 θαυμαστὸν
1256 3453 1427 3524 δῶρον
1457 3456 1747 3526 ἐχαρίσατο
1772 3455 1919 3527 αὐτῷ

324 3535 356 3585 6
388 3533 559 3598 Θεὸς,
612 3536 707 3589 τοῦ
761 3539 900 3608 μετά
934 3542 1115 3613 πάσης
1160 3544 1417 3613 ἀληθείας
1465 3548 1786 3618 ἑρμηνεύειν
1820 3548 1918 3611 τάς

328 3622 483 3687 θείας
515 3625 761 3696 Γραφάς.
813 3630 1122 3700 Λαμϐάνων
1148 3634 1259 3706 γάρ
1292 3638 1391 3698 τὰς
1417 3636 1669 3701 θεοειδεῖς
1705 3638 1918 3707 βίϐλους

325 3714 422 3766 καὶ
456 3715 852 3784 ἀναγινώσκων
900 3724 1013 3785 τοῖς
1056 3724 1327 3793 ἀδελφοῖς,
1365 3728 1463 3798 τὴν
1488 3728 1693 3781 τούτων
1736 3731 1916 3782 πᾶσαν

323 3805 560 3877 δύναμιν
584 3810 934 3877 ἐπεδείκνυεν
964 3816 1169 3879 αὐτοῖς.
1194 3818 1462 3882 Ἀκούσας
1491 3820 1547 3872 δὲ
1578 3820 1913 3888 Ἐπιφάνιος,

319 3901 355 3953 ὁ
381 3899 557 3969 μέγας
587 3902 793 3973 ῥήτωρ,
820 3907 849 3957 ό
886 3908 981 3959 καὶ
1006 3907 1375 3981 φιλοσοφήσας
1401 3912 1502 3983 τῆς
1528 3911 1750 3983 Ἐδέσης
1782 3912 1913 3966 κάτ-

318 4007 470 4054 οικος
500 3993 629 4063 περὶ
662 3992 1004 4063 Ἐπιφανίου,
1033 3999 1114 4051 ὅτι
1146 4000 1323 4068 λόγιός
1359 4003 1527 4066 ἐστιν,
1568 4004 1914 4074 ἐπεθύμησεν

323 4082 421 4134 ἐπὶ
459 4085 718 4157 συντυχία
750 4086 941 4140 τούτου
981 4089 1177 4144 ἐλθεῖν.
1222 4094 1332 4146 Καὶ
1364 4093 1427 4165 δὴ
1471 4096 1914 4166 παραγενόμενος

321 4173 384 4225 ἐν
413 4173 491 4244 τῷ
524 4179 896 4249 μοναστηρίῳ,
924 4179 984 4233 τὸ
1014 4182 1219 4253 πλῆθος
1247 4184 1354 4236 τῶν
1384 4186 1626 4253 ἀδελφῶν
1645 4183 1712 4258 ἦν
1742 4186 1914 4251 ἑστὼς

323 4264 420 4318 καὶ
446 4265 549 4328 τὰς
575 4267 852 4338 ὑμνῳδίας
884 4271 1211 4351 ἀναπέμπον
1243 4275 1321 4346 τῷ
1353 4276 1486 4347 Θεῷ.
1518 4274 1627 4330 τΗν
1656 4279 1713 4331 δὲ
1756 4280 1911 4332 Ἐπιρ

320 4357 514 4424 φάνιος
539 4356 661 4410 καθ’
685 4360 878 4414 ἑαυτὸν
902 4363 1003 4425 τὰς
1034 4363 1202 4434 εὐχὰς
1231 4367 1509 4421 ἐπιτελῶν.
1536 4368 1645 4421 Καὶ
1679 4369 1742 4438 δὴ
1772 4369 1908 4439 μετὰ

2021 3170 2123 3225 fuit
2147 3170 2551 3242 Spanhydrion,
2581 3186 2648 3226 eo
2677 3171 2823 3240 quod
2846 3186 3039 3241 aquam
3085 3186 3193 3226 non
3240 3171 3479 3225 haberet.
3508 3171 3601 3223 Ef-

2020 3263 2194 3318 fectus
2221 3274 2305 3318 est
2333 3274 2514 3317 autem
2552 3263 2867 3331 paradisus,
2899 3263 2952 3316 in
2984 3278 3094 3331 quo
3121 3270 3278 3317 erant
3311 3263 3452 3317 bona
3478 3278 3601 3317 om-

2021 3353 2130 3407 nia.
2180 3354 2239 3407 ln
2284 3367 2459 3422 eoque
2503 3353 2853 3408 abundabant
2903 3371 3080 3425 aquae,
3122 3365 3176 3410 et
3205 3358 3478 3411 esculenta
3518 3358 3603 3411 di-

2020 3446 2163 3501 versi
2190 3447 2429 3515 generis.
2466 3447 2606 3501 Cum
2635 3447 2703 3501 iis
2730 3463 2859 3519 ergo
2894 3451 3176 3513 omnibus,
3203 3446 3405 3518 quibus
3434 3466 3464 3503 a
3490 3450 3599 3504 Deo

2018 3537 2215 3606 dignus
2250 3536 2351 3591 fuit
2388 3538 2608 3592 habitus
2656 3538 3013 3608 Epiphanius,
3069 3542 3174 3597 hoc
3221 3558 3438 3612 quoque
3480 3557 3599 3595 ma-

2017 3644 2181 3697 gnum
2232 3638 2287 3682 et
2321 3629 2642 3684 admirabile
2683 3631 2884 3685 donum
2934 3631 2981 3685 ei
3031 3631 3173 3688 Deus
3219 3642 3303 3687 est
3348 3634 3595 3703 largitus,

2018 3721 2164 3786 quod
2211 3736 2336 3775 cum
2387 3721 2536 3775 omni
2590 3723 2822 3777 veritate
2872 3723 3088 3778 divinas
3147 3724 3598 3793 interpretaretur

2019 3811 2329 3880 Scripturas
2374 3830 2388 3867 :
2427 3812 2642 3867 divinos
2666 3813 2814 3867 enim
2846 3814 3016 3867 libros
3055 3829 3296 3878 sumens,
3329 3822 3383 3867 et
3412 3814 3598 3882 legens

2016 3903 2302 3968 fratribus,
2352 3920 2544 3960 eorum
2574 3906 2682 3960 vim
2716 3921 2935 3975 quoque
2962 3906 3290 3960 declarabat.
3323 3904 3459 3959 Cum
3499 3920 3598 3957 au-

2018 4008 2124 4051 tem
2177 3997 2517 4067 Epiphanius
2542 4014 2772 4068 magnus
2798 4010 2985 4052 orator
3011 4007 3065 4051 et
3094 3997 3470 4066 philosophus,
3502 3998 3597 4067 qni

2019 4090 2296 4145 habitabat
2324 4088 2536 4154 Edesae,
2564 4090 2832 4145 audiisset
2860 4088 3221 4158 Epiphanium
3256 4103 3378 4142 esse
3408 4091 3597 4142 erudi-

2018 4193 2164 4247 tum,
2204 4183 2536 4237 desideravit
2580 4198 2705 4236 eum
2755 4182 3069 4237 convenire.
3119 4180 3256 4235 Cum
3304 4192 3487 4236 autem
3540 4183 3595 4236 in

2015 4274 2408 4327 monasterium
2444 4275 2763 4328 accessisset
2815 4272 3171 4343 Epiphanius,
3205 4275 3383 4330 stabat
3418 4276 3599 4330 multi-

2015 4361 2146 4415 tudo
2178 4360 2447 4428 fratrum,
2494 4372 2548 4416 et
2593 4362 2704 4417 Deo
2756 4362 3004 4417 mittebat
3051 4364 3426 4434 hymnodiam.
3466 4364 3597 4419 Erat

318 4445 600 4500 τελείωσιν
641 4450 860 4521 ἁπάσης
906 4453 1006 4523 τῆς
1052 4453 1345 4525 λατρείας,
1390 4456 1544 4530 ὤφθη
1590 4458 1909 4529 Ἐπιφάνιος

2024 4468 2144 4509 vero
2194 4452 2531 4524 Epiphanius
2572 4470 2792 4524 quoque
2836 4471 3023 4524 preces
3067 4471 3163 4525 per
3212 4472 3270 4511 se
3307 4473 3591 4527 peragens.

318 4540 432 4600 τοῖς
465 4538 715 4607 ἀδελφοῖς
736 4558 750 4571 θ
784 4539 854 4613 ἦν
885 4544 942 4597 δὲ
975 4548 1003 4598 6
1045 4548 1231 4618 ῥήτωρ
1260 4549 1431 4613 ἑστὼς
1450 4590 1465 4615 ,
1503 4552 1595 4605 καὶ
1625 4554 1909 4623 προσέχων

318 4629 396 4700 τῷ
432 4630 668 4703 πλήθει,
714 4638 808 4689 κα)⁸
850 4638 1061 4708 μηδένα
1105 4642 1511 4710 ἀσπασάμενος.
1552 4644 1638 4708 Ὠς
1670 4642 1763 4701 οῦν
1800 4647 1909 4700 ἴδεν

316 4722 409 4773 τὸν
448 4722 768 4792 Ἐπιφάνιον
818 4729 847 4780 6
895 4730 1184 4801 φιλόσοφος
1211 4774 1225 4798 ,
1264 4736 1510 4803 ἐπέγνω,
1562 4740 1656 4792 καὶ
1684 4739 1907 4811 δραμὼν

314 4816 729 4888 προσεκύνησεν
770 4822 951 4876 αὐτόν.
1001 4820 1167 4878 Εἶπεν
1210 4825 1267 4878 δὲ
1300 4826 1613 4896 Ἐπιφάνιος
1646 4832 1722 4902 τῷ
1755 4833 1907 4901 φιλο-

315 4906 487 4977 σόφῳ·
524 4907 609 4974 Τί,
640 4913 668 4963 6
707 4912 883 4980 μέγας
931 4914 1266 4983 Ἐπιφάνιος,
1312 4922 1340 4971 ὀ
1374 4919 1547 4989 μέγας
1589 4923 1802 4994 ῥήτωρ,
1855 4925 1907 4977 τί

316 4998 622 5066 παρεγένου
666 5001 806 5071 πρὸς
852 5003 944 5056 τὸν
978 5007 1306 5077 μικρότατον
1333 5011 1428 5063 καὶ
1454 5012 1905 5083 ἀμαρτωλότατον

313 5083 489 5155 ἄνδρα
518 5086 927 5157 Ἐπιφανίδιον;
961 5092 1087 5146 Ἐπὶ
1139 5096 1297 5151 τοῦτό
1340 5117 1399 5152 σε
1435 5101 1719 5172 θαυμάζω,
1752 5105 1905 5174 φιλό-

314 5194 449 5245 σοφε
472 5218 489 5243 ,
533 5180 586 5232 τί
635 5182 773 5253 πρὸς
815 5184 906 5238 τὸν
943 5185 1159 5267 ἰδιώτην
1204 5194 1512 5263 παρεγένου
1543 5197 1636 5249 καὶ
1671 5198 1905 5267 μάλιστα

313 5269 403 5322 διὰ
435 5272 704 5345 τοσαύτης
730 5275 852 5328 όδοῦ
872 5295 885 5306 ’
916 5279 1005 5331 διὰ
1035 5266 1196 5335 ποίαν
1228 5286 1430 5349 αἰτίαν,
1457 5288 1599 5350 εἰπὲ,
1636 5266 1820 5360 φησὶν,
1857 5286 1902 5345 ὦ

313 5364 609 5433 φιλόσοφε;
653 5368 711 5420 Ὁ
753 5368 810 5421 δὲ
847 5371 1135 5441 φιλόσοφος
1179 5372 1331 5430 εἶπεν
1376 5379 1513 5449 πρὸς
1549 5380 1899 5450 Ἐπιφάνιον’

311 5457 406 5528 Μὴ
439 5455 689 5527 θαύμαζε
725 5462 817 5515 ἐπὶ
843 5463 1021 5529 τοῦτο,
1049 5465 1333 5521 διδάσκαλε
1358 5471 1565 5543 πεποθη
1575 5473 1723 5542 μένε.
1744 5475 1900 5529 Ἐλε-

313 5566 377 5619 γε
406 5551 518 5622 γάρ
544 5554 822 5620 Διονύσιος
865 5561 893 5612 ὁ
942 5560 1437 5632 Ἁλικαρνασσεὺς,
1481 5564 1562 5617 ὅτι
1635 5567 1900 5635 πρόσωπα

382 5714 463 5779 (ο)
501 5711 771 5785 lnterpres
801 5717 930 5787 legit
962 5719 1272 5785 πτώματος.
1310 5720 1468 5778 Eutr.
1496 5721 1735 5780 PATROL.

2010 4544 2181 4601 Porro
2207 4556 2388 4600 autem
2424 4562 2549 4601 cum
2578 4562 2672 4599 eas
2701 4545 3077 4615 perfecissent,
3110 4548 3261 4602 visus
3296 4559 3381 4603 est
3413 4548 3594 4604 fratri-

2011 4640 2113 4695 bus
2146 4639 2504 4708 Epiphanius.
2541 4638 2733 4692 Stabat
2772 4640 2958 4709 itaque
3004 4641 3388 4709 phiIOSOphus,
3426 4652 3479 4695 et
3507 4652 3591 4695 at-

2010 4733 2263 4786 tendebat
2319 4732 2759 4800 multitudinem,
2836 4744 2889 4787 et
2943 4736 3215 4790 neminem
3295 4736 3586 4789 salutabat.

2009 4824 2301 4894 Postquam
2348 4835 2527 4878 autem
2558 4826 2694 4879 vidit
2740 4825 3103 4894 Epiphanium
3134 4866 3149 4890 ,
3176 4843 3299 4879 eum
3329 4826 3542 4895 agnovit
3571 4844 3586 4891 ;

2009 4928 2062 4972 et
2095 4933 2324 4972 currens
2367 4933 2491 4971 eum
2542 4917 2811 4972 adoravit.
2862 4918 3008 4972 Dixit
3040 4929 3220 4972 autem
3264 4918 3586 4987 philosopho

2009 5010 2343 5080 Epiphanius
2388 5027 2400 5061 :
2454 5010 2593 5076 Quid
2635 5020 2722 5074 tu,
2773 5015 2865 5081 qui
2915 5029 2974 5067 es
3026 5028 3257 5081 magnus
3303 5022 3486 5065 orator
3532 5024 3586 5065 et

2008 5101 2388 5170 philosophus,
2436 5110 2489 5155 et
2517 5101 2730 5155 habitas
2758 5102 2966 5165 Edesm,
2998 5103 3277 5157 accessisti
3308 5104 3373 5156 ad
3418 5102 3584 5155 mini-

2006 5206 2156 5244 mum
2192 5200 2246 5243 et
2273 5200 2611 5259 peccatorem
2662 5190 3064 5261 Epiphanium?
3095 5191 3361 5245 Praeterea
3393 5192 3583 5255 miror,

2006 5282 2151 5350 quod
2189 5281 2545 5349 philosophus
2605 5282 2819 5335 veneris
2848 5282 2914 5334 ad
2961 5280 3234 5333 hominem
3279 5281 3436 5349 plane
3493 5296 3585 5333 ru-

2005 5369 2166 5436 dem;
2199 5382 2253 5424 et
2283 5371 2522 5425 maxime
2555 5380 2663 5423 tam
2694 5386 2725 5424 e
2760 5371 3054 5440 longinquo
3082 5389 3093 5423 :
3129 5380 3349 5440 propter
3386 5389 3552 5442 quam

2003 5478 2130 5515 nam
2172 5477 2394 5517 causam
2427 5502 2441 5524 ,
2492 5478 2525 5515 ο
2567 5462 2925 5530 philosophe?
2949 5462 3318 5533 Philosophus
3350 5477 3530 5519 autem
3565 5483 3577 5516 :

2004 5553 2079 5610 Ne
2114 5556 2216 5610 hoc
2249 5554 2487 5620 mireris,
2528 5555 2727 5624 inquit,
2777 5570 2808 5609 ο
2844 5557 3099 5626 magister
3129 5558 3449 5614 desiderate.
3493 5561 3582 5613 Dt-
