4088 6362
442 320 508 375 51
1708 309 1791 364 ὃ.
1832 305 2171 362 ΕΡΙΡΙΙᾹΜΙ
2216 306 2391 359 ῊΤΑ.

3602 300 3695 355 52

440 434 598 490 cehat
642 433 785 487 enim
816 430 1107 501 Dionysius
1137 427 1583 483 Halicarnasseus
1620 442 1633 478 :
1667 424 1725 480 Si
1760 439 2006 495 persona:

2123 421 2421 491 προσώποις
2449 420 2696 492 ἀλλήλοις
2730 421 3131 496 θεωρούμεναή
3181 418 3548 477 καλλιστεύειν
3581 418 3695 473 6:5—

439 541 564 580 cum
614 524 865 594 personis
900 522 1108 577 collata
1133 519 1566 582 considerentur,
1620 525 1851 587 possunt
1884 516 2006 585 pul-

441 615 687 670 chriores
712 628 995 684 apparere.
1020 611 1154 666 Boni
1188 627 1315 666 cum
1344 609 1504 665 malis
1534 606 1772 669 confusi,
1808 606 1861 660 in
1896 620 2007 659 uno

441 706 589 777 ligno
616 706 993 761 extendentur.
1022 702 1211 757 Nullus
1250 701 1395 757 enim
1442 700 1604 754 homo
1629 712 1793 752 unam
1828 695 2008 750 ferens

440 800 705 862 tunicam,
760 799 835 853 ita
878 797 1117 853 custodit
1164 810 1402 865 corpus,
1451 803 1512 848 ut
1555 805 1663 847 non
1719 791 2004 845 laceretur.

440 889 683 946 Plurima
722 905 955 959 namque
983 888 1297 959 congressio
1343 886 1609 957 plurimos
1651 883 1856 953 praebet
1892 897 2009 937 ser-

442 998 654 1037 mones.
687 981 788 1037 Ubi
817 992 995 1037 autem
1041 992 1170 1035 sunt
1203 979 1423 1050 plurimi
1449 992 1749 1041 sermones,
1779 983 1863 1031 est
1895 990 2009 1028 ma-

444 1091 548 1144 gna
575 1075 912 1131 diversarum
942 1088 1124 1129 rerum
1157 1071 1509 1142 experientia.
1547 1067 1672 1124 Haec
1697 1083 1821 1123 cuin
1847 1067 2010 1122 dixis-

446 1174 530 1221 set
553 1166 930 1235 philosophus,
964 1175 1018 1220 et
1044 1164 1198 1234 plura
1230 1163 1357 1225 alia,
1390 1161 1577 1218 tacuit.

519 1254 707 1309 XXIII.
749 1254 1039 1325 Excipiens
1068 1263 1247 1309 autem
1281 1252 1636 1323 Epiphanius,
1665 1251 1899 1320 primum
1941 1250 2005 1302 li-

445 1346 604 1403 brum
630 1345 697 1401 de
734 1345 922 1399 mundi
958 1346 1230 1400 creatione
1272 1344 1655 1413 interpretatus
1683 1348 1766 1395 est
1795 1339 1862 1394 ad
1887 1354 2009 1393 ver-

446 1437 573 1491 bum
603 1437 945 1507 philosopho.
982 1437 1073 1492 Ille
1101 1450 1229 1491 vero
1275 1435 1397 1489 aliis
1425 1433 1643 1504 quidem
1681 1431 2011 1487 assentieba-

448 1538 554 1593 tur,
594 1539 783 1583 contra
832 1530 935 1583 alia
966 1538 1144 1583 autem
1180 1528 1414 1584 dicebat.
1462 1527 1781 1581 Manserunt
1828 1525 2012 1593 itaque

447 1629 560 1675 tres
596 1620 712 1674 dies
747 1619 888 1674 inter
922 1634 980 1674 se
1022 1620 1370 1675 disserentes.
1417 1616 1551 1684 Qua:
1601 1617 1671 1672 ab
1717 1614 1850 1685 ipsis
1884 1628 2011 1668 vero

447 1710 785 1774 dicebantur,
818 1726 1159 1781 nequaquam
1187 1712 1328 1765 inter
1357 1725 1417 1766 se
1440 1708 1849 1764 conveniebant.
1876 1704 2010 1759 Cum

449 1801 673 1856 vidisset
706 1812 884 1857 autem
920 1801 1294 1871 philosophus,
1326 1801 1598 1870 quomodo
1625 1799 1792 1852 vitam
1823 1796 2016 1865 agebat
2045 1781 2087 1835 Β

450 1891 786 1960 Epiphanius
807 1932 823 1958 ,
854 1906 979 1946 eum
1007 1890 1159 1945 valde
1188 1890 1407 1956 dilexit,
1440 1900 1494 1945 et
1525 1898 1723 1959 quarto
1755 1886 1841 1940 die
1879 1884 2016 1939 dixit

450 1980 499 2033 ei
539 1998 552 2033 :
602 1978 877 2049 Magister,
930 1980 1156 2050 pulchra
1198 1988 1282 2035 est
1328 1979 1493 2048 hujus
1540 1977 1646 2033 loci
1697 1974 1959 2030 habitatio
1997 1988 2010 2024 :

451 2072 608 2138 Volo,
662 2074 710 2129 si
753 2074 948 2144 jubes,
991 2074 1077 2128 hic
1112 2074 1373 2128 habitare.
1420 2072 1469 2127 Is
1521 2085 1649 2127 vero
1682 2069 1820 2127 dixit
1860 2069 1960 2138 ipsi
2000 2087 2011 2122 :

451 2164 568 2219 Hoc
612 2164 776 2219 situm
832 2173 915 2219 est
958 2164 1014 2218 in
1073 2164 1245 2219 libero
1289 2162 1718 2232 uniuscujusque
1767 2160 2013 2215 arbitrio.

452 2252 815 2323 Philosophus
859 2260 1037 2307 autem
1071 2269 1084 2305 :
1127 2252 1268 2318 Quin
1306 2252 1469 2306 etiam
1505 2251 1672 2305 libros
1706 2264 1879 2315 meos,
1930 2249 2011 2303 in-

452 2347 592 2416 quit,
630 2347 738 2401 huc
786 2344 927 2401 fero.
973 2343 1113 2400 Dicit
1151 2343 1482 2414 Epiphanius
1514 2359 1527 2395 :
1562 2342 1619 2398 Si
1645 2344 1775 2414 quid
1805 2344 1899 2399 tibi
1930 2360 2021 2400 ve-

452 2438 569 2491 niat
620 2437 673 2491 in
741 2448 973 2491 mentem
1001 2478 1017 2501 ,
1071 2451 1287 2506 aequum
1333 2443 1387 2491 et
1427 2435 1750 2491 benevolum
1793 2436 2019 2491 habebis

453 2528 836 2597 Epiphanium.
891 2526 1038 2582 Dixit
1087 2536 1266 2583 autem
1322 2526 1677 2597 philosophus
1724 2545 1737 2581 :
1785 2526 2021 2584 Omnino

455 2621 555 2675 ibit
595 2619 850 2675 Callistus
898 2622 965 2675 ad
1010 2635 1161 2675 meos
1214 2620 1403 2675 libros.
1448 2619 1593 2673 Dixit
1638 2618 2018 2689 Epiphanius:

455 2714 591 2782 Age,
613 2714 745 2766 vade
787 2727 954 2767 sanus
1001 2727 1124 2768 cum
1161 2712 1402 2768 Callisto.
1453 2710 1595 2766 Dicit
1627 2721 1806 2766 autem
1846 2712 2023 2781 philo-

456 2804 664 2873 sophus
701 2822 713 2858 :
747 2802 854 2860 Res
881 2818 1075 2859 omnes
1116 2818 1266 2860 meas
1297 2805 1599 2874 relinquam
1630 2804 1876 2870 Callisto,
1923 2819 2023 2858 nec

456 2911 522 2951 ex
564 2897 666 2951 hoc
709 2896 829 2951 loco
865 2896 1045 2951 exibo.
1096 2893 1227 2950 Erat
1268 2909 1400 2951 vero
1442 2896 1532 2951 hic
1582 2896 1839 2952 Callistus
1884 2895 2022 2950 Aetii

459 2988 640 3058 magni
674 2985 861 3041 Romae
888 2985 1127 3057 praefecti
1158 2985 1325 3041 (ilius.
1362 2985 1412 3042 Is
1437 3001 1562 3041 cum
1586 2988 1886 3058 malignum
1922 2989 2021 3043 ha-

2108 529 2317 575 νανται,
2342 512 2375 582 ἢ
2403 515 2563 566 κακοὶ
2595 513 2777 577 καλοῖς
2809 515 3183 586 συμφυρέντες
3210 515 3269 567 ὲν
3299 515 3386 566 ἑνὶ
3415 511 3553 581 ξύλῳ
3582 528 3693 563 τα-

2109 602 2483 673 νυσθήσονται.
2513 604 2698 668 Οὐδεὶς
2738 606 2847 675 γάρ
2882 604 3182 677 ἀνθρώπων
3215 605 3311 659 ἕνα
3344 602 3545 674 χιτῶνα
3577 618 3689 668 φο·-

2113 695 2242 767 ρῶν,
2276 696 2569 762 ἀνάξαντον
2599 696 2660 748 16
2703 696 2863 767 σῶμα
2908 696 3241 765 διαφυλάξει.
3280 696 3344 748 Ἥ
3378 694 3487 764 γάρ
3531 692 3690 744 πλεί-

2112 804 2211 858 στη
2252 788 2507 857 συντυχία
2554 788 2837 852 πλείστους
2880 788 3069 857 λόγους
3112 786 3361 857 παρέχει.
3412 786 3585 838 Ὅπου
3621 782 3689 835 δὲ

2111 878 2350 931 πλεῖστοι
2403 878 2571 947 λόγοι,
2614 879 2943 951 πολυπειρία
2996 880 3335 950 πραγμάτων
3386 876 3681 944 διαφόρων.

2111 970 2295 1024 Ταῦτα
2336 971 2393 1024 δὲ
2431 971 2598 1024 εἰπὼν
2642 974 2671 1025 6
2700 971 2986 1040 φιλόσοφος
3030 970 3167 1040 πρὸς
3219 969 3551 1038 Ἐπιφάνιον,
3586 966 3688 1019 καὶ

2112 1061 2333 1116 πλείονα
2358 1062 2561 1115 τούτων
2582 1102 2596 1126 ,
2627 1062 3013 1133 ἀπεσιώπησεν
3047 1061 3245 1133 μηκέτι
3289 1059 3685 1129 φθεγγόμενος.

2182 1261 2307 1315 ΚΓ.
2362 1260 2677 1315 Ὑπολαϐὼν
2719 1260 2777 1313 δὲ
2821 1259 3134 1329 Ἐπιφάνιος
3174 1258 3282 1312 άπὸ
3325 1257 3424 1327 τῆς
3459 1254 3685 1327 πρώτης

2113 1351 2297 1422 βίϐλου
2325 1352 2423 1420 τῆς
2469 1351 2823 1421 κοσμοποιῖας
2852 1350 3238 1421 διερμήνευσεν
3267 1351 3407 1401 κατὰ
3441 1346 3568 1409 ἔπος
3599 1344 3685 1415 τῷ

2112 1444 2402 1513 φιλοσόφῳ.
2447 1444 2504 1494 '0
2537 1442 2634 1512 μὲν
2676 1438 2768 1494 οὖν
2799 1442 3086 1511 φιλόσοφος
3137 1442 3249 1503 τοῖς
3282 1438 3379 1509 μὲν
3414 1440 3685 1509 μετεῖχεν,

2111 1538 2225 1597 τοῖς
2264 1534 2321 1588 δὲ
2376 1533 2683 1603 ἀντέλεγεν,
2710 1534 3005 1602 Ἐποίησαν
3050 1532 3107 1584 δὲ
3142 1533 3288 1602 τρεῖς
3326 1531 3534 1600 ἡμέρας
3565 1529 3683 1579 δια-

2113 1626 2393 1697 λεγόμενοι
2420 1626 2558 1697 πρὸς
2588 1625 2833 1689 ἑαυτούς.
2862 1625 3192 1695 Ἀσύμφωνα
3224 1623 3280 1675 δὲ
3308 1617 3375 1693 ἦν
3402 1622 3583 1682 αὐτοῖς
3614 1617 3688 1671 τὰ

2115 1717 2417 1788 λαλούμενα
2449 1718 2540 1770 ὑπ’
2574 1716 2772 1769 αὐτῶν.
2802 1715 2946 1769 Ἰδὼν
2978 1715 3036 1768 δὲ
3063 1717 3091 1768 6
3132 1713 3417 1782 φιλόσοφος
3444 1711 3541 1782 τὴν
3568 1709 3690 1761 δια-

2115 1811 2301 1882 γωγὴν
2325 1810 2417 1863 καὶ
2438 1808 2507 1861 τὰ
2528 1808 2631 1880 ἢθη
2655 1806 2994 1876 Ἐπιφανίου,
3026 1805 3158 1859 πολὺ
3186 1805 3471 1874 ἠγάπησεν
3499 1800 3684 1855 αὐτόν.

2115 1901 2195 1970 Τῇ
2234 1894 2327 1952 οὖν
2377 1898 2611 1969 τετάρτῃ
2656 1898 2837 1970 ἡμέρᾳ
2867 1892 3017 1949 εἶπεν
3062 1898 3090 1949 6
3131 1895 3420 1964 φιλόσοφος
3459 1892 3689 1959 Ἐπιφα-

2116 1993 2213 2063 νίῳ
2232 2009 2245 2027 ο
2265 1989 2580 2052 Διδάσκαλε,
2605 1989 2743 2059 καλὴ
2767 1990 2800 2059 ἡ
2827 1988 3038 2058 οἴκησις
3063 1985 3157 2040 τοῦ
3184 1987 3368 2040 τόπου.
3397 1982 3690 2052 Βούλομαι,

2117 2086 2165 2136 εί
2201 2081 2461 2144 κελεύεις,
2497 2082 2664 2133 οίκεῖν
2697 2077 2948 2133 ἐνταῦθα.
2982 2074 3150 2132 Εἶπεν
3173 2077 3229 2130 δὲ
3258 2074 3573 2142 Ἐπιφάνιος
3610 2071 3689 2140 τῷ

2119 2171 2391 2241 φιλοσόφῳ
2410 2184 2422 2197 ·
2457 2167 2627 2221 Τοῦτο
2668 2166 2804 2237 πρὸς
2829 2165 2927 2236 τὴν
2964 2164 3282 2236 προαίρεσιν
3313 2159 3428 2223 ὲνδς
3457 2158 3690 2210 ἑκάστου

2119 2262 2286 2314 ἐστίν.
2330 2256 2500 2314 Εἶπεν
2529 2257 2586 2311 δὲ
2630 2259 2659 2310 6
2704 2256 2991 2326 φιλόσοφος
3032 2253 3337 2323 Ἐπιφανίῳ
3362 2268 3374 2279 ·
3406 2248 3568 2304 Ἀλλά
3597 2248 3695 2299 καὶ

2117 2351 2217 2414 τὰς
2247 2349 2461 2421 βίϐλους
2490 2349 2660 2420 φέρω.
2712 2342 2880 2400 Εἶπεν
2910 2345 2966 2398 δὲ
3004 2344 3182 2415 αὐτῷ·
3220 2343 3291 2398 Εἴ
3312 2360 3365 2395 τι
3400 2339 3696 2411 παρεισέρ-

2120 2461 2273 2515 χεται
2301 2442 2380 2512 τῷ
2412 2439 2658 2511 λογισμῷ
2686 2456 2801 2504 σου,
2838 2438 3091 2510 εὑρήσεις
3132 2435 3451 2504 Ἐπιφάνιον
3490 2434 3694 2500 εὐγνω-

2124 2534 2406 2607 μονοῦντα.
2439 2530 2607 2587 Εἶπεν
2633 2531 2691 2585 66
2729 2532 2758 2583 6
2798 2529 3083 2600 φιλόσοφος
3108 2545 3122 2560 ο
3152 2527 3453 2589 Κάλλιστος
3485 2521 3699 2593 πορεύ-

2124 2643 2275 2680 σεται
2304 2626 2441 2697 πρὸς
2470 2624 2568 2687 τάς
2610 2624 2749 2693 ἐμᾶς
2794 2617 3025 2693 βίϐλους.
3058 2617 3230 2675 Εἶπεν
3273 2616 3587 2685 Ἐπιφάνιος
3618 2612 3697 2683 τῷ

2125 2716 2432 2785 φιλοσόφῳ·
2472 2715 2703 2780 Ἀγαγε,
2737 2712 2885 2780 βαῖνε
2913 2709 3170 2778 ὑγιαίνων
3209 2704 3694 2778 μετὰ-Καλλίστου.

2124 2806 2295 2865 Εἶπεν
2322 2804 2381 2860 66
2423 2807 2451 2859 6
2498 2804 2787 2874 φιλόσοφος
2829 2800 3163 2871 Ἐπιφανίῳο
3212 2800 3398 2851 Πάντα
3444 2796 3512 2848 τά
3556 2796 3695 2864 πρά-

2123 2898 2310 2971 γματά
2342 2914 2442 2965 μου
2480 2894 2763 2964 Καλλίστῳ
2790 2893 2934 2959 ἁφίω
2953 2907 2966 2920 '
2994 2890 3104 2958 ἐγὼ
3131 2890 3241 2960 γὰρ
3272 2889 3453 2942 οὐκέτι
3481 2887 3696 2956 ἐξέρχο-

2129 3009 2227 3063 μαι
2259 2991 2325 3044 ὲκ
2343 2989 2437 3043 τοῦ
2460 2988 2627 3042 τόπου
2656 2984 2867 3041 τούτου.
2899 2985 3001 3037 ‘Hv
3024 2983 3081 3038 δὲ
3108 2984 3136 3032 6
3164 2982 3461 3044 Κάλλιστος
3487 2976 3695 3063 ’Δετίου

458 3080 613 3136 heret
660 3078 940 3148 spiritum,
990 3078 1122 3132 vidit
1166 3078 1527 3148 Epiphanium
1577 3078 1843 3134 dicentem
1884 3080 1934 3133 ei
1971 3081 2021 3134 in

2126 3062 2221 3138 τοῦ
2292 3082 2529 3155 μεγάλου
2598 3081 2838 3151 ἐπάρχου
2901 3079 2997 3148 τῆς
3048 3075 3268 3146 Ῥώμης
3329 3074 3462 3136 υίός.
3532 3062 3702 3174 Οὗτος

456 3169 710 3224 visione:
743 3167 874 3232 Vis,
926 3166 1183 3231 Calliste,
1229 3168 1497 3236 expellam
1543 3182 1577 3223 a
1622 3176 1677 3223 te
1728 3168 2027 3238 spiritum?

461 3260 608 3314 Dixit
655 3259 910 3314 Callistus
944 3257 1054 3313 :Et
1094 3258 1219 3327 quis
1265 3265 1324 3313 tu
1379 3273 1458 3323 es,
1512 3259 1727 3314 domine
1758 3260 1854 3325 mi,
1884 3262 2027 3331 quod

461 3349 641 3418 possis
666 3364 791 3402 eum
831 3348 1139 3418 expellere?
1168 3347 1311 3403 Dixit
1339 3358 1518 3403 autem
1548 3348 1880 3420 Epiphanius
1905 3351 2029 3406 Cal-

463 3440 588 3494 listo
620 3456 634 3491 :
666 3438 779 3509 Ego
813 3454 957 3502 sum,
1005 3439 1203 3508 inquit,
1235 3437 1571 3509 Epiphanius
1600 3440 2030 3511 thnicopalaa-

466 3533 665 3597 stinus,
702 3532 794 3601 qui
826 3532 884 3586 in
908 3531 1248 3601 Spanhydrio
1277 3532 1460 3587 habito
1490 3533 1546 3586 in
1580 3536 1932 3589 monasterio.
1973 3534 2033 3588 Si

465 3636 626 3694 ergo;
650 3624 845 3691 inquit,
880 3623 1087 3677 malum»
1115 3638 1144 3677 a
1170 3633 1222 3676 te
1252 3622 1502 3692 spiritum
1532 3625 1814 3693 expulero,
1848 3626 2032 3680 venies

467 3716 536 3771 ad
585 3730 693 3780 me,
726 3723 780 3769 et
812 3713 1078 3769 habitabis
1124 3729 1336 3769 mecum
1385 3714 1439 3769 in
1464 3714 1804 3786 Spanhydrio
1832 3716 1855 3768 ?
1891 3715 2034 3771 Dixit

467 3808 725 3864 Callistus
756 3801 844 3861 'ad
897 3805 1302 3875 Epiphanium:
1338 3803 1583 3867 Domine,
1630 3806 1837 3875 expelle
1874 3821 1905 3859 a
1951 3823 2035 3860 me

467 3899 810 3954 immundum
838 3898 1107 3967 spiritum,
1138 3904 1191 3951 et
1214 3896 1471 3950 habitabo
1501 3904 1698 3950 tecum.
1723 3894 1878 3951 Tunc
1898 3897 2036 3951 dixit

470 3992 804 4063 Epiphanius
828 3990 1051 4051 Callisto
1078 4005 1094 4042 :
1126 3988 1261 4043 Vide
1306 4004 1374 4042 ne
1408 3988 1600 4044 feceris
1623 3988 1807 4053 aliter;
1845 4004 2038 4044 rursus

467 4086 615 4139 enim
670 4084 765 4139 tibi
818 4081 1131 4137 adhaerebit.
1198 4080 1473 4135 Excitatus
1526 4089 1707 4135 autem
1757 4079 2037 4144 Callistus,

473 4176 710 4231 narravit
736 4175 920 4231 omnia
954 4174 1096 4244 patri
1126 4188 1227 4228 suo
1256 4172 1530 4243 praefecto.
1564 4172 1645 4227 Ah
1669 4173 1761 4227 illo
1790 4188 1919 4245 ergo
1952 4174 2041 4228 die

472 4284 579 4322 non
627 4279 712 4323 est
758 4267 994 4337 amplius
1044 4265 1276 4321 aIIlictus
1324 4266 1583 4322 Callistus
1634 4266 1708 4321 ab
1755 4267 2039 4322 immundo

472 4361 687 4429 spiritu.
723 4359 852 4415 Post
882 4370 1097 4428 tempus
1138 4366 1319 4413 autem
1364 4359 1530 4413 trium
1580 4359 1849 4413 mensium
1901 4360 2041 4414 dixit

2129 3175 2348 3245 πνεῦμα
2392 3172 2627 3243 πονηρὸν
2659 3170 2818 3241 έχων,
2873 3168 2995 3221 ίδὼν
3021 3168 3340 3237 Ἐπιφάνιον
3376 3167 3435 3217 6v
3471 3162 3707 3231 ὀπτασίᾳ

2127 3268 2353 3335 λέγοντα
2379 3262 2526 3335 αύτῷ
2551 3279 2563 3290 ·
2600 3262 2788 3324 Θέλεις
2808 3300 2823 3323 ,
2868 3260 3135 3314 Κάλλιστε
3155 3299 3169 3323 ,
3197 3257 3373 3322 διώξω
3397 3256 3459 3308 16
3486 3253 3705 3323 πνεῦμα

2129 3359 2237 3413 ἀπὸ
2268 3357 2395 3423 σούς
2440 3352 2611 3411 Εἶπεν
2655 3354 2711 3407 66
2753 3353 3087 3415 Κάλλιστοςο
3134 3351 3246 3405 Καὶ
3288 3351 3373 3413 τίς
3418 3344 3501 3414 εἷ,
3549 3346 3703 3417 κύριε

2136 3468 2259 3520 μου,
2293 3451 2376 3503 ὅτι
2404 3448 2627 3501 δύνασαι
2661 3444 2848 3509 διῶξαι
2894 3444 3057 3509 αύτό;
3090 3441 3257 3495 Εἶπεν
3289 3441 3345 3493 66
3388 3438 3705 3505 Ἐπιφάνιος

2131 3541 2209 3612 τῷ
2239 3540 2554 3608 Καλλίστῳ·
2590 3535 2736 3605 Ἐγώ
2777 3536 2892 3605 είμι
2914 3575 2928 3599 ,
2969 3534 3152 3603 φησὶν,
3182 3530 3501 3599 Ἐπιφάνιος
3525 3529 3553 3580 ὁ
3584 3527 3707 3577 Φοι-

2132 3630 2621 3694 νικοπαλαιστινὸς,
2649 3630 2680 3682 6
2710 3629 2768 3681 ἐν
2793 3625 3115 3694 Σπανυδρίῳ
3141 3623 3305 3677 οἰκῶν
3326 3620 3404 3690 τῷ
3438 3634 3706 3689 μοναστη-

2136 3728 2258 3797 ρίῳ.
2290 3725 2415 3777 Ἐὰν
2449 3718 2564 3786 οὖν,
2599 3722 2784 3792 φησὶν,
2824 3719 2998 3785 διώξω
3030 3718 3092 3771 16
3126 3715 3342 3786 πνεῦμα
3385 3714 3444 3766 16
3474 3710 3708 3781 πονηρὸν

2136 3819 2246 3872 ἀπὸ
2275 3815 2392 3879 σοῦ,
2427 3814 2622 3886 ὲλεύσῃ
2648 3813 2743 3866 καὶ
2772 3811 3121 3880 κατοικήσεις
3162 3808 3278 3877 μετ’
3304 3804 3437 3876 ἐμοῦ
3474 3806 3531 3856 ὲν
3563 3803 3709 3854 Σπα-

2135 3908 2354 3979 νυδρίῳ.
2383 3902 2551 3961 Εἶπεν
2574 3905 2632 3957 δὲ
2661 3902 2959 3965 Κάλλιστος
2990 3900 3126 3973 πρὸς
3150 3899 3493 3966 Ἐπιφάνιον·
3519 3892 3710 3963 Κύριε,

2135 4000 2324 4068 δίωξον
2369 4000 2464 4054 ἀπ’
2499 3997 2634 4069 ἐμοῦ
2664 3998 2725 4049 16
2756 3994 3065 4065 ἀκάθαρτον
3099 3991 3349 4061 πνεῦμα,
3384 3989 3479 4042 καὶ
3527 4002 3711 4040 κατοι-

2137 4093 2313 4163 κήσω,
2339 4090 2491 4161 φησὶ,
2522 4088 2660 4159 μετὰ
2689 4088 2802 4141 σοῦ.
2833 4082 3000 4140 Εἶπεν
3023 4085 3081 4138 δὲ
3117 4082 3431 4152 Ἐπιφάνιος
3455 4079 3532 4150 τῷ
3566 4078 3710 4130 Καλ-

2138 4182 2338 4253 λίστῳ·
2380 4181 2551 4234 Βλέπε
2596 4180 2671 4251 μὴ
2709 4180 2942 4250 ποιήσῃς
2970 4177 3162 4240 άλλως,
3194 4175 3314 4228 ἐπεὶ
3352 4173 3513 4227 πάλιν
3542 4186 3712 4241 προσ-

2142 4274 2555 4345 κολληθήσεται.
2590 4269 2963 4336 Ἐξυπνισθεὶς
2999 4265 3092 4321 οὖν
3135 4269 3162 4320 6
3200 4265 3497 4326 Κάλλιστος
3523 4260 3716 4329 διηγή-

2145 4384 2274 4419 σατο
2306 4366 2382 4436 τῷ
2412 4365 2579 4437 πατρὶ
2610 4363 2773 4418 αὑτοῦ
2801 4363 2914 4415 όντι
2942 4361 3184 4432 ἐπάρχῳ.
3213 4357 3348 4411 Ἀπὸ
3373 4356 3473 4425 τῆς
3502 4353 3716 4425 ἡμέρας

471 4448 728 4503 Callistus
759 4448 913 4502 Aetio
941 4449 1081 4518 patri
1114 4463 1214 4504 suo
1239 4465 1257 4501 :
1286 4446 1467 4511 Pater,
1493 4448 1617 4503 volo
1658 4448 1737 4502 ire
1781 4449 1835 4502 in
1863 4449 2023 4518 regio

2145 4450 2238 4508 οὖν
2263 4456 2477 4523 ἐκείνης
2512 4452 2697 4506 οὐκέτι
2737 4455 2765 4505 6
2802 4450 3100 4510 Κάλλιστος
3135 4446 3238 4500 ὑπὸ
3285 4445 3375 4499 τοῦ
3411 4444 3718 4513 πνεύματος

474 4556 598 4594 nem
633 4538 951 4594 Phoenicum
973 4581 988 4606 ,
1020 4549 1074 4594 et
1100 4555 1341 4610 quaerere
1371 4539 1732 4609 Epiphanium
1755 4582 1770 4604 ,
1800 4550 1854 4595 et
1888 4540 2041 4595 habi-

473 4640 588 4685 tare
611 4645 736 4685 cum
766 4630 883 4699 ipso
909 4631 964 4684 in
998 4629 1362 4702 Spanhydrio.
1385 4631 1744 4701 Statimjpater
1774 4632 1913 4700 ejus,
1943 4632 2040 4686 da-

2146 4546 2241 4600 τοῦ
2279 4544 2587 4615 ἀκαθάρτου
2626 4542 2832 4614 ὲθλίϐη.
2863 4542 3020 4597 Μετὰ
3064 4541 3120 4593 δὲ
3147 4540 3467 4610 τριμηναῖον
3505 4535 3716 4605 χρόνον,

2146 4637 2300 4692 εἶπεν
2350 4637 2545 4707 Ἀετίῳ
2593 4636 2671 4707 τῷ
2716 4638 2883 4707 πατρὶ
2934 4634 3126 4689 αὐτοῦ·
3178 4632 3465 4702 Βούλομαι,
3500 4628 3713 4697 Πάτιρ,

472 4721 545 4775 tis
567 4720 618 4776 ei
645 4720 834 4775 multis
868 4720 1133 4786 pecuniis,
1161 4720 1310 4785 misit
1334 4735 1460 4775 cum
1490 4720 1762 4789 praesidio.
1794 4720 2023 4789 Cumqut

2146 4730 2475 4801 πορευθῆναι
2503 4730 2560 4780 6v
2583 4731 2648 4798 τῇ
2686 4727 2838 4799 χώρᾳ⁴
2864 4727 2972 4779 τῶν
3004 4725 3281 4787 Φοινίκων,
3317 4722 3410 4775 καὶ
3441 4718 3716 4789 ἀναζητῆ-

472 4811 714 4866 venisset
746 4812 801 4864 in
839 4809 1204 4878 thniciam,
1250 4820 1306 4865 et
1350 4811 1744 4881 inquisivisset,
1785 4812 1935 4866 venit
1974 4828 2023 4867 at

2149 4839 2239 4875 σαι
2263 4820 2354 4872 τὸν
2383 4819 2721 4888 Ἐπιφάνιον,
2750 4822 2843 4871 καὶ
2876 4818 3095 4887 οἰκῆσαι
3124 4818 3240 4886 μετ’
3273 4812 3438 4868 αὑτοῦ
3469 4814 3528 4864 ἐν
3542 4813 3720 4863 Σπανο

474 4902 860 4973 Epiphanium,
891 4912 947 4958 et
975 4905 1025 4958 ei
1060 4904 1313 4973 exposuit
1337 4906 1543 4971 omnia,
1575 4912 1629 4957 et
1655 4904 1916 4958 habitavit
1943 4920 2023 4959 no-

2154 4913 2341 4983 υδρίῳ.
2370 4911 2583 4975 Εὐθέως
2631 4907 2723 4964 οὖν
2750 4913 2779 4965 ὁ
2803 4909 2983 4980 πατὴρ
3011 4908 3176 4961 αὐτοῦ
3205 4905 3381 4966 δώσας
3412 4904 3557 4973 αὒτῷ
3586 4903 3722 4973 χρή-

473 4994 709 5048 hiscum.
760 4991 906 5048 Misit
956 5008 1086 5062 ergo
1129 4993 1489 5063 philosophus
1540 4993 1844 5059 Callistum,
1884 4994 2023 5063 jusst

2154 5019 2297 5074 ματα
2327 5002 2528 5065 πολλὰ,
2562 5000 2879 5055 ἀπέστειλεν
2912 4999 3073 5055 αὐτὸν
3117 4997 3254 5068 μετὰ
3301 4994 3566 5065 βοηθείας.
3610 4991 3723 5045 Καὶ

475 5084 788 5153 Epiphanii,
834 5100 959 5139 cum
1005 5085 1220 5139 duobus
1267 5085 1473 5153 pueris,
1518 5092 1573 5138 et
1616 5083 1790 5138 tribus
1822 5085 2023 5138 cameli:

2155 5092 2324 5147 ἐλθὼν
2373 5094 2430 5145 6v
2461 5095 2530 5163 τῇ
2570 5094 2825 5163 Φοινίκῃ,
2876 5090 3210 5159 ἐπιζητήσας
3249 5085 3594 5155 Ἐπιφάνιον,
3629 5082 3723 5135 καὶ

477 5175 709 5230 EJesam
759 5176 826 5230 ad
871 5176 1041 5231 libros
1088 5176 1456 5230 adducendas.
1519 5176 1766 5244 Cumque
1810 5177 2023 5232 venisse

2154 5185 2559 5253 ἐξηγησάμενος
2600 5183 2748 5253 αὐτῷ
2777 5184 2988 5236 ἅπαντα
3008 5221 3022 5247 ,
3052 5178 3367 5247 κατῴκησεν
3399 5176 3514 5245 μεθ’
3543 5174 3719 5245 ἡμῶν.

478 5267 733 5333 Edesam,
763 5272 968 5339 accepit
1013 5269 1182 5325 libros
1212 5268 1542 5340 philosophi,
1587 5278 1641 5322 et
1669 5269 1929 5339 imposuit
1957 5284 2019 5323 ca

2167 5273 2506 5326 Ἀπέστειλεν
2532 5269 2623 5325 οὖν
2644 5276 2672 5325 6
2694 5272 2978 5341 φιλόσοφος
3008 5269 3100 5322 16v
3133 5267 3432 5320 Κάλλιστον
3461 5265 3602 5317 κατὰ
3633 5263 3723 5315 κέ-

481 5360 658 5422 melis,
690 5371 745 5416 et
770 5364 915 5417 venit
953 5364 1009 5416 in
1047 5363 1461 5418 monasterium.

2154 5364 2335 5417 λευσιν
2378 5365 2725 5435 Ἐπιφανίου,
2773 5362 2910 5433 μετὰ
2959 5361 3051 5413 δύο
3090 5358 3391 5429 παιδαρίων
3430 5356 3526 5409 καὶ
3559 5352 3725 5423 τριῶν

485 5454 746 5523 καμήλων
810 5456 871 5507 ἐν
907 5454 1115 5528 Ἐδέσῃ,
1163 5455 1255 5507 ἐπὶ
1288 5453 1349 5506 16
1376 5454 1601 5521 ἀγαγεῖν
1662 5451 1759 5515 τὰς
1828 5450 2039 5520 βίϐλους
2098 5456 2261 5509 αὑτοῦ
2291 5459 2348 5509 ὲν
2373 5457 2450 5526 τῷ
2479 5454 2842 5526 μοναστηρίῳ.
2888 5453 2996 5507 Καὶ
3024 5451 3088 5521 δὴ
3120 5450 3218 5521 τὴν
3246 5445 3469 5517 πορείαν
3502 5443 3723 5516 ποιησά-

401 5573 407 5583 ι
489 5562 645 5614 μενος
673 5546 1019 5611 ὁΚάλλιστος
1049 5549 1106 5599 ἐν
1137 5545 1356 5618 Ἐδέσῃ,
1392 5545 1547 5597 ἔλαϐε
1611 5544 1708 5608 τὰς
1775 5544 1985 5614 βίϐλους
2018 5543 2109 5598 τοῦ
2181 5548 2496 5618 φιλοσόφου,
2530 5549 2620 5601 καὶ
2658 5547 2850 5618 ἔθηκεν
2916 5547 3007 5597 ἐπὶ
3062 5543 3163 5605 τὰς
3228 5543 3377 5612 τρεῖς
3426 5538 3728 5611 καμήλους,

485 5637 581 5691 καί
612 5637 937 5708 παρεγένετο
970 5641 1025 5693 ἐν
1051 5638 1126 5709 τῷ
1161 5639 1519 5709 μοναστηρέῳ.
2982 5648 2983 5651 ‘
