4088 6362
341 322 416 375 55
1619 343 1678 396 s.
1720 340 2062 397 EPIPHANH
2098 340 2273 395 VlTA.
3489 336 3559 392 54

359 445 527 505 ’ἱςΔκ
573 450 709 506 Καθ’
759 452 976 524 ἡμέραν
1019 449 1113 507 οὖν
1171 452 1487 523 Ἐπιφάνιος
1546 458 1640 509 καὶ
1680 460 1710 511 6
1757 458 1908 526 φιλό-

2079 455 2265 511 XXIV.
2306 453 2558 521 Quotidie
2590 468 2717 524 ergo
2745 450 3079 522 Epiphanius
3126 458 3181 506 et
3224 451 3578 522 philosophus

334 557 495 607 σοφος
523 543 583 595 ὲν
608 543 775 615 πολλῇ
804 544 1107 615 φιλονεικίᾳ
1133 541 1273 615 ἦσαν
1307 546 1441 617 πρὸς
1466 548 1709 611 ἑαυτούς.
1744 544 1912 602 Εἶπεν

330 630 386 682 δὲ
414 629 734 701 Ἐπιφάνιος
757 634 837 705 τῷ
864 635 1167 706 φιλοσόφῳ·
1192 636 1354 704 Λέγει
1387 638 1607 709 Δανιὴλ,
1635 639 1911 708 φιλόσοφε,

330 723 415 774 ὅτι
445 725 752 792 κριτήριον
781 726 1082 793 ἐκάθισεν,
1113 729 1211 782 καί
1249 730 1454 793 βίϐλοι
1493 729 1910 799 ἠνεῴχθησαν.

328 814 506 886 Δεῦρο
543 816 774 887 πρόθες,
823 820 990 888 φησὶ,
1044 820 1144 883 τὰς
1182 822 1282 884 σὰς
1326 820 1573 890 βίϐλους,
1619 821 1775 891 κάγὼ
1814 823 1914 886 τὰς

333 908 498 975 ἐμὰς,
532 908 598 971 ἃς
630 926 719 978 μοι
751 912 780 962 6
806 909 938 973 Θεὸς
966 910 1278 983 ἐχαρίσατο,
1298 913 1391 966 καὶ
1417 912 1792 983 καθεσθῶμεν,
1822 916 1915 967 καὶ

328 998 707 1071 δωκριθῶμεν
737 1000 874 1070 πρὸς
904 1000 1150 1065 ἑαυτούς.
1175 1002 1478 1074 Ἐπέθηκεν
1506 1003 1567 1056 δὲ
1599 1003 1916 1072 Ἐπιφάνιος

328 1092 435 1155 τὰς
466 1091 857 1156 θεοπνεύστους
883 1093 1105 1163 Γραφὰς
1129 1094 1193 1146 ὲκ
1222 1093 1432 1160 δεξιῶν,
1459 1096 1554 1148 καὶ
1576 1096 1607 1147 ό
1630 1095 1915 1164 φιλόσοφος

331 1180 397 1245 ἐξ
438 1181 774 1252 ἀριστερῶνο
830 1180 941 1235 τῶν
986 1182 1043 1235 δὲ
1084 1183 1406 1254 ἀρξαμένων
1452 1186 1548 1238 ἀπ’
1591 1186 1768 1256 ἀρχῆς
1815 1186 1919 1256 τῆς

332 1273 720 1343 κοσμοποιῖας,
749 1274 778 1326 6
804 1273 905 1345 μὲν
930 1273 1248 1344 Ἐπιφάνιος
1277 1276 1387 1329 ἀπὸ
1408 1276 1505 1347 τῆς
1533 1276 1816 1344 γενέσεως,
1848 1272 1917 1347 ἦς

334 1365 578 1434 Μωῢσῆς
609 1366 1006 1436 συνεγράψατο,
1028 1368 1061 1420 ὁ
1087 1366 1144 1419 δὲ
1176 1367 1462 1437 φιλόσοφος
1488 1369 1594 1423 ἀπὸ
1626 1373 1724 1440 τῆς
1750 1371 1916 1441 αὐτῆς

332 1455 639 1521 γενέσεως,
683 1452 754 1527 ἧς
790 1460 819 1510 6
873 1458 1115 1522 Ἡσίοδος
1159 1460 1557 1531 συνεγράψατο.
1601 1461 1757 1515 Κατά
1789 1461 1919 1525 ἔπος

331 1541 433 1600 οὖν
475 1547 834 1613 διεξελθόντες
865 1549 935 1602 τὰ
979 1547 1073 1603 δύο
1117 1549 1331 1619 βιϐλία,
1382 1552 1743 1620 ἐφιλονείκουν
1783 1552 1918 1624 πρὸς

334 1639 584 1702 ἑαυτούς.
616 1635 725 1692 'Hv
752 1639 809 1692 δὲ
835 1640 897 1693 τὸ
925 1639 1041 1709 φῶς
1092 1641 1240 1710 φῶς,
1277 1642 1372 1695 καὶ
1399 1642 1461 1695 τὸ
1491 1643 1680 1706 σκότος
1710 1643 1914 1705 σκότος.

348 1727 413 1780 '0
441 1728 549 1798 γὰρ
580 1729 821 1799 Μωῦσῆς
860 1728 996 1782 Θεοῦ
1046 1733 1476 1803 συνεργήσαντος
1507 1732 1884 1803 συνεγράψατο
1902 1749 1915 1763 ⁸

331 1822 369 1871 ὁ
410 1821 467 1873 δὲ
516 1821 759 1884 Ἠσίοδος
801 1822 909 1874 ἀπὸ
961 1823 1059 1893 μὲν
1113 1801 1353 1877 Θεοῦ-τὸ
1386 1824 1486 1894 ζῇν
1516 1801 1688 1894 εἶχεν,
1730 1824 1837 1878 ἀπὸ
1863 1824 1919 1877 δὲ
1950 1801 1994 1856 Β

331 1912 608 1982 δαιμόνων
649 1914 750 1984 τὴν
793 1916 1024 1987 πλάνην.
1077 1916 1357 1971 Ἐνιαυτον
1396 1916 1494 1972 οὖν
1542 1920 1661 1971 ὅλον
1709 1918 1920 1990 ἔμεινεν

337 2005 657 2075 Ἐπιφάνιος
688 2007 1070 2079 διαλεγόμενος
1101 2009 1179 2080 τῷ
1209 2010 1503 2083 φιλοσόφῳ,
1538 2013 1632 2065 καὶ
1652 2013 1753 2065 οὐκ
1775 2012 1921 2066 ἔπει-

334 2112 435 2149 σεν
466 2098 650 2151 αὐτόν.
698 2099 837 2152 Ποτὲ
869 2101 999 2167 γοῦν
1030 2102 1303 2172 ἀγροίκων
1345 2103 1438 2155 τὸν
1482 2103 1712 2175 ἀριθμὸν
1748 2102 1788 2167 ξ’
1828 2103 1923 2172 φέ-

336 2204 528 2258 ρουσιν
558 2189 843 2244 νεανίσκον
883 2191 1008 2246 τινὰ
1052 2193 1156 2245 ὑπὸ
1191 2192 1283 2246 τοῦ
1331 2194 1644 2265 ἀκαθάρτου
1684 2194 1923 2265 ἐνοχλού-

338 2295 525 2347 μενον,
559 2278 714 2332 Ἐπεὶ
742 2276 835 2334 οὖν
866 2282 967 2352 oux
1016 2282 1284 2352 ἠδύναντο
1331 2284 1714 2354 περιγενέσθαι
1757 2285 1920 2337 αὑτοῦ

335 2370 393 2421 οἱ
440 2369 504 2436 ξ’,
553 2371 807 2426 ἀλύσεσιν
856 2373 1052 2445 ἔδησαν
1096 2374 1303 2441 τοῦτον,
1356 2376 1454 2429 καὶ
1500 2376 1737 2445 ἦνεγκαν
1786 2377 1922 2446 πρὸς

354 2460 670 2529 Ἐπιφάνιον
697 2465 755 2515 ὲν
788 2463 871 2535 τῷ
908 2466 1275 2537 μοναστηρίῳ.
1319 2462 1486 2520 Εἶπεν
1524 2468 1581 2520 δὲ
1610 2467 1923 2537 Ἐπιφάνιος

340 2553 422 2623 τῷ
455 2553 761 2627 φιλοσόφῳ·
798 2558 934 2626 Ἀγε
978 2558 1072 2629 δὴ,
1114 2559 1390 2629 φιλόσοφε,
1420 2562 1449 2613 ό
1470 2560 1569 2624 τὰς
1596 2561 1923 2630 φιλονεικίας

336 2646 668 2716 ποιούμενος
726 2649 863 2719 μετά
904 2650 997 2703 τοῦ
1045 2652 1370 2723 ἁμαρτωλοῦ
1415 2654 1765 2722 Ἐπιφανίου,
1805 2657 1923 2708 ἐπι-

343 2735 715 2806 καλεσάμενος
744 2739 805 2791 τὸ
838 2740 1042 2809 πλῆθος
1089 2741 1199 2794 τῶν
1246 2742 1384 2795 θεῶν
1430 2758 1543 2809 σου,
1596 2745 1744 2807 ὅπως
1788 2748 1925 2799 ἀποο-

341 2826 627 2893 διὼξουσιν
653 2829 715 2882 τὸ
742 2830 960 2901 πνεῦμα
986 2832 1094 2885 ἀπὸ
1120 2833 1215 2886 τοῦ
1245 2834 1551 2888 νεανίσκου.
1589 2837 1649 2889 '0
1684 2837 1740 2889 δὲ
1770 2837 1922 2906 φιλό-

346 2934 509 2986 σοφος
543 2919 734 2991 ὥσπερ
782 2923 1108 2995 ἡττηθέντα,
1148 2927 1243 2979 καὶ
1266 2927 1621 2997 ἀπορήσαντα
1650 2929 1742 2983 τὸν
1767 2930 1924 2997 λόγον

341 3008 646 3081 ὑπενόησεν
670 3012 762 3066 τὸν
792 3015 1135 3083 Ἐπιφάνιον·
1169 3018 1198 3069 ὁ
1222 3016 1280 3069 δὲ
1314 3017 1626 3088 Ἐπιφάνιος
1672 3020 1924 3088 ἐπιγνοὺς

342 3098 507 3187 τοῦτο
530 3142 543 3165 ,
574 3097 726 3156 εἶπεν
754 3106 892 3176 πρὸς
929 3107 1019 3159 τὸν
1049 3106 1337 3177 φιλόσοφον
1362 3126 1375 3139 ο
1407 3110 1473 3161 Τί
1500 3110 1699 3176 λέγεις,
1738 3111 1921 3181 φησὶν,
1951 3130 1994 3187 ρ

340 3184 394 3242 ὦ
428 3192 685 3262 φιλόσοφε
704 3233 720 3258 ,
759 3197 891 3266 περὶ
923 3196 1017 3250 τοῦ
1050 3199 1333 3252 νεανίσκου
1360 3217 1375 3264 ;
1406 3200 1438 3270 ἢ
1465 3200 1800 3271 θεράπευσον
1831 3202 1923 3254 τὸν

343 3279 698 3349 ἀσθενοῦντα,
723 3286 815 3337 καὶ
843 3285 1036 3356 ἔσομαι
1071 3288 1254 3343 πίστιν
1282 3290 1423 3360 έχων
1449 3292 1586 3360 πρὸς
1616 3293 1743 3354 τοὺς
1768 3292 1924 3356 θεούς

348 3388 447 3422 σου
471 3387 487 3402 ο
518 3372 553 3441 ἦ
582 3376 609 3426 ό
642 3373 772 3439 Θεός
802 3393 904 3446 μου
938 3377 1116 3445 διώξει
1140 3381 1201 3433 τὸ
1236 3381 1544 3453 ἀκάθαρτον
1576 3384 1791 3454 πνεῦμα
1817 3386 1926 3439 ἀπὸ

344 3463 444 3516 τοῦ
476 3466 780 3533 νεανίσκου,
830 3470 925 3522 καὶ
976 3471 1073 3542 ἔσῃ
1118 3472 1390 3537 πεποιθὼς
1422 3475 1516 3526 ἐπὶ
1546 3475 1624 3546 τῷ
1655 3478 1928 3548 ἐσταυρω-

350 3555 520 3625 μένῳ.
557 3556 684 3610 Ἐπὶ
720 3559 932 3625 τούτοις
970 3562 1028 3615 δὲ
1060 3563 1261 3617 ἅπασιν
1291 3566 1319 3617 6
1347 3565 1633 3635 φιλόσοφος
1664 3569 1763 3620 οὐκ
1802 3569 1924 3621 ent-

350 3665 578 3701 στευσεν
612 3649 941 3723 Ἐπιφανίῳο
989 3654 1104 3707 ἀλλ’
1153 3655 1399 3725 ἐνόμιζεν
1428 3658 1633 3726 γέλοιον
1666 3655 1827 3714 εἶναι.
1865 3661 1925 3714 '0

346 3734 445 3792 οὖν
474 3740 788 3810 Ἐπιφάνιος
808 3745 1067 3811 ἀναστὰς,
1088 3748 1183 3800 καὶ
1208 3748 1486 3819 κρατήσας
1511 3751 1603 3805 τὸν
1627 3752 1924 3817 νεανίσκον,

350 3831 539 3900 ἔλεγεν
572 3834 753 3905 αὐτῷ’
787 3837 880 3889 Σοὶ
905 3837 1068 3906 λέγω,
1100 3840 1581 3907 νεανίσκε,θέλεις,
1610 3844 1929 3915 (mali),de

349 3923 424 3976 τὰ
455 3924 647 3997 σίδηρα
676 3928 784 3981 ἀπὸ
814 3929 923 3983 τῶν
952 3929 1151 4003 χειρῶν
1183 3950 1307 3997 σου;

425 4017 556 4069 KE'.
583 4018 641 4070 '0
669 4018 727 4071 δὲ
758 4019 1065 4090 φιλόσοφος,
1091 4022 1329 4086 ἀκούσας
1356 4024 1553 4089 ταῦτα,
1584 4025 1816 4097 ἔδραμεν
1841 4002 1945 4079 εὑέ

353 4104 494 4169 θέως
523 4110 581 4160 ἐν
612 4108 692 4178 τῷ
724 4109 938 4180 κελλίῳ,
973 4113 1067 4165 καὶ
1100 4114 1438 4182 ἠσφαλίσατο
1458 4115 1534 4185 τῷ
1558 4116 1813 4187 κατοχίῳ,
1843 4115 1932 4169 λέ.⁴

354 4212 471 4261 γων
515 4198 607 4250 καὶ
657 4200 1021 4271 σκεπτόμενος
1053 4203 1110 4253 ὲν
1143 4202 1366 4274 ὑπονοίᾳ
1389 4220 1404 4233 ’
1446 4199 1660 4267 Οὖτοςό
1694 4205 1928 4275 καλόγη·

360 4304 492 4358 ρως,
520 4289 598 4352 ὡς
635 4290 867 4359 ἰδιώτης,
903 4291 1060 4347 λῦσαι
1086 4294 1332 4364 βούλεται
1354 4296 1446 4349 τὸν
1472 4297 1813 4367 παράφρονα,
1830 4297 1932 4351 κᾶν

361 4378 439 4448 μὴ
493 4380 653 4449 ἡμεῖς
701 4382 1050 4452 ἐκφύγωμεν,
1084 4384 1160 4449 ὡς
1207 4385 1397 4454 λόγιοι,
1430 4386 1529 4457 τὴν
1581 4387 1927 4459 προπέτειαν,

2015 548 2311 617 plurimum
2380 546 2522 600 inter
2583 559 2643 599 se
2711 542 3129 598 contendebant.
3196 541 3340 597 Dixit
3394 553 3578 597 autem

2014 638 2351 708 Epiphanius
2379 636 2705 707 philosopho
2724 651 2737 687 :
2756 634 2896 688 Dicit
2924 633 3133 697 Daniel,
3165 648 3198 688 ο
3222 633 3574 702 philosophe:

2013 729 2288 783 Iudicium
2310 727 2463 793 sedit,
2489 735 2538 781 et
2560 727 2683 780 libri
2707 726 2872 795 aperti
2893 733 3009 777 sunt
3030 723 3072 777 ⁸.
3104 722 3369 793 Agedum,
3397 723 3576 793 profer

2017 835 2141 880 tuos
2173 824 2361 890 libros,
2406 833 2458 878 et
2492 837 2593 892 ego
2641 834 2813 883 meos,
2860 834 2999 889 quos
3033 817 3167 872 mihi
3210 816 3353 872 Deus
3401 817 3578 879 dedit,

1990 916 2408 985 .sedeamusque
2429 923 2485 969 et
2501 914 2837 969 disseramus
2864 912 3005 965 inter
3038 925 3159 965 nos.
3185 907 3375 964 Posuit
3398 920 3578 962 autem

2017 1005 2353 1077 Epiphanius
2384 1021 2415 1060 a
2445 1006 2652 1060 dextris
2702 1003 3013 1072 Scripturas
3051 1000 3310 1055 divinitus
3352 999 3583 1068 inspira-

2017 1107 2122 1164 tas,
2163 1105 2218 1152 et
2266 1097 2407 1152 alius
2456 1095 2796 1167 Epiphanius
2849 1093 3019 1148 libros
3069 1106 3201 1147 suos
3244 1106 3274 1144 a
3322 1089 3579 1157 sinistris.

2016 1186 2155 1240 Cum
2187 1186 2222 1240 ii
2248 1194 2427 1241 autem
2461 1186 2751 1256 coepissent
2775 1183 2843 1238 ab
2871 1182 3027 1238 initio
3055 1181 3245 1236 mundi
3269 1178 3583 1246 creatiouis,

2017 1276 2352 1347 Epiphanius
2382 1277 2600 1347 quidem
2636 1292 2666 1331 a
2694 1276 2913 1340 Genesi,
2938 1274 2993 1328 id
3015 1282 3120 1340 est,
3147 1273 3215 1328 ab
3243 1281 3388 1336 ortu,
3419 1285 3582 1340 quem

2018 1369 2341 1438 conscripsit
2368 1368 2579 1440 Moyses
2613 1386 2627 1423 :
2659 1366 3014 1437 philosophus
3062 1374 3243 1419 autem
3282 1364 3351 1417 ab
3393 1362 3582 1417 eodem

2019 1469 2164 1528 ortu,
2191 1475 2354 1530 quem
2387 1460 2711 1528 conscripsit
2742 1457 3035 1521 Hesiodus,
3078 1455 3147 1509 ad
3186 1455 3411 1509 verbum
3446 1453 3585 1508 duos

2020 1552 2187 1609 libros
2212 1562 2547 1623 exponentes
2568 1591 2586 1615 ,
2618 1552 2759 1606 inter
2786 1565 2845 1605 se
2875 1548 3291 1602 contendebant.
3333 1545 3463 1599 Erat
3487 1560 3586 1599 au-

2019 1651 2128 1698 tem
2158 1645 2251 1698 lux
2275 1644 2389 1710 lux,
2424 1656 2478 1699 et
2505 1643 2741 1697 tenebrae
2765 1640 3020 1696 tenebrae.
3048 1638 3258 1709 Moyses
3279 1638 3423 1692 enim
3449 1635 3586 1692 scri-

2020 1736 2151 1807 psit,
2205 1735 2315 1791 Deo
2358 1750 2514 1805 opem
2558 1733 2805 1789 ferente:
2834 1731 3102 1789 Hesiodus
3141 1740 3321 1785 autem
3359 1744 3425 1783 ex
3474 1713 3586 1783 Deo

2021 1828 2237 1896 quidem
2268 1825 2436 1880 vitam
2474 1825 2683 1890 habuit,
2711 1839 2949 1879 errorem
2991 1836 3119 1877 vero
3155 1837 3186 1876 a
3226 1820 3585 1875 daemonibus.

2023 1917 2158 1971 Toto
2178 1928 2358 1970 autem
2384 1930 2531 1969 anno
2563 1915 2762 1969 mansit
2792 1911 3125 1983 Epiphanius
3149 1911 3425 1965 disserens
3451 1923 3579 1963 cum

2021 2005 2366 2076 philosopho.
2396 2003 2706 2073 Aliquando
2735 2018 2866 2057 vero
2892 2000 3143 2056 homines
3178 2008 3422 2068 agrestes
3460 2013 3569 2051 nu-

2022 2112 2171 2152 mero
2221 2096 2500 2164 sexaginta
2557 2095 2804 2149 tulerunt
2847 2092 3136 2162 quemdam
3183 2090 3585 2145 adolescentem

2021 2190 2115 2260 qui
2143 2188 2443 2243 vexabatur
2474 2187 2543 2242 ab
2572 2185 2855 2240 immundo
2878 2184 3094 2254 spiritu.
3126 2181 3298 2248 Quem
3328 2195 3450 2235 cum
3478 2194 3587 2235 non

2021 2289 2246 2351 possent
2275 2279 2551 2348 sexaginta
2582 2279 2660 2331 illi
2689 2291 2969 2346 superare,
3013 2289 3138 2328 cum
3183 2273 3472 2343 alligarunt
3498 2286 3585 2327 ca-

2023 2374 2183 2437 tenis,
2211 2381 2265 2426 et
2296 2372 2541 2425 tulerunt
2562 2369 2628 2424 ad
2656 2369 3039 2439 Epiphanium.
3081 2366 3226 2420 Dixit
3253 2376 3431 2421 autem
3461 2364 3585 2435 Epi-

2021 2465 2259 2529 phanius
2301 2463 2631 2533 philosopho
2660 2478 2674 2515 :
2707 2462 2839 2528 Age,
2869 2459 3209 2529 philosophe,
3245 2458 3337 2528 qui
3366 2465 3585 2512 conten-

2021 2557 2107 2611 dis
2171 2570 2296 2609 cum
2360 2562 2642 2624 peccatore
2696 2550 3040 2621 Epiphanio;
3109 2551 3299 2604 invoca
3373 2557 3585 2603 tuorum

2022 2648 2248 2703 deorum
2296 2646 2733 2710 multitudinem,
2790 2655 2850 2698 ut
2901 2642 3175 2712 expellant
3221 2641 3470 2712 spiritum
3522 2640 3586 2695 ab

2022 2739 2385 2794 adolescente.
2432 2736 2525 2792 Ille
2554 2751 2683 2791 vero
2720 2735 3063 2789 existimabat
3102 2731 3462 2802 Epiphanium
3498 2745 3585 2785 su-

2023 2839 2293 2900 peratum,
2316 2838 2369 2883 et
2395 2829 2491 2899 qui
2517 2844 2623 2883 non
2654 2827 2876 2880 haberet
2903 2824 3048 2894 quod
3077 2824 3300 2877 diceret.
3326 2822 3460 2876 Cum
3488 2822 3585 2875 hoc

2024 2930 2205 2976 autem
2254 2922 2600 2990 cognovisset
2651 2918 3008 2988 Epiphanius,
3063 2916 3260 2970 iterum
3306 2913 3444 2968 dixit
3490 2912 3541 2965 ei
3574 2923 3588 2952 ε

2025 3013 2164 3080 Quid
2213 3012 2371 3078 dicis,
2420 3028 2455 3068 o
2499 3011 2659 3066 Pater
2708 3009 3046 3079 philosophe,
3096 3007 3163 3062 de
3209 3003 3586 3061 adolescente?

2025 3105 2132 3158 Aut
2155 3117 2287 3157 cura
2312 3110 2681 3172 aegrotantem,
2711 3105 2767 3153 et
2800 3114 2898 3168 ego
2925 3098 2979 3151 in
3014 3096 3123 3150 tuis
3156 3091 3496 3159 diishahebo
3524 3089 3585 3143 ﬁ-

2025 3196 2191 3250 dem:
2241 3202 2336 3248 aut
2372 3192 2514 3248 Deus
2555 3191 2787 3260 expellet
2840 3185 3180 3242 immundum
3228 3183 3474 3254 Spiritum
3521 3180 3586 3235 ah

2025 3289 2388 3350 adolescente,
2420 3293 2474 3339 et
2501 3284 2690 3338 credes
2724 3284 2778 3334 in
2811 3278 3156 3335 cruciﬁxum.
3186 3273 3244 3329 In
3285 3274 3370 3327 his
3408 3279 3586 3325 autem

2026 3378 2278 3432 omnibus
2308 3392 2414 3430 non
2444 3373 2673 3428 credidit
2715 3370 3074 3441 philosophus
3119 3363 3450 3437 Epiphanio,
3498 3362 3586 3417 sed

2025 3466 2357 3523 existimavit
2416 3478 2541 3518 eum
2607 3476 2729 3517 esse
2792 3460 3103 3515 ridiculum.
3168 3457 3405 3525 Surgeus
3463 3466 3587 3507 vero

2028 3558 2399 3629 Epiphanius,
2459 3567 2513 3610 et
2559 3565 2751 3609 tenens
2805 3552 3240 3611 adolescentem,
3296 3546 3433 3602 dixit
3491 3543 3586 3598 ei:

2028 3651 2149 3707 Tibi
2180 3651 2323 3716 dico,
2380 3647 2717 3710 adolescens,
2761 3644 2867 3711 vis,
2918 3642 3115 3714 inquit,
3152 3640 3337 3695 tollam
3371 3647 3590 3693 catenas

2028 3744 2231 3799 ferreas
2261 3755 2329 3797 ex
2368 3739 2617 3795 manibus
2642 3736 2785 3792 tuis?
2834 3778 2835 3781 η

2100 4017 2267 4075 XXV.
2306 4016 2441 4072 Cum
2477 4026 2656 4071 autem
2702 4013 2963 4067 audiisset
2992 4007 3365 4080 philosophus,
3409 4005 3592 4061 statim

2030 4111 2273 4165 cucurrit
2298 4109 2353 4162 in
2385 4107 2597 4169 cellam,
2626 4114 2681 4159 et
2705 4112 2853 4158 vecte
2878 4102 3086 4157 foribus
3116 4099 3357 4153 adhibito
3386 4112 3444 4150 se
3476 4111 3587 4150 mu-

2030 4200 2152 4265 niit,
2189 4200 2396 4263 dicens,
2425 4208 2481 4252 et
2502 4196 2825 4264 suspicando
2857 4194 2929 4247 ita
2959 4190 3100 4261 apud
3127 4205 3186 4246 se
3206 4188 3558 4245 considerans
3576 4203 3589 4219 ε

2032 4290 2215 4345 Bonus
2249 4288 2339 4342 hic
2368 4303 2553 4353 senex,
2585 4292 2646 4339 ut
2683 4284 2835 4338 rudis
2866 4291 2921 4337 et
2958 4282 3228 4345 indoctus,
3263 4280 3377 4334 vult
3409 4294 3589 4333 aliien-

2035 4392 2141 4436 tem
2178 4380 2404 4443 solvere,
2434 4388 2488 4433 et
2536 4376 2641 4431 nisi
2689 4388 2791 4429 nos
2823 4382 2881 4431 ut
2907 4372 3198 4442 prudentes
3242 4386 3428 4426 casum
3462 4369 3587 4424 etfu-

360 4468 630 4537 μέλλομεν
657 4470 839 4534 κακῶς
868 4473 1100 4541 πάσχειν
1125 4473 1229 4527 ὑπὸ
1253 4474 1347 4526 τοῦ
1374 4475 1700 4546 καταράτου.
1728 4475 1926 4543 Κουφί-

2034 4474 2266 4543 giamus,
2316 4472 2383 4525 ah
2422 4466 2756 4524 exsecranda
2803 4465 2896 4519 illo
2940 4465 3084 4520 male
3123 4478 3314 4518 sumus
3356 4463 3587 4532 passuri.

357 4575 461 4620 σας
485 4555 580 4620 οὖν
612 4560 928 4629 Ἐπιφάνιος
944 4563 1013 4615 τά
1046 4563 1238 4635 σίδηρα
1268 4565 1376 4618 ἀπὸ
1396 4566 1487 4619 τοῦ
1514 4567 1816 4631 νεανίσκου,
1838 4567 1931 4620 καὶ

357 4651 672 4720 σφραγίσας
703 4653 866 4705 αὑτὸν
892 4653 1095 4725 τρίτον,
1130 4651 1282 4713 εἶπεν
1450 4656 1741 4727 ἀκαθάρτῳ
1766 4655 1929 4709 πνεύ-

363 4757 521 4808 ματι·
555 4742 928 4811 Παραγγέλλει
964 4763 1047 4798 σοι
1084 4747 1396 4816 Ἐπιφάνιος
1426 4747 1748 4818 ἁμαρτωλὸς
1772 4746 1932 4801 ὁδοῦ-

358 4833 452 4895 λος
480 4834 573 4885 τοὺ
599 4836 896 4906 Κυρίου,ὲν
922 4838 1148 4909 ὀνόματι
1177 4838 1351 4909 Ἰησοῦ
1373 4839 1609 4911 Χριστοῦ
1625 4840 1718 4893 τοῦ
1742 4842 1932 4892 ἐσταυ-

365 4925 635 4994 ρωμένου,
663 4926 792 4979 Υίοῦ
825 4926 918 4981 τοῦ
948 4929 1104 4993 Θεοῦ,
1131 4929 1312 4995 ἔξελθε
1349 4932 1458 4985 ἀπὸ
1498 4931 1592 4985 τοῦ
1622 4929 1928 5002 ἀνθρώπου,

362 5017 459 5069 καὶ
493 5019 690 5086 μηκέτι
718 5019 964 5092 εἰσέλθῃς
996 5024 1075 5084 εἰς
1106 5023 1286 5075 αὐτόν.
1315 5024 1424 5076 Καὶ
1464 5023 1668 5086 εὐθέως
1710 5022 1931 5093 ἐξῆλθεν

361 5107 425 5159 τὸ
466 5106 774 5179 ἀκάθαρτον
814 5111 1059 5182 πνεῦμα·
1092 5112 1184 5166 καὶ
1224 5109 1292 5184 ἦν
1319 5115 1376 5167 ὲν
1407 5114 1575 5183 πολλῇ
1602 5115 1931 5168 καταστάσει

363 5200 393 5250 ὁ
443 5200 906 5265 νεανίσκος.’1δὼν
950 5203 1007 5256 δὲ
1053 5205 1083 5257 6
1123 5204 1409 5274 φιλόσοφος
1438 5204 1508 5258 τὰ
1541 5205 1638 5275 τῆς
1688 5205 1931 5275 εἰρήνης,

365 5290 733 5361 ἀπεκούφισεν
756 5294 817 5346 τὸ
837 5294 1105 5363 κατόχιον,
1133 5295 1227 5348 καὶ
1248 5294 1578 5366 ἐξεπήδησεν
1607 5294 1701 5347 τοῦ
1725 5294 1932 5347 κελλίου

366 5384 447 5444 εἰς
480 5383 847 5453 προσκύνησιν
885 5383 1221 5454 Ἐπιφανίου,
1248 5385 1420 5453 λέγων
1452 5385 1589 5455 πρὸς
1620 5386 1933 5456 Ἐπιφάνιον

367 5471 641 5536 τοιούτους
663 5473 854 5541 λόγους
873 5491 885 5503 ·
910 5471 1001 5539 Ὦ,
1030 5477 1213 5547 φησὶν,
1230 5477 1511 5547 Ἐπιφάνιε
1539 5477 1929 5547 στεφανηφόρεο

368 5564 611 5618 πιστεύω
651 5566 746 5619 καὶ
777 5567 1117 5623 πεπίστευκα
1146 5570 1257 5632 τοῖς
1287 5567 1652 5641 λαλουμένοις,
1686 5567 1772 5622 διὰ
1811 5567 1934 5641 ,τῶν

442 5720 466 5758 δ
504 5719 639 5780 Dan.
681 5740 775 5787 vu,
817 5724 899 5781 ιο.

1716 5846 1761 5861 »ἀι

2029 4565 2165 4619 Cum
2191 4577 2372 4618 autem
2404 4561 2736 4631 Epiphanius
2761 4557 2951 4614 ferreis
2970 4557 3175 4612 catenis
3205 4556 3436 4610 levasset
3464 4553 3587 4607 ado-

2030 4656 2344 4718 lescentem,
2376 4661 2433 4708 et
2460 4667 2585 4707 eum
2615 4660 2695 4704 ter
2721 4650 3006 4719 signasset,
3031 4646 3463 4701 dixitimmundo
3483 4644 3589 4713 spi-

2031 4745 2159 4801 ritui
2192 4764 2204 4798 :
2244 4743 2495 4813 Prmcipit
2529 4742 2624 4797 tibi
2644 4740 2978 4811 Epiphanius
3008 4747 3258 4809 peccator
3284 4752 3471 4791 servus
3490 4734 3587 4789 Do-

2030 4835 2183 4899 mini,
2218 4835 2270 4888 in
2321 4834 2541 4889 nomine
2591 4830 2719 4887 Jesu
2769 4830 2973 4885 Christi
3024 4828 3269 4885 cruciﬁxi
3311 4827 3431 4881 Filii
3474 4825 3588 4887 Dei,

2030 4929 2283 4999 egredere
2313 4944 2379 4984 ex
2409 4928 2645 4992 homine,
2682 4936 2829 4981 etne
2861 4924 3093 4994 amplius
3126 4924 3177 4978 in
3209 4923 3385 4991 ipsum
3415 4921 3587 4990 ingre-

2032 5020 2214 5075 diaris.
2248 5019 2315 5074 Et
2340 5035 2593 5088 egressus
2637 5026 2721 5074 est
2772 5017 2953 5072 statim
2989 5014 3301 5069 immundus
3344 5012 3587 5081 spiritus.

2033 5107 2272 5179 Eratque
2324 5109 2642 5164 adolescens
2691 5106 2845 5160 valde
2889 5106 3104 5175 quietus
3151 5113 3205 5157 et
3235 5102 3589 5171 compositus.

2032 5196 2167 5252 Cum
2208 5206 2386 5252 autem
2416 5214 2538 5253 esse
2572 5212 2758 5267 pacem
2785 5195 3007 5250 vidisset
3037 5191 3413 5264 philosophus,
3446 5191 3589 5244 leva-

2031 5292 2110 5346 vit
2150 5293 2490 5362 repagulum,
2518 5303 2581 5347 etv
2608 5308 2639 5347 e
2687 5291 2820 5346 cella
2868 5289 3103 5359 prosiliit
3144 5287 3212 5342 ad
3256 5284 3588 5340 adorandum

2034 5384 2414 5454 Epiphanium,
2441 5384 2519 5438 sic
2542 5384 2729 5438 dicens
2760 5400 2771 5434 :
2802 5381 2867 5444 Ο,
2892 5381 3083 5449 inquit,
3110 5380 3201 5450 qui
3231 5384 3411 5448 gestas
3438 5390 3581 5429 coro-

2035 5488 2181 5538 nam,
2211 5473 2491 5543 Epiphani,
2522 5473 2704 5531 credo.
2735 5484 2788 5525 et
2816 5470 3022 5525 credidi
3051 5470 3118 5525 iis
3147 5483 3266 5538 qua:
3314 5467 3588 5527 dicuntur,

2034 5579 2129 5635 per
2176 5580 2248 5625 ea;
2283 5580 2405 5634 quae
2451 5566 2603 5619 ﬁunt.
2636 5562 2830 5617 Volunt
2873 5563 3019 5618 enim
3049 5560 3209 5615 verba
3242 5558 3358 5614 sine
3390 5556 3590 5621 fructu,
