4088 6362
491 311 561 368 55
1793 322 1852 377 S.
1894 321 2235 377 EPlPllANll
2277 322 2457 379 VITA.
3673 328 3743 384 56

488 440 651 499 opera
686 435 871 483 autem
912 440 1212 486 cernuntur
1254 432 1455 490 habere
1500 436 1759 494 fructum.
1790 438 1926 494 Volo
1963 455 2052 510 ego

2164 440 2340 511 ἔργων
2370 440 2479 494 τῶν
2512 440 2814 512 γινομένων
2833 457 2845 470 ”
2881 444 2929 495 οί
2959 442 3069 512 γὰρ
3093 443 3239 512 λόγοι
3274 442 3532 495 πέτανται
3565 442 3745 516 ἀκαρ-

490 535 707 591 quoque
735 535 857 576 esse
884 536 947 575 ex
981 523 1048 577 iis
1078 525 1170 593 qui
1207 528 1454 581 serviunt
1494 529 1777 585 cruciﬁxo.
1808 528 2057 587 Philoso-

488 611 598 681 pho
644 626 777 666 vero
824 612 957 667 dixit
1009 613 1342 684 Epiphanius
1372 636 1385 673 :
1413 617 1554 685 Quid
1604 623 1707 675 hoc
1754 621 1993 686 miraris,
2022 639 2055 677 ο

486 704 830 774 philosophe,
848 715 1102 777 tanquam
1130 710 1181 765 id
1207 727 1307 768 nos
1328 712 1615 768 fecerimus
1630 715 1651 767 ?
1668 712 2052 785 Nequaquam;

490 796 584 851 sed
628 807 710 852 est
742 796 843 852 Dei
873 798 1061 863 Filius,
1097 803 1190 871 qui
1244 804 1358 859 haec
1388 808 1646 874 przpclara
1684 805 1814 861 facit
1842 823 1937 876 per
1960 821 2055 863 eos

489 887 583 957 qui
618 887 720 958 ipsi
749 890 1001 945 credunt.
1024 891 1162 947 Cum
1210 894 1323 949 huic
1350 905 1403 951 et
1430 897 1514 953 his
1552 898 1706 967 plura
1738 897 2057 967 philosopho

487 980 715 1035 dixisset
762 981 1120 1052 Epiphanius,
1168 988 1378 1056 rogavit
1419 1004 1544 1042 eum
1587 989 1964 1059 philosophus,
1997 997 2058 1043 ut

487 1072 642 1126 daret
665 1073 719 1126 ei
743 1073 818 1138 id,
849 1076 993 1144 quod
1024 1086 1108 1131 est
1140 1078 1192 1131 in
1217 1078 1457 1143 Christo,
1490 1080 1845 1151 signaculum.
1872 1079 2054 1149 Ipsum

487 1175 620 1233 ergo
670 1174 725 1219 et
773 1182 859 1220 me
904 1169 1111 1237 aet-epit
1136 1168 1492 1239 Epiphanius,
1526 1182 1581 1226 et
1610 1173 1807 1228 ivimus
1838 1172 1903 1226 ad
1940 1187 2055 1225 ma-

488 1271 651 1326 gnum
694 1254 1045 1325 Hilarionem,
1077 1260 1170 1330 qui
1212 1277 1336 1316 eum
1384 1262 1704 1333 baptizavit;
1737 1263 2056 1334 egimusque

488 1346 679 1415 viginti
704 1347 820 1403 dies
858 1348 913 1403 in
944 1352 1276 1407 monasterio
1314 1354 1494 1424 magni
1520 1354 1813 1410 Hilarionis
1845 1374 1857 1410 :
1892 1371 2055 1425 quem

486 1439 701 1510 rogavit
743 1439 1103 1510 Epiphanius,
1137 1453 1196 1497 ut
1239 1460 1363 1498 cum
1400 1444 1703 1515 Epiphanio
1734 1446 2056 1515 philosopho

488 1530 730 1585 mitteret
760 1546 826 1586 ex
858 1532 1112 1589 fratribus
1143 1550 1312 1588 unum
1346 1534 1827 1605 Eleutheropolim,
1850 1545 1909 1591 ut
1929 1552 2055 1590 eum

485 1625 771 1695 episcopus
823 1626 1019 1682 faceret
1061 1629 1457 1699 presbyterum.
1498 1630 1651 1696 Quod
1703 1636 1866 1687 etiam
1907 1632 2051 1687 fecit.

489 1715 553 1770 Et
603 1719 1453 1791 rursusivimus-Spanhydrion.
1494 1721 1832 1793 Epiphanius
1872 1733 2052 1778 autem

2163 550 2255 586 ποι
2296 533 2448 598 δντες
2467 550 2479 562 ·
2510 533 2579 586 τά
2605 533 2661 585 δὲ
2688 532 2825 603 ἔργα
2857 533 3106 601 φαίνεται
3131 534 3386 605 ἔγκαρπα
3418 535 3574 589 ὄντα·
3602 536 3742 590 Θέλω

2162 624 2319 693 κάγὼ
2345 623 2598 692 γενέσθαι
2626 623 2720 676 τοῦ
2751 625 3189 695 ἐσταυρωμένου.
3224 622 3391 679 Εἶπεν
3421 625 3477 680 δὲ
3514 626 3740 695 Ἐπιφά-

2162 731 2272 777 νιος
2303 714 2378 782 τῷ
2412 714 2715 783 φιλοσόφῳ·
2751 713 2816 766 Τί
2849 714 3171 784 θαυμάζεις.
3198 716 3381 784 φησὶν,
3408 709 3454 768 ὦ
3486 716 3740 783 φιλόσοφε

2162 806 2255 858 ἐπὶ
2289 806 2466 869 τοῦτο,
2502 805 2576 869 ὡς
2626 804 2782 875 ἡμῶν
2832 806 3203 876 ποιησάντων;
3233 804 3340 857 Οὔ·
3385 804 3496 857 ἀλλ’
3534 808 3563 857 6
3614 806 3741 869 Υἱὸς

2162 895 2254 949 τοῦ
2302 895 2436 948 Θεοῦ
2481 896 2629 948 ἐστιν
2661 897 2689 947 6
2722 895 2889 949 ποιῶν
2916 895 3007 949 διὰ
3041 896 3151 949 τῶν
3184 895 3544 950 πιστευόντων
3592 896 3741 967 αὑτῷ

2161 988 2234 1041 τά
2261 988 2400 1041 καλὰ
2434 986 2622 1041 ταῦτα.
2678 988 2786 1040 Kal
2838 985 3010 1040 ταῦτα
3058 985 3229 1039 εἰπὼν
3280 988 3592 1055 Ἐπιφάνιος
3643 989 3739 1041 καὶ

2164 1078 2385 1130 πλείονα
2426 1076 2629 1130 τούτων
2660 1077 2735 1145 τῷ
2769 1078 3063 1147 φιλοσόφῳ,
3103 1079 3478 1149 παρεκάλεσεν
3513 1079 3678 1131 αὐτὸν
3707 1082 3741 1133 6

2162 1166 2466 1235 φιλόσοφος,
2492 1168 2638 1230 ὅπως
2668 1167 2827 1219 δώσει
2860 1168 3007 1237 αὐτῷ
3038 1167 3135 1239 τὴν
3169 1170 3228 1221 ἐν
3251 1168 3470 1238 Χριστῷ
3510 1172 3742 1238 σφραγί-

2160 1260 2243 1313 δα.
2278 1258 2473 1313 Λαϐὼν
2503 1258 2559 1311 δὲ
2590 1258 2752 1313 αὐτὸν
2782 1260 2878 1311 καὶ
2919 1259 3020 1329 ἐμὲ
3056 1260 3389 1328 Ἐπιφάνιος,
3433 1259 3734 1329 ἐπορεύθη-

2164 1367 2263 1421 μεν
2290 1351 2425 1420 πρὸς
2449 1350 2540 1404 τὸν
2568 1350 2740 1421 μέγαν
2772 1348 3073 1420 Ἱλαρίωνα,
3102 1351 3196 1402 xal
3228 1350 3521 1403 ἐϐάπτισεν
3551 1350 3735 1406 αὐτόν.

2162 1442 2271 1495 Kal
2296 1444 2630 1513 ἐποιήσαμεν
2656 1444 2714 1495 ἐν
2744 1441 2821 1511 τῷ
2854 1442 3198 1514 μοναστηρίῳ
3224 1442 3313 1494 τοῦ
3342 1442 3573 1512 μεγάλου
3603 1441 3739 1494 ’ἰλα-

2163 1534 2353 1604 ρίωνος
2400 1541 2446 1585 κ’
2490 1534 2723 1603 ἡμέρας.
2772 1533 3148 1603 Παρεκάλεσεν
3192 1532 3249 1585 δὲ
3288 1532 3599 1601 Ἐπιφάνιος
3645 1533 3742 1585 τὸν

2164 1626 2336 1695 μέγαν
2384 1624 2662 1695 Ἱλαρίωνα
2708 1624 3023 1677 ἀποστεῖλαι
3088 1624 3229 1693 μετά
3280 1625 3595 1693 Ἐπιφανίου
3641 1623 3739 1676 τοῦ

2163 1718 2256 1769 καὶ
2290 1714 2579 1784 φιλοσόφου
2615 1714 2712 1767 ἕνα
2753 1714 2863 1768 τῶν
2906 1713 3149 1783 ἀδελφῶν
3177 1716 3235 1767 ἐν
3274 1714 3737 1786 Ἐλευθεροπόλει,

487 1822 608 1863 cum
660 1822 851 1865 omnes
892 1808 1213 1866 advocasset
1260 1812 1477 1877 fratres,
1510 1815 1587 1868 sic
1615 1815 1695 1869 eis
1720 1815 1857 1870 dixit
1891 1834 1903 1869 ε
1934 1815 2052 1879 llic,

2159 1809 2303 1871 ὅπως
2343 1808 2559 1877 ποιήσει
2606 1806 2768 1859 αὑτὸν
2804 1806 2833 1857 6
2864 1806 3159 1869 ἐπίσκοπος
3195 1807 3583 1877 πρεσϐύτερον.
3627 1808 3739 1860 Kal

486 1898 579 1967 qui
624 1899 725 1953 sibi
767 1893 1061 1969 aliquando
1095 1902 1374 1958 videbatur
1403 1918 1525 1959 esse
1553 1905 1778 1975 aliquid,
1811 1922 1933 1961 cum
1966 1908 2053 1961 ni-

488 1989 563 2043 hil
596 1998 759 2055 esset,
790 1988 1009 2046 dicebat
1055 2008 1113 2049 se
1163 2009 1285 2048 esse
1331 1995 1747 2065 philosophum;
1785 2012 1930 2052 nunc
1956 2014 2056 2052 au-

485 2088 593 2136 tem
621 2079 715 2135 Dei
744 2083 917 2151 gratia
952 2098 1113 2139 verus
1146 2094 1230 2139 est
1280 2084 1457 2141 factus
1496 2087 1877 2157 philosOphus;
1912 2089 2055 2157 ipse-

484 2184 591 2239 que
634 2171 893 2240 spiritalis
944 2182 1124 2228 vester
1170 2184 1318 2242 pater
1356 2185 1457 2231 est.
1491 2176 1661 2244 Igitur
1713 2177 2051 2247 Epiphanius

484 2261 836 2332 philosophus
864 2280 895 2317 a
929 2264 1039 2320 Deo
1071 2266 1301 2336 gratiam
1337 2274 1421 2322 est
1449 2278 1799 2335 consecutus,
1831 2279 1885 2325 et
1907 2286 2048 2341 pne-

482 2362 602 2407 erat
628 2356 726 2409 toti
762 2355 954 2411 choro.

2160 1898 2224 1969 δὴ
2250 1902 2277 1952 6
2308 1898 2480 1968 μέγας
2505 1898 2747 1969 Ἱλαρίων
2777 1898 3033 1968 ἐποίησεν
3060 1896 3254 1962 οὕτως.
3282 1899 3393 1952 Kal
3424 1898 3585 1951 πάλιν
3611 1900 3741 1951 ἐπο-

2163 1989 2434 2059 ρεύθημεν
2462 1990 2519 2042 ἐν
2550 1989 2628 2059 τῷ
2664 1990 3010 2060 μοναστηρίῳ
3035 1990 3193 2061 ήμῶν
3213 1990 3292 2060 τῷ
3323 1991 3741 2061 ἐπικαλουμένῳ

2162 2082 2500 2151 Σπανυδρίῳ.
2539 2083 2597 2134 '0
2671 2078 2760 2135 οὖν
2830 2082 3142 2150 Ἐπιφάνιος
3226 2082 3741 2153 προσκαλεσάμενος

2158 2176 2404 2236 ἅπαντας
2460 2176 2585 2238 τοὺς
2633 2174 2915 2242 ἀδελφοὺς,
2947 2169 3100 2227 εἶπεν
3147 2174 3364 2238 αὐτοῖς’
3402 2171 3591 2238 Οὗτος,
3640 2193 3738 2245 φη-

2157 2267 2261 2327 σιν,
2292 2267 2321 2319 ὅ
2356 2282 2485 2318 ποτε
2522 2266 2694 2319 δοκῶν
2732 2262 2871 2320 εἶναί
2908 2282 2981 2330 τι,
3015 2266 3178 2336 μηδὲν
3208 2264 3302 2327 ὢν,
3336 2266 3519 2333 ἔλεγεν
3542 2268 3737 2320 ἑαυτὸν

2156 2358 2465 2427 φιλόσοφον.
2501 2358 2613 2410 Νῦν
2658 2358 2715 2410 δὲ
2766 2358 2946 2428 χάριτι
2994 2358 3231 2429 Χριστοῦ
3271 2359 3486 2426 ἐγένετο
3523 2359 3739 2431 ἀληθιῂ

482 2447 808 2519 φιλόσοφος,
860 2452 953 2505 καὶ
1002 2452 1102 2522 τῆς
1156 2453 1452 2525 ἱερωσύνης
1499 2453 1835 2525 κατηξιώθη.
1889 2448 2057 2519 Οὗτός
2092 2456 2241 2507 ἐστιν
2287 2454 2317 2505 6
2368 2452 2731 2522 πνευματικὸς
2788 2451 2940 2521 ὑμῶν
2979 2455 3181 2522 πατήρ.
3252 2452 3309 2504 ὐ
3352 2448 3447 2506 οὖν
3512 2453 3741 2521 Ἐπιφά-

482 2559 613 2607 νιος.
639 2546 669 2596 6
701 2546 796 2599 καὶ
821 2546 849 2599 6
876 2547 1183 2617 φιλόσοφος,
1216 2549 1525 2622 κατηξιώθη
1547 2551 1882 2622 χαρίσματος
1904 2550 2055 2623 παρὰ
2087 2548 2242 2611 Θεοῦ,
2279 2550 2371 2602 καὶ
2393 2545 2460 2619 ἦν
2483 2548 2781 2617 ἡγούμενος
2812 2546 3012 2609 παντὸς
3038 2545 3133 2599 τοῦ
3163 2545 3346 2617 χοροῦ.

552 2628 745 2689 XXVI.
787 2635 1154 2708 ingredientes
1204 2651 1384 2695 autem
1430 2643 1588 2696 multi
1644 2644 2053 2706 monasterium,

482 2738 592 2779 non
620 2725 874 2783 sinebant
899 2729 1178 2799 quiescere
1206 2730 1589 2801 Epiphaniam.
1621 2732 1757 2787 Cum
1791 2735 1971 2804 itaque
1997 2736 2053 2790 in

482 2812 668 2870 animo
701 2815 928 2873 haberet
966 2818 1143 2873 locum
1177 2820 1498 2891 relinquere,
1534 2822 1801 2891 proﬁcisci
1829 2840 1957 2877 vero
1988 2824 2042 2878 in

482 2916 663 2976 partes
709 2906 946 2979 Egypti,
976 2910 1113 2965 dixit
1157 2912 1291 2967 mihi
1327 2932 1340 2967 :
1375 2911 1613 2984 Sequere
1646 2931 1753 2981 me,
1800 2916 1894 2971 tili.
1937 2916 2051 2987 Ego

483 3012 614 3052 vero
651 2998 763 3053 dixi
820 3001 870 3055 ei
904 3023 916 3055 :
949 2999 1159 3071 Sequar
1207 3009 1280 3066 te,
1314 3017 1639 3073 quocunque
1686 3005 1835 3068 ieris,
1866 3003 2044 3060 Pater.

2230 2644 2374 2707 KCT'.
2417 2639 2632 2694 Πολλῶν
2666 2634 2759 2692 οὖν
2804 2637 3203 2709 είσερχομένων
3236 2638 3295 2689 ὲν
3341 2635 3416 2705 τῷ
3465 2653 3739 2707 μοναστη-

2161 2733 2277 2805 ρίῳ,
2314 2733 2415 2785 οὐκ
2446 2731 2573 2783 εἴων
2620 2732 2851 2801 ἠρεμεῖν
2881 2730 2974 2782 τὸν
3014 2728 3352 2797 Ἑπιφάνιον.
3386 2728 3497 2781 Kal
3522 2727 3586 2796 δὴ
3615 2744 3739 2779 σκε-

2155 2824 2397 2895 ψάμενος
2425 2820 2745 2876 καταλιπεῖν
2771 2821 2862 2874 τὸν
2894 2822 3078 2883 τόπον,
3110 2818 3439 2891 πορεύεσθαι
3468 2819 3526 2871 δὲ
3553 2821 3645 2871 ἐπὶ
3672 2819 3741 2872 τὰ

2156 2915 2293 2987 μέρη
2327 2913 2623 2981 Αἰγύπτου,
2658 2910 2811 2965 εἶπεν
2865 2912 2999 2983 πρὸς
3055 2911 3121 2981 μέ
3154 2926 3166 2939 ⁸
3196 2912 3418 2976 Τέκνον,
3456 2910 3742 2964 ἀκολούθει

2154 3022 2263 3075 μοι.
2313 3000 2479 3058 Εἶπον
2520 3005 2578 3058 δέ
2626 3003 2763 3076 πρὸς
2806 3003 2999 3057 αὐτόν·
3041 3002 3414 3073 Ἀκολουθήσω
3460 3019 3541 3055 σοι
3604 3003 3743 3056 ὅπου

482 3086 620 3143 Cum
669 3104 858 3146 omnes
894 3102 1074 3146 autem
1119 3091 1314 3148 fratres
1363 3094 1701 3158 advocasset,
1736 3105 1789 3150 et
1819 3099 1899 3151 eis
1934 3098 2052 3151 vale

2159 3094 2222 3147 ἂν
2278 3094 2518 3167 ἀπέρχῃ,
2570 3094 2771 3164 Πάτερ.
2821 3092 3339 3164 Προσκαλεσάμενος
3387 3092 3443 3146 δέ
3493 3091 3740 3154 ἅπαντας

482 3178 732 3244 dixisset,
758 3182 934 3236 dixit:
965 3181 1134 3250 Yado,
1162 3198 1196 3237 ο
1242 3184 1356 3248 filii,
1389 3185 1457 3240 ad
1511 3186 1803 3241 videndum
1859 3187 2053 3243 fratres

482 3272 576 3340 qui
626 3281 757 3328 sunt
801 3272 854 3326 in
900 3276 1233 3329 monasterio
1276 3276 1458 3345 magni
1501 3276 1810 3335 Hilarionis.
1847 3277 1979 3333 Cum
2015 3280 2050 3334 ii

483 3366 1109 3423 autemfintellexissent
1157 3385 1282 3424 eum
1336 3370 1475 3426 velle
1523 3372 1795 3436 recedere,
1835 3382 2052 3441 propter

482 3467 732 3521 magnam
776 3455 1079 3512 molestiam
1114 3473 1304 3513 eorum
1360 3461 1452 3530 qui
1484 3460 1830 3525 accedebant,
1861 3477 2050 3517 omnes

482 3543 737 3598 cadentes
770 3545 824 3599 in
849 3544 1066 3609 faciem,
1091 3561 1217 3602 cum
1252 3547 1375 3603 ﬂetu
1406 3558 1461 3604 et
1487 3550 1703 3619 planctu
1729 3566 1852 3604 eum
1885 3566 2049 3623 rega-

482 3632 614 3688 bant
636 3651 702 3690 ne
732 3637 923 3691 exiret.
954 3637 1288 3707 Epiphanius
1332 3656 1463 3695 vero
1498 3642 1613 3709 ipse
1638 3657 1881 3711 quoque,
1931 3658 2047 3697 ma-

484 3737 590 3793 gna
616 3723 809 3779 ductus
858 3726 1248 3793 misericordia,
1296 3730 1570 3798 persuasit
1617 3730 1717 3793 eis,
1746 3730 1930 3799 dicens
1993 3744 2053 3784 se

485 3827 595 3866 non
642 3828 760 3869 esse
810 3815 1040 3884 amplius
1080 3832 1446 3873 recessurum.
1482 3820 1615 3874 Cum
1649 3820 1835 3875 decem
1871 3830 2051 3874 autem

485 3903 602 3959 dies
635 3906 1038 3974 praeteriissent,
1061 3910 1268 3978 accepit
1296 3925 1381 3965 me
1410 3921 1597 3975 noctu,
1624 3912 1936 3981 egressique
1960 3928 2053 3965 su-

486 4010 631 4057 mus,
660 4005 716 4049 et
747 3996 947 4053 ivimus
990 3996 1442 4070 Hierosolymam,
1473 4010 1831 4070 nostramque
1882 4002 2049 4055 vitam

487 4084 858 4150 adoravimus,
901 4100 1094 4155 nempe
1132 4089 1495 4144 venerandam
1551 4088 1765 4145 Domini
1813 4106 2051 4145 crucem.

487 4174 823 4245 Fuimusque
855 4178 907 4231 in
932 4177 1168 4245 civitate,
1205 4179 1322 4234 loca
1352 4181 1614 4235 obeuntes
1639 4189 1692 4235 et
1721 4188 1939 4234 orantes
1965 4196 2052 4236 se-

485 4266 664 4322 decim
716 4269 853 4325 dies.
886 4268 1133 4340 Cumque
1176 4286 1277 4327 nos
1320 4271 1700 4342 egrederemur
1734 4288 1763 4326 e
1817 4272 2052 4335 civitate,

488 4366 548 4415 ut
573 4357 1139 4431 [veniremusJOppeu,
1158 4361 1241 4433 et}
1253 4364 1633 4432 navigaremus
1659 4365 1711 4417 in
1736 4362 2052 4435 Egyptum,

2156 3187 2281 3249 τοὺς
2332 3186 2616 3255 ἀδελφοὺς,
2645 3186 2738 3238 καὶ
2773 3184 3176 3254 συνταξάμενος
3224 3184 3429 3248 αὐτοῖς,
3459 3183 3556 3253 τὴν
3603 3184 3741 3236 ἀπό-

2157 3294 2338 3348 κρισιν
2373 3277 2568 3349 ἔφερεν
2610 3278 2794 3339 αὐτοῖς
2836 3275 3010 3344 λέγων
3056 3277 3174 3329 ὃτι·
3217 3274 3550 3347 Πορεύομαι,
3581 3275 3739 3345 φησὶ,

2157 3369 2343 3431 τέκνα,
2363 3370 2441 3431 εἰς
2468 3368 2755 3436 ἐπίσκεψιν
2780 3367 2890 3421 τῶν
2918 3368 3163 3435 ἀδελφῶν
3191 3367 3249 3419 ἐν
3281 3366 3357 3436 τῷ
3389 3367 3741 3437 μοναστηρίφ

2155 3460 2248 3513 τοῦ
2279 3460 2514 3531 μεγάλου
2546 3460 2868 3531 ’1λαρίωνος.
2900 3459 3024 3511 Τῶν
3054 3459 3109 3512 δὲ
3135 3459 3442 3529 νοησάντων
3497 3460 3580 3512 ὅτι
3607 3460 3738 3512 ἀνα-

2157 3553 2356 3621 χωρεῖν
2390 3550 2658 3619 βούλεται,
2687 3550 2776 3603 διὰ
2818 3549 2916 3620 τὴν
2944 3549 3144 3619 πολλὴν
3173 3549 3393 3619 ὄχλησιν
3426 3548 3535 3602 τῶν
3560 3566 3739 3620 παρα-

2158 3640 2482 3711 γενομένων,
2515 3642 2563 3693 οί
2601 3639 2799 3702 πάντες
2836 3638 3095 3701 πεσόντες
3127 3639 3219 3690 ἐπὶ
3252 3638 3563 3709 πρόσωπον,
3603 3638 3740 3707 μετά

2158 3731 2353 3784 πολλοῦ
2382 3729 2659 3801 κλαυθμοῦ
2689 3730 2781 3783 καὶ
2814 3728 3048 3799 ὀδυρμοῦ
3077 3730 3420 3798 παρεκάλουν
3447 3730 3535 3782 τδν
3585 3730 3737 3782 Ἐπι-

2158 3827 2368 3891 φάνιον,
2400 3821 2539 3874 ὥστε
2596 3821 2670 3892 μὴ
2723 3820 2979 3886 ἐξελθεῖν.
3017 3820 3125 3873 Τοῦ
3176 3820 3233 3872 δὲ
3278 3821 3597 3888 Ἐπιφανίου
3644 3821 3739 3872 xal

2158 3912 2322 3966 αὐτοῦ
2352 3914 2429 3975 είς
2464 3912 2630 3965 πολὺν
2653 3908 2831 3965 οἶκτον
2857 3910 3121 3977 ἐλθόντος,
3156 3911 3375 3967 ἔπεισεν
3404 3913 3622 3974 αὐτοὺς,
3652 3910 3739 3963 λέ-

2160 4020 2270 4071 γων
2319 4002 2515 4073 μηκέτι
2564 4003 2888 4073 ἀναχωρεῖν.
2926 4001 3018 4071 Μὴ
3052 4002 3393 4071 ποιησάντων
3429 4002 3484 4055 δὲ
3515 4000 3671 4072 ήμῶν
3709 4007 3738 4053 ι’

2159 4093 2618 4165 ήμέρας,,έλα6έν
2664 4110 2731 4164 με
2758 4095 2971 4160 νυκτὸς,
3006 4096 3099 4148 καὶ
3134 4093 3449 4165 ἐξήλθομεν,
3480 4095 3574 4145 καὶ
3604 4094 3736 4144 ἐπο-

2164 4180 2431 4251 ρεύθημεν
2478 4182 2535 4232 ἐν
2570 4182 2984 4252 Ἱεροσολύμοις,
3014 4184 3109 4236 καὶ
3134 4185 3616 4253 προσεκυνήσαμεν
3637 4182 3741 4253 τὴν

2161 4269 2304 4339 ζωὴν
2326 4270 2607 4340 ήμῶν,τὸν
2625 4271 2804 4341 τίμιον
2835 4274 3066 4343 σταυρὸν
3092 4273 3186 4326 τοῦ
3211 4274 3482 4333 AaM-«51W
3508 4291 3521 4305 .
3548 4275 3736 4343 ἐποιή-

2164 4378 2334 4431 σαμεν
2366 4362 2421 4414 δὲ
2470 4365 2527 4415 ἐν
2572 4366 2639 4432 τῇ
2682 4364 2856 4427 πόλει,
2902 4365 3237 4435 διερχόμενοι
3266 4366 3391 4428 τοὺς
3418 4365 3618 4427 τόπους
3644 4366 3740 4419 καὶ

487 4447 732 4502 occurrit
765 4447 922 4503 nobis
962 4451 1205 4518 quaedam
1255 4452 1450 4507 mulier
1481 4453 1692 4515 insana,
1721 4464 1780 4507 ut
1806 4469 1925 4521 qua:
1965 4469 2052 4508 ve-

2159 4454 2455 4524 εὺχόμενοι,
2493 4460 2565 4518 ις’
2608 4455 2858 4525 ἡμέρας·
2911 4456 3005 4509 καὶ
3052 4457 3115 4527 δὴ
3161 4456 3533 4528 ἐξερχόμενων
3581 4456 3738 4526 ἡμῶν

488 4549 709 4594 xaretur
753 4557 782 4595 a
830 4543 1021 4611 spiritu
1066 4544 1368 4599 immundo.
1402 4544 1521 4614 Ipsa
1556 4556 1730 4601 autem
1767 4561 1890 4601 cum
1921 4544 2049 4615 Epi-

488 4628 671 4697 phanii
697 4632 995 4699 accepisset
1024 4632 1336 4701 diploidem,
1365 4648 1485 4687 eam
1534 4634 1868 4699 dilaceravit,
1900 4644 1953 4689 et
1986 4650 2054 4690 ex

484 4734 548 4773 ea
575 4720 709 4775 exiit
744 4721 1059 4778 immundus
1104 4723 1351 4793 spiritus.
1382 4722 1515 4790 Quae
1546 4725 1831 4794 procidens
1859 4726 1926 4780 ad
1958 4741 2051 4793 pe-

483 4813 580 4866 des
606 4811 917 4883 Epiphanii,
946 4830 1072 4869 eum
1096 4816 1545 4885 rogabat,dieens
1572 4836 1584 4870 :
1614 4817 1870 4886 Ignoscas
1895 4818 2049 4884 mihi,

482 4900 662 4967 Pater,
689 4913 743 4958 et
770 4919 838 4959 ne
872 4921 1215 4961 succenseas.
1238 4906 1288 4962 ls
1316 4917 1495 4962 autem
1521 4909 1656 4962 dixit
1678 4914 1733 4963 ei
1757 4928 1772 4963 :
1801 4909 1943 4964 Vade
1965 4926 2052 4964 sa-

483 5007 552 5047 na
581 4994 634 5047 in
670 4994 892 5049 domum
928 5006 1101 5051 tuam.
1131 4996 1342 5066 Ruptus
1368 4998 1512 5052 enim
1546 5009 1663 5063 est;
1681 5000 1774 5069 qui
1804 5010 1857 5055 te
1897 5017 2054 5070 rupe-

484 5096 588 5142 rat.
620 5085 686 5141 Et
715 5087 812 5141 ivit
840 5088 1031 5143 mulier
1068 5089 1124 5143 in
1159 5106 1311 5159 pace.
1352 5089 1417 5145 Et
1459 5108 1583 5146 cum
1614 5107 1711 5147 nos
1742 5093 2054 5150 descendis-

483 5191 666 5231 semus
710 5176 764 5230 in
807 5175 1035 5247 Joppen,
1070 5179 1378 5235 invenimus
1407 5196 1598 5235 navem
1633 5192 1898 5250 paratam,
1930 5199 2052 5253 qua:

483 5266 697 5322 volebat
724 5267 805 5322 ire
827 5269 1232 5325 Alexandriam.
1269 5271 1514 5341 (Eumque
1547 5274 1955 5343 navigassemus
1983 5277 2053 5329 ab

483 5354 676 5425 .loppe,
705 5366 830 5426 post
857 5368 967 5413 tres
995 5360 1112 5415 dies
1144 5361 1374 5427 ingressi
1420 5377 1612 5418 sumus
1641 5363 2051 5418 Alexandriam.

486 5444 652 5503 Nobis
676 5460 858 5503 autem
902 5466 1039 5506 nave
1065 5454 1321 5522 egressis,
1356 5462 1409 5507 et
1458 5453 1885 5523 ingredientibus
1919 5457 2052 5511 civi-

486 5544 673 5599 tatem,
698 5545 936 5594 occurrit
963 5541 1182 5610 quidam
1215 5541 1457 5610 Judazus,
1489 5545 1713 5600 nomine
1740 5545 1954 5615 Aquila,
1980 5546 2054 5600 le—

485 5626 777 5696 gisperitus
808 5645 872 5685 ac
894 5634 1168 5699 magister.
1198 5634 1374 5705 Coepit
1404 5651 1533 5689 vero
1562 5634 1896 5706 Epiphanius
1918 5654 2056 5707 quo-

483 5731 588 5784 que
613 5734 733 5773 cum
764 5735 829 5775 eo
856 5722 922 5777 de
954 5724 1066 5789 lege
1087 5725 1370 5780 disserere.
1388 5724 1526 5781 Toto
1554 5743 1682 5800 ergo
1710 5729 1801 5784 illo
1822 5728 1907 5784 die
1934 5729 2053 5798 plu-

2157 4545 2266 4599 ἀπὸ
2311 4546 2410 4614 τῆς
2456 4546 2684 4609 πόλεως,
2712 4548 2861 4611 ὅπως
2888 4548 3321 4618 ἀποπλεύσωμεν
3346 4552 3405 4601 ἐν
3439 4549 3733 4619 Αἰγύπτῳ,

2158 4636 2468 4704 ἀπήντησεν
2496 4639 2629 4706 ἡμῖν
2671 4640 2802 4709 γυνή
2836 4656 2941 4703 τις,
2978 4641 3275 4709 μαινομένη
3306 4639 3413 4691 ὑπὸ
3439 4640 3738 4692 τοῦ-πνεύ-

2161 4742 2327 4795 ματος
2357 4726 2690 4798 ἀκαθάρτου.
2717 4728 2865 4798 Αὒτη
2887 4727 3157 4799 λαϐομένη
3188 4733 3283 4799 τῆς
3306 4730 3569 4792 διπλοΐδος
3585 4731 3737 4783 Ἑπι-

2159 4819 2370 4885 φανίου,
2418 4818 2699 4889 διέρρηξεν
2749 4820 2948 4891 αὑτήν·
3008 4823 3100 4874 καὶ
3147 4822 3352 4885 εὐθέως
3396 4821 3615 4892 ἐξῆλθεν
3674 4823 3743 4875 τὸ

2158 4909 2461 4980 ἀκάθαρτον
2491 4910 2707 4981 πνεῦμα
2735 4912 2831 4965 ἀπ’
2859 4913 3125 4983 αῦτῆς.Ἡ
3146 4914 3203 4966 δὲ
3235 4914 3475 4967 πεσοῦσα
3503 4917 3584 4977 είς
3607 4916 3734 4978 τοὺς

2158 4999 2321 5062 πόδας
2368 5000 2701 5068 Ἐπιφανίου,
2733 5004 3030 5073 παρεκάλει
3062 5003 3294 5070 λέγουσα
3317 5019 3332 5034 ⁸
3367 5004 3734 5075 Συγχώρησόν

2160 5108 2269 5160 μοι,
2316 5092 2516 5162 Πάτερ.
2564 5094 2659 5145 καὶ
2707 5094 2781 5163 μὴ
2831 5092 3071 5164 όργίζου.
3105 5091 3272 5149 Εἶπεν
3315 5096 3371 5148 δὲ
3418 5097 3734 5165 Ἐπιφάνιος

2156 5184 2291 5254 πρὸς
2311 5185 2408 5255 τὴν
2436 5188 2664 5251 γυναῖκα
2683 5202 2695 5215 ·
2722 5186 2913 5251 Βάδιζε
2942 5188 3258 5255 ὑγιαίνουσα
3282 5191 3340 5240 ἐν
3367 5189 3445 5259 τῷ
3473 5188 3547 5258 σῷ
3574 5190 3733 5258 οἴκῳο

2154 5276 2182 5326 6
2220 5274 2327 5345 γὰρ
2375 5275 2544 5345 ῥήξας
2585 5276 2831 5347 ἐρράγη.
2884 5279 2996 5331 Kal
3041 5279 3309 5350 ἐπορεύθη
3338 5280 3529 5350 ήγυνὴ
3564 5281 3621 5331 ἐν
3654 5279 3735 5349 τῷ

2154 5367 2286 5437 οἴκῳ
2320 5367 2511 5437 αὐτῆς.
2547 5367 2929 5422 Κατελθόντων
2961 5370 3018 5422 δὲ
3048 5370 3203 5440 ἡμῶν
3241 5373 3322 5433 εἰς
3362 5371 3605 5441 Ἰόππην.
3636 5370 3729 5423 εὖ·

2159 5474 2321 5527 ρομεν
2349 5458 2564 5528 ἕτοιμον
2582 5459 2763 5511 πλοῖον
2782 5459 3100 5529 βουλόμενον
3124 5460 3451 5531 πορεύεσθαι
3483 5464 3560 5525 είς
3578 5463 3730 5514 Ἀλε-

2158 5549 2452 5621 ξάνδρειαν.
2474 5550 2827 5614 Ἐξελθόντων
2872 5551 2929 5604 δὲ
2964 5552 3119 5621 ήμῶν
3158 5554 3265 5606 ἀπὸ
3293 5552 3389 5606 τοῦ
3425 5553 3609 5607 πλοίου
3636 5554 3734 5606 καὶ

2159 5640 2506 5693 εἰσελθόντων
2534 5644 2591 5693 έν
2625 5644 2691 5712 τῇ
2740 5642 2912 5699 πόλει.
2951 5643 3414 5715 ἀπήντησενήμῖν
3456 5644 3726 5706 Ἰουδαῖος,

2154 5729 2371 5799 ὀνόματι
2409 5730 2657 5795 Ἀκύλας,
2692 5730 3159 5801 νομοδιδάσκαλος.
3200 5734 3306 5789 Kal
3332 5734 3535 5804 ἤρξατο
3580 5735 3728 5787 Ἔπιο
