4078 6368
339 373 415 431 57

1644 373 1704 427 S.
1746 370 2090 427 EPIPHANII
2130 370 2313 428 VlTA.

3525 377 3597 434 58

346 492 538 562 φάνιος
577 491 673 545 καὶ
717 492 880 555 αὑτὸς
927 492 1035 546 ἀπὸ
1079 490 1176 546 τοῦ
1225 491 1389 563 νόμου
1421 492 1764 561 διαλέγεσθαι
1793 493 1929 565 πρὸς

2049 495 2230 549 ’ἰηιιιιιι
2273 493 2687 549 contenderunt.
2724 490 3045 563 Rursusque
3078 493 3165 548 die
3192 496 3441 565 sequenti
3476 510 3600 550 cum

343 581 839 653 αὐτούς.Ἐμειναν
868 577 961 638 οὖν
996 584 1055 635 ὲν
1082 582 1249 653 πολλῇ
1284 582 1588 652 φιλονεικίᾳ
1618 586 1676 636 ἐν
1702 587 1769 653 τῇ
1794 584 1931 653 ὴμέ-

346 690 421 744 ρᾳ.
449 674 652 745 ἐκείνῃ.
684 674 794 727 Καὶ
816 677 883 745 τῇ
910 674 1171 746 ἐπαύριον
1203 675 1297 727 ἐπὶ
1340 676 1631 745 συντυχίαν
1657 675 1820 729 πάλιν
1845 675 1932 729 ὲλ-
1986 672 2005 695 ’

346 764 556 828 θόντες,
584 764 862 819 διάλεκτον
915 766 1178 835 ἐποίησαν
1229 765 1364 837 πρὸς
1408 765 1663 829 ἑαυτούς·
1713 767 1789 830 ὡς
1838 766 1933 819 καὶ

345 857 592 921 πεισθεὶς
620 859 648 910 ό
690 858 921 922 Ἀκύλας
944 863 1009 930 τῇ
1042 860 1309 931 ἑρμηνείᾳ
1349 861 1690 929 Ἑπιφανίου,
1734 861 1934 931 ἐπόθη-

348 964 444 1003 σεν
468 948 564 1002 τοῦ
596 951 848 1018 γενέσθαι
879 952 1296 1022 Χριστιανός.⁹0
1324 948 1416 1005 οὗν
1459 954 1773 1022 Ἐπιφάνιος
1798 970 1933 1025 προ-

348 1040 487 1094 νοῶν
516 1040 723 1111 ήγαγεν
746 1043 908 1097 αὑτὸν
943 1042 1248 1114 Ἀθανασίῳ
1281 1043 1358 1114 τῷ
1389 1046 1611 1115 πάππα,
1638 1047 1733 1099 καὶ
1774 1047 1935 1115 ⁴ήμεῖς

346 1134 648 1205 ἐξήλθομεν
693 1133 801 1188 ἀπὸ
840 1136 936 1205 τῆς
984 1135 1192 1198 πόλεως
1233 1136 1658 1207 Ἀλεξανδρείας.
1700 1138 1936 1207 Πορευο-

351 1226 533 1295 μένων
558 1225 613 1278 δὲ
636 1224 792 1296 ήμῶν
817 1227 910 1278 ἐπὶ
936 1226 1005 1279 τὰ
1042 1228 1183 1298 μέρη
1211 1231 1309 1298 τῆς
1336 1228 1449 1281 ἄνω
1464 1227 1748 1298 Θηϐαΐδος,
1767 1228 1937 1297 ἀπήν-

350 1333 519 1386 τησεν
547 1318 679 1387 ἡμῖν
719 1332 805 1378 τις
849 1315 1081 1387 μοναχδς
1127 1316 1374 1388 μαθητὴς
1399 1318 1493 1370 τοῦ
1534 1316 1770 1387 μεγάλου
1818 1317 1935 1369 Ἀν-

350 1406 590 1468 τωνίου,
633 1404 856 1475 ὀνόματι
904 1403 1259 1473 Παφνούτιος.
1311 1401 1477 1458 Εἶπεν
1526 1406 1583 1458 δὲ
1621 1404 1937 1473 Ἐπιφάνιος

352 1497 492 1567 πρὸς
524 1497 684 1550 αὑτόν
703 1513 717 1528 ·
751 1497 1059 1567 Εὑλόγησον
1087 1496 1146 1549 δὲ
1175 1498 1342 1567 ἡμᾶς,
1373 1497 1573 1568 Πάτερ.
1615 1493 1781 1550 Εἶπεν
1820 1497 1877 1549 δὲ
1908 1498 1937 1549 ὁ

351 1587 711 1655 Παφνούτιος·
737 1586 1105 1656 Εὑλογημένοι
1133 1587 1291 1655 ὑμεῖς
1311 1586 1391 1656 τῷ
1417 1586 1608 1657 Κυρίῳ
1627 1603 1640 1617 ·
1667 1588 1763 1639 καὶ
1782 1586 1939 1656 ποιή-

353 1694 548 1739 σαντος
575 1676 671 1730 τοῦ
710 1676 1051 1745 Παφνουτίου
1081 1676 1179 1747 τὴν
1218 1676 1405 1746 εὐχὴν,
1436 1676 1803 1747 ήσπασάμεθα
1843 1676 1938 1729 ἀλ-

352 1765 570 1838 λήλους,
602 1766 696 1819 καὶ
724 1767 1111 1837 κατεψύξαμεν
1149 1767 1343 1838 μικρὸν
1376 1769 1436 1819 ὲν
1479 1767 1559 1837 τῷ
1602 1767 1752 1837 τόπῳ
1796 1768 1937 1820 ἐκεί-

351 1859 525 1929 νῳ.’0
579 1853 671 1912 οὖν
717 1859 1030 1927 Ἑπιφάνιος
1080 1858 1437 1929 ἐπηρώτησεν
1468 1858 1562 1912 τὸν
1604 1859 1938 1927 Παφνούτιον

351 1950 485 2019 περὶ
513 1947 753 2012 πάντων,
787 1944 863 2002 ὧν
908 1947 1163 2018 ἐποίησεν
1211 1951 1239 2001 ὁ
1291 1949 1464 2019 μέγας
1510 1947 1811 2013 Ἀντώνιος,
1844 1950 1938 2002 καὶ

352 2036 518 2099 αὑτὸς
551 2036 859 2108 ἐξηγήσατο
886 2036 1035 2106 αὑτῷ
1070 2036 1303 2090 ἅπαντα.
1335 2033 1501 2089 Εἶπεν
1533 2037 1591 2091 δὲ
1629 2038 1939 2106 Ἐπιφάνιος

351 2124 433 2195 τῷ
464 2126 789 2197 Παφνουτίῳ
812 2143 826 2157 ο
854 2127 1020 2191 Θέλω,
1057 2126 1260 2197 Πάτερ.
1290 2127 1510 2196 οἰκῆσαι
1537 2128 1630 2181 τὸν
1659 2129 1822 2181 τόπον
1849 2130 1939 2182 τὸν

354 2215 689 2285 καλούμενον
728 2215 971 2287 Νιτρίαν.
1006 2217 1063 2269 Ὀ
1107 2217 1167 2270 δὲ
1207 2217 1547 2285 Παφνούτιος
1599 2213 1751 2272 εἶπεν
1802 2220 1938 2291 πρὸς

365 2307 683 2376 Ἐπιφάνιον
703 2325 718 2338 ·
755 2306 946 2371 Βάδιζε
977 2309 1233 2376 ὑγιαίνων
1253 2325 1266 2337 ·
1298 2309 1603 2364 ἀπόλαυσον
1633 2310 1740 2365 τῶν
1769 2315 1934 2367 πατέ-

2033 582 2309 636 venissent
2335 582 2404 635 ad
2437 580 2908 651 congressionem,
2942 583 3033 636 diu
3064 582 3605 639 disseruerunt.Cre-

2032 672 2276 741 deusque
2303 672 2496 740 Aquila
2528 672 2957 738 interpretationi
2991 670 3297 740 Epiphanii,
3329 673 3607 727 desidera-

2034 764 2110 816 vit
2139 762 2992 832 ﬁeriChristianus.Epiphanius
3026 772 3206 817 autem
3234 763 3460 817 deduxit
3481 780 3603 817 eum

2034 855 2100 908 ad
2129 854 2485 909 Athanasium
2535 854 2875 924 episcopum,
2902 862 2957 907 et
3003 869 3105 908 nos
3158 856 3363 924 egressi
3417 870 3607 909 sumus

2033 945 2385 999 Alexandria.
2415 944 2552 999 Cum
2586 945 2790 1001 iremus
2821 953 3001 999 autem
3033 960 3133 998 nos
3164 946 3216 998 in
3249 954 3428 1014 partes
3449 961 3609 1016 snpe-

2034 1037 2196 1092 rioris
2228 1036 2539 1101 Thebaidis,
2568 1040 2810 1091 occurrit
2842 1037 2999 1092 nobis
3030 1037 3250 1107 quidam
3285 1038 3609 1100 monachus,

2035 1131 2338 1200 discipulus
2383 1130 2566 1198 magni
2600 1130 2844 1194 Antonii,
2874 1130 3095 1184 nomine
3119 1128 3477 1199 Paphnutius.
3507 1128 3609 1183 Cui

2036 1222 2173 1275 dixit
2208 1240 2221 1275 :
2252 1220 2489 1277 Benedic
2534 1222 2711 1287 nobis,
2746 1222 2925 1277 Pater.
2959 1222 3106 1276 Dixit
3140 1232 3324 1276 autem
3356 1221 3611 1291 Paphnu-

2035 1315 2182 1368 tius:
2214 1313 2490 1369 Benedicti
2524 1329 2622 1369 vos
2664 1330 2695 1368 a
2748 1304 3001 1368 Domino.
3037 1313 3280 1383 Cumque
3309 1313 3609 1367 orationem

2037 1406 2255 1461 fecisset
2303 1405 2664 1475 Paphnutius,
2708 1419 2809 1459 nos
2852 1404 3083 1459 invicem
3131 1405 3511 1464 salutavimus,
3559 1411 3615 1455 et

2036 1512 2136 1551 nos
2181 1498 2233 1550 in
2272 1512 2337 1551 eo
2384 1496 2504 1550 loco
2542 1512 2735 1565 parum
2779 1494 3235 1565 refrigeravimus.
3282 1492 3614 1563 Epiphanius

2036 1599 2167 1640 vero
2212 1586 2570 1656 interrogavit
2597 1586 2962 1655 Paphnutium
2997 1588 3061 1640 tle
3091 1586 3347 1639 omnibus
3377 1599 3498 1653 qua:
3535 1582 3617 1636 fe-

2036 1677 2111 1732 cit
2164 1692 2397 1747 magnus
2445 1679 2737 1742 Antonius,
2766 1678 2992 1747 ipseque
3033 1678 3082 1731 ei
3127 1677 3370 1730 narravit
3410 1674 3612 1728 omnia.

2041 1767 2188 1823 Dixit
2228 1777 2411 1823 autem
2450 1767 2790 1838 Epiphanius
2817 1768 3128 1839 Paphnutio
3159 1788 3171 1822 :
3202 1767 3333 1822 Volo
3373 1767 3618 1821 habitare

2043 1860 2096 1913 in
2124 1874 2190 1913 eo
2214 1859 2336 1913 loco
2365 1858 2458 1929 qui
2488 1859 2688 1915 dicitur
2725 1858 2918 1914 Nitria.
2945 1858 3286 1928 Paphnutius
3317 1873 3446 1912 vero
3477 1857 3617 1910 dixit

2041 1949 2345 2021 Epiphanio
2377 1970 2391 2006 :
2422 1950 2571 2005 Vade
2606 1966 2794 2016 sanus,
2825 1950 3003 2004 fruere
3036 1950 3302 2019 patribus,
3339 1956 3395 2003 et
3425 1948 3620 2017 collige

2042 2041 2225 2096 fenum
2255 2043 2529 2107 aestivum,
2564 2051 2620 2097 et
2643 2042 2779 2096 vade
2823 2042 2880 2095 in
2913 2042 3145 2096 insulam
3179 2040 3526 2111 Cypriorum,
3561 2047 3617 2091 et

2041 2134 2125 2187 ale
2168 2149 2296 2189 oves
2346 2134 2413 2188 ad
2456 2135 2803 2200 vestimenta,
2833 2143 2887 2189 et
2928 2133 3135 2187 honora
3167 2131 3398 2202 puellos,
3434 2140 3493 2183 ut
3523 2130 3621 2183 tibi

2042 2226 2154 2281 sint
2183 2226 2331 2297 agni.
2362 2225 2489 2281 Haec
2518 2237 2697 2281 autem
2725 2240 2849 2281 cum
2880 2225 3110 2279 dixisset
3146 2224 3504 2294 Paphnutius,
3539 2222 3620 2274 l‘a-

2044 2331 2127 2373 cta
2168 2335 2360 2374 rursus
2390 2320 2660 2385 oratione,
2687 2327 2743 2372 et
2770 2333 2871 2374 nos
2907 2328 3098 2371 mutuo
3133 2316 3423 2386 complexi,
3457 2315 3619 2368 inivi—

356 2413 487 2466 ρων,
517 2398 612 2450 καὶ
640 2399 910 2467 συνάγαγε
936 2399 1127 2471 χόρτον
1152 2399 1383 2470 θερινὸν,
1401 2401 1495 2454 καὶ
1522 2402 1753 2472 πορεύου
1785 2407 1843 2458 ἐν
1862 2410 1929 2478 τῇ

2049 2427 2162 2465 mus
2197 2410 2396 2481 singuli
2430 2426 2590 2465 suum
2622 2410 2741 2463 iter.

354 2492 621 2562 Κυπρίων
654 2494 820 2563 νήσῳ,
856 2494 947 2546 καὶ
971 2494 1139 2564 τρέφε
1186 2494 1434 2565 πρῦδατα
1483 2495 1564 2557 εἰς
1612 2496 1921 2568 ἱματισμὸν,
1962 2505 2056 2556 καὶ
2109 2505 2245 2574 τίμα
2300 2504 2517 2566 παῖδας,
2579 2504 2667 2556 ἵνα
2704 2497 2835 2555 ὦσιν
2863 2503 2913 2555 oi
2944 2501 3125 2574 ἄρνες.
3158 2499 3342 2552 Ταῦτα
3370 2498 3426 2550 δὲ
3458 2497 3626 2550 εἰπὼν

356 2583 714 2651 Παφνούτιος,
742 2584 835 2638 καὶ
865 2584 1022 2638 πάλιν
1053 2583 1337 2655 εὐξάμενοι
1370 2586 1741 2655 ήσπασάμεθα
1764 2589 2025 2661 ἀλλήλους
2058 2596 2151 2647 καὶ
2180 2593 2556 2666 ἐπορεύθημεν
2583 2594 2813 2657 ἕκαστος
2852 2594 2951 2663 τὴν
2981 2590 3101 2645 ὁδὸν
3129 2588 3315 2643 αὑτοῦ.

428 2676 557 2729 KZ'.
597 2672 707 2727 Ἦν
734 2674 790 2727 δὲ
817 2677 873 2727 ὲν
902 2678 1014 2738 τοῖς
1050 2675 1233 2738 τόποις
1266 2677 1379 2738 τοῖς
1410 2674 1540 2744 περὶ
1587 2678 1938 2733 Λεοντόπολιν

358 2765 497 2837 ἀνὴρ
532 2766 686 2836 παρά
723 2782 833 2818 τισι
868 2766 1219 2837 νομιζόμενος
1244 2766 1467 2835 ἀγαθὸς,
1496 2768 1592 2821 καὶ
1639 2770 1943 2841 πρόγνωσιν

359 2857 499 2927 ἔχων
549 2857 722 2911 Θεοῦ·
765 2858 828 2910 τὸ
858 2858 915 2911 δὲ
946 2858 1119 2928 ὄνομα
1164 2858 1329 2911 αὑτοῦ
1382 2858 1631 2913 ἐκαλεῖτο
1670 2861 1940 2931 Ίεράκας.

361 2949 497 3020 Περὶ
529 2948 721 3002 τούτου
748 2950 807 3002 ὲν
852 2952 918 3020 τῇ
949 2949 1277 3020 Παλαιστίνῃ
1330 2950 1563 3020 ἤκουσεν
1606 2951 1942 3020 Ἐπιφάνιος,

362 3042 458 3094 καὶ
508 3040 671 3095 πόθον
715 3036 863 3111 εἶχεν
907 3040 1096 3094 τοῦτον
1129 3040 1274 3097 ἰδεῖν.
1294 3042 1526 3112 Ὁμοίως
1557 3045 1652 3096 καὶ
1697 3045 1944 3115 Ἱεράκας

2114 2683 2329 2738 XXVII.
2372 2682 2430 2737 In
2476 2685 2609 2739 locis
2654 2693 2857 2743 autem,
2890 2696 3013 2752 qua:
3056 2686 3185 2735 sunt
3217 2678 3363 2733 circa
3395 2676 3628 2730 Leonta“

2044 2777 2229 2847 politn,
2254 2790 2371 2832 erat
2404 2778 2486 2831 vir
2517 2777 2761 2846 quidam,
2795 2777 2888 2846 qui
2927 2774 3068 2844 apud
3109 2773 3321 2842 aliquos
3355 2769 3629 2825 existima-

2045 2868 2206 2921 batur
2226 2867 2422 2934 bnnus,
2445 2876 2498 2921 et
2514 2867 2609 2921 Dei
2630 2866 2829 2921 habere
2859 2864 3253 2935 praescientiam
3288 2880 3301 2916 :
3332 2861 3628 2915 vocabatur

2046 2974 2173 3014 vero
2218 2959 2439 3014 nomine
2483 2957 2704 3013 Hierax.
2750 2956 2827 3012 De
2868 2972 2935 3010 eo
2989 2956 3041 3009 in
3086 2954 3377 3010 Palaestina
3422 2952 3631 3006 audivit

2045 3050 2397 3119 Epiphanius,
2437 3058 2492 3104 et
2537 3066 2663 3105 eum
2712 3048 3049 3103 desideravit
3102 3045 3309 3100 videre.
3366 3042 3631 3096 Similiter

363 3134 596 3203 ήκουσεν
648 3132 779 3202 περί¹
818 3129 1267 3203 Ἐπιφανίου.⁷Ην
1304 3134 1361 3187 δὲ
1391 3130 1543 3198 οὗτος
1575 3134 1680 3199 ἔξω
1715 3138 1942 3190 Λεοντο-

2049 3140 2244 3195 llierax
2293 3156 2512 3211 quoque
2566 3140 2773 3195 audivit
2820 3139 2887 3193 de
2930 3137 3250 3206 Epiphanio.
3284 3133 3415 3187 Erat
3449 3146 3627 3187 autem

362 3225 594 3288 πόλεως,
621 3224 697 3287 ὡς
746 3225 854 3278 ἀπὸ
904 3225 1129 3295 σημείου
1173 3226 1325 3288 ἑνός·
1358 3220 1511 3290 οὗτος
1558 3227 1836 3281 ἐδίδασκεν
1873 3229 1947 3300 μὴ

364 3316 689 3370 ἀνίστασθαι
710 3317 913 3387 ταύτην
934 3316 1033 3387 ’μὴν
1063 3317 1260 3387 σάρκα,
1285 3317 1399 3370 ἀλλ’
1415 3318 1610 3388 ἑτέραν
1639 3318 1805 3391 ἄλλην
1832 3322 1945 3373 ἀντ’

366 3408 561 3478 αὑτῆς,
590 3410 685 3462 καὶ
729 3409 935 3479 ταύτην
981 3410 1061 3471 είς
1105 3410 1209 3480 γῆν
1256 3409 1591 3475 διαλύεσθαι,
1624 3412 1708 3464 ὄτι
1743 3413 1949 3484 γέγρα-

368 3516 540 3554 πταιο
589 3496 682 3567 Γῆ
723 3496 799 3564 εἴ,
828 3500 927 3553 καὶ
974 3503 1061 3566 εἰς
1106 3500 1224 3570 γῆν
1267 3502 1602 3571 ἀπελεύσῃ.
1646 3504 1756 3557 Καὶ
1788 3505 1951 3558 πάλιν

366 3589 580 3657 ἔλεγεν,
611 3590 693 3643 ὅτι
740 3588 811 3642 τὰ
854 3588 1042 3642 παιδία
1090 3588 1165 3660 μὴ
1214 3589 1396 3643 τέλεια
1431 3591 1699 3662 ὑπάρχειν
1733 3593 1826 3645 ἐπὶ
1857 3593 1951 3646 τοῦ

374 3683 661 3754 μέλλοντος
682 3681 895 3743 αἰῶνος.
938 3679 1295 3737 Είσελθόντων
1325 3676 1416 3733 οὖν
1448 3682 1606 3751 ἡμῶν
1645 3684 1702 3736 ὲν
1734 3683 1812 3753 τῷ
1844 3702 1955 3754 μο-

370 3773 650 3844 ναστηρίῳ
677 3770 841 3825 αὑτοῦ
870 3770 1157 3842 ηὑράμεθα
1186 3770 1361 3842 πλήθη
1398 3772 1566 3826 πολλὰ
1592 3772 1956 3844 διδασκόμενα

374 3868 469 3922 ὑπ’
493 3860 792 3920 αὑτοῦῘΗν
818 3863 928 3935 γὰρ
959 3862 1293 3933 ἀπεχόμενος
1321 3862 1577 3933 βρώσεως
1618 3865 1714 3917 καὶ
1743 3864 1955 3928 πόσεως

375 3960 597 4023 ἱκανῶς.
633 3957 770 4013 Οὔτε
810 3957 921 4027 γὰρ
968 3954 1147 4009 ἐλαίου
1189 3954 1620 4025 μετελάμϐανεν,
1649 3954 1772 4009 οὔτε
1814 3957 1954 4008 οίνου

375 4052 529 4118 ἐξότε
562 4049 1004 4116 ἀπετάξατο.’ος
1046 4043 1139 4100 οὖν
1190 4047 1302 4101 ἴδεν
1337 4048 1428 4101 τὸν
1474 4050 1810 4118 Ἐπιφάνιον,
1859 4052 1958 4102 ἐπ-

375 4141 663 4213 ηρώτησεν
692 4140 856 4193 πόθεν
902 4138 1068 4193 ἐστίν.
1102 4139 1213 4191 Καὶ
1240 4137 1428 4207 μαθὼν
1456 4140 1540 4192 ὃτι
1580 4140 1981 4203 Παλαιστινὸς,

372 4233 663 4305 ἠρώτησεν
696 4234 791 4286 καὶ
823 4231 884 4285 τό
917 4232 1089 4302 ὄνομα
1109 4246 1122 4259 ·
1171 4232 1266 4284 καὶ
1300 4230 1486 4302 μαθὼν
1527 4233 1609 4286 ὅτι
1644 4233 1959 4303 Ἐπιφάνιος

376 4325 644 4388 καλεῖται,
677 4324 979 4393 ἠγωνίασεν
1026 4318 1296 4376 πολύῘΗν
1339 4323 1451 4394 γὰρ
1502 4325 1561 4375 ἐν
1602 4323 1862 4395 Αἰγύπτῳ
1891 4324 1962 4378 τὰ

374 4418 650 4487 λεγόμενα
693 4416 823 4485 περὶ
864 4414 1202 4484 Ἐπιφανίου,
1235 4415 1318 4468 ὅτι
1346 4415 1526 4483 λόγιός
1550 4416 1668 4470 ἐστι
1698 4416 1792 4468 καὶ
1829 4416 1962 4485 πρό-

2048 3232 2170 3300 ejus
2207 3234 2405 3288 domus
2455 3232 2522 3286 ad
2564 3247 2735 3286 unum
2778 3229 3011 3299 lapidem
3046 3237 3200 3281 extra
3228 3224 3625 3293 Leontopolim.

2050 3322 2101 3377 ls
2131 3324 2363 3378 docebat
2392 3324 2532 3377 hanc
2563 3336 2779 3376 carnem
2815 3337 2924 3374 non
2967 3332 3270 3388 resurgere,
3309 3316 3402 3371 sed
3438 3330 3535 3385 pro
3566 3330 3631 3369 ea

2051 3416 2233 3481 aliam,
2261 3424 2316 3468 et
2372 3418 2511 3469 hanc
2570 3415 2625 3467 in
2686 3425 2881 3467 terram
2938 3412 3184 3466 dissolvi.
3219 3408 3494 3479 Scriptum
3549 3417 3634 3462 cst

2052 3510 2220 3572 enim,
2252 3507 2448 3575 inquit,
2484 3504 2743 3578 Terra‘es,
2768 3513 2818 3558 et
2847 3505 2903 3557 in
2925 3513 3121 3557 terram
3144 3504 3410 3557 reverteris
3425 3502 3465 3554 '.
3488 3499 3630 3553 Rur-

2054 3613 2257 3668 susque
2285 3596 2519 3658 dicebat,
2553 3594 2791 3650 infantes
2838 3608 2949 3648 non
2999 3592 3212 3647 futuros
3258 3591 3527 3662 perfectos
3576 3592 3632 3644 in

2054 3691 2235 3745 futuro
2267 3689 2488 3744 saeculo.
2524 3686 2790 3757 Ingressis
2818 3696 2999 3740 autem
3023 3685 3183 3739 nobis
3211 3685 3265 3737 in
3299 3684 3420 3753 ejus
3445 3697 3634 3737 mona-

2056 3782 2307 3845 sterium,
2339 3779 2648 3833 invenimus
2678 3790 2929 3846 magnam
2962 3774 3389 3836 multitudinem,
3417 3786 3539 3841 quae
3565 3772 3636 3824 ab

2056 3888 2122 3927 eo
2150 3872 2469 3927 dccebatur.
2512 3868 2728 3924 Etenim
2764 3883 2795 3921 a
2825 3866 2950 3921 cibo
2980 3880 3199 3935 quoque
3224 3873 3278 3919 et
3303 3873 3430 3934 potu
3463 3862 3637 3917 absti-

2056 3966 2240 4019 nebat.
2270 3961 2457 4032 Neque
2484 3962 2630 4016 enim
2678 3959 2860 4014 oleum
2905 3959 3163 4026 sumpsit,
3200 3969 3303 4010 nec
3331 3954 3515 4008 vinum
3557 3953 3636 4006 bi-

2058 4059 2157 4124 bit,
2190 4072 2258 4111 ex
2293 4072 2402 4127 quo
2433 4055 2637 4109 mundo
2672 4052 3026 4108 renuntiavit.
3066 4049 3358 4118 Postquam
3392 4060 3522 4115 ergo
3548 4043 3631 4097 vi-

2058 4149 2138 4205 dit
2182 4147 2565 4218 Epiphanium,
2598 4145 2808 4212 rogavit
2853 4142 3140 4211 cujasnam
3171 4146 3337 4193 esset.
3384 4135 3633 4205 Cumque

2060 4217 2309 4299 scivisset
2342 4217 2468 4295 eum
2512 4254 2633 4294 esse
2659 4236 3031 4299 Palaestinum,
3067 4247 3265 4288 nomen
3304 4243 3522 4301 quoque
3553 4243 3634 4283 ro-

2062 4333 2374 4406 gavit.Cum
2404 4342 2580 4387 autem
2601 4330 2881 4385 didicisset
2898 4343 3022 4382 eum
3037 4324 3219 4380 vocari
3242 4322 3631 4393 Epiphanium,

2063 4425 2166 4479 fuit
2190 4423 2347 4478 valde
2377 4422 2594 4476 anxius.
2631 4420 2687 4472 In
2738 4418 2970 4489 [Egypto
3008 4417 3156 4472 enim
3202 4414 3487 4470 dicebatur
3515 4412 3635 4482 Epi-

376 4526 581 4580 γνωσιν
625 4508 760 4578 ἔχει.
806 4505 959 4559 Μετὰ
987 4502 1078 4559 οὖν
1104 4506 1165 4558 τὸ
1197 4506 1543 4577 ἐπερωτῆσαι
1591 4505 1681 4559 τὸν
1726 4506 1950 4573 Ἐπιφά-

2063 4515 2297 4585 pbanius
2336 4527 2457 4568 esse
2496 4512 2580 4565 vir
2621 4510 2834 4573 doctus,
2866 4518 2921 4562 et
2967 4506 3167 4561 habere
3214 4501 3632 4573 praascientiam.

375 4616 491 4654 νιον
531 4597 596 4651 τὸ
644 4596 808 4650 πόθεν
854 4594 1026 4660 ἐστὶν,
1056 4594 1152 4647 καὶ
1184 4595 1268 4657 τίς
1299 4593 1567 4656 καλεῖται,
1605 4592 1697 4646 καὶ
1748 4590 1955 4662 μαθὼν,

375 4692 659 4746 ἐδίδασκεν
710 4688 873 4742 πάλιν
918 4688 1010 4741 τὸν
1048 4684 1438 4756 δχλον.Ἐλθὼν
1476 4684 1534 4737 δὲ
1567 4684 1696 4755 περὶ
1726 4683 1963 4737 ἀναστά-

379 4800 520 4846 σεως
566 4779 881 4851 ἐξηγεῖσθαι
928 4778 1115 4847 ἔλεγεν
1163 4778 1294 4849 περὶ
1338 4777 1439 4846 τῆς
1483 4776 1706 4847 σαρκὸς,
1737 4778 1821 4829 ὅτι
1862 4775 1962 4827 οὑκ

376 4876 687 4931 ἀνίσταται.
720 4871 831 4925 Καὶ
874 4870 1224 4942 ἀδημονήσας
1267 4868 1581 4936 Ἐπιφόινιος
1630 4864 1782 4921 εἶπεν
1826 4868 1964 4937 πρὸς

392 4968 638 5038 Ἱέρακαο
663 4962 834 5027 Λάϐε,
864 4963 1018 5033 φησὶ,
1047 4962 1299 5032 κατόχιον
1342 4962 1435 5013 ἐπί
1464 4959 1541 5029 τῷ
1578 4958 1807 5030 στόματί
1843 4975 1961 5021 σου,

378 5058 477 5112 καὶ
517 5055 656 5127 μάθε
692 5055 767 5126 μὴ
804 5054 1145 5124 βλασφημεῖν
1174 5053 1303 5124 περὶ
1330 5054 1428 5123 τῆς
1462 5052 1696 5115 ἐλπίδος.
1731 5050 1838 5104 Καὶ
1871 5049 1965 5103 ἐπὶ

376 5150 459 5220 τῷ
522 5148 668 5217 λόγῳ
716 5145 1039 5213 Ἐπιφανίου
1089 5144 1301 5215 ἔμεινεν
1351 5145 1381 5196 ὀ
1426 5143 1677 5214 Ἱεράκας
1744 5139 1963 5203 ἄλαλος,

378 5241 639 5311 ἀκίνητος
684 5240 780 5293 ἐπὶ
810 5238 889 5309 τῷ
924 5237 1335 5307 τόπῳ.Ἰδόντες
1376 5236 1433 5288 δὲ
1468 5235 1706 5298 ἅπαντες
1737 5236 1786 5287 οί
1821 5234 1967 5286 διδα-

380 5333 640 5403 σκόμενοι
685 5332 777 5383 ὑπ’
822 5329 988 5384 αὑτοῦ
1038 5328 1070 5382 ὃ
1118 5327 1374 5397 ἐποίησεν
1414 5326 1730 5395 Ἐπιφάνιος
1780 5324 1965 5395 θαῦμα

380 5424 477 5479 ἐπὶ
526 5424 619 5477 τὸν
656 5423 894 5494 Ἱέρακά,
929 5421 1227 5491 ἐξέστησαν
1270 5415 1865 5483 ἂπαντες.⁹Υπολα6ὼν
1908 5416 1965 5469 δὲ

394 5515 725 5584 Ἐπιφάνιος
757 5513 866 5567 ἀπὸ
897 5513 1008 5567 τῶν
1052 5512 1210 5565 θείων
1244 5511 1476 5584 Γραφῶν
1514 5512 1715 5582 ἤρξατο
1757 5512 1966 5573 πάντας

379 5606 658 5662 διδάσκειν
685 5605 759 5659 τὰ
788 5606 918 5677 περ)⁵
941 5605 1043 5676 τῆς
1075 5606 1446 5670 ἀναστάσεως.
1474 5603 1754 5675 Παρῆλθεν
1777 5599 1869 5658 οὖν
1890 5604 1967 5668 ὡς

456 5784 481 5817 ³
524 5782 661 5841 Gen.
700 5798 781 5849 ιιι,
811 5782 897 5839 19.

2059 4606 2355 4675 Postquam
2383 4617 2512 4658 vero
2547 4600 2755 4671 rogavit
2787 4596 3152 4669 Epiphanium
3199 4594 3482 4663 cujasnam
3543 4590 3635 4652 sit,

2060 4710 2116 4754 et
2140 4698 2233 4768 qui
2261 4705 2505 4758 vocetur,
2545 4694 2755 4748 turbam
2782 4707 2974 4746 rursus
3005 4689 3256 4744 docebat.
3287 4684 3423 4740 Cum
3456 4692 3634 4738 autem

2060 4792 2300 4845 venisset
2322 4789 2387 4843 ad
2422 4785 2804 4857 exponendum
2833 4784 2911 4837 de
2930 4780 3345 4842 resurrectione,
3380 4777 3447 4831 de
3473 4788 3639 4829 carne

2063 4883 2222 4945 dixit,
2250 4896 2371 4935 eam
2403 4895 2510 4933 non
2540 4892 2847 4947 resurgere.
2882 4875 3093 4941 Quibus
3136 4872 3357 4933 auditis,
3389 4881 3529 4936 aegre
3558 4865 3636 4919 fe-

2064 4988 2191 5028 rens
2218 4972 2576 5042 Epiphanius,
2603 4972 2741 5025 dixit
2768 4967 2983 5023 llieraci
3010 4985 3023 5020 :
3049 4964 3142 5020 Οιτὶ
3172 4960 3269 5017 tuo
3300 4960 3529 5014 imtnitte
3551 4972 3633 5010 re-

2064 5065 2345 5136 pagulum,
2372 5074 2427 5118 et
2453 5064 2601 5117 disce
2625 5076 2774 5131 spem
2814 5068 3056 5114 nostram
3087 5070 3194 5110 non
3238 5050 3631 5118 blasphemare.

2064 5157 2221 5225 Quod
2270 5171 2394 5211 cum
2445 5155 2673 5209 dixisset
2711 5151 3074 5221 Epiphanius,
3108 5146 3307 5200 mansit
3334 5141 3532 5195 Hierax
3580 5140 3636 5192 in

2067 5252 2185 5305 loco
2220 5258 2406 5303 mutus
2433 5260 2486 5302 et
2517 5245 2835 5301 immobilis.
2865 5243 3004 5297 Cum
3047 5254 3177 5294 vero
3204 5252 3413 5299 omnes,
3446 5232 3536 5303 qui
3571 5232 3638 5285 ab

2068 5344 2190 5413 ipso
2238 5343 2596 5405 docebantur,
2648 5339 2911 5393 vidissent
2980 5333 3300 5389 miraculum
3387 5327 3528 5397 quod
3583 5326 3635 5378 in

2064 5436 2242 5505 ipsum
2293 5433 2419 5489 fecit
2466 5431 2824 5502 Epiphanius,
2868 5429 3291 5495 obstupuerunt.
3327 5419 3408 5473 Ex
3437 5419 3639 5472 divinis

2066 5540 2242 5582 autem
2278 5525 2574 5595 Scripturis
2603 5523 2876 5591 accipiens
2907 5516 3270 5589 Epiphanius,
3313 5512 3479 5582 cmpit
3517 5526 3639 5565 om—

2067 5637 2163 5675 nes
2211 5619 2407 5675 docere
2450 5618 2515 5673 de
2546 5616 2963 5671 resurrectione.
3011 5608 3278 5667 Pratariit
3325 5604 3491 5679 igitur
3535 5603 3638 5657 ali-
