4088 6362
462 319 533 377 59
1774 328 1831 383 s.
1876 320 2216 381 EPIPHANII
2258 321 2439 377 vrrA.
3643 320 3712 373 50

456 450 588 509 quot
614 439 872 493 horarum
905 440 1163 509 spatium,
1203 449 1259 496 et
1291 450 1475 497 mutus
1515 442 1872 511 permanebat
1910 440 2033 495 Hie-

2136 435 2289 506 ὼρῶν
2321 435 2488 507 τριῶν
2516 435 2790 506 διάστημα
2807 452 2821 465 ·
2856 438 2952 489 καὶ
2977 432 3044 507 ἦν
3080 436 3326 507 Ἰεράκας
3349 436 3574 502 ἄναυδος
3592 440 3711 495 δια-

457 547 576 584 rax.
608 530 739 585 Post
766 532 881 587 haec
906 542 1086 588 autem
1126 534 1261 588 dixit
1298 535 1346 588 ei
1374 533 1714 605 Epiphanius
1747 555 1761 589 :
1789 534 2032 602 Loquere

457 638 649 678 verum.
673 640 1003 688 sermonem,
1026 638 1078 681 et
1105 626 1231 680 audi
1260 626 1469 681 ﬁrmam
1493 643 1557 682 ac
1582 627 1827 682 stabilem
1850 626 2029 681 ﬁdem.

458 715 613 772 Tunc
659 733 717 772 se
744 721 1023 773 excusavit
1061 719 1281 786 Hterax,
1314 721 1505 776 dicens
1531 737 1590 776 se
1621 735 1742 776 esse
1769 721 1981 790 lapsum
2014 735 2030 777 ξ

460 812 727 877 paenitere
759 819 943 867 autem
971 824 1235 881 proterva:
1262 813 1409 869 illius
1441 814 1744 869 sententiae.

531 984 763 1039 XXVIII.
805 986 1156 1045 Discedentes
1204 1006 1334 1045 vero
1385 991 1726 1063 Leontopoli,
1754 993 1950 1047 ivimus
1977 994 2033 1049 in

459 1080 791 1149 superiorem
821 1080 1169 1137 Thebaidem.
1201 1083 1331 1139 Erat
1360 1094 1541 1139 autem
1577 1086 1686 1140 illic
1707 1086 1789 1140 vir
1829 1087 2030 1157 juStus,

456 1167 695 1224 Joannes
730 1170 969 1225 nomine.
1010 1171 1075 1227 Et
1109 1189 1233 1227 cum
1260 1175 1325 1227 ad
1348 1188 1474 1229 eum
1498 1175 1731 1245 ingressi
1761 1192 2030 1243 essemus,

458 1276 558 1315 nos
592 1261 821 1333 benigne
850 1264 1077 1332 accepit.
1109 1263 1355 1319 Fuerunt
1398 1276 1579 1322 autem
1612 1269 1830 1337 quidam
1861 1284 1928 1323 ex
1965 1269 2033 1324 iis

456 1352 551 1419 qui
606 1351 662 1405 in
711 1352 817 1407 illis
847 1353 984 1407 locis
1013 1354 1351 1420 habitabant,
1386 1358 1479 1425 qui
1509 1357 1560 1412 ei
1590 1360 1879 1428 quemdam
1911 1360 2031 1413 alli-

459 1452 653 1509 garant
679 1444 1099 1507 adolescentem,
1132 1454 1189 1500 ut
1214 1458 1475 1502 maneret.
1505 1449 1555 1503 Is
1584 1465 1714 1503 vero
1738 1451 2033 1506 vexabatur

458 1534 528 1587 ab
581 1536 863 1590 immundo
906 1540 1122 1607 spiritu.
1174 1538 1471 1608 Postquam
1524 1551 1701 1595 autem
1736 1542 1868 1595 vidit
1901 1541 2031 1611 Epi-

459 1627 741 1695 phanium,
773 1627 910 1683 dixit
931 1629 979 1683 ei
1014 1646 1207 1699 magna
1236 1646 1370 1686 voce
1402 1649 1415 1685 :
1452 1631 1561 1686 Cur
1595 1633 1700 1687 huc
1728 1633 2030 1701 accessisti,

461 1716 749 1787 Epiphani,
771 1718 864 1773 Dei
892 1722 1080 1774 serve?
1101 1720 1407 1792 Mansitque
1434 1722 1504 1777 ab
1532 1722 1661 1777 hora
1688 1732 1837 1777 sexta
1861 1739 2033 1794 usque

2137 528 2333 596 μένων.
2362 525 2513 579 Μετὰ
2542 526 2599 579 δέ
2624 526 2796 578 ταῦτα
2819 522 2972 579 εἶπεν
3008 528 3322 596 Ἐπιφάνιος
3357 529 3495 601 πρὸς
3520 531 3708 585 αὐτόν’

2072 626 2083 641 '
2132 616 2295 669 Λάλει
2343 617 2436 669 τὸν
2478 615 2632 683 λόγον
2680 614 2876 687 ἀληθῆ,
2907 617 2999 669 καὶ⁵
3050 616 3215 669 ἄκουε
3263 616 3359 688 τὴν
3400 619 3580 675 πίστιν
3622 620 3713 689 βε-

2133 708 2311 762 ϐαίαν.
2344 708 2476 760 Τότε
2521 709 2765 779 Ἱεράκας
2806 707 3201 776 ἀπελογήσατο,
3242 708 3505 777 ἐσφάλθαι
3537 710 3711 777 λέγων

2132 799 2268 870 πρὸς
2302 798 2647 867 Ἐπιφάνιον,
2672 797 2811 852 ἀλλά
2858 800 3140 867 μετανοεῖν
3183 798 3291 850 ἀπὸ
3332 802 3432 870 τῆς
3472 801 3710 854 ἀτάκτου

2132 890 2357 961 γνώμης
2382 889 2616 960 ἐκείνης.

2203 983 2340 1035 ΚΗ¹.
2395 982 2727 1053 ’Δπάραντες
2753 977 2846 1035 οὖν
2874 980 2982 1035 ἀπὸ
3019 981 3451 1049 Λεοντοπόλεως,
3477 984 3711 1055 ἐπορεύ-

2134 1074 2198 1145 θη
2209 1091 2308 1145 μεν
2340 1076 2421 1138 είς
2447 1074 2546 1146 τὴν
2574 1076 2687 1128 ἀνω
2719 1067 3095 1145 Θηϐαϊδα.Ἧν
3122 1073 3178 1126 δὲ
3207 1075 3324 1127 ἐκεῖ
3342 1076 3551 1139 δίκαιος
3571 1077 3711 1149 ἀνὴρ

2145 1166 2396 1236 Ἰωάννης
2440 1166 2681 1237 ὀνόματι.
2714 1166 2825 1218 Kal.
2866 1165 2930 1235 δὴ
2981 1164 3315 1229 εἰσελθόντες
3348 1168 3486 1239 πρὸς
3525 1169 3709 1232 αὐτὸν,

2132 1253 2347 1319 ἐδέξατο
2402 1258 2551 1326 ἡμᾶς
2617 1250 3072 1325 εὐμενῶςῘΗσαν
3110 1255 3168 1308 δέ
3198 1274 3341 1321 τινες
3371 1259 3479 1312 τῶν
3509 1261 3569 1313 ἐν
3598 1264 3712 1324 τοῖς

2131 1348 2319 1410 τόποις
2366 1348 2597 1411 ἐκείνοις
2638 1346 2918 1400 νεανίσκον
2965 1345 3088 1399 τινὰ
3131 1349 3531 1420 προσδήσαντες
3562 1352 3711 1423 αὐτῷ

2134 1437 2750 1511 προσωραμένεινῘΗν
2791 1442 2849 1495 δέ
2880 1444 3041 1508 αὐτὸς
3076 1444 3184 1497 ὐπὸ
3217 1442 3525 1513 πνεύματος
3575 1446 3712 1501 ἀκα-

2134 1530 2334 1602 θάρτου
2390 1530 2792 1601 ἐνοχλούμενος.
2811 1533 2899 1596 Ὠς
2946 1530 3041 1587 οὖν
3093 1534 3199 1586 ῖδεν
3244 1534 3335 1586 τὸν
3374 1533 3708 1602 Ἐπιφάνιον,

2135 1621 2317 1690 ἔλεγεν
2369 1622 2504 1693 πρὸς
2536 1622 2697 1677 αὐτὸν
2734 1624 2943 1696 μεγάλῃ
2974 1629 3038 1696 τῇ
3087 1627 3238 1696 φωνῇ
3260 1642 3275 1656 ο
3314 1624 3378 1676 Τί
3408 1627 3709 1696 παρεγένου

2136 1713 2390 1777 ἐνταῦθα,
2407 1714 2710 1783 Ἐπιφάνιε,
2739 1713 2890 1767 δοῦλε
2924 1715 3016 1767 τοῦ
3034 1715 3204 1782 Θεοῦ;
3238 1716 3493 1786 Ἐμεινεν
3517 1716 3572 1769 δέ
3603 1717 3711 1771 ἀπὸ

460 1809 525 1862 ad
577 1825 775 1863 nonam
816 1810 896 1865 sic
936 1812 1203 1868 clamans.
1246 1822 1301 1867 et
1337 1822 1557 1883 repente
1600 1824 1761 1884 rupto
1790 1816 2029 1881 vinculo,

2136 1808 2280 1877 ὥρας
2302 1806 2466 1875 ἕκτης
2491 1806 2595 1869 ἐως
2618 1806 2766 1879 ὧρας
2797 1808 2992 1878 ἐνάτης
3014 1808 3187 1872 οὕτως
3218 1805 3567 1876 ἀποκράξων.
3597 1809 3710 1861 Καὶ

458 1901 702 1956 cucurrit
730 1901 799 1955 ad
834 1902 1215 1971 Epiphanium.
1271 1902 1566 1960 Prehensis
1592 1916 1773 1961 autem
1803 1908 2033 1975 pedibus

460 1991 768 2062 Epiphanii,
803 1994 1094 2061 clamabat,
1122 1995 1309 2051 dicens
1340 2015 1353 2049 :
1388 1996 1582 2051 Libera
1626 2013 1731 2061 me,
1761 2013 1895 2069 rogo
1938 2014 2034 2069 per

462 2084 628 2139 Deum
674 2100 836 2154 quem
862 2086 1019 2141 colis.
1052 2087 1268 2143 Dixerat
1290 2104 1420 2143 vero
1442 2088 1775 2158 Epiphanius
1805 2090 2036 2145 immun-

459 2177 530 2231 do
560 2178 794 2246 spiritui,
832 2187 892 2231 ut
921 2179 998 2247 (α)
1045 2180 1218 2233 exiret
1243 2180 1313 2233 ab
1344 2181 1583 2241 homine,
1618 2182 1691 2235 ita
1716 2190 1776 2235 ut
1802 2197 1905 2237 non
1941 2196 2034 2237 co-

460 2279 749 2338 gnosceret
798 2268 1038 2325 Joannes
1082 2269 1468 2341 Epiphanium.
1516 2272 1662 2327 Dixit
1697 2283 1877 2327 autem
1908 2272 2035 2344 Epi-

461 2359 693 2427 phanius
720 2359 1049 2414 adolescenti
1086 2378 1099 2413 :
1133 2359 1329 2423 Homo,
1354 2376 1514 2430 surge
1548 2380 1560 2415 :
1597 2363 1725 2431 quid
1772 2363 1904 2417 mihi
1934 2378 2031 2418 ex-

461 2452 614 2504 hibes
640 2450 988 2505 molestiam?
1022 2450 1217 2505 Statim
1239 2461 1420 2506 autem
1448 2468 1616 2507 sanus
1642 2454 1879 2509 surrexit
1901 2455 2035 2509 ado—

459 2543 693 2606 Iescens,
726 2559 848 2598 cum
876 2544 1194 2599 immundus
1222 2546 1447 2599 exiisset
1479 2545 1876 2613 spiritus.'I‘res
1905 2561 2033 2601 vero

459 2631 579 2687 dies
613 2636 917 2688 mansimus
944 2635 1087 2703 apud
1115 2633 1402 2698 Joannem,
1431 2636 1606 2689 virum
1636 2638 2030 2701 admirabilem,

458 2734 514 2779 et
540 2726 671 2791 vita,
705 2741 826 2796 qua:
873 2742 939 2781 ex
990 2727 1188 2782 virtute
1234 2727 1512 2797 agebatur,
1558 2736 1833 2781 ornatum.
1882 2727 2035 2785 Illinc

459 2825 639 2872 autem
688 2819 1022 2883 recedentes.
1055 2820 1303 2873 venimus
1350 2818 1418 2873 ad
1468 2817 1709 2882 Bneolia,
1736 2828 1792 2875 et
1828 2830 2031 2889 septem

458 2924 634 2964 annos
661 2910 771 2963 illic
804 2910 1171 2979 transegimus
1205 2929 1217 2965 :
1256 2926 1619 2980 magnamque
1651 2912 1761 2966 illic
1800 2910 2035 2982 Epipha-

461 3002 553 3057 nio
588 3003 891 3058 molestiam
920 3004 1197 3072 praebuere
1223 3018 1317 3072 per
1351 3004 1817 3073 congressionem.

531 3174 724 3231 XXIX.
763 3176 1069 3245 Aliquando
1115 3174 1340 3245 quidam
1386 3176 1769 3246 philosophus,
1812 3177 2034 3231 nomine

464 3264 778 3333 Eudzemon,
820 3268 1052 3321 accessit
1090 3270 1158 3321 ad
1208 3266 1597 3336 Epiphanium,
1651 3279 1705 3321 et
1751 3283 2033 3323 sermones

464 3358 607 3410 inter
634 3372 693 3411 se
718 3358 1016 3412 contulere.
1062 3356 1396 3426 Epiphanius
1426 3359 1643 3427 quidem
1678 3374 1745 3414 ex
1790 3359 2038 3429 Scriptu-

464 3450 542 3503 ris
574 3450 835 3505 divinitus
866 3451 1166 3519 inspiratis,
1198 3449 1490 3505 Eudaamon
1529 3461 1710 3506 autem
1740 3467 1837 3522 per
1871 3452 2038 3506 inuti-

464 3544 569 3598 lem
609 3544 1012 3598 contentionem
1042 3543 1346 3597 disserebat
1393 3553 1582 3598 contra
1627 3560 1691 3598 ea
1727 3560 1848 3613 quae
1890 3545 2037 3599 dice-

466 3636 557 3689 bat
594 3633 949 3704 Epiphanius.
1010 3632 1359 3704 Ilabebatque
1416 3634 1710 3690 Eudaemon
1767 3650 2032 3703 puerum;

463 3729 691 3797 ejusque
718 3727 912 3782 oculus
935 3737 1053 3781 erat
1071 3728 1313 3783 clausus.
1345 3727 1490 3782 Dixit
1509 3736 1691 3783 autem
1715 3727 2036 3782 Eudaemoni

465 3818 799 3888 Epiphanius
831 3838 843 3873 :
880 3818 1041 3885 Ecce,
1068 3836 1101 3873 ο
1124 3820 1466 3890 philosophe,
1494 3836 1658 3890 supra
1692 3835 1883 3875 omnes
1919 3821 2036 3874 elo-

465 3908 687 3976 quentia
714 3909 884 3977 polles
908 3917 963 3962 et
990 3908 1214 3970 divitiis,
1246 3920 1483 3978 suntque
1512 3910 1654 3979 apud
1688 3918 1739 3963 te
1770 3909 1847 3963 dii
1887 3924 2037 3964 com—

468 3999 671 4066 plures.
704 3998 815 4053 Cur
851 3999 1004 4068 pueri
1052 4014 1183 4069 ergo
1232 4016 1419 4054 curam
1466 4016 1573 4054 non
1611 4001 1774 4069 geris,
1826 4011 1884 4054 ut
1919 4001 2038 4069 ejus

468 4106 685 4161 quoque
726 4090 835 4144 sint
861 4091 978 4144 sani
1011 4092 1198 4145 oculi?
1229 4090 1305 4146 De
1354 4092 1459 4147 hoc
1504 4092 1626 4147 risit
1656 4092 2034 4163 philosophus,

468 4182 655 4237 dicens
700 4180 1043 4251 Epiphanio:
1079 4183 1136 4237 Si
1184 4184 1287 4238 sub
1336 4184 1476 4239 caelo
1521 4194 1666 4239 esset
1699 4186 1850 4241 solus
1894 4186 2045 4240 [ilius

471 4271 834 4331 Eudaemonis.
879 4274 970 4343 qui
1018 4290 1183 4328 unum
1234 4275 1459 4329 haberet
1496 4275 1738 4341 oculum,
1783 4275 1906 4345 jure
1948 4291 2036 4331 es-

471 4377 585 4416 sem
610 4362 676 4415 de
704 4377 770 4416 eo
790 4363 1090 4429 sollicitus;
1124 4365 1390 4418 innumeri
1421 4380 1548 4419 vero
1576 4380 1698 4419 cum
1724 4367 1832 4420 sint
1852 4367 1945 4436 qui
1970 4381 2038 4421 ne

2135 1898 2392 1969 ἐξαίφνης
2416 1899 2713 1970 διαρρήξας
2735 1900 2844 1953 τῶν
2865 1900 3101 1970 δεσμῶν,
3126 1901 3362 1973 ἔδραμεν
3392 1902 3528 1972 πρὸς
3558 1901 3712 1953 Ἐπι-

2135 1991 2343 2060 φάνιον.
2382 1990 2576 2043 Λαϐὼν
2596 1990 2652 2043 δὲ
2684 1990 2791 2043 τῶν
2824 1992 2997 2046 ποδῶν
3027 1993 3213 2056 αὐτοῦ,
3248 1993 3476 2065 ἔκραξεν
3500 1993 3672 2060 λέγων
3692 2010 3706 2022 ·

2147 2080 2441 2133 Ἀπόλυσόν
2475 2097 2564 2151 με,
2596 2081 2682 2135 διά
2706 2081 2796 2134 τὸν
2826 2083 2977 2149 Θεὸν,
3007 2082 3067 2135 ὃν
3096 2083 3160 2136 σύ
3190 2079 3457 2156 σέὂῃέἮν
3477 2084 3533 2137 δέ
3560 2084 3710 2137 Ἐπι-

2136 2172 2323 2241 φάνιος
2368 2171 2537 2225 εἰπὼν
2579 2174 2655 2243 τῷ
2700 2172 2995 2245 ἀκαθάρτῳ
3044 2175 3336 2245 πνεύματι,
3370 2176 3443 2246 μὴ
3476 2173 3710 2239 ἐξελθεῖν

2134 2263 2241 2316 ἀπὸ
2283 2262 2377 2315 τοῦ
2423 2261 2734 2333 ἀνθρώπου,
2766 2264 2914 2327 ὅπως
2947 2265 3020 2334 μὴ
3046 2264 3157 2335 γνῷ
3190 2267 3441 2337 Ἰωάννης
3469 2266 3537 2319 τά
3570 2266 3712 2319 κατά

2131 2355 2224 2408 τὸν
2263 2355 2595 2424 Ἐπιφάνιον.
2631 2351 2798 2410 Εἶπεν
2846 2356 2902 2408 δὲ
2946 2358 3260 2424 Ἐπιφάνιος
3302 2358 3440 2427 πρὸς
3469 2358 3562 2412 τὸν
3589 2374 3712 2411 vsa-

2133 2448 2334 2501 νίσκον·
2373 2448 2628 2512 Ἀνάστα,
2660 2448 2936 2519 ἄνθρωπε,
2967 2449 3019 2501 τί
3052 2449 3255 2512 κόπους
3288 2467 3376 2519 μοι
3409 2450 3703 2520 παρέχειςς

2133 2539 2349 2605 Εὐθέως
2396 2536 2488 2594 οῦν
2532 2541 2727 2611 ἀνέστη
2758 2544 2786 2594 6
2813 2542 3092 2603 νεανίσκος
3126 2542 3285 2612 ὑγιὴς
3306 2582 3319 2605 ,
3341 2542 3434 2594 τοῦ
3469 2544 3712 2613 ἀκαθάρ-

2132 2649 2225 2684 του
2275 2632 2583 2702 πνεύματος
2620 2632 2926 2697 ἐξελθόντος
2958 2634 3054 2686 ἀπ’
3080 2632 3268 2686 αὐτοῦ.
3295 2634 3623 2705 Ἐμείναμεν
3652 2636 3711 2689 δὲ

2132 2726 2279 2791 τρεῖς
2306 2724 2516 2796 ἡμέρας
2555 2723 2705 2794 παρά
2735 2722 2815 2792 τῷ
2840 2724 3078 2793 Ἰωάννῃ,
3115 2723 3267 2793 ἀνδρὶ
3298 2722 3593 2795 θαυμαστῷ
3615 2725 3711 2779 καὶ

2134 2816 2377 2888 εὐαρέτῳ
2405 2816 2650 2886 πολιτείᾳ
2673 2816 3089 2886 κεκοσμημένῳ.
3120 2816 3456 2885 Ἀπάραντες
3476 2817 3534 2869 δὲ
3568 2819 3710 2870 ἐκεῖ·

2134 2908 2226 2961 θεν
2270 2907 2610 2979 κατήλθομεν
2658 2908 2752 2959 ἐπὶ
2801 2909 2870 2960 τά
2918 2907 3198 2971 Βουκόλια,
3236 2908 3328 2960 καὶ
3376 2909 3713 2978 ἐποιήσαμεν

2134 3002 2249 3053 ἐκεῖ
2282 3000 2324 3064 ζ’
2355 3000 2481 3069 ἐτη⁸
2528 2998 2623 3052 καὶ
2664 2998 2834 3053 πολὺν
2880 2999 3048 3052 κόπον
3075 3000 3238 3053 κάκεῖ
3274 3002 3533 3071 παρεῖχον
3562 3002 3712 3054 Ἐπι-

2059 3143 2101 3199 C
2136 3092 2310 3163 φανίῳ
2331 3091 2418 3144 διά
2450 3090 2550 3199 τῇς
2567 3090 2896 3199 τσυντυξίας.

2208 3177 2335 3232 ΚΘ’.
2372 3175 2506 3228 [Ιοτέ
2534 3171 2627 3228 οὖν
2658 3174 2946 3245 φιλόσοφός
3020 3192 3097 3238 τις
3147 3175 3373 3245 ὀνόματι
3427 3175 3712 3245 Εὐδαίμων

2138 3268 2467 3339 παρεγένετο
2495 3268 2629 3339 πρὸς
2662 3268 3019 3335 Ἐπιφάνιον,
3073 3266 3167 3320 καὶ
3224 3269 3463 3337 συνῇραν
3517 3267 3712 3335 λόγους

2137 3360 2271 3429 πρὸς
2305 3358 2547 3421 ἑαυτούς.
2600 3358 2895 3425 Ἐποίησαν
2930 3358 2989 3410 δὲ
3020 3363 3049 3408 ι’
3078 3358 3288 3429 ἡμέρας
3344 3358 3712 3429 διαλεγόμενοι

2137 3449 2271 3518 πρὸς
2300 3448 2581 3517 ἀλλήλους.
2628 3450 2684 3500 '0
2717 3447 2826 3518 γὰρ
2843 3448 3159 3515 Ἐπιφάνιος
3190 3448 3299 3501 ἀπὸ
3318 3448 3427 3501 τῶν
3457 3448 3713 3503 θεοπνεύ-

2139 3560 2278 3595 στων
2301 3541 2533 3612 Γραφῶν
2561 3541 2659 3611 τὴν
2706 3541 2963 3611 ἀλήθειαν
3008 3541 3359 3595 ἀπεδείκνυεν
3400 3543 3477 3613 τῷ
3524 3544 3712 3596 Εὐδαί-

2142 3651 2261 3704 μονι
2283 3649 2297 3665 ·
2320 3636 2348 3685 6
2379 3632 2435 3684 δὲ
2462 3632 2742 3701 Εὐδαίμων
2768 3631 2855 3684 διά
2879 3631 2979 3700 τῆς
3028 3630 3339 3696 ἀνωφελοῦς
3382 3632 3711 3701 φιλονεικίας

2137 3725 2422 3793 ἀντέλεγεν
2441 3727 2551 3787 τοῖς
2580 3724 2929 3795 λαλουμένοις
2952 3723 3041 3776 διά
3074 3724 3415 3797 Ἐπιφανίου.
3444 3720 3606 3796 Εἷχεν
3653 3727 3711 3779 δὲ

2138 3818 2423 3888 Εὐδαίμων
2450 3817 2630 3880 παῖδα,
2664 3818 2760 3869 καὶ
2810 3816 2998 3868 τούτου
3040 3818 3069 3868 6
3096 3816 3374 3887 ὀφθαλμὸς
3398 3815 3467 3888 ἦν
3496 3820 3710 3872 κεκλει-

2139 3912 2352 3982 σμένος.
2404 3906 2569 3963 Εἶπεν
2597 3910 2653 3962 δὲ
2688 3908 3005 3977 Ἐπιφάνιος
3031 3908 3167 3979 πρὸς
3194 3910 3499 3980 Εὐδαίμονα
3524 3928 3537 3941 ο
3559 3910 3708 3976 Ἰδοὺ,

2139 4004 2415 4073 φιλόσοφε,
2476 4002 2569 4054 ἐπὶ
2603 4003 2768 4054 πᾶσιν
2821 4000 3161 4069 κεκόσμησαι
3211 4001 3307 4054 καὶ
3343 4002 3560 4069 λόγοις,
3617 4004 3709 4055 καὶ

2142 4094 2378 4164 πλούτῳ,
2410 4095 2504 4146 καὶ
2541 4094 2788 4163 περισσοὶ
2809 4091 2920 4143 θεοί
2955 4092 3093 4143 εἰσιν
3126 4092 3276 4163 παρὰ
3304 4093 3405 4146 σοί.
3438 4092 3537 4146 Διά
3567 4094 3618 4147 τί
3649 4094 3709 4146 οὐ

2141 4189 2313 4249 ποιεῖς
2366 4184 2623 4255 φροντίδα
2651 4182 2747 4236 τοῦ
2801 4183 2896 4236 σοῦ
2934 4184 3141 4247 παιδὸς,
3202 4184 3350 4246 ὅπως
3401 4185 3496 4237 καὶ
3533 4185 3582 4236 οἱ
3619 4184 3710 4237 δύο

2139 4277 2407 4347 ὀφθαλμοὶ
2434 4276 2625 4328 τούτου
2648 4271 2789 4346 ἦσαν
2818 4276 3024 4342 ὑγιεῖς;
3066 4275 3188 4327 Ἐπὶ
3221 4274 3381 4327 τοῦτο
3415 4275 3473 4327 δὲ
3510 4278 3538 4327 6
3562 4275 3708 4343 φιλόυ

2140 4387 2302 4438 σοφος
2325 4368 2581 4437 ἐγέλασεν
2609 4366 2783 4434 λέγων
2815 4366 3120 4437 Ἐπιφανίῳ
3144 4384 3157 4396 ’
3188 4366 3251 4419 Εί
3280 4367 3337 4417 ἐν
3355 4369 3419 4436 τῇ
3445 4367 3535 4417 ὐπ’
3558 4367 3693 4437 οὐρα

473 4469 599 4507 cum
631 4470 738 4507 uno
760 4455 976 4523 quidem
998 4456 1158 4509 oculo
1179 4466 1380 4510 terram
1406 4458 1547 4511 hanc
1574 4464 1885 4527 peragrant.
1903 4460 2034 4527 quid

2138 4462 2228 4515 νὺν
2257 4461 2331 4529 (b)
2371 4462 2399 4513 6
2457 4461 2585 4522 παῖς
2635 4457 2967 4528 Εὐδαίμονος
3017 4453 3085 4527 ἦν
3114 4456 3389 4527 ὀφθαλμὸν
3414 4458 3509 4511 ἕνα
3552 4458 3709 4527 ἔχων,

473 4558 621 4599 cura:
644 4554 728 4599 est
760 4545 1066 4600 Eudaemoni
1086 4546 1153 4600 de
1183 4547 1288 4601 eo?
1311 4546 1647 4617 Epiphanius
1675 4557 1855 4602 autem
1898 4550 2037 4604 dixit

474 4634 789 4701 Eudatnmni
811 4656 824 4690 :
844 4636 1001 4703 Quod
1018 4639 1060 4691 si
1079 4638 1249 4703 solus,
1264 4639 1458 4709 inquit,
1474 4651 1673 4706 esset,o
1694 4640 2035 4710 philosophe,

472 4727 735 4797 quidnam
784 4742 945 4797 agere
992 4743 1182 4797 posses
1227 4729 1295 4782 ad
1341 4745 1465 4784 eum
1503 4731 1846 4785 curandum?
1894 4730 2038 4787 Nihil

476 4818 646 4881 aliud,
681 4818 858 4887 inquit
886 4816 1206 4882 Eudaemon,
1251 4819 1356 4874 nisi
1399 4821 1715 4876 ratiocinari
1740 4830 1795 4876 et
1831 4821 2036 4887 dicere,

478 4912 685 4965 nullum
722 4926 958 4980 unquam
995 4912 1074 4965 sic
1115 4910 1283 4967 fuisse
1327 4911 1600 4976 allectum,
1648 4923 1705 4968 ut
1739 4922 1821 4967 est
1854 4924 2039 4969 noster

479 5016 627 5069 puer.
670 4998 811 5053 Dixit
835 5000 1170 5069 Epiphanius
1197 4999 1509 5056 Eudaemoni
1542 5021 1554 5056 :
1584 5000 1661 5057 Ne
1687 5018 1770 5067 ea,
1808 5018 1930 5073 quae
1950 5004 2036 5058 di-

476 5100 698 5156 cuntur,
732 5092 980 5146 attendas
1025 5093 1246 5161 perinde
1290 5109 1354 5147 ac
1402 5094 1627 5148 ridicula
1683 5093 1849 5162 (Deus
1894 5095 2039 5149 enim

477 5184 641 5237 estin
674 5184 850 5237 medio
878 5184 1219 5249 amborum);
1266 5184 1443 5238 adduc
1483 5200 1715 5254 puerum
1752 5185 1846 5254 qui
1892 5186 2043 5239 labo-

480 5284 587 5339 rat,
614 5285 668 5330 et
696 5277 813 5330 vide
844 5277 1072 5347 gloriam
1104 5276 1220 5332 Dei.
1250 5276 1376 5333 Haae
1404 5292 1527 5331 eum
1558 5278 1787 5333 dixisset
1808 5277 2044 5349 Epipha-

481 5371 627 5434 nius,
678 5379 731 5425 et
779 5372 1126 5427 Eudaemonis
1166 5388 1395 5441 puerum
1444 5389 1610 5427 manu
1660 5374 1941 5439 tenuisset,
1991 5382 2046 5428 et

480 5460 600 5529 ejus
627 5462 864 5530 oculum,
895 5464 985 5533 qui
1010 5480 1117 5517 non
1157 5462 1391 5529 videbat,
1433 5472 1513 5519 ter
1540 5465 1828 5535 signasset,
1860 5466 2044 5520 statim

482 5552 738 5621 respexit.
780 5554 917 5609 Cum
964 5564 1143 5611 autem
1183 5556 1408 5612 vidisset
1441 5556 1757 5626 Eudaemon,
1800 5558 1946 5629 quwd
1969 5557 2047 5614 le—

556 5730 631 5801 (a)
670 5731 854 5789 Grarca
891 5734 1226 5809 negationem
1261 5735 1484 5794 addunt.

2137 4548 2282 4623 εἶχον
2309 4551 2373 4604 ἂν
2407 4549 2741 4621 μεριμνῆσαι
2769 4550 2895 4619 περὶ
2928 4546 3090 4599 αὐτοῦ
3112 4563 3125 4576 ·
3170 4548 3217 4599 εί
3247 4546 3305 4598 δέ
3355 4546 3709 4617 ἀναρίθμητοί

2137 4646 2273 4697 είσιν
2302 4643 2464 4695 οίύπ’
2495 4640 2705 4702 οὐδενὸς
2744 4637 3019 4708 ὀφθαλμοῦ
3077 4639 3431 4708 πορευόμενοι
3475 4640 3567 4691 ἐπὶ
3613 4639 3708 4707 τῆς

2136 4736 2239 4805 γῆς
2274 4733 2497 4803 ταύτης.
2523 4731 2576 4784 τί
2602 4730 2680 4801 τῷ
2706 4729 2998 4800 Εὐδαίμονι
3032 4729 3185 4797 μέλει
3221 4730 3349 4800 περὶ⁹
3383 4728 3571 4781 τούτου
3597 4771 3611 4794 ,
3653 4730 3709 4781 Ὀ

2136 4828 2193 4880 δὲ
2220 4826 2539 4894 Ἐπιφάνιος
2572 4820 2723 4878 εἴπεν
2753 4824 2889 4893 πρὸς
2914 4823 3004 4875 τὸν
3030 4822 3338 4891 Εὐδαίμονα
3357 4838 3369 4851 ·
3410 4823 3474 4876 Εἰ
3517 4822 3573 4875 δέ
3617 4822 3713 4875 καὶ
3762 4846 3767 4851 ·

2142 4920 2321 4989 μόνος,
2359 4918 2543 4988 φησὶν,
2566 4911 2612 4969 ὦ
2652 4915 2928 4985 φιλόσοφε,
2967 4914 3282 4983 ἐτύγχανεν,
3334 4913 3389 4965 τί
3422 4908 3565 4983 εἶχες
3594 4916 3713 4966 ἐπι-

2140 5009 2394 5078 τηδεῦσαι
2423 5006 2557 5076 πρὸς
2607 5003 2901 5076 θεραπείαν
2939 5002 3167 5067 τούτους
3214 5004 3273 5055 ὐ
3313 5003 3370 5056 δὲ
3424 5003 3712 5072 Εὐδαίμων

2141 5103 2334 5174 φησίν·
2368 5101 2531 5155 Οὐδὲν
2572 5100 2695 5171 ἢτὸ
2738 5098 3042 5167 λογίζεσθαι
3094 5097 3350 5159 πολλάκις
3388 5097 3482 5149 καὶ
3513 5096 3710 5163 λέγειν,

2141 5196 2223 5248 ὅτι
2256 5192 2425 5256 οὐδείς
2449 5194 2596 5244 ἐστιν
2618 5189 2836 5242 πώποτε
2864 5188 3035 5247 οὕτως
3078 5189 3155 5251 ὡς
3198 5190 3226 5241 6
3268 5187 3535 5257 ἡμέτερος
3563 5187 3708 5247 παῖς.

2145 5279 2314 5337 Εἶπεν
2341 5280 2397 5333 δέ
2430 5280 2747 5348 Ἐπιφάνιος
2776 5279 2910 5348 πρὸς
2942 5277 3129 5331 αὐτόν’
3165 5276 3255 5346 Μὴ
3278 5277 3529 5346 πρόσεχε,
3557 5273 3712 5343 φησὶ,

2146 5373 2422 5442 φιλόσοφε,
2456 5372 2568 5434 τοῖς
2592 5370 2939 5440 λαλουμένοις
2960 5369 3035 5432 ὡς
3057 5370 3113 5421 ἐν
3132 5368 3326 5438 γελοίῳ
3344 5381 3359 5397 ·
3379 5369 3408 5419 6
3441 5365 3574 5428 Θεὸς
3604 5364 3713 5434 γάρ

2146 5460 2248 5516 ἀνά
2285 5460 2446 5531 μέσον
2492 5458 2835 5528 ἀμφοτέρων.
2895 5459 3101 5525 ’Λγαγε
3167 5456 3325 5509 παῖδα
3391 5454 3596 5525 πηρόν·
3636 5453 3713 5505 [δε

2147 5553 2301 5619 δόξαν
2321 5550 2477 5605 Θεοῦ.
2512 5548 2699 5603 Ταῦτα
2718 5548 2775 5602 δέ
2804 5547 2971 5601 εἰπὼν
3016 5548 3356 5617 Ἐπιφάνιος,
3397 5545 3491 5599 καὶ
3518 5544 3718 5615 κρατή-

2226 5736 2298 5797 (b)
2328 5734 2602 5799 Interpres
2630 5728 2777 5785 addit
2803 5728 2981 5799 μόνος.
