4088 6362
386 310 453 365 ει
1670 318 1727 375 S.
1770 318 2106 377 EPIPHANII
2148 324 2330 382 VITA.
3562 334 3633 391 62

386 445 485 492 σας
504 426 598 482 τὸν
620 426 783 482 παῖδα
810 426 907 480 τοῦ
936 426 1267 499 Εὐδαίμονος
1305 431 1415 485 ἀπὸ
1440 433 1540 503 τῆς
1596 437 1778 508 χειρὸς
1810 478 1824 503 ,
1870 457 1938 493 κα

2035 452 2217 502 .cerat
2267 443 2638 516 Epiphanius,
2688 448 2901 520 rogavit
2931 464 3056 505 eum
3100 450 3289 507 dicens
3326 468 3339 505 ι
3380 450 3436 505 Si
3475 453 3631 509 vobis

383 520 695 590 σφραγίσας
718 520 809 573 τὸν
838 520 1117 591 ὀφθαλμὸν
1144 522 1331 587 αὐτοῦ,
1354 524 1444 578 τὸν
1475 525 1549 596 μὴ
1581 529 1813 599 ὁρῶντα,
1840 534 1961 602 τρί-

379 626 494 675 τον,
537 610 741 673 εὐθέως
769 611 1081 680 ἀνέϐλεψεν.
1126 613 1271 668 Ἰδὼν
1298 616 1355 668 δὲ
1383 618 1668 689 Εὐδαίμων
1705 620 1734 673 ὃ
1774 623 1960 692 ἐποίη-

384 719 478 755 σεν
508 702 843 771 Ἐπιφάνιος,
876 704 1252 773 παρεκάλεσεν
1277 708 1439 760 αὐτὸν
1476 708 1680 778 λέγων·
1713 712 1778 766 El
1810 713 1960 783 φίλον

326 842 333 855 ε
380 795 531 846 ἐστὶν
558 794 708 862 ὑμῖν.
738 793 1047 861 διδάσκαλε,
1087 797 1227 851 θέλω
1261 798 1415 867 κάγὼ
1446 801 1777 872 ,Χριστιανὸς
1806 806 1959 874 γενέ-

381 884 530 937 σθαι.
580 885 637 935 'O
662 884 719 936 δὲ
748 880 900 937 εἶπεν
924 886 1105 958 αὐτῷ’
1153 890 1439 957 Ἄκουσον,
1484 894 1680 964 φησὶν,
1716 889 1761 948 ὧ
1808 898 1959 966 φιλό-

380 990 533 1040 coepe,
557 973 629 1027 τὰ
651 976 779 1045 περὶ
807 975 901 1028 τοῦ
921 977 1126 1045 ἀγαθοῦ
1170 980 1264 1032 καὶ
1313 982 1685 1055 εὐσπλάγχνου
1716 988 1879 1054 Θεοῦ,
1913 983 1959 1058 ᾧ

377 1064 429 1113 οἱ
459 1061 774 1133 Χριστιανοὶ
808 1065 1180 1122 πιστεύουσιν.
1210 1070 1348 1122 Ποτὲ
1379 1071 1469 1124 τὸν
1500 1075 1714 1146 Ἰσραὴλ
1752 1078 1809 1129 ὲν
1839 1077 1958 1131 δου-

376 1152 500 1223 λείᾳ
530 1154 844 1226 ὑπάρχοντα
869 1155 949 1226 τῷ
971 1157 1170 1229 Φαραὼ
1198 1161 1408 1231 βασιλεί
1432 1165 1709 1233 Αἰγύπτου
1737 1168 1957 1238 ήλευθέ-

383 1261 577 1314 ρωσεν,
613 1247 709 1300 καὶ
737 1248 1047 1318 ἀπήλλαξεν
1074 1251 1237 1305 αὐτὸν
1264 1254 1362 1307 ἀπ’
1394 1256 1579 1322 αὑτοῦ,
1610 1260 1704 1312 καὶ
1735 1260 1823 1313 διὰ
1852 1260 1955 1331 τῆς

378 1333 657 1403 θαλάσσης
686 1335 871 1404 διῆγεν
904 1338 1067 1392 αὑτὸν
1101 1338 1188 1393 διὰ
1218 1340 1321 1411 τῆς
1342 1344 1568 1414 ἐρήμου,
1600 1348 1694 1400 καὶ
1725 1349 1952 1419 εἰσήγα-

374 1439 473 1489 γεν
502 1425 666 1478 αὑτὸν
686 1428 766 1489 εἰς
784 1429 886 1497 γῆν
927 1430 1153 1500 ῥέουσαν
1185 1432 1325 1499 γάλα
1365 1435 1459 1487 καὶ
1499 1436 1641 1505 μέλι.
1675 1439 1783 1493 Καὶ
1822 1441 1953 1494 ποτὲ

372 1508 564 1564 τοῦτον
611 1514 988 1586 ἀπειθήσαντα
1022 1520 1115 1572 καὶ
1144 1520 1417 1590 ἀμνησίαν
1471 1523 1662 1593 ἔχοντα
1695 1528 1830 1599 πρὸς
1861 1530 1951 1585 τὸν

372 1599 506 1653 Θεὸν
531 1602 621 1656 διὰ
666 1605 759 1657 τοῦ
799 1607 1086 1678 Προφήτου
1116 1610 1305 1665 τοῦτον
1358 1617 1695 1685 παρακαλεῖ,
1736 1620 1947 1690 λέγων·

370 1694 533 1758 Λαός
550 1710 692 1759 μου,
719 1697 777 1748 τί
797 1697 1058 1767 ἐποίησά
1081 1714 1217 1766 σοι;
1248 1701 1289 1771 ἢ
1327 1704 1385 1757 τί
1408 1704 1669 1774 ἠδικησά
1692 1724 1785 1775 σε,
1813 1712 1852 1780 ἢ
1890 1715 1949 1768 τι

2064 535 2261 602 placet,
2297 537 2578 608 magister,
2611 539 2735 594 volo
2764 555 2864 611 ego
2884 555 3104 611 quoque
3127 542 3243 597 fieri
3272 542 3627 600 christianos.

2063 625 2403 696 Epiphanius
2436 639 2615 683 autem
2655 631 2792 686 dixit
2833 633 3148 687 Eudaemoni
3182 651 3196 687 :
3232 633 3393 697 Audi,
3434 650 3469 689 ο
3511 636 3632 705 phi-

2062 717 2308 789 losophe,
2343 720 2410 775 de
2446 721 2589 777 bono
2634 737 2689 777 et
2734 724 3077 779 misericordi
3115 724 3245 791 Deo,
3285 727 3371 781 cui
3402 730 3631 784 credunt

2059 806 2377 864 Christiani.
2436 809 2743 876 lsraelem,
2817 813 2913 882 qui
2988 813 3283 883 aliquando
3361 817 3631 872 serviebat

2059 899 2333 955 Pharaoni
2359 903 2473 970 regi
2514 902 2749 975 Egypti,
2780 905 3047 973 liberavit,
3075 915 3128 962 et
3153 922 3276 962 eum
3311 909 3533 979 eripuit,
3573 921 3627 965 et

2058 1004 2156 1058 per
2176 1006 2325 1046 mare
2354 992 2600 1049 Rubrum
2635 1011 2760 1050 eum
2797 999 3059 1062 traduxit,
3090 1008 3346 1069 tanquam
3381 1017 3477 1071 per
3521 1012 3629 1066 ter-

2058 1094 2176 1133 ram
2205 1082 2414 1137 aridam
2473 1095 2638 1154 atque
2680 1100 2777 1155 per
2822 1089 3192 1155 solitudinem,
3228 1100 3282 1145 et
3327 1090 3627 1147 introduxit

2055 1190 2178 1229 eum
2221 1177 2274 1230 in
2308 1186 2508 1232 terram
2558 1180 2813 1236 fluentem
2864 1182 3001 1236 lacte
3038 1190 3093 1236 et
3137 1182 3343 1237 melle:
3389 1198 3626 1253 eumque

2055 1279 2180 1320 cum
2215 1267 2513 1338 aliquando
2533 1285 2643 1324 non
2675 1273 2967 1341 paruisset,
2999 1280 3054 1326 et
3086 1270 3180 1326 Dei
3205 1272 3399 1329 fuisset
3432 1274 3625 1329 imme-

2053 1370 2193 1422 mor,
2239 1371 2338 1425 per
2366 1360 2687 1429 prophetam
2732 1360 2812 1416 sic
2853 1361 3196 1425 adhortatur,
3244 1362 3468 1418 dicens:
3516 1365 3621 1418 Po-

2051 1447 2171 1515 pule
2198 1449 2301 1515 mi,
2357 1451 2484 1519 quid
2514 1451 2614 1520 feci
2655 1453 2784 1517 tibi,
2828 1463 2919 1506 aut
2950 1470 3056 1523 qua
3086 1454 3142 1508 in
3174 1469 3230 1508 re
3270 1456 3365 1508 tibi
3408 1455 3485 1524 fui
3518 1473 3624 1511 mo-

2051 1537 2212 1592 lestus
2244 1542 2269 1594 .9
2297 1542 2553 1611 responde
2588 1543 2718 1596 mihi
2761 1544 2803 1596 ⁸.
2837 1543 3228 1611 Quamobrem,
3261 1560 3295 1599 ο
3322 1546 3479 1601 docte
3506 1549 3619 1615 Eu-

2050 1631 2281 1697 dtemon,
2326 1645 2549 1703 paratus
2579 1644 2664 1691 est
2708 1635 2851 1692 Deus
2888 1653 3004 1702 eos,
3044 1639 3137 1708 qui
3172 1638 3319 1693 bono
3345 1640 3504 1695 modo
3530 1655 3621 1709 at:-

2049 1720 2272 1786 cedunt,
2316 1725 2567 1794 excipere
2599 1744 2612 1779 :
2646 1735 2701 1781 et
2727 1727 2773 1782 si
2815 1729 2940 1798 quis
2976 1728 3164 1783 fecerit
3206 1742 3425 1798 peccata
3453 1748 3616 1801 quam

368 1786 809 1853 παρηνόχλησά
830 1804 947 1854 σε;
976 1792 1331 1862 ἀποκρίθητέ
1348 1812 1469 1863 μοι.
1503 1798 1664 1853 Ὥστε
1703 1798 1829 1871 οὖν,
1858 1806 1938 1859 λό-

2260 1779 2270 1786 .
2440 1779 2455 1794 ,
2549 1779 2558 1781 -
2655 1779 2695 1781 -κ
2728 1779 2772 1782 _-
2823 1779 2935 1798 τη-
3206 1779 3425 1798 ,ηπη
3456 1779 3616 1801 ηπ---

2048 1812 2300 1881 plurima,
2333 1814 2423 1869 illa
2456 1818 2504 1871 ei
2541 1820 2905 1874 remittentur.
2956 1818 3104 1874 Vade
3135 1834 3285 1889 ergo,
3334 1834 3367 1872 ο
3409 1819 3618 1873 erudite

368 1890 456 1968 γιε
480 1875 789 1968 λεύδαίμων,
814 1878 1032 1950 ἕτοιμός
1078 1884 1225 1936 ἐστιν
1274 1887 1303 1938 ὁ
1332 1886 1463 1951 Θεὸς
1512 1891 1718 1957 πάντας
1763 1897 1950 1968 τρόπῳ

365 1962 560 2032 ἀγαθῷ
585 1967 1002 2037 εἰσερχομένους
1038 1971 1410 2041 εἰσδέχεσθαι,
1443 1977 1547 2031 κᾶν
1594 1962 1867 2053 ἁμαρτίας

368 2070 456 2143 τις
480 2056 738 2121 πλείστας
775 2062 1109 2132 πεποιηκὼς,
1151 2065 1484 2138 ἀφεθήσεται
1516 2072 1685 2143 αὐτῷ.
1717 2056 1950 2133 "suae;

362 2141 475 2207 οὖν,
510 2146 654 2245 λόγιε
676 2149 984 2222 Εὐδαίμων,
1016 2156 1107 2207 καὶ
1124 2156 1330 2210 εῐσελθε
1354 2161 1411 2213 ἐν
1440 2165 1507 2233 τῇ
1536 2141 1709 2230 πόλει,
1738 2170 1832 2222 καὶ
1866 2172 1940 2245 μή

2045 1901 2365 1973 Ευάεεηιοη,
2401 1916 2454 1963 et
2476 1908 2761 1979 ingredere
2790 1911 3089 1975 civitatem,
3121 1920 3175 1965 et
3203 1926 3303 1965 nec
3333 1918 3385 1964 te
3416 1912 3617 1980 pudeat

2047 1999 2305 2055 accedere
2329 2001 2396 2055 ad
2425 2002 2763 2073 episcopum.
2807 2003 3059 2059 Christus
3083 2002 3229 2058 enim
3272 2012 3422 2056 amat
3446 2003 3617 2056 humi-

2045 2086 2272 2144 litatem.
2326 2090 2596 2157 Quocirca
2639 2092 2706 2147 ad
2743 2106 2846 2147 nos
2893 2105 3113 2162 quoque
3146 2089 3293 2145 venit
3320 2090 3375 2143 in
3420 2104 3616 2159 magna

2047 2178 2375 2238 humilitate.

361 2239 660 2349 αίίχυνθῇς
684 2248 1015 2349 προσ-πεσεῖν
1037 2247 1116 2317 τῷ
1139 2249 1443 2322 ὲπισκόπῳ.
1482 2255 1537 2309 '0
1560 2256 1667 2329 γὰρ
1703 2239 1939 2333 Χριστὸς
1972 2267 2070 2341 τήν
2116 2276 2442 2331 ταπείνωσιν
2470 2278 2676 2349 ἀγαπᾷ.
2705 2276 2796 2330 Διὸ
2850 2274 2943 2328 καὶ
2968 2277 3025 2328 ὲν
3064 2275 3229 2346 πολλῇ
3293 2273 3613 2329 ταπεινώσει

360 2327 528 2401 ἦλθεν
558 2333 694 2401 πρὸς
723 2335 890 2403 ἡμᾶς.

431 2420 512 2471 A'.
553 2421 820 2473 Ἤκουσεν
841 2422 897 2475 δὲ
925 2424 1212 2495 Εὐδαίμων
1238 2427 1350 2481 τῶν
1385 2430 1557 2499 λόγων
1590 2432 1933 2505 Ἐπιφανίου,

360 2509 457 2560 καὶ
486 2510 734 2579 εἰσῆλθεν
782 2512 841 2565 ἐν
880 2517 946 2584 τῇ
980 2515 1152 2580 πόλει,
1209 2521 1305 2571 καὶ
1338 2523 1675 2593 προσέπεσεν
1697 2528 1774 2597 τῷ
1812 2532 1937 2582 ἐπι·-

360 2603 578 2672 σκόπῳ,
610 2605 701 2656 καὶ
724 2606 942 2673 ἐγένετο
968 2609 1314 2679 Χριστιανός.
1333 2615 1625 2688 Διαϐόητος
1643 2619 1699 2672 δὲ
1721 2621 1937 2689 ἐγένετο

360 2692 683 2760 Ἐπιφάνιος
716 2696 796 2758 είς
828 2696 955 2767 ὃλην
976 2698 1085 2769 τὴν
1130 2700 1425 2771 Αἴγυπτον.
1459 2707 1761 2780 Ἐζήτησαν
1796 2712 1852 2766 δὲ
1885 2715 1937 2767 οἱ

359 2782 654 2836 ἐπίσκοποι
692 2788 961 2859 κρατῆσαι
1005 2792 1168 2845 αὑτὸν
1227 2795 1559 2852 ἐπίσκοπον·
1601 2803 1695 2855 καὶ
1734 2804 1762 2855 ὁ
1789 2804 1937 2873 ἄγων

356 2869 493 2943 ἦγεν
517 2875 608 2928 τὸν
637 2877 972 2946 Ἐπιφάνιον.
1022 2883 1205 2952 Ἔγνω
1230 2887 1338 2959 γάρ
1382 2889 1538 2943 τοῦτο
1578 2869 1896 2963 Ἐπιφάνιος
1919 2914 1934 2930 .

357 2967 453 3019 καὶ
484 2963 637 3020 εἶπεν
662 2969 798 3040 πρὸς
839 2972 907 3041 μέ
933 2989 947 3004 ·
973 2974 1163 3046 Δεῦρο,
1194 2979 1403 3044 τέκνον,
1433 2984 1785 3055 πρευθῶμεν
1832 2989 1938 3042 πά·

354 3055 442 3110 λιν
477 3059 545 3149 ὲν,
588 3061 653 3129 τῇ
700 3060 939 3131 πατρίδι.
999 3064 1109 3124 Καὶ
1159 3068 1535 3141 ἐπορεύθημεν
1588 3074 1749 3127 πάλιν
1780 3077 1839 3129 ἐν
1865 3080 1930 3149 τῇ

354 3148 577 3216 πατρίδι
605 3150 760 3219 ήμῶν
779 3167 792 3180 °
808 3153 913 3205 -καὶ
937 3154 1258 3225 εἰσήλθομεν
1287 3161 1347 3211 ὲν
1379 3140 1457 3231 τῷ
1477 3166 1820 3236 μοναστηρίῳ
1838 3140 1930 3221 τοῦ
1959 3140 2001 3198 c

352 3240 594 3310 μεγάλου
632 3242 953 3313 Ἱλαρίωνος.
1019 3241 1128 3300 Ἦν
1160 3248 1216 3300 δὲ
1253 3253 1282 3303 ὁ
1305 3251 1481 3319 μέγας
1533 3255 1774 3326 Ἰλαρίων
1804 3261 1933 3315 ἁνα-

349 3331 612 3421 χωρήσας
638 3333 701 3385 ὲκ
735 3332 830 3386 τοῦ
867 3340 1228 3411 μοναστηρίου
1248 3340 1347 3408 ,διὰ
1374 3345 1473 3415 τὴν
1489 3345 1688 3418 πολλὴν
1713 3349 1933 3421 ὄχλησιν

348 3419 452 3488 τὴν
474 3422 765 3492 γινομένην
794 3424 961 3495 αὐτῷ,
1005 3428 1100 3481 καὶ
1152 3430 1498 3499 ἀποπλεύσας
1552 3436 1661 3489 ἀπὸ
1689 3419 1787 3510 τῆς
1819 3419 1933 3495 Κυ-

348 3511 617 3597 πρίων’ὲν
641 3516 754 3577 τοῖς
781 3516 968 3580 τόποις
992 3521 1103 3581 τοῖς
1152 3522 1281 3595 περὶ
1323 3523 1422 3594 τὴν
1468 3526 1675 3597 Πάφον.
1715 3530 1932 3596 Είδότες

345 3595 445 3652 οὖν
475 3603 523 3691 oi
540 3602 761 3671 ἀδελφοὶ
779 3605 870 3658 τδν
893 3607 1211 3677 Ἐπιφάνιον
1252 3614 1527 3687 ἐχάρησαν
1561 3595 1736 3690 χαράν
1769 3624 1931 3691 μεγά-

345 3692 470 3785 λην.
494 3687 677 3747 Ἦσαν
707 3695 765 3748 δὲ
791 3698 1112 3766 πενθοῦντες
1138 3702 1226 3758 διὰ
1267 3707 1359 3759 τὸν
1407 3708 1583 3778 μέγαν
1626 3687 1924 3785 ’Ϊλαρίωνω

344 3781 723 3874 ξῐτξποιήσαμεν
758 3786 817 3840 δὲ
857 3790 915 3842 ὲν
967 3790 1044 3861 τῷ
1072 3797 1417 3868 μοναστηρίῳ
1446 3801 1663 3872 ἡμέρας
1729 3781 1801 3874 μ’,
1834 3806 1928 3859 καὶ

344 3870 657 3965 ἐξελθόντες
681 3874 1056 3949 ἐπορεύθημεν
1095 3884 1155 3936 ὲν
1189 3884 1267 3955 τῷ
1295 3870 1927 3965 ήμετέρῳνμοναστηρίῳ

343 3959 429 4032 τῷ
458 3965 873 4038 ἐπικαλουμένῳ
897 3972 1236 4046 Σπανυδρίῳ,
1264 3978 1321 4032 ἐν
1343 3972 1387 4045 ᾧ
1415 3975 1487 4050 ἦν
1509 3959 1753 4055 ποιήσας
1770 3959 1930 4056 ήγούο

346 4072 511 4143 μᾼενον
540 4057 863 4126 Ἐπιφάνιος
904 4062 996 4117 τὸν
1050 4066 1334 4139 Ἐδεσηνὸν
1365 4069 1702 4143 Ἐπιφάνιον.
1734 4072 1843 4131 Ἦν
1870 4079 1926 4132 δὲ

339 4138 499 4209 οὗτος
514 4152 1011 4236 περιποιησάμενος
1031 4158 1089 4209 ὲν
1108 4157 1186 4227 τῷ
1204 4138 1547 4235 μοναστηρίω
1567 4166 1769 4236 πλῆθος
1782 4169 1928 4223 ἀδελ-

340 4237 482 4305 φῶν.
515 4240 626 4291 Καὶ
658 4240 769 4311 γάρ
793 4230 955 4308 αὐτὸς
986 4245 1293 4317 θαυμαστὸς
1321 4230 1482 4326 ἀνήρ.
1509 4230 1721 4323 Eleiet-at;
1746 4230 1801 4314 δὲ
1833 4262 1926 4316 τὸν

337 4329 662 4399 Ἐπιφάνιον
698 4334 898 4399 πάντες
944 4336 1222 4411 ἐχάρησαν
1249 4344 1423 4414 χαρὰν
1453 4349 1710 4418 μεγάλην.
1748 4353 1927 4407 Ἐποι-

336 4419 558 4529 ήσαμεν
591 4420 648 4527 δε
671 4424 728 4475 ὲν
756 4423 846 4529 τῷ.
889 4431 1232 4529 μρναστηρίῳ
1260 4433 1444 4504 τρίτην
1477 4438 1688 4508 ἡμέραν
1735 4442 1792 4493 ὲν
1843 4443 1923 4496 ἑνὶ
1950 4471 1999 4529 D

334 4510 515 4581 τόπῳ,
540 4511 650 4581 ἐγώ
678 4530 736 4566 τε
764 4517 856 4570 καὶ
883 4519 1065 4580 αὑτός.
1084 4521 1194 4575 Καὶ
1216 4527 1283 4594 τῇ
1303 4526 1535 4599 τετάρτῃ
1562 4530 1743 4601 ήμέρᾳ
1769 4530 1919 4587 εἶπεν

334 4605 480 4676 πρὸς
512 4608 579 4676 μέ
601 4629 614 4639 ·
657 4609 885 4673 Τέκνον,
919 4611 1051 4666 λάϐε
1084 4615 1292 4670 κελλίον
1315 4618 1521 4690 ἕτερον,
1557 4624 1651 4675 καὶ
1678 4624 1919 4695 ἡσύχαζε

332 4698 395 4748 ἐν
438 4697 585 4768 αὐτῷ
604 4716 617 4728 ⁸
656 4700 752 4753 καὶ
781 4703 1014 4772 ἐποίησα
1043 4705 1234 4771 οὕτως.
1270 4710 1382 4763 Καὶ
1411 4713 1589 4783 ήμεθα
1618 4717 1918 4787 ἡσυχάζον-

331 4806 431 4851 τες
458 4792 516 4844 ἐν
542 4791 621 4861 τῷ
653 4796 1017 4866 μοναστηρίῳ.

407 4883 535 4935 AA'.
572 4885 746 4953 Λιμοῦ
776 4886 832 4938 δὲ
857 4888 1143 4956 γενομένου
1168 4891 1225 4945 ὲν
1266 4892 1344 4963 τῷ
1378 4894 1529 4966 τόπῳ
1584 4898 1776 4970 ἐκείνῳ
1823 4901 1916 4953 ἐπὶ

328 4975 437 5041 τῆς
468 4973 570 5042 γῆς
585 4974 694 5026 τῶν
721 4977 1000 5042 Φοινίκων,
1032 4982 1374 5051 συνήχθησαν
1399 4985 1572 5057 πλήθη
1588 4988 1756 5041 πολλὰ
1781 4992 1917 5061 πρὸς

328 5063 397 5115 Ἐ
413 5064 660 5130 πιφάνιον
684 5105 698 5129 ,
734 5066 826 5119 καὶ
860 5070 1199 5139 παρεκάλουν
1233 5074 1420 5128 τοῦτον
1458 5076 1706 5147 λέγοντες
1726 5100 1740 5114 ο
1775 5083 1914 5154 Βοή-

328 5153 503 5244 θησον
529 5158 681 5227 ἡμῖν,
703 5157 907 5230 Πάτερ,
933 5160 1081 5225 ὅπως
1117 5163 1190 5234 μὴ
1219 5164 1566 5237 ἀπολώμεθα,
1604 5174 1696 5225 καὶ
1736 5153 1916 5244 παρα-

328 5242 567 5297 κάλεσον
584 5246 673 5299 τὸν
704 5247 856 5314 Θεὸν,
882 5250 1031 5313 ὅπως
1062 5251 1222 5305 δώσει
1252 5255 1404 5308 ὑετὸν
1432 5259 1523 5312 ἐπὶ
1547 5260 1645 5331 τὴν
1673 5263 1797 5333 γῆν,
1818 5242 1914 5317 καὶ

324 5338 553 5406 ποιήσει
586 5338 619 5407 ἡ
651 5339 721 5409 γῆ
750 5339 819 5393 τὰ
841 5342 1072 5413 ἐκφόρια
1094 5345 1283 5414 αὐτῆς.
1317 5345 1485 5405 Εἶπεν
1518 5349 1575 5403 δὲ
1599 5354 1912 5421 Ἐπιφάνιος

325 5427 471 5498 πρὸς
496 5430 624 5491 τοὺς
651 5430 968 5501 ἀνθρώπους
987 5450 1000 5464 ·
1036 5435 1100 5487 Τί
1124 5454 1213 5506 μοι
1247 5440 1449 5504 κόπους
1477 5444 1770 5515 παρέχετε;
1818 5448 1911 5501 ἇν-

326 5517 555 5587 θρωπος
576 5518 686 5590 γάρ
712 5522 1031 5594 ἁμαρτωλός
1051 5528 1187 5596 εἰμι,
1211 5530 1320 5582 Καὶ
1342 5532 1501 5585 πλέον
1524 5553 1576 5588 τι
1605 5537 1765 5590 πάλιν
1815 5541 1912 5593 ἐπ-

324 5610 545 5664 εδέοντο
572 5612 913 5683 Ἐπιφανίου,
940 5620 1088 5685 ὅπως
1113 5622 1275 5688 αὐτὸς
1304 5627 1657 5697 προσεύξεται
1672 5604 1750 5702 τῷ
1799 5633 1911 5705 φιλ-

403 5700 425 5731 ⁸
462 5698 626 5757 Mich.
665 5719 716 5757 Vl
741 5744 755 5772 ,
793 5706 846 5760 5.

2113 2446 2282 2503 XXX.
2324 2448 2546 2503 Audivit
2580 2458 2761 2503 autem
2807 2446 3103 2502 Eudaemon
3168 2448 3329 2502 verba
3376 2447 3615 2518 Epipha-

2043 2536 2155 2601 nii,
2188 2546 2243 2591 et
2284 2536 2565 2606 ingressus
2612 2546 2695 2592 est
2742 2537 2797 2590 in
2838 2537 3132 2602 civitatem,
3182 2545 3236 2592 et
3282 2538 3513 2607 procidit
3542 2538 3612 2592 ad

2040 2629 2207 2699 pedes
2257 2629 2515 2699 episcopi,
2547 2638 2601 2684 et
2632 2627 2809 2684 factus
2852 2637 2939 2684 est
2981 2628 3346 2685 Christianus.
3381 2628 3612 2699 Fuitque

2034 2721 2374 2791 Epiphanius
2404 2722 2583 2790 magni
2617 2721 2853 2775 nominis
2900 2722 3091 2775 intota
3114 2721 3365 2794 Egypto.
3390 2725 3610 2790 Quaere-

2032 2815 2163 2868 bant
2211 2813 2357 2867 enim
2404 2812 2645 2881 episcopi
2699 2826 2824 2865 eum
2876 2820 3057 2867 tenere
3093 2822 3149 2867 et
3180 2812 3359 2869 facere
3390 2818 3608 2885 episco-

2031 2919 2160 2974 pum
2192 2922 2206 2959 :
2244 2912 2300 2958 et
2328 2903 2438 2973 jam
2473 2920 2504 2959 a
2539 2905 2775 2975 quodam
2813 2906 3113 2961 ducebatur
3155 2908 3512 2977 Epiphanius.
3545 2908 3606 2964 ld

2030 2996 2121 3051 ille
2148 2996 2603 3062 animadvertetis,
2637 2997 2774 3051 dixit
2800 2997 2933 3051 mihi
2965 3015 2979 3051 :
3013 2996 3279 3068 Agedum,
3301 3000 3396 3065 fili,
3425 3017 3608 3056 rever-

2034 3095 2215 3141 tamur
2242 3087 2299 3140 in
2345 3088 2601 3156 patriam.
2659 3088 2727 3142 Et
2764 3104 2957 3144 rursus
3017 3090 3074 3144 in
3127 3101 3369 3145 nostram
3414 3107 3604 3149 sumus

2034 3177 2259 3247 profecti
2291 3179 2590 3246 regionem,
2623 3186 2677 3233 et
2721 3180 2954 3249 ingressi
2994 3196 3189 3237 sumus
3235 3184 3289 3235 in
3316 3164 3604 3237 .mona'ste-

2034 3270 2175 3324 rium
2204 3270 2385 3341 magni
2421 3269 2734 3326 Hilarionis.
2786 3271 3107 3328 llecesserat
3149 3283 3330 3329 autem
3367 3291 3603 3346 magnus

2032 3360 2269 3415 llilariou
2312 3377 2343 3416 e
2382 3363 2716 3417 monasterio
2736 3372 2957 3433 propter
2984 3380 3237 3436 magnam
3256 3404 3272 3429 ,
3298 3382 3419 3436 qua:
3439 3369 3485 3421 ei
3513 3384 3603 3423 ex-

2032 3454 2341 3519 hibebatur,
2386 3456 2711 3512 molestiam.
2746 3456 2993 3527 Cumque
3033 3457 3087 3516 in
3130 3456 3453 3529 Cypriorum
3497 3475 3598 3515 na~

2030 3546 2265 3615 vigasset
2290 3548 2588 3619 regionem,
2622 3548 2944 3604 versabatur
2972 3551 3026 3603 in
3052 3550 3118 3605 iis
3145 3550 3297 3615 locis,
3324 3566 3444 3621 quae
3471 3562 3600 3608 sunt

2030 3638 2173 3693 circa
2208 3637 2473 3709 Paphum.
2508 3642 2644 3695 Cum
2700 3651 2881 3696 autem
2932 3641 3133 3699 fratres
3163 3643 3429 3698 vidissent
3473 3644 3599 3713 Epi-

2028 3726 2314 3797 phanium,
2336 3743 2535 3799 magno
2557 3738 2686 3784 sunt
2712 3730 2887 3785 allecti
2913 3730 3129 3799 gaudio.
3153 3729 3434 3800 Lugebant
3451 3733 3598 3787 enim

2028 3826 2252 3888 propter
2280 3834 2536 3889 magnum
2563 3819 2916 3875 Hilarionem.
2946 3819 3174 3877 Fuimus
3208 3837 3337 3877 vero
3361 3824 3598 3892 quadra-

2028 3905 2175 3974 ginta
2206 3906 2324 3961 dies
2357 3908 2412 3961 in
2439 3908 2791 3963 monasterio.
2818 3909 2943 3963 Inde
2964 3910 3167 3980 egressi
3193 3910 3396 3967 fuimus
3424 3913 3476 3965 in
3494 3928 3597 3966 no-

2026 4008 2200 4055 strum
2236 4000 2609 4073 Spanhydriou
2653 4004 2738 4058 cui
2774 4005 3102 4074 Epiphanius
3128 4005 3432 4059 Edesenum
3474 4005 3600 4075 Epi-

2025 4091 2284 4161 phanium
2302 4090 2633 4161 prazfecerat.
2652 4090 2749 4151 Hic
2772 4101 2949 4146 autem
2969 4092 3231 4162 plurimos
3251 4092 3319 4145 ad
3337 4093 3464 4146 illud
3480 4108 3597 4147 mo-

2025 4182 2325 4235 nasterium
2353 4180 2679 4250 adjunxerat
2717 4181 2933 4235 fratres.
2983 4180 3194 4235 Etenim
3228 4181 3343 4250 ipse
3374 4181 3456 4234 vir
3476 4192 3595 4237 erat

2025 4270 2391 4326 admirandus.
2447 4270 2582 4325 Cum
2638 4281 2816 4324 autem
2878 4270 3147 4326 vidissent
3194 4280 3248 4325 et
3302 4270 3593 4340 praefectus

2026 4360 2325 4423 Edeseuus,
2375 4369 2430 4416 et
2466 4360 2663 4416 fratres
2698 4360 3081 4431 Epiphaniam,
3132 4376 3384 4430 magnam
3434 4375 3593 4415 acce-

2026 4467 2154 4522 pere
2184 4451 2446 4506 laatitiam.
2481 4449 2616 4506 Tres
2645 4466 2775 4506 vero
2808 4452 2924 4507 dies
2950 4451 3154 4506 fuimus
3180 4452 3290 4506 illic
3320 4453 3373 4507 in
3404 4452 3594 4521 hospi-

2023 4541 2119 4603 tio,
2150 4555 2252 4611 ego
2282 4551 2337 4595 et
2379 4540 2514 4610 ipse.
2547 4539 2757 4607 Quarto
2805 4550 2987 4596 autem
3036 4542 3171 4597 dixit
3214 4542 3347 4596 mihi
3387 4561 3400 4597 :
3463 4542 3587 4606 Fili,

2018 4631 2204 4701 accipe
2218 4631 2379 4685 aliam
2402 4631 2615 4695 cellam,
2635 4632 2760 4686 etin
2782 4648 2845 4687 ea
2864 4633 3099 4703 quietem
3119 4649 3217 4705 age
3245 4652 3258 4688 :
3283 4644 3337 4689 et
3360 4634 3439 4689 sic
3465 4635 3586 4703 feci,

2017 4733 2072 4779 et
2089 4724 2328 4794 quietem
2356 4724 2650 4793 agebamus
2675 4723 2728 4778 iu
2757 4725 3112 4782 monasterio.
3130 4723 3392 4797 [Hospitis
3409 4736 3589 4782 autem

2016 4816 2195 4869 locum
2237 4814 2517 4869 obtinebat
2548 4813 2933 4887 Epiphanius.]

2084 4905 2276 4960 XXXI.
2342 4906 2478 4961 Cum
2532 4921 2660 4961 vero
2710 4908 2765 4961 in
2827 4908 3047 4977 regione
3078 4905 3397 4961 Phoenicum
3443 4917 3589 4962 esset

2015 4997 2188 5053 fames
2240 5000 2295 5052 in
2341 4999 2434 5053 illo
2463 5013 2629 5062 anno,
2678 5013 2873 5068 magna
2931 4998 3218 5056 multitudo
3262 5008 3586 5067 congregata

2013 5098 2097 5145 est
2121 5091 2187 5143 ad
2220 5090 2607 5159 Epiphanium,
2635 5105 2758 5160 quae
2785 5104 2910 5145 eum
2945 5088 3190 5159 rogabat,
3227 5088 3450 5141 dicens:
3482 5087 3587 5142 Fer

2014 5182 2172 5236 nobis
2237 5196 2416 5250 opem,
2452 5180 2631 5245 Pater,
2668 5196 2737 5235 ne
2781 5195 3109 5250 pereamus:
3161 5188 3216 5234 et
3256 5195 3383 5250 roga
3413 5180 3583 5235 Deum

2016 5281 2075 5326 ut
2099 5273 2189 5326 det
2218 5272 2374 5326 nobis
2406 5272 2649 5341 pluviam
2684 5287 2851 5341 super
2877 5278 3104 5337 terram,
3127 5280 3182 5325 et
3204 5281 3345 5324 terra
3372 5271 3583 5326 fructus

2013 5362 2295 5431 producat.
2355 5360 2503 5415 Dixit
2551 5371 2736 5416 autem
2801 5361 3115 5415 hominibus
3177 5361 3514 5429 Epiphanius
3561 5381 3579 5416 :

2012 5455 2150 5519 Quid
2178 5455 2332 5519 mihi,
2364 5455 2560 5524 inquit,
2591 5453 2859 5509 exhibetis
2886 5455 3188 5509 molestiam
3211 5454 3234 5507 ?
3259 5456 3391 5509 Sum
3431 5456 3578 5510 enim

2011 5549 2177 5602 homo
2213 5557 2481 5618 peccator.
2539 5545 2752 5602 Rursus
2815 5560 2940 5601 eum
2998 5547 3261 5617 rogabant
3316 5556 3377 5602 ut
3425 5548 3579 5602 beni-

2012 5653 2175 5707 gnum
2215 5646 2269 5694 et
2300 5638 2617 5694 clementem
2651 5636 2819 5694 Deum
2870 5648 3069 5697 oraret.
3115 5639 3162 5698 Is
3198 5648 3379 5697 autem
3433 5641 3575 5697 dixit
