4078 6368
472 376 546 433 6'3
1452 432 1455 435 _
1780 370 1839 425 S.
1881 367 2226 425 EPIPIIANII
2277 367 2457 422 VITA.
3698 352 3778 410 64

472 492 553 547 eis
586 509 599 545 :
629 486 749 543 Dixi
773 487 884 559 jam
914 486 1069 542 vobis
1096 502 1184 542 me
1214 501 1336 542 esse
1372 468 1734 555 peceatorem.
1768 484 1840 541 lis
1881 485 2057 557 magis

2172 485 2453 557 ινθρώπῳ.
2484 478 2654 537 Εἶπεν
2676 482 2733 535 δὲ
2763 481 3080 551 Ἑπιφάνιος
3127 481 3264 551 πρὸς
3316 478 3515 542 αὐτούς
3535 495 3547 509 ’
3596 474 3773 533 Εἶπον

472 582 812 652 rogantibus,
836 580 984 634 venit
1022 579 1154 633 hora
1186 594 1331 633 nona
1362 579 1489 633 diei.
1526 576 1675 631 Dixit
1717 586 1899 631 autem
1934 577 2067 647 Epi-

473 674 707 744 phanius
750 671 1006 743 praefecto
1039 690 1052 724 :
1106 670 1388 735 Permitte,
1427 678 1487 723 ut
1522 685 1710 724 mensa
1757 679 2066 738 apponatur

474 767 561 820 his
592 765 931 827 hominibus,
961 764 1380 831 eomedantque,
1427 771 1483 816 et
1512 762 1720 825 bibant,
1768 770 1823 815 et
1875 761 2069 815 laeten-

473 866 584 920 tur,
634 867 689 911 et
748 870 941 910 rursus
989 856 1207 908 abeant.
1255 855 1635 923 Apposuitqne
1686 868 1965 918 mensam;
2016 860 2071 906 et

473 948 757 1018 ingressus
796 956 881 1002 est
927 947 982 1001 in
1014 962 1170 1001 suam
1203 947 1418 1001 cellam.
1472 947 1611 1014 Ipsis
1652 955 1834 1000 autem
1882 960 2068 999 come-

475 1023 759 1104 dentibus,
816 1040 900 1095 sol
951 1055 1111 1094 suum
1147 1039 1427 1093 emittebat
1474 1040 1843 1108 splendorem,
1899 1048 1958 1092 ut
2010 1038 2067 1091 in

475 1140 666 1187 aestate
693 1148 707 1195 ;
739 1138 795 1185 et
842 1139 1064 1199 repente
1091 1130 1247 1186 factae
1285 1140 1414 1186 sunt
1456 1132 1712 1196 tenebras,
1767 1128 1986 1200 fulgura
2014 1137 2071 1182 ct

476 1222 744 1285 tonitrua,
786 1231 842 1276 et
875 1236 1107 1291 magnus
1139 1222 1315 1276 imber
1361 1223 1561 1277 cecidit
1603 1223 1655 1276 in
1691 1230 1914 1276 terram.
1951 1218 2071 1274 Pra:

475 1323 626 1369 metu
674 1328 804 1366 vero
833 1327 1027 1367 omnes
1062 1320 1424 1367 surrexerunt
1456 1328 1489 1367 a
1536 1327 1750 1368 mensa.
1796 1310 1916 1365 Non
1967 1310 2071 1365 Γυίι

480 1413 663 1460 autem
706 1404 860 1458 locus
892 1403 945 1457 in
975 1412 1090 1458 tota
1148 1403 1454 1471 Phoenicia,
1496 1403 1591 1473 qui
1640 1418 1749 1457 non
1800 1402 2071 1471 acceperit

476 1496 935 1551 benedictionem.
988 1494 1301 1565 Mansitque
1346 1494 1528 1566 pluvia
1580 1502 1692 1549 tres
1724 1493 1840 1547 dies
1885 1492 2064 1548 conti-

478 1604 639 1643 nuos.
666 1588 1001 1644 Accedentes
1029 1597 1212 1643 autem
1244 1588 1346 1641 viri
1384 1587 1469 1642 ad‘
1492 1587 1718 1641 domum
1749 1582 2063 1654 Epiphami,

478 1678 747 1747 regabant
774 1692 921 1744 eum,
954 1686 1016 1731 ut
1043 1678 1261 1733 sisteret
1288 1676 1549 1745 pluviam,
1582 1689 1705 1744 quae
1731 1674 1961 1729 cadebat
1999 1674 2069 1728 de

476 1769 637 1824 coelo.
688 1768 842 1824 Tunc
890 1768 1027 1822 dixit
1076 1769 1155 1822 eis
1203 1768 1584 1838 Epiphanius:
1627 1765 1770 1830 Quid
1828 1780 1917 1819 me
1945 1779 2067 1819 esse

2174 576 2304 644 ὑμῖν
2350 572 2475 644 ήδη,
2503 573 2586 625 ὅτι
2611 569 2934 642 ἁμαρτωλός
2953 572 3089 639 εἰμι.
3116 568 3238 621 Τῶν
3266 565 3322 618 δὲ
3349 565 3628 617 ἐπιπλεῑον
3658 581 3773 615 πει--

2173 665 2569 738 ρακαλούντων,
2599 663 2833 732 ἔφθασεν
2868 662 2988 733 ὥρα
3009 661 3175 731 ἐνάτη
3202 660 3301 729 τῆς
3321 658 3557 727 ἡμέρας.
3591 653 3769 710 Εἶπεν

2169 759 2227 811 δὲ
2258 758 2580 826 Ἐπιφάνιος
2612 755 2693 825 τῷ
2728 755 3048 826 ἡγουμένῳ⁶
3103 751 3428 822 Ἐπίτρεψον
3464 753 3577 813 τοῖς
3611 748 3769 801 άδελ-

2171 853 2313 921 φοίς,
2367 849 2781 922 παραθήσουσιν
2811 847 3094 919 τράπεζαν
3140 849 3253 908 τοῖς
3284 843 3592 915 ἀνθρώποις
3641 842 3773 895 τού-

2168 960 2304 1007 τοις,
2334 943 2429 996 καὶ
2484 942 2769 1011 φάγονται,
2802 941 2898 994 καὶ
2947 940 3325 1011 εὐφρανθῶσιν
3352 980 3368 1005 ,
3406 938 3501 990 καὶ
3532 935 3773 988 ἀπελεύ-

2172 1053 2355 1089 σονται
2380 1034 2477 1105 τὴν
2504 1033 2620 1087 όδὸν
2645 1032 2845 1086 αὐτῶν.
2874 1033 2985 1086 Καὶ
3015 1031 3335 1103 παρέθηκαν
3354 1029 3432 1099 (a)
3457 1026 3771 1100 τράπεζαν,

2170 1129 2265 1180 καὶ
2293 1124 2543 1195 εἰσῆλθεν
2566 1124 2887 1192 Ἐπιφάνιος
2910 1125 2968 1175 ὲν
2995 1124 3061 1192 τῇ
3081 1121 3243 1191 κέλλῃ
3266 1118 3454 1174 αὐτοῦ.
3481 1118 3673 1171 Αὐτῶν
3704 1117 3770 1170 δὲ

2169 1218 2489 1279 ἐσθιόντων,
2520 1212 2634 1286 ἦνὸ
2661 1215 2814 1286 ἥλιος
2843 1214 3176 1284 ἐπιπέμπων
3194 1212 3292 1275 τὰς
3320 1211 3543 1273 ἀκτῖνας
3574 1208 3767 1273 αὐτοῦ,

2170 1310 2362 1380 ὥσπερ
2393 1309 2454 1362 τὸ
2479 1308 2669 1379 θέροςο
2703 1307 2799 1360 καὶ
2828 1306 3087 1375 ἐξαίφνης
3132 1305 3320 1366 σκότος
3377 1303 3614 1370 ἐγένετο,
3668 1301 3768 1354 καὶ

2170 1399 2471 1470 ἀστραπαὶ,
2495 1399 2590 1451 καὶ
2633 1397 2873 1469 βρονταὶ,
2900 1398 2996 1449 καὶ
3022 1396 3178 1458 ὑετὸς
3205 1394 3374 1465 μέγας
3410 1392 3649 1463 ἐπῆλθεν
3670 1393 3769 1442 ἐπὶ

2168 1492 2267 1562 τὴν
2293 1491 2420 1561 γῆν.
2456 1490 2593 1543 Ἀπὸ
2618 1490 2675 1543 δὲ
2709 1488 2875 1558 φόϐου
2929 1488 3234 1559 ἀνέστησαν
3285 1486 3486 1547 πάντες
3526 1484 3637 1537 ἀπὸ
3665 1484 3767 1553 τῆς

2166 1583 2466 1657 τραπέζης.
2503 1583 2621 1637 Οὐκ
2646 1575 2715 1654 ἦν
2743 1582 2799 1636 δὲ
2832 1582 2998 1644 τόπος
3024 1580 3119 1633 ἐπὶ
3173 1578 3355 1649 πάσης
3380 1578 3480 1647 τῆς
3500 1576 3765 1645 Φοινίκης

2166 1677 2278 1741 οἷος
2305 1677 2405 1730 οὐκ
2437 1675 2655 1739 ἐδέξατο
2683 1675 2783 1746 τὴν
2822 1673 3097 1742 εὐλογίαν.
3160 1672 3413 1741 Ἔμεινεν
3446 1669 3504 1721 δὲ
3552 1670 3581 1719 ὁ
3607 1668 3767 1729 ὐετὸς

2168 1770 2261 1822 ἐπὶ
2283 1768 2346 1821 τὸ
2374 1768 2507 1821 αὐτὸ
2540 1769 2691 1836 τρεῖς
2724 1763 2956 1836 ἡμέρας.
2982 1765 3092 1817 Καὶ
3126 1760 3513 1833 προσελθόντες
3557 1760 3608 1811 οἱ
3669 1759 3766 1812 άν-

476 1861 827 1927 existimatis,
863 1876 896 1913 ο
946 1861 1081 1914 lilii?
1122 1859 1256 1915 Nam
1326 1875 1429 1930 ego
1465 1874 1686 1929 quoque
1736 1858 1899 1911 homo
1948 1872 2068 1912 sum

2172 1862 2297 1933 δρες
2316 1860 2395 1931 τῷ
2426 1860 2691 1929 οἰκήματι
2739 1856 3063 1925 Ἑπιφανίου
3112 1854 3456 1925 παρεκάλουν
3486 1852 3762 1919 λέγοντες,

478 1949 622 2005 sicut
656 1966 768 2005 vos.
821 1950 937 2004 Scit
985 1959 1165 2004 autem
1206 1949 1540 2013 benefactor,
1594 1948 1857 2018 quidnam
1903 1946 2060 2001 nobis

480 2056 621 2110 opus
664 2042 757 2097 sit.
790 2041 1038 2098 Vultisne
1077 2055 1312 2097 vestram
1357 2043 1500 2096 viam
1532 2041 1759 2097 redire?
1813 2040 1898 2093 Illi
1929 2054 2061 2095 vero

478 2132 717 2188 dicunt:
762 2133 944 2201 Certe,
997 2133 1176 2188 Pater.
1214 2133 1289 2188 Eo
1328 2144 1510 2189 autem
1562 2149 1594 2188 e
1643 2134 1780 2188 cella
1815 2147 2061 2203 egresso,

480 2241 675 2280 omnes
704 2227 1021 2297 congregati
1069 2242 1195 2281 eum
1247 2228 1743 2281 circumsteterunt.
1782 2226 1927 2279 Dixit
1963 2240 2065 2279 au-

479 2325 589 2371 tem
620 2332 814 2371 rursus
836 2316 1089 2389 praefecto
1119 2336 1133 2372 :
1176 2319 1497 2386 Apponatur
1521 2318 1603 2373 eis
1634 2334 1844 2373 mensa.
1901 2316 2070 2371 Cum-

479 2423 588 2477 que
621 2409 1019 2471 consedissent,
1054 2408 1123 2462 ab
1152 2408 1456 2481 Epiphanio
1494 2410 1750 2478 petebant
1808 2416 1866 2461 ut
1904 2407 2068 2461 bene-

480 2502 702 2555 diceret.
741 2500 877 2555 Cum
921 2510 1105 2556 autem
1141 2503 1369 2559 dixisset
1401 2504 1742 2574 Epiphanius
1779 2522 1791 2557 :
1837 2501 2063 2556 Benedi-

480 2602 604 2647 ctus
635 2591 811 2659 Deus,
862 2594 1045 2649 statim
1079 2610 1109 2648 a
1132 2602 1277 2650 terra
1325 2612 1576 2667 repressa
1604 2606 1688 2651 est
1733 2596 1936 2666 pluvia.
1971 2594 2062 2648 Vi-

478 2682 563 2735 dit
614 2697 744 2739 vero
791 2683 1126 2754 Epiphanius
1161 2702 1416 2757 magnam
1468 2688 1571 2741 sibi
1625 2688 1680 2741 in
1730 2688 1824 2741 illo
1870 2701 2061 2740 mona-

483 2774 650 2829 sterio
678 2775 795 2829 ﬁeri
818 2777 1304 2846 perturbationem,
1333 2790 1388 2835 et
1414 2795 1610 2835 rursus
1639 2778 1889 2848 quaesivit
1912 2791 2062 2830 rece—

479 2861 630 2919 dere.

2168 1954 2380 2017 Ὄπως,
2409 1953 2596 2022 φασὶν,
2625 1950 2714 2004 διὰ
2746 1951 3015 2021 στόματός
3042 1966 3136 2002 σου
3166 1953 3371 2020 στήσῃς
3397 1946 3490 2000 τὸν
3536 1945 3765 2017 οὐρανό-

2168 2046 2261 2098 θεν
2285 2044 2459 2097 ὐετόν.
2496 2040 2665 2097 Εἶπεν
2694 2043 2751 2095 δὲ
2784 2042 3103 2111 Ἐπιφάνιος
3132 2041 3268 2114 πρὸς
3297 2038 3496 2103 αὐτούς
3519 2056 3531 2067 ·
3562 2039 3650 2103 Τί,
3673 2038 3765 2089 τέο

2170 2154 2295 2198 κνα,
2340 2137 2621 2205 λογίζεσθε
2655 2139 2741 2190 ἐπ’
2773 2138 2875 2206 ἐμὲ
2923 2137 3133 2200 ταῦτας
3186 2137 3472 2208 ἄνθρωπος
3502 2134 3613 2206 γάρ
3644 2136 3763 2203 εἰμι.

2168 2226 2358 2298 ὥσπερ
2384 2228 2480 2281 καὶ
2509 2228 2682 2298 ὑμεῖς.
2720 2224 2877 2281 Οἶδεν
2900 2228 2958 2282 δέ
2982 2229 3036 2305 τί
3065 2228 3340 2299 χρῄζομεν
3365 2230 3394 2281 ὁ
3440 2226 3758 2297 εὐεργέτης.

2168 2316 2234 2370 Εἰ
2274 2316 2529 2386 βούλεσθε
2555 2316 2887 2387 πορεύεσθαι
2914 2318 3015 2389 τὴν
3046 2318 3163 2371 ὁδὸν
3190 2317 3374 2387 ὐμῶν;
3408 2319 3470 2369 υἱ
3498 2317 3555 2368 δὲ
3591 2316 3761 2386 φασί·

2168 2408 2298 2472 Ναὶ,
2337 2411 2541 2481 Πάτερ.
2566 2412 2740 2475 Αὐτὸς
2770 2413 2827 2465 δὲ
2850 2412 3081 2479 ἐξελθὼν
3111 2415 3177 2465 ἐκ
3198 2412 3296 2466 τοῦ
3331 2413 3568 2474 κελλίου,
3597 2412 3765 2465 ᾶπαν-

2170 2516 2262 2562 τες
2296 2502 2663 2572 συνήχθησαν,
2688 2504 2785 2557 καὶ
2810 2503 3075 2558 ἐκύκλουν
3098 2506 3280 2558 αὐτόν.
3316 2501 3487 2558 Εἶπεν
3520 2505 3577 2557 δέ
3604 2504 3765 2559 πάλιν

2169 2590 2487 2660 Ἐπιφάνιος
2514 2592 2593 2663 τῷ
2612 2594 2900 2665 ἡγουμένῳ
2924 2615 2938 2626 ο
2972 2595 3318 2666 Ἐπίτρεψόν,
3350 2595 3766 2666 παραθήσουσιν

2166 2681 2446 2751 τράπεζαν
2478 2686 2591 2746 τοῖς
2640 2684 2953 2755 ἀνθρώποις
2975 2726 2990 2750 ,
3026 2687 3121 2739 καὶ
3166 2687 3451 2756 φάγονται,
3495 2687 3590 2740 καὶ
3624 2686 3764 2739 πίω-

2169 2790 2253 2827 σιν
2273 2816 2288 2839 ,
2321 2777 2415 2827 καὶ
2444 2776 2833 2831 ἀπελεύσονται
2864 2779 2963 2850 τὴν
2996 2778 3202 2832 ἑαυτῶν
3226 2779 3367 2832 ὁδόν.
3408 2780 3497 2842 Ὠς
3523 2778 3579 2831 δὲ
3600 2777 3767 2831 ἐκαθ-

2166 2866 2404 2936 έσθησαν
2444 2869 2686 2934 ἅπαντες
2752 2871 2847 2924 ἐπὶ
2880 2871 3179 2943 τραπέζης,
3211 2872 3373 2942 ⁴ᾔτουν
3404 2872 3496 2926 τὸν
3531 2872 3766 2939 Ἐπιφά.

482 2972 593 3010 νιον
623 2959 717 3012 τοῦ
766 2962 1077 3032 εὐλογῆσαι.
1119 2962 1177 3017 '0
1206 2963 1262 3016 δὲ
1300 2962 1617 3030 Ἐπιφάνιος
1661 2962 1736 3025 ὡς
1792 2956 1943 3013 εἶπεν
1978 2960 2058 3010 τό·
2104 2957 2413 3031 Εὐλογητὸς
2440 2960 2664 3032 Κύριος,
2729 2961 2933 3025 εὐθέως
2964 2964 2992 3015 ὁ
3023 2964 3176 3026 ὑετὸς
3228 2963 3465 3016 ἔστειλεν
3532 2964 3643 3016 ἀπὸ
3665 2965 3766 3023 τῆς

479 3052 605 3119 γῆς.
641 3049 794 3105 Εἷδεν
830 3053 885 3106 δὲ
914 3054 1233 3124 Ἐπιφάνιος
1269 3054 1432 3108 πάλιν
1472 3055 1571 3123 τὴν
1604 3054 1808 3124 πολλὴν
1873 3052 2092 3123 ὄχλησιν
2130 3049 2227 3120 τὴν
2288 3052 2580 3123 γινομένην
2601 3053 2750 3124 αὐτῷ
2783 3055 2842 3106 ἐν
2889 3053 2968 3125 τῷ
3002 3055 3370 3125 μοναστηρίῳ,
3433 3055 3531 3108 καὶ
3600 3055 3769 3108 πάλιν

480 3144 747 3214 ἐζήτησεν
780 3146 1232 3216 ὐπαναχωρῆσαι.

554 3234 769 3289 XXXII.
808 3235 946 3289 Cum
978 3246 1159 3291 autem
1197 3236 1494 3307 aliquando
1539 3236 1926 3291 convenissent
1947 3233 2049 3303 epi.

2237 3230 2363 3282 AB'.
2390 3229 2530 3281 Ποτὲ
2553 3228 2685 3298 γοῦν
2712 3231 2762 3282 oi
2788 3230 3077 3284 ἐπίσκοποι
3105 3230 3371 3302 συλλογὴν
3401 3233 3766 3304 ποιησάμενοι

481 3326 633 3394 scopi
665 3340 764 3393 pro
813 3326 1052 3379 creando
1103 3327 1386 3396 episcopo,
1447 3327 1779 3381 mentionem
1816 3324 2063 3379 fecerunt

2172 3322 2299 3392 περὶ
2334 3320 2659 3387 ἐπισκόπου,
2710 3322 3061 3393 ἐμνήσθησαν
3108 3322 3236 3394 περὶ
3273 3325 3619 3393 Ἐπιφανίου.
3654 3323 3768 3381 Ἦν

483 3416 796 3486 Epiphanii.
839 3415 971 3470 Erat
1016 3416 1161 3471 enim
1194 3418 1415 3487 quidam
1454 3418 1757 3471 monachus
1783 3417 1837 3470 in
1885 3415 2064 3469 medio

2172 3413 2222 3466 δέ
2249 3430 2333 3477 τις
2371 3413 2602 3483 μοναχὸς
2631 3416 2689 3465 ἐν
2718 3413 2871 3484 μέσῳ
2890 3414 2997 3467 τῶν
3035 3415 3376 3480 ἐπισκόπων,
3422 3417 3564 3489 ἀνὴρ
3596 3418 3769 3472 εὐλα-

482 3510 892 3578 episc0porum,
924 3509 1008 3562 vir
1052 3510 1205 3577 pius,
1236 3517 1396 3564 aetate
1421 3511 1661 3579 juvenis,
1702 3508 1973 3579 perfectus
2007 3509 2061 3562 in

2172 3506 2288 3575 ϐὴς,
2315 3506 2435 3568 νέος
2463 3506 2748 3575 τυγχάνων
2778 3508 2845 3576 τῇ
2874 3505 3081 3577 ἡλικίᾳ,
3108 3507 3312 3571 τέλειος
3347 3508 3422 3562 ὣν
3450 3512 3509 3561 ἐν
3544 3527 3765 3581 σωφρο-

485 3600 847 3669 temperautia
896 3615 961 3653 ac
1004 3600 1395 3666 moderatione,
1433 3603 1656 3656 nomine
1695 3602 1971 3671 Polybius.
2018 3602 2066 3654 Is

2172 3597 2322 3670 σύνῃ,
2353 3597 2613 3661 Πολύϐιος
2641 3597 2885 3668 ὀνόματι.
2912 3593 3080 3662 Οὗτος
3096 3599 3153 3652 δὲ
3166 3599 3282 3670 ᾔδει
3311 3600 3402 3653 τὸν
3416 3601 3761 3670 Ἐπιφάνιον.

486 3699 715 3743 noverat
757 3688 1145 3758 Epiphanium.
1177 3688 1240 3743 Ei
1269 3700 1452 3745 autem
1477 3692 1734 3745 dixerunt
1782 3691 2021 3760 episcopi
2050 3709 2062 3743 :

2172 3685 2336 3744 Εἶπον
2356 3689 2411 3742 δὲ
2428 3690 2564 3761 πρὸς
2584 3690 2745 3743 αὐτὸν
2757 3691 2807 3742 οἱ
2836 3691 3125 3748 ἐπίσκοποι
3148 3710 3160 3723 ⁸
3179 3694 3323 3747 Λάϐε
3359 3695 3653 3767 ὑποζύγιον
3668 3697 3767 3762 ὀξὺ

486 3780 686 3848 Accipe
712 3794 939 3848 equum,
973 3788 1027 3832 et
1048 3779 1183 3832 vade
1209 3780 1263 3833 in
1296 3780 1712 3843 monasterium,
1738 3788 1794 3832 et
1828 3780 1948 3832 vide
1997 3794 2066 3831 an

2172 3784 2279 3844 τοῖς
2308 3782 2456 3846 ποσὶ,
2493 3783 2585 3835 καὶ
2623 3781 2824 3835 ἄπελθε
2852 3785 2908 3834 ἐν
2952 3782 3031 3852 τῷ
3063 3784 3428 3856 μοναστηρίῳ,
3465 3789 3556 3840 καὶ
3580 3788 3678 3853 ῐδε,
3713 3791 3768 3842 εξ

489 3864 563 3918 sit
612 3864 724 3919 illic
773 3863 1137 3935 Epiphanius,
1186 3874 1241 3919 et
1296 3882 1524 3921 currens
1571 3868 1836 3920 annuntia
1888 3866 2063 3920 nobis.

488 3953 704 4009 Nemini
732 3971 860 4011 vero
885 3957 1112 4022 dixeris,
1137 3966 1193 4010 et
1222 3971 1322 4011 nec
1355 3958 1460 4026 ipsi
1494 3958 1713 4027 quidem
1742 3956 2063 4026 Epiphanio.

488 4048 629 4102 Cum
674 4059 856 4104 autem
921 4048 1178 4121 Polybius
1236 4050 1473 4105 venisset
1511 4052 1566 4105 in
1637 4052 2066 4119 monasterium,

489 4142 749 4197 salutavit
777 4141 1160 4212 Epiphanium.
1192 4142 1291 4198 Cui
1339 4142 1429 4198 ille
1462 4143 1639 4196 dixit:
1691 4142 1822 4210 Cur,
1868 4144 1943 4198 (ili
1974 4145 2071 4199 Po-

491 4233 622 4305 lybi,
666 4233 771 4289 huc
807 4236 1037 4290 venisti?
1070 4235 1211 4290 Dicit
1244 4235 1503 4308 Polybius
1533 4257 1545 4291 :
1592 4238 1728 4308 Ego,
1759 4237 1939 4303 Pater,
1976 4253 2071 4293 vo-

492 4324 548 4378 lo
578 4341 906 4382 concurrere
944 4344 1071 4382 cum
1107 4330 1353 4382 veritate.
1383 4329 1525 4382 Dixit
1559 4328 1896 4399 Epiphanius
1924 4348 1936 4384 :
1964 4332 2068 4385 Ac—

492 4414 739 4478 curristi,
776 4417 1097 4486 venistique
1140 4417 1269 4483 huc,
1314 4433 1347 4471 ο
1399 4419 1476 4473 ﬁli
1520 4418 1743 4490 Polybi,
1792 4419 1995 4474 missus
2041 4437 2070 4473 a

494 4508 703 4561 sanctis
724 4510 1096 4565 sacerdotibus
1124 4513 1189 4565 ad
1215 4513 1603 4581 speculandum
1626 4532 1639 4580 ;
1674 4515 1784 4568 noli
1811 4515 2007 4579 celare,
2038 4530 2072 4569 o

497 4598 572 4652 iiIi
593 4638 607 4663 ,
634 4599 776 4653 mala
807 4615 896 4655 res
924 4611 1009 4657 est
1050 4604 1423 4671 mendacium,
1461 4605 1551 4660 die
1579 4607 1885 4661 veritatem.
1927 4607 2070 4663 Deus

494 4698 580 4743 est
608 4690 664 4743 in
692 4690 905 4757 medio;
949 4701 1069 4747 esto
1114 4697 1320 4763 probus
1362 4697 1609 4751 minister
1641 4699 1907 4753 veritatis.
1944 4697 2073 4768 Epi-

496 4781 732 4848 phanius
763 4781 907 4836 enim
954 4783 1106 4837 vadit
1138 4786 1206 4839 de
1236 4786 1357 4840 loco
1404 4788 1470 4840 ad
1522 4787 1725 4850 locum,
1767 4804 1990 4858 gemens
2018 4798 2073 4845 et

496 4881 734 4928 tremens
782 4883 1001 4942 propter
1031 4878 1199 4931 multa
1248 4894 1343 4934 sua
1378 4890 1615 4947 peccata.
1663 4879 1767 4937 Sed
1819 4883 2067 4952 agedum,

497 4964 707 5036 Polybi,
747 4980 907 5021 mane
960 4968 1068 5030 hic,
1123 4979 1177 5023 et
1226 4972 1441 5025 remitte
1488 4972 1820 5040 iumentum,
1864 4981 1919 5027 et
1952 4974 2069 5027 sine

496 5056 809 5111 sacerdotes
842 5072 1085 5125 quaerere
1111 5074 1209 5114 eos
1236 5061 1329 5129 qui
1352 5061 1502 5131 digni
1534 5072 1664 5117 sunt
1684 5062 1839 5117 locis.
1884 5062 2074 5116 Paruit

499 5144 804 5216 Epiphanio
832 5144 1129 5218 Polybius;
1176 5159 1231 5204 et
1256 5165 1382 5204 cum
1408 5150 1590 5206 valere
1618 5151 1873 5220 jussisset
1902 5154 2074 5207 comi-

501 5246 633 5303 tem,
676 5241 885 5295 remisit
926 5257 1128 5310 equum
1168 5243 1234 5296 ad
1261 5244 1569 5312 episcopos.
1614 5243 1715 5309 Qui
1760 5254 1944 5299 autem
1983 5246 2079 5300 du-

500 5332 656 5385 cebat
684 5330 1068 5403 Epiphanium,
1100 5349 1225 5387 eum
1253 5334 1409 5388 duxit
1436 5337 1489 5388 in
1523 5337 1799 5406 regionem
1850 5338 2077 5409 Cyprio-

505 5438 649 5476 rum.
684 5422 778 5478 llla
824 5440 955 5494 ergo
988 5434 1149 5479 nocte
1182 5428 1392 5497 accepit
1454 5444 1540 5481 me
1589 5438 1643 5483 et
1674 5428 1985 5500 Polybium,
2027 5440 2080 5484 et

502 5514 709 5583 egressi
736 5531 927 5571 sumus
953 5517 1361 5586 proﬁciscentes
1392 5518 1786 5590 Hierosolyma.
1818 5522 2075 5576 Fuimus—

503 5619 614 5675 que
639 5604 749 5659 illic
778 5614 887 5660 tres
912 5607 1047 5661 dies.
1096 5605 1240 5661 Dixit
1270 5617 1451 5661 autem
1498 5610 1658 5666 nobis
1699 5609 2074 5681 Epiphanius:

577 5759 653 5823 (a)
695 5757 847 5828 Legit
878 5758 1144 5829 interpres
1186 5759 1512 5831 παρέθηκεν.

2171 3875 2287 3926 ἐκεῖ
2311 3875 2457 3925 ἐστιν
2482 3873 2827 3942 Ἐπιφάνιος,
2866 3874 2951 3928 καὶ
2989 3874 3212 3945 δραμὼν
3248 3877 3567 3946 ἀνάγγειλον
3591 3881 3727 3949 ἡμῖν
3747 3896 3766 3912 ⁶

2174 3964 2365 4034 μηδενὶ
2390 3964 2448 4016 δὲ
2473 3964 2630 4017 τοῦτο
2642 3965 3005 4037 ἀπαγγείλῃς,
3027 3966 3162 4036 μηδὲ
3187 3967 3333 4037 αὐτῷ
3345 3968 3421 4039 τῷ
3436 3969 3766 4043 Ἐπιφανίῳ.

2184 4056 2386 4110 Ἐλθὼν
2401 4052 2494 4109 οὖν
2510 4060 2538 4109 ό
2559 4056 2816 4119 Πολύϐιος
2832 4059 2889 4110 ἐν
2912 4056 2990 4127 τῷ
3008 4060 3369 4130 μοναστηρίῳ,
3386 4061 3656 4130 εἰσῆλθεν,
3673 4066 3768 4116 καὶ

2172 4148 2458 4219 ἠσπάσατο
2482 4148 2572 4201 τὸν
2602 4150 2936 4217 Ἐπιφάνιον.
2952 4146 3122 4203 Εἶπεν
3147 4150 3532 4220 δὲἘπιφάνιος
3555 4152 3632 4222 τῷ
3658 4156 3768 4207 Πο-

2172 4241 2357 4311 λυϐίῳ·
2381 4242 2467 4306 Τί,
2484 4242 2670 4295 τέκνον
2688 4241 2939 4307 Πολύϐιε,
2966 4238 3129 4312 ἦλθες
3150 4243 3409 4309 ἐνταῦθα;
3429 4243 3690 4309 Πολύϐιος
3707 4247 3765 4299 δὲ

2173 4330 2324 4387 εἶπεν
2363 4335 2695 4404 Ἐπιφανίῳ’
2722 4333 2867 4403 Ἐγὼ
2888 4334 3169 4404 βούλομαι,
3199 4336 3404 4407 Πάτερ,
3450 4340 3765 4410 συντρέχειν

2172 4430 2238 4499 τῇ
2259 4426 2505 4499 ἀληθείᾳ.
2536 4424 2707 4481 Εἶπεν
2726 4426 2783 4479 δὲ
2813 4428 3130 4495 Ἐπιφάνιος
3152 4426 3229 4498 τῷ
3248 4429 3493 4501 Πολυϐίῳ
3510 4449 3523 4461 ·
3564 4432 3766 4505 Ἐδρα-

2180 4537 2297 4590 μες,
2327 4519 2601 4582 ἐϐάδισας,
2629 4518 2817 4570 τέκνον
2837 4515 3091 4581 Πολύϐιε,
3129 4519 3402 4589 πεμφθεὶς
3429 4521 3577 4592 παρὰ
3599 4524 3765 4577 ὁσίων

2178 4612 2387 4682 ἀνδρῶν
2421 4612 2514 4663 ἐπὶ
2547 4611 2977 4680 κατασκοπήσει.
3034 4612 3124 4682 Μὴ
3154 4611 3385 4683 κρύπτε,
3420 4614 3635 4669 τέκνον·
3664 4635 3765 4670 κα-

2176 4706 2271 4757 κὸν
2302 4704 2364 4757 τὸ
2396 4702 2592 4772 ψεῦδος
2612 4718 2626 4731 ·
2666 4701 2792 4769 λέγε
2822 4700 2921 4772 τὴν
2965 4700 3218 4771 ἀλήθειαν
3242 4720 3255 4733 ·
3289 4704 3421 4768 Θεὸς
3460 4708 3518 4759 ἐν
3572 4707 3726 4779 μέσῳ
3746 4727 3759 4738 ·

2175 4799 2326 4867 γίνου
2354 4796 2575 4865 δόκιμος
2601 4794 2846 4857 διάκονος
2870 4794 2971 4863 τῆς
2997 4794 3274 4866 ἀληθείας.
3300 4798 3623 4867 Ἑπιφάνιος
3654 4801 3763 4871 γὰρ

2176 4890 2525 4961 περιέρχεται
2562 4888 2722 4940 τόπον
2748 4888 2813 4939 ἐκ
2834 4887 3023 4949 τόπου,
3051 4888 3251 4940 στένων
3285 4890 3378 4941 καὶ
3415 4892 3635 4960 τρέμων
3675 4890 3765 4944 διὰ

2175 4986 2273 5046 τὰς
2300 4980 2593 5052 ἁμαρτίας.
2624 4977 2785 5029 Ἀλλὰ
2799 4977 2959 5047 δεῦρο
2988 4978 3073 5048 δὴ,
3101 4978 3351 5045 Πολύϐιε,
3384 4981 3511 5051 μένε
3551 4982 3741 5037 ἐνθάδε

2171 5080 2269 5135 καὶ
2307 5072 2625 5130 ἀπόστειλον
2654 5071 2717 5123 τὸ
2750 5070 3046 5139 ὑποζύγιον
3080 5074 3193 5135 τοῖς
3237 5073 3477 5143 ἱερεῦσι,
3510 5075 3601 5127 καὶ¹
3627 5048 3765 5145 ἄφες

2172 5174 2299 5234 τοὺς
2332 5170 2495 5239 ἱερεῖς
2535 5167 2717 5236 ζητεῖν
2746 5164 2874 5225 τούς
2912 5163 3095 5227 ἀξίους
3132 5163 3240 5217 τῶν
3268 5165 3468 5219 τόπων.
3497 5167 3681 5219 Ταῦτα
3704 5167 3763 5218 δὲ

2176 5259 2345 5314 εἰπὼν
2370 5254 2690 5323 Ἐπιφάνιος
2717 5251 2795 5322 τῷ
2825 5251 3093 5321 Πολυϐίῳ,
3122 5250 3326 5315 εὐθέως
3350 5252 3568 5318 ἐδέξατο
3594 5254 3623 5303 ό
3653 5253 3762 5306 Πο-

2177 5352 2362 5412 λύϐιος
2385 5348 2476 5400 τὸν
2523 5346 2680 5412 λόγον
2704 5342 3027 5412 Ἐπιφανίου
3056 5360 3069 5373 ν
3111 5342 3205 5395 καὶ
3250 5342 3314 5413 δὴ
3358 5343 3763 5414 συνταξάμενος

2182 5442 2260 5513 τῷ
2292 5436 2591 5506 ἀκολούθῳ,
2627 5434 2943 5487 ἀπέστειλεν
2969 5434 3029 5486 τὸ
3063 5433 3355 5502 ὑποζύγιον
3401 5437 3512 5497 τοῖς
3541 5435 3765 5487 ἐπισκό-

2186 5549 2339 5596 ποις⁶
2379 5532 2472 5583 καὶ
2498 5530 2526 5580 ὁ
2560 5528 2710 5596 ἄγων
2742 5522 2877 5595 ἦγεν
2901 5527 2992 5579 τὸν
3031 5527 3349 5595 Ἑπιφάνιον
3378 5522 3489 5579 ’ἐπὶ
3514 5528 3611 5596 τῆς
3645 5528 3762 5579 Κυ-

2188 5626 2381 5697 πρίων,
2416 5622 2497 5694 Τῇ
2524 5617 2617 5675 οὖν
2652 5619 2810 5676 νυκτὶ
2839 5618 3020 5689 ἐκείνῃ
3050 5617 3230 5674 λαϐὼν
3261 5617 3359 5689 ἐμὲ
3411 5617 3618 5671 καὶτὸν
3657 5620 3764 5672 Πο-

3010 5812 3058 5847 Α
