4088 6362
342 328 405 379 65
1286 378 1291 382 ,
1623 319 1679 376 s.
1702 306 2062 375 'EPIPHANII
2100 319 2291 376 VITA.
3532 316 3602 374 66

342 440 533 502 λύϐιον,
570 436 867 508 ἐξήλθομεν
898 439 962 491 ἐκ
998 438 1092 491 τοῦ
1149 450 1388 508 μοναστη
1401 437 1539 507 ρίου,
1572 440 1667 492 καὶ
1689 439 1919 508 ἐπορεύ-
1950 491 1956 503 η

1986 474 1995 503 ι
2024 439 2268 509 Agedum
2287 480 2302 504 ,
2335 438 2467 505 ﬁlii,
2506 448 2696 493 eamus
2724 446 2778 491 et
2806 438 3141 508 accipiamus
3167 437 3600 494 benedictionem

342 533 503 602 θημεν
555 531 615 582 ἐν
654 529 1049 599 Ἱεροσολύμοις
1076 529 1167 581 τοῦ
1214 530 1592 600 προσκυνῆσαι
1638 529 1738 601 τὴν
1771 529 1917 601 ζωὴν

2017 547 2045 585 a
2074 530 2237 586 Patre
2268 542 2458 584 nostro
2496 545 2694 601 magno
2736 529 3029 586 Hilarione.
3056 531 3235 585 Audio
3279 532 3423 587 enim
3474 546 3602 586 cum

341 620 485 691 ήμῶν
510 620 603 673 τὸν
630 620 813 689 τίμιον
838 619 1103 690 σταυρόνο
1154 620 1249 673 καὶ
1282 618 1619 681 εἰσελθόντες
1653 621 1918 688 ἐποιήσα-

2020 638 2142 679 esse
2176 624 2231 677 in
2260 623 2461 693 Cypro.
2495 622 2600 689 Qui
2636 631 2818 677 autem
2858 622 3112 686 ducebat,
3145 623 3303 678 duxit
3343 623 3438 679 illo
3474 620 3604 693 Epi-

342 729 434 781 μεν
470 712 527 763 ἐν
545 712 612 780 τῇ
638 712 790 764 πόλει
819 713 969 779 τρεῖς
1008 711 1240 782 ἡμέρας.
1294 706 1465 764 Εἶπεν
1508 710 1565 761 δὲ
1604 711 1923 779 Ἐπιφάνιος
2022 713 2306 781 phanium.

338 803 465 873 πρὸς
494 804 596 872 ἐμέ
625 820 683 856 τε
720 802 814 855 καὶ
836 802 926 854 τὸν
955 802 1244 855 Πολύϐιον·
1284 802 1448 855 Δεῦτε
1488 801 1552 874 δὴ
1591 803 1685 853 καὶ
1738 802 2113 874 πορευθῶμεν,
2144 805 2290 867 ὅπως
2317 804 2421 856 ὑπὸ
2446 803 2553 857 τοῦ-
2596 803 2811 875 Πατρδς
2839 804 2997 876 ἡμῶν
3051 804 3453 875 εύλογηθῶμῑν,
3506 805 3606 859 τοῦ

340 893 563 964 μεγάλου
604 894 906 965 Ὶλαρίωνος
924 910 938 926 ·
980 894 1193 964 ἀκήκοα
1215 894 1327 966 γὰρ
1356 894 1495 947 εἶναι
1523 894 1685 948 αὑτὸν
1714 895 1771 945 ἐν
1800 897 1911 958 τοῖς
1951 898 2233 968 Κυπρίων.
2273 898 2384 950 Καὶ
2409 900 2436 950 ὁ
2466 898 2613 965 ἄγων
2651 894 2785 969 ἦγεν
2809 898 2899 951 τὸν
2922 899 3262 968 Ἐπιφάνιον.

399 988 517 1039 Al".
555 986 948 1039 Κατελθόντων
982 986 1039 1039 δὲ
1077 986 1233 1056 ήμῶν
1280 988 1339 1041 ἐν
1372 989 1714 1061 Καισαρείᾳ,
1750 988 1903 1060 ηὖρο-
1994 996 1999 1003 “

1994 996 1999 1003 ‘
2092 990 2329 1044 XXXIII.
2390 989 2527 1044 Cum
2575 1004 2706 1043 vero
2752 990 3101 1044 venissemus
3143 988 3470 1054 Caesaream,
3521 988 3606 1041 in"

340 1096 428 1149 μεν
452 1080 569 1132 ἐκεῖ
602 1079 783 1132 πλοῖον
809 1078 1055 1151 Κύπριον
1079 1078 1279 1132 ἔσωθεν
1306 1080 1407 1149 τῆς
1451 1081 1657 1144 πόλεως
1685 1081 1873 1149 Πάφου
1895 1096 1910 1111 ⁸

2019 1084 2273 1137 venimus
2304 1083 2413 1137 illic
2448 1097 2639 1136 navem
2676 1081 2929 1152 Cypriam
2966 1096 3034 1136 ex
3089 1080 3335 1135 interiori
3379 1080 3607 1151 regione

336 1173 420 1223 καὶ
471 1171 834 1243 ἐπηρώτησεν
891 1172 1211 1240 Ἐπιφάνιος
1276 1171 1368 1224 τὸν
1441 1172 1761 1243 κυριεύοντα
1793 1173 1911 1226 κτοῦ

2017 1173 2223 1244 Paphi;
2258 1183 2313 1229 et
2341 1175 2556 1244 rogavit
2599 1173 2936 1243 Epiphanius
2988 1173 3326 1227 navarchum
3374 1174 3442 1227 de
3487 1187 3605 1226 ma-

337 1262 511 1314 πλοίου
543 1264 673 1333 περὶ
698 1262 794 1315 τοῦ
828 1262 1064 1333 μεγάλου
1104 1262 1408 1332 Ἱλαρίωνος
1433 1264 1494 1316 τὸ
1521 1263 1622 1316 ποῦ
1646 1266 1909 1317 κατοικεῖ·

2017 1282 2124 1336 gno
2166 1264 2464 1331 Hilarione,
2516 1265 2610 1320 ubi
2646 1265 2949 1330 habitaret;
3016 1264 3407 1335 responditque
3449 1263 3601 1319 illum

335 1355 422 1406 ml.
450 1353 612 1417 αὐτὸς
642 1355 996 1426 ἀπήγγειλεν,
1033 1355 1115 1407 ὅτι
1163 1355 1221 1406 ἐν
1267 1347 1557 1425 περιοικίδι
1592 1355 1693 1425 τῆς
1722 1356 1910 1424 Πάφου

2018 1357 2073 1410 in
2104 1356 2281 1410 vicina
2312 1356 2501 1425 Papho
2543 1356 2766 1425 regione
2810 1356 2864 1409 in
2902 1356 3160 1425 spelunca
3195 1355 3391 1425 degere
3413 1395 3428 1421 ,
3459 1364 3512 1409 et
3544 1355 3602 1409 in

334 1447 386 1497 ἐν
419 1446 687 1516 σπηλαίῳ,
714 1446 809 1500 καὶ
838 1448 918 1499 ὅτι
942 1448 1059 1499 ἐκεῖ
1081 1446 1235 1516 ζητεῖ
1258 1448 1316 1500 ἐν
1348 1449 1415 1518 τῇ
1444 1448 1618 1517 Πάφῳ
1642 1447 1705 1499 τὸ
1730 1447 1912 1501 πλοῖον

2016 1447 2228 1509 eadem,
2282 1446 2478 1515 inquit,
2532 1444 2701 1515 Paphi
2744 1446 2967 1516 regione
3013 1446 3291 1516 navigium
3348 1454 3600 1500 nostrum

333 1536 500 1606 ήμῶν.
532 1538 615 1608 Τῇ
642 1534 734 1591 οῦν
769 1539 924 1591 νυκτὶ
946 1538 1132 1611 ἐκείνῃ
1163 1538 1481 1609 ἀπήλθομεν
1520 1540 1577 1590 ἐν
1610 1538 1685 1608 τῷ
1718 1539 1909 1609 πλοίῳ,

2018 1537 2231 1607 quaerit.
2274 1534 2443 1591 Nocte
2474 1536 2640 1606 igitur
2682 1537 2771 1590 illa
2805 1552 2942 1591 nave
2989 1536 3092 1591 ista
3135 1551 3454 1601 conscensa,
3493 1534 3601 1590 Pa-

334 1627 417 1678 καὶ
445 1626 866 1697 ἀπεπλεύσαμεν
893 1629 951 1680 ἐν
981 1628 1153 1696 Πάφῳ
1171 1644 1183 1657 ·
1231 1628 1327 1681 καὶ
1367 1627 1432 1699 δὴ
1458 1625 1767 1692 ἐξελθόντες
1803 1629 1912 1683 ἀπὸ

2018 1632 2187 1701 phum
2231 1631 2631 1699 navigavimus.
2686 1629 2753 1684 Et
2798 1630 3129 1685 e’xcensione
3177 1628 3321 1684 facta
3366 1628 3603 1684 interro-

331 1717 417 1770 τοῦ
447 1718 631 1770 πλοίου
662 1719 1091 1789 διερωτήσαντες
1126 1720 1550 1790 κατηντήσαμεν
1590 1723 1671 1783 εἰς
1691 1721 1783 1774 τὸν
1823 1721 1918 1792 μέ-

1987 1729 1989 1760 λ
2027 1734 2218 1793 gantes
2268 1726 2619 1795 pervenimus
2652 1726 2718 1779 ad
2767 1740 3026 1794 magnum
3060 1722 3417 1778 Hilarionem.
3474 1722 3601 1778 Fuit

332 1825 427 1875 γαν
460 1808 766 1879 Ἱλαρίωνα.
804 1810 917 1862 Καὶ
943 1810 1292 1862 εἰσελθόντων
1326 1810 1482 1881 ήμῶν
1512 1811 1729 1879 ἐγένετο
1767 1812 1913 1884 χαρά

2019 1830 2197 1872 autem
2234 1832 2429 1887 magna
2472 1817 2525 1870 in
2556 1821 2854 1888 congressu
2886 1816 3098 1880 laetitia,
3147 1824 3202 1870 et
3248 1815 3359 1871 illic
3387 1816 3598 1871 mansi-

334 1901 536 1972 μεγάλη
570 1902 666 1953 ἐπὶ
696 1905 762 1973 τῇ
800 1902 1080 1972 συντυχίᾳ,
1111 1903 1207 1955 καὶ
1229 1902 1529 1973 ἐμείναμεν
1560 1904 1621 1956 ἐν
1647 1902 1728 1973 τῷ
1760 1904 1911 1974 τόπῳ

2013 1924 2138 1963 mus
2194 1908 2332 1963 duos
2379 1909 2517 1964 dies.
2568 1906 2760 1976 Magna
2790 1916 2941 1962 ivero
2992 1922 3189 1961 rursus
3237 1913 3321 1962 est
3355 1906 3598 1962 exhibita

329 1993 515 2062 ἐκείνῳ
546 1992 642 2047 δύο
670 1994 868 2064 μῆνας.
920 1990 1084 2064 Εἷχεν
1125 1994 1181 2047 δὲ
1230 1995 1396 2048 πολὺν
1451 1994 1619 2049 κόπον
1667 1995 1911 2067 Ἰλαρίων

2015 2000 2281 2056 Hilarioni
2316 2001 2566 2056 molestia
2588 2001 2657 2054 ab
2680 2000 2749 2055 iis
2796 2001 2889 2067 qui
2932 1999 3000 2054 ad
3034 1999 3214 2069 ipsum
3243 2000 3596 2055 accedebant.

328 2084 429 2138 ἀπὸ
452 2084 561 2137 τῶν
592 2086 1047 2156 παραγινομένων
1076 2086 1211 2158 πρὸς
1249 2086 1431 2140 αὐτόν.
1488 2087 1576 2149 Ὠς
1608 2086 1663 2139 δέ
1696 2086 1910 2157 ἔκρινεν

2014 2092 2153 2147 Cum
2210 2100 2391 2146 autem
2444 2091 2632 2161 Papho
2682 2092 2865 2162 egredi
2911 2086 3195 2147 statuisset
3234 2092 3595 2161 Epiphanius,

327 2175 643 2244 Ἐπιφάνιος
689 2177 782 2230 τοῦ
817 2176 1053 2243 ἐξελθεῖν
1087 2179 1236 2248 ἡμᾶς
1258 2178 1367 2230 ἀπὸ
1391 2177 1490 2249 τῆς
1516 2177 1728 2246 Πάφου,
1757 2176 1910 2233 εἶπεν

2013 2185 2151 2239 dixit
2186 2184 2432 2239 Hilarion
2481 2184 2834 2254 Epiphanio;
2878 2182 3000 2250 Quo
3045 2182 3222 2249 vadis,
3278 2184 3398 2238 ﬁli?
3447 2183 3598 2239 Dixit

337 2268 572 2337 Ἰλαρίων
595 2268 672 2338 τῷ
700 2269 1013 2340 Ἐπιφανίῳ
1034 2287 1047 2299 ·
1075 2269 1188 2322 Ποῦ
1210 2270 1435 2341 πορεύῃ,
1469 2269 1697 2336 τέκνον;
1737 2267 1909 2325 Εἶπεν

2013 2275 2351 2346 Epiphanius
2383 2295 2396 2330 :
2440 2277 2788 2341 Ascalonem,
2825 2275 3055 2339 Gazam,
3091 2285 3146 2329 et
3175 2275 3408 2329 ulterius
3429 2276 3597 2330 etiam

326 2362 377 2412 δὲ
410 2362 731 2430 Ἐπιφάνιος
764 2363 901 2433 πρὸς
940 2362 1225 2435 Ἴλαρίωνα
1251 2381 1265 2394 ·
1304 2362 1400 2426 Εἰς
1458 2363 1793 2427 Ἀσκαλῶνα,
1829 2366 1909 2429 είς

2012 2369 2068 2423 in
2106 2368 2478 2423 solitudinem.
2536 2367 2683 2421 Dixit
2734 2368 2783 2421 ei
2828 2366 3072 2421 Hilarion
3107 2367 3313 2422 :‘Vade
3362 2366 3592 2422 Salami-

326 2454 515 2515 Γάζαν,
541 2456 640 2506 καὶ
668 2454 926 2507 ἐπέκεινα
956 2456 1049 2509 ἐπὶ
1083 2455 1180 2525 τὴν
1212 2458 1335 2527 γῆν.
1372 2450 1542 2509 Εἶπεν
1568 2455 1625 2507 δέ
1663 2455 1908 2528 Ἰλαρίων

2012 2474 2161 2521 nam,
2192 2472 2226 2513 ο
2252 2458 2365 2521 ﬁli,
2401 2467 2455 2512 et
2486 2458 2597 2513 illic
2630 2457 2875 2513 invenies
2894 2458 3074 2511 locum
3116 2458 3183 2512 ad
3214 2458 3592 2513 habitandum.

325 2546 450 2617 πρὸς
477 2547 829 2615 Ἐπιφάνιον·
869 2547 1108 2618 Πορεύου
1145 2547 1236 2599 ἐπὶ
1285 2547 1383 2617 τὴν
1434 2546 1781 2618 Σαλαμήνην,
1816 2548 1907 2600 τέ-

2011 2550 2348 2621 Epiphanius
2389 2560 2570 2605 autem
2601 2549 2821 2606 nolebat
2859 2552 3048 2605 audire
3073 2552 3238 2605 verba
3269 2550 3592 2608 Hilarionis.

326 2655 460 2699 κνον,
507 2638 606 2690 καὶ
648 2640 902 2709 εὑρήσεις
931 2640 1095 2691 τόπον
1146 2638 1242 2691 τοῦ
1302 2639 1521 2708 οίκῆσαι
1570 2640 1705 2693 ἐκεῖ.
1743 2640 1800 2692 Ὀ
1848 2641 1906 2693 δέ

2012 2641 2224 2698 Rursus
2271 2658 2402 2713 ergo
2447 2643 2585 2697 dixit
2628 2641 2872 2697 Hilarion
2909 2661 2921 2695 :
2952 2641 3176 2711 Oportet
3201 2651 3252 2696 te
3298 2657 3365 2697 eo
3409 2644 3508 2705 ire,
3539 2652 3596 2699 et

326 2731 638 2799 Ἑπιφάνιος
683 2723 785 2784 οὐκ
849 2731 1101 2784 ἐϐούλετο
1153 2730 1248 2783 τοῦ
1309 2732 1542 2784 ἀκοῦσαι
1592 2730 1701 2783 τῶν
1732 2730 1905 2800 λόγων

2010 2735 2120 2789 illic
2140 2735 2402 2790 habitare.
2435 2733 2556 2789 Noli
2595 2748 2725 2803 ergo
2770 2734 3032 2788 adversus
3066 2735 3231 2788 verba
3283 2748 3401 2788 mea
3447 2750 3586 2789 con.-

336 2824 652 2893 Ὠαρίωνος.
687 2824 857 2877 Πάλιν
889 2821 986 2877 οῦν
1014 2819 1167 2876 εἶπεν
1213 2823 1457 2894 Ἱλαρίων
1488 2822 1625 2894 πρὸς
1664 2824 1901 2892 Ἐπιφά-

2012 2826 2253 2893 tendere,
2278 2842 2346 2881 ne
2374 2825 2513 2880 forte
2545 2826 2599 2879 in
2630 2826 2766 2878 mari
2803 2824 2992 2879 venias
3023 2824 3075 2877 in
3118 2824 3444 2893 periculum.
3484 2824 3595 2879 Va-

325 2932 425 2967 νιον
451 2931 463 2942 ·
498 2909 675 2969 Εἷπόν
707 2933 809 2980 σοι,
832 2916 1039 2979 τέκνον,
1068 2916 1150 2967 ὅτι
1178 2915 1294 2967 ἐκεῖ
1328 2930 1390 2967 σε
1424 2914 1505 2966 δεῖ
1528 2913 1782 2967 ἀπελθεῖν
1809 2915 1904 2967 καὶ

2010 2919 2120 2974 lere
2170 2922 2354 2990 itaque
2380 2919 2536 2988 jusso
2569 2917 2873 2983 Hilarione,
2909 2931 3034 2970 cum
3077 2916 3144 2969 ad
3175 2930 3326 2969 mare
3359 2916 3590 2971 descen-

323 3008 431 3058 ἐκεῖ
454 3007 803 3078 κατοικῆσαι.
836 3007 928 3078 Μὴ
958 3002 1050 3060 οῦν
1084 3006 1173 3077 ἔχε
1226 3007 1563 3083 φιλονεικίαν
1609 3006 1747 3077 πρὸς
1777 3006 1904 3070 τοὺς
1931 3070 1937 3083 Α

2009 3010 2302 3076 dissemus,
2327 3009 2635 3065 invenimus
2657 3008 2793 3062 duas
2821 3022 2987 3061 naves
3010 3025 3022 3060 :
3049 3021 3237 3073 unam,
3268 3022 3390 3075 quae
3416 3016 3597 3062 trans.

478 3059 507 3061 η
677 3059 688 3078 ,
837 3059 889 3061 η
917 3059 928 3078 .
972 3059 975 3060 ν
1114 3059 1145 3077 ,κ
1239 3059 1250 3075 .
1390 3079 1394 3083 _
1654 3059 1664 3077 .
1727 3059 1742 3067 ν
1883 3059 1901 3070 .

320 3102 502 3171 λόγους
528 3104 711 3174 ἡμῶν,
747 3105 958 3174 μήποτε
998 3104 1091 3157 καὶ
1125 3104 1374 3157 κινδύνου
1426 3102 1752 3157 θαλαττικοῦ
1810 3076 1934 3173 με-1

2008 3103 2257 3157 mittebat
2285 3102 2646 3167 Ascalonem;
2679 3101 2907 3154 alteram
2944 3113 3095 3164 vero,
3139 3112 3262 3167 quae
3303 3098 3596 3169 navigabat

206 3218 213 3229 ι
318 3195 570 3266 ταλάϐῃς.
608 3195 1015 3266 Ἀσπασάμενοι
1046 3192 1160 3257 οὗν,
1180 3198 1277 3250 καὶ¹
1306 3195 1659 3259 κατελθόντες
1687 3195 1779 3247 ἐπὶ
1804 3213 1820 3246 1

2008 3195 2362 3249 Salaminam.
2425 3193 2560 3248 Cum
2626 3201 2809 3247 autem
2890 3191 3334 3246 ascendissemus
3381 3205 3576 3244 navem

320 3288 612 3359 θαλάσσης,
662 3288 900 3360 εὕρομεν
929 3288 1021 3341 δύο
1052 3289 1243 3341 πλοῖα·
1295 3288 1356 3341 τὸ
1413 3287 1481 3340 ἕν’
1516 3288 1790 3359 διαπερῶν
1824 3289 1910 3349 εἰς.

2006 3303 2129 3357 qua:
2173 3295 2293 3340 erat
2339 3287 2481 3339 itura
2533 3285 2894 3345 Ascalonem,
2950 3282 3054 3337 fuit
3100 3282 3156 3337 in
3206 3283 3346 3336 mari
3393 3297 3592 3350 magna

317 3379 653 3443 Ἀσκαλῶνα,
698 3381 794 3433 καὶ
840 3381 902 3433 τὸ
932 3380 1060 3432 ἄλλο
1111 3378 1364 3432 διαπλέον
1415 3381 1495 3442 εἰς
1551 3379 1898 3449 Σαλαμήνην.

2004 3380 2318 3441 tempestas.
2348 3371 2584 3440 Fuitque
2611 3373 2767 3425 navis
2812 3372 2865 3425 in
2897 3370 3142 3439 periculo
3210 3387 3280 3426 ne
3309 3371 3589 3441 frangere-

317 3472 671 3525 Ἀνελθόντων
694 3471 751 3524 δὲ
770 3471 928 3542 ἡμῶν
955 3474 1012 3524 ἐν
1030 3471 1109 3542 τῷ
1135 3472 1306 3542 πλοίῳ
1337 3470 1429 3525 τοῦ
1459 3470 1551 3523 ἐπὶ
1585 3470 1901 3523 Ἀσκαλῶνα

2004 3472 2095 3516 tur
2140 3478 2170 3517 a
2202 3463 2255 3516 vi
2301 3463 2596 3517 undarum.
2638 3460 2977 3531 Fuimusque
3028 3461 3082 3515 in
3128 3463 3267 3516 mari
3313 3471 3426 3518 tres
3468 3463 3594 3519 die!

317 3565 525 3634 ἔχοντος
549 3564 872 3630 ἀποπλέειν,
909 3564 1125 3633 ἐγένετο
1157 3563 1354 3634 λαῖλαψ
1386 3564 1560 3635 μέγας
1593 3564 1651 3615 ἐν
1681 3565 1748 3634 τῇ
1803 3562 1900 3616 θα-

2002 3556 2185 3610 animo
2209 3555 2366 3609 valde
2390 3554 2573 3609 anxio.
2605 3552 2811 3620 Quarto
2833 3563 3014 3608 autem
3047 3553 3136 3607 die
3172 3554 3453 3623 superavit
3482 3570 3584 3608 na-

314 3657 503 3730 λὰσσῃ,
543 3658 640 3710 καὶ
674 3658 736 3711 τὸ
765 3657 948 3711 πλοῖον
988 3656 1327 3710 ἐκινδύνευεν
1377 3657 1470 3710 τοῦ
1521 3655 1893 3727 συντριϐῆναι.

2000 3647 2082 3701 vis
2107 3646 2303 3701 ﬁuctus
2356 3647 2448 3716 qui
2481 3646 2825 3717 ingruebant,
2865 3654 2920 3699 et
2946 3645 2999 3699 in
3032 3642 3453 3698 Salaminiorum
3485 3658 3587 3699 nos

317 3746 686 3820 Ἐποιήσαμεν
716 3750 771 3803 δὲ
796 3752 945 3821 τρεῖς
967 3750 1181 3821 ἡμέρας
1217 3750 1275 3803 ἐν
1304 3752 1370 3820 τῇ
1407 3749 1652 3820 θαλάσσῃ
1673 3787 1688 3813 ,
1731 3749 1899 3801 ἀπευ-

1999 3738 2109 3807 egit
2137 3738 2434 3792 civitatem.
2471 3736 2619 3792 Nave
2644 3753 2777 3791 vero
2810 3735 3017 3807 egressi
3060 3750 3272 3800 omnes,
3303 3735 3458 3789 humi
3493 3735 3585 3803 ja-

315 3839 642 3910 δοκήσαντες
668 3840 876 3894 ἑαυτῶν
896 3860 909 3871 ·
954 3841 1047 3894 καὶ
1074 3843 1142 3911 τῇ
1172 3841 1410 3912 τετάρτῃ
1456 3840 1640 3911 ἡμέρᾳ
1675 3838 1898 3903 ἐδίωξαν

1999 3831 2194 3884 cebant
2232 3831 2435 3884 mortui
2465 3830 2536 3885 ob
2566 3832 2674 3883 vim
2719 3828 3008 3891 ﬂuctuum,
3041 3843 3409 3898 magnamque
3445 3827 3584 3881 ami-

316 3932 373 3984 τὸ
408 3934 597 3987 πλοῖον
621 3936 701 3997 είς
729 3934 798 3986 τά
830 3934 1202 4005 ἐπιφερόμενα
1222 3933 1443 4003 κύματα
1465 3949 1478 3961 ·
1511 3933 1605 3985 καὶ
1636 3930 1900 4001 προσεπέ-

1998 3922 2235 3976 ctionem
2274 3930 2329 3975 et
2367 3921 2625 3976 inediam.
2675 3920 2874 3975 Mansit
2901 3930 3079 3975 autem
3114 3920 3169 3973 in
3216 3935 3281 3974 eo
3324 3920 3445 3974 loco
3478 3934 3586 3973 na-

317 4021 474 4074 λασαν
500 4024 652 4092 ἡμᾶς
680 4024 771 4076 ἐπὶ
795 4022 894 4094 τὴν
926 4022 1291 4094 Σαλαμηνέων
1322 4022 1497 4075 πόλιν.
1523 4022 1634 4074 Καὶ
1664 4022 1727 4090 δὴ
1750 4020 1895 4084 ἐξελο

1997 4014 2102 4075 vis,
2146 4020 2208 4066 ut
2245 4012 2578 4067 reﬁceretur.
2614 4010 2746 4064 Erat
2773 4010 2918 4065 enim
2962 4025 2987 4061 a
3032 4009 3087 4061 vi
3137 4008 3403 4061 undarum
3449 4022 3585 4061 con-

315 4112 493 4177 θόντες
528 4114 755 4167 ἀπὸτοῦ
790 4114 979 4167 πλοίου
1010 4113 1219 4167 ἔκειντο
1252 4116 1492 4177 ἅπαντες
1520 4114 1613 4166 ἐπὶ
1661 4112 1759 4183 τὴν
1792 4112 1895 4181 γῆν

1998 4104 2172 4159 vulsa.
2218 4101 2471 4171 Cumque
2503 4112 2612 4157 tres
2635 4102 2752 4156 dies
2781 4100 2891 4155 illic
2925 4099 3244 4165 fuissemus,
3276 4097 3371 4152 Dei
3408 4100 3581 4168 gratia

314 4206 490 4275 νεκροὶ
526 4205 637 4259 ἀπὸ
668 4206 765 4276 τῆς
808 4205 1011 4275 πολλῆς
1061 4206 1291 4275 θλίψεως
1352 4207 1443 4258 καὶ
1496 4205 1595 4274 τῆς
1656 4203 1891 4266 ἀσιτίας.

2002 4195 2053 4249 in
2104 4196 2395 4264 pristinum
2446 4210 2640 4249 sumus
2671 4203 2871 4248 statum
2931 4193 3192 4247 restituti.
3256 4190 3582 4262 Rursusque

312 4297 632 4367 Ἐπέμεινεν
663 4298 721 4351 δὲ
758 4298 820 4350 τὸ
853 4298 1038 4351 πλοῖον
1096 4299 1188 4351 ἐπὶ
1228 4297 1304 4369 τῷ
1358 4299 1511 4368 τόπῳ
1577 4295 1898 4366 ἐπιμελείας

1756 4295 1898 4357 λείας
2005 4291 2222 4345 volebat
2250 4288 2587 4359 Epiphanius
2619 4304 2685 4343 ex
2716 4302 2782 4342 eo
2808 4303 2910 4342 nos
2941 4287 3061 4341 loco
3094 4285 3370 4357 navigare.

310 4393 504 4458 τυχεῖν.
525 4387 763 4462 1rqualtp
797 4392 1116 4446 ἀσπάσαντα
1147 4391 1273 4464 [sic]
1300 4392 1408 4446 ἀπὸ
1433 4392 1532 4461 τῆς
1549 4390 1669 4461 βίας
1708 4384 2354 4458 κυμάτων.]11οιησάντων
2381 4377 2473 4435 οῦν
2499 4382 2655 4452 ήμῶν
2686 4383 2835 4451 τρεῖς
2861 4380 3073 4451 ἡμέρας
3106 4378 3186 4431 διὰ
3213 4379 3312 4449 τῆς
3330 4376 3421 4430 τοῦ
3443 4375 3583 4429 Θεοῦ

310 4482 544 4552 χάριτος,
576 4483 813 4556 ἤλθομεν
834 4489 891 4540 ἐν
918 4488 1247 4541 καταστάσει
1269 4502 1283 4517 ο
1311 4487 1404 4539 καὶ
1438 4486 1598 4539 πάλιν
1633 4482 1883 4536 ἐϐούλετο
1918 4481 2236 4548 Ἐπιφάνιος
2300 4478 2393 4531 τοῦ
2450 4476 2745 4531 ἀποπλέειν
2787 4476 2937 4547 ἡμᾶς
2968 4473 3077 4527 ἀπὸ
3120 4471 3215 4526 τοῦ
3258 4472 3443 4525 τόπου.
3470 4468 3584 4524 Ἦν

310 4574 405 4629 δέό
442 4578 743 4641 ἐπίσκοπος
769 4577 862 4632 τοῦ
895 4579 1084 4640 τόπου,
1118 4578 1261 4647 λέγω
1297 4578 1360 4650 δὴ
1399 4578 1500 4648 τῆς
1540 4576 1746 4637 πόλεως
1779 4572 2166 4643 Σαλαμηνέων,
2195 4571 2503 4637 ὑπεξελθὼν
2532 4570 2621 4623 τὸν
2649 4568 2780 4640 βίον.

372 4669 495 4725 ΛΔ’.
534 4666 721 4725 Ἦσαν
770 4667 862 4726 οῦν
894 4672 1131 4737 ἅπαντες
1165 4676 1212 4726 οἱ
1243 4674 1530 4725 ἐπίσκοποι
1583 4670 1683 4739 τῆς
1728 4669 1889 4739 νήσου
1924 4678 1967 4731 D

2066 4666 2306 4721 XXXIV.
2330 4666 2498 4720 Erant
2520 4675 2702 4719 autem
2718 4660 3028 4732 congregati
3057 4657 3583 4726 omnesinsulzeepi-

312 4762 667 4832 συναχθέντες
691 4764 783 4816 ἐπὶ
823 4764 883 4817 τὸ
912 4765 1286 4836 χειροτονῆσαι
1329 4764 1417 4816 τὸν
1446 4761 1738 4831 δυνάμενον
1774 4775 1892 4810 ποι-

1999 4759 2150 4828 scopi
2174 4759 2238 4813 ad
2256 4757 2615 4813 ordinandum
2638 4770 2786 4819 eum,
2802 4753 2894 4824 qui
2912 4759 3095 4822 posset
3115 4765 3339 4820 pascere
3361 4763 3576 4818 gregem

314 4852 519 4917 μαίνειν
551 4852 651 4922 τὴν
683 4854 921 4924 ποίμνην
957 4854 1052 4907 τοῦ
1085 4850 1528 4925 ΧριστοῦῘΗσαν
1561 4848 1653 4905 οῦν
1677 4849 1892 4921 ἡμέρας

1997 4850 2225 4907 Christi.
2260 4848 2302 4903 E
2336 4849 2446 4903 vita
2479 4848 2622 4902 enim
2657 4847 2897 4901 humana
2937 4852 3249 4899 excesserat
3288 4842 3435 4894 illius
3469 4840 3572 4893 loci

311 4942 395 4993 ἐπὶ
426 4941 489 4993 τὸ
519 4941 655 4994 αύτὸ
688 4942 919 5013 ἔχοντες,
951 4944 1045 4997 καὶ
1072 4945 1320 5014 δεόμενοι
1346 4943 1440 4996 106
1462 4938 1721 5013 Χριστοῦ,
1743 4940 1893 5001 ὅπως

1998 4944 2308 5012 episcopus,
2355 4939 2615 5003 civitatis,
2648 4938 2896 5005 inquam,
2930 4933 3380 4988 Salaminiorum.
3418 4927 3571 4983 Jam-

309 5032 645 5103 ἀποκαλύψει
684 5034 865 5097 αὐτοῖς
914 5036 1003 5089 τὸν
1053 5035 1349 5105 δυνάμενον
1389 5032 1754 5105 χρησιμεῦσαι
1799 5029 1893 5083 ἐπὶ

2001 5048 2109 5102 que
2149 5033 2358 5102 aliquot
2385 5030 2503 5084 dies
2538 5028 2923 5099 precabantur,
2953 5033 3006 5079 et
3037 5023 3204 5077 Deum
3235 5021 3463 5073 orabant
3514 5027 3577 5074 ut

308 5123 401 5192 τῆς
438 5125 773 5196 ἱερωσύνης·
804 5122 872 5197 ἦν
899 5126 956 5180 δέ
980 5144 1064 5191 τις
1094 5127 1201 5179 τῶν
1235 5126 1546 5179 ἐπισκόπων
1578 5125 1723 5187 ὅσιος
1753 5122 1892 5190 ἀνὴρ

2001 5124 2159 5177 vellet
2203 5124 2283 5177 eis
2334 5120 2576 5177 revelare
2623 5120 2872 5189 quisnam
2929 5115 2995 5169 ad
3048 5116 3151 5167 hoc
3186 5111 3403 5165 futurus
3430 5117 3577 5163 esset

307 5219 407 5271 ἀπὸ
434 5221 681 5292 σημείων
710 5229 787 5275 κε’
809 5222 905 5294 τῆς
934 5221 1296 5293 Σαλαμηνέων
1337 5221 1544 5284 πόλεως
1593 5236 1885 5289 χειροτονι-

1993 5217 2163 5272 utilis.
2201 5214 2331 5268 Erat
2378 5227 2444 5266 ex
2496 5207 2767 5279 episcopis
2811 5205 3032 5275 quidam
3072 5204 3155 5256 vir
3194 5210 3436 5262 sanctus,
3470 5198 3564 5267 qui

307 5307 415 5373 θεὶς
445 5312 504 5364 ἐν
531 5313 685 5366 πόλει
714 5315 926 5385 οἰκτρᾷ,
962 5314 1179 5385 Κυθρίᾳ
1205 5311 1746 5386 καλουμένῃ.Τοῦτον
1767 5310 1884 5363 ἐλε-

1999 5310 2178 5364 l‘ucrat
2212 5306 2496 5361 ordinatus
2522 5303 2574 5355 in
2602 5296 2897 5354 miserabili
2921 5299 3154 5365 quadam
3183 5294 3420 5354 civitate,
3442 5305 3565 5360 qua

306 5418 397 5468 γον
423 5403 570 5474 ἔχειν
597 5406 656 5458 ἐν
683 5409 749 5477 τῇ
777 5407 1050 5477 ἐπισκοπῇ
1080 5400 1560 5475 πεντηκονταοκτὼ
1585 5400 1885 5463 ἐνιαυτούς.

1989 5400 2290 5456 vocabatur
2319 5396 2537 5467 Cytria;
2586 5392 2827 5448 distabat
2858 5397 3042 5443 autem
3077 5385 3356 5441 Salamina
3387 5385 3455 5438 ad
3490 5384 3573 5438 vi-

309 5490 471 5558 υῦτος
507 5474 821 5567 κατηξιῶοη
862 5498 955 5551 καὶ
991 5474 1290 5567 μαρτυρίου
1316 5512 1329 5525 ·
1375 5495 1469 5547 καὶ
1499 5493 1671 5546 πολλὰ
1700 5492 1889 5545 παθὼν

1990 5494 2255 5548 cesimum
2305 5489 2556 5558 quintum
2602 5482 2862 5553 lapidem.
2909 5479 3046 5534 Eum
3093 5478 3347 5532 dicebant
3398 5474 3573 5531 fuisse

307 5578 391 5632 διὰ
421 5582 514 5635 τὸν
543 5585 799 5654 Χριστὸν,
835 5585 1077 5656 ἀπελύθη
1115 5585 1206 5637 ἐπὶ
1236 5587 1301 5656 τῇ
1333 5584 1592 5655 ὁμολογίᾳ
1624 5582 1719 5636 τοῦ
1756 5582 1888 5635 Υἱοῦ

1990 5580 2386 5653 quinquaginta
2414 5586 2538 5632 octo
2562 5590 2733 5631 annos
2764 5574 2817 5627 in
2845 5574 3186 5643 episcopatu.
3210 5570 3411 5624 Fuerat
3438 5582 3570 5623 vero

307 5668 396 5721 τοῦ
427 5671 585 5725 Θεοῦ.
614 5674 814 5728 Τοῦτον
844 5675 1027 5742 ἔλεγον
1062 5674 1427 5744 κεκρατῆσθαι
1466 5675 1602 5744 μετὰ
1635 5673 1890 5726 Γελασίου

1990 5673 2038 5726 is
2070 5685 2290 5742 quoque
2318 5669 2573 5737 dignatus
2603 5665 2863 5735 martyrio
2892 5682 2905 5718 :
2936 5672 2992 5718 et
3019 5678 3145 5717 cum
3180 5660 3349 5715 multa
3374 5673 3570 5728 passus

308 5763 398 5818 τοῦ
430 5767 732 5826 ἐπισκόπου
768 5768 862 5835 τῆς
892 5766 1254 5837 Σαλαμηνέων
1282 5766 1487 5830 πόλεως
1524 5767 1615 5819 ἐπὶ
1656 5767 1715 5820 τὸ
1752 5785 1891 5838 μαρ-

1995 5763 2188 5821 fuisset
2219 5770 2443 5833 propter
2476 5758 2779 5822 Christum,
2815 5752 3233 5827 absolutusgl‘uit
3272 5753 3323 5807 in
3356 5750 3567 5806 contes-
