4078 6368
470 328 539 382 67
1769 336 1827 392 S.
1861 337 2205 394 EPIPHANII
2244 339 2425 396 VITA.

3657 360 3730 416 68

469 451 625 505 sione
667 445 786 504 Filii
837 448 953 504 Dei.
989 448 1125 505 Eum
1160 450 1416 508 dicebant
1465 453 1635 511 fuisse
1660 467 1877 526 captum
1912 476 2030 515 cum

2141 459 2510 533 τυρῆσαι.⁹Ην
2539 464 2595 518 δὲ
2623 465 2683 518 τὸ
2730 468 2788 519 ὲν
2830 473 3109 540 γεννητοῖς
3142 472 3216 545 (a)
3267 474 3432 528 αὐτοῦ
3460 475 3631 548 ὄνομα
3667 480 3732 532 τὸ

467 540 683 595 Gelasio
715 541 972 611 episcopo
1004 542 1242 598 civitatis
1274 542 1695 601 Salaminiorum
1724 550 1790 603 ad
1829 550 1953 614 hoc,
1978 560 2038 605 ut

467 639 650 684 essent
681 640 967 702 martyres.
994 630 1122 685 Erat
1151 645 1331 688 autem
1357 635 1407 688 ei
1440 651 1637 690 nomen
1665 639 1733 692 ab
1752 643 1875 694 “ortu
1898 640 2037 709 Pap-

465 734 589 787 pus,
626 720 718 789 qui
754 720 869 789 ipse
897 736 1116 790 quoque
1141 730 1260 776 erat
1284 739 1409 778 cum
1433 726 1724 796 episc0pis.
1762 727 1900 783 Eum
1922 731 2038 798 epi-

465 811 613 878 sc0pi
644 826 835 866 omnes
868 813 1141 868 habebam
1195 823 1253 868 ut
1304 825 1531 884 patrem,
1569 828 1791 887 propter
1823 820 2039 874 confes-

465 903 675 957 sionem
723 902 777 956 in
827 901 1068 968 Christo,
1098 916 1153 959 et
1198 917 1420 975 propter
1448 923 1621 963 annos
1660 909 2032 980 episcopatus.

467 994 635 1049 Porro
671 996 719 1050 is
750 995 984 1051 habebat
1009 998 1173 1052 etiam
1201 997 1296 1052 Dei
1321 1000 1741 1067 prmscientiam.
1778 1000 1845 1056 Et
1894 1018 2040 1056 reve-

466 1087 633 1140 latum
666 1086 743 1140 illi
778 1087 956 1141 fuerat
1000 1088 1068 1143 de
1108 1087 1436 1158 Epiphanio,
1470 1102 1530 1144 nt
1555 1092 1904 1148 ordinaretur
1940 1092 2038 1147 Sa-

466 1177 811 1232 laminiorum
834 1177 1088 1232 Ecclesiae
1118 1180 1424 1248 episcopus.
1454 1179 1584 1235 Erat
1613 1192 1792 1237 autem
1823 1189 2037 1252 tempus

464 1271 734 1334 aestivum,
764 1271 906 1339 quod
937 1286 1071 1325 uvas
1104 1279 1349 1326 maturas
1377 1273 1492 1341 jam
1546 1274 1860 1344 perurebat.
1897 1273 2036 1329 Cum

464 1376 595 1428 ergo
633 1362 914 1416 statuisset
938 1361 1276 1431 Epiphanius
1300 1364 1554 1432 navigare
1577 1380 1605 1419 a
1630 1366 1847 1420 civitate
1879 1365 2035 1421 Sala—

464 1455 782 1519 miniorum,
812 1455 951 1510 dixit
987 1456 1122 1510 mihi
1173 1467 1228 1511 et
1270 1456 1498 1529 Polybio
1532 1478 1545 1514 :
1581 1459 1804 1525 Eamus,
1833 1462 1950 1528 ﬁlii,
1982 1464 2038 1518 in

463 1545 665 1609 forum,
698 1555 753 1601 et
801 1562 1047 1601 eruamus
1088 1563 1244 1603 uvas.
1274 1549 1522 1619 Cumque
1546 1567 1576 1606 e
1608 1553 1731 1607 navi
1767 1554 1821 1607 in
1855 1553 2034 1609 forum

461 1637 811 1700 abiissemus,
845 1647 899 1692 et
941 1640 1276 1695 venditorem
1322 1644 1764 1713 conveniremus,
1799 1645 2035 1716 Epipha-

464 1728 611 1792 nius,
655 1730 896 1799 acceptis
944 1733 1159 1787 duobus
1215 1734 1388 1791 botris
1436 1736 1860 1805 pulcherrimis,
1903 1742 2038 1794 dixit

2139 555 2244 607 ὑπὸ
2270 555 2380 607 τῶν
2409 556 2611 624 γονέων
2640 558 2951 631 τεθειμένον
2980 563 3230 630 Πάππος,
3262 566 3321 630 ὃς
3347 564 3415 638 ἦν
3443 570 3538 621 καὶ
3564 570 3731 633 αὐτὸς

2142 646 2280 715 μετά
2307 647 2429 699 τῶν
2460 648 2791 702 ἐπισκόπων.
2825 651 3027 706 Τοῦτον
3070 649 3212 725 εἶχον
3258 656 3496 722 ἅπαντες
3523 662 3570 712 οὶ
3602 661 3727 712 ἐπί-

2139 754 2332 792 σκοποι
2382 740 2459 802 ὼς
2494 742 2724 812 πατέρα,
2758 742 2848 796 διά
2875 761 2933 796 τε
2958 745 3056 816 τὴν
3085 748 3143 799 ἐν
3168 750 3386 820 Χριστῷ
3411 752 3727 822 ὁμολογίαν.

2138 830 2233 881 καὶ
2257 830 2346 883 διὰ
2377 831 2445 884 τά
2474 830 2567 901 ἔτη
2600 832 2701 902 τῆς
2733 832 3169 906 ὲπισκοπῆςῘΗν
3205 838 3261 892 δὲ
3295 841 3386 892 καὶ
3413 842 3729 911 πρόγνωσιν

2137 916 2272 971 Θεοῦ
2321 918 2480 989 έχων.
2525 921 2711 993 Τούτῳ
2764 924 3121 997 ἀπεκαλύφθη
3183 930 3311 999 περὶ
3352 931 3673 1000 Ἐπιφανίου
3706 976 3723 999 ,

2137 1008 2286 1072 ὅπως
2329 1013 2674 1084 χειροτονηθῇ
2721 1016 2815 1069 ἐπὶ
2861 1020 2960 1089 τῆς
3001 1020 3364 1091 Σαλαμηνέων
3397 1023 3729 1095 Ἐκκλησίας

2137 1098 2570 1164 ὲπίσκοποςῖΗν
2591 1104 2646 1156 δὲ
2671 1106 2699 1157 ό
2733 1108 2921 1178 καιρὸς
2947 1106 3156 1180 θερίνὸς
3184 1114 3486 1185 πρόδρομος
3514 1133 3728 1185 σταφυ-

2137 1188 2263 1243 λῶν.
2282 1191 2369 1255 Ὦς
2401 1189 2493 1246 οῦν
2517 1194 2729 1267 ἔκρινεν
2776 1198 3088 1268 Ἐπιφάνιος
3116 1202 3211 1256 τοῦ
3246 1205 3540 1259 ἀποπλέειν
3568 1210 3725 1278 ἡμᾶς

2136 1278 2245 1333 ἀπὸ
2264 1280 2363 1352 τῆς
2382 1284 2743 1356 Σαλαμηνέων
2762 1287 2989 1354 πόλεως,
3011 1285 3165 1345 εἶπεν
3191 1294 3327 1362 πρὸς
3357 1296 3425 1364 μὲ
3464 1298 3559 1349 καὶ
3581 1298 3723 1367 πρὸς

2135 1371 2227 1424 τὸν
2274 1371 2533 1429 Πολύϐιον
2555 1388 2569 1403 ⁵
2599 1377 2860 1448 Ἀγομεν,
2906 1378 3116 1443 τέκνον,
3152 1382 3244 1435 ἐπὶ
3287 1384 3380 1437 τοῦ
3425 1387 3718 1456 ἐμπορίου,

2136 1460 2457 1532 ὠνησόμεθα
2501 1466 2773 1534 σταφυλὰς
2810 1467 2867 1519 ὲν
2899 1466 2977 1537 τῷ
3018 1468 3410 1543 πλοίῳ.Ἡμῶν
3447 1475 3504 1527 δὲ
3539 1476 3719 1529 ἐλθόν-

2136 1570 2244 1606 των
2290 1555 2384 1607 ἐπὶ
2432 1554 2529 1608 τοῦ
2572 1557 2857 1628 ἐμπορίου,
2895 1558 2987 1611 καὶ
3034 1564 3466 1631 συμφωνούντων
3506 1568 3600 1620 ἐπὶ
3640 1566 3721 1638 τῷ

2137 1642 2672 1716 πράτῃ,Ἐπιφάνιος
2730 1648 2909 1701 λαϐὼν
2958 1649 3054 1703 δύο
3102 1651 3333 1725 βότρυας
3378 1658 3717 1724 καλλίστους,

2140 1736 2303 1807 φησὶν
2347 1735 2427 1807 τῷ
2470 1740 2679 1810 πράτῃ·
2716 1742 2780 1795 Τί
2819 1747 3179 1816 προστάσσεις
3209 1748 3364 1803 δώσω
3394 1768 3474 1803 σοι
3501 1752 3595 1805 δύο
3626 1753 3719 1822 βο-

461 1822 732 1905 Venditori
760 1842 773 1874 :
798 1822 938 1890 Quid
969 1826 1051 1880 vis
1085 1826 1182 1881 tibi
1210 1828 1333 1882 dem
1364 1843 1464 1898 pro
1490 1830 1576 1885 his
1596 1831 1811 1887 duobus
1836 1835 2030 1890 botrisi

2139 1826 2354 1897 τρύων;
2386 1822 2494 1881 τΗν
2543 1829 2598 1883 δὲ
2650 1830 2770 1895 ἔθος
2814 1815 3115 1908 Ἐγπιφανίῳ
3146 1838 3219 1909 μὴ
3250 1840 3571 1908 ἀντιλέγειν.
3608 1815 3717 1895 Τοῦ

460 1894 764 1982 Epiphanio
803 1924 985 1970 autem
1018 1931 1138 1973 mos
1171 1927 1290 1972 erat
1320 1934 1428 1974 non
1465 1923 1860 1979 contradicere.
1898 1924 2035 1980 Cum

459 2018 589 2057 vero
619 2004 869 2058 venditor
898 2005 1127 2061 dixisset
1152 2008 1387 2077 pretium
1419 2025 1672 2075 uvarum,
1701 2012 2037 2082 Epiphanius

459 2093 667 2161 accepit
698 2095 1006 2163 pecuniam,
1039 2104 1099 2150 ut
1136 2097 1375 2153 solveret
1424 2100 1710 2156 venditori.
1745 2101 1901 2159 Tunc
1944 2119 2037 2160 ac-

458 2182 600 2234 cedit
634 2192 856 2238 sanctus
887 2183 1125 2255 Pappus,
1153 2188 1412 2243 suﬁ'ultus
1441 2204 1469 2243 a
1503 2190 1719 2248 duobus
1764 2193 2033 2250 diaconis.

458 2272 625 2327 Erant
670 2282 848 2329 autem
896 2284 1006 2331 tres
1052 2292 1271 2347 quoque
1317 2294 1441 2334 cum
1484 2280 1601 2350 ipso
1632 2284 1894 2353 episcopi.
1931 2283 2034 2351 Qui

456 2377 581 2417 cum
606 2365 1136 2435 appropinquassent
1153 2368 1478 2439 Epiphanio,
1498 2371 1834 2442 Epiphanius
1852 2376 2034 2432 botros

456 2454 692 2510 habebat
743 2456 796 2510 in
844 2458 1116 2521 manibus,
1148 2470 1200 2514 et
1244 2475 1435 2516 eorum
1482 2464 1736 2531 pretium.
1772 2464 2035 2521 Dixerunt

455 2555 636 2599 autem
671 2547 895 2616 quidam
922 2565 989 2604 ex
1018 2552 1327 2607 astantibus
1364 2571 1377 2607 :
1416 2553 1556 2610 Ecce
1587 2556 1677 2611 hie
1703 2557 2034 2628 adsuntepi-

456 2638 631 2707 scepi.
662 2638 937 2708 Incipiens
986 2653 1167 2697 autem
1217 2642 1462 2715 Pappus,
1494 2645 1631 2701 dixit
1676 2646 1984 2719 Epiphanio
2017 2668 2029 2707 :

456 2728 697 2795 Dimitte,
732 2744 765 2785 0
812 2731 973 2798 abba,
1014 2732 1202 2789 botros
1247 2736 1393 2804 apud
1439 2737 1798 2806 venditorem,
1848 2749 1903 2794 et
1949 2756 2034 2795 se-

454 2836 623 2889 quere
656 2836 756 2876 nos
783 2821 838 2877 in
873 2823 1187 2878 ecclesiam.
1223 2824 1562 2883 Recordatus
1596 2843 1724 2883 vero
1749 2830 1901 2885 verbi
1951 2830 2033 2884 di-

455 2912 566 2967 vini
596 2914 740 2982 quod
762 2914 896 2970 dicit
928 2923 983 2970 et
1016 2916 1291 2986 eloquitur
1317 2936 1332 2973 :
1365 2918 1602 2974 Lanatus
1629 2938 1743 2975 sum
1777 2924 1829 2976 in
1850 2923 1916 2977 iis
1943 2926 2031 2995 qui

454 3010 703 3065 dixerunt
747 3012 873 3087 mihi
902 3026 921 3065 :
956 3008 1025 3067 In
1056 3014 1272 3069 domum
1321 3014 1537 3071 Domini
1568 3019 1799 3073 ibimus"
1833 3038 1846 3070 ε
1876 3035 2033 3075 secu-

455 3113 543 3161 tus
573 3114 657 3161 est
702 3105 757 3160 in
814 3107 1124 3163 ecclesiam.
1156 3108 1374 3179 Pappus
1404 3121 1585 3166 autem
1617 3112 1754 3167 dixit
1785 3112 2027 3190 Epipha-
2054 3149 2096 3208 ο

452 3197 546 3251 nio
582 3216 596 3252 :
631 3193 741 3254 Fac
770 3200 1095 3264 orationem,
1127 3217 1160 3257 ο
1184 3202 1365 3258 Pater.
1390 3203 1546 3269 Quod
1576 3205 1789 3260 dicebat
1813 3206 2027 3275 Pappus

453 3285 779 3358 Epiphanio,
818 3300 879 3344 ut
928 3307 988 3346 se
1037 3292 1374 3362 signiﬁcaret
1402 3296 1682 3351 clericum.
1713 3294 1894 3366 Pappo
1923 3313 2025 3353 au-

452 3389 561 3433 tem
607 3380 745 3434 dixit
789 3380 1168 3451 Epiphanius:
1201 3383 1426 3454 Ignosce
1474 3388 1631 3452 mihi,
1676 3385 1879 3443 Pater:
1917 3403 2023 3444 non

451 3484 574 3523 sum
606 3470 751 3523 enim
777 3471 849 3529 ,in
879 3472 1047 3527 clero.
1075 3472 1224 3529 Dixit
1249 3474 1468 3547 Pappus
1497 3477 1804 3548 Epiphanio
1831 3498 1845 3535 :
1870 3479 2022 3546 Vide,
2046 3536 2049 3539 .

449 3575 484 3613 ο
510 3558 606 3624 ﬁli,
637 3576 705 3615 ne
737 3577 902 3633 neges
946 3579 1129 3619 coram
1168 3574 1246 3623 tot
1274 3570 1478 3625 sanctis
1513 3568 1786 3637 Patribus,
1812 3580 1866 3627 et
1893 3589 2026 3628 con-

448 3651 744 3719 demneris,
773 3658 946 3725 utqui
978 3659 1263 3714 abscondit
1290 3662 1571 3717 talentum.
1610 3662 1860 3734 Dixitque
1893 3664 2024 3734 Epi-

448 3742 684 3812 phanius
718 3762 731 3797 :
762 3742 901 3812 Non,
936 3743 1116 3813 Pater,
1161 3764 1269 3805 non
1322 3766 1442 3807 sum
1470 3753 1722 3810 clericus.
1757 3753 1881 3810 ﬂazc
1928 3772 2031 3817 aus

451 3842 559 3886 tem
587 3848 709 3887 cum
735 3834 963 3890 dixisset
978 3836 1345 3908 Epiphanius,
1375 3840 1591 3912 Pappus
1637 3844 1786 3901 dedit
1812 3860 2020 3913 pacem.

447 3920 602 3979 Unus
626 3940 755 3979 vero
781 3942 848 3981 ex
878 3926 1147 3995 diaconis,
1191 3932 1366 4001 capite
1410 3934 1751 4003 apprehenso
1780 3935 2030 4006 Epipha-_

447 4015 557 4079 uio,
593 4031 717 4070 eum
772 4018 823 4071 vi
871 4017 1030 4073 duxit
1082 4020 1150 4075 ad
1199 4021 1546 4093 Pappumad
1580 4026 1769 4090 altare,
1802 4028 1936 4082 adeo
1964 4036 2025 4085 ut

447 4107 604 4161 multi
631 4124 847 4179 quoque
874 4111 967 4165 alii
992 4116 1363 4180 convenerint,
1395 4124 1455 4170 ut
1486 4131 1612 4171 eum
1645 4130 1923 4174 servarent
1954 4123 2022 4176 ad

445 4198 636 4255 altare.
664 4199 798 4254 Eum
827 4201 1011 4271 itaque
1040 4204 1255 4259 ordinat
1286 4206 1609 4274 diaconum;
1638 4218 1692 4264 et
1717 4224 1908 4267 rursus
1930 4213 2023 4267 dat

446 4288 496 4341 ei
527 4304 733 4354 pacem,
765 4302 820 4345 et
847 4292 1025 4360 ipsum
1059 4295 1277 4351 ordinat
1301 4299 1697 4369 presbyterum.
1724 4301 1937 4359 Rursus
1962 4305 2023 4359 ﬁt

446 4380 856 4447 consequentia,
884 4391 941 4436 et
984 4397 1108 4438 eum
1168 4387 1384 4443 ordinat
1413 4391 1749 4461 episcopum.
1778 4391 1910 4449 Post
1937 4395 2021 4450 di-

445 4469 764 4525 missionem
802 4479 983 4528 autem
1032 4477 1101 4529 ab
1150 4479 1400 4543 ecclesia,
1430 4484 1779 4539 ascendimus
1811 4486 1863 4539 in
1899 4487 2015 4555 epi-
2048 4494 2091 4550 1)

444 4560 905 4628 scopatum.Dix-it
929 4575 1109 4619 autem
1136 4564 1353 4637 Pappus
1383 4568 1685 4640 Epiphanio
1715 4588 1729 4626 :
1763 4573 1891 4643 Age,
1917 4573 2014 4638 ﬁli,

443 4650 733 4706 adhortare
785 4652 993 4719 Patres,
1031 4664 1091 4709 ut
1138 4655 1385 4713 fruamur
1433 4670 1481 4714 et
1537 4662 1782 4717 laetemur
1825 4666 1892 4719 de
1922 4675 2016 4721 tua

440 4742 781 4811 paternitate.
813 4742 951 4798 Cum
982 4746 1084 4802 hoc
1121 4749 1358 4818 graviter
1383 4750 1546 4806 ferret
1580 4751 1934 4823 Epiphanius,
1961 4766 2016 4812 et

438 4842 730 4903 angeretur
775 4836 962 4889 animo
987 4844 1042 4891 et
1068 4836 1240 4902 ﬁeret,
1267 4840 1406 4895 dixit
1429 4839 1644 4911 Pappus
1675 4861 1689 4899 :
1720 4843 2015 4914 Oportebat

438 4923 658 4991 quidem
686 4939 786 4980 nos
814 4934 1012 4990 tacere,
1042 4943 1076 4982 ο
1102 4928 1176 4982 ﬁli
1207 4929 1642 5001 Epiphanie.Fio
1663 4946 1865 5002 autem,
1889 4953 2012 4992 cum

436 5027 538 5083 ego
575 5022 624 5069 te
656 5014 773 5085 ipse
797 5019 1130 5085 quaesierim,
1164 5021 1450 5092 insipiens.
1475 5022 1609 5079 Nam
1658 5042 1783 5081 cum
1827 5026 2012 5086 Patres

437 5104 528 5159 hic
563 5116 745 5161 essent
776 5112 1111 5179 congregati,
1147 5111 1241 5166 Dei
1278 5115 1556 5171 voluntate
1591 5119 1721 5172 mihi
1750 5119 2013 5176 dederunt

437 5194 543 5251 hoc
581 5198 857 5267 negotium
904 5201 974 5255 ad
1027 5203 1442 5273 signiﬁcandum
1488 5208 1826 5280 episcopum.
1862 5211 2011 5282 lique

435 5300 626 5342 ornues
680 5290 813 5343 mihi
861 5292 1194 5348 exhibebant
1239 5297 1542 5367 negotium,
1587 5300 1830 5357 dicentes
1874 5304 2009 5359 mihi

433 5379 707 5444 peCC'AIOI‘i
737 5397 749 5432 :
784 5377 891 5436 Ora
923 5395 1177 5455 prompto
1210 5393 1263 5442 et
1292 5386 1458 5445 alacri
1493 5390 1699 5459 animo,
1720 5400 1773 5449 et
1797 5393 2007 5467 tibi_re-

434 5467 721 5523 velabitur.

504 5580 523 5609 '
564 5578 706 5635 Psal.
740 5599 889 5653 cm,
928 5588 978 5641 1.

508 5712 582 5779 (a)
621 5713 802 5783 Forte,
833 5722 897 5774 ὲκ
923 5724 1160 5792 γενετῆς.

2136 1918 2193 1970 δὲ
2239 1917 2448 1988 πράτου
2506 1922 2749 1988 εἰπόντος
2790 1927 2890 1996 τὴν
2943 1930 3108 2001 τιμὴν
3144 1932 3222 2001 τῷ
3263 1930 3563 2002 Ἐπιφανίῳ
3605 1933 3719 1986 τῶν

2137 2004 2446 2072 σταφυλῶν,
2480 2006 2671 2094 έλαϐεν
2694 2012 2755 2064 τὺ
2780 2013 3042 2086 ἀργύριον
3069 2018 3162 2071 ἐπὶ
3197 2018 3258 2071 τὸ
3294 2021 3617 2089 μεταλαϐεῖν
3639 2023 3719 2094 τῷ

2136 2094 2337 2168 πράτῃ.
2357 2096 2413 2149 '0
2445 2092 2536 2150 οῦν
2569 2099 2714 2163 ὅσιος
2743 2103 2973 2181 Πάππος
3019 2105 3379 2176 παραγίνεται
3413 2092 3720 2181 {inempon

2138 2202 2296 2256 μενος
2329 2186 2432 2240 ὑπὸ
2462 2188 2556 2241 δύο
2587 2191 2867 2248 διακόνων.
2888 2177 3067 2251 Ἦσαν
3100 2199 3156 2251 δὲ
3190 2200 3282 2252 καὶ
3313 2203 3461 2271 τρεῖς
3494 2177 3719 2256 ἐπίσκοο

2136 2294 2226 2332 ποι
2263 2282 2378 2339 μετ’
2410 2282 2595 2337 αὐτοῦ.
2615 2285 2700 2349 Ὠς
2726 2282 2820 2341 οὖν
2853 2289 3087 2359 ἤγγισαν
3126 2293 3443 2365 Ἐπιφανίῳ,
3467 2292 3535 2366 ἦν
3567 2298 3719 2351 Ἐπι-

2136 2368 2323 2437 φάνιος
2357 2372 2496 2443 ἔχων
2529 2375 2666 2445 μετά
2696 2380 2885 2450 χεῖρας
2916 2383 3042 2446 τοὺς
3071 2383 3445 2455 βότρυας,’καὶ
3468 2388 3528 2440 τὸ
3553 2388 3718 2458 τίμη-

2137 2479 2215 2532 μα
2241 2463 2463 2519 τούτων.
2508 2463 2676 2522 Εἶπον
2722 2472 2779 2525 δέ
2809 2490 2955 2538 τινες
2981 2476 3091 2530 τῶν
3137 2480 3502 2549 παρεστώτων
3524 2497 3540 2513 ·
3581 2484 3718 2537 Ἰδοὺ

2132 2555 2180 2605 οἱ
2227 2556 2512 2611 ἐπίσκοποι
2559 2562 2812 2631 πάρεισιν
2856 2559 2980 2623 ὧδε.
3013 2565 3180 2623 Εἶπεν
3216 2572 3274 2623 δὲ
3318 2574 3550 2639 Πάππος
3577 2578 3719 2649 πρὸς

2146 2645 2484 2714 Ἐπιφάνιον·
2528 2650 2984 2737 Ἀπόθου,Ἀϐ6ἄ,
3026 2661 3153 2725 τοὺς
3202 2662 3432 2733 βότρυας
3460 2665 3539 2737 τῷ
3570 2645 3717 2737 πρά-

2131 2752 2221 2807 τῃ,
2256 2739 2348 2791 καὶ
2381 2742 2745 2816 ἀκολούθησον
2786 2734 2918 2819 ἡμῖν
2964 2753 3022 2804 έν
3067 2755 3133 2824 τῇ
3179 2755 3465 2828 ἐκκλησίᾳ.
3504 2734 3626 2811 Τοῦ-
3656 2760 3716 2813 δὲ

2134 2831 2605 2900 μνημονεύσαντος
2626 2837 2721 2890 τοῦ
2753 2838 2898 2894 θείου
2954 2842 3111 2912 λόγου
3142 2845 3236 2900 τοῦ
3268 2850 3717 2919 προσφωνοῦντος

2132 2919 2226 2971 καὶ
2250 2919 2498 3011 λέγοντος
2518 2941 2533 2956 ο
2568 2928 2931 2997 Εὐφράνθην
2952 2933 3051 2987 ἐπὶ
3089 2935 3213 3002 τοῖς
3238 2939 3546 3007 εἰρηκόσιν
3569 2960 3672 3011 μοι
3696 2959 3713 2975 ·

2131 3012 2236 3076 Εἰς
2262 3009 2429 3068 οἷκον
2452 3018 2675 3085 Κυρίου
2700 3025 3148 3093 πορευσόμεθαο
3172 3029 3533 3101 ἠκολούθησεν
3561 3009 3620 3086 έν
3645 3038 3714 3107 τῇ

2132 3103 2416 3178 ἐκκλησίᾳ.
2454 3109 2512 3160 Ὀ
2556 3109 2613 3161 δὲ
2665 3111 2894 3177 Πάππος
2966 3118 3098 3187 φησὶ
3164 3120 3300 3191 πρὸς
3364 3103 3712 3193 Ἐπιςράνιοννζ

2131 3194 2360 3265 Ποίησον
2411 3198 2597 3270 εὐχὴν,
2630 3194 2674 3254 ὧ
2705 3203 2907 3274 Πάτερ.
2942 3207 3127 3260 Ταῦτα
3173 3209 3229 3262 δὲ
3266 3210 3452 3282 ἔλεγεν
3482 3215 3713 3281 Πάππος

2127 3289 2263 3359 πρὸς
2308 3290 2643 3360 Ἐπιφάνιον,
2671 3294 2819 3357 ὅπως
2864 3297 3119 3369 γνωρίσει
3161 3300 3356 3355 ἑαυτὸν
3398 3305 3713 3373 Ἐπιφάνιος

2124 3378 2202 3451 τῷ
2267 3378 2474 3452 κλήρῳ.
2532 3377 2700 3435 Εἶπεν
2756 3383 2811 3437 δὲ
2861 3387 3175 3456 Ἐπιφάνιος
3239 3392 3377 3463 πρὸς
3440 3396 3708 3450 Πάππον·

2126 3469 2483 3543 Συγχώρησόν
2520 3488 2630 3540 μοι,
2671 3473 2853 3545 Πάτερ
2873 3492 2886 3505 ·
2921 3477 2983 3529 ού
3010 3478 3120 3549 γάρ
3151 3480 3265 3550 εἰμι
3294 3483 3353 3534 ὲν
3376 3482 3579 3554 κλήρῳ.
3615 3482 3712 3539 Εἴ-

2128 3575 2227 3611 πεν
2280 3557 2340 3611 δὲ
2385 3560 2618 3623 Πάππος
2669 3562 2806 3632 πρὸς
2849 3562 3183 3635 Ἐπιφάνιον·
3218 3569 3413 3635 Βλέπε,
3442 3575 3625 3643 φησὶν,
3665 3570 3711 3628 ῶ

2124 3648 2332 3714 τέκνον,
2375 3651 2450 3721 μὴ
2480 3652 2620 3705 κατά
2649 3653 2941 3723 πρόσωπον
2968 3658 3171 3713 τούτων
3197 3661 3303 3714 τῶν
3330 3665 3499 3732 ἁγίων
3534 3668 3709 3721 Πατέ-

2126 3758 2235 3808 ρων
2257 3741 2488 3814 ἀρνήσῃ,
2517 3744 2613 3797 καὶ
2649 3748 2986 3819 κατακριθῇς
3016 3749 3092 3813 ῶς
3119 3754 3147 3805 ὁ
3179 3754 3392 3824 κρύψας
3423 3758 3484 3810 τὸ
3510 3760 3708 3813 τάλαν-

2122 3848 2233 3885 τον.
2270 3828 2438 3887 Εἶπεν
2483 3834 2541 3887 δὲ
2584 3836 2898 3906 Ἐπιφάνιος
2928 3841 3065 3911 πρὸς
3109 3843 3200 3895 τὸν
3235 3846 3465 3900 Πάππον
3488 3866 3502 3879 ο
3548 3852 3707 3921 Οὐχὶ,

2124 3923 2325 3993 Πάτερ,
2354 3924 2453 3994 οὐχ
2485 3925 2745 3997 ὑπάρχων
2773 3927 3248 3999 κληρικός.Ταῦτα
3274 3934 3331 3988 δὲ
3358 3937 3523 3991 εἰπὼν
3558 3940 3707 3992 Ἐπι-

2123 4014 2333 4081 φάνιος,
2363 4015 2392 4067 ό
2424 4015 2653 4079 Πάππος
2701 4017 2899 4071 ἔδωκεν
2945 4022 3189 4092 εἰρήνην.
3220 4020 3313 4088 Εἷς
3364 4026 3419 4079 δέ
3462 4046 3547 4091 τις
3595 4031 3705 4083 τῶν

2121 4101 2383 4157 διακόνων
2448 4105 2837 4177 ἐπιλαϐόμενος
2890 4110 2987 4180 τῆς
3038 4113 3281 4182 κεφαλῆς
3336 4116 3653 4186 Ἐπιφανίου
3688 4160 3705 4183 ,

2120 4188 2255 4263 ἦγεν
2289 4194 2451 4248 αὑτὸν
2478 4195 2613 4266 πρὸς
2646 4198 2875 4251 Πάππον
2898 4200 2991 4253 ἐπὶ
3020 4202 3112 4255 τοῦ
3145 4203 3527 4278 θυσιαστηρίου
3563 4214 3703 4280 μετὰ

2123 4284 2264 4354 βίας,
2312 4286 2451 4341 ὥστε
2502 4288 2775 4341 συνελθεῖν
2820 4292 2914 4343 καὶ
2960 4292 3153 4358 ἄλλους
3201 4296 3505 4365 πλείστους,
3552 4302 3703 4366 ὅπως

2119 4376 2473 4432 διασώσουσιν
2511 4379 2673 4433 αὐτὸν
2703 4381 2798 4433 ἐπὶ
2841 4380 2919 4453 τῷ
2962 4384 3349 4459 θυσιαστηρίῳ.
3390 4392 3703 4463 Χειροτονεῑ

2119 4462 2211 4520 οὖν
2258 4467 2418 4521 αὐτὸν
2464 4468 2731 4533 διάκονον,
2758 4470 2853 4523 καὶ
2894 4472 3054 4526 πάλιν
3084 4474 3298 4529 δίδωσιν
3328 4462 3569 4551 εἰρήνην,
3604 4485 3702 4536 καὶ

2119 4561 2413 4627 χειροτονεῖ
2439 4560 2597 4615 αὐτὸν
2628 4560 3018 4632 πρεσϐύτερον,
3046 4564 3140 4616 καὶ
3163 4565 3368 4633 γίνεται
3396 4570 3428 4639 ἡ
3473 4571 3698 4625 ἀκολου-

2118 4646 2228 4705 θία,
2255 4647 2347 4700 καὶ
2394 4654 2689 4720 χειροτονεῖ
2733 4653 2915 4707 αὑτὸν.
2952 4654 3267 4710 ἐπίσκοπον.
3294 4659 3448 4711 Μετὰ
3494 4661 3550 4714 δὲ
3597 4664 3699 4733 τὴν

2115 4737 2376 4790 ἀπόλυσιν
2434 4740 2532 4809 τῆς
2580 4741 2875 4812 ἐκκλησίας
2908 4742 3213 4818 ἀνήλθομεν
3260 4747 3317 4798 ἐν
3358 4748 3435 4818 τῷ
3474 4750 3698 4806 ἐπισκο-

2116 4829 2276 4898 πείῳ.
2310 4826 2475 4884 Εἶπεν
2520 4832 2577 4885 δὲ
2620 4834 2852 4899 Πάππος
2880 4838 3017 4906 πρὸς
3056 4837 3399 4909 Ἐπιφάνιθν·
3431 4841 3600 4911 Δεῦρο
3628 4844 3694 4915 δὴ

2116 4920 2414 5006 πρότρεψαι
2442 4925 2570 4985 τοὺς
2622 4926 2910 4998 Πατέρας,
2946 4930 3094 4993 ὅπως
3143 4934 3532 5006 μεταλάϐωμεν
3598 4936 3695 4993 καὶ

2113 5000 2501 5080 εύφρανθῶμεν
2532 5012 2623 5065 ἐπὶ
2653 5016 2717 5083 σῇ
2749 5017 3096 5089 πατρωσύνῃ.
3133 5000 3238 5073 Τοῦ
3279 5023 3336 5075 δὲ
3374 5000 3691 5093 Ἐπιφανῖου

2115 5098 2324 5170 βαρέως
2349 5100 2625 5172 φέροντος,
2654 5104 2745 5157 καὶ
2788 5107 3182 5178 ἀδημονοῦντος
3215 5114 3274 5167 ἐν
3297 5114 3561 5187 λογισμῷ,
3596 5122 3692 5173 καὶ

2112 5189 2409 5257 κλαίοντος,
2455 5189 2610 5248 εἶπεν
2641 5196 2671 5248 ὁ
2696 5196 2926 5262 Πάππος
2954 5200 3090 5270 πρὸς
3114 5202 3426 5273 Ἐπιφάνιον
3447 5225 3460 5237 ·
3491 5210 3690 5280 Ἐχρῆν

2115 5280 2212 5348 μὲν
2245 5282 2394 5351 ἡμᾶς
2427 5283 2722 5353 σιωπῆσαι,
2754 5280 2798 5339 ὦ
2825 5287 3016 5342 τέκνον
3045 5292 3350 5363 Ἐπιφὰνιε.
3381 5297 3604 5367 Γίνομαι
3629 5300 3689 5353 δὲ

2110 5369 2298 5439 ἄφρων
2327 5373 2487 5436 αὐτός
2523 5390 2611 5445 μοι
2640 5375 2741 5446 τὴν
2772 5378 2998 5449 ζήτησιν
3022 5385 3409 5456 ποιησάμενος.
3428 5389 3550 5443 Τῶν
3575 5390 3686 5462 γὰρ

2109 5461 2369 5534 Πατέρων
2398 5463 2768 5536 συναχθέντων
2797 5462 2919 5535 ὧδε,
2958 5472 3303 5548 ἀπεδώκασιν
3333 5478 3412 5549 τῷ
3444 5478 3563 5551 Θεῷ
3591 5461 3687 5535 ἐπὶ
