4078 6368
330 389 407 451 69
1654 393 1712 449 S.
1756 390 2104 448 EPIPHANII
2148 389 2335 445 VITA.
3550 395 3621 448 70

334 513 571 586 μηνύσει
598 511 693 567 τοῦ
727 511 1064 566 ἐπισκόπου·
1123 508 1293 582 κάμοὶ
1342 509 1502 564 πόνον
1545 510 1814 583 ἐπέφερον
1878 510 2081 573 πάντες
2122 504 2268 564 οὗτοι
2307 506 2557 575 λέγοντες
2604 505 2741 578 πρὸς
2788 507 2855 577 μὲ
2901 506 2992 561 τὸν
3062 508 3419 582 ἀμαρτωλόν·
3446 510 3623 582 Εὓχου

328 605 654 677 προθύμως,
679 605 772 657 καὶ
801 602 1319 674 ἀποκαλυφθήσεται
1358 620 1459 656 σοι.

403 699 529 752 AE’.
572 694 739 767 Ἐμοῦ
784 696 842 748 δὲ
886 694 1079 748 ἑαυτὸν
1130 690 1516 765 καθείρξαντος
1564 695 1622 746 ἐν
1671 692 1922 764 ὀσπιτίῳ,

2097 685 2316 741 XXXV.
2357 684 2493 740 Cum
2525 700 2627 753 ego
2657 694 2840 739 autem
2867 701 2955 740 me
3002 687 3057 741 in
3088 686 3329 758 hospitio
3359 690 3622 746 inclusis-

328 790 682 863 παρεκάλουν
710 788 803 841 τὸν
828 787 1057 858 Σωτῆρα
1085 787 1215 854 περὶ
1236 786 1332 838 τοῦ
1359 786 1631 839 τοιούτου·
1678 786 1933 856 ἀστραπὴ

324 884 388 936 δὲ
422 881 664 952 ἔλαμψεν
698 882 756 932 ἐν
787 877 866 949 τῷ
898 877 1099 948 κελλίῳ
1121 895 1135 909 ο
1167 878 1379 946 ἥκουσα
1403 876 1461 928 δὲ
1497 875 1593 929 καὶ
1632 878 1817 947 φωνὴν
1850 877 1931 931 δι-

325 972 565 1042 δομένην
600 970 737 1040 πρὸς
768 970 835 1040 μὲ
864 969 957 1021 τὸν
984 967 1329 1039 ἁμαρτωλὸν·
1350 968 1571 1032 Πάππε,
1592 969 1809 1031 Πάππε,
1832 986 1935 1037 φη-

329 1065 442 1128 σὶν,
471 1060 814 1130 ἄκουε.Ἐγὼ
840 1062 898 1115 δὲ
921 1060 1161 1130 ἔμφοϐος
1189 1060 1482 1130 γενόμενος
1510 1056 1662 1113 εἷπον
1682 1077 1696 1090 ·
1727 1061 1791 1113 Τί
1815 1062 1935 1112 ἐπι·-

326 1155 523 1227 τρέπει
552 1158 580 1209 ὁ
610 1153 818 1224 Κύριός
850 1169 983 1223 μους
1016 1147 1185 1205 Εἶπεν
1218 1153 1275 1205 δὲ
1308 1152 1445 1222 πρὸς
1496 1153 1564 1222 μὲ
1617 1153 1735 1223 μετ’
1768 1153 1932 1223 εὐμε-

327 1247 502 1310 νείας·
529 1245 791 1311 Ἀνάστα,
822 1244 1111 1315 παράλαϐε
1140 1243 1278 1314 μετὰ
1302 1243 1529 1296 σεαυτοῦ
1560 1243 1656 1296 Eva.
1681 1243 1791 1296 τῶν
1819 1244 1932 1296 δια-

327 1341 527 1404 κόνων,
558 1341 654 1393 καὶ
684 1337 1009 1392 ὲπικάτελθε
1056 1338 1113 1389 ἐν
1158 1336 1235 1406 τῷ
1280 1337 1553 1407 ἐμπορίῳ.
1582 1337 1693 1390 Καὶ
1730 1336 1837 1389 ἰδοὺ
1866 1336 1929 1406 δὴ

333 1432 571 1502 μοναχὸς
601 1432 718 1484 ἐκεῖ
742 1432 896 1502 παρὰ
920 1430 998 1500 τῷ
1028 1430 1213 1502 πράτῃ
1245 1428 1468 1483 ὠνεῖται
1498 1428 1802 1499 σταφυλάς·
1838 1428 1932 1481 δύο

332 1525 603 1596 μοναχοὺς
636 1523 751 1594 ἔχει
796 1522 915 1593 μεθ’
947 1521 1487 1583 ἐαυτοῦ,⁹Ελισσαίου
1532 1521 1632 1591 τὴν
1685 1520 1929 1593 κεφαλὴν

326 1619 393 1671 τὸ
437 1617 781 1687 ὲκτύπωμαο
825 1616 1017 1669 τοῦτον
1056 1614 1439 1687 χειροτόνησον
1484 1616 1564 1677 εἰς
1609 1613 1927 1666 ἐπίσκοπον.

328 1712 494 1766 Ἀλλά
520 1712 595 1783 μὴ
623 1710 951 1780 άναγγείλῃς
977 1708 1146 1778 αὐτῷ,
1178 1710 1389 1780 μήποτε
1419 1707 1733 1780 ἀποδράσει.
1764 1708 1837 1761 Τὸ
1874 1708 1931 1760 δὲ

327 1804 503 1873 ὄνομα
554 1801 721 1855 αὐτοῦ
781 1800 1029 1854 καλεῖται
1075 1800 1412 1869 Ἐπιφάνιος.
1466 1800 1672 1867 Γέγονα
1718 1800 1928 1869 ἄφρων,

326 1895 550 1946 τέκνονο
592 1892 757 1955 αὑτός
806 1909 876 1962 με
926 1892 1266 1959 ἠνάγκασας.
1299 1890 1475 1943 Βλέπε
1507 1889 1561 1941 τί
1593 1891 1792 1952 ποιεῖς,
1835 1888 1932 1941 καὶ

328 1986 571 2057 πρόσεχε
594 1984 822 2055 σεαυτῷ.
850 1983 994 2053 Ἐγὼ
1016 1984 1126 2055 γὰρ
1149 1982 1482 2051 ἀπεστάλην,
1502 1982 1530 2035 ὃ
1548 1981 1757 2052 ὥφειλα
1777 1981 1933 2051 ποιῆ-

330 2095 425 2132 σαι
454 2078 713 2145 ἐποίησα.
739 2076 942 2140 Ἀθῶός
985 2076 1122 2146 εἰμι.
1150 2076 1223 2128 Σὺ
1250 2074 1356 2146 ὄψῃ
1388 2075 1483 2127 ἐπὶ
1524 2077 1661 2128 πᾶσι
1697 2072 1930 2135 τούτοις.

339 2168 609 2232 Ἀκούσας
656 2169 713 2221 δὲ
762 2167 937 2220 ταῦτα
983 2167 1323 2235 Ἐπιφάνιος,
1379 2166 1575 2219 ἔπεσεν
1623 2166 1717 2217 ἐπὶ
1761 2163 1930 2235 πρόσ-

325 2279 499 2325 ωπον,
529 2260 627 2314 καὶ
658 2258 1067 2332 προσεκύνησεν
1092 2259 1311 2329 Πάππῳ
1338 2258 1508 2312 είπών
1527 2276 1541 2289 ο
1572 2257 1664 2329 Μὴ
1687 2256 1928 2327 ὀργίζου,

328 2352 537 2422 Πάτερ,
582 2351 782 2421 φησίν·
817 2350 1142 2421 ἁμαρτωλὸς
1186 2351 1297 2423 γὰρ
1336 2349 1621 2423 ἄνθρωπός
1663 2351 1801 2421 εἰμι,
1839 2350 1932 2403 καὶ

327 2441 431 2492 οὐκ
482 2438 715 2510 ἐπαρκῶ
761 2438 899 2508 πρὸς
951 2437 1012 2491 τὸ
1062 2437 1265 2509 μέτρον
1309 2439 1411 2510 τῆς
1460 2440 1784 2511 ἱερωσύνης,
1835 2438 1930 2492 καὶ

2035 794 2170 841 sem.
2203 787 2258 833 et
2285 778 2351 832 de
2376 793 2443 833 eo
2471 776 2814 831 Salvatorem
2851 794 3123 849 rogarem,
3153 780 3336 850 fulgur
3385 782 3440 836 in
3488 785 3623 839 cella

2034 871 2400 943 resplenduit;
2432 870 2619 924 audivi
2647 884 2779 924 vero
2807 885 3000 925 vocem
3031 872 3304 927 dicentem
3335 876 3467 929 mihi
3493 891 3624 946 pec-

2033 966 2206 1021 catori
2239 984 2250 1019 :
2282 962 2481 1033 Pappe,
2516 961 2722 1032 Pappe,
2757 963 2906 1017 audi.
2935 962 3050 1034 Ego
3081 972 3264 1019 autem
3294 966 3403 1021 dixi
3424 968 3626 1022 timore

2034 1058 2360 1128 perterritus
2390 1075 2403 1110 :
2433 1056 2576 1123 Quid
2607 1056 2763 1126 jubet
2786 1056 3055 1112 Dominus
3087 1059 3281 1114 meus?
3309 1059 3456 1114 Dixit
3490 1061 3625 1116 mihi

2032 1151 2265 1221 benigne
2301 1169 2313 1203 :
2354 1148 2548 1219 Surge,
2583 1149 2771 1218 accipe
2824 1164 2996 1202 unum
3031 1164 3099 1203 ex
3132 1149 3404 1216 diaconis,
3431 1161 3485 1207 et
3521 1154 3621 1208 de-

2033 1244 2232 1299 scende
2280 1243 2333 1297 in
2388 1242 2589 1297 forum.
2621 1241 2761 1296 Ecce
2812 1241 2924 1297 illic
2953 1242 3096 1313 apud
3133 1245 3469 1299 venditorem
3501 1261 3622 1299 mo-

2034 1336 2245 1390 nachus
2279 1334 2414 1389 emit
2448 1350 2605 1399 uvas,
2634 1334 2729 1404 qui
2781 1334 2921 1390 duos
2970 1350 3157 1390 secum
3209 1334 3372 1391 habet
3428 1353 3625 1392 mona-

2031 1429 2189 1493 chos,
2222 1440 2275 1483 et
2305 1427 2471 1482 Elisei
2503 1437 2669 1498 caput
2698 1428 2848 1484 illius
2874 1428 3037 1483 habet
3072 1429 3323 1501 eliigiem.
3357 1430 3494 1485 Eum
3535 1448 3627 1486 or-

2032 1521 2159 1576 dina
2193 1521 2534 1591 episcopum.
2570 1519 2677 1576 Sed
2715 1536 2784 1575 ne
2816 1522 2863 1575 ei
2899 1523 3290 1587 renunties,ne
3316 1523 3459 1579 forte
3485 1524 3624 1578 eﬂ‘u-

2032 1614 2162 1684 giat.
2200 1612 2293 1668 Est
2320 1623 2506 1667 autem
2536 1614 2587 1668 ei
2614 1628 2816 1669 nomen
2862 1614 3225 1684 Epiphanius.
3259 1615 3457 1671 Factus
3496 1633 3619 1671 sum

2032 1705 2319 1774 insipiens,
2356 1705 2430 1759 ﬁli
2465 1725 2478 1759 :
2512 1706 2631 1775 ipse
2661 1721 2748 1760 me
2795 1707 3044 1775 coegisti.
3080 1706 3215 1761 Vide
3256 1708 3387 1777 quid
3424 1706 3617 1770 facias,

2031 1803 2087 1849 et
2115 1795 2333 1849 attende
2366 1796 2467 1849 tibi
2504 1796 2625 1865 ipsi.
2660 1795 2773 1866 Ego
2808 1797 2951 1851 cnim
2983 1798 3187 1854 missus
3232 1815 3376 1864 sum,
3424 1810 3478 1854 et
3520 1796 3625 1855 feci

2033 1888 2179 1958 quod
2208 1888 2371 1942 debui
2398 1887 2596 1944 facere.
2629 1888 2761 1943 Sum
2797 1891 3008 1955 insons,
3050 1900 3105 1947 et
3135 1901 3260 1963 post
3290 1894 3404 1948 haec
3434 1894 3623 1948 omnia

2033 1980 2261 2035 videbis.
2299 1980 2437 2034 Cum
2482 1980 2597 2035 haec
2624 1992 2806 2036 autem
2835 1983 3103 2039 audiisset
3138 1984 3497 2056 Epiphanius,
3529 2002 3623 2042 ce-

1964 2054 2006 2107 B
2036 2071 2168 2126 cidit
2216 2073 2270 2126 in
2321 2070 2539 2137 faciem,
2574 2082 2629 2128 et
2675 2075 2923 2130 adoravit
2962 2054 3459 2146 Pappum,vdicens
3496 2097 3508 2133 :
3544 2077 3623 2133 Ne

2039 2165 2319 2229 irascaris,
2346 2164 2534 2221 Pater.
2575 2166 2707 2221 Sum
2736 2169 2881 2223 enim
2915 2170 3098 2235 homo,
3131 2186 3231 2226 nec
3262 2170 3472 2227 sullicio
3514 2170 3624 2226 im-

2037 2258 2245 2329 plendas
2272 2274 2545 2314 mensurae
2574 2261 3155 2334 saccrdotii.Cumque
3180 2280 3369 2320 omnes
3398 2265 3623 2319 adoras-

2038 2351 2411 2417 set,invilavit
2433 2367 2531 2406 eos
2560 2353 2625 2407 ad
2651 2355 2964 2423 prandium.
2994 2355 3062 2411 Et
3091 2373 3215 2411 cum
3246 2358 3621 2428 prandissent,

2035 2440 2133 2496 ivit
2164 2443 2545 2512 unusquisque
2568 2443 2619 2496 in
2655 2460 2811 2499 suam
2837 2445 3159 2501 Ecclesiam.

325 2534 718 2603 προσκυνήσας
766 2533 1013 2595 ἅπαντας
1058 2531 1429 2603 προετρέπετο
1470 2533 1668 2597 αὐτοὺς
1715 2531 1811 2587 ἐπὶ
1855 2533 1917 2586 τὸ
1963 2532 2205 2604 ἄριστον.
2241 2537 2351 2589 Καὶ
2384 2537 2796 2609 ἀριστησάντων
2854 2538 3034 2592 αὐτῶν
3096 2539 3472 2612 ἐπορεύθησαν
3494 2540 3625 2596 ἐκα“

330 2640 458 2687 στος
488 2627 547 2677 ἐν
571 2626 639 2695 τῇ
670 2624 837 2677 αὐτοῦ
872 2625 1188 2697 Ἐκκλησία.

401 2716 544 2785 AG".
587 2720 743 2772 Μετὰ
778 2720 835 2773 δὲ
875 2723 1027 2792 τρεῖς
1060 2722 1278 2792 ἡμέρας
1311 2721 1451 2791 ἀνήρ
1491 2738 1576 2785 τις
1624 2721 1925 2792 αἰδέσιμος,

328 2811 557 2882 ὀνόματι
592 2810 929 2883 Εύγνώμων,
974 2814 1079 2866 ὑπό
1102 2831 1245 2877 τινος
1278 2814 1667 2886 λαμπροτάτου
1700 2815 1801 2885 τῆς
1833 2816 1930 2867 πό-

330 2902 471 2966 λεως
502 2904 705 2975 ἐϐλήθη
740 2906 800 2958 ἐν
833 2907 899 2976 τῇ
931 2904 1143 2976 φυλακῇ
1174 2907 1254 2969 είς
1274 2904 1440 2977 ὁλκὴν
1470 2904 1826 2976 νομισμάτων
1854 2912 1917 2975 ρ’.

331 2995 408 3047 Τὸ
429 2996 487 3049 δὲ
519 2996 691 3067 ὄνομα
717 2996 810 3050 τοῦ
846 2996 1102 3067 βαλόντος
1131 2996 1380 3050 ἐκαλεῖτο
1424 2997 1673 3068 Δράκων.
1706 2991 1875 3058 Οὗτος
1899 2997 1927 3048 6

330 3087 668 3159 Εὑγνὼμων,
685 3090 953 3160 Ῥωμαῖος
982 3088 1077 3153 ὢν,
1113 3089 1212 3142 οὐκ
1243 3085 1388 3159 εἶχεν
1419 3090 1510 3141 τὸν
1541 3088 1804 3159 ῥυόμενον
1828 3088 1927 3140 αὑ-

2104 2716 2345 2773 XXXW.
2387 2716 2589 2774 Tribus
2633 2730 2813 2774 autem
2858 2729 2983 2789 post
3030 2720 3223 2776 diebus
3272 2722 3358 2776 vir
3399 2723 3623 2793 quidam

2033 2812 2397 2876 venerandus,
2428 2812 2647 2867 nomine
2697 2811 3040 2881 Eugnomon,
3068 2829 3098 2868 a
3146 2814 3384 2884 quodam
3433 2814 3626 2869 claris—

2033 2907 2177 2964 simo
2227 2906 2376 2963 illius
2419 2906 2658 2962 civitatis
2691 2907 2976 2976 conjectus
3018 2906 3198 2961 fuerat
3234 2908 3285 2961 in
3314 2906 3621 2961 cusmdiam

2032 3016 2131 3071 pro
2162 3014 2377 3055 summa
2413 3006 2631 3053 centum
2681 3014 3058 3054 nummorum.
3111 2997 3315 3054 Nomen
3363 2999 3505 3069 ejus,
3528 2997 3624 3070 qui

2032 3092 2212 3161 ipsum
2245 3091 2574 3160 coniecerat,
2613 3099 2732 3145 erat
2768 3090 2963 3145 Draco.
2998 3091 3047 3145 ls
3079 3106 3203 3146 cum
3238 3100 3385 3146 esset
3416 3090 3620 3147 Roma-

329 3181 427 3234 τὸν
475 3182 585 3235 άπὸ
630 3181 731 3252 τῆς
782 3182 1331 3250 φυλακῆς.”Ηκουσεν
1359 3181 1417 3233 δὲ
1446 3180 1785 3250 Ἐπιφάνιος,
1832 3180 1928 3233 καὶ

2033 3201 2160 3251 nus,
2200 3185 2411 3238 nullum
2446 3184 2702 3248 habebat,
2733 3184 2827 3253 qui
2856 3198 2980 3236 eum
3013 3183 3270 3239 liberaret
3296 3199 3326 3237 a
3349 3183 3621 3239 custodia.

332 3272 608 3342 ἐπορεύθη
640 3272 775 3345 πρὸς
815 3274 907 3325 τὸν
953 3273 1256 3349 Δράκοντα,
1291 3272 1387 3325 τοῦ
1417 3272 1798 3344 παρακαλέσαι
1827 3274 1923 3326 αύ-

330 3364 446 3429 τὺν,
478 3364 627 3427 ὅπως
674 3363 939 3417 ἀπολύσει
987 3364 1325 3436 Εύγνώμονα
1371 3365 1463 3441 τον
1502 3365 1772 3436 Ῥωμαῖον
1818 3364 1930 3419 ἀπὸ

331 3456 436 3525 τῆς
461 3454 730 3526 φυλακῆς.
766 3451 934 3510 Εἶπεν
956 3455 1012 3509 δὲ
1032 3458 1060 3509 6
1080 3456 1308 3527 Δράκων
1337 3457 1644 3527 Ἐπιφανίῳ
1670 3476 1684 3489 ·
1714 3458 1928 3523 Βάδιςε,

333 3548 493 3617 φησὶ,
518 3547 859 3619 παρείοακτε
901 3546 1002 3617 τῆς
1046 3547 1253 3611 πόλεως
1283 3547 1461 3618 ἡμῶν,
1491 3556 1536 3620 ρ’
1556 3548 1867 3620 νομίσματα
1894 3548 1931 3603 ἃ

332 3638 750 3711 κεχρεὼστηκέν
788 3656 877 3710 μοι
924 3641 953 3692 6
989 3638 1078 3700 σὸς
1110 3640 1347 3711 ἑταῖρος,
1388 3640 1475 3704 δός
1514 3657 1603 3710 μοι
1642 3639 1803 3704 αὐτὰ,
1836 3639 1931 3692 καὶ

333 3731 467 3784 λάϐε
498 3727 821 3785 τοῦτον.⁷Ην
849 3731 906 3784 δὲ
955 3723 1112 3794 οὗτος
1166 3734 1194 3784 6
1244 3731 1472 3804 Δράκων
1504 3732 1756 3796 πλούσιος
1800 3732 1931 3801 σφό-

335 3824 461 3897 δρα,
491 3824 769 3895 ἀνήμερος
817 3825 932 3887 τοῖς
979 3823 1299 3894 τρόποις.⁹0
1329 3819 1420 3877 οὖν
1449 3825 1765 3893 Ἐπιφάνιος
1807 3825 1933 3878 ἐπο-

340 3917 508 3989 ρεύθη
536 3918 593 3971 ἐν
622 3916 700 3988 τῷ
734 3912 1275 3987 ἐπισκοπείῳ.⁷Ησαν
1300 3918 1356 3971 δὲ
1405 3925 1451 3989 ρ’
1476 3920 1791 3990 νομίσματα
1813 3918 1931 3971 κείο

341 4026 480 4081 μενα
527 4011 585 4062 ὲν
630 4008 707 4080 τῷ
742 4009 1099 4080 ἐπισκοπείῳ,
1135 4010 1217 4071 είς
1263 4006 1538 4064 διακονίαν
1568 4011 1669 4081 τῆς
1701 4010 1934 4082 Ἐκκλη-

340 4103 482 4166 σίας.
500 4103 560 4156 '0
606 4098 699 4156 οὖν
726 4102 1051 4170 Ἐπιφάνιος
1096 4102 1278 4156 λαϐὼν
1321 4103 1483 4167 αὐτὰ,
1516 4104 1809 4175 ἐπορεύθη,
1841 4105 1935 4158 καὶ

338 4198 541 4252 ἔδωκεν
584 4196 661 4269 τῷ
703 4196 988 4268 Δράκοντι,
1022 4195 1114 4248 καὶ
1156 4194 1394 4248 ἀπέλυσε
1422 4195 1515 4249 τὸν
1553 4195 1721 4260 ξένον.
1755 4191 1850 4260 Εἷς
1874 4196 1933 4250 δέ

336 4306 422 4353 τις
470 4289 735 4351 διάκονος,
770 4286 995 4357 ὀνόματι
1038 4286 1276 4356 Χαρῖνος
1297 4302 1311 4316 ο
1356 4277 1513 4351 οὗτος
1571 4287 1676 4339 ὑπὸ
1722 4287 1934 4342 πολλῶν

339 4382 706 4452 ἐμαρτυρεῖτο
752 4379 986 4441 ἄτακτος
1026 4374 1166 4432 εἶναι
1188 4396 1203 4408 ’
1232 4378 1509 4451 διήγειρεν
1536 4380 1784 4445 ἅπαντας
1809 4382 1935 4445 τοὺς

340 4473 639 4544 κληρικοὺς
671 4471 812 4525 κατὰ
838 4472 1184 4540 Ἐπιφανίου,
1216 4469 1423 4539 λέγων’
1460 4472 1625 4526 Δεῦτε
1668 4474 1763 4527 κα)⁵
1811 4472 1935 4527 διώ-

340 4566 505 4636 ξομεν
534 4564 625 4617 τὸν
655 4562 804 4629 ξένον
838 4563 1049 4625 τοῦτον,
1099 4566 1311 4634 μήποτε
1339 4565 1634 4639 καταφάγῃ
1661 4566 1837 4619 πάντα
1865 4565 1932 4621 τὰ
1965 4555 2011 4611 Ῑ)

336 4660 441 4728 τῆς
461 4655 810 4727 Ἐκκλησίας,
849 4655 941 4709 καὶ
966 4654 1201 4726 ἐσόμεθα
1232 4656 1393 4726 ἡμεῖς
1423 4654 1594 4726 ἔνοχοι
1623 4656 1721 4727 τῆς
1747 4658 1928 4729 ἀμαρ-

337 4743 596 4812 τίας.Ἷίν
637 4748 692 4802 δὲ
725 4740 881 4811 οὗτος
927 4749 956 4801 ὁ
1008 4746 1245 4817 Χαρῖνος
1294 4746 1549 4810 πλούσιος
1582 4748 1807 4819 σφόδρα,
1842 4749 1933 4802 κα)⁵

342 4842 529 4912 ἐζήτει
575 4839 763 4905 διῶξαι
802 4839 894 4893 τὸν
930 4838 1268 4908 Ἐπιφάνιον,
1303 4840 1450 4903 ὅπως
1499 4840 1664 4903 αὐτὸς
1721 4840 1932 4894 καθίσει

340 4932 438 4986 ἐπὶ
468 4930 563 4983 τοῦ
594 4931 805 5002 θρόνου.
841 4929 1184 5000 Ἐπέστησαν
1212 4925 1305 4983 οὖν
1324 4930 1645 5001 Ἐπιφανίῳ,
1682 4930 1934 5000 λέγοντος

336 5024 439 5078 τοῦ
474 5023 712 5094 Χαρίνου
737 5024 864 5087 τοὺς
898 5022 1092 5091 λόγους
1122 5021 1344 5086 τούτους
1368 5040 1381 5055 ο
1416 5024 1529 5076 Οὐκ
1552 5024 1795 5096 ἠρκέσθη
1828 5042 1930 5087 σοι,

343 5116 533 5186 φησὶν,
562 5109 607 5168 ὦ
637 5114 945 5184 Ἐπιφάνιε,
977 5112 1148 5168 ἐλθὼν
1188 5113 1375 5169 ἐνθάδε
1415 5117 1490 5186 μὴ
1523 5115 1663 5186 ἔχων
1710 5116 1933 5169 ἐπενδύ-

340 5223 466 5277 την,
494 5207 589 5260 καὶ
631 5205 902 5269 ἀπέλαϐες
933 5204 1032 5276 τὴν
1065 5203 1417 5275 Ἐκκλησίαν,
1449 5205 1586 5259 ἀλλὰ
1612 5206 1933 5278 διασκορπί-

342 5298 459 5362 ζεις
485 5298 561 5362 ὡς
589 5298 736 5362 ξένος
766 5298 836 5352 τὰ
862 5298 964 5369 τῆς
994 5296 1354 5369 Ἐκκλησίαςο
1387 5298 1481 5353 καὶ
1526 5301 1609 5363 τίς
1648 5300 1820 5365 οὕτως
1845 5301 1935 5371 βα-

344 5394 570 5457 στάσει;
609 5393 680 5445 ’Ἠ
710 5392 799 5456 δὸς
839 5389 911 5444 τά
959 5396 1001 5463 ρ’
1026 5391 1338 5461 νομίσματα
1383 5391 1482 5460 τῆς
1517 5390 1931 5465 Ἐκκλησίας,ἦ

341 5483 643 5555 πορεύθητι
685 5483 779 5536 ἐπὶ
822 5482 920 5554 σὴν
974 5481 1231 5553 πατρίδα.
1264 5480 1568 5552 Ἐπορεύθη
1608 5477 1699 5535 οὖν
1729 5483 1758 5534 6
1799 5484 1934 5536 Ῥω-

346 5579 505 5646 μαῖος
545 5576 573 5627 6
604 5574 893 5638 ἀπολυθεὶς
939 5573 1389 5642 ὑπὸ·Ἑπιφάνιου
1433 5572 1525 5625 ἐπὶ
1552 5572 1651 5641 τῆς
1689 5572 1929 5644 Ῥώμης,

343 5666 441 5720 καὶ
472 5665 689 5719 ἅπαντα
711 5665 1115 5736 καταπωλήσας
1144 5663 1219 5717 τὰ
1238 5662 1428 5725 αὐτοῦ,
1452 5663 1681 5734 ἤνεγκεν
1706 5662 1777 5716 τὰ
1799 5665 1931 5734 χρή-

347 5774 496 5827 ματα
523 5758 849 5829 Ἐπιφανίῳ.
884 5757 1079 5812 Λαϐὼν
1128 5751 1222 5810 οὖν
1245 5754 1418 5808 ταῦτα
1442 5753 1779 5823 Ἐπιφάνιος,
1812 5755 1930 5809 δια-

342 5848 576 5904 ὀέδωκεν
599 5854 712 5916 τοῖς
741 5852 929 5917 γρείαν
972 5838 1471 5919 ἒχουσιν.Ἔμεινεν
1501 5847 1557 5901 δὲ
1587 5847 1615 5899 6
1657 5846 1926 5917 Ῥωμαῖος

2035 3278 2172 3334 Cum
2229 3276 2496 3332 audiisset
2539 3276 2901 3346 Epiphanius,
2939 3285 2994 3331 et
3026 3276 3160 3331 isset
3198 3276 3262 3330 ad
3299 3276 3623 3341 Draconem,

2031 3376 2086 3423 et
2111 3384 2237 3423 eum
2285 3376 2520 3438 rogaret,
2555 3376 2616 3421 ut
2640 3365 3051 3437 Eugnomonem
3079 3365 3387 3420 Romanum
3422 3364 3624 3419 libera—

2034 3470 2117 3516 ret
2147 3477 2175 3515 a
2209 3461 2460 3517 custodia
2491 3482 2503 3517 :
2540 3459 2711 3525 Vade,
2744 3460 2921 3514 Draco
2949 3460 3148 3527 inquit,
3175 3468 3232 3514 tu
3278 3460 3333 3514 in
3369 3459 3509 3515 hanc
3539 3459 3626 3513 in-

2034 3554 2231 3609 troduc
2259 3562 2312 3609 te
2333 3553 2630 3617 civitatem,
2668 3562 2722 3608 et
2763 3552 2896 3608 affer
2924 3561 3142 3607 centum
3174 3566 3449 3616 nummos,
3481 3567 3626 3621 quos

2034 3654 2162 3701 tuus
2194 3645 2327 3699 mihi
2365 3646 2522 3700 debet
2556 3644 2788 3707 amicus,
2821 3653 2875 3699 et
2922 3643 2992 3698 da
3040 3644 3177 3698 mihi
3226 3658 3350 3707 eos,
3395 3653 3450 3699 et
3497 3659 3625 3699 eum

2032 3738 2234 3808 recipe.
2266 3736 2397 3792 Erat
2425 3746 2608 3793 autem
2637 3738 2729 3793 hic
2746 3736 2921 3793 Draco
2953 3736 3214 3810 [gentilis,
3242 3735 3320 3808 et]
3348 3736 3500 3790 dives
3524 3736 3625 3790 ad-

2034 3828 2279 3893 modum,
2311 3828 2578 3897 sazvisque
2611 3826 2877 3881 moribus.
2907 3819 3248 3896 Epiphanius
3292 3834 3476 3879 autem
3524 3823 3624 3877 ivit

2034 3921 2090 3976 in
2142 3921 2541 3992 episcopatum.
2572 3918 2847 3990 Erantque
2882 3928 3099 3974 centum
3140 3917 3347 3972 nummi
3399 3916 3626 3987 repositi

2036 4015 2093 4069 in
2127 4014 2448 4084 episcopatu
2479 4013 2546 4068 ad
2580 4012 2942 4069 ministerium
2965 4009 3244 4066 Ecclesiae.
3276 4009 3345 4064 lis
3365 4009 3626 4077 acceptis,

2036 4106 2133 4161 ivit
2178 4105 2535 4177 Epiphanius,
2567 4113 2622 4161 et
2671 4118 2768 4160 eos
2817 4103 2965 4159 dedit
2995 4101 3252 4168 Draconi,
3283 4110 3337 4155 ct
3372 4101 3624 4155 liberavit

2034 4199 2327 4270 hospitem.
2357 4197 2592 4264 Quidam
2629 4204 2809 4251 autem
2856 4196 3140 4260 diaconus,
3165 4194 3387 4248 nomine
3427 4192 3622 4248 Chari-

2036 4307 2142 4346 nus
2174 4289 2349 4361 (multi
2376 4302 2508 4343 vero
2535 4289 2586 4343 in
2618 4302 2743 4342 eum
2776 4286 3147 4342 testimonium
3179 4283 3449 4349 ferebant,
3474 4284 3621 4354 quod

2036 4390 2185 4438 esset
2230 4382 2540 4451 insolens),
2574 4379 2835 4435 incitabat
2859 4392 3049 4433 omnes
3083 4376 3314 4432 clericos
3354 4377 3622 4431 adversus

2036 4472 2427 4544 Epiphaniam,
2459 4471 2649 4526 dicens
2683 4487 2697 4524 :
2731 4469 2887 4540 Agite
2914 4482 3312 4538 persequamur
3346 4466 3492 4521 hunc
3521 4465 3623 4520 ho—

2035 4568 2252 4637 spitem,
2287 4580 2355 4620 ne
2406 4564 2657 4619 comedat
2699 4574 3042 4633 quaecunque
3087 4567 3215 4615 sunt
3264 4557 3539 4624 Ecclesiae,
3569 4567 3624 4613 et

2036 4660 2208 4715 simus
2259 4673 2361 4712 nos
2404 4666 2627 4726 peccato
2658 4654 2902 4709 obnoxii.
2933 4651 3061 4706 Erat
3091 4660 3270 4706 autem
3312 4652 3399 4706 hic
3422 4650 3623 4705 Chari-

2036 4765 2140 4805 nus
2170 4750 2326 4804 valde
2354 4749 2526 4812 dives,
2551 4755 2604 4801 et
2629 4746 2911 4817 quzerebat
2935 4742 3189 4813 persequi
3226 4740 3617 4812 Epiphanium,

2035 4849 2097 4894 ut
2140 4840 2257 4910 ipse
2309 4840 2522 4895 sederet
2556 4839 2611 4892 in
2648 4839 2871 4893 throno.
2916 4834 3396 4903 Surrexeruntque
3428 4848 3621 4887 omnes

2035 4932 2219 4988 clerici
2273 4931 2536 4986 adversus
2593 4929 2983 5000 Epiphanium,
3030 4929 3244 4983 dicente
3288 4928 3405 4982 hazc
3452 4928 3621 4982 verba

2035 5023 2276 5079 Charino
2320 5042 2334 5077 :
2379 5021 2498 5078 Non
2534 5024 2667 5079 satis
2695 5032 2799 5088 est,
2828 5038 2861 5077 0
2889 5021 3180 5092 Epiphani,
3213 5021 3358 5090 quod
3393 5020 3499 5074 huc
3528 5036 3622 5074 ve-

2035 5117 2206 5181 neris,
2238 5131 2363 5171 cum
2393 5131 2502 5171 non
2543 5116 2774 5171 haberes
2820 5116 3221 5177 indumentum,
3256 5122 3310 5167 et
3343 5112 3622 5183 acceperis

2035 5208 2367 5275 Ecclesiam;
2421 5207 2514 5264 sed
2570 5209 2734 5263 etiam
2784 5216 3046 5277 tanquam
3098 5207 3321 5275 hospes,
3353 5203 3622 5272 dispergis

2036 5318 2124 5358 res
2150 5301 2438 5368 Ecclesizr;
2462 5311 2515 5357 et
2542 5302 2665 5373 quis
2698 5300 2800 5357 hoc
2828 5300 2971 5355 ferre
3006 5298 3239 5369 poterit?
3266 5298 3376 5373 ᾼυι
3405 5297 3473 5351 da
3499 5312 3622 5353 cen-

2038 5403 2150 5449 tum
2205 5410 2482 5459 nummos,
2515 5404 2609 5447 aut
2642 5395 2778 5449 vade
2825 5394 2878 5447 in
2914 5401 3061 5445 tuam
3096 5390 3348 5461 patriam.
3381 5388 3483 5442 Ivit
3520 5404 3620 5442 au-

2037 5494 2142 5539 tem
2194 5483 2424 5539 Romam
2453 5482 2758 5547 Romanus,
2797 5483 3059 5537 liberatus
3089 5482 3158 5534 ab
3184 5478 3491 5549 Epiphanio
3521 5497 3534 5532 :
3567 5487 3623 5533 et

2035 5574 2290 5629 omnibus
2317 5575 2433 5629 suis
2458 5573 2715 5640 venditis,
2735 5573 2785 5627 ei
2812 5572 2994 5627 attulit
3022 5570 3299 5641 pecunias.
3322 5568 3471 5636 Quas
3494 5584 3619 5625 cum

2035 5666 2335 5736 accepisset
2364 5664 2723 5735 Epiphanius,
2752 5664 3034 5719 distribuit
3086 5664 3175 5730 iis,
3206 5662 3297 5734 qui
3351 5677 3487 5733 opus
3516 5661 3619 5716 ha-

2034 5760 2258 5814 bebant.
2279 5758 2476 5815 Mansit
2506 5774 2636 5816 vero
2656 5759 2940 5815 Romanus
2960 5773 3084 5813 cum
3112 5758 3420 5828 Epiphanio
3447 5769 3621 5827 usque

2040 5850 2106 5907 ad
2141 5859 2367 5907 mortem
2422 5866 2601 5907 suam.
2637 5852 2859 5924 Accepit
2903 5860 3085 5909 autem
3126 5849 3463 5921 Epiphanius
3491 5861 3620 5903 cen-
