4088 6362
467 316 536 369 67
1765 324 1823 380 S.
1856 324 2201 383 EPlPﬂANll
2239 327 2421 385 VITA.
3647 350 3716 405 63

467 438 621 492 sione
664 433 784 490 Filii
834 434 950 491 Dei.
987 436 1123 492 Eum
1157 438 1413 495 dicebant
1462 440 1632 498 fuisse
1656 454 1873 514 captum
1908 464 2025 502 eum

2137 447 2504 521 τυρῆσαιῘΠν
2534 452 2589 506 δὲ
2618 453 2678 506 τὸ
2724 456 2783 508 ὲν
2825 462 3102 528 γεννητοῖς
3135 460 3210 533 (α)
3260 461 3424 516 αὐτοῦ
3452 463 3621 536 ὄνομα
3657 470 3718 521 τὸ

465 527 680 583 Gelasio
712 529 969 599 episcopo
1002 529 1239 585 civitatis
1270 530 1691 588 Salaminiorum
1720 538 1786 591 ad
1825 538 1948 602 hoc,
1975 548 2033 592 ut

465 627 648 671 essent
678 626 963 689 martyres.
991 617 1119 673 Erat
1148 632 1328 675 autem
1354 622 1404 675 ei
1436 638 1634 677 nomen
1661 627 1729 679 ab
1748 631 1871 681 'ortu
1894 627 2032 698 Pap-

463 721 586 775 pus,
623 708 716 776 qui
751 707 866 777 ipse
894 723 1113 778 quoque
1138 717 1257 763 erat
1280 727 1405 767 cum
1430 714 1721 784 episcopis.
1759 714 1896 771 Eum
1918 719 2034 786 epi-

462 798 611 865 scopi
640 813 832 853 omnes
866 800 1138 855 habebant
1191 811 1250 856 ut
1300 813 1528 872 patrem,
1567 816 1786 875 propter
1819 808 2035 863 confes-

463 890 673 944 sionem
720 889 775 943 in
823 889 1064 955 Christo,
1095 903 1150 946 et
1195 905 1417 963 propter
1445 911 1618 951 annos
1657 897 2027 968 episcopatus.

464 981 633 1037 Porro
668 983 716 1037 is
746 983 981 1038 habebat
1006 986 1171 1039 etiam
1199 985 1292 1039 Dei
1318 988 1738 1055 prazscientiam.
1774 988 1841 1043 Et
1890 1006 2035 1044 reve-

463 1074 630 1128 latum
663 1074 741 1128 illi
775 1074 953 1129 fuerat
998 1076 1065 1130 de
1106 1074 1433 1146 Epiphanio,
1467 1090 1527 1131 ut
1552 1080 1900 1135 ordinaretur
1936 1080 2033 1135 Sa-

463 1164 808 1219 laminiorum
831 1164 1085 1220 Ecclesia:
1116 1167 1421 1236 episcopus.
1452 1167 1580 1222 Erat
1610 1179 1788 1224 autem
1819 1178 2034 1240 tempus

461 1258 731 1322 aestivum,
761 1259 903 1327 quod
934 1274 1068 1313 uvas
1102 1267 1347 1313 maturas
1375 1260 1489 1329 jam
1543 1261 1857 1331 perurebat.
1893 1261 2032 1317 Cum

461 1364 593 1416 ergo
630 1350 910 1404 statuisset
936 1348 1273 1418 Epiphanius
1297 1352 1551 1419 navigare
1575 1367 1602 1405 a
1627 1353 1844 1407 civitate
1876 1352 2032 1409 Sala—

461 1443 779 1506 miniorum,
809 1442 948 1497 dixit
985 1444 1119 1498 mihi
1170 1453 1225 1499 et
1268 1444 1495 1517 Polybio
1529 1465 1542 1501 :
1578 1446 1800 1513 Eamus,
1830 1449 1945 1515 lilii,
1978 1453 2034 1505 in

461 1533 662 1597 forum,
695 1542 750 1588 et
798 1550 1044 1589 ernamus
1086 1550 1242 1591 uvas.
1272 1536 1519 1607 Cumque
1542 1554 1572 1594 e
1605 1540 1727 1594 navi
1765 1542 1817 1595 in
1851 1541 2030 1597 forum

459 1625 807 1689 abiissemus,
842 1634 897 1680 et
938 1628 1273 1683 venditorem
1319 1632 1761 1699 conveniremus,
1796 1632 2031 1704 Epipha-

462 1716 607 1779 nius,
651 1718 893 1787 acceptis
941 1720 1157 1775 duohus
1213 1722 1385 1779 botris
1434 1724 1856 1793 pulcherrimis,
1899 1729 2033 1782 dixit

2135 543 2240 595 ὑπὸ
2266 543 2375 596 τῶν
2405 544 2606 612 γονέων
2634 545 2945 618 τεθειμένον
2974 551 3223 619 Πάππος,
3254 554 3313 618 ὃς
3340 552 3408 627 ἦν
3436 558 3529 609 καὶ
3556 559 3718 622 αὐτὸς

2138 634 2276 703 μετά
2303 634 2424 687 τῶν
2455 636 2786 690 ἐπισκόπων.
2819 639 3021 694 Τοῦτον
3063 637 3205 713 εἶχον
3251 644 3488 710 ἅπαντες
3515 650 3562 700 oi
3592 649 3714 701 ἐπί-

2135 742 2327 779 σκοποι
2377 728 2454 790 ὡς
2489 729 2719 800 πατέρα,
2753 730 2843 784 διά
2870 749 2927 784 τε
2952 732 3050 803 τὴν
3079 736 3136 787 ἐν
3162 738 3379 808 Χριστῷ
3404 740 3712 810 ὁμολογίαν,

2134 818 2228 870 καὶ
2253 818 2341 870 διὰ
2373 818 2440 871 τὰ
2469 818 2563 889 ἔτη
2596 820 2696 890 τῆς
2728 820 3163 894 ὲπισκοπῆςῘΗν
3198 827 3254 879 δὲ
3288 828 3379 880 καὶ
3406 830 3715 899 πρόγνωσιν

2132 904 2267 959 Θεοῦ
2316 906 2476 977 ἔχων.
2520 909 2707 980 Τούτῳ
2758 912 3114 985 ἀπεκαλύφθη
3177 918 3304 987 περὶ
3346 919 3663 987 Έπιφανίου
3694 965 3709 987 ,

2132 996 2281 1059 ὅπως
2325 1001 2670 1072 χειροτονηθῇ
2717 1003 2809 1057 ἐπὶ
2856 1008 2954 1076 τῆς
2995 1007 3357 1079 Σαλαμηνέων
3391 1011 3716 1083 Ἐκκλησίας

2132 1086 2565 1152 ὲπίσκοπος.⁷Ην
2586 1092 2641 1144 δὲ
2666 1094 2694 1145 ὁ
2727 1097 2915 1166 καιρὸς
2941 1093 3149 1168 θερίνὸς
3177 1102 3480 1173 πρόδρομος
3507 1121 3714 1173 σταφυ-

2132 1176 2257 1231 λῶν.
2277 1179 2363 1243 Ὠς
2396 1178 2487 1234 οὖν
2512 1182 2724 1255 ἔκρινεν
2770 1187 3081 1256 Ἐπιφάνιος
3110 1191 3204 1244 τοῦ
3240 1193 3532 1247 ἀποπλέειν
3561 1198 3711 1265 ἡμᾶς

2132 1267 2241 1320 ἀπὸ
2260 1269 2358 1339 τῆς
2377 1272 2737 1343 Σαλαμηνέων
2757 1276 2983 1343 πόλεως,
3004 1274 3158 1333 εἷπεν
3184 1281 3320 1350 πρὸς
3351 1284 3418 1352 μὲ
3458 1285 3552 1337 καὶ
3573 1286 3711 1355 πρὸς

2131 1358 2223 1412 τὸν
2269 1359 2563 1417 Πολύϐιον·
2594 1365 2854 1436 Ἀγομεν,
2901 1367 3110 1431 τέκνον,
3145 1369 3238 1423 ἐπὶ
3281 1372 3374 1425 τοῦ
3419 1375 3708 1444 ἐμπορίου,

2132 1449 2452 1519 ὠνησόμεθα
2496 1454 2768 1521 σταφυλὰς
2804 1456 2861 1507 ὲν
2893 1454 2970 1525 τῷ
3012 1456 3404 1531 πλοίῳ.Ἠμῶν
3441 1462 3497 1515 δὲ
3532 1464 3710 1517 ἐλθόν-

2132 1557 2240 1593 των
2286 1543 2379 1594 ἐπὶ
2427 1541 2524 1596 τοῦ
2566 1544 2852 1615 ἐμπορίου,
2889 1546 2981 1598 καὶ
3028 1551 3460 1617 συμφωνούντων
3500 1556 3593 1607 ἐπὶ
3630 1554 3711 1626 τῷ

2133 1630 2668 1703 πράτῃ,Ἐπιφάνιος
2725 1636 2904 1689 λαϐὼν
2953 1636 3047 1690 δύο
3097 1638 3326 1711 βότρυας
3371 1645 3707 1711 καλλίστους,

2135 1723 2297 1793 φησὶν
2342 1723 2422 1794 τῷ
2465 1727 2674 1798 πράτῃ’
2711 1729 2775 1782 Τί
2814 1734 3173 1803 προστάσσεις
3203 1736 3358 1790 δώσω
3387 1755 3467 1791 σοι
3494 1739 3587 1791 δύο
3617 1740 3708 1809 βο-

458 1810 728 1894 wnditori
757 1830 771 1861 :
796 1810 935 1878 Quid
967 1814 1049 1868 vis
1081 1814 1179 1869 tibi
1207 1816 1330 1870 dem
1361 1831 1461 1886 pro
1486 1818 1572 1872 his
1592 1819 1807 1874 duobus
1832 1822 2025 1877 botrisi

2134 1813 2349 1884 τρύων;
2381 1810 2489 1869 Ἦν
2538 1817 2594 1870 δὲ
2645 1818 2765 1882 ἔθος
2810 1823 3108 1895 Ἐπιφανίῳ
3140 1826 3213 1896 μὴ
3244 1827 3562 1895 ἀντιλέγειν.
3599 1803 3707 1882 Τοῦ

457 1883 761 1970 Epiphanio
800 1911 982 1958 autem
1016 1919 1136 1961 mos
1169 1915 1287 1960 erat
1318 1883 1424 1962 non
1462 1910 1856 1966 contradicere.
1893 1912 2030 1967 Cum

457 2005 586 2044 vero
616 1991 867 2047 venditor
896 1993 1125 2049 dixisset
1150 1996 1384 2065 pretium
1416 2013 1668 2063 uvarum,
1698 1999 2032 2070 Epiphanius

455 2081 664 2149 accepit
696 2083 1004 2151 pecuniam,
1036 2091 1096 2139 ut
1134 2085 1371 2141 solveret
1421 2088 1706 2143 venditori.
1741 2089 1896 2146 Tunc
1940 2107 2033 2148 ac-

455 2169 598 2223 cedit
632 2179 855 2226 sanctus
884 2171 1122 2243 Pappus,
1150 2176 1408 2231 soﬂultus
1437 2192 1465 2230 a
1499 2178 1715 2235 duobus
1760 2180 2028 2238 diaconis.

456 2259 623 2315 Erant
667 2270 846 2316 autem
893 2272 1003 2318 tres
1049 2280 1267 2335 quoque
1314 2282 1438 2321 cum
1481 2268 1598 2338 ipso
1628 2272 1890 2340 episcopi.
1926 2271 2030 2338 Qui

453 2364 578 2404 cum
604 2353 1133 2423 appropinquassent
1150 2356 1475 2426 Epiphanio,
1494 2358 1829 2429 Epiphanius
1848 2364 2029 2419 botros

454 2441 689 2497 habebat
740 2443 794 2498 in
841 2445 1113 2508 manibus,
1144 2457 1197 2501 et
1241 2462 1431 2503 eorum
1478 2450 1731 2519 pretium.
1768 2452 2030 2509 Dixerunt

454 2543 634 2587 autem
668 2535 892 2603 quidam
919 2553 986 2591 ex
1014 2540 1324 2595 astantibus
1361 2558 1374 2594 :
1412 2540 1553 2597 Ecce
1584 2543 1672 2598 hic
1699 2544 1898 2600 adsunt
1917 2547 2029 2615 epi-

454 2624 628 2694 scepi.
659 2625 934 2696 Incipiens
983 2640 1163 2684 autem
1213 2629 1458 2701 Pappus,
1490 2633 1627 2689 dixit
1672 2633 1979 2706 Epiphanio
2012 2656 2024 2695 :

454 2716 695 2782 Dimitte,
729 2732 763 2772 ο
809 2718 969 2785 abba,
1011 2720 1199 2776 botros
1244 2722 1389 2791 apud
1434 2724 1793 2792 venditorem,
1844 2736 1899 2782 et
1944 2743 2029 2782 se-

452 2823 621 2876 quere
654 2823 754 2863 nos
780 2809 835 2863 in
871 2810 1183 2865 ecclesiam.
1220 2811 1558 2870 Recordatus
1592 2830 1720 2870 vero
1745 2817 1896 2872 verbi
1946 2818 2028 2871 di-

453 2900 564 2954 vini
594 2901 737 2969 quod
760 2902 893 2956 dicit
926 2911 979 2958 et
1013 2903 1286 2973 eloquitur
1314 2922 1329 2961 :
1362 2905 1598 2961 Lanatus
1625 2925 1738 2962 sum
1772 2911 1825 2963 in
1845 2910 1912 2964 iis
1939 2914 2027 2982 qui

453 2997 701 3051 dixerunt
744 2999 870 3053 mihi
899 3013 919 3052 :
953 2995 1021 3054 In
1052 3001 1269 3055 domum
1318 3001 1533 3057 Domini
1564 3006 1795 3060 ibimus'
1830 3025 1841 3057 :
1872 3022 2027 3062 secu-

453 3100 541 3148 tus
572 3101 654 3148 est
700 3092 755 3147 in
811 3094 1121 3149 ecclesiam.
1154 3094 1369 3167 Pappus
1401 3108 1581 3154 autem
1614 3098 1750 3154 dixit
1781 3099 2021 3177 Epipha-
2050 3136 2090 3195 ο

450 3183 544 3237 nio
580 3203 594 3238 :
629 3180 738 3240 Fac
768 3187 1091 3251 orationem,
1123 3203 1157 3243 o
1181 3188 1361 3245 Pater.
1386 3189 1542 3256 Quod
1572 3192 1785 3247 dicebat
1809 3193 2021 3263 Pappus

451 3272 776 3344 Epiphanio,
816 3286 877 3330 ut
925 3293 984 3333 se
1034 3279 1370 3349 signiﬁcaret
1398 3282 1678 3338 clericum.
1709 3282 1890 3353 Pappo
1918 3299 2020 3339 au-

450 3374 559 3419 tem
605 3366 741 3421 dixit
785 3366 1120 3437 Epiphanius
1153 3389 1165 3424 :
1198 3369 1421 3441 Ignosce
1470 3374 1627 3438 mihi,
1672 3372 1830 3430 Pater
1863 3393 1874 3428 :
1912 3390 2018 3431 non

448 3470 572 3508 sum
604 3456 749 3509 enim
775 3457 845 3515 in
876 3459 1044 3514 clero.
1073 3459 1221 3515 Dixit
1245 3460 1463 3533 Pappus
1493 3464 1800 3535 Epiphanio
1826 3485 1841 3521 :
1866 3465 2017 3532 Vide,
2042 3520 2043 3525 η

447 3561 481 3599 o
507 3544 603 3610 ﬁli,
635 3562 703 3601 ne
734 3563 898 3619 neges
942 3566 1125 3605 coram
1165 3561 1243 3608 tot
1271 3557 1474 3611 sanctis
1509 3555 1781 3624 Patribus,
1807 3567 1861 3614 et
1889 3576 2021 3615 con-

445 3637 742 3704 demneris,
770 3649 830 3695 ut
852 3643 943 3711 qui
975 3644 1260 3700 abscondit
1287 3648 1567 3703 talentum.
1606 3648 1855 3721 Dixitque
1887 3651 2018 3721 Epi-

446 3727 682 3797 phanius
715 3747 729 3783 :
759 3728 898 3797 Non,
933 3729 1112 3798 Pater,
1158 3749 1266 3790 non
1318 3752 1439 3792 sum
1466 3739 1717 3795 clericus.
1752 3740 1876 3796 Haec
1923 3757 2020 3795 au~

447 3827 556 3871 tem
585 3833 707 3872 cum
733 3820 960 3876 dixisset
983 3821 1342 3893 Epiphanius,
1370 3825 1586 3897 Pappus
1633 3830 1781 3885 dedit
1808 3846 2016 3899 pacem.

445 3906 601 3964 Unus
624 3925 752 3964 vero
778 3926 845 3966 ex
874 3912 1144 3981 diaconis,
1188 3916 1362 3986 capite
1407 3920 1747 3988 apprehenso
1775 3921 2025 3993 Epiphag

445 4001 555 4065 uio,
590 4016 715 4055 eum
768 4004 821 4056 vi
868 4002 1027 4059 duxit
1078 4006 1147 4061 ad
1195 4006 1542 4078 Pappumad
1576 4012 1764 4076 altare,
1797 4015 1931 4069 adeo
1959 4022 2019 4070 ut

444 4092 601 4146 multi
629 4109 844 4164 quoque
872 4096 965 4150 alii
989 4102 1359 4165 convenerint,
1392 4110 1451 4156 ut
1482 4117 1608 4156 eum
1641 4116 1919 4159 servarent
1949 4108 2017 4161 ad

443 4183 634 4240 altare.
660 4184 795 4239 Eum
825 4186 1008 4256 itaque
1037 4190 1252 4245 ordinat
1283 4192 1604 4261 diaconum;
1634 4204 1687 4250 et
1712 4210 1904 4253 rursus
1926 4199 2018 4253 dat

443 4272 493 4327 ei
525 4289 730 4339 pacem,
763 4287 817 4330 et
844 4277 1022 4346 ipsum
1055 4280 1273 4336 ordinat
1296 4285 1692 4355 presbyterum.
1720 4287 1932 4344 Rursus
1957 4291 2017 4345 ﬁt

443 4367 853 4433 Consequentia,
881 4376 937 4422 et
980 4382 1104 4423 eum
1164 4373 1379 4429 ordinat
1409 4376 1745 4446 episcopum.
1773 4377 1905 4434 Post
1932 4381 2015 4435 di-

442 4453 761 4510 missionem
799 4464 979 4513 autem
1029 4462 1097 4515 ab
1146 4465 1395 4529 ecclesia,
1426 4469 1775 4525 ascendimus
1806 4472 1858 4525 in
1894 4473 2009 4540 epi-
2043 4480 2086 4535 Ι)

442 4545 901 4612 scopatum.Dix-it
925 4560 1105 4604 autem
1132 4550 1349 4622 Pappus
1378 4553 1681 4625 Epiphanio
1711 4574 1725 4611 :
1759 4558 1886 4628 Age,
1913 4559 2008 4623 lili,

441 4635 730 4691 adhortare
782 4637 990 4704 Patres,
1028 4650 1087 4694 ut
1134 4640 1381 4698 fruamur
1428 4656 1477 4699 et
1532 4647 1777 4703 laetemur
1820 4651 1887 4704 de
1918 4660 2010 4705 tua

438 4727 778 4795 paternitate.
809 4727 947 4783 Cum
979 4731 1081 4787 hoc
1117 4735 1353 4803 graviter
1378 4734 1541 4791 ferret
1575 4736 1930 4808 Epiphanius,
1956 4750 2011 4797 et

435 4826 727 4887 angeretur
772 4821 957 4873 animo
983 4831 1038 4876 et
1064 4821 1236 4887 ﬂeret,
1262 4825 1401 4880 dixit
1425 4824 1639 4897 Pappus
1670 4845 1685 4884 :
1716 4828 2011 4899 Oportebat

436 4907 655 4975 quidem
684 4924 783 4964 nos
812 4917 1008 4975 tacere,
1038 4927 1071 4967 ο
1098 4913 1171 4967 ﬁli
1203 4914 1637 4985 Epiphanie.Fio
1658 4930 1860 4986 autem,
1883 4938 2006 4978 cum

434 5011 536 5065 ego
572 5006 622 5053 te
654 4998 770 5069 ipse
795 5003 1126 5070 quaesierim,
1160 5005 1446 5076 insipiens.
1471 5007 1605 5064 Nam
1652 5026 1777 5066 cum
1821 5011 2007 5071 Patres

435 5087 526 5142 hic
561 5100 742 5145 essent
774 5096 1106 5163 congregati,
1144 5095 1235 5150 Dei
1273 5099 1551 5156 voluntate
1586 5103 1716 5157 mihi
1745 5104 2008 5161 dederunt

436 5177 541 5233 hoc
580 5182 854 5250 negotium
901 5185 971 5238 ad
1023 5187 1437 5257 significandum
1483 5192 1821 5265 episcopum.
1856 5196 2005 5268 lique

434 5282 624 5324 omnes
677 5274 811 5326 mihi
858 5275 1189 5333 exhibebant
1234 5282 1536 5351 negotium,
1582 5284 1825 5342 dicentes
1868 5290 2002 5344 mihi

431 5362 705 5425 peceatori
735 5380 747 5415 :
782 5360 889 5419 Ora
919 5379 1173 5439 prompto
1205 5378 1259 5426 et
1287 5370 1453 5429 alacri
1488 5375 1694 5443 animo,
1715 5385 1767 5434 et
1792 5377 2002 5452 tibi_re-

433 5447 666 5501 velabitu
676 5467 720 5506 r.

503 5559 524 5588 '
564 5557 704 5616 Psal.
737 5580 887 5634 cm,
925 5570 974 5623 1.

507 5690 581 5758 (a)
621 5691 801 5763 Forte,
832 5702 896 5753 ὲκ
921 5705 1157 5773 γενετῆς.

2131 1905 2188 1958 δὲ
2234 1905 2444 1975 πράτου
2501 1910 2743 1975 εἰπόντος
2785 1914 2885 1984 τὴν
2938 1917 3101 1989 τιμὴν
3137 1919 3215 1988 τῷ
3256 1918 3556 1989 Ἐπιφανίῳ
3597 1921 3708 1973 τῶν

2133 1992 2440 2060 σταφυλῶν,
2476 1993 2666 2081 ἔλαϐεν
2688 1999 2749 2051 τὸ
2776 2000 3035 2073 ἀργύριον
3063 2006 3155 2059 ἐπὶ
3191 2006 3252 2058 τὸ
3287 2009 3608 2077 μεταλαϐεῖν
3630 2010 3709 2081 τῷ

2132 2082 2332 2155 πράτῃ.
2353 2083 2408 2136 '0
2441 2079 2532 2138 οῦν
2564 2086 2708 2150 ὅσιος
2738 2091 2967 2168 Πάππος
3014 2093 3373 2164 παραγίνεται
3407 2079 3709 2168 ὑποτηρούέ

2133 2190 2291 2243 μενος
2324 2174 2428 2228 ὑπὸ
2457 2176 2551 2229 δύο
2582 2178 2861 2236 διακόνων.
2882 2165 3060 2239 Ἦσαν
3093 2187 3149 2239 δὲ
3183 2188 3275 2240 καὶ
3306 2191 3455 2259 τρεῖς
3486 2165 3709 2243 ἐπίσκοο

2132 2282 2221 2320 ποι
2258 2270 2373 2327 μετ’
2406 2270 2695 2336 αύτοῦ.⁹Ως
2722 2270 2814 2328 οῦν
2848 2277 3081 2347 ἤγγισαν
3120 2282 3436 2353 Ἐπιφανίῳ,
3460 2279 3527 2354 ἦν
3559 2285 3708 2339 Ἐπι-

2132 2356 2318 2425 φάνιος
2352 2359 2491 2431 ἔχων
2525 2363 2661 2433 μετά
2692 2369 2880 2438 χεῖρας
2910 2370 3036 2434 τοὺς
3065 2370 3438 2442 βότρυας,“καὶ
3461 2376 3521 2428 τὸ
3545 2376 3707 2445 τίμη-

2133 2467 2210 2520 μα
2236 2451 2458 2507 τούτων.
2504 2451 2671 2510 Εἶπον
2717 2460 2774 2513 δέ
2804 2478 2949 2526 τινες
2975 2463 3085 2517 τῶν
3130 2468 3495 2537 παρεστώτων
3517 2484 3532 2500 ·
3572 2471 3707 2524 Ἰδοὺ

2128 2543 2175 2593 oi
2224 2543 2508 2599 ἐπίσκοποι
2554 2551 2807 2619 πάρεισιν
2850 2547 2974 2611 ὧδε.
3006 2552 3174 2611 Εἶπεν
3210 2559 3267 2611 δὲ
3311 2562 3542 2626 Πάππος
3569 2566 3708 2636 πρὸς

2142 2632 2479 2702 Ἐπιφάνιον·
2523 2638 2771 2707 Ἀπόθου,
2791 2645 2977 2724 Ἀϐϐἄ,
3020 2649 3146 2712 τοὺς
3195 2649 3424 2720 βότρυας
3453 2652 3531 2724 τῷ
3562 2632 3707 2724 πρά-

2126 2740 2215 2795 τῃ.
2251 2727 2343 2779 καὶ
2376 2730 2739 2803 ἀκολούθησον
2781 2722 2912 2807 ἡμῖν
2957 2740 3016 2791 ὲν
3061 2742 3126 2811 τῇ
3173 2742 3458 2815 ἐκκλησίᾳ.
3496 2722 3616 2799 Τοῦ-
3647 2748 3706 2800 δὲ

2130 2819 2600 2887 μνημονεύσαντος
2621 2824 2715 2878 τοῦ
2748 2825 2892 2882 θείου
2947 2829 3105 2899 λόγου
3136 2832 3229 2887 τοῦ
3261 2836 3706 2905 προσφωνοῦντος

2127 2906 2221 2959 καὶ
2246 2907 2493 2976 λέγοντος
2512 2928 2527 2943 ο
2562 2915 2925 2984 Εὐφράνθην
2946 2920 3044 2974 ἐπὶ
3083 2923 3205 2989 τοῖς
3232 2926 3539 2994 εἰρηκόσιν
3562 2947 3663 2998 μοι
3686 2946 3703 2962 ο

2126 3000 2231 3063 Εἰς
2256 2996 2425 3055 οἷκον
2447 3005 2669 3072 Κυρίου
2694 3012 3140 3080 πορευσόμεθα·
3165 3016 3527 3088 ἠκολούθησεν
3554 2996 3612 3073 εν
3636 3024 3703 3093 τῇ

2127 3090 2411 3165 ἐκκλησίᾳ.
2449 3096 2507 3147 Ὀ
2551 3096 2607 3148 δὲ
2660 3098 2888 3165 Πάππος
2960 3104 3092 3174 φησὶ
3157 3107 3294 3177 πρὸς
3358 3090 3700 3180 Ἐπιφάνιονί

2125 3180 2355 3252 Ποίησον
2406 3185 2592 3257 εὐχὴν,
2625 3181 2668 3241 ὧ
2700 3190 2900 3261 Πάτερ.
2935 3194 3120 3247 Ταῦτα
3166 3196 3222 3249 δὲ
3260 3197 3444 3269 ἔλεγεν
3474 3202 3702 3267 Πάππος

2122 3275 2257 3346 πρὸς
2303 3277 2637 3347 Ἐπιφάνιον,
2664 3280 2813 3344 ὅπως
2858 3284 3111 3356 γνωρίσει
3155 3287 3349 3341 ἑαυτὸν
3391 3291 3702 3359 Ἐπιφάνιος

2120 3365 2197 3437 τῷ
2262 3365 2469 3439 κλήρῳ.
2522 3364 2695 3422 Εἶπεν
2750 3370 2806 3424 δὲ
2856 3373 3167 3443 Ἐπιφάνιος
3232 3379 3369 3450 πρὸς
3433 3382 3697 3436 Πάππον·

2118 3455 2478 3529 Συγχώρησόν
2514 3475 2624 3526 μοι,
2666 3460 2846 3531 Πάτερ
2867 3478 2880 3491 ο
2914 3463 2976 3515 ού
3004 3465 3113 3535 γάρ
3144 3466 3259 3537 εἰμι
3287 3469 3346 3520 ὲν
3370 3468 3572 3541 κλήρῳ.
3607 3469 3701 3525 Εἶ-

2123 3561 2222 3597 πεν
2275 3544 2335 3597 δὲ
2379 3546 2613 3609 Πάππος
2663 3548 2800 3618 πρὸς
2844 3548 3177 3621 Ἐπιφάνιοψ
3210 3556 3407 3623 Βλέπε,
3435 3561 3617 3629 φησὶν,
3656 3555 3701 3613 ὦ

2119 3635 2327 3700 τέκνον,
2370 3637 2444 3707 μὴ
2474 3638 2614 3691 κατὰ
2644 3640 2935 3709 πρόσωπον
2962 3644 3164 3699 τούτων
3190 3648 3296 3701 τῶν
3324 3651 3493 3718 ἁγίων
3528 3654 3699 3707 Πατέ-

2121 3744 2230 3794 ρων
2252 3728 2482 3800 ἀρνήσῃ,
2511 3730 2606 3783 καὶ
2643 3734 2979 3805 κατακριθῇς
3009 3735 3085 3800 ὡς
3112 3739 3140 3790 ό
3173 3740 3385 3811 κρύψας
3417 3743 3477 3796 τὸ
3503 3746 3697 3798 τάλαν-

2117 3835 2228 3871 τον.
2264 3814 2432 3873 Εἶπεν
2477 3820 2534 3873 δὲ
2578 3823 2893 3891 Ἐπιφάνιος
2922 3827 3058 3897 πρὸς
3102 3829 3193 3880 τὸν
3228 3833 3458 3886 Πάππον
3482 3852 3495 3865 ·
3541 3837 3695 3906 Οὐχὶ,

2119 3909 2320 3979 Πάτερ,
2348 3910 2447 3979 οὐχ
2479 3911 2738 3983 ὑπάρχων
2767 3913 3242 3985 κληρικός.Ταῦτα
3267 3920 3323 3974 δὲ
3351 3923 3516 3976 εἰπὼν
3551 3926 3695 3977 Ἐπι-

2118 4000 2327 4067 φάνιος,
2357 4000 2386 4053 ὁ
2418 4002 2647 4065 Πάππος
2695 4003 2893 4058 ἔδωκεν
2938 4007 3182 4077 είρήνην.
3212 4006 3307 4073 Εἷς
3357 4011 3413 4064 δέ
3456 4031 3540 4077 τις
3588 4016 3693 4068 τῶν

2116 4087 2377 4143 διακόνων
2442 4091 2831 4162 ἐπιλαϐόμενος
2883 4096 2981 4165 τῆς
3031 4098 3274 4167 κεφαλῆς
3329 4102 3643 4171 Ἐπιφανίου
3678 4144 3693 4168 ,

2115 4174 2249 4249 ἦγεν
2283 4180 2444 4233 αὑτὸν
2472 4181 2607 4251 πρὸς
2641 4184 2868 4237 Πάππον
2892 4186 2983 4238 ἐπὶ
3013 4187 3105 4240 τοῦ
3137 4189 3521 4263 θυσιαστηρίου
3556 4198 3693 4264 μετὰ

2118 4270 2258 4340 βίας,
2306 4272 2445 4327 ὥστε
2497 4274 2768 4327 συνελθεῖν
2814 4277 2907 4328 καὶ
2953 4277 3145 4343 ἄλλους
3194 4282 3498 4350 πλείστους,
3545 4287 3691 4350 ὅπως

2114 4362 2466 4417 διασώσουσιν
2505 4364 2667 4419 αὐτὸν
2697 4367 2791 4419 ἐπὶ
2834 4366 2912 4438 τῷ
2955 4368 3341 4443 θυσιαστηρίῳ.
3383 4376 3693 4448 Χειροτονεῖ

2113 4447 2205 4505 οῦν
2252 4453 2412 4506 αὑτὸν
2459 4454 2724 4518 διάκονον,
2752 4455 2846 4508 καὶ
2887 4456 3047 4511 πάλιν
3077 4459 3291 4514 δίδωσιν
3321 4447 3562 4536 εἰρήνην,
3597 4469 3691 4520 καὶ

2114 4546 2407 4613 χειροτονεῖ
2433 4546 2591 4599 αὑτὸν
2621 4545 3010 4617 πρεσϐύτερον,
3038 4549 3133 4601 καὶ
3155 4550 3361 4617 γίνεται
3388 4555 3420 4625 η
3466 4556 3689 4610 ἀκολου-

2113 4631 2222 4689 θία.
2249 4633 2341 4685 καὶ⁵
2388 4639 2682 4705 χειροτονεῖ
2726 4638 2907 4692 αὑτὸν.
2944 4639 3259 4695 ἐπίσκοπον.
3287 4644 3440 4697 Μετά
3486 4647 3543 4699 δὲ
3590 4648 3689 4718 τὴν

2110 4722 2370 4775 ἀπόλυσιν
2427 4725 2525 4795 τῆς
2574 4726 2868 4797 ἐκκλησίας
2901 4727 3206 4803 ἀνήλθομεν
3252 4732 3310 4783 ὲν
3350 4733 3428 4803 τῷ
3467 4736 3689 4791 ἐπισκο-

2110 4814 2270 4883 πείῳ.
2305 4811 2469 4869 Εἶπεν
2514 4818 2571 4870 δὲ
2614 4819 2844 4883 Πάππος
2873 4822 3009 4890 πρὸς
3048 4822 3392 4894 Ἐπιφάνιθν·
3424 4826 3593 4896 Δεῦρο
3620 4829 3685 4900 δὴ

2109 4904 2407 4991 πρότρεψαι
2436 4909 2563 4970 τοὺς
2614 4910 2903 4982 Πατέρας,
2939 4914 3087 4977 ὅπως
3135 4919 3525 4991 μεταλάϐωμεν
3591 4921 3685 4977 καὶ

2108 4984 2494 5065 εῦφρανθῶμεν
2525 4996 2616 5049 ἐπὶ
2645 5000 2710 5068 σῇ
2741 5000 3088 5073 πατρωσύνῃ.
3125 4984 3231 5057 Τοῦ
3271 5007 3328 5060 δὲ
3367 4984 3681 5079 Ἐπιφανῖου

2109 5083 2318 5155 βαρέως
2343 5086 2617 5156 φέροντος,
2646 5088 2737 5141 καὶ
2780 5091 3175 5162 ἀδημονοῦντος
3208 5099 3267 5151 ὲν
3290 5098 3554 5171 λογισμῷ,
3588 5106 3683 5157 καὶ

2106 5174 2402 5241 κλαίοντος,
2448 5174 2603 5231 εἶπεν
2634 5180 2663 5231 ὁ
2689 5180 2919 5247 Πάππος
2946 5184 3082 5255 πρὸς
3106 5186 3419 5257 Ἐπιφάνιον
3440 5209 3452 5222 ·
3483 5194 3681 5265 Ἐχρῆν

2109 5265 2207 5333 μὲν
2239 5266 2387 5336 ἡμᾶς
2420 5267 2715 5337 σιωπῆσαι,
2746 5264 2791 5323 ὦ
2817 5272 3008 5327 τέκνον
3038 5277 3342 5347 Ἐπιφάνιε.
3374 5281 3595 5351 Γίνομαι
3620 5283 3680 5336 δὲ

2104 5354 2291 5424 ἄφρων
2320 5357 2480 5420 αὐτός
2515 5375 2604 5428 μοι
2633 5359 2733 5430 τὴν
2764 5361 2991 5433 ζήτησιν
3015 5369 3401 5441 ποιησάμενος.
3421 5373 3542 5426 Τῶν
3567 5374 3676 5445 γὰρ

2103 5446 2363 5519 Πατέρων
2391 5448 2761 5521 συναχθέντων
2789 5446 2912 5520 ὦδε,
2950 5456 3295 5533 ἀπεδώκασιν
3325 5462 3405 5534 τῷ
3436 5462 3555 5535 Θεῷ
3582 5464 3677 5518 ἐπὶ
