4088 6362
347 320 427 383 69
1676 326 1734 382 S.
1779 323 1952 381 EPIPI

2053 322 2126 379 ιιι
2168 322 2356 378 VITA.
3570 330 3640 383 70

352 444 593 517 μηνύσει
620 443 715 499 τοῦ
748 442 1086 498 ἐπισκόπου·
1144 440 1315 514 κάμοὶ
1363 441 1524 496 πόνον
1568 443 1836 515 ἐπέφερον
1899 443 2103 506 πάντες
2144 436 2290 497 οὗτοι
2329 440 2579 509 λέγοντες
2626 439 2763 512 πρὸς
2809 441 2876 511 μὲ
2922 440 3013 494 τὸν
3081 442 3437 516 ἀμαρτωλόν·
3466 444 3643 516 Εὒχου

346 537 675 609 προθύμως,
701 536 793 589 καὶ
823 534 1341 606 ἀποκαλυφθήσεταί
1379 552 1481 588 σοι.

425 630 550 684 ΛΕ’.
594 625 761 698 Ἐμοῦ
805 628 863 680 δὲ
907 626 1100 679 ἐαυτὸν
1151 623 1537 697 καθείρξαντος
1586 627 1644 678 ὲν
1692 624 1943 697 όσπιτίῳ,

2118 619 2337 674 XXXV.
2378 617 2514 673 Cum
2547 633 2647 686 ego
2678 627 2860 673 autem
2888 634 2976 674 me
3022 621 3077 675 in
3108 619 3349 692 hospitio
3378 624 3641 681 inclusis-

346 720 704 795 παρεκάλουν
732 720 824 772 τὸν
849 718 1078 790 Σωτῆρα
1106 720 1235 786 περὶ
1258 718 1353 771 τοῦ
1380 718 1652 771 τοιούτω·
1700 718 1954 789 ἀστραπὴ

343 815 411 867 δὲ
443 812 686 883 ἔλαμψεν
720 813 778 863 ὲν
808 808 887 880 τῷ
919 809 1120 880 κελλίῳ
1142 827 1156 841 ·
1188 810 1401 879 ἥκουσα
1424 808 1482 860 δέ
1518 807 1615 861 καὶ
1654 810 1840 880 φωνὴν
1872 810 1954 863 δι·-

345 904 586 973 δομένην
621 901 759 971 πρὸς
789 901 857 972 μὲ
885 901 977 953 τὸν
1005 899 1350 971 ἁμαρτωλὸν·
1371 900 1593 965 Πάππε,
1613 900 1831 963 Πάππε,
1853 918 1956 970 φη-

350 996 462 1059 σὶν,
491 992 835 1061 ἇκουε.Ἐγὼ
861 993 919 1046 δὲ
942 992 1182 1062 ἔμφοϐος
1210 992 1504 1062 γενόμενος
1532 988 1684 1045 εἶπον
1704 1009 1717 1022 ⁸
1748 993 1813 1045 Τί
1836 994 1957 1045 ἐπι·-

346 1086 543 1158 τρέπει
572 1089 601 1140 6
631 1084 840 1155 Κύριός
871 1101 1004 1155 pou;
1037 1078 1206 1137 Εἶπεν
1238 1084 1297 1137 δὲ
1328 1085 1466 1154 πρὸς
1517 1085 1586 1155 μέ
1639 1086 1757 1155 μετ’
1789 1085 1954 1155 εὐμε-

348 1178 522 1241 νείας·
549 1176 811 1241 Ἀνάστα,
842 1174 1131 1247 παράλαϐε
1160 1175 1299 1246 μετὰ
1322 1175 1550 1228 σεαυτοῦ
1581 1174 1677 1228 ἓνα
1703 1175 1811 1228 τῶν
1840 1175 1954 1228 δια-

348 1271 547 1334 κόνων,
578 1271 673 1324 καὶ
705 1268 1029 1323 ἐπικάτελθε
1076 1270 1134 1320 ὲν
1179 1267 1256 1337 τῷ
1300 1269 1573 1339 ἐμπορίῳ.
1602 1269 1714 1322 Καὶ
1751 1268 1857 1321 ἰδοὺ
1887 1268 1951 1338 δὴ

353 1362 590 1433 μοναχὸς
621 1363 739 1416 ἐκεῖ
764 1364 916 1433 παρά
940 1361 1019 1431 τῷ
1048 1361 1233 1433 πράτῃ
1266 1359 1488 1414 ὠνεῖται
1518 1360 1823 1431 σταφυλάς’
1859 1360 1953 1414 δύο

352 1456 624 1526 μοναχοὺς
657 1454 772 1525 ἔχει
816 1453 935 1523 μεθ’
966 1452 1508 1515 ἐαυτοῦ,Ἐλισσαίου
1554 1453 1653 1522 τὴν
1705 1452 1950 1524 κεφαλὴν

346 1550 415 1602 τὺ
457 1548 801 1617 ἐκτύπωμα·
845 1547 1036 1600 τοῦτον
1075 1546 1459 1617 χειροτόνησον
1504 1548 1584 1608 είς
1629 1545 1947 1599 ἐπίσκοπον.

348 1642 514 1696 Ἀλλά
540 1643 616 1713 μὴ
642 1641 971 1711 ἀναγγείλῃς
997 1639 1167 1710 αὐτῷ,
1198 1641 1409 1711 μήποτε
1440 1638 1754 1712 ἀποδράσει.
1784 1639 1857 1693 Τὸ
1894 1639 1951 1692 δὲ

348 1734 524 1804 ὖνομα
574 1732 740 1785 αὐτοῦ
800 1732 1049 1785 καλεῖται
1095 1732 1433 1801 Ἐπιφάνιος.
1486 1731 1691 1799 Γέγονα
1738 1731 1948 1802 ἄφρων,

348 1825 570 1877 τέκνον·
612 1823 777 1886 αὑτός
825 1840 895 1892 με
945 1822 1287 1890 ἠνάγκασας.
1319 1821 1496 1874 Βλέπε
1527 1822 1581 1873 τί
1612 1823 1812 1884 ποιεῖς,
1855 1820 1952 1873 καὶ

348 1917 591 1988 πρόσεχε
613 1914 842 1985 σεαυτῷ.
868 1913 1014 1983 Ἐγὼ
1036 1915 1146 1986 γὰρ
1169 1914 1502 1984 ἀπεστάλην,
1522 1914 1550 1967 ὃ
1568 1913 1777 1984 ὧφειλα
1797 1913 1953 1984 ποιῆ-

2057 727 2191 773 sem,
2224 720 2279 767 et
2306 711 2372 765 de
2398 726 2465 766 eo
2492 710 2834 765 Salvatorem
2871 727 3143 782 rogarem,
3172 714 3356 784 fulgur
3404 716 3460 770 in
3507 718 3641 773 cella

2055 804 2421 876 resplenduit;
2454 803 2638 857 audivi
2668 818 2799 858 vero
2827 818 3021 859 vocem
3052 805 3323 861 dicentem
3355 810 3487 862 mihi
3512 825 3643 880 pec-

2054 898 2227 953 catori
2259 916 2272 951 :
2302 895 2503 967 Pappe,
2536 894 2743 965 Pappe,
2777 896 2926 950 audi.
2955 895 3070 968 Ego
3102 905 3284 953 autem
3314 900 3423 954 dixi
3443 902 3645 956 timore

2055 990 2380 1060 perterritus
2411 1008 2424 1043 :
2453 989 2597 1056 Quid
2628 990 2783 1059 jubet
2807 988 3075 1045 Dominus
3107 993 3301 1047 meus?
3328 992 3475 1048 Dixit
3509 995 3643 1049 mihi

2054 1084 2286 1153 benigne
2322 1102 2334 1136 :
2374 1080 2568 1152 Surge,
2604 1082 2791 1151 accipe
2843 1097 3016 1136 unum
3051 1097 3119 1137 ex
3153 1082 3424 1150 diaeonis,
3450 1094 3505 1141 et
3540 1088 3641 1142 de-

2054 1176 2252 1231 scende
2300 1176 2354 1229 in
2408 1174 2610 1230 forum.
2642 1174 2782 1229 Ecce
2831 1175 2943 1230 illic
2973 1176 3116 1246 apud
3152 1178 3489 1233 venditorem
3520 1194 3641 1233 mo-

2054 1268 2265 1323 nachus
2299 1267 2434 1322 emit
2468 1282 2625 1332 uvas,
2654 1267 2749 1336 qui
2800 1268 2941 1323 duos
2989 1282 3177 1323 secum
3227 1268 3391 1325 habet
3447 1286 3643 1326 mona-

2052 1361 2209 1425 chos,
2241 1372 2296 1415 et
2326 1359 2491 1415 Elisei
2524 1370 2689 1431 caput
2718 1361 2868 1417 illius
2894 1362 3057 1416 habet
3091 1362 3343 1434 effigiem.
3376 1363 3513 1419 Eum
3554 1381 3646 1420 or-

2052 1453 2179 1507 dina
2212 1454 2554 1523 episcopum.
2590 1452 2697 1509 Sed
2735 1468 2803 1509 ne
2835 1454 2883 1508 ei
2919 1456 3309 1520 renunties,ne
3335 1455 3478 1513 forte
3504 1458 3643 1511 eﬂ‘n-

2052 1547 2183 1616 giat.
2220 1545 2312 1600 Est
2341 1555 2526 1600 autem
2555 1547 2607 1601 ei
2635 1561 2836 1603 nomen
2881 1548 3245 1617 Epiphanius.
3278 1548 3477 1605 Factus
3514 1565 3638 1605 sum

2052 1637 2339 1707 insipiens,
2376 1638 2451 1691 ﬁli
2485 1657 2498 1692 :
2533 1637 2651 1707 ipse
2681 1654 2768 1693 me
2814 1640 3063 1709 coegisti.
3100 1639 3235 1695 Vide
3275 1641 3407 1710 quid
3443 1639 3636 1703 facias,

2051 1735 2106 1782 et
2136 1727 2354 1782 attende
2386 1727 2488 1781 tibi
2523 1728 2645 1798 ipsi.
2680 1728 2792 1799 Ego
2827 1730 2971 1784 enim
3003 1732 3206 1787 missus
3251 1748 3396 1798 sum,
3443 1744 3497 1788 et
3539 1730 3644 1789 feci

2053 1821 2199 1891 quod
2228 1820 2391 1875 debui
2417 1819 2616 1877 facere.
2649 1820 2782 1875 Sum
2816 1824 3028 1887 insons,
3070 1834 3124 1880 et
3154 1834 3279 1895 post
3308 1826 3423 1882 haec
3453 1828 3641 1881 omnia

2053 1912 2281 1967 videbis.
2319 1913 2458 1967 Cum
2502 1913 2617 1968 haec
2644 1925 2827 1969 autem
2855 1915 3122 1972 audiisset
3157 1916 3516 1989 Epiphanius,
3547 1936 3642 1975 ce-

350 1987 445 2062 σαι
475 2009 733 2075 ἐποίησα.
757 2007 961 2071 Ἀθῶός
1004 2008 1142 2078 εἰμι.
1170 2007 1243 2060 Σὺ
1271 2006 1377 2077 ὄψῃ
1408 2007 1504 2059 ἐπὶ
1544 2008 1681 2060 πᾶσι
1716 2004 1950 2067 τούτοις.

2056 2003 2188 2059 cidit
2234 2005 2291 2058 in
2340 2003 2558 2070 faciem,
2593 2015 2649 2061 et
2694 2007 2942 2063 adoravit
2981 1987 3479 2079 Pappurn,—dicens
3514 2030 3527 2066 :
3563 2010 3642 2067 Ne

361 2099 629 2163 ’Δκούσας
675 2100 732 2152 δέ
780 2098 957 2151 ταῦτα
1004 2098 1343 2167 Ἐπιφάνιος,
1400 2098 1596 2150 ἔπεσεν
1642 2098 1738 2149 ἐπὶ
1781 2095 1950 2167 πρόσ-

346 2210 519 2256 ωπον,
548 2191 647 2245 καὶ
678 2189 1087 2263 προσεκύνησεν
1111 2189 1331 2261 Πάππῳ
1358 2189 1529 2244 εἰπών
1548 2208 1561 2220 ·
1592 2189 1685 2261 Μὴ
1707 2187 1947 2258 ὀργίζου,

348 2282 556 2352 Πάτερ,
602 2282 801 2352 φησίν
836 2281 1162 2353 ἁμαρτωλὸς
1206 2282 1317 2354 γὰρ
1356 2281 1641 2354 ἄνθρωπός
1683 2283 1821 2352 εἰμι,
1858 2283 1951 2335 καὶ

347 2371 449 2422 οὐκ
503 2369 733 2441 ἐπαρκῶ
780 2370 919 2439 πρὸς
971 2369 1032 2422 τὸ
1083 2369 1285 2440 μέτρον
1329 2371 1431 2442 τῆς
1481 2372 1803 2443 ἱερωσύνης,
1855 2370 1950 2424 καὶ

2058 2097 2340 2161 irascaris,
2366 2096 2553 2154 Pater.
2595 2098 2726 2154 Sum
2756 2102 2901 2156 enim
2934 2103 3118 2169 homo,
3150 2119 3250 2159 nec
3280 2104 3491 2160 suﬂicio
3533 2104 3642 2159 im-

2056 2191 2265 2261 plenda:
2292 2207 2565 2247 mensura:
2593 2194 3174 2266 sacerdotii.Cumque
3198 2212 3387 2253 omnes
3417 2198 3642 2252 adoras-

2058 2283 2431 2349 set,invilavit
2452 2300 2550 2339 eos
2579 2286 2645 2339 ad
2670 2288 2983 2356 prandium.
3012 2288 3081 2343 Et
3110 2306 3234 2343 cum
3264 2291 3639 2361 prandissent,

2054 2372 2152 2428 ivit
2184 2376 2564 2445 unusquisque
2587 2376 2638 2429 in
2674 2393 2831 2432 suam
2856 2377 3178 2434 Ecclesiam.

345 2464 736 2533 προσκυνήσας
785 2464 1033 2527 ἅπαντας
1077 2462 1449 2534 προετρέπετο
1490 2465 1688 2529 αὐτοὺς
1735 2463 1830 2518 ἐπὶ
1875 2464 1937 2518 τὸ
1982 2464 2225 2536 ἄριστον.
2260 2470 2370 2521 Καὶ
2404 2470 2815 2541 ἀριστησάντων
2874 2470 3052 2525 αὐτῶν
3114 2472 3490 2545 ἐπορεύθησαν
3512 2474 3643 2529 ἐκα·

350 2570 477 2617 στος
508 2557 566 2607 ἐν
590 2557 658 2625 τῇ
689 2555 857 2608 αὑτοῦ
891 2555 1207 2629 Ἐκκλησίᾳ.

422 2647 564 2714 AG’.
607 2651 763 2703 Μετὰ
798 2651 855 2703 δὲ
895 2654 1047 2723 τρεῖς
1080 2653 1298 2723 ἡμέρας
1331 2653 1471 2723 ἀνήρ
1511 2670 1596 2717 τις
1644 2652 1944 2724 αἰδέσιμος,

347 2740 577 2812 ὀνόματι
612 2741 949 2814 Εὺγνώμων,
993 2745 1099 2797 ὑπό
1121 2762 1266 2809 τινος
1298 2744 1687 2817 λαμπροτάτου
1720 2746 1821 2817 τῆς
1852 2748 1949 2799 πό-

350 2832 490 2896 λεως
522 2834 725 2906 ἐϐλήθη
760 2837 819 2888 ἐν
853 2838 919 2907 τῇ
950 2834 1163 2908 φυλακῇ
1194 2838 1274 2900 είς
1294 2835 1459 2908 ὁλκὴν
1490 2836 1845 2908 νομισμάτων
1874 2844 1937 2907 ρ’.

351 2925 427 2978 Τὸ
448 2926 506 2979 δὲ
538 2926 711 2997 ὄνομα
737 2927 830 2981 τοῦ
865 2927 1121 2997 βαλόντος
1151 2927 1400 2981 ἐκαλεῖτο
1444 2929 1692 3000 Δράκων.
1726 2923 1894 2990 Οὗτος
1918 2929 1947 2980 6

350 3018 688 3089 Εὺγνὼμων,
705 3020 973 3091 Ῥωμαῖος
1002 3018 1097 3084 ὢν,
1133 3020 1232 3073 οὐκ
1262 3016 1408 3091 εἶχεν
1439 3022 1530 3072 τὸν
1560 3020 1824 3091 ῥυόμενον
1847 3021 1946 3073 αύ-

2123 2648 2364 2706 XXXVI.
2406 2648 2608 2706 Tribus
2651 2663 2832 2707 autem
2876 2662 3002 2722 post
3049 2653 3241 2708 diebus
3290 2655 3377 2708 vir
3417 2656 3641 2726 quidam

2052 2744 2417 2808 venerandus,
2446 2744 2666 2799 nomine
2716 2744 3117 2814 Eugnomon,a
3164 2746 3402 2817 quodam
3451 2747 3643 2802 claris-

2053 2839 2197 2896 simo
2245 2839 2395 2896 illius
2438 2838 2677 2895 civitatis
2710 2839 2995 2909 conjectus
3037 2838 3217 2894 luerat
3251 2841 3303 2894 in
3332 2839 3639 2894 cusrodiam

2051 2948 2150 3003 pro
2181 2946 2396 2987 summa
2432 2939 2650 2985 centum
2700 2946 3077 2987 nummorum.
3128 2930 3333 2987 Nomen
3380 2933 3523 3002 ejus,
3546 2930 3642 3003 qui

2052 3024 2231 3094 ipsum
2264 3023 2592 3092 conjecerat,
2632 3032 2750 3078 erat
2786 3022 2982 3078 Draco.
3016 3023 3066 3078 ls
3098 3039 3221 3079 cum
3256 3033 3403 3079 esset
3433 3022 3638 3079 Roma-

348 3110 446 3163 τὸν
495 3111 605 3164 ἀπὸ
649 3112 750 3181 τῆς
802 3112 1351 3180 φυλακῆς.”Ηκουσεν
1379 3111 1437 3164 δὲ
1466 3111 1805 3181 Ἐπιφάνιος,
1851 3111 1947 3165 καὶ

2053 3133 2180 3183 nus,
2218 3118 2430 3170 nullum
2465 3117 2721 3180 habebat,
2752 3116 2845 3186 qui
2875 3130 2998 3169 cuin
3032 3116 3288 3171 liberaret
3315 3132 3343 3170 a
3367 3116 3639 3171 custodia.

350 3201 627 3272 ἐπορεύθη
659 3202 795 3274 πρὸς
835 3205 927 3255 τὸν
973 3204 1277 3279 Δράκοντα,
1311 3202 1408 3256 τοῦ
1437 3204 1817 3276 παρακαλέσαι
1846 3205 1943 3258 αύ-

349 3293 465 3359 τὸν,
498 3294 646 3357 ὅπως
695 3293 959 3347 ἀπολύσει
1008 3294 1346 3367 Εὑγνώμονα
1391 3296 1482 3371 τδν
1522 3297 1791 3367 Ῥωμαῖον
1838 3296 1949 3350 ἀπὸ

350 3385 456 3455 τῆς
480 3385 750 3455 φυλακῆς.
786 3381 954 3440 Εἶπεν
976 3386 1033 3439 δέ
1052 3389 1081 3439 6
1100 3388 1327 3458 Δράκων
1358 3388 1663 3459 Ἐπιφανίῳ
1689 3407 1703 3420 ο
1734 3389 1947 3455 Βάδιζε,

352 3477 512 3547 φησὶ,
538 3477 879 3549 παρείσακτε
921 3477 1023 3548 τῆς
1066 3478 1273 3541 πόλεως
1302 3478 1481 3549 ήμῶν,
1510 3487 1556 3551 ρ’
1575 3480 1886 3551 νομίσματα
1914 3480 1951 3535 ἀ

350 3567 771 3639 κεχρεὼστηκέν
808 3586 897 3640 μοι
944 3571 973 3623 6
1009 3569 1098 3631 σὸς
1130 3571 1367 3641 ἑταῖρος,
1407 3571 1494 3635 δός
1534 3588 1622 3641 μοι
1661 3571 1822 3636 αὐτὰ,
1855 3571 1951 3624 καὶ

351 3660 486 3713 λάϐε
517 3657 842 3715 τοῦτονῘἮν
869 3661 926 3714 δὲ
976 3654 1133 3724 οὗτος
1186 3664 1215 3714 6
1265 3662 1492 3734 Δράκων
1524 3662 1775 3727 πλούσιος
1819 3663 1950 3733 3996-

354 3753 479 3825 δρα,
510 3754 790 3825 ἀνήμερος
837 3755 952 3817 τοῖς
1000 3754 1318 3825 τρόποις.’0
1349 3750 1440 3808 οὖν
1469 3756 1784 3824 Ἐπιφάνιος
1826 3757 1953 3809 ἐπο-

360 3846 527 3918 ρεύθη
554 3848 612 3900 ἐν
641 3846 721 3917 τῷ
754 3842 1295 3918 ἐπισκοπείῳ.Ἦσαν
1319 3848 1377 3901 δέ
1425 3856 1471 3920 ρ’
1495 3850 1811 3920 νομίσματα
1832 3848 1951 3903 κεί-

361 3955 499 4009 μενα
546 3941 605 3992 ἐν
648 3937 727 4010 τῷ
762 3939 1119 4010 ἐπισκοπείῳ,
1155 3940 1238 4002 είς
1282 3935 1558 3995 διακονίαν
1587 3941 1688 4012 τῆς
1721 3941 1953 4013 Ἐκκλη-

361 4032 502 4095 σίας.
519 4033 579 4086 Ὀ
625 4029 720 4086 οὖν
746 4032 1072 4101 Ἐπιφάνιος
1116 4031 1298 4087 λαϐὼν
1340 4033 1502 4099 αὐτὰ,
1536 4035 1827 4106 ἐπορεύθη,
1861 4036 1954 4089 καὶ

358 4128 560 4181 ἔδωκεν
603 4127 682 4199 τῷ
723 4127 1009 4198 Δράκοντι,
1041 4125 1134 4178 καὶ
1175 4125 1414 4178 ἀπέλυσε
1442 4125 1534 4179 τὸν
1573 4125 1741 4191 ξένον.
1773 4122 1869 4191 Εἷς
1893 4127 1952 4181 δέ

358 4235 442 4281 τις
490 4218 756 4281 διάκονος,
790 4217 1014 4287 όνόματι
1058 4216 1296 4286 Χαρῖνος
1317 4232 1331 4247 ο
1376 4207 1533 4281 οὗτος
1590 4217 1696 4270 ὑπὸ
1741 4218 1952 4273 πολλῶν

361 4311 727 4382 ἐμαρτυρεῖτο
772 4309 1007 4371 ἄτακτος
1046 4304 1222 4362 εἶναι’
1251 4308 1529 4381 διήγειρεν
1556 4310 1803 4375 ἅπαντας
1828 4313 1954 4376 τοὺς

360 4402 659 4473 κληρικοὺς
691 4400 833 4455 κατὰ
859 4401 1204 4470 Ἐπιφανίου,
1236 4399 1410 4469 λέγων
1430 4418 1442 4431 ·
1480 4402 1645 4455 Δεῦτε
1687 4404 1782 4458 καὶ
1830 4403 1953 4457 διώ-

362 4494 524 4565 ξομεν
552 4494 644 4547 τὸν
675 4492 824 4558 ξένον
858 4492 1069 4555 τοῦτον,
1118 4496 1330 4564 μήποτε
1358 4495 1654 4568 καταφάγῃ
1680 4496 1856 4549 πάντα
1883 4496 1951 4551 τά
1984 4486 2029 4541 D

359 4589 460 4657 τῆς
481 4585 831 4656 Ἐκκλησίας,
870 4585 962 4639 καὶ
986 4584 1221 4656 ἐσόμεθα
1252 4585 1413 4655 ἡμεῖς
1443 4585 1614 4655 ἔνοχοι
1641 4587 1740 4657 τῆς
1766 4588 1946 4658 ἀμαρ-

360 4673 615 4742 τίας.“Ην
656 4677 713 4730 δέ
745 4669 901 4740 οὗτος
948 4678 976 4731 ό
1028 4675 1265 4747 Χαρῖνος
1314 4676 1568 4740 πλούσιος
1601 4678 1826 4749 σφόδρα,
1861 4679 1952 4733 καὶ

364 4771 547 4841 ἐζήτει
594 4768 783 4834 διῶξαι
823 4768 915 4822 τὸν
950 4767 1288 4838 Ἐπιφάνιον,
1323 4769 1470 4833 ὅπως
1519 4770 1682 4833 αὐτὸς
1740 4770 1950 4824 καθίσει

364 4861 457 4914 ἐπὶ
488 4859 583 4912 τοῦ
614 4860 825 4930 θρόνου.
862 4858 1204 4929 Ἐπέστησαν
1232 4854 1324 4913 οὖν
1344 4859 1665 4931 Ἐπιφανίῳ,
1702 4860 1953 4929 λέγοντος

360 4953 459 5007 τοῦ
494 4952 733 5023 Χαρίνου
758 4953 885 5016 τοὺς
919 4952 1111 5020 λόγους
1141 4951 1363 5015 τούτους
1387 4969 1400 4984 ⁸
1435 4953 1548 5005 Οὐκ
1573 4953 1814 5025 ἠρκέσθη
1846 4971 1949 5017 σοι,

366 5044 552 5114 φησὶν,
583 5038 627 5098 ὦ
658 5042 965 5114 Ἐπιφάνιε,
997 5041 1168 5096 ἐλθὼν
1207 5042 1394 5097 ἐνθάδε
1435 5046 1510 5115 μὴ
1543 5043 1683 5115 ἔχων
1730 5045 1952 5098 ἐπενδύ-

363 5150 487 5205 την,
514 5136 609 5188 καὶ
651 5134 923 5198 ἀπέλαϐες
953 5133 1051 5205 τὴν
1084 5132 1436 5203 Ἐκκλησίαν,
1468 5134 1606 5187 άλλά
1632 5135 1951 5207 διασκορπίε-

367 5225 480 5289 ζεις
506 5227 582 5290 ὡς
610 5226 758 5291 ξένος
787 5227 856 5280 τὰ
882 5227 985 5298 τῆς
1014 5225 1373 5297 Ἐκκλησίαςο
1406 5226 1501 5281 καὶ
1545 5229 1629 5292 τίς
1668 5228 1839 5293 οὕτως
1864 5229 1953 5299 βα-

369 5321 591 5385 στάσει;
630 5321 701 5373 Ἢ
731 5319 820 5384 δὸς
860 5318 931 5372 τὰ
979 5325 1021 5391 ρ’
1046 5320 1358 5391 νομίσματα
1403 5319 1501 5389 τῆς
1536 5319 1888 5391 Ἐκκλησίας,
1915 5322 1950 5394 ἦ

366 5411 665 5482 πορεύθητι
707 5410 800 5464 ἐπὶ
843 5411 941 5483 σὴν
993 5410 1251 5481 πατρίδα.
1284 5409 1588 5481 Ἐπορεύθη
1627 5406 1719 5464 οὖν
1748 5412 1777 5463 6
1818 5412 1953 5465 Ῥω-

371 5506 527 5572 μαϊος
566 5503 594 5554 ό
625 5502 915 5566 ἀπολυθεὶς
960 5501 1408 5570 ὑπὸ-Ἐπιφάνιου
1452 5501 1545 5553 ἐπὶ
1571 5501 1670 5570 τῆς
1708 5502 1947 5573 Ῥώμης,

368 5593 461 5647 καὶ
494 5592 711 5647 ἅπαντα
731 5593 1135 5665 καταπωλήσας
1164 5591 1239 5645 τὰ
1258 5591 1447 5653 αὐτοῦ,
1471 5592 1701 5662 ἤνεγκεν
1726 5591 1796 5644 τὰ
1817 5593 1950 5663 χρήσ

372 5701 517 5753 ματα
545 5685 871 5757 Ἐπιφανίῳ.
906 5684 1101 5739 Λαϐὼν
1149 5679 1241 5737 οὖν
1264 5682 1437 5737 ταῦτα
1461 5682 1798 5752 Ἐπιφάνιος,
1830 5684 1949 5737 δια-

368 5774 598 5832 ὂέδωκεν
622 5781 733 5843 τοῖς
763 5780 950 5845 γρείαν
993 5766 1491 5847 ἕχουσιν.”Ἐμεινεν
1520 5776 1577 5830 δὲ
1606 5776 1634 5828 ό
1676 5775 1945 5846 Ῥωμαῖος

2054 3210 2191 3266 Cum
2248 3209 2515 3265 audiisset
2557 3208 2920 3278 Epiphanius,
2957 3217 3012 3263 et
3044 3209 3178 3263 isset
3215 3209 3281 3263 ad
3318 3209 3640 3273 Draconem,

2050 3309 2105 3355 et
2130 3316 2256 3354 eum
2304 3308 2539 3371 rogaret,
2574 3308 2634 3353 ut
2660 3298 3069 3370 Eugnomonem
3097 3298 3404 3352 Romanum
3438 3297 3641 3352 libera-

2053 3402 2135 3448 ret
2165 3408 2194 3447 a
2229 3394 2479 3448 custodia
2510 3414 2522 3449 :
2559 3392 2729 3457 Vade,
2762 3392 2940 3446 Draco
2967 3392 3166 3459 inquit,
3194 3401 3251 3447 tu
3296 3392 3351 3447 in
3387 3392 3526 3447 hanc
3557 3392 3643 3445 in-

2054 3486 2250 3541 troduc
2278 3495 2331 3541 te
2352 3484 2649 3550 civitatem,
2686 3494 2741 3541 et
2781 3484 2915 3540 aﬂ‘er
2942 3493 3160 3540 centum
3192 3499 3467 3549 nummos,
3499 3499 3643 3554 quos

2053 3586 2181 3632 tuus
2212 3577 2346 3631 mihi
2383 3578 2540 3632 debet
2574 3576 2806 3639 amicus,
2839 3585 2893 3631 et
2940 3575 3010 3631 da
3057 3577 3195 3631 mihi
3244 3591 3368 3639 eos,
3412 3586 3467 3631 et
3513 3591 3642 3631 eum

2050 3670 2253 3740 recipe.
2284 3667 2415 3724 Erat
2444 3678 2626 3725 autem
2657 3670 2747 3725 hic
2764 3669 2939 3725 Draco
2971 3668 3232 3742 [gentilis,
3260 3668 3338 3740 et]
3365 3668 3517 3723 dives
3541 3669 3641 3723 ad-

2054 3760 2298 3825 modum,
2330 3760 2596 3829 saavisque
2629 3758 2896 3814 morihus.
2925 3751 3265 3828 Epiphanius
3310 3766 3493 3811 autem
3542 3755 3641 3809 ivit

2054 3852 2109 3907 in
2160 3853 2558 3923 episcopatum.
2590 3851 2865 3922 Erantque
2899 3861 3117 3906 centum
3158 3849 3365 3904 nummi
3416 3848 3643 3919 repositi

2055 3946 2112 4001 in
2145 3945 2466 4015 episcopatu
2497 3945 2563 4000 ad
2598 3945 2961 4000 ministerium
2984 3941 3261 3998 Ecclesiae.
3293 3941 3362 3996 lis
3382 3941 3642 4009 acceptis,

2054 4037 2152 4093 ivit
2196 4036 2554 4109 Epiphanius,
2585 4045 2640 4093 et
2689 4050 2786 4091 eos
2835 4035 2983 4090 dedit
3012 4033 3270 4099 Draconi,
3300 4042 3355 4087 ct
3389 4033 3641 4087 liberavit

2052 4130 2347 4201 hospitem.
2376 4128 2610 4196 Quidam
2646 4136 2827 4183 autem
2873 4128 3157 4192 diaconus,
3183 4125 3404 4180 nomine
3444 4124 3639 4179 Chari-

2055 4238 2160 4276 nus
2192 4220 2367 4292 (multi
2395 4234 2526 4274 vero
2553 4220 2604 4275 in
2635 4234 2761 4274 eum
2795 4217 3165 4273 testimonium
3196 4215 3466 4280 ferebant,
3491 4216 3638 4285 quod

2054 4321 2203 4369 esset
2248 4313 2491 4368 insolens
2515 4319 2558 4383 ),
2591 4311 2852 4366 incitabat
2877 4324 3067 4365 omnes
3101 4308 3331 4363 clericos
3371 4308 3639 4362 adversus

2056 4403 2445 4475 Epiphaniam,
2478 4402 2666 4458 dicens
2702 4419 2715 4456 :
2748 4400 2904 4471 Agite
2931 4413 3329 4469 persequamur
3363 4398 3509 4452 hunc
3537 4396 3640 4452 ho-

2054 4499 2270 4568 spitem,
2304 4511 2373 4551 ne
2424 4495 2674 4550 comedat
2717 4506 3059 4564 qmecunque
3105 4498 3232 4546 sunt
3280 4488 3556 4555 Ecclesiae,
3585 4498 3641 4544 et

2054 4591 2227 4645 simus
2277 4604 2379 4643 nos
2421 4597 2645 4658 peccato
2676 4585 2919 4641 olinoxii.
2951 4583 3079 4637 Erat
3109 4591 3286 4637 autem
3328 4583 3415 4637 hic
3438 4581 3640 4636 Charia

2054 4696 2159 4735 nus
2189 4680 2345 4735 valde
2372 4679 2545 4743 dives,
2569 4686 2623 4732 et
2647 4677 2929 4747 quaerebat
2952 4674 3206 4744 persequi
3242 4670 3633 4742 Epiphanium,

2053 4780 2115 4825 ut
2159 4770 2275 4840 ipse
2328 4770 2540 4825 sederet
2574 4769 2630 4823 in
2668 4769 2889 4823 throno.
2934 4765 3412 4833 Surrexeruntque
3443 4778 3637 4817 omnes

2054 4862 2238 4917 clerici
2292 4861 2554 4916 adversus
2611 4859 3000 4930 Epiphaniam,
3047 4859 3261 4914 dicente
3304 4858 3421 4912 haec
3468 4857 3636 4912 verba

2054 4953 2293 5009 Charino
2339 4972 2352 5007 :
2398 4951 2516 5008 Non
2552 4954 2685 5008 satis
2713 4962 2817 5018 est,
2846 4968 2879 5007 ο
2906 4951 3197 5021 Epiphani,
3230 4950 3375 5020 quod
3408 4949 3515 5003 huc
3544 4964 3638 5002 ve-

2053 5047 2224 5110 neris,
2257 5061 2381 5101 cum
2411 5061 2521 5100 non
2560 5046 2792 5100 haberes
2836 5045 3238 5106 indumentum,
3272 5050 3326 5096 et
3359 5041 3637 5111 acceperis

2053 5137 2385 5205 Ecclesiam;
2439 5137 2532 5193 sed
2588 5138 2752 5192 etiam
2802 5145 3064 5205 tanquam
3115 5136 3337 5203 hospes,
3369 5131 3637 5201 dispergis

2053 5247 2142 5287 res
2168 5230 2456 5297 Ecclesiae;
2480 5239 2533 5287 et
2559 5232 2683 5301 quis
2715 5229 2817 5284 hoc
2845 5227 2988 5284 ferre
3022 5227 3255 5297 poterit?
3282 5226 3392 5301 ᾼυι
3421 5225 3488 5279 da
3515 5240 3637 5281 cen-

2057 5332 2168 5377 tum
2223 5339 2500 5388 nummos,
2532 5332 2626 5377 aut
2661 5323 2795 5377 vade
2841 5322 2895 5375 in
2930 5329 3078 5374 tuam
3113 5317 3363 5388 patriam.
3396 5316 3498 5369 lvit
3536 5332 3635 5369 au-

2055 5422 2160 5468 tem
2212 5412 2442 5468 Romam
2471 5411 2775 5474 Romanus,
2814 5410 3076 5464 liberatus
3106 5409 3174 5461 ab
3200 5405 3506 5476 Epiphanio
3537 5424 3549 5459 :
3582 5414 3637 5461 et

2053 5503 2308 5558 omnibus
2336 5503 2451 5558 suis
2476 5501 2732 5568 venditis,
2753 5500 2803 5555 ei
2829 5499 3011 5554 attulit
3038 5496 3316 5567 pecunias.
3338 5494 3486 5562 Quas
3509 5511 3634 5551 cum

2054 5595 2353 5665 accepisset
2382 5592 2740 5663 Epiphanius,
2769 5591 3050 5647 distribuit
3102 5590 3191 5655 iis,
3221 5589 3313 5659 qui
3366 5604 3502 5658 opus
3532 5587 3634 5643 ha-

2034 5689 2276 5743 bebant.
2296 5686 2495 5743 Mansit
2525 5702 2654 5744 vero
2673 5687 2956 5742 Romanus
2975 5699 3100 5740 cum
3128 5682 3435 5753 Epiphanio
3462 5694 3635 5751 usque

2058 5779 2124 5836 ad
2159 5788 2385 5836 mortem
2440 5794 2619 5835 suam.
2655 5778 2875 5850 Accepit
2920 5785 3100 5835 autem
3141 5773 3479 5845 Epiphanius
3506 5785 3635 5827 cen-
