4078 6368
420 342 481 397 71
1724 336 1783 391 S.
1829 333 2171 390 EPIPIIANII
2212 332 2396 385 VITA.
3636 327 3713 377 '12

422 471 537 514 tum
569 474 845 522 nummos,
871 468 925 514 et
967 456 1114 511 dedit
1157 457 1420 520 Charino,
1453 458 1644 513 dicens
1671 458 1720 511 ei
1753 476 1768 512 :
1803 458 2004 525 Accipe

2126 450 2249 504 ιετὰ
2277 449 2599 519 Ἐπιφανίου
2632 447 2736 510 ἕως
2763 446 2976 517 ἡμέρας
3003 444 3235 497 θανάτου
3264 440 3710 496 αὐτοῦ.Ἕλα6εν

421 560 638 606 centum
689 566 964 613 nummos,
992 566 1131 614 quos
1181 550 1306 604 dedi
1356 565 1457 619 pro
1507 550 1742 619 hospite.
1779 550 1830 604 Is
1871 564 2003 603 vero

2126 542 2159 594 ἑὲ
2191 541 2510 610 Ἐπιφάνιος
2561 539 2631 593 τά
2681 544 2728 609 ρ’
2754 538 3087 608 νομίσματα,
3123 535 3219 587 καὶ
3248 535 3449 587 ἔδωκεν
3481 533 3558 604 τῷ
3590 535 3708 587 Χα-

422 642 617 697 canina
648 641 823 696 fronte
854 642 1136 711 praeditus,
1160 652 1378 697 centum
1412 657 1670 696 nummos
1698 640 1909 710 accepit
1936 641 2004 694 ab

2126 637 2259 705 niveo,
2292 634 2465 701 λέγων
2498 632 2633 702 πρὸς
2680 632 2842 685 αὐτόν
2863 647 2875 658 ·
2909 629 3069 696 Δέξαι
3120 628 3189 681 τὰ
3232 634 3275 698 ρ’
3302 627 3639 696 νομίσματα,
3668 624 3711 679 ἃ.

427 732 754 803 Epiphanio.
789 732 1057 791 Omnibus
1090 744 1270 789 autem
1303 732 1582 788 accersitis
1605 732 1839 795 clericis,
1868 731 2008 784 Cha-

427 827 584 881 rinus
634 828 769 881 dixit
817 828 946 883 eis:
983 827 1159 897 Agite,
1187 825 1418 895 accipite
1466 834 1685 880 centum
1728 838 2004 885 nummos,

421 933 561 987 quos
592 918 926 987 disperserat
951 916 1325 987 Epiphanius;
1358 932 1453 971 eos
1477 915 1624 970 enim
1652 915 1722 969 ab
1742 930 1809 969 eo
1828 916 2005 984 exegi.

422 1010 617 1063 Clerici
650 1023 781 1062 vero
814 1025 922 1064 non
953 1008 1323 1078 approbaruut
1353 1009 1556 1062 malum
1586 1008 1830 1062 animum
1862 1005 2008 1061 Cha-

423 1102 553 1163 rini,
582 1102 678 1157 sed
708 1103 757 1156 ei
787 1103 1040 1158 dixerunt
1074 1121 1089 1159 :
1122 1103 1245 1167 Abi,
1274 1118 1369 1158 eos
1400 1103 1568 1157 redde
1600 1103 1673 1165 ei,
1708 1118 1739 1156 a
1770 1118 1878 1172 quo
1913 1118 2009 1156 ac-

424 1196 635 1265 cepisti.
672 1193 746 1249 Ita
776 1195 822 1249 is
845 1211 941 1250 eos
983 1212 1087 1249 non
1119 1195 1355 1251 reddidit
1400 1194 1728 1264 Epiphanio.
1759 1194 1935 1263 Atque
1966 1194 2012 1247 is

425 1289 646 1358 quidem
680 1290 848 1344 multa
871 1289 1054 1360 gravia
1072 1297 1127 1343 et
1145 1289 1367 1360 indigna
1395 1288 1522 1344 fecit
1545 1276 1869 1359 Epiphanio.
1893 1288 2014 1357 Epi-

425 1383 659 1452 phanius
692 1392 873 1437 autem
904 1398 1185 1454 nunquam
1214 1383 1440 1438 omnino
1482 1384 1734 1439 meminit
1777 1392 2015 1453 accepta:

428 1488 459 1527 a
493 1473 733 1529 Charino
768 1474 1002 1544 injuria).

498 1726 766 1784 XXXVII.
805 1729 941 1784 Cum
977 1729 1272 1800 aliquando
1306 1731 1528 1802 quidem
1549 1742 1695 1788 esset
1723 1733 2013 1804 prandium

429 1818 485 1873 in
520 1822 855 1891 episc0patu,
884 1822 1119 1877 habebat
1168 1821 1507 1893 Epiphanius
1540 1841 1733 1882 omnes
1783 1828 2012 1882 clericos
2049 1814 2087 1868 Β

429 1912 486 1966 in
517 1927 727 1967 mensa.
765 1912 882 1968 Mos
929 1924 1108 1968 autem
1142 1922 1260 1970 erat
1306 1914 1612 1985 Epiphanio
1661 1928 1818 1973 nocte
1844 1928 1899 1973 et
1927 1919 2014 1975 die

431 2003 633 2059 habere
657 2006 709 2058 in
737 2006 992 2060 manibus
1024 2016 1215 2062 sancta
1242 2006 1558 2077 Evangelia,
1590 2018 1645 2063 et
1676 2009 1873 2065 docere
1895 2025 2016 2064 ver-

433 2106 563 2148 num
611 2096 877 2149 divinum.
909 2095 1158 2168 Cumque
1184 2100 1239 2154 in
1268 2115 1457 2155 mensa
1490 2101 1711 2156 doceret
1741 2102 2017 2172 pranden-

431 2196 516 2242 tes
561 2186 921 2257 Epiphanius,
956 2192 1092 2256 avis,
1130 2206 1251 2260 qua:
1293 2191 1494 2247 dicitur
1536 2209 1756 2259 corvus,
1804 2194 2019 2251 intense

432 2293 621 2333 vocem
650 2281 852 2336 emisit.
886 2282 1033 2336 Dixit
1060 2294 1242 2338 autem
1270 2283 1544 2339 Charinus
1575 2286 1973 2355 prandentibus
2000 2304 2015 2341 :

433 2370 697 2436 Quisnam
744 2390 809 2428 ex
852 2376 1008 2429 vobis
1056 2376 1211 2431 novit
1256 2377 1385 2446 quid
1435 2378 1650 2434 locutus
1683 2380 1750 2434 sit
1778 2379 2021 2435 corvus?

435 2461 673 2519 Verbum
732 2474 913 2518 autem
972 2465 1219 2521 divinum
1288 2469 1595 2536 exponebat
1656 2467 2016 2539 Epiphanius.

435 2550 694 2607 Eamdem
728 2570 912 2607 vocem
950 2572 1140 2611 rursus
1169 2556 1369 2610 emittit
1406 2572 1625 2612 corvus.
1662 2557 1808 2613 Dixit
1837 2568 2018 2614 autem

437 2661 633 2701 rursus
667 2646 941 2711 Charinus
976 2666 988 2701 :
1024 2647 1161 2713 Quis
1208 2664 1273 2703 ex
1321 2650 1481 2705 vobis
1533 2653 1686 2706 novit
1715 2652 1844 2721 quid
1875 2654 2021 2708 dicat

436 2739 668 2793 corvus?
703 2737 1039 2808 Epiphanius
1083 2754 1213 2794 vero
1242 2756 1436 2796 rursus
1469 2756 1661 2796 omnes
1709 2743 1938 2798 docebat
1968 2744 2021 2798 in

438 2814 691 2899 prandio.
735 2830 907 2885 Porro
941 2840 1124 2886 autem
1157 2847 1353 2886 rursus
1403 2847 1623 2901 quoque
1673 2834 1888 2888 tertiam
1933 2850 2018 2889 vo-

440 2938 560 2977 cem
614 2922 812 2977 emittit
862 2937 1079 2978 corvus.
1116 2921 1373 2993 Dixitque
1405 2939 1601 2978 rursus
1633 2923 1906 2981 Charinus
1934 2925 2021 2989 iis,

435 3016 532 3083 qui
553 3022 710 3069 erant
739 3014 790 3067 in
818 3014 1046 3083 prandio
1077 3032 1091 3068 :
1123 3012 1243 3067 Dixi
1276 3013 1452 3079 vobis,
1484 3013 1749 3079 Quisnam
1780 3024 2024 3068 vestrum

2108 728 2283 781 ἔδωκα
2309 727 2448 798 ὑπὲρ
2460 725 2552 778 τοῦ
2587 725 2759 789 ξένου.
2794 719 2962 786 Οὗτος
2990 723 3069 790 δὲ,
3101 721 3264 784 κυνὸς
3291 720 3517 791 δμματα
3542 719 3708 789 ἔχων,

2108 820 2301 873 ἐλαϐεν
2350 818 2419 872 τὰ
2464 818 2781 888 νομίσματα
2826 813 3325 888 παράἙπιφανίου
3350 829 3365 842 ·
3399 812 3497 865 καὶ
3536 826 3710 882 προσ-

2110 912 2482 984 καλεσάμενος
2518 911 2765 972 ἅπαντας
2795 910 2923 972 τοὺς
2946 907 3265 979 κληρικοὺς,
3291 905 3478 973 ἔλεγεν
3500 904 3707 966 αὐτοῖς’

2110 1007 2294 1071 Δεῦτε,
2328 1005 2522 1060 λάϐετε
2572 1005 2642 1058 τά
2696 1010 2740 1066 p'
2769 1002 3105 1074 νομίσματα,
3138 1000 3174 1055 ἀ
3201 996 3269 1072 ἦν
3310 997 3713 1069 διασκορπίσας

2111 1096 2463 1166 Ἐπιφάνιοςο
2495 1095 2756 1167 ἀπῄτησα
2794 1095 2904 1164 γὰρ
2932 1092 3095 1147 αὑτὸν
3124 1091 3325 1144 πάντα.
3364 1091 3426 1144 Οί
3455 1086 3713 1159 κληρικοὶ

2111 1185 2204 1243 οὖν
2246 1190 2307 1243 οὐ
2341 1188 2738 1257 συνευδόκησαν
2789 1189 2854 1257 τῆ
2900 1188 3047 1256 κακῇ
3090 1183 3289 1257 γνώμῃ
3332 1182 3413 1251 τῷ
3448 1181 3710 1252 Χαρίνῳ,

2113 1281 2228 1335 ἀλλ’
2262 1277 2416 1333 εἷπον
2469 1279 2607 1353 πρὸς
2655 1279 2843 1332 αὐτόν·
2887 1277 3147 1341 Ἀπελθε,
3199 1276 3333 1346 παρ’
3375 1269 3437 1327 οὗ
3491 1274 3713 1339 ἔλαϐες,

2114 1374 2312 1437 ἀπόδος
2354 1373 2513 1426 αὑτά.
2545 1367 2713 1436 Οὗτος
2757 1371 2814 1424 δὲ
2859 1369 2984 1423 οὔτε
3017 1369 3192 1430 οὕτως
3237 1367 3525 1421 ἀπέδωκεν
3568 1366 3712 1420 αὑτά

2078 1478 2083 1483 ·
2115 1462 2438 1533 Ἐπιφανίῳ.
2471 1461 2776 1531 Πάμπολλα
2801 1455 2893 1514 οὖν
2931 1459 3081 1513 δεινά
3114 1459 3386 1529 ἐχρήσατο
3416 1459 3446 1510 6
3477 1458 3714 1527 Χαρῖνος

2116 1552 2455 1624 Ἑπιφανίῳο
2507 1552 2671 1616 αὐτὸς
2724 1551 2781 1604 δὲ
2846 1552 2902 1603 ὲν
2967 1549 3143 1603 οὐδενὶ
3210 1548 3349 1611 ὅλως
3412 1548 3716 1618 ὲμηνίασεν

2116 1644 2289 1715 αὐτῷ.

2188 1739 2308 1790 AZ'.
2351 1737 2490 1789 Ποτὲ
2535 1728 2629 1789 οὖν
2680 1735 2904 1807 ἀρίστου
2948 1734 3098 1797 ὄντος
3147 1735 3204 1787 ὲν
3238 1732 3318 1803 τῷ
3351 1732 3716 1802 ὲπισκοπείῳ,

2119 1824 2264 1898 εἶχεν
2295 1828 2614 1896 Ἐπιφάνιος
2649 1826 2897 1888 ἅπαντας
2936 1825 3063 1888 τοὺς
3098 1823 3396 1895 κληρικοὺς
3443 1823 3538 1876 ἐπὶ
3582 1840 3704 1893 τρα·

2118 1914 2423 1991 πέζηςῘΗν
2472 1918 2529 1971 δὲ
2564 1917 2684 1979 ἔθος
2718 1914 3024 1987 Ἐπιφανίῳ
3057 1916 3115 1967 ὲν
3148 1917 3268 1977 ταῖς
3311 1913 3501 1984 χερσὶν
3547 1911 3717 1967 αὐτοῦ

2118 2014 2340 2085 κρατεῖν
2366 2011 2433 2064 τὰ
2464 2009 2596 2078 ἅγια
2626 2007 2960 2077 Εὑαγγέλια,
2980 2006 3181 2070 νυκτὸς
3215 2006 3310 2059 καὶ
3332 2004 3543 2078 ἡμέρας
3571 2004 3711 2059 διδά.

2122 2122 2273 2158 σκειν
2303 2104 2396 2157 τὸν
2430 2102 2571 2155 Θεῖον
2619 2100 2797 2169 λόγον.
2830 2099 2936 2153 Τοῦ
2967 2094 3061 2152 οὖν
3088 2098 3410 2167 Ἐπιφανίου
3439 2097 3718 2151 διδάσκον-

2119 2212 2212 2259 τος
2258 2193 2353 2246 ἐπὶ
2380 2191 2661 2263 τραπέζης
2705 2191 2834 2253 τοὺς
2884 2187 3244 2262 ἀριστοῦντας
3285 2188 3474 2257 ὄρνεον
3516 2187 3577 2241 τὸ
3613 2206 3719 2241 κα-

2120 2286 2382 2355 λούμενον
2428 2283 2602 2355 κόραξ
2636 2282 2927 2336 ἀποδίδωσι
2953 2281 3137 2352 φωνὴν
3164 2281 3422 2344 εὐτόνως.
3462 2275 3633 2334 Εἶπεν
3660 2280 3720 2333 δὲ

2121 2380 2356 2448 Χαρῖνος
2407 2379 2520 2438 τοῖς
2572 2372 2922 2446 ἀριστοῦσιν·
2959 2373 3055 2436 Τίς
3089 2374 3147 2439 ἐξ
3184 2374 3339 2443 ὑμῶν
3377 2372 3641 2441 γινώσκει
3666 2373 3722 2425 τί

2122 2468 2503 2539 ἀπεφθέγξατο
2545 2469 2573 2521 6
2610 2467 2816 2538 κόραξ;
2848 2463 2958 2520 Ἶὶν
2989 2466 3043 2519 δὲ
3072 2466 3390 2535 Ἐπιφάνιος
3420 2466 3599 2520 λαλῶν
3627 2466 3722 2519 τὸν

2125 2561 2267 2614 θεῖον
2299 2561 2477 2629 λόγον.
2509 2560 2680 2613 Πάλιν
2714 2555 2807 2613 οὖν
2841 2561 2869 2612 6
2898 2558 3069 2630 κόραξ
3095 2558 3387 2612 ἀποδίδωσι
3418 2558 3519 2629 τὴν
3548 2557 3723 2629 αὐτὴν

2127 2652 2312 2724 φωνήν
2337 2668 2350 2681 ’
2382 2647 2536 2704 εἶπεν
2564 2650 2621 2703 δὲ
2655 2651 2814 2704 πάλιν
2836 2653 2863 2703 6
2890 2651 3125 2720 Χαρῖνος
3144 2668 3156 2680 ·
3187 2639 3285 2714 Τίς
3305 2650 3365 2717 ἐξ
3388 2650 3545 2720 ὑμῶν
3565 2651 3723 2719 γινώ-

2128 2762 2245 2797 σκει
2275 2744 2328 2796 τί
2354 2744 2504 2811 λέγει
2552 2745 2580 2797 ὁ
2614 2742 2819 2814 κόραξ;
2849 2741 2955 2795 Ἦν
2991 2743 3048 2796 δὲ
3081 2742 3242 2797 πάλιν
3269 2744 3591 2813 Ἐπιφάνιος
3639 2744 3724 2797 δι-

2124 2838 2340 2891 δάσκων
2390 2837 2634 2900 ἅπαντας
2677 2838 2769 2889 ἐπὶ
2801 2836 3057 2907 ἀρίστου⁶
3110 2835 3271 2890 πάλιν
3302 2832 3396 2891 οὖν
3427 2837 3724 2891 ἀποδίδωσι

2126 2932 2318 3001 τρίτην
2349 2930 2533 3001 φωνὴν
2562 2932 2590 2983 6
2618 2929 2807 3002 κόραξ.
2832 2926 3001 2982 Εἶπεν
3026 2930 3083 2983 δὲ
3110 2929 3274 2983 πάλιν
3302 2932 3330 2983 6
3358 2931 3592 3001 Χαρῖνος
3607 2932 3725 2993 τοῖς

2129 3024 2223 3077 ἐπὶ
2259 3024 2516 3094 ἀρίστου⁸
2551 3018 2720 3075 Εἶπον
2772 3023 2923 3092 ὑμῖν,
2955 3022 3053 3085 Τίς
3081 3022 3142 3087 ἐξ
3172 3022 3326 3094 ὑμῶν
3374 3018 3517 3076 οἳδεν
3546 3023 3599 3076 τί
3628 3023 3726 3075 λα-

438 3108 592 3161 novit
642 3107 772 3177 quid
818 3106 965 3161 dicat
998 3106 1231 3161 corvus?
1266 3106 1609 3177 Epiphanius
1651 3106 1787 3161 nihil
1818 3108 2024 3163 sollici-

2129 3115 2210 3169 λεί
2249 3117 2276 3168 6
2314 3114 2519 3187 κόραξς
2564 3113 2624 3167 ὐ
2673 3109 2766 3168 οὖν
2796 3112 3114 3183 Ἐπιφάνιος
3147 3115 3314 3185 μηδὲν
3346 3115 3724 3186 ἀδημονήσας,
3774 3177 3779 3183 .

438 3207 549 3266 tus,
575 3199 669 3254 sed
694 3200 902 3269 placido
935 3200 1083 3253 vultu
1111 3198 1249 3253 dixit
1292 3199 1570 3253 Charino:
1602 3198 1715 3271 Ego
1745 3200 1869 3255 novi
1895 3200 2024 3269 quid

438 3290 585 3345 dicat
629 3306 846 3345 corvus.
876 3291 1013 3345 Tum
1042 3290 1318 3347 Charinus
1364 3290 1668 3361 Epiphanio
1704 3311 1717 3346 ε
1749 3291 2021 3346 Annuntia

441 3367 597 3447 mihi,
622 3392 676 3436 et
700 3384 811 3437 eris
839 3382 1081 3438 omnium
1112 3382 1772 3449 meorumdominus.Cui
1800 3399 1996 3453 respon

440 3473 521 3528 dit
552 3473 889 3543 Epiphanius
919 3491 933 3529 :
968 3475 1112 3529 Dixit
1139 3490 1358 3539 corvus,
1387 3484 1438 3530 te
1478 3491 1586 3531 non
1620 3475 1865 3531 futurum
1905 3492 2029 3530 am-

442 3565 586 3635 plius
615 3566 928 3620 diaconum.
953 3564 1086 3623 Post
1109 3582 1416 3622 sermonem
1446 3568 1593 3623 hunc
1614 3578 1795 3622 autem
1826 3578 2030 3621 tremor

442 3657 646 3713 invasit
672 3658 1004 3725 Charinum;
1038 3673 1140 3714 nec
1168 3658 1387 3714 locutus
1417 3669 1500 3713 est
1524 3659 1779 3729 amplius,
1812 3668 1905 3712 aut
1938 3674 2031 3713 co-

444 3750 635 3813 medit,
665 3758 759 3803 aut
790 3748 927 3805 bibit
957 3768 971 3804 :
1001 3750 1096 3805 sed
1126 3764 1253 3803 eum
1284 3758 1569 3819 portantes
1610 3749 1730 3820 ejus
1760 3749 1912 3818 pueri
1946 3758 2033 3803 tu-

443 3843 626 3898 lerunt
659 3843 712 3896 in
740 3843 962 3897 domum
991 3858 1171 3909 suam,
1200 3852 1256 3897 et
1279 3850 1587 3913 posuerunt
1613 3842 1668 3895 in
1699 3842 1857 3896 lecto.
1876 3840 2033 3896 Mane

445 3952 574 3991 vero
601 3946 851 3991 mortuus
877 3944 965 3991 est
993 3937 1048 3990 in
1080 3938 1220 3992 lecto
1247 3951 1369 3991 suo.
1402 3934 1650 3990 Habebat
1684 3945 1867 3989 autem
1899 3950 2034 3989 uxo-

447 4044 563 4083 rem
614 4028 1013 4092 ﬁdelissimam,
1052 4044 1153 4083 nec
1201 4036 1321 4084 erat
1374 4028 1455 4084 eis
1508 4027 1674 4082 ﬁlius.
1714 4026 1791 4081 Ea
1837 4026 2035 4082 obtulit

445 4120 630 4173 omnia
680 4119 1028 4189 Epiphanio:
1063 4132 1227 4189 quam
1279 4118 1445 4173 etiam
1498 4116 1625 4173 fecit
1666 4116 2033 4172 diaconissam

446 4209 724 4266 Ecclesiae.
759 4210 1126 4266 Laboraverat
1150 4219 1331 4266 autem
1382 4209 1504 4280 ejus
1558 4225 1754 4264 manus
1781 4208 2019 4280 paralysi

447 4310 691 4371 tempore
735 4302 921 4357 decem
970 4317 1265 4358 annorum.
1313 4300 1611 4371 Postquam
1646 4316 1777 4372 ergo
1805 4315 1924 4354 eam
1958 4308 2037 4353 te-

448 4395 570 4447 nuit
598 4393 957 4463 Epiphanius,
990 4404 1050 4450 ut
1078 4409 1201 4451 eam
1228 4394 1490 4463 signaret,
1519 4394 1703 4447 statim
1733 4392 2033 4456 convaluit,

2128 3207 2243 3261 ἀλλ’
2274 3208 2328 3259 ὲν
2380 3206 2547 3275 πολλῇ
2595 3206 2927 3259 καταστάσει
2977 3201 3131 3257 εἶπεν
3172 3205 3250 3275 τῷ
3282 3205 3537 3277 Χαρίνῳ·
3576 3204 3726 3274 Ἐγὼ

2127 3299 2381 3369 γινώσκω
2409 3300 2463 3351 τί
2489 3296 2642 3354 εἶπεν
2672 3300 2701 3351 6
2728 3299 2920 3370 κόραξ.
2953 3295 3123 3351 Εἶπεν
3155 3298 3213 3352 δὲ
3236 3300 3494 3369 Χαρῖνοςο
3529 3300 3726 3368 Ἀνάγ-

2128 3390 2309 3459 γειλόν
2342 3406 2452 3463 μοι,
2485 3390 2583 3441 καὶ
2624 3387 2725 3460 ἔσῃ
2772 3388 2992 3442 πάντων
3023 3387 3132 3441 τῶν
3159 3387 3293 3458 ἐμοῦ
3318 3389 3522 3459 ἄρχων.
3554 3384 3726 3441 Εἶπεν

2128 3483 2184 3536 δὲ
2211 3481 2530 3552 Ἐπιφάνιος
2550 3480 2687 3551 πρὸς
2709 3480 2802 3533 τὸν
2824 3481 3059 3551 Χαρῖνον
3074 3496 3089 3511 ·
3124 3476 3292 3533 Εἶπεν
3308 3482 3337 3533 6
3365 3478 3556 3551 κόραξ,
3575 3480 3725 3543 ὅπως

2134 3576 2208 3646 μὴ
2236 3572 2302 3648 ᾗς
2327 3574 2593 3636 διάκονος.
2628 3572 2755 3626 Ἐπὶ
2781 3572 2861 3643 τῷ
2890 3572 3034 3643 λόγῳ
3061 3567 3154 3625 οὖν
3180 3571 3502 3641 Ἐπιφανίου
3529 3572 3728 3625 ἔπεσεν

2131 3667 2331 3738 τρόμος
2363 3666 2458 3718 ἐπὶ
2481 3664 2728 3736 Χαρίνῳ,
2757 3664 2852 3718 καὶ
2880 3664 3065 3717 οὐκέτι
3093 3663 3343 3734 ὲλάλησε,
3369 3663 3491 3716 οὐδὲ
3521 3662 3729 3733 ἔφαγεν

2133 3776 2184 3811 τι
2212 3759 2244 3829 ἢ
2277 3758 2429 3813 ἔπιεν
2448 3774 2460 3787 ·
2486 3757 2626 3811 ἀλλὰ
2648 3756 3020 3827 βαστάσαντες
3046 3756 3207 3809 αὑτὸν
3240 3756 3289 3808 οἱ
3319 3755 3509 3819 παῖδες
3533 3754 3728 3819 αὑτοῦ,

2134 3850 2436 3920 ἀπήνεικαν
2459 3850 2517 3902 ὲν
2549 3846 2628 3917 τῷ
2656 3848 2788 3917 οἴκῳ
2813 3847 2998 3909 αὐτοῦ,
3030 3846 3127 3899 καλ⁸
3159 3845 3361 3918 ἔθηκαν
3389 3846 3484 3898 ἐπὶ
3512 3845 3724 3916 κλίνης

2135 3941 2231 3994 καὶ
2262 3944 2329 4011 τῇ
2358 3938 2527 3993 ἕωθεν
2570 3938 2840 3993 ἀπέθανεν
2870 3938 2964 3991 ἐπὶ
2987 3938 3088 4007 τῆς
3122 3938 3311 4008 κοίτης
3336 3936 3527 3992 αὐτοῦ.
3562 3934 3729 4007 Εἶχεν

2135 4033 2193 4085 δὲ
2244 4034 2479 4101 γυναῖκα
2528 4032 2888 4102 πιστοτάτην·
2936 4031 3129 4083 τέκνον
3183 4028 3241 4083 δὲ
3285 4030 3460 4099 αὐτῆς
3503 4032 3579 4100 (a)
3627 4030 3730 4099 οὐχ

2135 4123 2399 4194 ὑπῆρχεν.
2433 4120 2580 4193 Αὕτη
2634 4122 3007 4193 προσήνεγκεν
3047 4118 3347 4188 Ἐπιφανίῳ
3406 4119 3586 4173 πάντα
3609 4134 3622 4148 ·
3661 4122 3730 4189 ἣν

2138 4218 2233 4269 καὶ
2259 4214 2512 4285 εποίησεν
2538 4214 2783 4269 διάκονον
2811 4213 2912 4284 τῆς
2939 4211 3288 4283 Ἐκκλησίας.
3307 4212 3369 4264 'II
3400 4212 3457 4264 δὲ
3478 4213 3599 4285 χεὶρ
3631 4213 3731 4266 αὐ-

2137 4310 2235 4377 τῆς
2260 4304 2328 4379 ἦν
2367 4305 2674 4378 παρειμένη
2698 4306 2931 4377 δεκαετῆ
2961 4305 3171 4375 χρόνον.
3192 4304 3277 4367 Ὠς
3305 4298 3396 4355 οὖν
3423 4304 3731 4375 ἐκράτησεν

2139 4400 2308 4469 αὐτὴν
2356 4397 2703 4468 Ἐπιφάνιος,
2756 4399 2906 4460 ὅπως
2956 4396 3245 4468 σφραγίσει
3290 4395 3479 4464 αὐτὴν,
3523 4395 3731 4461 εὐθέως

450 4496 506 4539 ct
540 4487 769 4541 liberata
801 4486 905 4541 fuit
959 4502 991 4541 a
1040 4487 1345 4541 doloribus.
1372 4486 1455 4540 Ab
1494 4485 1585 4539 illo
1611 4500 1741 4554 ergo
1773 4484 1879 4547 die,
1922 4499 2025 4553 quo

2137 4494 2377 4561 ὑγίανεν,
2412 4494 2507 4546 καὶ
2537 4491 2837 4563 ἐκουφίσθη
2870 4490 2964 4543 τοῦ
2996 4490 3180 4545 πόνου.
3226 4489 3359 4542 Ἀπὸ
3384 4491 3484 4559 τῆς
3514 4487 3731 4560 ἡμέρας

446 4576 690 4631 Charino
716 4593 1024 4633 sermonem
1056 4578 1273 4632 loculus
1317 4588 1403 4632 est
1444 4576 1807 4646 Epiphanius,
1838 4585 1892 4630 et
1929 4592 2036 4630 una

448 4688 574 4728 cum
628 4686 881 4725 sermone
934 4671 1051 4740 ipse
1089 4671 1300 4740 accepit
1346 4669 1671 4725 sententiam
1723 4685 1753 4723 a
1782 4667 2035 4733 Domino,

448 4781 643 4820 omnes
675 4765 860 4821 clerici
889 4765 1086 4819 timore
1109 4774 1163 4817 et
1196 4776 1433 4818 tremore
1460 4763 1690 4833 subjecti
1719 4768 1875 4817 erant
1909 4760 2035 4831 Epi-

449 4854 676 4927 phanio.

522 4947 812 5003 XXXVIII.
852 4945 1026 5002 Porro
1053 4956 1235 5002 autem
1262 4948 1367 5003 hoc
1394 4962 1614 5019 quaque
1640 4947 1892 5003 servabat
1912 4946 2039 5017 Epi—

452 5042 689 5113 phanius
722 5062 735 5098 :
766 5043 1036 5113 Tempore
1068 5042 1361 5098 oblationis
1408 5058 1691 5113 nunquam
1726 5043 2041 5114 perliciebat

451 5136 808 5199 oblationem,
852 5134 1027 5189 donec
1058 5133 1286 5190 vidisset
1326 5135 1615 5190 visionem.
1641 5135 2041 5191 Consueverat—

454 5242 561 5295 que
586 5227 778 5283 beatus
812 5225 1029 5296 praefari
1063 5226 1229 5282 verba
1264 5228 1535 5297 quaedam,
1566 5237 1622 5284 et
1656 5229 1705 5283 ei
1739 5229 1920 5285 statim
1954 5244 2041 5284 re-

453 5316 758 5373 velabatur.
790 5315 927 5371 Cum
986 5316 1171 5387 itaque
1222 5316 1521 5387 aliquando
1556 5327 1640 5373 ter
1668 5317 1897 5372 dixisset
1922 5332 2041 5371 ser-

457 5422 696 5471 monem,
730 5408 877 5463 nulla
907 5408 956 5462 ei
992 5423 1052 5463 se
1076 5408 1276 5462 obtulit
1308 5410 1465 5464 visio.
1494 5408 1631 5463 Cum
1666 5410 1713 5463 is
1746 5419 1926 5463 autem
1958 5408 2041 5465 lu-

458 5510 608 5567 geret
636 5509 689 5554 et
713 5510 915 5565 oraret,
944 5510 1001 5554 ut
1027 5499 1132 5556 sibi
1154 5515 1323 5557 causa
1353 5502 1770 5573 signiﬁcaretur,
1800 5501 2038 5571 primum

459 5593 715 5648 observat
740 5592 1053 5657 diaconum,
1085 5594 1180 5662 qui
1215 5609 1245 5647 a
1279 5593 1523 5651 sinistris
1568 5594 1785 5649 tenebat
1810 5594 2041 5651 ventila-

535 5770 609 5843 (a)
651 5769 921 5843 Interprcs
953 5771 1082 5845 legit
1110 5771 1311 5836 αὐτοῖς.

2136 4581 2249 4647 οὖν,
2298 4579 2364 4654 ἧς
2406 4581 2725 4652 Ἐπιφάνιος
2772 4582 3035 4653 ἐλάλησεν
3084 4582 3327 4654 Χαρίνῳ,
3358 4583 3453 4635 καὶ
3503 4585 3601 4637 σὺν
3650 4582 3731 4653 τῷ

2138 4678 2281 4748 λόγῳ
2309 4676 2475 4730 αὑτοῦ
2519 4675 2710 4728 ἐλαϐεν
2737 4675 2835 4746 τὴν
2867 4675 3142 4746 ἀπόφασιν
3171 4675 3279 4728 ἀπὸ
3316 4677 3545 4747 Κυρίου,
3578 4675 3732 4746 φόϐῳ

2140 4770 2235 4824 καὶ
2262 4769 2452 4840 τρόμῳ
2477 4768 2719 4831 ἅπαντες
2741 4768 2790 4820 οί
2822 4767 3076 4839 κληρικοὶ
3102 4769 3473 4823 ὑπετάσσοντο
3492 4768 3730 4838 Ἐπιφα-

2139 4864 2254 4915 νίω.

2214 4955 2344 5008 ΑΠ’.
2386 4948 2495 5006 Ἦν
2525 4952 2633 5023 γὰρ
2664 4952 2758 5005 καὶ
2804 4950 2964 5004 τοῦτο
3005 4950 3419 5022 πεφυλαγμένον
3446 4950 3525 5022 τῷ
3557 4969 3734 5023 μακα-

2143 5043 2244 5117 ρίῳ
2266 5060 2279 5073 ο
2312 5045 2368 5097 ὲν
2398 5044 2506 5114 γὰρ
2537 5046 2604 5113 τῇ
2634 5041 2754 5113 ὥρᾳ
2782 5043 2879 5114 τῆς
2912 5041 3281 5112 προσενέξεως
3327 5041 3583 5095 οὐδέποτε
3611 5043 3733 5094 ἑτε-

2141 5134 2365 5187 λείωσεν
2393 5134 2492 5202 τὴν
2534 5131 2871 5204 προσένεξιν,
2906 5131 3013 5194 ἕως
3061 5124 3122 5183 οὒ
3157 5131 3262 5183 ἴδεν
3289 5130 3388 5201 τὴν
3419 5129 3690 5183 ὀπτασίαν
3714 5144 3730 5159 °

2142 5224 2323 5279 εἰώθει
2373 5227 2402 5282 6
2455 5225 2724 5296 μακάριος
2767 5223 2945 5291 λέγειν
2993 5222 3120 5286 τοὺς
3162 5222 3373 5291 λόγους,
3406 5222 3502 5274 καὶ
3530 5220 3735 5285 εὐθέως

2142 5318 2562 5371 ἀπεκαλύπτετο
2612 5316 2783 5387 αὐτῷ.
2832 5315 2969 5369 Ποτὲ
2997 5310 3092 5368 οὖν
3119 5314 3287 5367 εἰπὼν
3316 5314 3503 5384 τρίτον
3528 5314 3619 5366 τὸν
3648 5312 3733 5365 16-

2143 5428 2260 5479 γον,
2290 5410 2391 5464 οὐκ
2438 5410 2658 5478 ἐγένετο
2700 5409 2771 5461 τὰ
2820 5408 2917 5477 τῆς
2960 5405 3246 5469 ὀπτασίας.
3278 5405 3482 5457 Τούτου
3512 5403 3569 5455 δὲ
3604 5419 3735 5454 πεν-

2144 5502 2383 5567 θοῦντος,
2413 5502 2508 5555 καὶ
2553 5501 2811 5572 δεομένου
2858 5500 2999 5553 ὥστε
3051 5497 3358 5570 μηνυθῆναι
3406 5497 3505 5565 τὴν
3552 5493 3737 5547 αἰτίαν

2144 5593 2468 5665 Ἐπιφανίῳ,
2496 5595 2712 5665 πρῶτον
2740 5593 2925 5664 ἐπέχει
2968 5592 3045 5663 τῷ
3076 5593 3136 5657 ἐξ
3166 5591 3469 5664 ἀριστερῶν
3500 5588 3737 5661 διακόνῳ
