4078 6368
321 432 390 491 73
1607 430 1664 487 S.
1708 431 2057 488 EPIPIIANH
2101 430 2280 489 VITA.
3514 436 3582 490 7L

312 560 375 611 τὺ
421 556 764 629 ριπιστήριον
810 556 1192 629 διακρατοῦντι
1230 558 1289 611 τὸ
1314 556 1813 629 λειτουργικὸν.Ὠς
1845 557 1897 609 δὲ

2005 555 2162 608 brum
2200 552 2680 607 ministratorium.
2727 552 2899 618 Quem
2931 567 3056 607 cum
3090 552 3425 618 observaret,
3457 568 3583 610 cou-

314 648 546 718 ἐπέσχεν
588 647 785 718 τούτῳ,
817 646 1013 719 θεωρεῖ
1041 646 1376 717 Ἐπιφάνιος,
1423 649 1504 701 ὅτι
1538 650 1629 701 ἐπὶ
1668 649 1728 701 τὸ
1774 650 1902 719 μέτ-

314 757 464 793 ωπον
494 739 657 792 αὐτοῦ
689 739 914 811 ἐφέρετο
943 741 975 809 ἡ
1004 736 1310 812 λέπρα.⁷Ην
1346 741 1403 793 δὲ
1428 740 1585 793 τοῦτο
1608 741 1904 810 κατάδηλον

316 832 504 892 πᾶσιν,
535 832 617 883 ὅτι
638 830 879 892 ἀναίτιος
901 830 1002 882 ούκ
1024 826 1111 900 ἦν.
1130 831 1188 881 '0
1216 825 1308 882 οὖν
1336 828 1656 899 Ἐπιφάνιος
1700 830 1786 896 ἐξὲ
1798 848 1903 882 τει-

312 938 371 974 νε
422 922 521 992 τὴν
555 925 747 992 χεῖραο
802 924 895 975 καὶ
942 922 1003 974 τὸ
1030 921 1402 990 λειτουργικδν
1451 922 1642 985 σκεῦος
1686 921 1904 991 ἐκούφι-

317 1031 433 1075 σεν,
451 1014 626 1081 λέγων
662 1013 799 1084 πρὸς
826 1015 990 1066 αὑτὸν
1024 1015 1140 1084 μετ’
1168 1014 1455 1084 εὐμενείας
1476 1031 1489 1044 ·
1525 1015 1781 1081 Ἀπελθε,
1800 1031 1903 1085 φη-

315 1103 391 1164 σὶ,
422 1102 633 1165 τέκνον,
662 1104 719 1153 ὲν
751 1101 827 1172 τῷ
852 1102 928 1173 σῷ
951 1101 1105 1171 οἴκῳ,
1135 1103 1231 1155 καὶ
1260 1103 1369 1155 τῶν
1400 1104 1558 1157 θείων
1589 1106 1902 1176 μυστηρίων

316 1193 394 1264 μὴ
435 1194 746 1267 μεταλάόῃς
787 1196 929 1266 ἄρτι.
971 1194 1187 1257 Εὐθέως
1235 1198 1291 1249 δέ
1339 1196 1499 1261 αὐτὸς
1536 1196 1777 1267 ἐξῆλθεν,
1808 1198 1902 1250 καὶ

314 1284 588 1355 ἐπορεύθη
635 1287 692 1338 ἐν
739 1284 817 1355 τῷ
862 1286 996 1355 οἴκῳ
1045 1286 1232 1339 αὑτοῦ.
1276 1288 1468 1339 Δίδωσι
1500 1287 1555 1339 δὲ
1585 1286 1901 1356 Ἑπιιράνιος

314 1376 462 1445 ἄλλῳ
512 1376 742 1447 διακόνῳ
787 1377 848 1429 τὸ
893 1379 1257 1449 ῥιπιστήριον.
1290 1378 1401 1430 Καὶ
1441 1378 1744 1449 ἀρξάμενος
1791 1378 1902 1431 τῶν

314 1464 477 1518 θείων
512 1466 683 1533 λόγων
722 1468 861 1537 μετὰ
915 1469 1080 1536 φόϐου
1117 1470 1209 1521 καὶ
1239 1469 1509 1540 δακρύων,
1547 1471 1621 1532 ὡς
1656 1469 1902 1523 ἐτελείω-

316 1570 432 1616 σεν,
462 1556 665 1620 εὐθέως
709 1558 816 1611 ἴδεν
863 1560 962 1629 τὴν
994 1560 1280 1614 ὀπτασίαν.
1316 1560 1470 1613 Μετὰ
1495 1562 1551 1613 δὲ
1577 1562 1674 1632 τὴν
1702 1562 1902 1614 ἀπόλυ-

319 1664 404 1698 σιν
431 1648 531 1714 τῆς
559 1648 873 1719 ἐκκλησίας,
912 1651 1423 1722 προσκαλεσάμενος
1450 1651 1767 1721 Ἐπιφάνιος
1808 1654 1900 1707 τὸν

316 1736 585 1799 διάκονον,
605 1737 791 1809 ἠρώτα
826 1740 1017 1810 μαθεῖν
1042 1743 1210 1795 θέλων
1240 1743 1337 1813 τὴν
1373 1743 1577 1797 αἰτίαν⁶
1609 1743 1703 1795 τοῦ
1729 1744 1786 1796 δὲ
1813 1744 1900 1797 λέ-

316 1843 529 1893 γοντος,
565 1829 644 1881 ὅτι
669 1830 768 1901 τὴν
798 1831 968 1885 νύκτα
998 1832 1213 1903 ἐκείνην
1239 1834 1376 1904 μετὰ
1402 1836 1500 1904 τῆς
1523 1834 1777 1901 γυναικὸς
1802 1836 1899 1888 αύ-

2008 647 2209 700 siderat
2243 644 2579 715 Epiphanius
2619 646 2673 699 in
2715 647 2835 715 ejus
2863 644 3038 701 fronte
3063 662 3326 717 apparere
3350 646 3579 716 lepram.

2006 737 2606 793 Nulliautemnonerat
2666 736 3050 805 manifestum,
3112 738 3400 794 diaconum
3437 736 3573 791 vitio

2006 832 2273 885 laborare.
2316 828 2651 899 Epiphanius
2683 830 2868 899 itaque
2886 844 3109 883 manum
3133 830 3397 893 extendit,
3421 838 3477 884 et
3504 829 3583 883 iu-

2006 931 2368 975 strumentum
2400 922 2596 975 levavit
2636 920 3122 983 ministratorium,
3153 920 3203 975 ei
3236 919 3469 991 benigne
3497 920 3582 975 di-

2003 1030 2134 1069 cens
2169 1034 2181 1069 :
2214 1012 2383 1077 Vade,
2422 1013 2518 1079 ﬁli,
2548 1014 2602 1067 in
2646 1014 2868 1067 domum
2908 1021 3077 1077 tuam,
3105 1020 3159 1067 et
3186 1028 3253 1066 no
3290 1012 3453 1067 modo
3482 1027 3579 1067 su-

2003 1122 2122 1161 mas
2149 1106 2330 1161 divina
2352 1106 2627 1177 mysteria.
2651 1104 2770 1175 Ipse
2792 1114 2971 1159 autem
3002 1105 3183 1158 statim
3204 1118 3459 1174 egressus
3476 1114 3579 1166 est,

2002 1208 2056 1254 et
2082 1200 2179 1254 ivit
2207 1201 2261 1254 in
2291 1200 2515 1254 domum
2550 1214 2725 1254 suam.
2759 1197 2967 1267 Datque
2995 1196 3331 1267 Epiphanius
3359 1195 3585 1250 ventila-

2002 1292 2161 1345 brum
2211 1292 2302 1346 alii
2330 1292 2581 1346 diacono.
2610 1290 2857 1359 Cumque
2885 1289 3067 1343 divina
3098 1288 3261 1342 verba
3294 1288 3586 1357 incepissct

2000 1397 2125 1436 cum
2178 1392 2326 1439 metu
2362 1392 2416 1437 et
2456 1382 2732 1453 lacrymis,
2788 1381 2876 1434 ubi
2926 1380 3172 1450 perfecit,
3219 1380 3406 1434 statim
3450 1378 3582 1433 vidit

2002 1475 2287 1530 visionem.
2319 1472 2451 1530 Post
2472 1473 2713 1529 ecclesiae
2742 1483 2925 1528 autem
2965 1472 3363 1535 dimissionem,
3394 1485 3580 1525 accer-

2001 1566 2106 1621 sito
2135 1566 2385 1632 diacono,
2418 1583 2484 1620 ex
2535 1580 2600 1621 eo
2648 1566 2959 1621 sciscitatur
2988 1579 3229 1618 causam.
3260 1561 3507 1631 Cumque
3534 1561 3581 1615 is

2000 1657 2224 1722 diceret,
2254 1657 2399 1727 quod
2444 1658 2534 1711 illa
2581 1668 2738 1711 nocte
2782 1654 3081 1711 dormierat
3109 1668 3233 1707 cum
3264 1666 3452 1715 uxore,
3487 1665 3580 1705 ac-

2000 1752 2203 1807 cersito
2236 1761 2349 1807 toto
2386 1753 2576 1807 ordine
2623 1760 2860 1817 sacrato,
2895 1750 2975 1805 eis
3023 1749 3253 1818 benigne
3281 1746 3418 1800 dixit
3451 1743 3582 1813 Epi-

1999 1844 2234 1913 phanius
2266 1863 2279 1899 :
2316 1843 2660 1914 Quicunque,
2693 1860 2726 1897 ο
2762 1843 2879 1907 ﬁlii,
2909 1841 3056 1895 clero
3085 1838 3233 1910 digni
3262 1838 3395 1893 estis
3423 1834 3580 1890 habi-

313 1918 412 1972 τοῦ
446 1920 734 1992 ἐκοιμήθη,
773 1925 1287 1995 προσκαλεσάμενος
1311 1925 1627 1995 Ἑπιφάνιος
1660 1926 1802 1979 ἅπαν
1838 1928 1897 1980 τὸ

2008 1936 2069 1999 ti.
2105 1936 2297 1992 solvite
2330 1937 2699 1993 calceamenta
2728 1944 2927 2000 vestra,
2961 1940 3150 1986 utnon
3204 1930 3258 1983 in
3310 1928 3377 1982 iis
3409 1927 3583 1997 ingre-

1029 2017 1040 2033 ν
1122 2019 1134 2033 |

318 2010 605 2080 ieparsiov,
638 2008 790 2065 εἶπεν
823 2014 957 2084 πρὸς
986 2017 1181 2080 αὐτοὺς
1216 2017 1330 2085 μετ’
1362 2017 1647 2087 εὐμενείας
1671 2036 1684 2049 ·
1722 2019 1897 2086 Ὅσοι,

313 2102 472 2171 φησὶ,
522 2102 710 2167 τέκνα,
760 2103 1133 2177 κατηξιώθητε
1184 2105 1279 2160 τοῦ
1332 2106 1553 2179 κλήρου,
1592 2109 1789 2163 λύσατε
1832 2109 1902 2164 τὰ

313 2191 629 2263 διαδήματα
670 2195 845 2266 ὑμῶν,
878 2195 970 2249 τοῦ
1006 2197 1080 2269 μὴ
1116 2198 1319 2268 βαίνειν
1358 2200 1450 2252 ἐπὶ
1492 2200 1722 2265 τούτοις,
1754 2202 1901 2266 ὅπως

313 2284 691 2357 θεραπεύσητε
730 2288 874 2339 ὅσιον
922 2288 1087 2358 ἄνδρα
1111 2288 1202 2341 τὸν
1228 2288 1314 2341 ἐπ’
1344 2288 1661 2360 ἐκκλησίαις
1691 2290 1897 2362 κηρύτ-

312 2392 496 2439 τοντα,
533 2378 628 2429 καὶ
671 2377 933 2445 λέγονταο
965 2378 1076 2432 Καὶ
1117 2382 1169 2433 οἱ
1196 2379 1442 2449 ἔχοντες
1473 2381 1783 2450 γυναῖκας,
1820 2382 1901 2448 ὡς

310 2465 396 2535 μὴ
417 2468 684 2535 ἔχοντες.
704 2468 801 2522 Ἐκ
827 2470 946 2523 τότε
975 2466 1066 2523 οὖν
1092 2471 1277 2524 οὐκέτι
1315 2472 1637 2541 ἐχειροτόνει
1664 2472 1898 2542 Ἐπιιρά-

315 2574 428 2621 νιος
462 2558 653 2630 ἔχοντα
679 2563 931 2629 γυναῖκα,
961 2562 1095 2616 ἀλλὰ
1120 2562 1319 2633 ἄνδρας
1343 2562 1542 2627 ὁσίους,
1568 2564 1658 2617 τὸν
1690 2568 1896 2639 μονήρη

316 2647 431 2717 βίον
453 2652 907 2723 μετερχομένους,
936 2652 1031 2706 καὶ
1058 2653 1253 2723 ἄνδρας
1277 2655 1478 2723 γήθους
1504 2655 1898 2727 δεδοκιμασμέ-

314 2736 576 2803 νουςΪΗν
600 2742 709 2814 γὰρ
748 2744 962 2813 ἀληθῶς
995 2744 1122 2797 ἰδεῖν
1152 2743 1251 2815 τὴν
1277 2743 1628 2816 Ἐκκλησίαν,
1658 2744 1733 2807 ὡς
1762 2745 1899 2818 νύμ-

314 2847 423 2903 φην
457 2834 631 2906 καλὴν
660 2837 1208 2908 περικεκοσμημένην
1240 2837 1349 2890 ἀπὸ
1371 2838 1469 2909 τῆς
1502 2838 1826 2909 ἱερωσύνης.

420 2995 445 3026 ⁸
482 2992 505 3048 Ι
532 2992 659 3049 Cor.
692 3012 791 3061 vn,
818 2995 910 3052 29.

2006 2026 2254 2091 diamini,
2279 2036 2411 2082 etut
2438 2028 2628 2083 colatis
2661 2026 2836 2080 virum
2872 2031 3143 2085 sanctum,
3176 2021 3270 2091 qui
3308 2019 3363 2073 in
3396 2017 3583 2073 Eccle-

2006 2121 2087 2175 sia
2111 2119 2366 2189 praedicat
2399 2129 2454 2174 et
2494 2119 2626 2174 dicit
2660 2137 2674 2172 :
2707 2117 2777 2170 Et
2804 2116 3046 2170 habentes
3079 2128 3288 2174 uxores,
3325 2120 3578 2180 tanquam

2006 2228 2109 2264 non
2128 2211 2426 2265 habentes".
2458 2209 2535 2264 Ex
2584 2210 2686 2265 hoc
2712 2226 2841 2280 ergo
2887 2224 2996 2263 non
3026 2206 3260 2277 amplius
3292 2203 3581 2259 ordinabat

2006 2298 2341 2369 Epiphanius
2387 2315 2503 2364 eos,
2558 2300 2650 2369 qui
2700 2301 2959 2354 haberent
2998 2311 3245 2359 uxorem,
3292 2293 3387 2350 sed
3430 2293 3580 2348 viros

2007 2398 2244 2452 sanctos.
2277 2391 2370 2462 qui
2416 2392 2584 2446 vitam
2632 2394 2957 2445 exercebant
3005 2386 3390 2447 monasticam,
3426 2392 3480 2438 et
3501 2382 3582 2436 vi-

2006 2481 2144 2552 duos
2170 2483 2315 2538 viros
2362 2484 2641 2553 probatos.
2675 2481 2897 2536 Licebat
2927 2480 3071 2534 enim
3104 2494 3229 2534 vere
3258 2478 3439 2532 videre
3476 2474 3582 2529 Ec-

2006 2573 2251 2655 clesiam,
2281 2584 2543 2645 tanquam
2577 2574 2860 2643 pulchram
2905 2585 3164 2642 sponsam
3209 2576 3459 2623 ornatam
3488 2581 3576 2621 sa-

2007 2664 2270 2719 cerdotio.

3292 3227 3548 3247 ---

581 3378 1161 3468 ΠΟΛΥΒΙΟΥ
1207 3381 1886 3468 ΕΠΙΣΚΟΠΟΥ
1950 3380 2404 3469 ΠΟΛΕΩΣ
2462 3378 3332 3517 ΡΙΝΟΚΟΡΟΥΡΩΝ.

1637 3565 1745 3618 ΕΙΣ
1786 3564 1876 3617 ΤΛ
1925 3564 2270 3617 ΥΠΟΛΟῘΠΑ

318 3717 466 3775 ΪΟΥ
513 3721 701 3774 ΒῙΟΥ
741 3721 883 3775 ΤΟΥ
907 3723 1145 3776 ΑΓΙΟΥ
1187 3726 1478 3779 ΠΑΤΡΟΣ
1537 3725 1749 3778 ΗΜΩΝ
1779 3722 2201 3776 ΕΠΙΦΑΝΙΟΥ
2238 3722 2677 3777 ΕΠΙΣΚΟΠΟΥ
2724 3724 3020 3778 ΠΟΛΕΩΣ
3047 3721 3574 3779 ΚΩΝΣΤΑΝΤΙᾹΣ.

728 4067 1229 4159 POL'YBII
1331 4068 1880 4162 EPISCOPI
1958 4066 3126 4160 RHINOCORUBORUM

1802 4261 2109 4332 RELlQUA

1191 4425 1345 4485 Vitae
1385 4425 1445 4483 S.
1486 4421 1825 4503 Epiphanii
1860 4421 2346 4484 Constantiensis
2396 4418 2704 4501 episcopi.

384 4744 487 4801 ΛΘ
498 4785 511 4798 .
535 4743 673 4808 Δόξα
689 4742 767 4811 τῷ
786 4742 1072 4813 παρέχοντι
1093 4744 1227 4813 ἡμῖν
1250 4742 1311 4794 τὸ
1336 4741 1459 4812 ζῇν,
1476 4740 1592 4812 Θεῷ
1613 4741 1722 4794 τῶν
1740 4741 1896 4805 ὅλων,

2071 4740 2312 4794 XXXIX.
2355 4739 2536 4795 Gloria
2580 4738 2691 4793 Deo
2713 4778 2729 4803 ,
2767 4736 2861 4808 qui
2895 4736 3054 4792 nobis
3088 4738 3289 4806 prtebet
3336 4745 3395 4793 ut
3426 4738 3574 4793 viva-

309 4837 413 4891 καὶ
444 4836 720 4900 δοξάζοντι
754 4838 880 4898 τοὺς
919 4835 1240 4899 δοξάζοντας
1273 4834 1436 4886 αὑτὸν
1458 4874 1471 4896 ,
1513 4832 1697 4897 καθώς
1730 4849 1892 4901 φησιν

305 4931 337 4983 ὁ
375 4928 521 4991 θεῖος
549 4928 733 4995 λόγος·
778 4927 929 4980 Ἀλλ’
972 4926 1010 4994 ἢ
1039 4925 1181 4990 τοὺς
1223 4924 1580 4990 δοξάζοντάς
1612 4943 1689 4994 με
1721 4924 1897 4988 δοξά-

306 5036 404 5075 σω
423 5036 436 5049 ·
462 5020 559 5073 καὶ
588 5023 621 5072 ό
644 5017 978 5082 ἐξουθεγῶν
995 5035 1075 5085 με
1092 5017 1583 5085 ἀτιμασθήσεται.
1622 5016 1892 5084 Ἐγένετο,

318 5112 600 5181 Ἰωάννην,
623 5110 713 5162 τὸν
740 5110 884 5161 ὅσιον
906 5109 1148 5179 Πατέρα,
1181 5107 1532 5179 ὰρῤωστῆσαι
1560 5108 1892 5179 ἀρρωστίαν,

305 5209 374 5262 δι’
408 5205 478 5279 ἦς
511 5208 604 5260 καὶ
635 5206 923 5261 ἀπέθανεν.
971 5205 1082 5258 Καὶ
1112 5204 1177 5274 δὴ
1218 5202 1499 5273 συσχεθεὶς
1531 5203 1623 5255 ἐπὶ
1651 5203 1749 5272 τῆς
1780 5200 1895 5253 κλί-

304 5318 408 5373 νης
453 5298 640 5363 αὐτοῦ,
689 5298 1203 5369 προσκαλεσάμενός
1255 5315 1342 5368 με,
1399 5292 1552 5349 εἶπεν
1594 5294 1731 5365 πρός
1785 5310 1890 5364 με⁹

306 5395 512 5446 Τέκνον
547 5391 794 5443 Πολύϐιε.
833 5387 998 5443 Εἶπον
1053 5391 1109 5443 δὲ
1156 5390 1291 5461 πρὸς
1333 5388 1526 5441 αὐτόν·
1584 5388 1650 5440 Τί
1694 5386 1890 5449 θέλεις,

304 5484 527 5554 Πάτερ;
550 5479 722 5535 Εἶπεν
754 5482 810 5534 δέ
843 5499 961 5552 μοι·
998 5480 1216 5551 Ἐπειδὴ
1241 5480 1557 5548 Ἐπιφάνιος
1603 5476 1892 5531 διακωλύει

304 5577 451 5644 ᾶπερ
480 5577 509 5627 ὁ
534 5574 666 5637 Θεὸς
694 5574 761 5627 δι’
787 5572 953 5627 αὑτοῦ
992 5573 1243 5626 ἀπετέλει
1281 5572 1621 5643 γράφεσθαι·
1661 5568 1791 5623 λάϐε
1824 5567 1888 5638 δὴ

302 5668 481 5721 ταῦτα
510 5668 581 5719 τὰ
607 5668 832 5739 χαρτία·
875 5667 981 5726 ἕως
1008 5664 1116 5736 γὰρ
1150 5666 1389 5737 σήμερον
1428 5665 1571 5735 ἆπερ
1603 5663 1709 5716 ἴδον
1738 5661 1890 5715 Ἐπι-

376 5820 401 5853 ⁹
440 5818 459 5874 l
497 5818 631 5891 Reg.
676 5836 735 5885 ll,
779 5820 866 5875 ‘50.
1057 5845 1060 5848 η

630 5911 903 5970 ΡΑτιιοι.
948 5908 1067 5971 Gn.
1110 5908 1162 5967 Χ
1181 5908 1279 5970 LI.

2004 4850 2143 4899 mus,
2172 4842 2225 4887 et
2254 4832 2519 4903 gloriﬁcat
2541 4846 2637 4886 eos
2680 4830 2772 4900 qui
2813 4830 2991 4899 ipsum
3039 4829 3360 4900 glorilicant,
3385 4845 3574 4899 quem—

2003 4924 2295 4979 admodum
2328 4921 2458 4978 dicit
2487 4922 2713 4975 verbum
2741 4920 2987 4973 divinum
3020 4940 3035 4974 :
3090 4918 3455 4987 Gloriﬁcantes
3494 4935 3574 4973 me

2004 5015 2345 5087 gloriﬁcabo;
2391 5024 2440 5069 et
2467 5015 2559 5084 qui
2609 5030 2689 5066 me
2746 5013 2963 5082 spernit,
2999 5013 3327 5082 spcrnetur’.
3363 5011 3573 5066 Accidit

2001 5118 2061 5163 ut
2111 5106 2349 5161 Joannes
2394 5116 2620 5161 sanctus
2672 5104 2834 5158 Pater
2890 5104 3163 5157 laboraret
3204 5104 3418 5166 morbo,
3463 5096 3573 5173 quo

1999 5199 2163 5251 etiam
2212 5206 2297 5251 est
2352 5205 2626 5250 mortuus.
2682 5197 2929 5263 Cumque
2979 5204 3213 5262 aegrotus
3263 5194 3471 5262 jaceret
3518 5195 3571 5247 in

1999 5289 2159 5350 lecto,
2194 5288 2460 5342 accersito
2506 5287 2638 5340 mihi
2693 5286 2829 5340 dixit
2860 5303 2871 5336 :
2905 5284 3005 5337 Fili
3041 5284 3245 5353 Polybi.
3296 5283 3406 5353 Ego
3443 5299 3571 5337 vero

1998 5380 2048 5434 ei
2102 5381 2215 5433 dixi
2256 5380 2442 5446 :Quid
2484 5379 2663 5447 jubcs,
2713 5378 2907 5431 Pater?
2957 5376 3102 5429 Dixit
3152 5384 3331 5429 autem
3386 5376 3519 5428 mihi
3556 5393 3604 5430 :o

2002 5471 2272 5537 Quoniam
2325 5471 2577 5539 prohibet
2610 5469 2966 5539 Epiphanius,
3017 5484 3083 5523 uc
3129 5484 3230 5523 nos
3263 5467 3570 5521 litterarum

1998 5560 2350 5615 monimentis
2382 5560 2727 5623 mandemus,
2766 5576 2886 5628 qua:
2914 5557 3056 5613 Deus
3101 5573 3197 5627 per
3231 5557 3409 5626 ipsum
3456 5571 3572 5624 per-

1998 5652 2107 5723 agit
2136 5652 2423 5717 miracula,
2460 5653 2644 5721 accipe
2670 5653 2769 5705 has
2801 5652 3038 5705 chartas.
3079 5647 3215 5703 Nam
3256 5647 3311 5701 in
3355 5646 3570 5702 hodier-

3204 5894 3244 5955 3
