4088 6362
487 369 558 421 75
1795 363 1852 416 s.
1897 356 2238 415 EPll’llANll
2277 357 2463 413 vm.
2763 383 2765 386 ι
3677 363 3746 419 76

489 507 617 543 num
651 503 824 558 usque
854 481 1019 553 diem,
1069 503 1191 558 quae
1219 488 1397 558 ipsum
1444 486 1552 542 vidi
1598 463 1903 549 facientem,
1939 501 2062 540 con-

2175 483 2360 548 φάνιον
2406 485 2694 549 ποιοῦντα,
2732 499 3168 555 συνεγραφομην,
3221 485 3295 554 μὴ
3329 483 3525 547 εἰδότος
3559 484 3739 541 αὐτοῦ.

488 581 704 650 scripsi,
730 597 794 634 eo
825 580 1108 634 insciente.
1144 577 1224 634 Tu
1257 595 1497 649 quoque,
1527 594 1561 632 ο
1591 579 1685 643 fili,
1717 594 1838 646 quae
1864 590 2057 631 conse-

485 681 721 740 quentur
772 672 841 724 ab
893 670 1158 724 hodierno
1206 670 1331 736 die,
1387 669 1581 723 manda
1645 668 1862 722 litteris.
1915 665 2058 718 Deus

485 764 630 816 enim
655 763 751 816 tibi
778 777 950 816 annos
981 759 1222 828 adjiciet.
1252 771 1312 815 ut
1350 771 1463 815 toto
1499 770 1746 830 tempore
1780 759 1903 812 vita:
1938 773 2059 826 per—

486 869 708 908 maneas
752 854 895 922 apud
937 853 1321 924 Epiphanium.
1377 851 1480 906 Sed
1513 852 1654 913 vide,
1685 866 1750 904 ne
1790 850 2052 919 negligas.

484 945 619 999 Nam
649 961 750 1016 ego
778 961 996 1016 quoque
1028 961 1057 999 a
1088 945 1198 1000 Deo
1229 954 1410 999 motus
1436 945 1550 998 haec
1584 941 1905 1010 conscripsi.
1943 939 2056 1009 Ego

483 1039 628 1092 enim
664 1037 803 1090 vado
830 1053 892 1090 ea
919 1037 1027 1101 via,
1065 1052 1173 1105 qua
1219 1051 1434 1094 omnes.
1463 1036 1556 1104 qui
1584 1045 1713 1088 sunt
1757 1047 1924 1102 super
1954 1041 2063 1084 ter-

487 1144 623 1183 ram.
658 1127 788 1182 Post
831 1127 945 1180 haec
995 1138 1175 1182 autem
1227 1126 1363 1180 dixit
1409 1123 1646 1179 Joannes
1682 1139 1693 1173 :
1735 1121 1876 1176 Voca
1928 1119 2060 1174 mihi

486 1228 739 1274 sanetum
789 1217 1006 1271 Patrem
1051 1226 1300 1272 nostrum
1333 1216 1718 1286 Epiphanium.
1769 1215 1975 1283 Ivique,
2010 1221 2064 1267 et

484 1310 674 1364 vocavi
743 1311 937 1378 ipsum.
988 1307 1066 1361 Eo
1121 1316 1308 1362 autem
1356 1307 1624 1376 ingresso,
1680 1304 1817 1358 dixit
1865 1302 2062 1358 Joanui

487 1403 823 1474 Epiphanius
868 1419 880 1453 :
943 1400 1064 1455 Non
1114 1415 1294 1464 curas,
1339 1399 1538 1468 inquit,
1588 1412 1622 1452 ο
1664 1396 1844 1462 Pater,
1896 1396 2060 1449 Deum

487 1495 698 1566 precari
728 1510 824 1564 pro
853 1494 1052 1547 misero
1080 1501 1364 1562 peccatore
1391 1489 1696 1560 Epiphanio
1719 1489 1743 1541 ἰ
1771 1488 1911 1541 Dixit
1936 1502 2064 1541 vero

486 1583 723 1640 Joannes
768 1583 1067 1653 Epiphanio
1104 1598 1114 1634 ;
1148 1579 1256 1634 Fac
1305 1579 1634 1640 orationem,
1679 1596 1713 1634 ο
1754 1577 1949 1642 Pater;
1984 1586 2067 1631 est

486 1677 630 1732 enim
663 1676 808 1745 quod
843 1685 1021 1729 tecum
1058 1674 1268 1742 loquar.
1320 1669 1660 1741 Epiphanius
1713 1671 1896 1739 itaque
1940 1667 2066 1722 fecit

485 1764 808 1818 orationem.
865 1761 999 1816 Cum
1049 1778 1149 1816 nos
1210 1771 1390 1816 autem
1438 1760 1804 1823 dixissemus,
1868 1759 2062 1821 Anien,

486 1853 623 1907 dixit
657 1850 895 1907 Joannes
943 1850 1287 1922 Epiphanio:
1323 1851 1533 1905 Accede
1584 1851 1807 1920 propius
1840 1850 1906 1902 ad
1945 1864 2057 1912 me,
2096 1841 2137 1896 Β

488 1944 666 1999 Pater.
717 1944 782 1998 Et
829 1944 1063 1998 accessit
1089 1943 1337 2014 propius.
1371 1941 1625 2010 Dixitque
1657 1941 1894 1996 Joannes
1928 1940 2058 2011 Epi-

488 2036 688 2106 phanio
722 2055 733 2089 :
768 2035 986 2105 lmpone
1030 2049 1226 2089 manus
1268 2044 1389 2088 tuas
1419 2035 1594 2089 oculis
1645 2036 1800 2089 meis.
1850 2033 1915 2088 Et
1943 2034 2060 2088 vale

486 2130 535 2183 ei
580 2129 717 2183 dixit
759 2126 1017 2192 Joannes,
1067 2138 1123 2182 et
1165 2128 1386 2182 tradidit
1435 2127 1709 2197 spiritum.
1749 2127 1803 2180 In
1832 2125 2060 2180 Joannis

487 2230 664 2275 autem
697 2221 896 2276 collum
932 2219 1132 2274 cadens
1159 2217 1494 2289 Epiphanius
1540 2217 1705 2283 flevit,
1745 2227 1798 2272 et
1827 2233 1950 2272 eum
1979 2225 2062 2271 est

486 2313 784 2375 osculatus,
815 2321 869 2365 et
893 2325 1092 2380 magno
1121 2309 1310 2364 dolore
1347 2309 1578 2365 affectus
1608 2317 1694 2366 est
1721 2307 2060 2380 Epiphanius

490 2414 707 2474 propter
737 2414 966 2459 mortem
1002 2401 1248 2459 Joannis.

558 2679 670 2735 XL.
714 2679 850 2735 Cum
877 2689 1057 2734 autem
1087 2678 1421 2750 Epiphanius
1453 2677 1747 2748 aliquando
1775 2675 2061 2731 cecidisset

491 2776 542 2829 in
577 2774 806 2836 faciem,
861 2782 920 2826 ut
952 2773 1123 2827 Deum
1157 2780 1379 2839 oraret,
1413 2780 1472 2825 ut
1499 2787 1622 2824 eum
1658 2769 1946 2839 adjuvaret
1994 2768 2061 2822 ad

489 2867 864 2920 :edilicandum
894 2865 1116 2919 domum
1147 2865 1356 2920 nomini
1385 2865 1504 2934 ejus
1536 2869 1676 2935 (erat
1708 2863 1852 2917 enim
1886 2862 2061 2932 prima

489 2957 714 3012 ecclesia
766 2973 928 3026 parva
979 2973 1077 3027 pro
1118 2956 1464 3010 multitudine
1498 2971 1687 3010 eorum
1733 2955 1826 3023 qui
1885 2954 2062 3022 ingre-

489 3048 831 3116 diebantur);
859 3062 980 3100 eum
1014 3061 1238 3115 pronus,
1271 3046 1514 3114 inquam,
1537 3046 1742 3114 jacerct
1778 3045 1831 3098 in
1864 3043 2059 3098 faciem

491 3139 657 3192 Deum
691 3154 872 3202 orans,
909 3154 1011 3193 vox
1047 3138 1113 3194 ad
1163 3153 1286 3192 cum
1327 3121 1467 3192 facta
1496 3147 1600 3202 est,
1665 3137 1953 3206 Epiphaui,
1987 3136 2064 3190 in-

493 3230 706 3298 quiens.
738 3227 869 3282 Eam
912 3237 1089 3283 autem
1121 3244 1307 3283 vocem
1341 3245 1481 3298 saepe
1507 3238 1624 3282 erat
1653 3228 1846 3284 solitus
1875 3227 2062 3282 audire
2089 3201 2131 3259 δ

491 3319 844 3389 Epiphanius.
893 3316 1041 3372 Dixit
1085 3319 1268 3388 itaque
1312 3335 1418 3372 non
1467 3318 1825 3373 conturbatus
1861 3334 1873 3368 :
1921 3317 2061 3384 Quid

489 3421 591 3473 est,
622 3409 774 3478 Deus
797 3409 912 3462 mi?
945 3407 1268 3479 Rursusque
1295 3409 1432 3463 dixit
1469 3423 1576 3463 vox
1609 3408 1797 3463 eadem
1833 3427 1844 3461 :
1883 3407 2062 3476 Incipe

489 3502 757 3557 aedificare
782 3502 972 3554 tndem.
1001 3502 1335 3571 Epiphanius
1361 3509 1542 3556 autem
1580 3503 1828 3571 protinus
1876 3501 1926 3554 id
1955 3516 2060 3556 non

490 3595 768 3664 negligens
816 3593 967 3656 exiit,
1012 3601 1066 3647 et
1112 3592 1239 3647 fecit
1286 3595 1608 3657 orationem,
1660 3602 1714 3646 et
1754 3601 1918 3647 totam
1958 3592 2061 3646 loci

488 3686 930 3754 consequentiam
975 3685 1304 3754 designavit,
1371 3693 1426 3738 et
1489 3685 1738 3739 adhibuit
1799 3684 2058 3739 artifices.

490 3776 646 3832 IEdis
702 3791 829 3831 vero
886 3775 1234 3831 adiﬁcationi
1301 3784 1568 3845 praeerant
1637 3775 1958 3843 sexaginta,
2008 3782 2062 3828 et

491 3883 686 3937 magna
721 3866 1036 3931 multitudo,
1061 3881 1183 3936 quae
1205 3865 1254 3920 ei
1284 3865 1360 3920 rei
1391 3866 1746 3935 ministraret.
1778 3864 1947 3917 Erant
1973 3880 2063 3917 au-

489 3971 598 4014 tem
635 3970 764 4013 tunc
802 3959 854 4013 in
889 3960 1108 4014 civitate
1151 3957 1378 4028 gentiles
1421 3958 1540 4022 viri,
1581 3957 1774 4012 divites
1804 3966 1859 4011 et
1899 3972 2063 4027 pecu-

489 4052 596 4106 niis
621 4061 673 4106 et
704 4051 1168 4121 possessionibus.

560 4143 697 4200 XLI.
741 4131 868 4198 Erat
912 4152 1091 4197 autem
1121 4140 1365 4212 quidam,
1400 4141 1494 4210 qui
1525 4140 1822 4194 vocabatur
1862 4137 2057 4200 Draco,

482 4236 580 4308 qui
623 4251 654 4289 a
701 4235 949 4305 plurimis
984 4233 1265 4288 dicebatur
1307 4232 1534 4301 Magnus
1568 4231 1762 4286 Draco.
1802 4231 1850 4285 Is
1896 4231 2060 4284 habe-

489 4330 580 4383 bat
631 4328 822 4382 lilium.
869 4327 1177 4381 Vocabatur
1227 4341 1354 4380 vero
1421 4326 1533 4394 ipse
1583 4340 1800 4394 quoque
1861 4323 2055 4377 Draco.

489 4419 540 4473 Is
580 4420 630 4472 in
671 4419 894 4473 dextero
925 4419 1089 4473 latere
1115 4418 1394 4472 laborabat
1422 4417 1570 4488 gravi
1597 4426 1754 4470 aestu.
1812 4415 2058 4484 Cumque

491 4522 641 4580 pater
668 4513 786 4580 ejus
831 4511 996 4565 multa
1028 4512 1452 4579 consumpsisset
1507 4511 1560 4562 in
1596 4509 1857 4572 medicos,
1900 4507 1952 4560 id
1993 4507 2058 4560 ad

489 4604 778 4657 sanitatem
809 4603 943 4655 nihil
963 4604 1008 4656 ei
1035 4601 1328 4672 profuerat.
1362 4600 1593 4669 Magnus
1623 4615 1751 4668 ergo
1773 4599 1861 4652 ille
1886 4597 2059 4651 Draco

490 4706 549 4744 se
580 4691 720 4745 male
752 4692 971 4760 gerebat
1018 4693 1070 4746 in
1113 4691 1474 4761 Epiphanium
1508 4699 1562 4744 et
1592 4691 1772 4746 verbis
1798 4699 1852 4744 et
1882 4689 2053 4743 factis.

491 4779 823 4851 Epiphanius
851 4793 1028 4836 autem
1073 4782 1119 4838 si
1149 4785 1368 4852 quando
1413 4796 1539 4836 eum
1582 4781 1817 4844 videbat,
1849 4782 2058 4850 primus

489 4872 779 4927 salutabat.
810 4873 1056 4943 Cumque
1099 4875 1391 4942 aliquando
1438 4876 1694 4930 transiret
1723 4874 2058 4945 Epiphanius

489 4979 584 5032 per
611 4963 810 5028 locum,
847 4965 937 5019 ubi
971 4967 1023 5019 in
1056 4967 1272 5022 sedibus
1307 4967 1567 5020 sedebant
1609 4981 1801 5021 omnes
1839 4967 2056 5033 divites,

488 5061 604 5104 erat
649 5049 876 5122 Magnus
903 5069 1120 5123 quoque
1167 5051 1372 5118 Draco,
1410 5063 1463 5107 et
1495 5054 1612 5123 ejus
1653 5053 1798 5109 ﬁlius
1823 5063 2058 5122 aegrotus

491 5143 544 5196 in
568 5157 638 5196 eo
665 5145 804 5198 loco.
836 5145 970 5199 Cum
1005 5155 1185 5200 autem
1219 5145 1578 5215 Epiphanium
1611 5146 1897 5213 vidissent,
1929 5162 2056 5202 eum

490 5235 806 5291 irridebant.
839 5235 974 5291 Cum
1001 5253 1130 5291 vero
1167 5239 1653 5319 appropinquasset
1698 5238 2054 5308 Epiphanius,

491 5336 543 5380 et
568 5342 660 5383 eos
687 5331 995 5392 salutasset,
1028 5345 1189 5385 manu
1222 5332 1393 5384 tenuit
1420 5340 1681 5400 aagrotum
1729 5330 2054 5395 Draconem,

491 5420 571 5473 sic
597 5419 779 5473 dicens
811 5437 824 5473 :
858 5417 1050 5482 Draco,
1082 5428 1138 5473 tu
1165 5435 1379 5489 quoque
1405 5430 1522 5474 esto
1558 5435 1745 5475 sanus.
1776 5419 1842 5474 Et
1871 5422 2052 5475 statim

491 5523 616 5561 cum
646 5509 892 5564 oratione
911 5509 1195 5579 Epiphanii
1227 5510 1401 5566 factus
1431 5521 1513 5568 est
1539 5529 1723 5568 sanus.
1755 5512 1926 5568 Draco
1956 5530 2055 5566 au-

493 5606 596 5651 tem
624 5635 637 5658 ,
671 5607 726 5653 et
757 5600 849 5667 qui
894 5600 1176 5669 viderunt,
1223 5617 1413 5659 omnes
1463 5604 1876 5673 obstupuerunt.
1913 5603 2049 5659 Cum

564 5792 640 5862 (α)
681 5792 836 5850 Deest
867 5795 1084 5862 aliquid.

2167 576 2275 626 Καὶ
2305 577 2367 628 σὺ
2402 572 2514 638 οὖν,
2564 577 2773 637 τέκνον,
2824 577 2890 630 τά
2922 575 3190 628 ἀκόλουθα
3238 576 3346 630 ἀπὸ
3373 578 3470 646 τῆς
3507 578 3744 648 σήμερον

2167 667 2377 736 ἡμέρας
2426 668 2863 738 ὑπομνημάτιζε.
2899 668 3051 739 Ἔχει
3085 669 3192 739 γάρ
3230 686 3310 722 σοι
3341 671 3367 721 6
3402 670 3532 731 Θεὸς
3582 685 3747 738 προσο

2171 757 2343 811 θεῖναι
2374 760 2563 830 χρόνον
2595 760 2696 824 τῆς
2721 761 2864 829 ζωῆς
2888 761 2968 830 ’(α)
3011 759 3350 828 Ἐπιφανίου,
3381 759 3539 814 τοῦτο
3585 775 3750 830 προσ-

2171 852 2528 922 παραμένεις.
2579 851 2737 903 Ἀλλά
2787 851 2947 920 βλέπε
2984 851 3057 922 μὴ
3105 851 3405 922 ἀμελήσῃς,
3454 849 3607 918 κάγὼ
3636 848 3748 920 γὰρ

2168 941 2273 992 ὑπὸ
2306 939 2440 992 Θεοῦ
2472 940 2786 1010 κινούμενος
2809 939 2979 994 ταῦτα
3003 942 3438 1012 συνεγραφόμην.
3470 939 3616 1008 Ἐγὼ
3642 940 3754 1011 γὰρ

2169 1030 2468 1101 πορεύομαι
2513 1032 2610 1103 τήν
2655 1031 2802 1095 ὁδὸν,
2851 1032 3030 1096 καθὼς
3063 1035 3155 1086 καὶ
3198 1034 3395 1096 πάντες
3440 1033 3489 1085 οἱ
3521 1032 3616 1084 ἐπὶ
3650 1034 3753 1102 τῆς

2169 1123 2291 1192 γῆς.
2322 1122 2504 1176 Ταῦτα
2531 1123 2586 1176 δὲ
2612 1122 2779 1176 εἰπὼν
2806 1124 3060 1195 Ἰωάννης
3086 1119 3237 1177 εἶπεν
3273 1123 3410 1194 πρός
3441 1141 3507 1194 με
3575 1123 3754 1176 Κάλε-

2172 1215 2261 1267 σόν
2311 1231 2401 1284 μοι
2441 1213 2532 1266 τὸν
2582 1215 2727 1267 ὅσιον
2776 1216 2994 1288 Πατέρα
3039 1215 3196 1286 ήμῶν
3247 1214 3585 1284 Ἐπιφάνων.
3639 1216 3754 1268 Καὶ

2170 1306 2492 1379 ἐπορεύθην,
2533 1309 2628 1360 καὶ
2673 1308 2909 1379 ἐκάλεσα
2950 1309 3130 1362 αύτόν.
3185 1308 3529 1372 Εἰσελθόντος
3559 1308 3620 1362 δὲ
3648 1308 3752 1363 αύ-

2169 1399 2293 1463 τοῦ,
2324 1395 2475 1452 εἶπεν
2518 1401 2832 1468 Ἐπιφάνιος
2867 1377 2998 1470 πρὸς
3031 1401 3312 1472 Ἰωάννην·
3345 1399 3612 1470 Ἀμελεῖς,
3643 1416 3752 1472 φη-

2173 1492 2277 1556 σὶν,
2314 1491 2494 1561 Πάτερ
2530 1491 2805 1562 Ἰωάννης,
2852 1491 2944 1544 τοῦ
2987 1491 3238 1562 εὔχεσθαι
3269 1492 3409 1564 ὑπὲρ
3441 1491 3536 1545 τοῦ
3572 1495 3755 1564 ἁμαρ-

2169 1580 2342 1634 τωλοῦ
2373 1581 2712 1651 Ἐπιφανίου.
2765 1576 2928 1633 Εἶπεν
2959 1581 3016 1633 δὲ
3046 1581 3298 1652 Ἰωάννης
3342 1583 3480 1653 πρὸς
3519 1582 3753 1651 Ἐπιφά-

2171 1691 2281 1726 νιον
2302 1692 2315 1706 ·
2349 1674 2579 1745 Ποίησον
2606 1673 2790 1744 εὐχὴν,
2829 1667 2872 1726 ὦ
2915 1673 3115 1744 Πάτερ,
3153 1674 3260 1744 ἔχω
3293 1675 3402 1746 γὰρ
3430 1674 3664 1743 λαλῆσαί
3697 1693 3751 1728 τι

2173 1767 2308 1835 πρὸς
2336 1765 2415 1819 σέ.
2462 1766 2518 1818 '0
2549 1761 2641 1818 οῦν
2669 1765 2986 1835 Ἐπιφάνιος
3017 1767 3270 1836 ἐποίησεν
3297 1767 3394 1838 τήν
3439 1767 3624 1836 εὐχήν.
3657 1767 3750 1820 Εἰ-

2165 1858 2372 1910 πόντων
2403 1857 2459 1908 δὲ
2503 1859 2716 1910 πάντων
2735 1858 2794 1910 τὸ
2835 1859 3026 1929 Ἀμήν,
3057 1854 3209 1911 εἶπεν
3237 1859 3489 1927 Ἰωάννης
3515 1858 3749 1926 Ἐπιφα-

2165 1949 2262 2020 νίῳ
2283 1966 2296 1979 ·
2321 1949 2577 2018 ’Ἐγγισόν
2621 1967 2731 2020 μοι,
2768 1951 2970 2021 Πάτερ.
3000 1949 3105 2004 Καὶ
3131 1951 3355 2020 ήγγισεν
3383 1948 3549 2019 αὐτῷ.
3579 1945 3751 2004 Εἶπεν

2165 2041 2222 2094 δὲ
2241 2041 2492 2111 Ἰωάννης
2513 2041 2646 2113 πρὸς
2675 2040 2994 2110 Ἐπιφάνιον
3018 2059 3031 2072 ·
3066 2041 3282 2105 Ἐπίθες
3303 2041 3401 2104 τὰς
3427 2041 3613 2112 χεῖράς
3648 2059 3748 2094 σου

2167 2135 2258 2188 ἐπὶ
2288 2135 2413 2196 τοὺς
2445 2133 2754 2203 ὀφθαλμούς
2790 2152 2914 2204 μου,
2964 2135 3058 2187 καὶ
3100 2134 3346 2188 ἄσπασαί
3394 2151 3460 2203 με
3480 2171 3495 2196 ,
3526 2132 3745 2203 Πάτερ·

2170 2225 2278 2278 ἰδοὺ
2303 2225 2408 2297 γὰρ
2434 2225 2685 2278 ἐκλείπω.
2719 2227 2827 2278 Καὶ
2862 2225 3128 2297 ἐπέθηκεν
3159 2225 3476 2294 Ἐπιφάνιος
3503 2226 3595 2278 ἐπὶ
3621 2227 3752 2288 τοὺς

2165 2316 2474 2386 ὀφθαλμοὺς
2507 2315 2693 2377 αὑτοῦ,
2722 2316 2814 2368 καὶ
2843 2315 3128 2385 ἠσπάσατο
3154 2314 3335 2369 αύτόν.
3368 2315 3479 2368 Καὶ
3494 2314 3751 2386 Ἰωάννης

2168 2409 2475 2479 παρέδωκεν
2533 2410 2593 2462 τὸ
2637 2408 2888 2478 πνεῦμα·
2947 2411 3039 2463 καὶ
3109 2407 3386 2462 ἐπιπεσὼν
3428 2405 3750 2474 Ἐπιφάνιος

2168 2501 2258 2553 ἐπὶ
2285 2500 2376 2552 τοῦ
2416 2501 2685 2572 τραχήλου
2711 2501 2958 2553 Ἰωάννου
2990 2500 3251 2554 ἔκλαυσεν
3285 2499 3466 2564 αὐτὸν,
3503 2497 3599 2552 καὶ
3626 2497 3750 2550 ἐλυ-

2168 2592 2314 2662 πήθη
2341 2592 2656 2662 Ἐπιφάνιος
2685 2593 2778 2645 ἐπὶ
2813 2596 2874 2663 τῇ
2913 2592 3133 2662 τελευτῇ
3161 2592 3432 2645 Ἰωάννου.

2236 2687 2324 2738 Μ’.
2382 2685 2518 2737 Ποτέ
2582 2681 2674 2738 οὖν
2719 2685 3034 2754 Ἑπιφάνιος
3085 2683 3266 2737 πεσὼν
3317 2684 3410 2735 ἐπὶ
3459 2683 3750 2754 πρόσωπον

2167 2771 2257 2824 τοῦ
2288 2773 2666 2843 παρακαλέσαι
2698 2773 2786 2825 τὸν
2817 2775 2969 2838 Θεὸν,
3018 2775 3165 2836 ὅπως
3193 2772 3543 2843 ἀντιλήψεται
3574 2770 3746 2842 αύτῷ,

2167 2860 2513 2932 οἰκοδομῆσαι
2535 2857 2682 2914 οἷκον
2710 2862 2788 2932 τῷ
2816 2864 3038 2933 ὀνόματι
3069 2863 3230 2916 αὐτοῦ
3259 2859 3348 2934 (ἦν
3368 2864 3529 2934 γάρή
3555 2862 3747 2934 πρώτη

2168 2954 2429 3025 ἐκκλησία
2464 2955 2636 3026 μικρὰ
2667 2956 2800 3026 πρὸς
2825 2957 2951 3018 τοὺς
2979 2955 3415 3027 εἰσερχομένους)
3438 2974 3452 2987 ·
3481 2956 3558 3020 ὡς
3588 2956 3645 3009 δὲ
3677 2952 3748 3027 ἦν

2168 3045 2258 3096 ἐπὶ
2291 3046 2579 3116 πρόσωπον
2605 3046 2852 3115 δεόμενος
2879 3046 2971 3100 τοῦ
2997 3046 3132 3099 Θεοῦ
3168 3048 3295 3117 περὶ¹
3317 3047 3415 3118 τῆς
3437 3047 3628 3116 χρείας
3651 3046 3745 3100 τοῦ

2168 3135 2317 3198 ναοῦ,
2352 3136 2442 3189 τοῦ
2470 3137 2602 3189 Θεοῦ
2637 3137 2785 3208 φωνὴ
2814 3138 3030 3206 ἐγένετο
3056 3139 3190 3209 πρὸς
3215 3139 3377 3191 αὐτόν
3396 3156 3408 3168 ·
3437 3138 3746 3207 Ἐπιφάνιε,

2169 3226 2351 3297 φησίν.
2413 3226 2471 3282 Ὀ
2515 3229 2572 3282 δέ
2617 3228 2931 3294 Ἐπιφάνιος
2983 3229 3162 3282 εἰώθει
3214 3228 3472 3292 πολλάκις
3525 3228 3748 3282 ἀκούειν

2167 3319 2419 3390 τοιαύτης
2447 3319 2630 3390 φωνῆς
2653 3337 2665 3350 ·
2717 3320 2790 3390 μὴ
2818 3321 3105 3391 ταραχθεὶς
3136 3317 3230 3374 οὖν
3267 3316 3418 3375 εἶπεν
3439 3337 3451 3350 ·
3480 3319 3545 3372 Τί
3577 3321 3745 3384 ἐστιν,

2167 3409 2195 3459 6
2231 3407 2362 3471 Θεός
2411 3425 2545 3478 μου;
2593 3409 2702 3462 Καὶ
2742 3409 2902 3462 πάλιν
2927 3426 2938 3439 ·
2973 3410 3168 3478 Ἀρξαι
3194 3409 3287 3462 τοῦ
3327 3410 3628 3480 οἰκοδομεῖν
3655 3409 3748 3462 τὸν

2167 3495 2332 3554 οἷκον.
2377 3502 2433 3553 Ὀ
2462 3500 2517 3553 δὲ
2563 3500 2877 3570 Ἐπιφάνιος
2917 3500 3118 3564 εὐθέως
3161 3500 3235 3571 μὴ
3276 3500 3547 3571 μελλήσας
3593 3499 3749 3571 ἐξῆλ-

2169 3593 2280 3656 θεν,
2318 3595 2410 3646 καὶ
2435 3593 2693 3664 ἐποίησεν
2723 3594 2822 3664 τὴν
2849 3593 3034 3664 εὐχὴν,
3061 3592 3157 3646 καὶ
3184 3594 3362 3646 πᾶσαν
3386 3592 3484 3664 τὴν
3516 3592 3745 3646 ἀκολου-

2168 3681 2316 3735 θείαν
2346 3682 2438 3734 τοῦ
2468 3683 2654 3746 τόπου,
2686 3684 2778 3736 καὶ
2803 3683 3146 3754 παρέστησεν
3172 3682 3438 3751 τεχνίτας.
3467 3677 3648 3735 Ἦσαν
3687 3681 3745 3734 δὲ

2167 3777 2213 3827 οἱ
2260 3775 2515 3844 ἄρχοντες
2545 3775 2644 3844 τῆς
2687 3775 2972 3846 οἰκοδομῆς
3026 3774 3117 3827 τοῦ
3160 3775 3309 3828 οἴκου
3345 3771 3408 3837 ξ’,
3441 3774 3534 3826 καὶ
3565 3772 3744 3843 πλήθη

2168 3864 2337 3916 πολλὰ
2385 3866 2463 3927 εἰς
2509 3864 2606 3935 τὴν
2656 3864 2858 3918 τούτων
2903 3865 3225 3936 ὑπηρεσίαν.
3275 3858 3452 3918 Ἦσαν
3517 3864 3572 3918 δὲ
3621 3865 3743 3918 τότε

2170 3957 2426 4026 ’Έλληνες
2450 3957 2506 4010 ἐν
2534 3960 2598 4028 τῇ
2635 3958 2786 4010 πόλει
2827 3957 3070 4010 πλούσιοι
3101 3957 3308 4029 ἄνδρες,
3340 3959 3432 4010 ἐπὶ
3465 3958 3742 4030 κυριεύσει

2166 4064 2268 4118 χρη
2279 4048 2460 4117 μάτων
2484 4064 2542 4099 τε
2568 4048 2661 4099 καὶ
2692 4048 3005 4117 κτημάτων.

2238 4140 2399 4191 ΜΑή
2424 4134 2530 4190 7HV
2572 4138 2628 4190 δέ
2685 4156 2768 4201 τις
2809 4137 3136 4208 καλούμενος
3182 4137 3440 4208 Δράκων·
3495 4135 3642 4206 παρὰ
3681 4135 3741 4188 δὲ

2167 4227 2435 4290 πλείστοις
2462 4227 2676 4295 ἐλέγετο
2703 4229 2731 4278 6
2763 4228 2951 4294 Μέγας
2971 4227 3212 4298 Δράκων.
3235 4220 3404 4288 οὗτος
3435 4221 3578 4296 εἶχεν
3607 4225 3738 4278 υίόν’

2167 4320 2408 4372 ἐκαλεῖτο
2435 4319 2490 4372 δὲ
2520 4319 2612 4371 καὶ
2644 4312 2797 4382 οὗτος
2828 4319 3072 4391 Δράκων.
3103 4313 3272 4381 Οὗτος
3313 4319 3421 4372 άπὸ
3461 4318 3740 4382 καύσωνος

2165 4411 2338 4464 δεινοῦ
2381 4412 2578 4465 ἔπαθεν
2607 4413 2704 4482 τήν
2734 4413 2913 4478 δεξιὰν
2945 4412 3202 4483 πλευράν.
3234 4413 3344 4465 Καὶ
3374 4412 3544 4466 πολλὰ
3575 4415 3603 4465 6
3637 4430 3738 4466 πα-

2144 4505 2269 4577 Ιτὴρ
2319 4505 2481 4558 αὐτοῦ
2523 4507 2600 4569 εἰς
2644 4506 2770 4567 τοὺς
2819 4506 3032 4575 ἰατροὺς
3066 4505 3556 4576 καταδαπανήσας,
3589 4505 3740 4558 οὐδὲν

2166 4593 2411 4664 ὠνήσατο
2461 4596 2558 4665 τῆς
2610 4595 2816 4663 ὑγείας.
2858 4597 2913 4649 '0
2947 4593 3038 4649 οῦν
3091 4597 3280 4664 Μέγας
3310 4598 3536 4666 Δράκων
3570 4597 3742 4650 πολλὰ

2167 4684 2505 4737 ἐπεδείκνυεν
2555 4685 2697 4737 κακὰ
2745 4686 2879 4756 πρὸς
2932 4686 3249 4754 Ἐπιφάνιον
3303 4686 3389 4738 διὰ
3433 4686 3604 4754 λόγων
3647 4687 3738 4739 καὶ

2165 4775 2360 4846 ἔργων.
2409 4776 2466 4828 '0
2498 4777 2554 4829 δὲ
2579 4777 2893 4846 Ἐπιφάνιος
2921 4779 2974 4830 εῐ
3005 4795 3134 4830 ποτε
3173 4777 3363 4831 τοῦτον
3396 4777 3562 4847 ἐώρα,
3587 4777 3733 4847 πρῶ-

2164 4886 2255 4932 τος
2301 4868 2643 4939 προσεκύνει.
2693 4869 2831 4922 Ποτὲ
2881 4866 2973 4922 οῦν
3019 4871 3336 4940 Ἐπιφάνιος
3388 4869 3601 4942 παριὼν
3649 4869 3740 4923 διὰ

2165 4959 2348 5024 τόπου,
2399 4960 2473 5023 ὡς
2516 4956 2654 5030 ἦσαν
2697 4961 2933 5024 ἅπαντες
2983 4964 3031 5016 οἰ
3088 4962 3329 5015 πλούσιοι
3374 4963 3432 5014 ἐν
3472 4963 3548 5031 τῷ
3588 4963 3739 5032 τόπῳ

2165 5051 2460 5121 καθήμενοι
2489 5053 2580 5106 ἐπὶ
2610 5051 2848 5105 σελλίων.
2876 5049 2983 5106 *Ην
3010 5052 3066 5106 δὲ
3097 5055 3186 5106 καὶ
3217 5057 3245 5106 6
3270 5055 3458 5121 Μέγας
3486 5054 3735 5124 Δράκων,

2165 5143 2257 5196 καὶ
2305 5145 2333 5196 6
2379 5144 2491 5206 υἱὸς
2532 5143 2692 5197 αὐτοῦ
2731 5147 2760 5197 ὁ
2795 5145 3035 5200 ἀσθενῶν
3090 5147 3148 5199 ἐν
3188 5145 3264 5215 τῷ
3305 5147 3473 5216 τόπῳ.
3519 5146 3607 5208 Ὠς
3644 5143 3738 5199 οῦν

2165 5234 2273 5287 ἴδον
2302 5235 2613 5304 Ἐπιφάνιον
2635 5273 2652 5295 ,
2689 5236 2998 5304 κατεγέλων
3039 5236 3204 5288 αὑτοῦ
3226 5254 3238 5265 ο
3269 5239 3297 5289 ό
3331 5237 3388 5289 δὲ
3421 5236 3738 5304 Ἐπιφάνιος

2164 5326 2389 5394 ἐγγίσας
2438 5329 2529 5379 καὶ
2578 5329 2956 5398 προσκυνήσας
3001 5327 3222 5392 τούτους
3249 5367 3263 5391 ,
3302 5328 3604 5396 ἐκράτησεν
3645 5328 3736 5380 τὸν

2167 5416 2361 5487 μικρὸν
2381 5417 2655 5485 Δράκοντα
2686 5417 2794 5470 ἀπὸ
2819 5418 2917 5487 τῆς
2941 5417 3124 5488 χειρὸς
3152 5417 3314 5470 αὐτοῦ
3341 5417 3513 5480 οὕτως
3539 5417 3731 5485 λέγων·

2163 5508 2408 5579 Δράκων,
2430 5510 2582 5578 φησὶ,
2605 5509 2761 5576 γενοῦ
2789 5510 2880 5563 καὶ
2909 5510 3071 5572 αὐτὸς
3100 5510 3375 5578 ὑγιαίνων.
3401 5511 3510 5564 Καὶ
3532 5509 3733 5572 εὐθέως

2165 5597 2261 5649 σὺν
2293 5596 2369 5666 τῷ
2416 5595 2556 5666 λόγῳ
2594 5599 2911 5653 Ἐπιωανίου
2951 5600 3164 5668 ἐγένετο
3209 5599 3364 5669 ὑγιὴς
3411 5601 3439 5652 6
3483 5600 3728 5671 Δράκων.
