4088 6362
238 392 294 444 77
1538 389 1596 444 S.
1640 384 1988 442 EPIPHANII
2027 384 2212 439 VITA.
3429 395 3494 452 78

233 511 334 566 Καὶ
361 511 562 574 ἰδόντες
587 512 828 575 ἅπαντες
865 510 1182 582 ἐξέστησαν.
1213 510 1360 563 Ἰδὼν
1385 511 1444 565 δέ
1465 513 1494 564 6
1528 511 1754 582 Δράκων
1781 509 1810 561 ὃ

1921 513 2095 559 autem
2123 505 2348 558 vidisset
2379 503 2550 559 Draco
2605 504 2746 573 quod
2776 503 2973 561 fecerat
2998 506 3356 578 Epiphanius,
3382 528 3495 583 pm

233 605 479 674 ἐποίησεν
509 604 862 674 Ἐπιιράνιος,
904 605 1013 658 ἀπὸ
1046 604 1210 673 φόϐου
1249 604 1345 656 καὶ
1378 604 1581 675 τρόμου
1627 603 1811 656 οὐκέτι

231 692 462 764 ἠδυνήθη
508 696 833 764 περιπατεῖν
872 695 930 746 ἐν
974 692 1054 762 τῷ
1106 693 1238 764 οἴκῳ
1280 692 1445 747 αὐτοῦ
1491 695 1602 755 τοῖς
1648 691 1811 745 αὐτοῦ

234 785 380 836 ποσὶν
418 785 494 848 ὡς
543 784 753 838 εἰώθει·
807 784 942 838 ἀλλὰ
992 783 1361 854 βαστάσαντες
1407 784 1570 838 αὑτὸν
1613 783 1813 854 ἔθηκαν

231 873 316 924 ἐπὶ
349 874 562 943 κλίνης.
607 875 718 927 Καὶ
745 875 812 944 τῇ
840 874 1007 927 ἕωθεν
1072 874 1290 945 ἔρχεται
1324 874 1518 944 ήγυνὴ
1557 872 1651 926 τοῦ
1682 872 1815 942 Δρά-

230 983 410 1028 κοντος
436 1006 452 1030 ,
498 969 591 1019 καὶ
635 966 814 1019 δέεται
860 966 1212 1036 Ἐπιφανίου,
1264 967 1412 1030 ὅπως
1492 964 1660 1019 ἐλθὼν
1717 965 1813 1019 καὶ

230 1059 458 1126 ποιήσας
501 1058 668 1128 εὐχὴν
737 1057 925 1111 τοῦτον
969 1058 1195 1129 ἐγείρει.
1250 1060 1307 1111 Ὁ
1355 1054 1447 1112 οὖν
1499 1057 1812 1126 Ἐπιφάνιος

230 1147 495 1218 ἐπορεύθη
527 1150 585 1201 ἐν
610 1148 689 1219 τῷ
710 1148 844 1219 οἴκῳ
869 1148 964 1202 τοῦ
1001 1149 1304 1220 Δράκοντος
1327 1166 1341 1179 ·
1369 1151 1463 1202 καὶ
1495 1149 1811 1218 εὐξάμενος,

229 1238 424 1301 εὐθέως
473 1241 676 1311 ἀνέστη
705 1243 734 1293 6
763 1242 989 1312 Δράκων
1022 1243 1130 1294 ἀπὸ
1155 1244 1254 1312 τῆς
1299 1241 1487 1312 κλίνης
1516 1241 1699 1300 αὐτοῦ.
1733 1241 1812 1310 Τῇ

229 1330 314 1386 οὖν
342 1333 510 1386 ἕωθεν
538 1331 719 1385 λαϐὼν
751 1334 1167 1404 πεντακισχίλια
1215 1335 1550 1405 νομίσματα,
1583 1335 1814 1404 ἤνεγκεν

232 1424 550 1495 Ἐπιφανίῳ,
597 1426 656 1476 '0
683 1424 742 1477 δὲ
783 1425 1102 1494 Ἐπιφάνιός
1151 1443 1315 1496 φησιν
1342 1443 1356 1455 ο
1388 1424 1564 1496 Ἐμοὶ,
1602 1425 1810 1489 τέκνον,

229 1516 447 1586 ἀρκέσει
471 1511 552 1580 εἷς
580 1517 927 1586 χειτωνίσκος
953 1517 1046 1570 ἐπὶ
1075 1516 1169 1570 τοῦ
1207 1516 1508 1588 σωματίου,
1535 1518 1630 1570 καὶ
1655 1517 1813 1589 ἄρτοι

162 1659 165 1662 .
229 1610 432 1680 χνδαῖοι
468 1609 606 1680 μετά
636 1608 830 1674 ὓδατος
863 1610 1174 1680 πινομένου.
1213 1611 1279 1664 Τί
1313 1628 1424 1681 μοι,
1457 1611 1609 1681 φησὶ,
1641 1627 1813 1682 προσ-

230 1706 380 1773 άγεις
423 1704 625 1776 βάρος,
660 1702 796 1775 ἐμοῦ
835 1704 908 1775 μὴ
943 1703 1190 1768 Θέλοντός
1229 1721 1289 1756 σε
1325 1703 1641 1774 βαρεῖσθαι;
1671 1704 1812 1758 Ἀλλ’

231 1801 277 1851 εί
325 1797 503 1861 θέλεις
553 1798 912 1868 δοξασθῆναι,
967 1796 1168 1850 ἄπελθε
1205 1797 1298 1850 καὶ
1331 1798 1814 1869 προσπαράμεινον

1918 597 2114 651 timore
2161 605 2216 649 et
2249 605 2486 650 tremore
2521 612 2626 650 non
2677 599 2849 666 potuit
2884 599 3136 668 amplius,
3170 611 3227 657 ut
3261 604 3493 674 solebat,

1920 688 1999 742 ire
2047 688 2292 753 domum,
2328 687 2614 742 ambulans
2652 688 2767 742 suis
2809 690 3056 758 pedibus,
3095 693 3190 747 sed
3223 704 3490 763 portatus.

1920 776 2152 848 Fuitque
2181 778 2388 848 positus
2411 794 2575 848 supra
2607 778 2825 834 lectum.
2853 778 3010 834 Mane
3031 797 3159 836 vero
3187 785 3330 838 venit
3356 801 3495 841 uxor

1921 867 2205 931 Draconis,
2243 879 2298 925 et
2329 880 2485 942 rogat
2505 869 2889 941 Epiphanium,
2914 883 2975 927 ut
3005 874 3226 930 veniens
3251 885 3304 930 et
3336 880 3496 933 emit-

1919 970 2040 1016 tens
2089 962 2422 1027 orationem,
2482 977 2604 1017 eum
2653 962 2816 1018 faciat
2862 980 3104 1035 surgere.
3157 965 3496 1036 Epiphanius

1919 1052 2104 1122 itaque
2146 1052 2244 1106 ivit
2291 1053 2348 1108 in
2388 1053 2530 1109 aedes
2578 1053 2865 1110 Draconis.
2898 1057 3146 1126 Cumque
3194 1059 3309 1127 ipse
3351 1071 3498 1116 esset

1918 1153 2212 1212 precatus,
2270 1142 2446 1199 Draco
2495 1146 2731 1199 surrexit
2791 1147 3063 1216 protinus.
3118 1147 3222 1214 Qui
3287 1153 3496 1222 accepit

1918 1234 2159 1302 quinque
2206 1234 2377 1288 millia
2405 1251 2776 1302 nummorum,
2810 1245 2865 1292 et
2907 1254 3002 1292 eos
3026 1238 3222 1294 obtulit
3265 1240 3496 1311 Epipha-

1853 1343 1856 1346 ’
1919 1326 2030 1381 nio.
2059 1325 2199 1380 Dicit
2222 1335 2402 1382 autem
2431 1327 2768 1398 Epiphanius
2798 1346 2810 1381 :
2846 1330 2996 1396 Mihi,
3026 1331 3124 1397 ﬁli,
3161 1349 3268 1387 una
3299 1334 3497 1389 suﬁicit

1921 1417 2172 1472 tunicella
2202 1433 2366 1487 super
2389 1418 2493 1473 hoc
2523 1420 2931 1488 corpusculum,
2965 1431 3017 1475 et
3046 1436 3215 1490 panes
3245 1422 3499 1492 vulgares

1919 1522 2044 1562 cum
2093 1521 2224 1577 potu
2253 1523 2426 1578 aquae.
2474 1509 2586 1565 Cur
2617 1511 2772 1575 mihi,
2822 1511 3020 1582 inquit,
3070 1529 3208 1569 onus
3237 1514 3492 1583 imponis,

1919 1614 2044 1653 cum
2081 1614 2181 1669 ego
2228 1600 2398 1654 nolim
2440 1610 2494 1656 te
2535 1603 2796 1673 gravari?
2847 1604 2951 1659 Sed
2998 1605 3042 1660 si
3086 1605 3220 1660 velis
3264 1606 3494 1676 gloriam

1919 1691 2203 1760 consequi,
2239 1691 2392 1757 vade,
2439 1701 2493 1747 et
2535 1709 2695 1750 mane
2739 1695 2793 1748 in
2825 1697 3024 1766 templo
3055 1695 3174 1760 Dei,
3216 1709 3272 1753 et
3317 1700 3497 1769 prwbe

1913 1781 2045 1835 illos
2070 1782 2464 1839 laborantibus.
2482 1783 2574 1840 Sic
2599 1795 2780 1841 autem
2809 1785 2936 1842 fecit
2958 1787 3154 1854 Draco,
3176 1792 3497 1861 rogavitque

230 1889 306 1959 τῷ
331 1888 445 1958 ναῷ
474 1889 569 1942 τοῦ
596 1889 762 1943 Θεοῦ·
809 1891 902 1942 καὶ
948 1891 1155 1960 πάρεχε
1192 1888 1364 1942 ταῦτα
1405 1892 1518 1954 τοῖς
1551 1890 1816 1961 κάμνουσι

1926 1870 2309 1941 Epiphaniam,
2336 1883 2392 1930 et
2421 1874 2716 1946 baptizavit
2747 1878 2949 1947 ipsum,
2989 1890 3044 1936 et
3072 1895 3297 1937 uxorem
3348 1883 3488 1952 ejus,

232 1981 324 2032 καὶ
354 1979 642 2033 κοπιῶσιν.
688 1981 980 2051 Ἐποίησεν
1032 1980 1089 2033 δὲ
1139 1982 1167 2033 ὁ
1215 1980 1441 2051 Δράκων
1485 1979 1679 2049 οὕτως,
1728 1983 1822 2034 καὶ

230 2070 607 2140 παρεκάλεσεν
637 2070 978 2138 Ἐπιφὰνιον,
1027 2071 1122 2122 καὶ
1170 2069 1462 2124 ἐϐάπτισεν
1510 2069 1671 2123 αὑτὸν
1727 2071 1821 2123 καὶ

228 2161 326 2231 τὴν
359 2164 594 2226 γυναῖκα
616 2160 804 2214 αὑτοῦ.

301 2251 434 2305 MB’.
480 2253 672 2316 Ἀλλος
719 2253 776 2306 δέ
805 2272 910 2320 τις,
947 2255 1198 2319 Συνέσιος
1227 2255 1470 2326 ὀνόματι,
1521 2256 1616 2308 καὶ
1659 2256 1821 2319 αὐτὸς

231 2343 489 2406 πλούσιος
534 2343 631 2407 ῶν,
664 2344 864 2414 ’Ἕλλην
910 2344 966 2398 δὲ
1002 2346 1275 2417 ὑπῆρχεν·
1318 2337 1473 2408 οὗτος
1518 2340 1662 2414 εἶχεν
1709 2345 1821 2398 υἱὸν

230 2435 499 2506 μονογενῆ
534 2434 670 2488 ἐτῶν
701 2442 790 2503 ιγ’.
825 2436 1016 2508 Τούτῳ
1052 2437 1224 2502 πάθος
1251 2437 1502 2509 ἀνῆλθεν,
1547 2438 1640 2492 καὶ
1666 2455 1822 2510 περι-

227 2526 539 2579 εκύκλωσεν
569 2527 734 2579 αὑτοῦ
777 2528 868 2581 τὸν
911 2529 1116 2599 αὐχένα
1136 2569 1150 2592 ,
1181 2531 1276 2583 καὶ¹
1309 2529 1602 2597 ἀπέπνιξεν
1636 2530 1818 2597 αὑτὸν,

228 2618 321 2671 καὶ
347 2617 621 2671 ἀπέθανεν
641 2635 655 2647 ·
686 2619 781 2671 καὶ
807 2615 874 2690 ἦν
903 2619 1097 2684 πένθος
1125 2621 1220 2674 καὶ
1254 2622 1482 2684 κοπετὺς
1508 2625 1565 2675 ἐν
1587 2623 1664 2694 τῷ
1689 2623 1822 2696 οἴκῳ

228 2711 416 2765 αὐτοῦ.
455 2705 553 2774 Εἷς
585 2710 643 2763 δέ
695 2729 802 2775 τις,
846 2713 1108 2783 Ἑρμείας
1152 2713 1412 2784 ὀνόματι,
1462 2715 1818 2786 Χριστιανὸς,

227 2798 383 2854 εἶπεν
421 2804 490 2871 τῇ
530 2801 700 2872 μητρὶ
731 2801 826 2854 τοῦ
856 2802 1044 2866 παιδός
1064 2820 1080 2836 ο
1113 2803 1324 2874 Κυρία,
1363 2803 1681 2876 δυσώπησον
1713 2823 1821 2859 πα-

228 2891 556 2961 ραγενέσθαι
576 2892 670 2944 τὸν
704 2893 874 2962 μέγαν
903 2894 1242 2962 Ἐπιιράνιον,
1265 2896 1359 2948 καὶ
1380 2896 1609 2967 ιήγειρεν
1640 2896 1706 2951 ἂν
1731 2897 1823 2951 τὸν

227 2983 414 3036 παῖδα.
469 2983 581 3052 Τῆς
629 2983 685 3035 δέ
731 2985 1120 3055 πιστευσάσης,
1155 2985 1357 3049 εὐθέως
1387 2987 1702 3040 ἀποστέλλει
1730 2989 1822 3043 τὸν

237 3075 504 3145 Ἑρμείαν
535 3076 671 3145 πρὸς
702 3076 1042 3145 Ἐπιφάνιον,
1083 3073 1193 3130 τΗιν
1227 3077 1334 3147 γὰρ
1383 3079 1411 3130 6
1451 3079 1710 3150 Ἑρμείας
1746 3085 1823 3135 ol-

147 3181 149 3183 ‘
225 3170 373 3230 κείος
401 3167 589 3220 αὑτοῦ.
621 3167 825 3220 Ἐλθὼν
880 3169 935 3222 δὲ
960 3171 994 3221 ὁ
1033 3169 1292 3240 Ἑρμείας
1320 3166 1472 3225 εἶπεν
1504 3173 1640 3243 πρὸς
1670 3173 1821 3228 Ἐπι-

226 3256 418 3325 φάνιον
440 3273 454 3285 ⁸
499 3257 692 3330 Κύριε,
719 3259 748 3309 6
774 3259 961 3329 κύριός
993 3277 1092 3330 μου
1127 3261 1378 3324 Συνέσιος
1402 3263 1719 3317 ἀπέστειλέν
1749 3282 1815 3335 με

225 3354 366 3420 πρὸς
408 3351 493 3414 σὲ,
528 3353 675 3415 ὅπως
701 3352 818 3419 ἄγω
851 3370 911 3405 σε
937 3353 1029 3406 ἐπὶ
1053 3354 1146 3406 τοῦ
1177 3353 1330 3407 οἴκου
1360 3354 1548 3417 αὑτοῦ,
1579 3357 1672 3409 καὶ
1694 3357 1818 3428 δεη-

225 3442 326 3514 θῇς
380 3443 475 3496 τοῦ
521 3443 654 3496 Θεοῦ
690 3447 816 3517 περὶ
864 3444 956 3497 τοῦ
1004 3445 1121 3498 υίοῦ
1170 3445 1354 3509 αὐτοῦ,
1401 3447 1481 3499 ὅτι
1526 3447 1814 3512 ἀπέθανεν,

224 3539 376 3599 ὅπως
417 3537 647 3606 ἀναστῇ.
694 3537 827 3588 Τότε
874 3536 932 3588 δὲ
981 3537 1301 3606 Ἐπιφάνιος
1347 3538 1537 3592 ἕλαϐέν
1581 3558 1668 3611 με,
1724 3543 1817 3596 καὶ

153 3617 155 3621 ’
225 3627 609 3698 ἐπορεύθημεν
657 3629 715 3681 ἐν
756 3629 834 3699 τῷ
879 3630 1013 3700 οἴκῳ
1054 3631 1328 3684 Συνεσίου.
1378 3632 1487 3685 Καὶ
1535 3633 1611 3696 ὼς
1655 3630 1817 3705 ἦλθεν

224 3720 554 3788 Ἐπιφάνιος
586 3722 643 3772 ἐν
674 3719 750 3790 τῷ
783 3721 937 3790 οἴκῳ,
968 3721 1160 3775 ἔπεσεν
1191 3725 1224 3794 ή
1269 3723 1403 3795 γυνὴ
1431 3725 1679 3778 Συνεσίου
1725 3727 1817 3779 ἐπὶ

223 3811 322 3880 τὴν
356 3811 483 3879 γῆν,
514 3810 786 3874 τοιούτους
819 3811 1007 3879 λόγους
1037 3813 1268 3880 λέγουσα
1295 3815 1431 3885 πρὸς
1459 3815 1772 3890 Ἐπιφάνιον
1797 3834 1812 3846 '

224 3898 432 3964 Ἦλθες
480 3889 764 3965 ἐκιθῶεςὸ
819 3903 991 3972 μέγας
1048 3905 1230 3974 ἰατρὸς
1281 3906 1387 3958 τῶν
1441 3889 1810 3976 Χριστιανῶν·

225 3993 402 4058 δεῖξον
448 3994 666 4062 τέχνην,
713 3992 918 4064 ἴδομεν,
959 3994 1194 4066 λάϐομεν
1246 3996 1320 4066 (α)
1359 4002 1553 4068 πεῖραν
1605 4001 1817 4071 ἰατρευ-

226 4085 456 4146 θὲντες,
514 4085 610 4136 καὶ
665 4084 806 4137 οὕτω
862 4085 1251 4157 προσέλθωμεν
1301 4088 1376 4159 τῷ
1425 4089 1643 4160 Χριστῷ
1698 4108 1812 4145 σου.

226 4175 417 4230 Ταῦτα
466 4176 524 4228 δὲ
569 4176 830 4247 εἰπούσης
870 4177 967 4247 τῆς
1009 4180 1285 4246 γυναικὸς,
1323 4176 1472 4233 εἶπεν
1503 4181 1817 4251 Ἐπιιράνιος

229 4269 367 4338 πρὸς
402 4269 606 4339 αὑτήνο
645 4267 775 4320 Ἐὰν
815 4270 1091 4334 πιστεύεις
1133 4271 1212 4340 τῷ
1249 4273 1676 4343 ἐσταυρωμένῳ,
1711 4275 1814 4346 ὄψῃ

227 4361 316 4411 τὸν
347 4360 521 4412 παῖδα
555 4360 981 4429 περιπατοῦντα.
1009 4357 1176 4414 Εἶπεν
1201 4361 1256 4414 δὲ
1285 4363 1344 4415 τὸ
1372 4363 1592 4432 γύναιον
1611 4383 1623 4394 ·
1656 4367 1818 4419 Ἀλλο

228 4449 382 4501 οὐδὲν
414 4449 730 4520 εὑρίσκεται
759 4452 817 4502 ἐν
844 4450 1090 4522 λογισμῷ
1121 4470 1244 4522 μου,
1296 4453 1328 4523 ἢ
1367 4453 1426 4506 τὸ
1458 4455 1616 4523 μόνον
1649 4473 1818 4529 προσ-

1921 1969 1972 2015 et
2005 1960 2198 2018 ﬁlium.

1991 2236 2148 2291 XLII.
2191 2237 2422 2306 Quidam
2479 2253 2659 2298 autem
2711 2245 2882 2313 alius,
2934 2248 3157 2304 nomine
3208 2248 3494 2321 Synesius,

1922 2330 2014 2398 qui
2058 2331 2173 2399 ipse
2210 2348 2429 2402 quoque
2473 2343 2592 2389 erat
2627 2335 2800 2401 dives,
2855 2338 2947 2392 sed
2983 2341 3219 2410 gentilis,
3261 2344 3498 2402 habebat

1922 2420 2094 2477 ﬁlium
2155 2424 2485 2495 unigenam,
2539 2427 2796 2492 tredecim
2851 2445 3026 2486 annos
3089 2443 3298 2490 natum.
3356 2435 3497 2493 Eum

1923 2516 2146 2569 morbus
2170 2517 2388 2579 invasit,
2413 2527 2467 2572 et
2493 2519 2694 2574 collum
2733 2520 2855 2590 ejus
2887 2524 3266 2591 circumdedit,
3288 2538 3342 2583 et
3369 2543 3494 2582 eum

1923 2605 2230 2671 suﬁucavit,
2271 2617 2326 2661 et
2359 2619 2442 2664 est
2470 2617 2743 2665 mortuus.
2771 2610 3009 2682 Eratque
3048 2631 3280 2687 magnus
3313 2618 3497 2676 luctus

1921 2707 1974 2753 et
2021 2699 2272 2768 planctus
2316 2701 2372 2754 in
2415 2700 2580 2756 domo
2623 2702 2760 2772 ejus.
2804 2703 3036 2769 Quidam
3066 2723 3198 2764 vero
3237 2707 3498 2767 Hermeas

1923 2791 2165 2856 nomine,
2207 2791 2578 2857 Christianus,
2622 2795 2758 2850 dixit
2798 2797 2961 2851 matri
3003 2800 3199 2868 pueri:
3245 2801 3495 2868 Domina,

1923 2883 2130 2937 utinam
2185 2884 2400 2940 adesset
2444 2900 2677 2956 magnus
2737 2886 3110 2957 Epiphanius!
3161 2892 3208 2946 is
3264 2907 3493 2962 puerum

1923 2975 2231 3030 suscitaret.
2267 2975 2340 3030 Ea
2373 2987 2552 3032 autem
2587 2979 2838 3046 credens,
2863 2983 3048 3036 statim
3083 2982 3370 3040 Hermeam
3394 2989 3498 3041 mi-

1922 3067 1989 3120 sit
2025 3069 2091 3120 ad
2133 3067 2520 3139 Epiphanium.
2556 3070 2686 3124 Erat
2713 3073 2857 3126 enim
2885 3073 3146 3130 l-lermeas
3179 3077 3228 3131 ei
3252 3075 3497 3132 familiao

1925 3159 2020 3213 ris.
2053 3159 2301 3230 Cumque
2344 3162 2586 3218 venisset
2622 3161 2882 3219 Hermeas
2909 3207 2924 3231 ,
2965 3166 3100 3220 dixit
3147 3165 3450 3237 Epiphanio
3481 3189 3494 3225 :

1929 3251 2158 3307 Domine
2201 3255 2298 3317 mi,
2343 3256 2599 3311 dominus
2630 3272 2785 3312 meus
2821 3257 3081 3330 Synesius
3127 3260 3276 3315 misit
3305 3277 3393 3319 me
3429 3265 3498 3318 ad

1927 3355 2008 3408 te,
2043 3354 2102 3398 ut
2131 3354 2182 3400 te
2210 3347 2404 3401 ducam
2440 3349 2494 3402 in
2539 3351 2762 3403 domum
2813 3365 3002 3416 suam,
3036 3362 3090 3406 et
3125 3370 3280 3424 roges
3324 3354 3497 3411 Deum

1924 3451 2022 3506 pro
2067 3438 2180 3493 lilio
2221 3438 2360 3508 ejus,
2395 3441 2491 3510 qui
2519 3449 2604 3496 est
2648 3451 2920 3509 mortuus,
2959 3452 3018 3498 ut
3047 3455 3314 3517 resurgat.
3344 3445 3500 3503 Tune

1924 3544 2012 3582 me
2044 3530 2252 3599 accepit
2282 3530 2635 3601 Epiphanius,
2679 3541 2733 3588 et
2774 3534 2972 3591 ivimus
2999 3541 3053 3590 in
3087 3537 3308 3593 domum
3334 3538 3502 3611 Syne-

1924 3620 2013 3674 sii.
2063 3619 2306 3691 Cumque
2343 3623 2567 3677 domum
2619 3633 2764 3679 esset
2813 3626 3092 3696 ingressus
3138 3628 3494 3700 Epiphanius,

1923 3713 2118 3768 cecidit
2148 3714 2300 3768 humi
2345 3731 2482 3770 uxor
2525 3716 2760 3787 Synesii,
2807 3718 2924 3774 haec
2957 3720 3118 3775 verba
3146 3721 3335 3779 dicens
3365 3723 3497 3795 Epi-

1923 3805 2126 3875 phanio
2154 3825 2166 3859 :
2198 3804 2410 3862 Venisti
2440 3809 2566 3871 huc,
2590 3809 2684 3878 qui
2717 3824 2778 3865 es
2806 3825 3036 3882 magnus
3066 3813 3311 3870 medicus
3333 3816 3496 3870 Chri-

1924 3896 2229 3951 stianorum
2257 3913 2270 3961 ;
2310 3896 2592 3953 videamus
2621 3910 2792 3954 artem
2827 3909 2975 3956 tuam
3008 3901 3063 3955 in
3093 3902 3288 3967 lilium,
3319 3913 3373 3960 et
3403 3921 3496 3961 ac-

1925 3989 2191 4058 cipiamus
2253 3991 2425 4044 curati
2487 3992 2914 4060 experientiam;
2975 4003 3030 4048 et
3080 3994 3159 4048 sic
3211 3997 3278 4050 ad
3340 4005 3497 4052 tuum

1926 4079 2204 4135 Christum
2256 4082 2598 4136 accedamus.
2647 4081 2784 4137 Cum
2843 4084 2959 4138 haec
3002 4085 3230 4142 dixisset
3281 4088 3495 4154 mulier,

1927 4171 2063 4225 dixit
2085 4172 2134 4226 ei
2160 4171 2530 4242 Epiphanius:
2553 4171 2610 4227 Si
2637 4174 2937 4230 credideris
2963 4175 3257 4243 Cruciﬁxo,
3286 4179 3497 4237 videbis

1926 4265 2096 4317 tilium
2125 4273 2275 4318 tuum
2313 4265 2704 4321 ambulantem.
2735 4266 2882 4321 Dixit
2910 4276 3093 4322 autem
3127 4271 3448 4328 muliercula
3478 4293 3493 4333 :

1929 4353 2031 4408 Sed
2067 4355 2203 4408 nihil
2229 4355 2375 4409 aliud
2403 4356 2582 4425 cogito
2612 4356 2666 4409 in
2696 4357 2901 4421 animo,
2936 4357 3041 4413 nisi
3072 4362 3497 4418 mentem.adhi-

1926 4448 2052 4502 bere
2081 4447 2375 4502 Cruciﬁxo.
2424 4447 2563 4501 Cum
2607 4448 2790 4518 itaque
2837 4448 3168 4519 Epiphanius
3198 4454 3265 4508 ad
3297 4454 3496 4511 lectum

228 4541 376 4608 ἐχειν
425 4557 495 4610 με
522 4540 599 4610 τῷ
631 4542 1049 4613 ἐσταυρωμένῳ.
1090 4545 1148 4596 '0
1177 4540 1268 4597 οὖν
1297 4546 1612 4614 Ἐπιφάνιος
1647 4565 1813 4620 προσ-

1929 4539 2270 4601 accessisset,
2318 4547 2372 4591 et
2399 4538 2600 4593 collum
2646 4539 2801 4608 pueri
2843 4549 3253 4608 contrectasset,
3297 4553 3352 4599 et
3378 4547 3498 4615 ejus

229 4633 459 4700 εγγίσας
488 4635 581 4685 ἐπὶ
608 4634 708 4703 τῆς
737 4634 945 4704 κλίνης,
987 4637 1082 4688 καὶ
1113 4636 1390 4706 ἁψάμενος
1418 4637 1511 4690 τοῦ
1546 4641 1814 4711 τραχήλου

229 4723 321 4777 τοῦ
358 4726 672 4796 παιδαρίου,
722 4727 815 4779 καὶ
841 4726 1130 4798 διατρίψας
1154 4727 1316 4780 αὑτοῦ
1349 4729 1440 4781 τὸν
1469 4731 1692 4801 αὐχένα,
1738 4728 1816 4784 εἷ-

228 4833 329 4868 πεν
364 4816 506 4886 πρὸς
549 4817 712 4869 αὐτὸν
745 4817 912 4888 ἱλαρῷ
950 4817 1029 4887 τῷ
1056 4818 1364 4889 προσώπῳ’
1397 4820 1714 4892 Εὐστόργιε.
1760 4824 1816 4876 Ὁ

227 4905 282 4957 δέ
313 4909 445 4968 παῖς
475 4906 681 4969 εὐθέως
713 4905 944 4975 ἀνέῳξεν
984 4908 1110 4970 τοὺς
1135 4907 1466 4980 ὀφθαλμοὺς,
1500 4912 1593 4964 καὶ
1621 4913 1817 4966 ἀνεκά-

229 4999 381 5051 θισεν
426 4999 521 5050 ἐπὶ
568 4999 668 5068 τῆς
705 4999 928 5068 κλίνης*
972 5000 1065 5052 καὶ
1108 4999 1496 5072 ἐθαμϐήθησαν
1543 5007 1694 5057 οἱ-ἐν
1740 5005 1818 5076 τῷ

227 5088 388 5159 οἴκῳ.
426 5088 638 5141 ’ἰδοῦσα
665 5083 758 5141 οὖν
785 5090 818 5158 ή
847 5089 1032 5159 μήτηρ
1059 5089 1386 5161 Εὑστοργίου
1426 5092 1488 5144 τὸ
1535 5094 1816 5163 γινόμενον

225 5179 316 5233 διὰ
357 5178 685 5248 Ἐπιφανίου
720 5179 812 5231 ἐπὶ
850 5180 910 5232 τὸ
941 5179 1186 5246 παιδίον,
1227 5182 1497 5254 λαϐομένη
1546 5186 1816 5256 τρισχίλια

225 5271 567 5341 νομίσματα,
618 5272 847 5342 ἤνεγκεν
876 5270 1198 5344 Ἐπιφανίῳ.
1227 5269 1394 5327 Εἶπεν
1417 5274 1473 5326 δὲ
1503 5275 1818 5345 Ἐπιφάνιος

224 5363 372 5433 πρὸς
418 5363 627 5432 αὐτήνο
680 5362 925 5426 Τούτοις,
975 5364 1160 5433 φησὶν,
1214 5363 1324 5432 ἐγὼ
1376 5367 1436 5418 οὐ
1487 5367 1726 5438 χρῶμαι,
1772 5361 1817 5422 ὦ

228 5455 517 5526 ἐλευθέρα.
547 5453 709 5507 Ἀλλά
731 5453 910 5508 λαϐὼν
939 5456 1100 5518 αὐτὰ,
1130 5459 1264 5526 φησὶ
1283 5498 1296 5521 ,
1329 5458 1579 5521 Συνέσιος
1609 5461 1637 5512 6
1677 5459 1816 5528 σύμ-

229 5547 346 5611 ϐιός
394 5564 514 5608 σου,
544 5545 904 5599 ἀπελεύσεται
931 5548 1023 5600 ἐπὶ
1053 5548 1145 5601 τὸν
1178 5545 1324 5602 οἷκον
1369 5549 1461 5603 τοῦ
1507 5550 1818 5622 ἐγείραντος

222 5639 319 5692 τὸν
350 5639 471 5694 υἱόν
503 5655 622 5702 σου,
655 5638 751 5690 καὶ
783 5637 1050 5692 ἀποδώσει
1079 5643 1191 5703 τοῖς
1218 5641 1500 5695 κοπιῶσιν.
1531 5643 1817 5711 Ἐποίησεν

301 5773 385 5842 (α)
431 5771 683 5841 Ἰδομεν,
725 5771 1009 5842 ιλάϐομεν.
1056 5772 1282 5829 Formas
1323 5777 1536 5831 dialecti
1589 5778 1820 5831 Alexan-

226 5844 414 5899 drina:
480 5843 713 5898 libenter
785 5859 1167 5908 agnoscerem,
1237 5846 1341 5901 nisi
1413 5849 1816 5904 rescribendum

1925 4631 2190 4685 cervicem
2227 4630 2501 4697 fricasset,
2554 4631 2691 4685 dixit
2719 4634 2769 4687 ei
2795 4633 2948 4687 vultu
2985 4634 3183 4689 hilari:
3217 4634 3493 4710 Eustorgi.

1924 4725 1975 4779 ls
2003 4733 2182 4777 autem
2215 4724 2466 4793 protinus
2495 4724 2707 4792 aperuit
2736 4726 2946 4789 oculos,
2982 4736 3036 4780 et
3065 4728 3202 4783 sedit
3226 4745 3388 4800 super
3420 4732 3497 4786 le-

1924 4825 2112 4868 ctum:
2143 4824 2197 4868 et
2241 4815 2599 4868 admiratione
2636 4816 2871 4884 perculsi
2903 4827 3053 4880 sunt,
3102 4819 3195 4889 qui
3240 4829 3396 4875 erant
3440 4822 3495 4874 in

1924 4904 2107 4958 domo.
2152 4904 2290 4958 Cum
2318 4919 2448 4958 vero
2478 4904 2705 4958 vidisset
2741 4914 2911 4960 mater
2938 4905 3208 4977 Eustorgii
3249 4909 3301 4961 id
3346 4911 3493 4978 quod

1925 4995 2127 5049 factum
2151 4997 2326 5050 fuerat
2352 5010 2447 5064 per
2473 4994 2835 5064 Epiphanium
2866 4997 2919 5049 in
2943 5013 3133 5066 puero,
3161 5001 3366 5070 accepit
3390 5002 3496 5060 tria

1925 5087 2093 5140 millia
2127 5101 2472 5139 nunnnorum
2505 5095 2558 5139 et
2586 5087 2782 5140 obtulit
2811 5087 3133 5156 Epiphanio.
3155 5088 3492 5147 Dixitautem

1923 5177 1974 5231 ei
2003 5177 2372 5247 Epiphanius:
2399 5175 2490 5232 Eis
2512 5193 2612 5248 ego
2643 5194 2752 5233 non
2782 5188 2922 5241 utor,
2947 5194 2981 5232 ο
3010 5180 3204 5234 mulier
3226 5182 3488 5253 ingenua;

1925 5271 2019 5325 sed
2059 5270 2288 5324 maritus
2319 5280 2446 5324 tuus
2477 5286 2572 5325 eos
2620 5270 2870 5340 accipiet,
2922 5281 2976 5324 et
3022 5271 3119 5326 ibit
3169 5273 3237 5328 ad
3269 5274 3490 5329 domum

1923 5362 2063 5431 ejus,
2115 5363 2206 5431 qui
2256 5371 2411 5416 tuum
2461 5363 2718 5418 excitavit
2769 5363 2964 5430 ﬁlium,
2999 5373 3054 5418 et
3085 5365 3234 5420 dabit
3285 5367 3353 5422 iis
3395 5371 3489 5436 qui

1923 5454 2192 5508 laborant.
2227 5452 2320 5509 Sic
2342 5465 2521 5508 autem
2551 5453 2679 5509 fecit
2717 5453 2995 5524 Synesius.
3027 5453 3258 5525 Fuitque
3287 5457 3494 5512 illumi~

1925 5554 2086 5600 natus
2122 5545 2258 5615 ipse,
2294 5555 2348 5600 et
2371 5563 2509 5601 uxor
2534 5547 2674 5616 ejus,
2717 5557 2771 5602 et
2813 5546 2977 5611 ﬁlius,
3009 5563 3170 5617 quem
3213 5559 3490 5605 mortuum

1925 5636 2218 5691 suseitarat
2240 5635 2594 5705 Epiphanius.

1924 5785 2055 5851 esse
2081 5770 2303 5851 ἴδωμεν,
2345 5769 2596 5851 λάϐωμεν
2620 5813 2634 5836 ,
2678 5788 2909 5844 sequens
2957 5773 3339 5851 προσέλθωμεν
3372 5789 3493 5850 βενε·

1899 5842 2194 5904 .suadcrct.
2217 5840 2389 5896 ‘Eoir.
2421 5841 2661 5900 Parnm.
