4088 6362
528 372 594 424 79
1808 374 1866 430 S.
1909 375 2252 432 EPIPIIANII
2296 376 2478 434 VITA.
3692 389 3762 448 80

519 490 577 542 δὲ
625 487 875 550 Συνέσιος
907 503 1094 550 ουτως.
1122 487 1422 557 Ἐφωτὶσθη
1474 487 1530 540 δὲ
1579 487 1757 554 αὐτὸς,
1803 490 1896 542 καὶ
1946 492 1978 560 ή
2020 490 2155 562 γυνὴ
2192 492 2379 558 αὐτοῦ,
2438 492 2532 547 καὶ
2585 494 2616 547 6
2658 492 2772 560 υίὸς
2819 495 3004 562 αὑτοῦ,
3049 497 3106 551 ὃν
3156 498 3374 570 ήγειρεν
3419 498 3692 557 τεθνεῶτα
3730 504 3761 556 6

520 583 856 651 Ἐπιφάνιος.

589 675 771 732 XLIII.
811 676 945 732 Cum
983 675 1278 746 aliquando
1303 689 1549 730 essemus
1583 675 1636 730 in
1667 675 1802 740 aede,
1828 685 1882 730 et
1904 677 2068 730 nullus

2259 675 2390 730 Mi".
2433 672 2572 727 Ποτέ
2602 667 2696 727 οὖν
2725 673 2894 728 ὄντων
2917 673 3072 746 ήμῶν
3096 677 3154 730 ἐν
3180 675 3258 746 τῷ
3287 677 3438 748 οῐκῳ,
3470 676 3563 729 καὶ
3593 676 3760 748 μηδε-

517 780 664 825 esset
699 769 870 832 alius,
917 766 1230 846 dlxitpnihi
1279 766 1618 836 Epiphanius
1657 782 1671 818 :
1707 765 1808 820 Fili
1861 765 2083 837 Polybi,

517 860 778 929 quoniam
813 874 951 930 opus
988 859 1151 913 habet
1182 857 1421 912 Ecclesia
1449 857 1766 928 presbytero
1811 857 1865 911 in
1906 857 2084 912 locum

521 951 699 1009 Patris
729 952 901 1008 nostri
931 949 1160 1006 Joannis
1180 992 1194 1016 ,
1228 951 1348 1004 volo
1369 990 1382 1014 ,
1429 965 1462 1003 ο
1512 950 1584 1004 Iili
1605 990 1620 1014 ,
1661 958 1718 1003 ut
1749 950 1826 1004 sis
1855 950 1908 1003 in
1941 950 2085 1005 illius

519 1047 728 1100 ordine.
760 1046 893 1098 Ilum
927 1059 1026 1114 ego
1077 1052 1256 1097 autem
1303 1057 1366 1096 ca
1417 1057 1537 1109 qua:
1591 1041 1912 1096 dicebantur
1943 1053 2085 1110 aegre

519 1137 741 1200 ferrem,
773 1145 827 1190 et
852 1135 1030 1190 verbis
1057 1134 1305 1204 plurimis
1336 1148 1668 1197 recusarem,
1695 1132 1843 1186 venit
1870 1140 2084 1200 tempus

517 1229 792 1293 ecclesiae,
847 1234 907 1281 ut
946 1226 1188 1280 divinum
1231 1223 1536 1279 faceremus
1586 1223 1843 1278 oﬂicium.
1894 1222 2079 1294 Ingre-

520 1319 792 1374 dientibus
835 1333 967 1374 vero
1013 1317 1170 1372 nobis
1215 1317 1466 1372 omnibus
1512 1330 1636 1371 cum
1683 1316 1986 1386 Epiphanio
2026 1317 2081 1370 in

517 1411 825 1476 ecclesiam,
858 1409 910 1463 in
935 1409 1116 1462 animo
1140 1407 1302 1462 habui
1327 1406 1606 1476 aufugere,
1624 1407 1921 1478 presbyteri
1941 1421 2082 1463 onus

516 1515 680 1570 grave
710 1513 830 1554 esse
874 1497 1212 1553 existimans.
1260 1496 1490 1563 Quando
1521 1507 1702 1552 autem
1736 1499 2081 1567 pervenimus

515 1591 582 1645 ad
615 1597 950 1659 suggestum,
995 1587 1330 1656 Epiphanius
1363 1603 1448 1641 me
1480 1604 1643 1641 manu
1688 1599 1909 1654 tenens,
1944 1589 2081 1644 dixit

517 1678 648 1732 mihi
678 1695 691 1732 :
716 1677 872 1732 Mane
901 1679 954 1731 in
987 1677 1090 1731 hoc
1118 1677 1238 1731 loco
1260 1691 1434 1746 usque
1461 1678 1527 1732 ad
1555 1685 1788 1748 tempus.
1813 1678 2079 1733 Admirati

513 1779 660 1835 sunt,
679 1770 772 1840 qui
802 1769 947 1824 hunc
973 1783 1278 1824 sermonem
1309 1770 1620 1824 audierunt.
1653 1771 1763 1840 Ego
1795 1781 1940 1826 certe
1968 1787 2076 1827 non

514 1860 664 1932 potui
698 1859 930 1929 amplius
958 1873 1026 1914 ex
1054 1875 1118 1914 eo
1154 1860 1272 1915 loco
1305 1861 1494 1930 pedem
1541 1861 1743 1925 levare,
1799 1862 1888 1916 sed
1927 1877 2077 1917 eram

512 1950 677 2007 veluti
724 1949 916 2006 ferreis
962 1950 1133 2006 clavis
1181 1953 1449 2006 conlisus.
1484 1950 1715 2017 Quando
1756 1961 1935 2008 autem
1974 1953 2076 2010 fuit

2195 764 2283 828 νὸς
2324 763 2476 826 ὄντος
2515 762 2733 835 ἐτέρου,
2765 759 2916 817 εἷπεν
2955 765 3091 836 πρὸς
3127 767 3194 836 μὲ
3223 769 3252 820 6
3281 767 3626 836 Ἐπιφάνιος·
3655 768 3760 822 Τέ-

2193 869 2317 907 κνον
2345 852 2592 918 Πολύϐιε,
2622 855 2810 926 ἐπειδὴ
2839 857 3025 925 χρείαν
3057 857 3170 928 ἔχει
3215 859 3248 928 ή
3281 859 3578 929 Ἐκκλησία
3623 877 3755 931 πρε-

2194 943 2453 1018 σϐυτέρου
2484 948 2564 1010 είς
2593 945 2684 999 τὸν
2711 947 2874 1001 τόπον
2920 947 3014 1002 τοῦ
3055 950 3267 1020 Πατρὺς
3302 950 3460 1021 ἡμῶν
3487 951 3758 1017 Ἰωάννου,

2191 1036 2328 1090 Θέλω
2360 1053 2440 1102 σε,
2474 1038 2684 1102 τέκνον,
2713 1034 2850 1090 εἶναι
2879 1041 2935 1092 ἐν
2967 1042 3030 1111 τῇ
3063 1040 3213 1106 τάξει
3253 1043 3481 1096 ἐκείνου.
3509 1041 3676 1114 Ἐμοῦ
3703 1045 3762 1098 δὲ

2192 1127 2402 1200 βαρέως
2431 1129 2686 1200 φέροντος
2717 1133 2808 1184 ἐπὶ
2837 1133 2946 1195 τοῖς
2966 1131 3330 1202 λαλουμένοις,
3350 1135 3445 1188 καὶ
3467 1153 3762 1206 παραιτου-

2193 1219 2352 1292 μένου
2392 1220 2484 1272 ἐπὶ
2517 1219 2787 1286 πλείστοις
2834 1223 3030 1290 λόγοις,
3070 1222 3302 1290 ἔφθασεν
3349 1225 3378 1276 6
3425 1225 3614 1295 καιρὸς
3659 1225 3761 1295 τῆς

2188 1311 2500 1382 ἐκκλησίας,
2536 1312 2628 1366 τοῦ
2662 1315 2883 1385 ποιῆσαι
2907 1314 2967 1368 τὸ
3003 1314 3161 1386 ἔργον
3191 1315 3286 1368 τοῦ
3312 1317 3536 1387 Κυρίου.
3575 1317 3760 1388 Ἦμῶν

2187 1406 2244 1459 δὲ
2273 1407 2526 1460 ἁπάντων
2570 1408 2963 1479 είσερχομένων
2999 1408 3136 1478 μετὰ
3175 1409 3494 1478 Ἐπιφανίου
3522 1412 3614 1463 ἐπὶ
3657 1410 3760 1480 τῆς

2187 1497 2508 1567 ἐκκλησίας,
2557 1499 2713 1568 ἔσχον
2759 1498 3017 1568 λογισμὸν
3070 1498 3161 1551 τοῦ
3208 1500 3544 1570 ἀποδράσαι,
3595 1500 3760 1570 βάρος

2187 1588 2484 1659 ἡγούμενος
2531 1589 2592 1641 τὸ
2648 1589 2862 1660 φορτίον
2911 1587 3004 1641 τοῦ
3053 1589 3444 1660 πρεσϐυτέρου.
3493 1590 3620 1644 Ὅτε
3665 1587 3760 1644 οὖν

2185 1680 2416 1749 ἔφθασεν
2455 1680 2549 1733 ἐπὶ
2579 1681 2639 1732 τὸ
2683 1681 2831 1751 βῆμα
2852 1722 2864 1740 ,
2899 1683 3174 1752 κρατήσας
3210 1699 3284 1752 με,
3309 1680 3622 1749 Ἐπιφάνιος
3657 1681 3759 1752 τῆς

2183 1772 2391 1844 χειρὸς,
2419 1767 2571 1824 εἶπεν
2613 1772 2748 1843 πρὸς
2777 1771 2877 1841 μέ·
2919 1772 3059 1825 Μένε
3093 1773 3184 1824 ἐπὶ
3223 1772 3302 1841 τῷ
3327 1773 3477 1843 τόπῳ
3502 1772 3606 1836 ἕως
3636 1790 3758 1825 και-

2187 1862 2300 1933 ροῦ.
2333 1862 2642 1927 Ἐξίσταντο
2695 1862 2752 1915 δὲ
2804 1863 3004 1926 πάντες
3051 1866 3099 1916 oi
3146 1864 3432 1926 ἀκούοντες
3473 1864 3565 1916 τὸν
3599 1863 3758 1932 λόγον

2180 1952 2388 2007 τοῦτον.
2419 1952 2561 2022 Ἐγὼ
2603 1949 2695 2006 οὖν
2721 1954 2902 2007 οὐκέτι
2933 1954 3202 2025 ἠδυνήθην
3237 1955 3494 2024 κουφίσαι
3529 1971 3630 2024 μου
3662 1953 3758 2008 τὸν

511 2041 777 2112 completa
825 2049 935 2096 tota
981 2041 1389 2112 consequentia,
1441 2050 1570 2096 tunc
1623 2042 1772 2096 misit
1805 2060 1974 2099 unum
2012 2061 2068 2100 ex

2182 2045 2316 2098 πόδα
2361 2046 2426 2098 ἐκ
2481 2045 2573 2098 τοῦ
2627 2045 2828 2098 τόπου·
2875 2046 2989 2098 ἀλλ’
3050 2048 3199 2118 ἥμην
3247 2047 3322 2111 ὡς
3371 2047 3759 2118 καθηλωμένος

507 2131 775 2196 diaconis,
800 2140 855 2186 et
894 2147 981 2186 me
1003 2132 1156 2187 duxit
1186 2131 1252 2187 ad
1297 2134 1488 2198 altare,
1519 2141 1571 2187 et
1602 2132 1873 2189 ordinavit
1912 2152 2067 2206 pres-

515 2222 790 2293 byterum.
843 2218 973 2275 Post
1047 2220 1289 2277 ecclesiae
1338 2235 1469 2276 vero
1522 2219 1914 2288 dimissionem,
1967 2239 2077 2295 pra:

509 2321 654 2366 metu
705 2309 872 2366 cecidi
901 2310 954 2364 in
991 2311 1220 2379 lectum,
1253 2320 1310 2367 et
1373 2313 1530 2368 valde
1580 2314 1634 2368 in
1677 2315 1902 2386 grabato
1927 2330 2076 2371 com-

506 2400 801 2473 primebar,
821 2402 992 2458 donec
1015 2402 1351 2475 Epiphanius
1370 2405 1650 2476 ingressus
1671 2415 1772 2473 est,
1789 2417 1842 2463 et
1864 2409 2071 2474 oravit;

507 2499 562 2546 et
589 2489 770 2546 statim
803 2491 1036 2545 surrexi.

581 2767 763 2822 XLIV.
799 2770 1106 2838 Aliquando
1129 2779 1311 2826 autem
1346 2773 1492 2827 venit
1542 2774 1760 2843 quidam
1811 2774 2072 2829 diaconus

510 2857 924 2930 Hierosolymis,
955 2870 1009 2914 et
1038 2863 1373 2917 renuntiavit
1415 2864 1717 2933 Epiphanio
1772 2866 1838 2918 de
1865 2864 2072 2920 Joanne

505 2954 760 3024 episcopo
819 2951 1333 3023 Hierosolymitano,
1371 2956 1514 3024 quod
1571 2966 1716 3010 esset
1773 2972 1988 3018 avarus,
2018 2965 2073 3010 et

507 3045 807 3101 includeret
836 3047 1117 3114 pecunias,
1141 3056 1194 3101 et
1223 3062 1329 3100 non
1379 3048 1747 3117 suppeditaret
1782 3048 2069 3118 indigenti-

503 3129 624 3184 ωε.
659 3128 1006 3186 Ηιιὶιίιεινειίιι
1031 3141 1208 3185 autem
1241 3131 1328 3186 hic
1373 3131 1611 3188 Joannes
1655 3133 1709 3187 in
1739 3132 2070 3187 monasterio

505 3220 686 3290 magni
721 3219 1015 3276 Hilarionis
1045 3237 1059 3272 :
1091 3237 1202 3291 quo
1235 3221 1436 3276 factum
1464 3233 1566 3288 est,
1611 3232 1673 3277 ut
1701 3239 1809 3276 una
1853 3238 2070 3293 quoque

501 3327 625 3364 cum
645 3319 711 3365 eo
734 3311 988 3366 habitarit
1009 3311 1362 3380 Epiphanius.
1381 3312 1716 3382 Epiphanius
1739 3316 1920 3384 itaque
1942 3317 2069 3369 scri-

2185 2136 2322 2207 μετά
2348 2137 2465 2208 σιδή
2477 2155 2602 2208 ρων.
2630 2139 2757 2191 Ὅτε
2784 2138 2840 2190 δὲ
2871 2137 3158 2210 ἐπληρώθη
3194 2141 3344 2192 πᾶσα
3381 2141 3416 2209 ή
3444 2138 3755 2202 ἀκολουθία,

2180 2227 2301 2279 τότε
2329 2227 2643 2280 ἀπέστειλεν
2670 2227 2765 2280 ἕνα
2783 2227 2890 2279 τῶν
2913 2226 3193 2293 διακόνων,
3211 2227 3307 2280 καὶ
3331 2227 3536 2297 ήγαγέν
3565 2243 3634 2296 με
3665 2225 3758 2279 ἐπὶ

2179 2318 2272 2371 τοῦ
2295 2317 2698 2388 θυσιαστηρίου,
2731 2319 2824 2371 καὶ
2855 2317 3232 2390 ἐχειροτόνησέ
3267 2336 3336 2389 με
3361 2318 3753 2390 πρεσϐύτερον·

2181 2409 2274 2460 καὶ
2313 2408 2451 2478 μετὰ
2482 2409 2580 2478 τὴν
2609 2407 2870 2462 ἀπόλυσιν
2909 2409 3008 2479 τῆς
3049 2407 3375 2478 ἐκκλησίας,
3427 2409 3536 2462 ἀπὸ
3588 2408 3756 2479 φόϐου

2180 2497 2348 2550 ἔπεσα
2387 2499 2481 2551 ἐπὶ
2529 2499 2626 2568 τῆς
2679 2498 2885 2567 κλίνης,
2938 2499 3033 2552 καὶ¹
3078 2499 3227 2569 ἥμην
3272 2499 3624 2569 συνεχόμενος
3661 2500 3756 2554 ἐπὶ

2179 2587 2478 2657 κραϐάτου,
2511 2587 2614 2649 ἕως
2643 2580 2703 2639 οὗ
2732 2583 2894 2656 ἦλθεν
2927 2586 3264 2655 Ἐπιφάνιος,
3290 2589 3384 2641 καὶ
3418 2586 3638 2658 ηὔξατο,
3661 2589 3756 2642 καὶ

2179 2676 2376 2738 εὐθέως
2410 2675 2660 2743 ἀνέστην.
3181 2669 3190 2679 ”

2248 2767 2377 2820 MA'.
2414 2767 2548 2818 Τότε
2579 2765 2670 2819 οὖν
2706 2766 2780 2836 (a)
2823 2767 3149 2837 παρεγένετό
3175 2783 3257 2829 τις
3290 2766 3400 2819 άπὸ
3456 2767 3754 2840 Ἰεροσολύ-

2181 2874 2294 2926 μων
2331 2856 2594 2921 διάκονος,
2653 2857 2746 2908 καὶ
2791 2856 3122 2926 ἀπήγγειλεν
3174 2857 3474 2927 Ἐπιφανίῳ
3525 2859 3591 2912 τά
3623 2862 3755 2933 περὶ

2177 2947 2422 3000 Ἰωάννου
2454 2946 2547 2999 τοῦ
2581 2947 2884 2999 ἐπισκόπου
2925 2946 3308 3018 Ἰεροσολύμων
3331 2991 3344 3012 ,
3375 2949 3457 3001 ὅτι
3486 2950 3753 3023 φιλάργυ-

2181 3055 2290 3107 ρος,
2321 3039 2506 3107 φησὶν,
2539 3039 2707 3102 ἐστὶν,
2736 3039 2830 3090 καὶ
2854 3037 2924 3090 τὰ
2965 3039 3222 3109 χρήματα
3266 3039 3627 3096 ἐναποκλείων
3662 3045 3752 3096 ἐν-

2175 3129 2446 3198 δεομένοις
2477 3128 2536 3180 οὑ
2571 3128 2818 3198 παρέχει.
2851 3124 2959 3181 Ἦν
2979 3129 3036 3181 δὲ
3073 3133 3102 3181 6
3129 3129 3381 3200 Ἰωάννης
3414 3124 3569 3195 οὗτος
3595 3134 3750 3206 οἰκή-

2177 3235 2274 3281 σας
2301 3219 2358 3269 ἐν
2395 3217 2472 3287 τῷ
2515 3217 2860 3288 μοναστηρίῳ
2893 3217 2985 3269 τοῦ
3015 3218 3246 3288 μεγάλου
3305 3217 3630 3288 Ἱλαρίωνος,
3674 3221 3752 3282 ὡς

2175 3309 2491 3376 Ἐπιφάνιος
2522 3307 2828 3377 συνῴκησεν
2851 3307 3018 3378 αὐτῷ.
3051 3307 3110 3360 Ὀ
3138 3303 3559 3376 οὖνἘπιφάνιος
3587 3309 3752 3381 ἐγρα-

503 3403 610 3470 psit
635 3403 913 3471 epistolam
943 3402 1009 3457 ad
1058 3401 1319 3457 Joannem
1351 3404 1416 3458 de
1451 3405 1821 3459 misericordia
1865 3407 1917 3458 in
1950 3421 2064 3470 eos,

2174 3397 2269 3466 ψεν
2302 3397 2590 3467 ἐπιστολὴν
2604 3395 2682 3466 τῷ
2702 3396 2943 3468 Ἰωάννῃ,
2965 3413 3030 3448 πε
3040 3398 3092 3466 pl.
3119 3397 3213 3450 τοῦ
3231 3399 3401 3451 ἐλεεῖν
3419 3400 3543 3462 τοὺς
3559 3400 3751 3469 χρείαν

499 3493 594 3562 qui
625 3494 884 3564 indigent.
912 3493 1148 3549 Joannes
1173 3503 1351 3549 autem
1385 3497 1625 3565 epistola:
1653 3499 1852 3551 nullam
1882 3498 2067 3552 habuit

502 3585 788 3638 rationem.
824 3583 942 3640 Non
977 3586 1049 3640 ita
1096 3587 1265 3640 multo
1321 3599 1442 3657 post
1478 3594 1719 3656 tempore
1758 3589 1894 3642 dixit
1935 3589 2065 3642 mihi

499 3673 835 3744 Epiphanius
871 3694 881 3728 :
915 3676 1048 3746 Age,
1087 3677 1182 3742 lili,
1206 3693 1396 3732 eamus
1439 3677 1798 3744 Hierusalem,
1848 3689 1901 3733 et
1939 3695 2062 3734 cum

499 3765 930 3831 adoraverimus,
987 3774 1342 3821 revertemur.
1399 3768 1533 3821 Cum
1579 3785 1609 3823 e
1656 3767 1832 3838 Cypro
1882 3779 2061 3823 autem

502 3854 876 3918 solvissemus,
935 3857 1308 3926 navigavimus
1358 3859 1657 3912 Cmsarcam
1717 3859 1978 3928 Philippi;
2013 3871 2065 3914 et

497 3936 648 4000 illinc
664 3947 1010 4002 ascendimus
1036 3947 1391 4002 Hierusalem.
1421 3950 1666 4018 Cumque
1688 3953 1889 4020 egressi
1915 3967 2064 4005 esse-

499 4050 622 4091 mus
647 4046 702 4092 et
732 4053 1064 4101 orassemus,
1095 4041 1441 4093 ascendimus
1467 4041 1516 4093 in
1551 4043 1942 4110 episcopatum.
1978 4041 2063 4095 Vi-

496 4127 680 4197 ditque
711 4125 949 4182 Joannes
981 4126 1366 4197 Epiphaninm,
1393 4141 1446 4184 ct
1479 4147 1673 4200 magno
1715 4133 1813 4185 fuit
1838 4133 2061 4188 allectus

491 4219 715 4288 gaudio.
740 4217 937 4273 Joanni
995 4227 1174 4274 autem
1203 4221 1339 4274 dixit
1369 4221 1704 4290 Epiphanius
1741 4241 1753 4275 :
1792 4223 1865 4276 Da
1906 4225 2059 4287 mihi,

493 4308 671 4374 Pater,
697 4310 917 4363 domum
938 4309 1003 4363 ad
1027 4312 1373 4365 manendum.
1389 4311 1648 4381 Deditquc
1664 4314 1821 4368 nobis
1841 4314 2061 4368 domum

495 4401 936 4469 pulcherrimam.
999 4400 1254 4467 Quotidie
1309 4411 1491 4456 autem
1541 4405 1771 4458 vocabat
1824 4403 2062 4459 Joannes

496 4489 860 4559 Epiphanium
896 4491 962 4542 ad
1017 4505 1284 4556 mensam,
1319 4501 1776 4562 sumptuososqne
1829 4497 1978 4548 cibos
2011 4505 2063 4548 et

496 4590 659 4651 potus
694 4582 851 4634 nobis
892 4581 950 4632 in
1003 4596 1243 4635 mensam
1295 4582 1501 4638 ferebat
1549 4584 1921 4656 [multumque
1971 4604 2062 4642 ar-

496 4671 640 4741 genti
661 4672 1045 4726 connnutando
1064 4672 1319 4727 aﬂerebat
1348 4674 1721 4746 inmensam];
1745 4694 1852 4746 quo
1883 4679 2059 4744 (iebat,

494 4771 556 4815 ut
594 4776 859 4830 pauperes
894 4777 1001 4815 non
1027 4770 1209 4815 essent
1232 4765 1539 4832 participes.
1572 4765 1877 4834 Aliquando
1936 4784 2063 4823 vero

495 4855 634 4906 dixit
679 4851 871 4906 Joanni
908 4853 1240 4924 Epiphanius
1272 4872 1284 4907 :
1323 4855 1396 4908 Da
1437 4857 1588 4919 mihi,
1628 4875 1660 4911 ο
1699 4857 1856 4912 Ρθῑιι·
1889 4858 2058 4912 Joan-

493 4959 610 5006 nes,
642 4952 926 5012 argentum
979 4945 1045 4996 ad
1078 4958 1236 4996 usum
1289 4959 1494 4997 meum.
1549 4944 1687 4998 Sunt
1715 4947 1847 5000 mihi
1876 4947 2057 5001 alendi

492 5034 592 5085 viri
645 5032 861 5102 Cyprii;
913 5034 992 5087 eis
1031 5035 1300 5088 exhibebo
1335 5035 1676 5104 magniﬁcam
1727 5038 1804 5090 tui
1845 5041 2054 5108 argenti

491 5122 745 5192 speciem.
777 5122 960 5178 Praebe
990 5138 1148 5178 servo
1183 5132 1295 5188 tuo,
1347 5141 1468 5194 quae
1519 5136 1647 5181 sunt
1691 5129 2054 5196 pulcherrima

492 5213 547 5265 in
575 5213 736 5266 domo
780 5221 891 5280 tua,
933 5213 1000 5267 ad
1039 5222 1181 5266 tuam
1230 5215 1481 5282 gloriam,
1533 5223 1585 5270 et
1625 5216 1692 5270 de
1737 5219 1844 5273 tuis
1892 5217 2051 5276 factis

492 5301 782 5367 gloriabor,
825 5312 885 5358 ut
929 5303 1023 5373 qui
1069 5304 1170 5359 sim
1217 5314 1478 5376 perpetuo
1530 5310 1914 5367 monstrandus
1968 5312 2052 5367 di-

492 5393 622 5460 gito.
673 5392 984 5449 Memineris
1037 5403 1245 5450 tantum
1304 5413 1493 5451 eorum
1547 5413 1668 5468 quae
1719 5399 1947 5467 dantur;
1995 5410 2054 5456 et

495 5482 636 5549 quod
719 5489 968 5551 oportet,
1047 5493 1234 5554 postea
1311 5487 1406 5541 tibi
1465 5487 1737 5544 reddetur.
1817 5489 2055 5546 Joannes

493 5581 674 5628 autem
718 5574 972 5642 produxit
1019 5575 1248 5632 multum
1310 5581 1518 5650 argenti
1572 5580 1627 5637 in
1677 5591 2051 5652 conspectum.

557 5703 640 5777 (a)
672 5703 865 5778 Interp.
898 5707 1024 5779 legit
1056 5709 1202 5764 ποτέ.

2166 3489 2405 3559 ἔχοντας.
2449 3489 2504 3541 'U
2533 3489 2588 3541 δὲ
2619 3489 2871 3560 Ἰωάννης
2899 3489 3052 3541 οὐδὲν
3097 3490 3197 3559 τῆς
3241 3491 3527 3562 ἐπιστολῆς
3557 3493 3749 3564 ἐποίη-

2172 3597 2282 3631 σεν.
2315 3579 2468 3632 Μετὰ
2517 3578 2574 3631 δὲ
2596 3579 2784 3649 χρόνον
2807 3580 2866 3630 οὐ
2893 3579 3058 3632 πολὺν
3087 3576 3237 3632 εἶπεν
3262 3581 3578 3649 Ἐπιφάνιος
3612 3581 3749 3653 πρὸς

2171 3673 2268 3742 μέ·
2311 3671 2480 3742 Δεῦρο
2511 3671 2596 3741 δὴ,
2631 3671 2857 3735 τέκνον,
2910 3672 3306 3742 πορευσιὶπμεθα
3350 3675 3428 3737 εἰς
3480 3675 3750 3746 Ἰερουσα-

2166 3763 2298 3832 λὴμ,
2326 3764 2421 3815 καὶ
2460 3763 2936 3832 προσκυνήσαντες
2987 3762 3341 3834 ἀναλύσωμεν
3412 3765 3749 3838 ’Δπάραντες

2163 3854 2219 3906 δὲ
2243 3853 2349 3905 ἀπὸ
2374 3851 2596 3923 Κύπρου
2624 3837 3043 3922 ἀπεπλεύσαμεν
3064 3855 3120 3906 ἐν
3145 3855 3447 3926 Καισαρείᾳ
3469 3859 3535 3927 τῇ
3561 3856 3750 3910 Φιλίπ-

2166 3962 2266 3996 που
2291 3962 2304 3974 ·
2334 3944 2587 3996 κάκεῖθεν
2627 3944 2896 4014 ἀνέὸημεν
2921 3947 3000 4007 είς
3035 3945 3413 4016 Ἱεροσόλυμα·
3444 3949 3536 4001 καὶ¹
3571 3949 3748 4004 ἐλθόν-

2165 4052 2254 4098 τες
2279 4035 2371 4086 καὶ
2399 4034 2682 4104 εὐξάμενοι
2712 4035 2983 4105 ἁνέὸημεν
3011 4038 3091 4098 εἰς
3142 4035 3203 4086 τὸ
3231 4039 3577 4090 ὲπισκοπεῖον
3598 4054 3612 4068 ·
3651 4039 3747 4094 καὶ

2166 4124 2272 4176 ἴδεν
2299 4124 2548 4192 Ἰωάννης
2574 4125 2662 4176 τὸν
2690 4126 3025 4192 Ἐπιφάνιον,
3062 4126 3152 4178 καὶ
3184 4128 3355 4197 ἐχάρη
3379 4129 3550 4198 χαράν
3575 4130 3746 4198 μεγά-

2164 4215 2283 4284 λην.
2319 4211 2486 4268 Εἶπεν
2512 4216 2568 4267 δὲ
2599 4217 2916 4284 Ἐπιφάνιος
2948 4215 3024 4286 τῷ
3063 4218 3285 4292 Ἰωάννῃ
3311 4237 3324 4250 ο
3374 4221 3473 4284 Δὸς
3498 4239 3610 4290 μοι,
3639 4240 3745 4293 φη..

2167 4304 2270 4366 σὶν,
2299 4301 2464 4371 οἷκον,
2517 4305 2725 4369 τέκνον,
2781 4307 2872 4358 ἐπὶ
2895 4307 2954 4358 τὸ
2985 4311 3184 4376 μεῖναι.
3217 4311 3455 4364 Ἔδωκεν
3512 4312 3568 4365 δὲ
3611 4316 3743 4383 ἡμῖν

2168 4396 2450 4449 κάλλιστον
2476 4391 2641 4450 οἷκον.
2677 4397 2812 4450 Καθ’
2844 4399 3053 4469 ἡμέραν
3083 4396 3174 4453 οὖν
3207 4403 3235 4454 6
3260 4403 3513 4472 Ἰωάννης
3556 4404 3742 4458 ἐκάλει

2166 4488 2258 4540 τὸν
2285 4489 2606 4557 Ἐπιςράνιον
2633 4490 2723 4542 ἐπὶ
2756 4491 3052 4562 τραπέζης,
3075 4491 3170 4544 καὶ
3224 4491 3568 4546 πολυτέλειαν
3594 4494 3740 4566 βρω-

2169 4576 2351 4645 μάτων
2403 4579 2494 4630 καὶ
2522 4580 2777 4648 πομάτων
2802 4579 2990 4651 ἔφερεν
3018 4582 3148 4651 ήμῐν
3169 4584 3225 4635 ὲν
3248 4585 3315 4652 τῇ
3346 4584 3614 4656 τραπέζῃ,
3632 4585 3740 4638 τῶν

2165 4668 2222 4720 δὲ
2253 4670 2497 4739 πενήτων
2550 4669 2793 4740 ἁμοίρων
2831 4672 3019 4733 όντων,
3053 4673 3148 4725 καὶ
3177 4673 3282 4726 άπὸ
3329 4674 3552 4730 τούτων.
3604 4677 3742 4732 Ποτὲ

2167 4753 2258 4809 οὖν
2286 4752 2439 4810 εἶπεν
2469 4758 2783 4826 Ἐπιφάνιος
2816 4761 2950 4830 πρὸς
2978 4763 3258 4834 Ἰωάννην·
3291 4766 3389 4826 Δός
3407 4782 3517 4834 μοι,
3549 4765 3737 4836 φησὶν,

2161 4839 2206 4898 ὦ
2240 4847 2420 4918 Πάτερ
2468 4848 2740 4919 Ἰωάννης,
2802 4851 3038 4922 ἄργυρον
3093 4853 3226 4924 πρὸς¹
3260 4853 3589 4925 ὑπηρεσίαν·
3631 4856 3740 4927 ἔχω

2160 4936 2268 5006 γὰρ
2301 4937 2496 5008 θρέψαι
2523 4940 2799 5010 Κυπρίους
2826 4941 3026 5011 ἄνδρας
3047 4959 3061 4973 ·
3089 4945 3364 5012 φαντάσω,
3419 4947 3552 5016 φησι
3574 4985 3590 5010 ,
3617 4947 3741 5000 τού-

2157 5045 2283 5090 τους
2305 5026 2383 5098 τῷ
2418 5028 2496 5099 σῷ
2515 5029 2782 5101 ἀργυρίῳ.
2813 5033 2891 5084 Τά
2908 5033 3014 5103 γὰρ
3042 5033 3454 5089 καλλιστεύοντα
3483 5039 3539 5091 ἐν
3560 5037 3639 5108 τῷ
3661 5039 3739 5111 σῷ

2156 5117 2289 5186 οἴκῳ
2318 5117 2522 5188 πάρεχε
2563 5119 2640 5189 τῷ
2683 5119 2852 5192 δούλῳ
2899 5139 2990 5175 σου
3025 5125 3160 5193 πρὸς
3183 5123 3338 5192 δόξαν
3373 5127 3472 5199 τὴν
3500 5129 3616 5199 σήν,
3643 5132 3739 5184 καὶ

2156 5206 2350 5277 ἔσομαι
2375 5208 2726 5278 καυχώμενος
2753 5213 2843 5264 ἐπὶ
2874 5215 2986 5276 σοῖς
3037 5214 3218 5285 ἔργοις
3243 5232 3257 5246 ·
3309 5217 3468 5286 μόνον
3516 5221 3736 5290 μνήμην

2157 5296 2328 5366 ἄπεχε
2366 5298 2472 5350 τῶν
2494 5298 2814 5369 διδομένων,
2857 5302 2951 5355 καὶ
3013 5303 3240 5375 ὕστερον
3278 5306 3460 5360 ἀποδῶ
3500 5309 3562 5361 τὸ
3595 5311 3734 5380 πρέ-

2162 5402 2281 5438 πον.
2326 5385 2383 5439 Ὀ
2405 5386 2460 5439 δὲ
2495 5386 2744 5462 Ἰωάννης
2770 5393 3088 5463 παρήγαγεν
3112 5395 3254 5450 κατὰ
3278 5399 3566 5468 πρόσωπον
3581 5398 3735 5454 Ἑπι-

2162 5475 2352 5545 φανίου
2394 5477 2558 5531 πολὺν
2606 5479 2861 5552 ἄργυρον.
2910 5481 3080 5538 Εἶπεν
3137 5487 3193 5540 δὲ
3224 5488 3541 5558 Ἐπιφάνιος
3597 5491 3734 5563 πρὸς

2162 5568 2415 5640 Ἰωάννην
2445 5585 2457 5599 ·
2502 5571 2687 5626 Ἔστιν
2712 5590 2814 5640 σοι,
2841 5576 3026 5648 φησὶν,
3067 5578 3426 5652 ἀποκείμενος
3455 5584 3550 5638 καὶ
3576 5583 3734 5649 ἄλλος
