4078 6368
310 346 376 404 81
818 405 831 411 -
1623 347 1681 402 s.
1722 342 1909 401 EPle

2016 342 2071 399 ΓΙΙ
2105 346 2280 408 VITA.
3497 346 3569 398 82

313 464 574 535 ἄργυρος,
609 456 654 515 ὦ
682 462 898 531 Πάτερ;
926 458 1093 516 Εἶπεν
1120 461 1175 514 δὲ
1211 462 1459 530 Ἰωάννης
1488 463 1625 534 πρὸς
1650 460 1895 531 Ἐπιφά-
1922 463 1974 522 Α
2000 459 2102 527 Qui
2160 464 2297 518 dixit
2347 462 2397 520 ei

316 568 457 606 νιον’
490 553 677 624 ’Δρκεί
705 570 785 605 σοι
812 553 947 616 τέως
971 545 1124 614 οὗτος
1156 552 1291 623 πρὸς
1323 552 1418 623 σὴν
1445 553 1894 625 ὑπηρεσίαν,Πά-

312 658 432 713 τερ.
465 638 636 696 Εἶπεν
696 643 752 695 δὲ
803 644 1119 712 Ἐπιφάνιος
1169 645 1301 713 πρὸς
1353 644 1645 715 Ἰωάννην·
1686 646 1892 713 Ἀγαγε

315 731 586 795 κάκεῖνον,
620 733 822 802 Πάτερ,
849 734 999 795 ὅπως
1024 733 1375 805 ξενισθῶμεν.
1401 735 1506 788 Τοῦ
1530 736 1587 788 δὲ
1608 735 1894 806 προσενέγ-

316 837 513 884 καντος
536 822 630 874 καὶ
660 822 751 874 τὸν
775 822 978 889 λοιπὸν,
1004 819 1155 877 εἷπεν
1182 826 1502 894 Ἐπιφάνιος
1538 827 1673 897 πρὸς
1708 828 1892 881 Ἰωάν-

316 930 417 981 νην
436 929 449 942 ·
476 914 575 976 Δός
609 931 697 984 μοι
726 914 795 968 τά
830 918 1165 983 φαντάζοντα
1195 920 1321 981 τοὺς
1360 919 1694 991 ἐλευθέρους.
1726 917 1893 975 Εἶπεν

315 1002 373 1055 δὲ
406 1005 659 1075 Ἰωάννης
691 1006 826 1076 πρὸς
856 1009 1205 1076 Ἐπιφάνιον·
1244 1012 1491 1064 Ἀπαντα
1533 1013 1602 1065 τά
1629 1013 1895 1081 τέρποντα

314 1094 445 1156 τοὺς
482 1095 607 1157 σοὺς
640 1095 957 1167 ἀνθρώπους
990 1098 1158 1164 δέξαι,
1196 1102 1289 1155 καὶ
1315 1101 1630 1175 διακόνησον
1658 1106 1783 1167 τοὺς
1818 1104 1892 1176 (α)

317 1183 405 1233 ἐπ’
433 1183 678 1251 ἀρίστου.

392 1274 527 1327 ME'.
562 1276 756 1329 Λαϐὼν
785 1277 841 1329 δὲ
872 1278 1188 1347 Ἐπιφάνιος
1219 1281 1483 1352 ἀργυρίου
1514 1281 1675 1353 ὁλκὴν
1707 1283 1782 1344 ὡς
1811 1302 1895 1353 χι-

318 1361 449 1415 λίων
472 1367 837 1420 πεντακοσίων
863 1368 1079 1440 λιτρῶν,
1113 1372 1485 1442 ἐπορεύθημεν
1514 1373 1607 1424 ἐπὶ
1633 1372 1724 1425 τὸν
1751 1372 1895 1428 οἷκον

319 1452 413 1503 τὸν
440 1453 658 1507 δοθέντα
698 1458 827 1527 ἡμῖν
864 1458 1014 1529 παρὰ
1039 1460 1284 1513 Ἰωάννου
1319 1463 1409 1514 ἐπὶ
1455 1462 1514 1514 τὸ
1546 1463 1895 1532 καταμένειν.

320 1538 429 1595 Ἦν
460 1544 517 1596 δέ
549 1562 634 1609 τις
664 1548 1106 1621 ἀργυροπράτης.
1149 1552 1422 1624 Ἀστέριος
1461 1555 1701 1623 ὀνόματι.
1729 1548 1897 1619 Οὗτος

320 1634 379 1686 δὲ
402 1630 471 1705 ἦν
496 1637 603 1689 ἀπὸ
640 1640 737 1709 τῆς
780 1641 996 1712 Ῥώμης
1024 1642 1111 1695 διὰ
1136 1646 1476 1713 πραγμάτων
1514 1647 1593 1709 είς
1635 1647 1900 1716 Ἰερουσα-

321 1724 455 1796 λήμ.
493 1728 691 1782 Τοῦτον
721 1733 1227 1802 προσκαλεσάμενος
1251 1736 1583 1802 Ἐπιφάνιος,
1606 1737 1698 1788 καὶ
1721 1734 1898 1799 δείξας

2462 482 2477 521 :
2553 464 2802 520 Habesne
2869 464 3072 533 aliquid
3143 463 3285 518 aliud
3358 460 3568 531 argenti

1999 553 2323 622 repositum,
2347 570 2381 609 0
2407 552 2611 609 Pater?
2642 554 2788 609 Dixit
2818 565 2999 610 autem
3054 553 3291 609 Joannes
3332 551 3567 622 Epipha-

2000 643 2094 697 nio
2125 663 2139 698 :
2171 643 2286 698 Hoc
2310 646 2497 715 utique
2522 647 2588 701 ad
2618 658 2770 701 tuum
2803 662 2963 703 usum
3006 647 3100 701 tibi
3125 644 3375 709 suﬂieiet,
3406 661 3439 699 o
3462 643 3566 697 Pa-

2002 742 2101 790 ter.
2130 735 2381 806 Dixitque
2414 736 2606 791 Joanni
2634 739 2968 808 Epiphanius
3002 756 3015 791 :
3054 737 3242 792 Adduc
3272 736 3402 789 illud
3433 750 3569 804 quo-

2000 840 2126 894 que,
2158 824 2331 892 Pater,
2378 835 2438 880 ut
2470 828 2755 896 magniﬁce
2785 828 3141 897 accipiantur.
3166 825 3302 879 Cum
3323 826 3367 878 is
3389 836 3568 878 autent

2001 916 2146 969 aliud
2170 932 2389 987 quoque
2422 919 2714 986 attulisset,
2748 919 2884 973 dixit
2934 917 3131 971 Joanni
3186 916 3519 985 Epiphanius
3553 934 3566 967 :

2002 1006 2079 1060 Da
2101 1010 2255 1072 mihi,
2290 1010 2681 1079 quaeingenuis
2712 1010 2994 1079 pulchram
3033 1011 3274 1079 prmhent
3311 1008 3566 1077 speciem.

2002 1096 2146 1150 Dixit
2175 1097 2224 1151 ei
2244 1095 2481 1152 Joannes
2510 1113 2524 1151 :
2558 1099 2755 1168 Accipe
2788 1114 3125 1168 quaecunque
3164 1108 3292 1153 sunt
3337 1097 3445 1152 tuis
3476 1097 3575 1150 ho—

2002 1188 2241 1243 minibus
2271 1187 2634 1255 delectationi,
2674 1198 2729 1243 et
2758 1190 2837 1243 eis
2873 1198 3022 1243 ntere
3057 1190 3107 1242 in
3147 1189 3395 1258 prandio.

2071 1275 2233 1330 XLV.
2267 1277 2489 1346 Accepit
2528 1278 2712 1346 itaque
2742 1278 3077 1347 Epiphanius
3118 1278 3329 1348 argenti
3363 1277 3574 1347 pondus

2005 1369 2221 1423 circiter
2253 1368 2513 1422 librarum
2545 1368 2691 1422 mille
2722 1370 3171 1439 quingentarum,
3198 1380 3252 1423 et
3292 1370 3490 1424 iviutus
3520 1370 3583 1423 in

2005 1460 2250 1525 domum,
2282 1476 2403 1527 quae
2421 1462 2545 1515 data
2573 1462 2731 1515 nobis
2768 1461 2943 1515 fuerat
2968 1479 2996 1514 ιι
3027 1459 3234 1515 Joanne
3270 1462 3335 1515 ad
3360 1476 3576 1515 manen-

2004 1553 2155 1605 dum.
2191 1550 2520 1606 Eratautem
2546 1552 2766 1621 quidam
2791 1553 3153 1622 argentarius,
3185 1552 3403 1605 nomine
3418 1552 3577 1605 Aste-

2005 1644 2141 1698 rius.
2178 1642 2229 1698 ls
2261 1643 2433 1697 Roma
2471 1656 2693 1698 venerat
2720 1643 3056 1697 Hierusalem
3100 1643 3300 1712 negotii
3340 1640 3587 1697 obeundi.

2006 1735 2199 1803 gratia.
2226 1736 2359 1788 Eum
2388 1750 2511 1788 cum
2544 1735 2920 1789 accersivisset
2951 1735 3305 1803 Epiphanius,
3331 1744 3385 1787 et
3411 1734 3461 1787 ei
3488 1747 3577 1788 os-

322 1819 472 1889 αὑτῷ
506 1821 596 1873 τὸν
622 1821 881 1893 ἄργυρον,
909 1827 1274 1894 συμφωνήσας
1299 1843 1356 1878 τε
1386 1826 1479 1878 καὶ
1524 1830 1750 1897 ποιήσας
1784 1828 1899 1897 μετ’

2016 1827 2583 1897 Lendissetargentum,
2604 1843 2725 1881 cum
2749 1843 2812 1881 eo
2838 1828 3173 1891 convenit,et
3198 1834 3412 1895 pactum
3437 1823 3587 1891 iniit,

322 1912 512 1973 αὐτοῦ,
575 1914 877 1984 ἐπίπρασεν
913 1916 1061 1985 αύτῷ
1088 1916 1267 1970 λαϐὼν
1321 1920 1453 1989 παρ’
1492 1918 1655 1971 αὐτοῦ
1682 1920 1741 1971 τὸ
1768 1937 1899 1989 χρυ-

324 2002 455 2056 σίον.
492 2006 601 2058 Καὶ
634 2006 696 2076 δὴ
724 2006 901 2060 λαϐὼν
931 2009 1246 2078 Ἐπιφάνιος
1278 2011 1339 2064 τὸ
1384 2012 1621 2083 χρυσίον,
1653 2012 1822 2067 νύκτα
1841 2031 1898 2066 τε

322 2096 418 2148 καὶ
448 2096 665 2167 ἡμέραν
693 2098 913 2151 διεδίδου
942 2104 1052 2163 τοῖς
1074 2102 1262 2170 χρείαν
1286 2102 1517 2173 ἔχουσιν,
1565 2105 1813 2175 Ἦμερῶν
1843 2106 1900 2159 δὲ

322 2182 738 2256 διαγενομένων,
766 2184 915 2241 εἶπεν
948 2192 1199 2262 Ἰωάννης
1220 2193 1354 2263 πρὸς
1376 2194 1691 2264 Ἐπιφάνιον
1709 2213 1721 2227 ·
1742 2195 1903 2248 Ἀπό-

323 2276 415 2339 δος
451 2295 540 2347 μοι
570 2279 660 2331 τὸν
685 2279 944 2353 ἄργυρον,
974 2283 1033 2337 ὃν
1068 2284 1273 2355 ἕχρησά
1301 2303 1381 2339 σοι
1412 2288 1549 2357 πρὸς
1576 2288 1900 2359 ὑπηρεσίαν.

326 2361 496 2420 Εἶπεν
525 2369 579 2422 δὲ
617 2371 932 2441 Ἐπιφάνιος
961 2375 1096 2444 πρὸς
1125 2378 1378 2448 Ἰωάννην
1403 2396 1417 2410 ·
1469 2381 1904 2451 Μακροθύμησον

327 2461 415 2512 ἐπ’
436 2461 580 2530 ἐμοὶ,
598 2462 804 2529 τέκνον,
831 2466 911 2519 ὅτι
932 2465 1037 2535 ἔχω
1061 2468 1276 2537 θρέψαι,
1301 2471 1392 2523 καὶ
1416 2472 1592 2525 πάντα
1620 2472 1901 2526 ἀποδώσω.

327 2552 498 2605 Πάλιν
562 2549 655 2607 οὖν
721 2557 940 2628 ἡμερῶν
989 2559 1407 2630 διαγενομένων,
1450 2560 1604 2616 εἶπεν
1652 2563 1905 2634 Ἰωάννης

329 2641 468 2711 πρὸς
502 2645 839 2715 Ἑπιφάνιον,
880 2650 1126 2703 ἑστώτων
1154 2653 1185 2722 ή
1195 2652 1309 2721 μῶν
1337 2655 1394 2705 ἐν
1421 2653 1496 2723 τῷ
1524 2654 1656 2723 ναῷ,
1685 2657 1817 2707 ὅπου
1847 2656 1907 2708 τὸ

332 2736 599 2804 σωτήριον
636 2735 789 2799 ξύλον
813 2738 1097 2792 ἀπόκειται
1120 2756 1131 2767 ·
1166 2743 1273 2793 Καὶ
1307 2742 1407 2812 ἤδη
1439 2737 1592 2795 εἶπόν
1638 2761 1751 2807 σοι,
1801 2746 1904 2808 ὄτι,

330 2824 558 2889 Ἀπόδος
586 2845 673 2897 μοι
696 2829 787 2882 τὸν
816 2831 1071 2901 ἄργυρον,
1099 2832 1156 2885 ὃν
1180 2834 1387 2905 ἕχρησά
1410 2852 1509 2889 σοι.
1544 2836 1601 2889 '0
1626 2833 1718 2890 οὖν
1751 2839 1905 2892 Ἑπι-

330 2918 521 2987 φάνιος
553 2915 703 2973 εἶπεν
742 2920 817 2991 τῷ
843 2923 1064 2995 Ἰωάννῃ
1120 2928 1257 2995 μετά
1298 2930 1525 2998 ἡσυχίας
1546 2947 1559 2959 ·
1609 2927 1776 2985 Εἶπὸν
1802 2948 1903 2996 σοι,

332 3006 538 3078 Πάτερ,
574 3010 654 3062 ὅτι
698 3012 962 3067 ἀποδώσω
996 3032 1098 3067 σοι.
1164 3018 1220 3071 '0
1279 3014 1372 3072 οῦν
1428 3020 1684 3091 Ἰωάννης
1733 3022 1905 3093 θυμοῦ

332 3097 532 3151 πολλοῦ
594 3100 853 3173 πλησθεὶς
901 3105 1193 3160 ἐπελάϐετο
1235 3110 1327 3163 καὶ
1360 3111 1661 3184 ἐκράτησεν
1701 3116 1799 3187 τῆς
1825 3116 1904 3168 δι-

332 3189 909 3264 πλοΐδοςἘπιφανίου,
938 3200 1240 3269 συσφίγξας
1294 3205 1455 3257 αὐτὸν
1501 3208 1558 3260 ἐν
1593 3208 1763 3278 αὐτῇ,
1816 3211 1911 3262 καὶ

332 3280 482 3350 λέγει
519 3285 655 3355 πρὸς
684 3287 847 3341 αὐτόν
867 3305 880 3318 ·
914 3290 1027 3343 Οὐκ
1060 3292 1275 3364 ἐξέρχῃ,
1298 3295 1358 3346 οὐ
1388 3295 1616 3370 καθέζῃ,
1636 3299 1735 3352 οὐκ
1764 3301 1913 3371 εἰρη-

331 3374 532 3463 νεύεις,
568 3376 671 3440 ἕως
695 3373 756 3433 οὗ
790 3380 882 3433 τὸν
929 3382 1167 3455 ἄργυρον
1220 3386 1345 3456 δῷς,
1398 3388 1459 3441 ὃν
1510 3390 1725 3462 ἐχρήσω
1782 3394 1911 3463 παρ’

335 3462 493 3531 ἐμοῦ,
524 3464 745 3519 amem
798 3468 1116 3539 Ἐπιφάνιε·
1170 3474 1365 3538 ἀπόδος
1396 3479 1463 3547 τῇ
1506 3479 1801 3551 Ἐκκλησία
1846 3462 1914 3535 τά

334 3558 434 3624 τῆς
462 3556 808 3627 Ἐκκλησίας.
844 3562 969 3614 Ἐπὶ
1010 3564 1141 3616 πᾶσι
1177 3565 1234 3618 δέ
1259 3566 1470 3632 τούτοις
1514 3569 1612 3622 οὐκ
1641 3571 1914 3642 ἐταράχθη

337 3646 655 3715 Ἐπιφάνιος
678 3689 693 3712 ,
739 3652 854 3705 ἀλλ’
891 3649 958 3724 ἦν
1015 3658 1047 3726 ἡ
1104 3657 1241 3729 αὐτὴ
1279 3661 1609 3723 κατάστασις
1648 3664 1705 3715 ἐν
1744 3663 1911 3734 αὐτῷ.

341 3738 599 3807 Ἐμεινεν
626 3740 683 3792 δὲ
714 3743 963 3814 Ἰωάννης
1011 3746 1103 3798 δύο
1134 3748 1291 3820 ώρῶν
1352 3750 1627 3823 διάστημα
1678 3756 1912 3827 κρατῶν,

341 3828 434 3878 καὶ
472 3829 769 3901 ἐνυϐρίζων
802 3832 893 3884 τὸν
937 3834 1268 3904 Ἐπιφάνιον.
1311 3840 1581 3904 ’Ἅπαντες
1619 3842 1675 3894 δὲ
1703 3845 1751 3895 οί
1779 3861 1918 3914 παρ-

340 3918 575 3983 εστῶτες
601 3922 991 3994 ἐρρᾳθύμησαν
1013 3928 1118 3980 ἀπὸ
1147 3929 1238 3982 τοῦ
1266 3931 1533 3994 ἵστασθαι,
1570 3935 1665 3986 καὶ
1701 3935 1918 3989 ἀκούειν

340 4008 450 4060 τῶν
478 4010 728 4084 σκληρῶν
764 4014 936 4082 λόγων
970 4016 1062 4068 τοῦ
1092 4018 1356 4074 Ἰωάννου.
1406 4021 1462 4075 Ὀ
1485 4019 1577 4076 οὖν
1601 4023 1918 4093 Ἐπιφάνιος

348 4100 513 4170 μηδὲν
535 4103 878 4175 ἀδημονήσας
897 4109 1227 4180 ἐνεφύσησεν
1250 4115 1328 4175 εὶς
1357 4113 1415 4166 τὸ
1443 4116 1729 4185 πρόσωπον
1746 4119 1921 4171 Ἰωάν-

344 4209 460 4254 νου,
497 4194 589 4246 καὶ
616 4200 950 4269 παραχρῆμα
981 4202 1283 4274 ἐτυφλώθη,
1303 4205 1396 4257 καὶ
1422 4206 1582 4273 φόϐος
1609 4206 1802 4261 ἕπεο-εν
1829 4212 1922 4263 ἐπὶ

346 4285 557 4347 πάντας
616 4290 740 4351 τοὺς
796 4293 1173 4361 παρεστῶτας.
1219 4296 1276 4348 '0
1307 4294 1397 4349 οὖν
1426 4299 1679 4371 Ἰωάννης
1730 4301 1921 4355 ἔπεσεν

346 4376 441 4428 ἐπὶ
508 4379 800 4450 πρόσωπον
859 4384 1203 4453 Ἐπιφανίου,
1254 4388 1402 4452 ὅπως
1431 4388 1651 4462 εὔξηται
1681 4393 1765 4445 ἵνα
1795 4395 1919 4448 ἁνα-

2007 1920 2376 1988 vendiditque,
2407 1933 2543 1972 auro
2571 1920 2638 1971 ab
2683 1934 2749 1972 eo
2777 1928 3019 1987 accepto,
3050 1919 3193 1987 quod
3223 1928 3379 1972 nocte
3410 1926 3464 1971 et
3492 1917 3580 1972 die

2009 2012 2288 2067 distribuit
2313 2012 2621 2081 egentibus.
2650 2009 2955 2079 lnterjecus
2981 2019 3160 2064 autem
3209 2010 3416 2078 aliquot
3459 2010 3578 2064 die-

2010 2105 2131 2170 bus,
2155 2103 2288 2157 dixit
2321 2101 2561 2157 Joannes
2615 2100 2917 2172 Epiphanio
2952 2122 2963 2155 :
2998 2100 3179 2155 Redde
3231 2101 3362 2154 mihi
3397 2116 3577 2155 meum

2011 2208 2315 2265 argentum,
2352 2194 2498 2263 quod
2540 2195 2632 2248 tibi
2661 2196 2726 2247 ad
2786 2209 2945 2248 usum
3011 2194 3374 2248 commodavi.
3435 2191 3581 2247 Dixit

2011 2286 2206 2341 Joanni
2238 2285 2574 2356 Epiphanius
2616 2302 2631 2338 :
2668 2284 2991 2339 Patientiam
3028 2285 3082 2337 in
3122 2299 3210 2339 me
3236 2284 3391 2349 habe,
3420 2298 3453 2338 ο
3479 2282 3581 2338 Pa-

2012 2388 2109 2433 ter.
2144 2375 2281 2431 Sunt
2310 2378 2454 2431 enim
2486 2378 2679 2440 adhuc,
2716 2392 2855 2446 quos
2890 2377 3033 2431 alam
3056 2415 3071 2439 ,
3127 2384 3182 2429 et
3235 2376 3417 2429 omnia
3461 2376 3581 2429 red-

2012 2469 2158 2523 dam.
2196 2467 2331 2523 Cum
2358 2484 2489 2538 ergo
2514 2470 2630 2524 dies
2661 2470 2868 2538 aliquot
2898 2484 3089 2523 rursus
3121 2466 3580 2529 intercessissent,

2013 2560 2149 2614 dixit
2180 2557 2418 2614 Joannes
2453 2559 2779 2630 Epiphanio,
2814 2576 2936 2614 cum
2986 2574 3233 2613 essemus
3260 2559 3314 2613 in
3362 2559 3582 2626 templo,

2014 2653 2105 2706 ubi
2156 2653 2452 2721 repositum
2499 2664 2582 2707 est
2614 2652 2821 2722 lignum
2866 2651 3136 2705 salutare:
3174 2650 3294 2704 Jam
3316 2649 3427 2705 dixi
3465 2649 3581 2714 tibi,

2012 2740 2196 2797 Redde
2218 2744 2350 2797 mihi
2379 2751 2683 2811 argentum,
2706 2743 2851 2811 quod
2882 2742 2976 2796 tibi
3010 2732 3435 2795 accommodavi.
3457 2738 3586 2808 Epi-

2012 2835 2247 2902 phanius
2277 2846 2454 2888 autem
2490 2834 2680 2887 leniter
2710 2843 2764 2887 et
2790 2833 2995 2901 placide
3015 2832 3152 2887 dixit
3182 2830 3379 2886 Joanni
3406 2847 3419 2883 :
3464 2829 3585 2883 Dixi

2012 2926 2131 2990 tibi,
2169 2924 2349 2989 Pater,
2383 2941 2468 2980 me
2491 2940 2612 2981 esse
2640 2926 2999 2979 redditurum.
3054 2922 3292 2979 Joannes
3333 2938 3461 2977 vero
3508 2922 3587 2976 ira

2013 3017 2205 3086 plenus
2240 3016 2613 3085 apprehendit,
2660 3025 2715 3071 et
2762 3017 2935 3070 tenuit
2955 3015 3246 3085 diploidem
3276 3013 3587 3085 Epiphanii,

2016 3114 2192 3182 ipsum
2224 3113 2278 3166 in
2302 3128 2363 3167 ea
2392 3112 2796 3181 constringens,
2829 3111 2990 3181 eique
3022 3110 3197 3166 dixit:
3243 3107 3364 3163 Non
3389 3108 3583 3172 exibis,

2017 3220 2123 3258 non
2158 3204 2392 3267 sedebis,
2436 3220 2541 3257 non
2580 3219 2707 3272 ages
2742 3202 2795 3256 in
2855 3218 3008 3273 pace,
3062 3202 3236 3257 donec
3281 3200 3587 3256 reddideris

2017 3303 2322 3365 argentum,
2358 3294 2623 3362 impostor
2656 3292 2943 3362 Epiphani.
2999 3292 3073 3346 Da
3103 3298 3408 3362 argentum,
3439 3288 3587 3361 quod

2019 3401 2049 3439 a
2078 3400 2163 3438 me
2193 3386 2449 3455 accepisti
2476 3385 2863 3449 commodato;
2925 3383 3181 3439 Ecclesiae
3237 3382 3420 3451 redde,
3470 3396 3592 3454 quae

2021 3487 2148 3534 sunt
2203 3478 2477 3533 Ecclesiae.
2527 3478 2860 3548 Epiphanius
2909 3494 3034 3534 vero
3065 3488 3187 3549 post
3244 3479 3361 3535 huic
3410 3478 3594 3533 omnia

2020 3572 2374 3626 conturbatus
2404 3586 2510 3624 non
2540 3570 2662 3635 fuit,
2699 3571 2793 3625 sed
2826 3580 2946 3625 erat
2996 3570 3138 3625 idem
3191 3571 3246 3624 in
3282 3585 3348 3626 eo
3394 3577 3590 3625 status.
3692 3568 3693 3571 “

2021 3664 2218 3719 Mansit
2250 3673 2431 3718 autem
2463 3662 2701 3717 Joannes
2725 3664 2901 3733 spatio
2936 3664 3167 3718 duarum
3203 3664 3464 3718 horarum
3516 3670 3595 3717 te-

2022 3771 2159 3811 nens
2185 3765 2239 3812 et
2268 3756 2460 3825 injuria
2482 3756 2719 3811 alliciens
2743 3755 3130 3825 Epiphanium.
3156 3756 3440 3826 Quotquot
3466 3768 3595 3809 vero

2024 3851 2271 3912 aderant,
2297 3848 2515 3902 tristitia
2550 3858 2677 3903 sunt
2705 3850 2905 3913 aifecti,
2941 3864 3005 3903 eo
3035 3848 3181 3917 quod
3224 3849 3497 3910 adessent,
3542 3854 3596 3902 et

2024 3939 2275 3993 audirent
2319 3954 2511 4008 aspera
2548 3939 2707 3993 verba
2757 3936 3006 3993 Joannis.
3051 3937 3384 4008 Epiphanius
3412 3945 3593 3991 autem

2025 4031 2512 4093 nihilcommotus,
2554 4030 2771 4098 exspuit
2804 4029 2857 4081 in
2901 4028 3018 4098 ejus
3045 4028 3259 4094 faciem,
3310 4034 3363 4081 et
3412 4027 3595 4082 statim

2026 4121 2126 4176 fuit
2152 4132 2476 4177 excwcatus.
2512 4121 2827 4190 Ceciditque
2859 4130 3035 4174 metus
3063 4135 3227 4188 super
3254 4134 3465 4186 omnes,
3501 4106 3599 4188 qui

2028 4213 2270 4269 aderant.
2304 4210 2543 4265 Joannes
2566 4225 2695 4264 vero
2724 4224 2928 4279 pronus
2956 4208 3151 4262 cecidit
3177 4207 3243 4261 ad
3279 4205 3450 4276 pedes
3471 4206 3597 4276 Epi-

2027 4302 2237 4372 phanii,
2269 4318 2454 4363 orans,
2483 4310 2542 4355 ut
2572 4301 2750 4354 visum
2786 4300 3069 4368 reciperet.
3094 4296 3172 4352 Eo
3198 4307 3377 4352 autem
3408 4297 3595 4352 dicen-

2028 4402 2083 4449 te
2111 4413 2124 4448 :
2158 4392 2324 4460 Vade,
2356 4403 2410 4447 et
2455 4408 2668 4446 crucem
2715 4390 2879 4445 adora
2904 4389 3292 4453 venerandam,
3344 4402 3518 4458 eaque
3544 4387 3597 4442 id

348 4468 542 4538 ϐλέψῃ.
574 4470 678 4522 Τοῦ
712 4472 768 4524 δὲ
792 4473 1067 4542 λέγοντος·
1098 4479 1354 4545 Ἀπελθε,
1390 4482 1541 4553 φησὶ,
1568 4486 1658 4537 καὶ
1683 4486 1909 4556 προσκύ-

2030 4485 2124 4539 tibi
2149 4483 2408 4554 praabebit
2426 4500 2441 4548 ;
2459 4481 2840 4551 perseverabat
2857 4481 2972 4550 ipse
2990 4495 3191 4549 rogans
3213 4479 3596 4550 Epiphanium.

347 4576 513 4630 νησον
560 4562 651 4613 τὸν
682 4563 859 4633 τίμιον
907 4569 1170 4640 σταυρὸν,
1232 4573 1325 4624 καὶ
1364 4574 1587 4644 παρέξει
1622 4594 1701 4629 σοι
1731 4578 1920 4632 τοῦτο’

346 4653 510 4715 αὐτὸς
536 4654 800 4722 ἐπέμενεν
829 4657 1076 4727 δεόμενος
1108 4662 1446 4732 Ἐπιφανίου.
1491 4666 1547 4718 ’0
1587 4666 1643 4718 δὲ
1693 4670 1926 4739 Ἐπιφά-

347 4765 461 4809 νιος
489 4749 703 4817 διδάξας
726 4750 934 4814 τοῦτον,
976 4752 1241 4823 ἐπέθηκεν
1277 4756 1424 4825 αὐτῷ
1456 4757 1554 4826 τὴν
1608 4762 1786 4830 χεῖρα,
1830 4762 1926 4815 καὶ

347 4840 597 4913 ἡνεῴχθη
648 4842 809 4895 αὑτοῦ
836 4847 863 4897 ὁ
912 4844 1080 4908 δεξιὸς
1107 4845 1401 4917 ὀφθαλμός.
1449 4849 1505 4901 ὐ
1550 4847 1642 4903 οὖν
1675 4852 1929 4925 Ἰωάννης

347 4935 651 5005 παρεκάλει
672 4937 765 4988 καὶ
792 4938 930 5007 ὑπὲρ
956 4938 1049 4990 τοῦ
1083 4939 1395 5010 ἀριστεροῦ.
1429 4938 1596 4994 Εἶπεν
1619 4943 1675 4995 δὲ
1699 4946 1929 5015 Ἐπιφά-

349 5043 466 5088 vro;
502 5028 637 5097 πρὸς
667 5030 922 5098 Ἰωάννην
948 5047 960 5060 ·
992 5030 1103 5083 Οὐκ
1156 5031 1285 5101 ἐμὸν
1306 5075 1318 5091 .
1346 5033 1499 5102 φησὶ.
1551 5034 1758 5100 τέκνον,
1814 5038 1929 5092 ἔστι

347 5119 531 5190 τοῦτο.
578 5120 633 5171 Ὀ
666 5119 773 5190 γὰρ
801 5120 931 5183 Θεὸς
954 5121 1214 5185 ἔκλεισεν,
1250 5124 1278 5175 ὁ
1306 5124 1437 5187 Θεὸς
1454 5125 1684 5196 ἠνέῳξέν
1704 5148 1717 5159 ·
1745 5130 1930 5201 ἐποίη-

2032 4578 2369 4648 Epiphanius
2395 4591 2523 4630 vero
2549 4589 2673 4629 cum
2699 4590 2822 4628 eum
2844 4573 3140 4637 docuisset,
3173 4588 3393 4627 manum
3421 4573 3471 4626 ei
3497 4572 3596 4626 im-

2030 4670 2233 4741 posuit,
2265 4678 2319 4722 et
2374 4674 2597 4737 apertus
2644 4665 2747 4719 fuit
2791 4666 2979 4719 dexter
3002 4665 3121 4733 ejus
3170 4664 3380 4718 oculus.
3415 4661 3597 4717 Oravit

2034 4776 2214 4819 autem
2246 4760 2483 4815 Joannes
2502 4759 2662 4813 etiam
2688 4774 2785 4827 pro
2810 4758 3052 4812 sinistro.
3081 4754 3332 4826 Dixitque
3362 4754 3597 4825 Epipha-

2036 4857 2160 4911 nius
2183 4854 2375 4910 Joanni
2412 4872 2424 4906 :
2458 4851 2576 4907 Non
2609 4861 2691 4907 est
2718 4866 2920 4915 meum,
2960 4866 2994 4905 o
3022 4850 3119 4903 ﬁli.
3160 4848 3304 4903 Deus
3339 4849 3483 4901 enim
3507 4861 3594 4902 oc-

2035 4949 2216 5019 clusit,
2248 4947 2392 5000 Deus
2419 4946 2632 5015 aperuit
2661 4960 2675 5009 ;
2712 4943 2858 5007 fecit,
2886 4954 2945 4997 ut
2976 4941 3165 5005 voluit,
3193 4949 3253 4995 ut
3287 4940 3459 4994 simus
3486 4952 3597 4992 mo-

2034 5040 2194 5096 desti.
2228 5037 2467 5091 Joannes
2498 5046 2678 5089 autem
2713 5034 3007 5101 castigatus
3032 5041 3087 5086 et
3122 5029 3403 5085 convictus
3428 5043 3460 5081 a
3485 5026 3598 5080 viro

2032 5137 2201 5206 justo,
2231 5130 2330 5183 fuit
2359 5136 2581 5183 sanctus
2615 5127 2666 5178 in
2709 5125 2984 5179 omnibus.

352 5213 545 5274 σενώς
579 5212 860 5281 ἠθέλησεν,
888 5212 1037 5277 ὅπως
1092 5217 1566 5288 σωφρονισθῶμεν.
1626 5220 1681 5273 Ὀ
1730 5221 1785 5274 δέ
1825 5225 2077 5297 Ἰωάννης
2128 5220 2437 5283 παιδευθεὶς
2488 5219 2581 5271 καὶ
2628 5214 2904 5284 ἐλεγχθεὶς
2951 5213 3055 5266 ὑπὸ
3099 5210 3326 5275 δικαίου,
3388 5208 3596 5277 ἐγένετι

351 5305 500 5365 Bato;
534 5306 593 5356 ἐν
619 5306 803 5357 πᾶσιν.
1227 5364 1231 5367 ,

420 5397 574 5463 Μετ’.
615 5395 1012 5465 Ἐξερχομένων
1032 5395 1087 5448 δὲ
1116 5398 1147 5466 ἡ
1158 5396 1272 5466 μῶν
1304 5399 1403 5470 τὴν
1431 5400 1583 5454 πόλιν
1609 5441 1623 5466 ,
1658 5402 1752 5456 τοῦ
1798 5406 1933 5458 ἀπο-

353 5486 587 5540 πλεῦσαι
632 5488 781 5556 ἡμᾶς
833 5486 890 5537 ἐν
940 5484 1171 5556 Κύπρῳ,
1234 5487 1326 5541 δύο
1365 5490 1662 5559 ἐμπαῖκται
1705 5490 1845 5565 ἦσαν
1874 5496 1932 5547 ἐν

356 5576 526 5650 τόπῳ.
556 5578 663 5630 Τοῦ
687 5578 1084 5650 δὲςΕπιφανίου
1108 5579 1447 5650 παράγοντος
1461 5582 1551 5634 τὸν
1568 5585 1749 5650 τόπον,
1780 5581 1933 5637 εἶπεν

2105 5398 2292 5455 XLVI.
2318 5396 2484 5451 Nobis
2517 5410 2643 5449 vero
2665 5391 2955 5461 aliquando
2970 5388 3296 5445 exeuntibus
3317 5401 3349 5443 e
3366 5386 3587 5443 civitate

2037 5503 2097 5549 ut
2128 5492 2506 5560 navigaremus
2542 5487 2594 5539 in
2627 5486 2889 5555 Cyprum,
2920 5490 3077 5536 erant
3134 5481 3244 5535 duo
3268 5480 3522 5535 illusores
3555 5481 3601 5532 ir

2037 5598 2103 5638 eo
2130 5582 2267 5636 loco.
2299 5580 2435 5631 Cum
2468 5585 2644 5630 autem
2698 5589 2791 5641 per
2845 5573 3031 5641 locum
3069 5568 3327 5624 transiret
3374 5567 3601 5639 Epipha-

338 5690 351 5722 λ
428 5640 507 5719 (ά)
541 5651 703 5715 Τούς.
742 5640 1223 5722 Ἐοιιοίιιειειιιιιιιιι
1253 5640 1455 5715 αὐτοῖς,
1480 5665 1535 5707 ιιι
1569 5640 1764 5711 sensus
1810 5665 1880 5711 stt

2017 5664 2032 5706 t
2060 5654 2302 5707 ministra
2329 5649 2436 5702 illis
2469 5649 2520 5699 in
2550 5640 2792 5716 prandio.
2823 5641 2982 5696 Ent'r.
3010 5640 3254 5697 Parnm"

326 5728 354 5790 ι
