4088 6362
483 335 556 395 85
1782 345 1838 401 S.
1886 345 2230 399 EPIPHANH
2273 346 2454 400 VITA.
3686 353 3757 408 84

485 463 628 526 nius,
684 463 732 516 ci
763 461 900 516 dixit
931 479 1073 516 unus
1101 463 1165 516 c'x
1206 463 1455 516 duobus:
1492 465 1688 519 Sancte
1727 474 1908 534 pater,
1952 483 2043 519 VISI

2170 467 2309 536 πρὸς
2363 467 2522 520 αὐτὸν
2566 469 2593 519 6
2626 464 2731 530 εἷς’
2767 469 2941 531 Ὄσιε,
3003 470 3173 540 φησὶ,
3230 467 3413 542 Πάτερ
3444 472 3752 543 Ἐπιφάνιε,

486 563 783 614 mortuum,
814 567 868 608 et
919 568 1082 624 super
1114 571 1237 610 eum
1273 553 1435 626 injice
1485 565 1878 627 tegumentum.
1925 555 2061 610 Cum

484 645 598 700 hzec
631 660 764 716 ergo
790 647 1057 702 audiisset
1081 630 1436 718 Epiphanius,
1480 652 1628 704 stetit
1665 649 1731 702 ad
1773 649 2060 713 orientem,

481 753 579 804 pm
626 753 843 793 mortuo
896 741 1131 795 oll'ereus
1165 743 1493 796 orationem.
1552 741 1802 810 Cumque
1857 757 1915 795 se
1963 756 2064 795 suo

478 829 723 883 exuisset
754 831 1091 893 indumento,
1147 833 1376 903 projecit
1428 834 1495 888 ad
1553 831 2062 887 induendummor-

480 926 656 974 tuum.
689 919 795 976 lter
829 934 1007 977 autem
1041 923 1269 980 faciente
1301 925 1626 997 Epiphanio,
1654 928 1699 981 is
1722 927 1815 996 qui
1841 942 1901 980 ea
1937 942 2061 979 ver-

480 1011 546 1065 ba
597 1012 808 1068 dixerat
836 1057 851 1081 ,
910 1014 1047 1069 dixit
1075 1019 1146 1080 ei,
1177 1018 1268 1086 qui
1301 1033 1359 1073 se
1390 1027 1666 1073 mortuum
1719 1017 2012 1072 simulabat
2045 1033 2056 1066 :

480 1102 673 1176 Surge,
709 1111 968 1178 praeteriit
1002 1111 1084 1164 vir
1114 1110 1267 1166 rudis
1303 1122 1357 1167 et
1391 1112 1662 1167 indoctus.
1701 1111 1836 1165 Cum
1878 1111 1925 1164 is
1959 1125 2058 1163 au-

477 1207 585 1253 tem
617 1216 722 1254 non
744 1201 1116 1272 responderet,
1135 1221 1327 1260 rursus
1341 1221 1462 1260 cum
1487 1206 1734 1259 vocabat.
1762 1204 2058 1271 Postquam

478 1308 608 1348 vero
641 1297 1023 1352 animadvertit
1049 1315 1171 1351 eum
1227 1314 1348 1354 esse
1399 1309 1699 1360 mortuum,
1758 1293 1890 1350 dicit
1916 1293 2058 1363 apud

477 1389 856 1452 se:Curram,
906 1399 960 1444 et
1023 1393 1221 1462 hospiti
1269 1409 1442 1448 meam
1477 1392 1652 1447 dicam
1707 1390 1942 1459 culpam,
2002 1394 2062 1440 ut

475 1489 604 1529 eum
647 1474 864 1532 excitet.
899 1477 1004 1546 Qui
1035 1499 1137 1537 nos
1173 1492 1480 1548 assecutus,
1521 1481 1572 1536 in
1600 1491 1798 1536 terram
1840 1477 2056 1540 cecidit,

475 1583 678 1637 rogans
709 1568 1097 1641 Epiphanium,
1132 1583 1185 1628 et
1208 1578 1257 1631 ei
1285 1577 1472 1631 dicens
1496 1577 1661 1631 verba
1692 1569 2005 1642 hujusmodi
2042 1587 2054 1622 :

476 1661 653 1733 Rogo,
691 1673 744 1718 et
777 1667 1023 1735 supplico
1076 1677 1184 1722 tua:
1227 1669 1542 1739 paternitati
1579 1686 1591 1721 τ
1629 1665 1710 1722 fer
1745 1681 1900 1736 opem
1925 1704 1940 1725 ,
1999 1669 2056 1715 et

471 1769 636 1823 parce
659 1764 858 1810 nostrae
887 1757 1234 1836 insipientiaa.
1263 1761 1494 1826 Quando
1520 1759 1664 1815 enim
1691 1768 1744 1813 te
1772 1771 1892 1812 smn
1921 1752 2057 1807 allo-

2173 552 2465 622 ἐπίσκεψαι
2493 555 2585 606 τὸν
2620 557 2832 626 νεκρὸν,
2868 559 2962 610 καὶ¹
3006 558 3065 611 τὸ
3098 560 3359 630 κάλυμμα
3411 562 3566 632 ρίψον
3623 566 3756 635 προς

2170 641 2377 695 τοῦτον.
2424 645 2480 695 Ὀ
2506 639 2598 696 οὖν
2630 645 2949 713 Ἐπιφάνιος
2979 646 3219 709 ἀκούσας
3247 649 3440 710 ταῦτα,
3471 650 3598 720 ἔστη
3624 652 3753 719 πρὸς

2170 733 2433 798 ἀνατολὰς
2460 737 2599 808 ὑπὲρ
2625 737 2820 808 νεκροῦ
2853 737 2949 808 τὴν
2969 738 3154 809 δέησιν
3183 741 3510 811 προσφέρων
3527 759 3539 770 ·
3575 744 3667 794 καὶ
3693 744 3754 812 δὴ

2169 825 2576 896 ἀποδυσάμενος
2616 828 2707 880 τὸν
2761 828 3080 899 ἐπενδύτην,
3137 830 3357 901 ἔρριψεν
3385 832 3520 900 πρὸς
3546 833 3751 885 ἔνδυσιν

2168 917 2262 970 τοῦ
2289 917 2601 982 τεθνεῶτος.
2633 919 2740 973 Τοῦ
2769 921 2826 974 δὲ
2851 921 3171 992 Ἐπιφανίου
3198 925 3295 995 τὴν
3323 926 3546 995 πορείαν
3573 943 3745 978 ποιουο

2171 1011 2356 1080 μένου,
2389 1015 2552 1084 φησὶν
2579 1017 2607 1067 6
2635 1014 2762 1078 τοὺς
2789 1014 2978 1083 λόγους
3020 1017 3259 1089 λαλήσας
3297 1019 3435 1089 πρὸς
3475 1019 3566 1071 τὸν
3616 1019 3745 1072 πλα-

2171 1102 2364 1157 σθέντα
2399 1103 2487 1158 τὸν
2511 1105 2741 1161 θάνατον
2763 1124 2774 1139 ·
2797 1111 3052 1174 Ἀνάστα,
3082 1110 3268 1180 φησὶν,
3297 1111 3696 1182 ἀντιπαρῆλθεν
3724 1115 3753 1165 6

2171 1195 2407 1268 ἰδιώτης.
2438 1199 2544 1252 Τοῦ
2577 1200 2634 1253 δὲ
2661 1202 2955 1269 ἀπόκρισιν
2988 1203 3063 1274 μὴ
3087 1203 3323 1268 διδόντος
3346 1245 3360 1265 ,
3395 1204 3554 1257 πάλιν
3584 1223 3750 1275 προσ-

2167 1288 2433 1344 εκαλεῖτο.
2505 1289 2589 1355 Ὠς
2642 1292 2699 1346 δὲ
2736 1296 3043 1364 προσέσχεν
3103 1295 3292 1346 τοῦτον
3338 1295 3549 1365 νεκρὸν,
3588 1296 3752 1364 φησὶν

2167 1382 2304 1452 πρὸς
2331 1383 2520 1435 ἑαυτόν
2547 1401 2558 1413 ·
2585 1385 2812 1456 Δράμω,
2875 1387 2969 1439 καὶ
3016 1388 3336 1457 ἀπαγγείλω
3367 1387 3444 1457 τῷ
3490 1387 3623 1457 ξένῳ
3654 1387 3753 1458 τὴν

2166 1473 2365 1535 αἰτίαν,
2418 1472 2566 1537 ὅπως
2615 1476 2804 1530 τοῦτον
2838 1477 3152 1550 ἀναστήσει.
3203 1480 3260 1531 Ὀ
3314 1479 3371 1532 δὲ
3411 1479 3753 1544 καταδιώξας

2169 1563 2344 1617 ὀπίσω
2367 1565 2545 1636 ἡμῶν,
2582 1567 2776 1620 ἔπεσεν
2812 1571 2903 1622 ἐπὶ
2951 1569 3047 1640 τὴν
3077 1571 3182 1640 γῆν
3234 1571 3488 1640 δεόμενος
3523 1571 3755 1636 Ἐπιφα-

2166 1656 2300 1720 νίου,
2331 1657 2535 1725 λέγων·
2563 1659 2763 1730 Δέομαι
2791 1661 2885 1713 καὶ
2920 1662 3147 1714 ἱκετεύω
3184 1663 3282 1729 τὴν
3330 1663 3427 1732 σὴν
3463 1664 3752 1734 πατρωσύ-

2164 1763 2282 1817 νην,
2311 1746 2595 1818 βοήθησον,
2624 1751 2718 1803 καὶ
2745 1754 2927 1819 φεῖσαι
2949 1753 3045 1822 τῆς
3073 1752 3228 1823 ἡμῶν
3258 1752 3588 1824 ἀφροσύνης.
3624 1755 3752 1807 Ὅτε

472 1852 633 1900 cutus
651 1845 871 1902 dicens:
896 1833 1065 1902 Indue
1090 1859 1390 1917 mortuum,
1415 1849 1534 1921 ejus
1559 1867 1828 1908 consensu
1849 1863 1967 1905 sum
1984 1849 2043 1900 ιο·

2169 1839 2278 1911 γὰρ
2305 1840 2654 1914 ἐφθεγξάμην
2681 1844 2817 1914 πρὸς
2852 1845 2909 1897 σὲ
2939 1845 3113 1914 λέγων
3133 1886 3147 1909 ,
3181 1846 3504 1900 Ἐπένδυσον
3543 1847 3632 1899 τὸν
3663 1864 3748 1899 τε-

470 1947 632 1992 cutus
667 1955 680 1991 :
737 1955 972 2010 cumque
1002 1950 1060 1995 tu
1092 1957 1200 1996 non
1233 1943 1392 2015 longe
1425 1944 1804 2013 praatcriisses,
1851 1943 2057 1998 allocu-

472 2040 559 2086 1115
583 2049 703 2087 sum
737 2049 916 2088 meum
945 2035 1206 2098 amicum,
1245 2044 1299 2090 et
1335 2035 1389 2090 in
1424 2053 1490 2091 60
1521 2054 1630 2092 11011
1665 2047 1787 2092 erat
1810 2053 1937 2100 VOX,
1957 2051 2056 2092 nec

470 2124 713 2179 auditus.
751 2125 855 2180 Sed
907 2142 1028 2198 age,
1056 2127 1254 2197 inquit,
1274 2111 1449 2183 'Pater
1471 2171 1485 2195 ,
1512 2129 1718 2185 suscita
1749 2139 2050 2191 mortuum,

467 2225 523 2270 et
551 2233 715 2286 quam
748 2233 776 2271 a
803 2226 854 2271 te
880 2220 1194 2289 accepimus
1229 2222 1491 2286 tunicam,
1523 2237 1643 2278 eam
1678 2224 1882 2292 accipe.
1911 2223 2054 2276 Dixit

470 2317 651 2361 autem
690 2306 1030 2378 Epiphanius
1065 2310 1138 2372 ei,
1187 2312 1278 2381 qui
1328 2312 1653 2382 loquebatur
1686 2329 1697 2363 :
1739 2311 1922 2374 Vade,
1953 2311 2050 2376 fili,

466 2409 522 2455 et
547 2401 712 2470 sepeli
751 2417 897 2456 eum.
929 2401 1172 2458 Primum
1209 2406 1354 2460 enim
1387 2412 1471 2460 est
1511 2416 1782 2470 mortuus,
1817 2413 1870 2459 et
1922 2415 2051 2460 tunc

469 2491 572 2565 ipsi
630 2495 836 2565 petiisti
891 2497 1297 2554 indumentum.
1341 2499 1477 2553 Cum
1515 2509 1694 2553 autem
1731 2515 1925 2554 rursus
1959 2515 2051 2554 ve-

467 2589 747 2643 nissemus
777 2587 1106 2654 Caesaream,
1137 2591 1189 2645 in
1215 2591 1452 2663 Cyprum
1483 2593 1878 2663 navigavimus.
1911 2588 2046 2647 Fra-

467 2686 578 2734 tres
615 2693 744 2734 vero
777 2685 880 2735 nos
909 2695 1032 2736 cum
1060 2697 1258 2752 magno
1287 2683 1489 2754 gaudio
1517 2672 1867 2754 exceperunt.

531 2939 741 3000 XLVII.
771 2941 902 3002 Erat
934 2957 1114 3003 autem
1151 2948 1372 3019 quidam
1407 2950 1753 3021 legisperitus
1803 2949 2044 3018 Iudzeus,

463 3035 615 3095 Isaac
640 3040 885 3107 nomine,
913 3042 997 3096 vir
1030 3042 1175 3112 pius,
1203 3052 1255 3098 et
1288 3045 1378 3114 qui
1430 3054 1684 3100 accurate
1710 3044 1881 3117 legem
1929 3061 2047 3101 ser-

461 3134 626 3189 vabat
651 3119 972 3190 Mosaicam,
995 3137 1044 3191 ls
1075 3152 1199 3191 cum
1224 3147 1464 3192 sectatus
1486 3149 1632 3194 esset
1653 3139 2042 3209 Epiphanium,

459 3236 515 3281 et
539 3229 812 3283 catechesi
849 3227 1044 3283 fuisset
1093 3229 1398 3295 institutus,
1451 3240 1534 3286 est
1568 3232 1637 3285 ab
1667 3247 1733 3287 eo
1766 3232 2044 3287 illumina-

459 3333 570 3378 tus.
605 3322 838 3378 Eramus
866 3331 1044 3376 autem
1073 3332 1183 3377 tres
1209 3323 1355 3378 domi
1391 3333 1696 3379 manentes.

527 3414 762 3470 XLVIII.
786 3415 1095 3485 Aliquando
1154 3432 1285 3470 vero
1336 3431 1462 3471 cum
1520 3432 1679 3471 soror
1737 3415 1954 3469 Arcadii
1985 3424 2040 3470 et

458 3509 683 3565 tlonorii
710 3509 1101 3577 imperatorum
1125 3518 1434 3575 mgrotarct,
1452 3518 1596 3564 esset
1615 3518 1795 3564 autem
1829 3507 2038 3570 Romae.

459 3598 630 3654 audiit
654 3599 722 3654 de
757 3597 1082 3668 Epiphanio,
1137 3601 1282 3669 quod
1313 3597 1459 3654 Deus
1494 3616 1590 3670 per
1638 3616 1763 3654 eum
1822 3611 2041 3654 sanaret

459 3701 713 3766 aegrotos.
743 3693 818 3747 Ea
845 3709 976 3764 ergo
1004 3693 1155 3747 misit
1190 3693 1244 3746 in
1272 3692 1534 3764 Cyprum,
1561 3695 1653 3764 qui
1688 3692 1918 3748 Romam
1941 3696 2038 3749 ad-

455 3790 721 3842 ducerent
764 3785 1150 3857 Epiphanium.
1204 3787 1308 3854 Qui
1367 3797 1548 3842 autem
1605 3788 1760 3843 missi
1798 3790 2035 3851 fuerant,

455 3897 580 3934 eum
627 3881 682 3934 in
721 3880 962 3952 Cyprum
1006 3880 1404 3949 pervenissent,
1437 3881 1800 3936 ostenderunt
1824 3878 2036 3937 litteras

455 3972 784 4042 Epiphanio.
855 3972 984 4027 Erat
1025 3988 1155 4028 vero
1185 3973 1406 4042 quidam
1466 3971 1685 4042 gentilis
1722 3975 1804 4027 vir
1859 3973 2033 4039 dives,

457 4067 652 4135 lingua:
682 4065 976 4120 admodum
1010 4064 1302 4133 impedilze,
1357 4065 1577 4119 nomine
1622 4062 2032 4121 Faustinianus.

455 4155 503 4211 ls
537 4165 827 4225 exceperat
854 4157 1004 4210 viros
1029 4156 1229 4212 missos
1261 4157 1327 4210 ad
1368 4156 1732 4227 Epiphanium
1762 4197 1776 4219 ,
1817 4158 1912 4227 qui
1939 4159 2035 4212 ad-

452 4248 777 4303 versabatur
805 4247 1095 4302 admodum
1152 4247 1247 4302 illi.
1281 4249 1375 4304 llis
1420 4258 1602 4304 autem
1639 4250 1850 4305 dicebat
1883 4246 2030 4304 Fau-

454 4340 760 4394 stinianus:
791 4339 932 4405 Quid
951 4340 1404 4409 huicimposlori,
1425 4350 1680 4411 tanquam
1717 4341 1847 4406 Deo,
1875 4342 2032 4396 adbi-

451 4431 594 4487 betis
638 4432 917 4486 animum?
967 4432 1181 4502 Frigida
1233 4433 1379 4487 enim
1442 4434 1607 4487 verba
1659 4434 1941 4505 loquitur,
1972 4443 2027 4489 et

2165 1927 2393 1996 θνεῶτα,
2427 1935 2566 1987 κατά
2599 1933 2812 1988 σύνεσιν
2838 1937 3047 1990 ἐκείνου
3097 1937 3452 2008 ἐφθεγξάμην
3504 1939 3630 2002 τοὺς
3663 1938 3752 1991 λό-

2162 2042 2313 2094 γους,
2375 2025 2469 2080 καὶ
2502 2028 2902 2099 ἀντιπαρῆλθες
2929 2032 3097 2100 ἡμᾶς,
3127 2023 3172 2083 ὦ
3214 2031 3416 2103 Πάτερ,
3468 2031 3529 2084 ού
3588 2031 3746 2091 πολὺ,

2167 2117 2322 2186 κάγὼ
2347 2119 2539 2187 λόγους
2569 2120 2807 2192 ἐλάλησα
2833 2122 2970 2194 πρὸς
2998 2122 3130 2192 ἐμὸν
3159 2124 3405 2194 ἑταῖρον·
3443 2125 3536 2177 καὶ
3550 2125 3650 2177 οὐκ
3681 2122 3752 2196 ἦν

2169 2213 2339 2282 φωνὴ,
2369 2213 2464 2265 καὶ¹
2495 2214 2595 2267 οὐκ
2615 2207 2682 2286 ἦν
2705 2215 2985 2286 ἀκρόασις.
3019 2215 3179 2268 Ἀλλά
3200 2215 3377 2288 δεῦρο,
3404 2217 3749 2287 Πάτερ,ἀνά-

2167 2321 2368 2373 στησον
2396 2305 2486 2358 τὸν
2517 2306 2839 2377 τεθνηκότα,
2870 2308 2964 2361 καὶ
2992 2306 3082 2360 τὸν
3113 2307 3340 2377 χιτῶνα,
3365 2308 3424 2360 ὃν
3449 2306 3751 2378 εἰλήφαμεν

2161 2396 2314 2464 παρά
2347 2395 2465 2459 σοῦ,
2498 2397 2648 2451 λάθε.
2685 2393 2854 2452 Εἶπεν
2884 2398 2937 2450 δὲ
2970 2399 3290 2466 Ἐπιφάνιος
3345 2398 3481 2470 πρὸς
3527 2396 3618 2451 τὸν
3656 2399 3750 2474 λα-

2158 2485 2354 2540 λοῦντα
2378 2507 2390 2518 ·
2429 2488 2688 2552 Ἀπελθε,
2724 2488 2932 2552 τέκνον,
2955 2489 3049 2542 καὶ
3081 2488 3249 2558 θάψον
3273 2489 3463 2544 τοῦτον
3489 2506 3502 2519 °
3535 2489 3750 2558 πρῶτον

2155 2579 2264 2651 γάρ
2289 2581 2580 2644 ἀπέθανεν,
2608 2581 2703 2634 καὶ
2731 2583 2848 2634 τότε
2867 2581 3073 2652 ᾔτησας
3086 2582 3176 2634 τὸν
3198 2582 3514 2652 ἐπενδύτην.
3543 2578 3746 2633 Κατελ-

2157 2672 2360 2725 θόντων
2382 2674 2436 2726 δὲ
2475 2673 2630 2744 ἡμῶν
2665 2674 2825 2728 πάλιν
2870 2675 2928 2726 ἐν
2977 2673 3286 2744 Καισαρείᾳ
3321 2673 3748 2743 ἀπεπλεύσαμεν

2154 2764 2212 2816 ἐν
2245 2764 2489 2836 Κύπρῳ,
2537 2765 2632 2818 καὶ
2681 2757 3012 2832 ἀπεδέξαντο
3064 2768 3213 2837 ἡμᾶς
3241 2767 3291 2818 οἱ
3342 2766 3562 2836 ἀδελφοὶ
3609 2766 3745 2837 μετά

2155 2857 2326 2925 χαρᾶς
2365 2857 2628 2928 μεγάλης-

2225 2953 2354 3006 MZ'.
2389 2948 2497 3006 Ἦν
2525 2953 2580 3006 δέ
2614 2971 2696 3017 τις
2720 2955 2940 3025 νομικὸς
2969 2956 3222 3018 Ἰουδαῖος
3242 2998 3256 3018 ,
3279 2955 3468 3009 Ἰσαὰκ
3496 2949 3740 3025 ὀνόματι,

2153 3048 2293 3119 ἀνὴρ
2321 3047 2574 3118 εὐλαϐὴς,
2599 3048 2693 3100 καὶ
2721 3049 3004 3115 φυλάττων
3034 3049 3123 3101 τὸν
3147 3050 3309 3118 νόμον
3332 3049 3425 3101 τὸν
3451 3049 3743 3101 Μωσαῖκὸν

2157 3140 2291 3209 μετά
2340 3139 2646 3208 ἀκριϐείας.
2705 3132 2874 3202 Οὗτος
2927 3140 3354 3210 προσκυλληθεὶς
3414 3140 3740 3209 Ἐπιφανίῳ,

2152 3233 2247 3285 καὶ
2277 3230 2609 3302 κατηχηθεὶς
2645 3230 2736 3285 ὑπ’
2760 3229 2946 3290 αὑτοῦ,
2987 3231 3285 3303 ἐφωτίσθη.
3321 3231 3540 3302 ’Ἦμεθα
3567 3226 3661 3284 οὖν
3689 3231 3740 3283 οἱ

2149 3325 2298 3397 τρεῖς
2335 3324 2588 3394 μένοντες
2621 3326 2676 3376 ἐν
2699 3325 2832 3388 οἴκῳ
2856 3325 2956 3376 ἑνί.

2219 3413 2356 3467 Mll'.
2394 3415 2530 3466 Ποτὲ
2563 3407 2655 3466 οὖν
2682 3415 2713 3484 η
2739 3414 2940 3483 ἀδελφὴ
2990 3415 3278 3485 Ἀρκαδίου
3334 3415 3427 3467 καὶ
3479 3414 3738 3485 Ὁνωρίου

2148 3505 2256 3556 τῶν
2287 3503 2546 3573 βασιλέων
2602 3504 2772 3566 πάθος
2832 3501 3164 3575 ἕχουσα(ἦν
3219 3505 3275 3557 δὲ
3330 3504 3469 3573 αὕτη
3506 3505 3599 3556 ἐπὶ
3633 3505 3734 3573 τῆς

2159 3595 2417 3666 Ῥώμης)
2458 3597 2687 3666 ἤκουσεν
2733 3595 2861 3666 περὶ
2906 3597 3228 3664 Ἐπιφανίου
3254 3636 3269 3657 ,
3303 3597 3386 3649 ὅτι
3440 3596 3734 3666 θεραπεύει

2146 3686 2174 3737 6
2205 3685 2335 3747 (θεὸς
2367 3685 2434 3737 δι’
2473 3681 2636 3738 αὐτοῦ
2678 3687 2802 3748 τοὺς
2829 3680 3209 3748 ἀσθενοῦντας.
3257 3685 3403 3755 Αὕτη
3469 3681 3563 3738 οὖν
3624 3687 3734 3739 ἀπ-

2148 3777 2388 3829 έστειλεν
2421 3778 2477 3828 ἐν
2496 3780 2560 3847 τῇ
2585 3776 2870 3846 Κυπρίων,
2896 3778 3121 3845 ἀγαγεῖν
3152 3775 3470 3844 Ἐπιφάνιον
3497 3777 3590 3830 ἐπὶ
3637 3777 3734 3847 τῆς

2157 3867 2394 3938 Ῥώμης.
2423 3866 2542 3919 Τῶν
2583 3867 2640 3920 δὲ
2673 3866 3098 3936 ἀπεσταλμένων
3135 3868 3590 3938 καταντησάντων
3639 3869 3733 3920 ἐπὶ

2145 3952 2378 4024 Κύπρῳ,
2405 3953 2693 4018 ἀπέδειξαν
2717 3955 2783 4008 τὰ
2809 3955 3112 4026 γράμματα
3139 3956 3477 4027 ἐπισκοπείῳ
3506 3960 3602 4026 (a).
3625 3953 3732 4011 Ἶῐν

2142 4046 2198 4099 δέ
2231 4064 2314 4110 τις
2342 4045 2481 4116 ἀνὴρ
2515 4045 2714 4117 Ἕλλην
2756 4046 3030 4110 πλούσιος,
3063 4047 3266 4119 σφόδρα
3290 4048 3596 4118 μογιλάλος,
3636 4052 3731 4101 καὶ

2141 4136 2311 4208 ὄνομα
2372 4138 2536 4191 αὑτοῦ
2587 4139 2991 4193 Φαυστινιανός.
3037 4135 3206 4202 Οὗτος
3257 4127 3576 4204 ἐδεξιώσατο
3603 4140 3728 4202 τοὺς

2142 4229 2338 4298 ἄνδρας
2368 4230 2494 4293 τοὺς
2513 4229 2863 4300 πεμφθέντας
2893 4231 3030 4303 πρὸς
3055 4233 3403 4301 Ἑπιφάνιοψ
3438 4228 3505 4303 ἦν
3544 4233 3598 4285 δέ
3634 4232 3728 4285 καὶ

2143 4322 2348 4394 σφόδρα
2400 4323 2777 4393 ἀντικείμενος
2827 4323 3155 4395 Ἐπιφανίῳ.
3204 4324 3428 4388 Τούτοις
3485 4325 3668 4392 ἔλεγεν
3698 4327 3726 4376 6

2138 4412 2552 4478 Φαυστινιανόςο
2615 4415 2702 4480 Τί,
2762 4417 2947 4486 φησὶν,
2995 4417 3311 4487 προσέχετε,
3365 4417 3441 4480 ὡς
3467 4417 3606 4487 Θεῷ,
3648 4417 3726 4487 τῷ

452 4525 590 4579 nihil
624 4525 770 4580 aliud
804 4544 816 4579 :
847 4535 930 4580 est
959 4535 1139 4580 autem
1172 4527 1426 4595 pessimis
1450 4527 1716 4582 moribus.
1779 4528 2026 4595 Quodam

2151 4508 2394 4582 ἓπιθέτης
2429 4509 2634 4577 Λόγους
2667 4508 2775 4581 γάρ
2819 4509 3059 4580 ψυχροὺς
3089 4509 3259 4573 λαλεῖ,
3303 4511 3395 4563 καὶ
3434 4511 3585 4563 οὐδὲν
3610 4512 3725 4564 ἓτε-

451 4631 580 4672 vero
604 4617 692 4670 die
713 4631 836 4671 cum
861 4619 1076 4672 adesset
1101 4617 1462 4686 Epiphanius,
1487 4631 1780 4687 essentque
1807 4619 2028 4688 opifices

449 4718 740 4778 operantes
786 4709 839 4762 in
895 4710 1149 4770 ecclesia,
1180 4721 1339 4765 erant
1372 4712 1534 4765 etiam
1591 4711 1702 4766 illic
1752 4711 1875 4776 viri,
1933 4712 2025 4781 qui

448 4800 602 4855 missi
633 4799 869 4862 fuerant,
895 4815 1064 4869 prOpe
1081 4799 1468 4870 Epiphanium.
1504 4801 1632 4855 Erat
1674 4811 1853 4855 autem
1885 4800 2029 4855 Fau-

446 4892 722 4946 stinianus
757 4906 978 4960 quoque
1028 4900 1181 4944 stans
1233 4891 1285 4943 in
1336 4907 1404 4946 eo
1456 4893 1593 4946 loco.
1645 4891 1781 4945 Cum
1813 4892 2024 4982 exIalto

441 4997 574 5053 ergo
611 4980 899 5036 cecidisset
924 4996 1068 5035 unus
1117 4996 1183 5034 ex
1211 4981 1650 5048 aedificatoribus,
1692 4991 1745 5035 et
1796 4980 2024 5037 descen-

441 5074 613 5130 disset
640 5088 806 5142 supra
828 5082 994 5142 caput
1018 5071 1360 5128 Faustiniaui
1392 5097 1403 5130 :
1450 5076 1543 5145 qui
1575 5076 1844 5131 ceciderat
1895 5076 2022 5146 qui-

439 5166 587 5228 dem,
620 5164 758 5218 nihil
785 5164 915 5218 mali
954 5170 1037 5218 est
1084 5178 1320 5232 passus:
1378 5166 1770 5223 Faustinianus
1795 5183 1925 5223 vero
1965 5169 2020 5222 in
2077 5220 2084 5226 .

2080 5239 2085 5244 ’
2133 5239 2224 5290 κὺν
2250 5236 2471 5290 ἔπαθεν·
2506 5241 2534 5291 6
2568 5237 2624 5291 δὲ
2653 5240 3040 5302 Φαυστινιανὸς
3061 5240 3253 5293 ἔπεσεν
3285 5242 3376 5293 ἐπὶ
3403 5243 3714 5312 πρόσωπον,

442 5252 637 5308 faciem
707 5255 938 5320 cecidit,
978 5265 1034 5310 et
1084 5259 1288 5312 mansit
1347 5266 1622 5313 mortuus.
1684 5257 2022 5329 Epiphanius

440 5355 626 5400 autem
658 5347 1104 5417 appropinquans
1135 5348 1514 5414 Faustiniano,
1539 5365 1663 5405 eum
1697 5351 1873 5405 tenuit
1907 5367 2020 5405 ma-

441 5454 534 5504 nu,
569 5438 759 5494 dicens
789 5457 804 5494 :
843 5439 1039 5511 Surge,
1075 5441 1172 5505 fdi,
1228 5445 1281 5495 in
1329 5443 1552 5497 nomine
1589 5442 1828 5507 Domini,
1881 5444 2019 5499 vade

440 5542 608 5582 sanus
635 5529 690 5581 in
717 5530 942 5585 domum
979 5540 1152 5586 tuam.
1213 5533 1406 5586 Statim
1442 5541 1624 5588 autem
1675 5534 1934 5597 surrexit,
1965 5544 2018 5589 et

439 5617 535 5670 ivit
568 5617 622 5670 in
667 5618 890 5674 domum
919 5635 1098 5675 suam.
1135 5622 1270 5676 Cum
1304 5624 1483 5677 autem
1539 5621 1840 5680 audiviSsct
1880 5641 2018 5679 uxor

511 5819 587 5892 (ο)
639 5819 793 5892 Legit
826 5823 1093 5894 interpres
1119 5826 1442 5896 Ἐπιφανίῳ.

2141 4618 2232 4672 ρον
2259 4619 2272 4632 ·
2303 4601 2564 4666 κάκιστός
2605 4604 2722 4655 ἐστι
2771 4602 2899 4674 περὶ
2933 4604 3057 4664 τοὺς
3084 4601 3298 4670 λόγους.
3351 4604 3444 4657 Ἐν
3505 4607 3601 4674 μιᾷ
3631 4602 3724 4658 οὖν

2138 4689 2320 4760 ἡμέρᾳ
2351 4690 2738 4760 ἐπιστήκοντος
2757 4692 3100 4760 Ἐπιφανίου,
3122 4692 3197 4756 ὡς
3226 4688 3366 4764 ἦσαν
3393 4696 3441 4745 οἱ
3481 4699 3722 4765 τεχνῖται

2136 4781 2489 4852 ἐργαζόμενοι
2524 4784 2615 4836 ἐπὶ
2655 4783 2756 4853 τῆς
2797 4784 3114 4855 ἐκκλησίας,
3149 4781 3288 4856 ¹ἦσαν
3324 4787 3418 4839 καὶ
3450 4788 3497 4838 οἱ
3533 4787 3721 4855 ἄνδρες

2134 4875 2180 4924 οἱ
2207 4874 2607 4946 ἀπεσταλμένοι
2635 4877 2804 4944 ἐγγὺς
2833 4876 3066 4939 ἑστῶτες
3123 4877 3468 4946 Ἑπιφανίου.
3528 4874 3635 4931 Ἦν
3663 4880 3720 4932 δὲ

2133 4965 2228 5017 καὶ¹
2258 4964 2640 5030 Φαυστινιανος
2670 4964 2839 5029 ἑστὼς
2874 4967 2967 5019 ἐπὶ
2993 4967 3086 5019 τοῦ
3126 4968 3313 5022 τόπου.
3355 4963 3452 5030 Εἷς
3486 4964 3578 5020 οὖν
3611 4971 3720 5020 τῶν

2131 5055 2427 5124 οἰκοδόμων
2452 5052 2629 5108 πεσὼν
2651 5055 2759 5108 ἀπὸ
2785 5055 2951 5124 ὕψους
2987 5055 3248 5126 μεγάλου,
3301 5057 3393 5109 ’καὶ
3426 5057 3718 5127 ἐρχόμενος

2133 5147 2273 5200 κατὰ
2305 5147 2550 5217 κεφαλῆς
2580 5149 2986 5210 Φαυστινιανοῢ,
3015 5150 3043 5200 6
3080 5150 3178 5219 μὲν
3218 5149 3398 5202 πεσὼν
3444 5151 3594 5202 οὐδὲν
3621 5169 3705 5203 κα-

2131 5331 2224 5382 καὶ
2250 5329 2429 5400 ἔμεινε
2468 5331 2679 5401 νεκρός.
2711 5331 2970 5400 Ἐγγίσας
3012 5333 3069 5385 δέ
3115 5333 3431 5400 Ἑπιφάνιος
3484 5335 3715 5387 Φαυστι-

2128 5420 2312 5490 νιανῷ,
2347 5420 2649 5492 ἐκράτησεν
2679 5419 2839 5474 αύτδν
2870 5423 2976 5474 ἀπὸ
3001 5423 3100 5491 τῆς
3129 5423 3309 5492 χειρὸς
3333 5422 3504 5490 λέγων
3522 5441 3534 5452 ·
3558 5425 3699 5476 Ἀνά-

2130 5531 2251 5576 στα,
2285 5514 2492 5576 τέκνον,
2542 5515 2724 5586 φησὶν,
2756 5516 2813 5566 ἐν
2843 5515 3068 5585 ὀνόματι
3095 5517 3321 5587 Κυρίου,
3374 5517 3466 5569 καὶ
3513 5519 3712 5572 ἄπελθε

2129 5603 2385 5658 ὑγιαίνων
2421 5607 2476 5659 ἐν
2512 5597 2698 5676 τῷσῷ
2739 5606 2892 5660 οῖκω.
2931 5606 3144 5670 Εὐθέως
3197 5607 3251 5660 δὲ
3279 5608 3475 5680 ἀνέστη
3507 5611 3535 5660 6
3567 5611 3708 5664 Φαν-
