4088 6362
358 311 432 367 85
1662 320 1716 373 S.
1764 318 2105 378 EPlPHA‘Nll
2148 324 2331 383 VITA.
3538 326 3608 384 86

365 430 655 495 στινιανὸς,
690 431 783 485 καὶ
816 432 1085 507 ἐπορεύθη
1113 435 1191 496 εἰς
1222 432 1313 486 τὸν
1343 430 1490 487 οἷκον
1518 435 1705 488 αὐτοῦ.
1752 433 1941 486 Ἀκούο

2065 437 2164 505 ejus
2223 438 2367 508 quod
2423 436 2626 493 factum
2665 440 2857 504 fuerat,
2894 440 3098 510 accepit
3140 442 3285 496 mille
3329 456 3607 505 nummos,

367 538 509 574 σασα
537 522 593 575 δέ
618 524 651 593 ἡ
689 523 877 576 τούτου
908 525 1045 595 γυνὴ
1073 526 1134 577 τὸ
1164 526 1405 593 γεγονὸς,
1430 526 1664 579 λαϐοῦσα
1693 525 1835 595 χίλια
1858 542 1941 577 νο-

368 613 616 683 μίσματα
648 615 1023 685 προσήνεγκεν
1051 616 1373 687 Ἐπιφανίῳ.
1406 614 1571 670 Εἶπεν
1613 618 1666 670 δὲ
1715 618 1941 684 Ἐπιφά-

367 720 479 767 νιος
507 705 644 775 πρὸς
670 707 768 776 τὴν
800 711 1033 774 γυναῖκα
1055 725 1068 737 ·
1106 709 1360 770 ’Λπελοε,
1408 710 1615 772 τέκνον,
1660 710 1747 771 δὸς
1801 708 1943 762 αὐτά

363 800 479 860 τοῖς
512 798 774 850 κοπιῶσιν
800 800 894 851 ἐπὶ
916 800 1013 869 τῆς
1036 799 1349 870 ἐκκλησίας,
1392 802 1484 853 καὶ
1512 800 1651 877 ἐξεις
1673 800 1943 871 θησαυρὸν

366 887 522 958 παρά
551 888 629 959 τῷ
679 889 935 960 Ὑψίστῳ.
975 891 1082 943 Καὶ
1104 890 1274 954 οὕτως
1313 892 1623 963 ἐποίησενὴ
1657 896 1813 963 γυνή.

441 980 575 1034 MG’.
631 982 692 1033 Οἱ
727 977 819 1034 οὖν
850 982 1245 1050 ἀπεσταλμένοι
1294 984 1446 1055 παρά
1496 984 1604 1037 τῶν
1642 984 1899 1054 βασιλέων
1926 1024 1939 1046 ,

369 1070 576 1138 ἐπῆγον
604 1071 696 1123 τὸν
728 1072 1046 1138 Ἐπιφάνιον
1082 1073 1173 1124 ἐπὶ
1205 1072 1265 1124 τὸ
1309 1074 1491 1126 πλέειν
1544 1074 1637 1125 ἐπὶ
1671 1074 1766 1144 τὴν
1807 1074 1941 1125 Ῥώ-

374 1180 503 1233 μην.
533 1158 641 1213 Ἦν
661 1162 717 1213 δέ
750 1180 834 1225 τις
872 1163 1129 1233 κληρικὸς
1163 1165 1269 1217 ἀπὸ
1294 1165 1556 1234 ρητόρων,
1591 1164 1827 1235 τούνομα
1853 1164 1944 1216 Φί-

370 1252 499 1316 λων,
526 1253 662 1323 ἀνὴρ
687 1255 850 1317 ὅσιος.
873 1256 1043 1325 Χρεία
1064 1256 1120 1308 δέ
1141 1252 1207 1326 ἦν
1234 1258 1324 1308 ἐπὶ
1340 1258 1436 1325 τῆς
1452 1257 1659 1319 πόλεως
1686 1257 1777 1309 τοῦ
1798 1260 1943 1327 Καρ-

371 1344 570 1396 πασίου
603 1336 821 1397 καθίσαι
856 1346 1152 1399 ἐπίσκοπον
1180 1348 1270 1399 ἐπὶ
1290 1348 1383 1399 τοῦ
1406 1347 1616 1418 θρόνου.
1642 1344 1747 1399 Ἦν
1777 1347 1831 1400 δέ
1857 1340 1945 1399 οὗ·

371 1450 464 1495 τος
489 1433 752 1498 διάκονος.
791 1436 993 1490 Τοῦτον
1013 1433 1105 1489 οὖν
1133 1438 1242 1492 ἀπὸ
1268 1438 1658 1507 ἀποκαλύψεως
1682 1438 1814 1491 Θεοῦ
1835 1456 1945 1508 χει-

374 1528 583 1595 ροτονεῖ
611 1527 906 1580 ἐπίσκοπον
934 1531 962 1580 ὁ
986 1529 1302 1598 Ἐπιφάνιος
1354 1530 1445 1581 ἐπὶ
1492 1530 1584 1582 τοῦ
1632 1529 1820 1600 θρόνου
1847 1530 1945 1599 τῆς

372 1616 601 1681 πόλεως,
646 1617 740 1670 καὶ
772 1618 870 1688 τῆς
912 1619 1236 1688 Ἐκκλησίας
1298 1620 1391 1673 τοῦ
1436 1620 1777 1691 Καρπασίου.
1817 1620 1945 1671 Ὂτε

371 1700 467 1759 οὖν
500 1701 644 1775 εἶχεν
697 1706 1013 1774 Ἐπιφάνιος
1045 1708 1377 1778 ἐπιδημῆσαι
1434 1709 1526 1761 ἐπὶ
1550 1708 1650 1777 τῆς
1709 1707 1943 1778 Ῥώμης,

2047 538 2102 583 et
2130 529 2325 583 obtulit
2358 529 2679 599 Epiphanio.
2715 532 2818 597 Qui
2876 532 2924 585 ei
2952 533 3085 587 dixit
3120 549 3131 582 :
3166 532 3327 599 Vade,
3362 532 3491 599 ﬁlia,
3539 535 3605 587 da

2046 635 2146 676 eos
2178 622 2250 677 iis
2277 622 2369 691 qui
2397 622 2645 677 laborant
2667 625 2718 677 in
2752 625 3001 690 ecclesia,
3029 633 3081 678 et
3112 626 3334 680 habebis
3387 626 3611 680 thesau-

2049 726 2169 765 rum
2201 713 2340 781 apud
2373 712 2729 769 Altissimum.
2775 714 2868 769 Sic
2895 725 3073 769 autem
3101 714 3227 770 fecit
3261 716 3477 769 mulier.

2044 976 2077 1015 ιδ
2118 975 2305 1029 XLIX.
2338 975 2441 1043 Qui
2470 992 2595 1031 vero
2620 978 2773 1033 missi
2811 978 3028 1033 fuerant
3060 980 3129 1034 ab
3169 982 3607 1051 imperatoribus,

2051 1069 2313 1137 urgebant
2346 1068 2730 1138 Epiphanium,
2766 1078 2825 1122 ut
2862 1070 3140 1139 navigaret
3181 1069 3427 1125 Romam.
3485 1072 3612 1127 Erat

2050 1169 2230 1214 autem
2262 1160 2481 1229 quidam
2509 1176 2574 1214 ex
2606 1160 2919 1214 oratoribus
2947 1162 3199 1222 clericus,
3232 1160 3389 1216 Philo
3434 1164 3611 1217 nomi-

2050 1268 2139 1317 ne,
2168 1251 2251 1304 vir
2282 1259 2523 1305 sanctus.
2553 1249 2701 1320 Opus
2755 1261 2935 1306 autem
2969 1262 3107 1317 erat,
3151 1254 3202 1305 in
3236 1255 3451 1308 civitate
3479 1254 3599 1309 Car-

2049 1340 2185 1409 pasii
2217 1340 2269 1392 in
2298 1341 2424 1395 sede
2452 1340 2718 1429 c‘oIlocare
2750 1342 3082 1411 episcopum.
3142 1343 3378 1413 Eratque
3413 1345 3458 1399 is
3490 1344 3603 1399 dia-

2050 1447 2239 1486 conus.
2272 1431 2427 1485 Hunc
2462 1448 2589 1501 ergo
2622 1431 2715 1486 Dei
2750 1434 3075 1488 revelatione
3103 1434 3413 1504 episcopum
3460 1436 3601 1489 ordi-

2050 1533 2145 1577 nat
2176 1522 2509 1592 Epiphanius
2536 1527 2587 1576 in
2618 1523 2745 1578 sede
2768 1523 3005 1578 civitatis
3035 1534 3089 1579 et
3122 1524 3375 1581 Ecclesiae
3403 1527 3602 1596 Carpa-

2052 1615 2139 1669 sii.
2157 1614 2293 1668 Cum
2323 1630 2453 1684 ergo
2474 1622 2616 1669 esset
2632 1614 2858 1669 Romam
2882 1614 3232 1684 profecturus
3252 1617 3608 1688 Epiphanius,

2053 1709 2277 1762 accersit
2301 1708 2455 1777 prius
2482 1707 2687 1761 dictum
2722 1707 3000 1763 Philonem
3028 1710 3341 1779 episcopum
3363 1750 3378 1774 ,
3410 1711 3611 1781 datque

377 1799 796 1868 μεταστέλλεται
816 1800 909 1853 τὸν
934 1799 1328 1870 προειρημένον
1359 1800 1567 1853 Φίλωνα
1601 1800 1688 1852 τὸν
1734 1800 1951 1852 ἐπίσκο-

2065 1801 2102 1855 3i
2136 1800 2513 1854 auctoritatem
2558 1798 2814 1853 Ecclesia:
2854 1798 3205 1862 Constantiae,
3262 1807 3323 1853 ut
3370 1802 3416 1855 si
3453 1801 3611 1855 fuerit

374 1907 499 1953 πον,
532 1891 630 1944 καὶ⁵
658 1890 806 1960 αὐτῷ
833 1892 1153 1944 ἀποδίδωσιν
1176 1891 1275 1961 τὴν
1303 1891 1586 1944 αὐθεντίαν
1605 1892 1704 1962 τῆς
1727 1892 1951 1962 Ἐκκλη-

374 1982 498 2045 σίας
521 1984 619 2053 τῆς
660 1984 1045 2047 Κωνσταντίας
1069 2023 1084 2047 ,
1118 1984 1267 2045 ὅπως
1291 1983 1355 2036 ἂν
1380 1982 1537 2054 χρεία
1570 1985 1794 2053 γένηται
1822 1985 1951 2053 κλη-

377 2073 566 2144 ρικῶν,
607 2073 767 2136 αὐτὸς
806 2075 1190 2145 χειροτονήσει.
1219 2073 1414 2128 Λαϐὼν
1441 2070 1534 2128 οὖν
1578 2077 1605 2127 ὁ
1635 2075 1951 2142 Ἐπιφάνιος

376 2164 518 2233 ἐμὲ,
578 2164 670 2216 καὶ
702 2164 923 2228 Ἰσαὰκ,
974 2164 1399 2235 ἀπεπλεύσαμεν
1452 2168 1532 2230 είς
1577 2166 1673 2236 τὴν
1711 2166 1946 2237 Ῥώμην.

376 2254 740 2307 Εἰσελθόντων
772 2255 828 2307 δέ
877 2255 1036 2324 ἡμῶν
1073 2256 1131 2307 ἐν
1182 2258 1249 2325 τῇ
1283 2256 1454 2318 πόλει,
1511 2253 1580 2327 ἦν
1611 2256 1802 2321 πένθος
1858 2259 1952 2311 καὶ

376 2349 608 2411 κοπετδς
640 2348 810 2418 μέγας
838 2350 893 2402 ἐν
924 2349 999 2419 τῷ
1028 2350 1261 2420 ταμιείῳ
1288 2349 1367 2420 τῷ
1406 2350 1683 2421 βασιλικῷ.
1711 2351 1821 2421 Τῆς
1846 2350 1953 2422 γὰρ

376 2440 615 2509 ἀδελφῆς
635 2440 743 2492 τῶν
760 2441 1022 2511 βασιλέων
1050 2443 1335 2514 Ἀρκαδίου
1359 2443 1455 2496 καὶ
1490 2443 1750 2513 Ὀνωρίου
1782 2442 1953 2506 πάθος

377 2532 607 2601 ἐχούσης
636 2533 728 2585 ἐπὶ
762 2532 858 2603 τὴν
884 2532 1062 2597 δεξιὰν
1091 2537 1277 2604 χεῖρα,
1336 2532 1504 2586 πολλά
1554 2534 1878 2604 ποιήσαντες
1904 2534 1953 2586 οἱ

381 2623 556 2695 ἰατροὶ
585 2623 736 2675 οὐδὲν
760 2623 1049 2693 ὠφέλησαν
1076 2624 1299 2693 ταύτην.
1332 2620 1442 2677 Ἦν
1470 2625 1524 2677 δὲ
1555 2625 1740 2679 λοιπὸν
1785 2627 1955 2689 πάθος

378 2714 822 2783 κατανεμόμενον
848 2714 946 2778 τὰς
982 2714 1188 2786 σάρκας
1218 2716 1407 2786 αὐτῆς.
1456 2717 1587 2769 Ἀπὸ
1620 2716 1817 2787 πολλῆς
1863 2713 1956 2771 οὖν

381 2801 613 2870 θλίψεως
664 2802 868 2871 ἐπῆγεν
894 2804 1021 2865 τοὺς
1071 2803 1329 2872 βασιλεῖς,
1358 2803 1499 2872 λέγω
1559 2806 1617 2875 δὴ
1679 2806 1956 2877 Ἀρκάδιον

382 2894 476 2944 καὶ
516 2891 791 2964 Ὀνώριον,
820 2895 967 2958 ὅπως
996 2896 1359 2967 ἐπιτρέψωσιν
1381 2896 1549 2966 ἰατρῷ
1585 2896 1763 2951 δοῦναι
1791 2900 1956 2970 δηλη-

380 2984 568 3053 τήριον
598 2983 757 3054 αὐτῇ,
818 2985 966 3047 ὅπως
993 2984 1081 3038 διὰ
1128 2986 1393 3057 συντόμου
1446 2988 1690 3060 παρέλθῃ
1724 2990 1812 3043 τὸν
1847 2990 1957 3060 βίον

379 3073 589 3127 τοῦτον.
631 3075 695 3126 Οἱ
741 3071 834 3127 οὖν
888 3077 1269 3145 ἀπαγαγόντες
1304 3081 1450 3149 ἡμᾶς
1483 3080 1575 3132 ἐπ)¹
1603 3081 1699 3152 τὴν
1736 3081 1954 3152 Ῥώμην

382 3166 653 3237 εἰσῆλθον,
694 3169 789 3220 καὶ
823 3169 1164 3239 ἀπήγγειλαν
1189 3173 1300 3233 τοῖς
1334 3170 1661 3240 βασιλεῦσιν.
1712 3173 1873 3226 Αὐτοὶ
1901 3174 1958 3227 δὲ

385 3260 771 3329 ἐπιτρέπουσιν
798 3262 1024 3315 εἰσιέναι
1057 3262 1147 3315 τὸν
1186 3263 1518 3330 Ἐπιφάνιον.
1561 3265 1618 3318 Ὀ
1640 3264 1696 3318 δὲ
1734 3266 1963 3335 Ἐπιφά-

384 3369 517 3415 νιος,
545 3353 620 3415 ὡς
648 3354 724 3423 μὴ
748 3353 1009 3417 τοιούτοις
1028 3354 1333 3431 ἀνθρώποις
1363 3356 1763 3426 συντυγχάνων,
1791 3357 1962 3421 οὕτως

386 3442 641 3512 ἀτρόμως
667 3439 806 3496 εἶσιν
849 3446 907 3496 ἐν
954 3443 1030 3513 τῷ
1093 3443 1323 3513 ταμιείῳ
1364 3442 1441 3513 τῷ
1480 3442 1774 3513 βασιλικῷ,
1812 3443 1963 3512 ἐγγί-

390 3548 490 3593 σας
518 3533 571 3585 δὲ
603 3536 713 3597 τοῖς
746 3533 1072 3603 βασιλεῦσιν.
1103 3531 1211 3587 Ἦν
1251 3534 1307 3587 δὲ
1342 3535 1437 3588 καὶ
1465 3536 1497 3605 ή
1523 3534 1724 3605 ἀδελφὴ
1763 3534 1965 3587 τούτων

389 3626 761 3695 κατακειμένη
793 3627 884 3678 ἐπὶ
913 3626 1011 3696 τῆς
1038 3626 1248 3695 κλίνης.

458 3717 541 3770 i\".
585 3716 705 3769 Τῶν
730 3716 786 3769 δὲ
822 3716 1082 3787 βασιλέων
1123 3717 1336 3770 ἰδόντων
1385 3717 1475 3770 τὸν
1519 3717 1852 3786 Ἐπιφάνιον,
1880 3718 1965 3771 ἀν⁴

392 3808 625 3875 ἔστησαν
661 3808 861 3871 εὐθέως
885 3809 993 3862 ἀπὸ
1032 3807 1139 3862 τῶν
1176 3809 1398 3880 θρόνων.
1430 3804 1596 3861 Εἶπεν
1642 3810 1698 3862 δὲ
1737 3811 1965 3887 Ἐπιφά-

391 3918 505 3962 νιος
532 3903 642 3962 τοῖς
673 3900 1006 3969 βασιλεῦσιν
1034 3901 1247 3972 Ταύτην
1271 3903 1367 3972 τὴν
1393 3901 1558 3972 τιμὴν
1574 3902 1965 3967 δίδοτε,τέκνα,

394 3991 474 4061 τῷ
511 3992 794 4065 εὐεργέτῃ,
836 3993 928 4045 καὶ
958 3992 1153 4061 ὄψεσθε
1183 3994 1279 4063 τὴν
1307 3994 1540 4063 ἀδελφὴν
1572 3993 1723 4064 ὑμῶν
1752 3995 1809 4046 ἐν
1841 3994 1969 4047 καλ-

393 4082 549 4153 λίστῃ
600 4082 784 4152 ὑγεία·
829 4085 902 4154 μὴ
939 4084 1250 4143 πεποίθετε,
1282 4085 1466 4145 τέκνα,
1504 4088 1595 4137 ἐπὶ
1635 4086 1733 4155 τὴν
1780 4085 1970 4138 αὐθεν-

396 4176 536 4231 τίαν.
553 4177 645 4228 καὶ
662 4175 846 4228 ἔσεσθε
870 4176 1259 4245 φυλαττόμενοι
1278 4177 1385 4230 ἀπὸ
1404 4178 1629 4247 Κυρίου.
1648 4178 1769 4229 Ἐπὶ
1785 4177 1841 4229 δὲ
1862 4181 1973 4240 τοῖς

398 4265 578 4333 λόγοις
620 4266 933 4333 Ἑπιφανίου
970 4265 1243 4329 ἐδίσταζον
1286 4267 1380 4318 καὶ
1418 4269 1770 4337 ἐταράττοντο
1803 4268 1851 4319 οἱ
1880 4267 1975 4337 βα-

400 4355 583 4418 σιλεῖς.
616 4351 782 4408 Εἶπεν
817 4355 872 4408 δέ
914 4356 1222 4424 Ἐπιφάνιος
1256 4359 1365 4419 τοῖς
1413 4357 1754 4425 βασιλεῦσιν·
1790 4358 1855 4410 Τί
1898 4358 1975 4409 δι-

2053 1907 2190 1961 opus
2221 1891 2432 1946 clericis
2455 1929 2471 1955 ,
2530 1890 2645 1960 ipse
2674 1891 2969 1945 ordinaret.
3008 1892 3231 1961 Accepit
3259 1900 3435 1945 autem
3490 1892 3607 1961 Epi-

2050 1983 2284 2053 phanius
2330 1998 2416 2037 me
2485 1984 2553 2052 et]
2588 1981 2759 2046 Isaae,
2826 1990 2880 2037 et
2933 1983 3161 2037 Romam
3218 1983 3607 2054 navigavimus.

2052 2073 2181 2127 Erat
2206 2088 2334 2127 vero
2366 2088 2595 2142 magnus
2635 2072 2815 2126 luctus
2842 2079 2896 2126 et
2920 2072 3171 2140 planctus
3200 2072 3251 2125 in
3282 2073 3405 2126 aula
3445 2072 3612 2141 regia.

2052 2164 2187 2220 Cum
2244 2166 2386 2221 enim
2430 2180 2590 2221 soror
2642 2166 3030 2234 imperatorum
3066 2164 3283 2219 Arcadii
3303 2173 3356 2219 et
3391 2163 3611 2219 Honorii
3661 2151 3677 2167 ’

2053 2255 2323 2309 laboraret
2358 2255 2410 2308 in
2440 2270 2604 2309 mauu
2636 2254 2878 2321 dextera,
2915 2255 3082 2309 multa
3125 2253 3369 2309 fecerant
3396 2256 3610 2317 medici,

2053 2360 2154 2401 nec
2179 2346 2229 2400 ei
2260 2346 2556 2414 quidquam
2583 2344 2918 2415 profuerant.
2952 2345 3174 2401 Morbus
3212 2355 3389 2400 autem
3411 2346 3520 2415 jam
3551 2348 3614 2400 de

2054 2445 2248 2490 caetero
2274 2436 2596 2504 depascebat
2613 2436 2731 2505 ejus
2753 2451 2963 2491 carnes.
2987 2436 3104 2491 Pra:
3132 2438 3298 2491 multa
3330 2452 3455 2491 vero
3484 2437 3615 2491 allii-

2055 2528 2233 2581 ctione
2260 2526 2493 2580 instabat
2516 2526 2960 2595 imperatoribus,
2989 2527 3243 2588 Arcadio.
3276 2529 3495 2597 inquam
3517 2570 3530 2591 ,
3564 2538 3613 2583 el

2056 2618 2317 2683 Honorio,
2340 2629 2398 2673 ut
2428 2621 2806 2689 permitterent
2840 2621 3053 2675 medico
3094 2621 3141 2675 ei
3172 2622 3300 2675 dare
3328 2636 3615 2684 venenum,

2057 2717 2117 2763 ut
2138 2710 2369 2764 breviter
2398 2711 2563 2764 vitam
2591 2710 2788 2766 finiret.
2824 2711 2925 2778 Qui
2953 2728 3082 2782 ergo
3112 2727 3211 2765 nos
3246 2711 3473 2766 Romam
3520 2714 3616 2769 tle-

2056 2800 2340 2862 duxerant,
2372 2802 2601 2871 ingressi
2626 2811 2774 2865 sunt,
2799 2814 2852 2856 et
2881 2803 3261 2856 renuntiarunt
3283 2804 3613 2872 imperatori-

2057 2890 2179 2945 bus.
2212 2890 2315 2958 lpsi
2359 2901 2538 2945 autem
2563 2892 2777 2960 jubent,
2806 2902 2865 2945 ut
2894 2892 3227 2961 ingrediatur
3260 2894 3617 2962 Epiphanius.

2057 2979 2225 3035 Nobis
2252 2996 2378 3035 vero
2403 2982 2455 3034 in
2485 2983 2665 3035 aulam
2697 2982 2901 3051 regiam
2928 2983 3277 3049 intrantibus,
3305 2998 3495 3038 omnes
3527 2984 3618 3053 qui

2059 3072 2282 3126 aderant
2329 3073 2635 3127 salutarunt
2674 3072 3049 3142 Epiphaniam.
3118 3074 3221 3138 Qui
3272 3075 3498 3143 perinde
3561 3089 3624 3128 ae

2062 3165 2105 3219 si
2134 3180 2239 3219 non
2273 3166 2407 3219 tales
2442 3166 2759 3219 conveniret
2797 3166 3067 3230 homines,
3117 3166 3379 3235 intrepide
3419 3167 3625 3236 ingres-

2060 3272 2155 3311 sus
2178 3264 2261 3311 est
2290 3257 2343 3309 in
2378 3256 2557 3311 aulam
2599 3256 2823 3326 regiam,
2858 3266 2912 3311 et
2961 3257 3413 3327 appropinquavit
3457 3259 3626 3327 impe-

2062 3347 2355 3403 ratoribus.
2389 3346 2517 3401 Erat
2544 3355 2725 3401 autem
2762 3362 2950 3402 eorum
2997 3362 3154 3424 soror
3206 3348 3260 3401 in
3309 3348 3444 3401 lecto
3470 3362 3625 3402 recu-

2063 3438 2222 3493 bans.

2138 3711 2195 3764 L.
2257 3710 2393 3765 Cum
2423 3726 2548 3766 vero
2574 3711 2931 3781 imperatores
2959 3712 3223 3768 vidissent
3246 3711 3629 3783 Epiphanium,

2066 3814 2119 3859 et
2152 3805 2400 3873 protinus
2446 3818 2477 3858 e
2503 3804 2724 3859 sedibus
2752 3804 2802 3858 ei
2830 3805 3281 3870 assurrexissent,
3322 3806 3462 3860 dixit
3504 3804 3629 3875 Epi-

2068 3897 2303 3966 phanius
2347 3896 2770 3966 imperatoribus
2804 3914 2818 3950 :
2855 3893 3012 3951 Hune
3055 3897 3340 3959 honorem,
3376 3897 3574 3965 inquit,
3603 3912 3634 3951 ο

2071 3990 2189 4053 filii,
2224 3990 2351 4043 date
2378 3988 2708 4044 benefactori
2741 3987 2870 4052 Deo,
2912 3997 2966 4043 et
3000 3988 3249 4043 videbitis
3276 4002 3516 4042 sororem
3544 4003 3626 4042 ve-

2073 4092 2239 4136 stram
2288 4081 2343 4134 in
2399 4082 2600 4150 optima
2637 4082 2888 4135 sanitate.
2922 4078 2999 4133 Ne
3046 4079 3354 4145 eonﬁdatis,
3405 4079 3530 4142 filii,
3582 4080 3635 4133 in

2074 4175 2375 4243 majestate,
2427 4182 2480 4227 et
2506 4172 2961 4228 conservabimini
3000 4189 3029 4226 a
3070 4171 3322 4227 Domino.
3368 4172 3635 4239 Quoniam

2075 4275 2254 4319 autem
2281 4273 2501 4334 propter
2529 4265 2692 4319 verba
2741 4263 3031 4333 Epiphanii
3059 4264 3384 4318 dubitabant
3411 4273 3465 4319 et
3510 4280 3641 4318 eon-

2075 4356 2435 4411 Iurbabantur
2486 4356 2863 4426 imperatores,
2915 4355 3051 4409 dixit
3100 4355 3208 4409 illis
3260 4354 3637 4425 Epiphanius:

401 4448 644 4511 στάζετε,
673 4448 858 4511 τέκνα,
889 4448 980 4501 ἐπὶ
1015 4451 1128 4511 τοῖς
1156 4447 1535 4519 λαλουμένοις
1575 4449 1806 4519 Ὂψεσθε
1838 4450 1960 4502 Θεοί

2078 4448 2217 4530 Quid
2258 4448 2536 4511 dubitatis,
2602 4448 2718 4513 filii,
2771 4448 2837 4502 de
2895 4448 2961 4503 iis
3006 4464 3125 4518 quae
3172 4448 3293 4503 dico
3315 4449 3347 4501 ’ἐκ
3382 4447 3642 4504 Videbitis

398 4539 560 4609 χάριν
609 4540 696 4593 διὰ
747 4538 851 4592 τῶν
900 4539 1261 4610 λαλουμένων.
1283 4540 1535 4607 Ἐγγίσας
1566 4540 1620 4593 δέ
1658 4541 1969 4610 Ἐπιιράνιος

402 4634 495 4684 ἐπὶ
541 4633 639 4701 τῆς
685 4632 891 4701 κλίνης,
922 4632 1047 4684 ἔνθα
1076 4633 1355 4684 κατέκειτο
1388 4635 1419 4702 ἡ
1454 4634 1654 4704 ἀδελφὴ
1684 4633 1789 4686 τῶν
1822 4632 1973 4702 βασι-

398 4722 555 4784 λέων,
585 4718 735 4774 εἷπεν
772 4723 905 4792 πρὸς
949 4722 1116 4792 αὐτὴν
1149 4723 1366 4792 εὐμενεῖ
1407 4722 1485 4791 τῷ
1530 4723 1838 4793 προσώπῳ⁹
1882 4723 1973 4793 Μὴ

402 4809 639 4873 δίσταζε,
672 4811 879 4874 τέκνον,
914 4812 1006 4862 ἐπὶ
1034 4811 1110 4881 τῷ
1146 4811 1303 4864 πάθει
1327 4830 1338 4841 ·
1368 4812 1455 4881 ἔχε
1502 4813 1599 4875 τὰς
1630 4812 1851 4875 ἐλπίδας
1884 4814 1975 4865 ἐπὶ

405 4900 537 4953 Θεὸν
567 4901 762 4965 ζῶντα,
789 4904 882 4955 καὶ
910 4902 1012 4972 ὄψῃ
1043 4903 1139 4973 τὴν
1170 4904 1380 4973 ὑγίειαν
1409 4908 1471 4974 τῇ
1503 4904 1621 4974 ὥρα
1648 4903 1850 4976 ταύτῃ·
1888 4903 1976 4954 πί·

409 5009 630 5047 στευσον
661 4994 738 5064 τῷ
768 4994 881 5065 Υίῷ
913 4996 1004 5047 τοῦ
1034 4995 1166 5048 Θεοῦ
1200 4997 1277 5067 τῷ
1307 4997 1723 5067 ἐσταυρωμένῳ,
1756 4998 1845 5049 καὶ
1881 4996 1976 5067 ἔσῃ

408 5086 781 5157 περιπατοῦσα
810 5089 867 5139 ἐν
894 5090 958 5158 τῇ
991 5087 1109 5159 ὥρα
1138 5088 1328 5159 ταύτῃ.
1367 5090 1667 5151 Πέπαυται,
1696 5090 1849 5158 φησὶ,
1889 5089 1978 5141 τέ-

409 5192 554 5239 κνον,
586 5178 613 5228 ὁ
640 5176 795 5239 πόνος
832 5177 924 5229 τοῦ
956 5178 1203 5247 σώματός
1238 5197 1350 5232 σου.
1384 5179 1581 5245 Δόξαζε
1617 5180 1747 5232 Θεὸν
1788 5180 1875 5232 τὸν
1903 5182 1980 5233 δι-

411 5265 565 5319 δόντα
590 5265 687 5334 τὴν
717 5267 875 5337 χάριν
895 5286 908 5299 -
946 5267 1033 5337 ἔχε
1062 5269 1246 5321 τοῦτον
1279 5272 1418 5322 κατὰ
1443 5270 1565 5322 νοῦν
1602 5269 1978 5335 ἀδιαλείπτως,

414 5355 505 5409 καὶ
532 5355 679 5409 ἔσται
727 5376 806 5410 σοι
854 5362 1029 5430 τεῖχος
1061 5361 1151 5413 τὸν
1183 5361 1394 5413 ἅπαντα
1440 5361 1649 5431 χρόνον.
1685 5362 1869 5416 Ταῦτα
1908 5364 1982 5414 εί-

417 5446 529 5500 πὼν
570 5449 883 5517 Ἐπιφάνιος
929 5453 1229 5523 ἐκράτησεν
1275 5454 1372 5522 τῆς
1426 5454 1605 5523 χειρὸς
1652 5454 1842 5523 αὐτῆς,
1892 5456 1983 5508 καὶ

422 5538 721 5605 σφραγίσας
746 5542 915 5612 αὐτὴν
942 5544 1138 5613 τρίτον,
1168 5543 1366 5607 εὐθέως
1393 5544 1684 5613 ἐκουφίσθη
1738 5545 1845 5596 τῶν
1888 5547 1985 5599 πό-

416 5644 540 5679 νων.
560 5628 776 5693 Ἰδόντες
820 5632 875 5684 δέ
922 5635 969 5684 οἱ
1014 5633 1269 5702 βασιλεῖς,
1303 5635 1331 5685 ὂ
1366 5634 1617 5705 ἐποίησεν
1653 5636 1981 5702 Ἔπιφάνιος,

398 5718 745 5790 προσεκλίθη
793 5724 824 5791 ἡ
869 5724 1010 5795 ψυχὴ
1057 5725 1231 5778 αὐτῶν
1287 5726 1380 5779 τοῦ
1436 5728 1652 5796 ἀγαπᾷν
1684 5726 1862 5790 αὑτὸν,
1893 5731 1984 5782 καὶ

2078 4540 2174 4593 Dei
2213 4540 2438 4609 gratiam
2475 4554 2569 4609 per
2594 4554 2656 4593 ea
2682 4554 2803 4609 qua:
2828 4539 3102 4594 dicuntur.
3143 4540 3277 4594 Cum
3311 4550 3489 4593 autem
3515 4538 3637 4607 Epi-

2078 4635 2315 4705 phanius
2341 4633 2831 4703 apprOpinquasset
2853 4634 3011 4698 lecto,
3036 4635 3088 4687 in
3116 4634 3458 4703 quojacebat
3487 4650 3647 4688 soror

2082 4725 2495 4793 imperatorum,
2519 4723 2657 4777 dixit
2682 4724 2728 4777 ei
2778 4724 2924 4778 vultu
2962 4725 3071 4778 leui
3109 4736 3162 4779 et
3191 4724 3441 4794 placido:
3479 4722 3553 4777 Ne
3581 4724 3649 4777 de

2084 4814 2271 4867 morbo
2310 4814 2543 4876 dubites,
2584 4828 2617 4866 o
2648 4813 2791 4865 filia:
2834 4827 2992 4880 spera
3041 4814 3094 4866 iu
3136 4815 3299 4865 Deum
3340 4814 3545 4877 vivum,
3596 4820 3649 4864 et

2084 4905 2186 4958 hac
2226 4905 2362 4958 hora
2411 4904 2618 4959 videbis
2668 4906 2974 4959 sanitatem.
3011 4903 3182 4958 Crede
3213 4904 3352 4958 Filio
3398 4904 3513 4968 Dei,
3552 4904 3647 4973 qui

2086 4996 2188 5050 fuit
2214 4996 2525 5059 crucifixus,
2561 5007 2614 5050 et
2662 4997 2843 5051 statim
2887 4996 3211 5051 ambulabis.
3257 4995 3523 5057 Cessavit,
3569 4995 3651 5047 in-

2086 5088 2225 5157 quil,
2269 5102 2300 5141 ο
2332 5086 2463 5151 filia,
2507 5086 2660 5140 dolor
2696 5087 2772 5139 tui
2808 5086 3137 5155 corpusculi.
3191 5083 3373 5139 Redde
3422 5084 3648 5153 gloriam

2088 5179 2219 5243 Deo,
2257 5180 2349 5249 qui
2388 5179 2481 5232 dat
2510 5179 2771 5249 gratiam;
2803 5193 2927 5232 eum
2971 5177 3109 5231 habe
3156 5185 3415 5245 perpetuo
3451 5177 3507 5227 in
3538 5190 3653 5228 me-

2089 5272 2283 5337 moria,
2310 5280 2365 5326 et
2388 5271 2492 5325 erit
2518 5271 2615 5324 tibi
2646 5286 2840 5324 murus
2874 5268 3023 5323 omni
3077 5278 3334 5337 tempore.
3368 5266 3504 5320 Cum
3538 5266 3653 5320 haec

2088 5370 2293 5422 diceret
2343 5364 2701 5434 Epiphanius,
2744 5362 2916 5417 tenuit
2950 5375 3170 5414 manum
3206 5359 3554 5421 mulierculae,
3600 5368 3655 5413 et

2089 5474 2207 5513 eam
2249 5466 2331 5511 ter
2381 5456 2634 5527 signavit,
2679 5464 2727 5509 et
2773 5454 2917 5508 illico
2976 5453 3148 5507 levata
3209 5461 3292 5505 est
3352 5452 3648 5505 doloribus.

2093 5548 2229 5601 Cum
2279 5555 2457 5600 autem
2510 5545 2776 5605 vidissent
2831 5544 3209 5612 imperatores,
3259 5542 3403 5611 quod
3453 5540 3655 5596 fecerat

2093 5637 2452 5708 Epiphanius,
2504 5636 2820 5691 inclinatum
2864 5643 2946 5689 cst
2979 5649 3074 5687 cor
3112 5648 3323 5694 eorum,
3377 5640 3437 5686 ut
3478 5632 3654 5701 ipsum

2093 5730 2396 5800 diligerent,
2444 5728 2835 5797 audirentque,
2871 5736 2924 5783 et
2970 5728 3248 5783 crederent
3293 5725 3359 5779 iis
3404 5724 3657 5780 omnibus
