4088 6362
459 308 525 363 37
1750 307 1807 362 S.
1847 306 2188 370 EPIPIIANII
2230 312 2408 369 VITA.
3632 337 3701 393 98

456 439 579 495 qua:
611 423 680 478 ab
711 422 830 492 ipso
861 421 1201 476 dicebantur.
1234 419 1624 493 Rogaruntque
1645 422 2005 493 Epiphaniam

2135 430 2373 497 ἀκούειν,
2407 436 2497 488 καὶ
2531 438 2807 494 πιστεύειν
2839 444 2968 495 πᾶσι
2991 446 3099 511 τοῖς
3121 446 3469 518 λαλουμένοις
3493 452 3584 506 ὑπ’
3606 456 3703 509 αὐ-

458 525 518 570 υι
570 513 758 569 Bomze
788 530 914 568 cum
951 514 1031 569 eis
1082 524 1414 579 versaretur,
1453 527 1507 569 et
1549 526 1695 571 esset
1738 518 1818 571 eis
1858 519 1911 571 in
1937 535 2034 587 pa-

461 619 621 661 trem.
669 605 1004 675 Epiphanius
1046 616 1225 660 autem
1276 616 1447 661 totum
1492 606 1634 661 diem
1678 609 2031 678 imperatores

456 697 687 751 docebat
715 698 952 751 assidue.

528 896 613 952 LI.
673 896 981 964 Aliquando
1008 910 1132 949 cum
1169 896 1341 949 filium
1382 896 1599 950 haberet
1632 910 1788 949 soror
1815 911 2026 959 eorum,

455 1006 576 1061 quae
610 990 902 1052 Iaborarat,
949 998 1002 1044 et
1029 997 1219 1041 curata
1257 986 1435 1042 fuerat
1477 988 1545 1041 ab
1588 986 1909 1056 Epiphanio,
1939 1004 2028 1043 ac-

456 1084 587 1139 cidit
619 1092 678 1137 ut
718 1083 922 1137 cumis
976 1090 1315 1153 aegrotasset,
1372 1090 1620 1136 mortuus
1667 1082 1722 1134 in
1777 1082 1915 1135 lecto
1958 1082 2028 1137 sit

456 1184 723 1246 repertus.
760 1173 887 1229 Fuit
917 1190 1145 1243 magnus
1174 1175 1354 1229 luctus
1382 1173 1437 1228 in
1462 1174 1586 1228 aula
1612 1174 2022 1243 imperatorum.

456 1268 759 1339 Epiphanio
789 1277 971 1322 autem
1016 1268 1275 1321 dixerunt
1318 1267 1713 1335 imperatores:
1757 1264 1887 1329 (Ira,
1925 1264 2025 1319 Pa-

454 1371 557 1426 ter,
599 1375 699 1429 pro
736 1358 963 1422 infante,
1025 1368 1086 1413 ut
1143 1374 1267 1413 eum
1340 1359 1534 1413 reddas
1584 1374 1778 1413 sanum
1841 1360 2022 1412 matri.

454 1450 601 1503 Dixit
630 1448 962 1519 Epiphanius
990 1466 1002 1501 :
1036 1447 1292 1511 Creditis,
1323 1447 1417 1502 lilii
1440 1487 1454 1512 ,
1488 1463 1574 1502 me
1618 1448 1720 1502 hoc
1750 1463 1910 1517 posse
1952 1445 2026 1502 fa-

454 1543 632 1598 cere?
692 1542 958 1596 Dixerunt
1011 1549 1192 1596 autem
1260 1541 1663 1610 imperatores:
1714 1539 2022 1606 Credimus,

453 1635 599 1705 quod
629 1636 772 1690 sicut
816 1634 1010 1688 matris
1037 1633 1155 1703 ejus
1190 1634 1439 1687 morbum
1482 1631 1702 1701 iugasti,
1749 1632 1823 1686 ita
1854 1633 2020 1686 etiam

452 1724 715 1779 infantem
747 1724 796 1778 ei
828 1723 1008 1777 vivum
1037 1722 1324 1792 praebebis.
1355 1720 1499 1775 Dixit
1524 1737 1654 1776 vero
1685 1720 2021 1791 Epiphanius

452 1816 872 1887 imperatoribus
908 1835 920 1870 :
958 1814 1014 1868 Si
1056 1815 1358 1869 surrexerit
1390 1813 1534 1868 filius
1567 1813 1771 1869 sororis
1807 1824 2018 1876 vestrae,

452 1908 778 1971 credetisne,
829 1915 884 1961 et
912 1905 1319 1975 baptizabimini
1358 1903 1411 1958 in
1464 1905 1686 1960 nomine
1729 1906 2021 1960 Crueilixi?

455 2000 720 2055 Dixerunt
768 2000 1125 2068 imperatores
1166 1997 1513 2067 Epiphanio:
1566 1997 1623 2051 Si
1672 1998 2021 2054 suscitaveris

452 2092 737 2157 infantem,
783 2106 883 2146 nos
924 2091 1230 2155 credemus,
1275 2100 1330 2143 et
1374 2089 1792 2159 baptizabimur.
1847 2090 2018 2144 Acce—

404 2178 411 2183 ’
451 2186 587 2240 dens
622 2194 802 2239 autem
852 2182 1191 2253 Epiphanius
1227 2183 1293 2237 ad
1335 2183 1557 2246 lectum,
1592 2182 1646 2235 in
1692 2196 1802 2250 quo
1840 2180 2019 2235 infans

447 2276 661 2346 iacebat
692 2284 960 2339 mortuus,
989 2289 1113 2327 cum
1135 2282 1306 2327 totum
1330 2272 1447 2341 ejus
1472 2287 1669 2340 corpus
1685 2279 2018 2325 contrectas-

451 2376 555 2430 set,
585 2375 638 2421 et
664 2380 787 2419 eum
817 2374 1027 2418 orasset
1078 2364 1169 2433 qui
1197 2362 1490 2416 mortiﬁcat
1519 2372 1573 2416 et
1596 2362 1849 2423 vivifieat,
1884 2362 2019 2415 dixit

452 2472 621 2527 puero
648 2475 661 2510 :
695 2454 753 2508 In
778 2455 995 2508 nomine
1026 2453 1239 2507 Domini
1263 2452 1434 2507 nostri
1465 2450 1591 2507 .Icsu
1618 2451 1819 2505 Christi
1842 2453 2018 2506 cruei—

452 2548 543 2602 fixi
580 2563 775 2617 surge;
821 2554 874 2599 et
906 2545 1090 2599 statim
1119 2560 1253 2613 puer
1306 2544 1447 2599 sedit
1476 2544 1528 2596 in
1563 2544 1717 2597 lecto.
1754 2543 1888 2597 Cum
1923 2559 2019 2596 au-

450 2648 558 2690 tem
604 2633 870 2689 vidissent
922 2634 1297 2702 imperatores,
1353 2632 1498 2701 quod
1543 2631 1879 2700 Epiphanius
1922 2646 2018 2700 per

449 2723 749 2778 orationem
766 2724 1061 2779 suscitarat
1083 2738 1331 2790 puerum,
1356 2720 2014 2792 rogaruntEpiphanium,

458 2823 516 2869 ut
555 2813 1014 2868 illuminarentur.
1046 2812 1200 2868 Tunc
1237 2813 1371 2867 dixit
1409 2811 1745 2882 Epiphanius
1787 2814 2017 2884 impera-

451 2908 701 2962 toribus:
751 2906 888 2962 Ecce
930 2906 1184 2976 pietatem
1232 2916 1469 2962 vestram
1504 2908 1558 2960 in
1605 2908 1859 2963 omnibus
1896 2921 2016 2962 sus-

456 2999 599 3069 cipio
634 3018 645 3053 :
677 2997 820 3054 Deus
844 3009 928 3054 est
960 3000 1128 3064 enim,
1158 3000 1249 3069 qui
1290 3014 1388 3054 vos
1426 2999 1491 3053 ad
1528 2999 1629 3053 hoc
1655 3001 1872 3055 excitat.
1911 3000 2014 3055 Sed

453 3091 556 3145 hoc
600 3106 707 3144 non
738 3105 960 3160 possum
1002 3090 1181 3147 facere
1224 3092 1436 3161 injussu
1474 3091 1711 3161 episcopi
1756 3090 2015 3148 Romanae

453 3179 727 3246 Ecclesiae,
759 3198 827 3235 ne
861 3182 1018 3237 nobis
1049 3182 1338 3237 irascatur.
1372 3184 1673 3238 Accersunt
1700 3185 1882 3254 itaque
1906 3185 2010 3239 im-

450 3282 728 3342 peratores
782 3274 1120 3343 episcopum,
1185 3284 1240 3328 et
1281 3275 1329 3328 ei
1381 3275 1563 3328 omnia
1620 3285 2009 3345 exposuerunt.

456 3363 757 3434 Episcopus
801 3374 979 3418 autem
1012 3380 1209 3435 magno
1243 3365 1345 3418 fuit
1379 3364 1602 3420 affectus
1632 3366 1849 3434 gaudio,
1887 3382 2010 3420 cum

452 3456 569 3509 haec
600 3456 861 3509 audiisset
904 3457 972 3509 ab
1006 3456 1445 3525 imperatoribus,
1484 3467 1537 3511 et
1587 3457 1832 3525 permisit
1887 3457 2013 3527 Epi—

443 3544 665 3612 phanio,
700 3554 756 3597 ut
782 3544 1080 3612 baptizaret
1108 3555 1160 3598 et
1194 3546 1569 3614 imperatores,
1609 3556 1663 3601 et
1701 3562 1890 3601 eorum
1922 3562 2011 3602 so-

446 3651 643 3701 rorem,
672 3645 725 3688 et
753 3635 921 3689 lilium
949 3636 1089 3704 ejus,
1129 3652 1289 3705 quem
1325 3637 1609 3691 suscitavit
1652 3637 2007 3706 Epiphanius,

448 3744 571 3783 cum
596 3737 739 3783 οεεει
772 3736 1040 3783 mortuus.

515 3820 617 3874 LII.
656 3821 790 3875 Cum
824 3822 1052 3890 ingressi
1092 3831 1271 3876 autem
1308 3834 1491 3879 essent
1520 3825 1575 3878 in
1607 3825 2005 3893 baptisterium,

447 3920 508 3966 ut
532 3912 969 3966 illuminarentur
1014 3913 1081 3967 ab
1117 3912 1438 3983 Epiphanio,
1477 3916 1558 3969 eis
1588 3915 1735 3969 omni
1764 3914 2007 3969 exhibito

440 4006 766 4070 ministerio,
832 4005 1107 4074 ingressus
1155 4016 1238 4059 est
1296 4008 1507 4075 primus
1552 4007 1864 4060 Arcadius:
1913 4006 2005 4074 qui

438 4097 656 4166 quidem
689 4107 814 4150 ante
852 4113 912 4153 se
963 4098 1150 4152 habuit
1195 4106 1304 4152 tres
1335 4098 1482 4152 viros
1523 4112 1699 4153 vestes
1732 4107 2006 4169 gestantes

436 4189 717 4253 candidas,
751 4199 805 4243 et
832 4197 1077 4244 tenentes
1117 4189 1504 4259 Epiphanium,
1540 4207 1705 4244 unum
1735 4190 1949 4260 quidem
1974 4205 2003 4243 a

438 4282 668 4347 dextris,
714 4292 768 4335 et
816 4298 984 4336 unum
1021 4299 1049 4336 a
1080 4284 1336 4345 sinistris,
1367 4292 1419 4338 et
1450 4284 1677 4338 alterum
1730 4299 1888 4351 pone.
1955 4281 2004 4336 Is

435 4383 615 4426 autem
653 4387 851 4442 magno
879 4373 1073 4426 timore
1106 4382 1186 4427 est
1210 4372 1452 4427 affectus.
1477 4372 1849 4442 Cognovitque
1879 4371 2005 4441 Epi-

2133 523 2227 575 τοῦ
2250 541 2263 554 ο
2289 527 2384 579 καὶ
2411 530 2751 598 παρεκάλουν
2774 534 2953 597 αὐτὸν,
2977 534 3117 589 ὥστε
3137 542 3370 593 συνεῖναι
3401 544 3586 607 αὐτοῖς
3610 548 3702 598 ἐπὶ

2132 613 2230 681 τῆς
2275 614 2509 687 Ῥώμης,
2546 620 2639 672 καὶ
2685 623 2924 689 γίνεσθαι
2968 627 3129 680 αὑτὸν
3160 632 3239 694 εἰς
3276 630 3620 704 πατέραΪΗν
3647 637 3703 689 δὲ

2145 703 2455 771 Ἐπιφάνιος
2484 709 2663 761 πᾶσαν
2689 712 2901 783 ἡμέραν
2938 715 3201 771 διδάσκων
3230 703 3428 784 αὐτοὺς
3456 724 3549 777 καὶ
3576 741 3700 794 στη-

2136 794 2315 861 ρίζων.

2201 888 2329 977 NA’.
2372 890 2505 943 Ποτέ
2538 892 2668 958 γοῦν
2712 894 2823 947 υἱὸν
2855 895 3050 966 ἔχουσα
3084 902 3117 970 ἡ
3150 900 3348 974 ἀδελφὴ
3376 904 3552 959 αὐτῶν
3579 908 3610 977 ἡ
3639 905 3699 958 τὸ

2137 976 2307 1041 πάθος
2349 980 2631 1049 ἐσχηκυῖα,
2667 983 2760 1035 καὶ
2794 984 3189 1055 θεραπευθείσα
3214 991 3315 1044 ὑπὸ
3362 976 3694 1063 Ἐπιφανίου,

2130 1065 2315 1136 ἔτυχεν
2364 1070 2549 1123 τοῦτον
2584 1073 2657 1144 μὴ
2702 1076 3129 1148 άρῤωστὴσαντα
3174 1083 3460 1154 εὑρεθῆναι
3510 1089 3699 1160 νεκρὸν

2129 1159 2221 1211 ἐπί
2244 1162 2341 1230 τῆς
2378 1163 2595 1233 κλίνης⁹
2631 1167 2771 1219 ὥστε
2802 1170 3053 1236 γενέσθαι
3102 1174 3244 1243 μέγα
3289 1176 3481 1241 πένθος
3521 1180 3579 1231 ἐν
3620 1181 3698 1250 τῷ

2130 1251 2408 1324 βασιλικῷ.
2461 1253 2627 1311 Εἶπον
2670 1260 2726 1312 δέ
2771 1264 2817 1314 oi
2868 1262 3104 1330 βασιλεῖς
3152 1268 3287 1337 πρὸς
3343 1269 3692 1339 Ἐπιφάνιον·

2132 1342 2450 1416 ΙΙρόσευξαι,
2500 1350 2700 1420 Πάτερ,
2760 1353 2898 1424 ὑπὲρ
2942 1356 3033 1407 τοῦ
3082 1358 3314 1422 παιδίου,
3352 1362 3499 1426 ὅπως
3540 1364 3697 1416 τοῦτο

2125 1434 2335 1505 ἀποδῷς
2361 1435 2535 1499 ζῶντα
2561 1442 2625 1510 τῇ
2655 1444 2821 1512 μητρὶ
2844 1445 3026 1497 αὑτοῦ.
3062 1444 3226 1500 Εἶπεν
3254 1450 3309 1502 δέ
3345 1452 3654 1521 Ἐπιφάνιος
3679 1473 3693 1484 ·

2126 1526 2233 1578 Kal
2261 1529 2542 1582 πιστεύετε
2566 1532 2647 1585 ὅτι
2679 1532 2911 1604 δύναμαι
2938 1536 3094 1589 τοῦτο
3126 1542 3375 1612 ποιῆσαι;
3411 1545 3520 1597 Kal
3544 1541 3696 1598 εἷπον

2126 1616 2271 1686 αὐτῷ
2293 1619 2342 1668 οἱ
2371 1617 2606 1687 βασιλεῖς
2626 1636 2639 1650 ·
2674 1623 3003 1693 Πιστεύομεν
3030 1626 3109 1678 ὅτι
3152 1627 3226 1690 ὡς
3252 1629 3475 1695 ἐδίωξας
3505 1632 3563 1684 τὸ
3595 1634 3697 1686 πά-

2131 1706 2221 1771 θος
2247 1709 2352 1762 ἀπὸ
2379 1711 2476 1780 τῆς
2513 1713 2717 1784 μητρὸς
2746 1714 2836 1767 τοῦ
2861 1716 3091 1779 παιδίου,
3120 1717 3258 1771 οὕτω
3293 1722 3383 1773 καὶ
3408 1722 3467 1774 τὸ
3488 1723 3697 1777 παιδίον

2052 1777 2100 1839 Β
2130 1804 2495 1873 παραστήσεις
2523 1807 2587 1874 τῇ
2626 1808 2790 1876 μητρὶ
2824 1806 3019 1871 ζῶντα.
3051 1805 3217 1862 Εἶπεν
3247 1811 3300 1864 δὲ
3331 1812 3509 1876 αὐτοῖς
3543 1814 3694 1868 Ἐπι-

2130 1895 2342 1962 φάνιος·
2393 1895 2516 1948 Ἐὰν
2555 1898 2757 1968 ἀναστῇ
2790 1901 2817 1951 6
2844 1900 2955 1963 υἱὸς
2994 1900 3094 1970 τῆς
3133 1902 3362 1973 ἀδελφῆς
3397 1905 3567 1975 ὑμῶν,
3599 1924 3692 1960 πι-

2129 1986 2342 2038 στεύετε
2372 1988 2462 2039 καὶ
2494 1987 2815 2057 βαπτίζεσθε
2850 1992 2927 2054 εἰς
2947 1991 3007 2043 τό
3036 1991 3203 2063 ὄνομα
3224 1995 3316 2047 τοῦ
3343 1998 3692 2069 ἐσταυρωμέ-

2127 2094 2247 2139 νου;
2289 2080 2348 2130 Οί
2386 2078 2621 2147 βασιλεῖς
2650 2078 2828 2133 εἷπον·
2876 2083 2996 2135 Ἐάν
3030 2086 3338 2160 ἀναστήσῃς
3376 2089 3464 2140 τὸν
3507 2091 3691 2157 παῖδα,

2125 2170 2284 2237 ἡμεῖς
2300 2170 2655 2240 πιστεύσομεν
2674 2173 2762 2224 καὶ
2776 2172 3165 2244 βαπτισόμεθα.
3185 2176 3434 2246 Ἑγγίσας
3446 2176 3536 2233 οὖν
3552 2182 3607 2234 Ἐ
3617 2201 3695 2235 πι-

2126 2260 2311 2328 φάνιος
2338 2262 2427 2313 ἐπὶ
2476 2262 2574 2333 τῆς
2616 2264 2802 2335 κλίνης
2847 2265 2940 2337 τοῦ
2989 2267 3220 2334 παιδίου,
3254 2272 3346 2324 καὶ
3390 2274 3695 2343 σφραγίσας

2124 2354 2285 2406 αὑτοῦ
2335 2356 2450 2408 ὅλον
2500 2356 2559 2409 τὸ
2610 2358 2785 2427 σῶμα,
2818 2360 2910 2412 καὶ
2958 2362 3389 2432 προσευξάμενος
3419 2365 3495 2434 τῷ
3524 2365 3690 2419 θανα-

2123 2446 2302 2499 τοῦντι
2335 2448 2425 2499 καὶ
2461 2446 2831 2516 ζωογονοῦντι,
2859 2448 3010 2505 εἶπεν
3044 2454 3177 2524 πρὸς
3195 2455 3285 2507 τὸν
3327 2456 3508 2509 παῖδα’
3541 2458 3694 2511 Ἀνά-

2126 2554 2257 2605 στα,
2308 2539 2527 2603 τέκνον,
2582 2542 2638 2593 ἐν
2690 2541 2767 2611 τῷ
2820 2544 3037 2613 ὀνόματι
3092 2546 3263 2615 Ἰησοῦ
3312 2548 3547 2618 Χριστοῦ
3592 2550 3690 2603 τοῦ

2123 2629 2555 2698 ἐσταυρωμένου.
2590 2631 2699 2683 Kal
2731 2631 2932 2695 εὐθέως
2976 2634 3004 2685 6
3054 2638 3182 2698 παῖς
3230 2638 3547 2691 ἀνεκάθισεν
3597 2640 3692 2693 ἐπὶ

2120 2720 2218 2789 τῆς
2248 2720 2430 2790 κλίνης
2463 2722 2646 2775 αὑτοῦ.
2681 2722 2810 2776 Τότε
2844 2725 3227 2791 πιστεύσαντες
3252 2731 3299 2781 οἱ
3329 2730 3585 2799 βασιλεῖς,
3608 2732 3689 2784 ὅτι

2123 2810 2414 2879 ἀνέστησεν
2430 2811 2740 2880 Ἐπιφάνιος
2765 2813 2852 2868 διὰ
2875 2817 3177 2886 προσευχῆς
3198 2818 3288 2870 τὸν
3327 2819 3508 2881 παῖδα,
3547 2837 3689 2890 παρ-

2121 2902 2346 2955 ἐκάλουν
2380 2903 2540 2956 αὐτὸν
2567 2905 2713 2969 ὅπως
2738 2908 2960 2975 φωτίσει
2994 2908 3205 2973 αὐτούς.
3230 2904 3396 2965 Εἶπεν
3418 2911 3477 2975 δὲ
3508 2913 3686 2976 αὐτοῖς

2135 2992 2475 3062 Ἐπιφάνιος·
2517 2996 2644 3049 Ἰδοὺ
2696 2995 2758 3065 δὴ
2791 2999 2847 3050 ἐν
2881 2999 3044 3051 πᾶσιν
3099 3000 3429 3072 ἀποδέχομαι
3469 3002 3566 3073 τὴν
3605 3002 3690 3054 εύ-

2123 3084 2335 3138 σέϐειαν
2364 3086 2537 3156 ὑμῶν,
2582 3087 2715 3142 διότι
2748 3091 2776 3142 6
2800 3089 2931 3152 Θεός
2957 3092 3101 3144 ἐστιν
3128 3094 3156 3145 6
3183 3094 3408 3163 ἐγείρων
3430 3094 3571 3163 ὑμᾶς
3597 3095 3689 3148 ἐπὶ

2117 3176 2293 3231 τοῦτο.
2326 3179 2470 3249 Πλὴν
2501 3180 2628 3249 παρ’
2660 3182 2956 3254 ἐπιτροπὴν
2996 3183 3088 3236 τοῦ
3129 3185 3427 3237 ἐπισκόπου
3470 3186 3689 3257 Ῥώμης

2118 3271 2177 3322 ού
2208 3269 2440 3340 δύναμαι
2464 3271 2620 3324 τοῦτο
2663 3274 2912 3344 ποιῆσαι·
2950 3276 3155 3344 μήποτε
3186 3278 3277 3331 καὶ
3310 3278 3518 3349 λυπηθῇ
3554 3279 3689 3351 πρὸς

2122 3363 2208 3433 μέ.
2247 3364 2308 3415 Οἱ
2355 3360 2447 3417 οὖν
2487 3363 2724 3433 βασιλεῖς
2768 3365 2965 3429 εὐθέως
3000 3367 3442 3436 μεταστέλλονται
3472 3369 3562 3421 τὸν
3589 3369 3688 3438 τῆς

2129 3456 2415 3526 Ῥωμαίων
2472 3456 2793 3525 Ἐκκλησίας
2838 3457 3165 3522 ἐπίσκοπον,
3219 3459 3310 3512 καὶ
3368 3458 3686 3530 ἐξηγοῦνται

2116 3546 2263 3614 αὐτῷ
2314 3548 2583 3601 πάντα.’0
2624 3548 2680 3600 δὲ
2714 3549 3004 3613 ἐπίσκοπος
3034 3551 3200 3621 ἐχάρη
3243 3551 3416 3623 χαρὰν
3446 3553 3686 3623 μεγάλην

2116 3636 2353 3699 ἀκούσας
2395 3638 2541 3708 παρά
2576 3637 2682 3689 τῶν
2720 3637 2983 3707 βασιλέων
3024 3639 3217 3704 ταῦτα,
3251 3642 3343 3693 καὶ
3387 3641 3688 3712 ἐπέτρεψεν

2130 3728 2428 3799 Ἐπιφανίῳ
2459 3728 2713 3799 βαπτίσαι
2747 3730 2960 3792 αύτούς.

2185 3820 2309 3874 NB'.
2362 3821 2447 3883 Ὠς
2477 3820 2532 3872 δὲ
2556 3820 2797 3891 εἰσῆλθον
2827 3823 2883 3874 ἐν
2915 3821 2991 3891 τῷ
3024 3820 3387 3893 φωτιστηρίῳ,
3409 3824 3555 3886 ὅπως
3583 3823 3681 3893 βα-

2114 3910 2405 3965 πτισθῶσιν
2436 3912 2538 3963 ὑπὸ
2568 3913 2897 3979 Ἐπιφανίου,
2933 3912 3023 3964 καὶ
3047 3913 3145 3979 τῆς
3168 3913 3343 3981 πάσης
3364 3913 3682 3976 ἀκολουθίας

2114 4003 2428 4073 γενομένης,
2478 4002 2724 4071 εἰσῆλθεν
2770 4002 2980 4073 πρῶτος
3039 4004 3316 4073 Ἀρκάδιος
3367 4005 3459 4057 καὶ
3508 4020 3678 4075 προσ-

2112 4095 2287 4165 έσχεψ
2316 4094 2410 4148 καὶ
2440 4095 2546 4148 ἰδοὺ
2570 4097 2715 4165 τρεῖς
2741 4094 2930 4165 ἄνδρες
2951 4094 3141 4157 στολὰς
3169 4094 3367 4157 λευκὰς
3389 4096 3679 4166 φοροῦντες

2112 4186 2488 4257 παρεκράτουν
2535 4187 2623 4239 τὸν
2662 4187 2993 4255 Ἐπιφάνιον,
3028 4186 3123 4239 ’ένα
3162 4189 3225 4239 ἐκ
3251 4186 3437 4251 δεξιῶν
3467 4187 3559 4240 καὶ
3584 4188 3680 4241 ἕνα

2112 4276 2171 4340 ἐξ
2204 4277 2516 4347 εὐωνύμων,
2550 4276 2939 4330 ἀκολουθοῦντα
2964 4279 3019 4330 δὲ
3052 4278 3139 4330 τὸν
3170 4279 3353 4349 ἕτερον
3381 4279 3555 4331 ὀπίσω
3578 4280 3677 4331 αὺ-

2108 4368 2222 4424 τοῦ.
2251 4370 2362 4421 Kal
2387 4368 2625 4439 ἐφοϐήθη
2653 4368 2813 4437 φόϐον
2849 4370 3228 4439 μέγαν.”Εγνω
3251 4366 3343 4423 οὖν
3363 4371 3675 4437 Ἐπιφάνιος

434 4462 671 4532 phauius
709 4476 774 4515 ex
807 4462 954 4514 vultu
991 4461 1233 4524 Arcadii,
1269 4461 1414 4531 quod
1454 4460 1662 4514 viderat
1709 4460 1999 4520 visionem,

2117 4461 2217 4514 ἀπὸ
2242 4461 2333 4514 τοῦ
2364 4461 2649 4533 προσώπου
2678 4462 2981 4531 Ἀρκαδίου,
3014 4462 3095 4514 ὅτι
3120 4464 3382 4516 ὀπτασίαν
3410 4462 3670 4534 ἑώρακεν·

434 4565 490 4609 et
520 4555 658 4608 dixit
704 4554 1013 4621 imperatori
1051 4572 1064 4607 :
1105 4554 1335 4607 Attende
1380 4553 1498 4617 tibi,
1557 4568 1589 4606 o
1622 4552 1718 4617 fili,
1754 4561 1807 4604 et
1849 4566 1997 4605 cave.

438 4647 658 4707 Solebat
696 4646 841 4700 enim
888 4644 1228 4713 Epiphanius
1272 4644 1541 4697 neminem
1585 4643 1796 4695 mittere
1835 4641 1887 4693 in
1915 4641 1998 4708 pi-

434 4718 666 4805 scinam,
715 4738 891 4792 donec
944 4711 1467 4805 aq'uaOturbaretur.
1527 4734 1819 4802 Postquam
1872 4749 1999 4788 vero

436 4832 539 4886 fuit
585 4830 922 4884 illuminatus
964 4827 1251 4890 Arcadius,
1302 4827 1638 4881 illuminatus
1688 4826 1789 4880 fuit
1834 4827 1996 4879 etiam

436 4922 732 4985 IIonorius,
762 4929 816 4975 et
843 4921 1089 4974 eamdem
1137 4934 1355 4988 quoque
1402 4918 1535 4971 vidit
1582 4918 1867 4971 visionem.
1915 4917 2000 4969 Si-

435 5015 637 5069 militer
652 5015 811 5068 etiam
836 5012 980 5066 ﬁlius
1007 5010 1210 5065 sororis
1227 5024 1439 5063 eorum.
1466 5006 1651 5079 [Jussu
1670 5017 1847 5061 autem
1868 5006 1997 5076 Epi-

432 5106 639 5176 phanii,
673 5103 886 5174 suscepi
911 5117 1011 5173 ego
1036 5102 1325 5156 Arcadium
1351 5115 1420 5155 ex
1448 5099 1773 5169 baptismate
1797 5115 1811 5162 ;
1851 5097 2001 5153 Isaac

435 5208 565 5246 vero
605 5191 924 5256 Honorium,
977 5198 1031 5244 et
1072 5189 1292 5258 quidam
1332 5189 1617 5243 eunuchus
1656 5187 1999 5243 Christianus

435 5295 483 5338 cl
518 5264 663 5354 pius:
690 5285 859 5337 filium
889 5284 1095 5338 sororis
1123 5297 1335 5337 eorum.
1376 5279 1553 5351 Ipsam
1585 5297 1716 5335 vero
1751 5297 1995 5336 sororem

435 5375 743 5438 Procliana,
779 5390 899 5444 quze
930 5382 1046 5429 erat
1070 5390 1207 5428 uxor
1229 5374 1391 5427 unius
1419 5389 1485 5427 ex
1512 5372 1801 5445 patriciis.]
1836 5371 1995 5428 Post-

438 5482 602 5535 quam
650 5477 827 5519 autem
880 5466 916 5518 ii
948 5464 1169 5519 fuerunt
1202 5464 1511 5528 illuminati,
1540 5472 1744 5533 septem
1784 5464 1897 5518 dies
1920 5463 1994 5517 ibi

428 5560 633 5631 peregit
677 5559 1010 5628 Epiphanius
1060 5566 1181 5626 post
1228 5558 1671 5610 illuminationem
1700 5597 1714 5619 ,
1762 5572 1858 5612 eos
1898 5557 1994 5611 do-

438 5668 565 5708 cens
596 5651 663 5704 de
688 5652 1030 5717 baptismate.
1052 5650 1345 5719 Postquam
1376 5665 1503 5704 vero
1532 5660 1707 5705 vestes
1736 5651 1992 5706 candida-

438 5756 532 5798 tas
564 5742 953 5811 deposuerunt,
986 5744 1198 5800 duobus
1240 5742 1654 5811 imperatoribus
1700 5744 1832 5799 dixit
1878 5745 1991 5815 Epi-

2110 4554 2202 4606 καὶ⁸
2226 4550 2377 4606 εἶπεν
2408 4553 2543 4625 πρὸς
2569 4553 2728 4605 αὐτόν
2747 4572 2759 4584 ·
2795 4554 3034 4623 Ιῐρόσεχε
3079 4555 3307 4624 σεαυτῷ,
3341 4554 3550 4618 τέκνον,
3583 4555 3677 4607 καὶ

2108 4645 2198 4698 ἔσο
2224 4645 2525 4714 φυλάττων.
2556 4645 2749 4698 Εἰώθει
2778 4645 2833 4698 δὲ
2856 4646 3171 4713 Ἐπιφάνιος
3210 4647 3313 4710 ἓως
3341 4647 3585 4717 ταραχθῇ
3617 4647 3677 4699 τὺ

2108 4737 2271 4805 ὕδωρ,
2301 4737 2503 4807 μηδένα
2534 4736 2787 4806 ἐμϐαλεῖν
2827 4738 2905 4799 εἰς
2949 4738 3045 4806 τὴν
3090 4737 3489 4808 κολυμϐήθραν.
3522 4738 3678 4791 Μετά

2104 4826 2161 4879 δέ
2205 4827 2265 4879 τὸ
2312 4826 2641 4896 φωτισθῆναι
2676 4826 2976 4896 Ἀρκάδιον,
3028 4828 3340 4897 εἰσήνεγκεν
3378 4828 3469 4879 καὶ
3513 4826 3675 4878 Ὀνὼ-

2108 4935 2243 4987 ριον,
2284 4918 2377 4970 καὶ
2400 4916 2496 4987 τὴν
2527 4916 2693 4987 αὐτὴν
2722 4917 2982 4970 ὀπτασίαν
3008 4918 3133 4970 ἴδεν.
3167 4919 3273 4971 Καὶ
3302 4917 3469 4980 οὕτως
3492 4918 3676 4970 λοιπον

2106 5010 2369 5079 κατῆλθεν
2399 5012 2427 5062 6
2452 5009 2562 5072 υἱὸς
2587 5009 2684 5079 τῆς
2710 5008 2939 5079 ἀδελφῆς
2961 5009 3155 5062 αὐτῶν.
3178 5010 3284 5062 Kal
3302 5009 3438 5079 αῦτη
3466 5013 3497 5081 ἡ
3521 5011 3674 5063 ἁδελ-

2109 5102 2181 5172 φὴ
2241 5101 2417 5155 αὐτῶν
2455 5101 2782 5173 Προκλιανὴ,
2811 5102 2932 5171 ἥτις
2960 5098 3027 5172 ῆν
3061 5102 3177 5165 ἐνὸς
3220 5101 3328 5155 τῶν
3374 5100 3675 5173 πατρικίων

2103 5194 2260 5263 γυνή.
2294 5192 2445 5245 Μετά
2468 5193 2523 5245 δὲ
2544 5193 2604 5244 τὸ
2626 5192 2981 5262 βαπτισθῆναι
3007 5194 3224 5257 αὐτοὺς,
3251 5194 3503 5263 ἐποίησεν
3524 5194 3674 5248 Ἐπιτ

2104 5285 2290 5353 φάνιος
2316 5285 2414 5347 τὰς
2454 5283 2496 5347 ζ’
2531 5285 2741 5355 ἡμέρας
2769 5286 2884 5355 μετ’
2920 5285 3117 5346 αὐτῶν,
3158 5285 3421 5339 διδάσκων
3455 5286 3669 5350 αὐτούς.

2108 5379 2219 5430 Καὶ
2244 5377 2378 5447 μετά
2406 5377 2467 5429 τὸ
2498 5376 2719 5439 ἀλλάξαι
2751 5377 2947 5441 αὐτοὺς
2974 5376 3071 5441 τὰς
3116 5378 3476 5446 νεοφωτίστας
3513 5378 3672 5446 ἐσθῆ-

2101 5486 2221 5532 τας,
2258 5466 2410 5521 εἶπεν
2438 5470 2755 5538 Ἐπιφάνιος
2782 5473 2891 5533 τοῖς
2916 5470 3037 5523 δυσὶ
3068 5470 3373 5541 βασιλεῦσιν
3392 5489 3407 5501 ·
3441 5472 3667 5534 Μένετε,

2102 5561 2253 5631 φησὶ,
2285 5561 2491 5627 τέκνον,
2517 5564 2573 5615 ἐν
2604 5562 2950 5614 καταστάσει.
2978 5561 3153 5625 Λύκος
3176 5562 3284 5633 γὰρ
3310 5564 3461 5634 ὑμῶν
3488 5563 3670 5618 οὐκέτι

2100 5653 2376 5723 κυριεύσει
2398 5670 2410 5685 ’
2441 5652 2651 5724 ἀπέδρα
2684 5653 2863 5723 ὀδύνη,
2893 5654 2986 5706 καὶ
3022 5653 3186 5723 λύπη,
3208 5655 3298 5707 καὶ
3330 5654 3626 5722 στεναγμός
3649 5670 3664 5684 ο

2099 5747 2283 5800 ἔσεσθε
2331 5747 2684 5819 προσέχοντες
2714 5750 2777 5816 τῇ
2811 5747 3122 5807 ἀναστάσει,
3150 5748 3244 5799 καὶ
3295 5748 3368 5817 μὴ
3413 5745 3666 5800 λυπεῖσθε
