4088 6362
371 317 446 366 89
1656 317 1712 372 S.
1749 314 2092 372 EPIPHANII
2134 318 2320 380 VITA.
3560 335 3636 392 90

369 433 465 487 ἰπὶ
512 433 624 495 τοῖς
674 431 1050 502 ὲξερχομένοις
1095 431 1203 486 ἀπὸ
1244 432 1395 486 τοῦδε
1444 432 1537 486 τοῦ
1567 434 1720 503 βίου·
1756 434 1806 487 οἱ
1838 431 1922 501 γὰι

2047 433 2328 501 phanius:
2382 437 2594 494 Manete
2626 441 2898 513 deinceps,
2953 458 2986 498 ο
3037 445 3164 509 lilii,
3218 447 3363 503 bono
3419 451 3628 508 animo.

367 520 592 593 Χριστῷ
624 521 1013 584 πιστεύσαντες
1037 521 1268 592 Χριστὸν
1295 521 1630 581 ὲνεδύσαντο,
1661 523 1752 574 καὶ
1787 521 1949 574 αὑτὸν

371 609 565 682 βοηθὸν
581 610 814 681 ἔχουσιν.
834 610 1034 664 Μέλλει
1060 609 1189 681 γὰρ,
1213 612 1379 682 φησὶν
1394 610 1489 681 (α),
1512 611 1572 664 τὸ
1596 611 1727 663 ποτὲ
1741 611 1948 665 ἀποθα-

366 703 530 756 νόντα
558 703 652 755 καὶ
681 702 1006 767 ἀναστάντα,
1033 702 1263 755 λαϐόντα
1310 704 1410 775 τὴν
1440 703 1619 775 χάριν,
1649 702 1945 756 ἀπελεύσε-

368 792 495 846 σθαι
532 793 668 863 πρὸς
711 793 800 845 τὸν
848 793 1096 864 Σωτῆρα,
1131 794 1226 847 καὶ
1259 793 1482 863 ὅψεσθαι
1526 795 1686 846 αὐτὸν
1731 797 1789 847 ὲν
1815 791 1943 864 δόξῃ

366 882 582 956 μεγάλῃ
610 883 1092 955 παρακαλούμενον
1120 885 1210 937 ὑπ’
1237 884 1502 952 ἀγγέλων.
1527 886 1604 955 Τῇ
1635 880 1726 938 οὖν
1747 884 1939 947 ἕωθεν,

361 975 440 1037 ὡς
471 973 540 1046 ἦν
569 976 885 1044 Ἐπιφάνιος
914 978 970 1028 ἐν
1000 976 1079 1047 τῷ
1117 976 1384 1047 ’βασιλικῷ
1411 977 1642 1048 ταμιείῳ
1675 976 1939 1031 διδάσκων

359 1068 489 1130 τοὺς
521 1065 781 1136 βασιλεῖς,
828 1067 1021 1120 εὐωδία
1054 1086 1135 1130 τις
1169 1067 1380 1137 ἐγένετο
1409 1070 1468 1121 ὲν
1499 1067 1578 1138 τῷ
1625 1069 1776 1138 μέσῳ
1806 1069 1941 1121 πάν-

360 1174 469 1211 των
518 1158 696 1228 ἡμῶν.
743 1155 909 1212 Εἶπεν
955 1159 1011 1212 δὲ
1065 1159 1382 1228 Ἐπιφάνιος
1428 1162 1541 1222 τοῖς
1589 1158 1934 1229 βασιλεῦσιν·

358 1245 742 1308 Ἀναστάντες,
770 1248 953 1316 φησὶν,
1004 1245 1249 1312 εὔξασθε,
1281 1248 1383 1300 υἱοὶ
1418 1247 1514 1300 τοῦ
1549 1245 1856 1318 φωτόςῘΗν
1881 1248 1937 1301 δὲ

354 1337 421 1388 τὸ
449 1337 661 1389 παιδίον
691 1339 1082 1408 κατακείμενον
1111 1338 1203 1391 ἐπὶ
1250 1339 1352 1408 τῆς
1395 1335 1583 1410 κλίνης
1603 1357 1615 1369 ’
1651 1340 1744 1392 καὶ
1779 1342 1936 1409 ποιή-

359 1443 555 1490 σαντος
587 1429 904 1497 Ἐπιφανίου
930 1430 1028 1501 τὴν
1060 1430 1243 1500 εὐχὴν,
1274 1431 1512 1501 ἥκουσαν
1543 1432 1742 1495 πάντες
1781 1435 1828 1484 οῖ
1877 1434 1935 1483 ἐν

351 1516 435 1586 τῷ
468 1517 730 1589 βασιλικῷ
765 1519 994 1590 ταμιείῳ
1041 1520 1116 1584 ὡς
1147 1520 1303 1589 ὄχλου
1338 1519 1532 1572 πολλοῦ
1581 1520 1828 1589 λέγοντος
1873 1519 1934 1572 τὺ

353 1607 534 1679 Ἀμήν
554 1626 568 1639 ·
596 1609 687 1662 καὶ
719 1609 779 1662 τὸ
804 1610 1084 1681 παιδάριον
1113 1611 1314 1674 εὐθέως
1346 1611 1657 1682 παρέδωκεν
1685 1613 1743 1664 τὸ
1774 1612 1932 1665 πνεῦ-

354 1717 455 1767 μα.
488 1700 814 1770 Ἐμείναμεν
871 1701 927 1754 δὲ
980 1701 1222 1755 ἐνιαυτὸν
1256 1702 1373 1754 ὅλον
1419 1704 1475 1754 ἐν
1513 1700 1720 1775 Ῥώμῃ.
1755 1702 1929 1755 Πολλά

2057 522 2244 593 Lupus
2267 526 2413 581 enim
2445 527 2511 582 ad
2550 545 2649 586 vos
2687 546 2798 585 non
2835 533 3077 588 accedet.
3122 535 3268 590 Abiit
3326 537 3523 601 luctus,
3579 551 3632 594 et

2054 612 2231 679 dolor,
2265 624 2320 669 et
2367 617 2622 686 gemitus.
2675 617 3004 690 Exspectate
3054 626 3535 694 resurrectionem,
3581 642 3631 685 et

2053 706 2222 760 nolite
2244 707 2382 762 allici
2433 710 2650 766 tristitia
2699 712 2770 767 ob
2813 729 2931 779 eos,
2965 715 3060 784 qui
3087 731 3153 770 ex
3198 717 3302 772 hac
3329 719 3440 773 vita
3470 736 3631 776 cxce-

2051 798 2189 852 dunt
2236 821 2248 856 :
2289 799 2571 856 Christum
2610 803 2756 858 enim
2807 805 3089 873 habentes,
3140 808 3413 866 Christum
3444 815 3627 869 indue-

2060 899 2212 943 runt.
2249 889 2392 945 Puer
2423 893 2589 960 enim,
2651 895 2746 964 qui
2780 894 2882 949 fuit
2930 898 3222 967 aliquando
3267 912 3535 970 mortuus,
3573 914 3625 960 et

2049 983 2366 1047 resurrexit,
2395 983 2509 1053 jam
2544 996 2766 1055 accepta
2800 989 2972 1057 gratia
3014 991 3191 1046 iturus
3224 1004 3306 1048 est
3337 996 3403 1050 ad
3434 995 3625 1052 Salva-

2051 1082 2240 1128 torem.
2285 1074 2548 1131 Videbitis
2575 1079 2798 1146 angelos
2827 1094 2954 1133 eum
2982 1080 3034 1133 in
3073 1098 3266 1152 magna
3297 1086 3468 1155 gloria
3493 1103 3624 1142 con-

2047 1164 2233 1218 solari.
2263 1165 2421 1221 Mane
2446 1182 2595 1237 ergo,
2639 1184 2761 1222 cum
2792 1180 2936 1225 esset
2963 1171 3299 1242 Epiphanius
3330 1177 3532 1234 docens
3567 1179 3620 1234 in

2047 1249 2169 1302 aula
2217 1250 2626 1320 imperatorum,
2682 1256 2857 1311 oritur
2903 1260 3124 1328 quidam
3173 1265 3359 1320 suavis
3392 1266 3528 1321 odor
3565 1270 3618 1322 in

2044 1341 2225 1396 medio
2269 1344 2535 1400 omnium.
2587 1345 2730 1402 Dixit
2767 1358 2948 1404 autem
3001 1352 3337 1422 Epiphanius
3382 1357 3617 1429 impera-

2045 1428 2298 1488 toribus:
2337 1437 2572 1506 Surgite,
2605 1448 2776 1505 orate,
2826 1442 2919 1495 lilii
2955 1443 3113 1498 lucis.
3164 1444 3388 1502 Jacebat
3439 1428 3616 1507 autem

2043 1538 2178 1592 puer
2203 1525 2254 1578 in
2283 1526 2443 1582 lecto.
2479 1529 2617 1584 Cutn
2652 1542 2832 1586 autem
2877 1532 3212 1604 Epiphanius
3253 1538 3468 1597 fecisset
3498 1560 3615 1598 nra-

2043 1615 2240 1670 tionem
2269 1657 2284 1682 ,
2333 1619 2625 1676 audierunt
2656 1638 2869 1687 omnes,
2897 1627 2991 1694 qui
3023 1639 3181 1683 erant
3216 1630 3269 1684 in
3299 1633 3422 1687 aula
3449 1637 3616 1702 regia,

2038 1708 2203 1762 veluti
2235 1710 2637 1767 multitudinem
2668 1718 2960 1785 quamdam
2988 1721 3280 1786 dicentem,
3309 1725 3502 1779 Amen.
3536 1727 3604 1780 Et

349 1791 412 1842 δὲ
447 1793 543 1845 καὶ
575 1792 710 1846 ἄλλα
752 1794 1007 1864 ἐποίησεν
1040 1797 1067 1848 ὁ
1096 1794 1410 1862 Ἐπιφάνιος
1454 1797 1652 1864 σημεῖα
1695 1795 1787 1848 ἐπὶ
1829 1795 1922 1865 τῆς

2035 1813 2171 1868 puer
2199 1801 2380 1855 statim
2410 1803 2630 1858 tradidit
2655 1807 2930 1874 Spiritum.
2968 1811 3268 1868 Mansimus
3287 1831 3415 1870 vero
3440 1834 3608 1873 unum

362 1882 605 1953 Ῥώμης.
623 1884 712 1947 Ὠς
743 1883 799 1936 δὲ
827 1883 1040 1955 ἔκρινεν
1070 1886 1381 1953 Ἐπιφάνιος
1406 1885 1666 1938 ἀποπλεῖν
1695 1887 1840 1956 ἡμᾶς
1875 1888 1930 1938 ἐν

347 1975 419 2042 τῇ
457 1973 690 2043 Κύπρῳ,
725 1969 874 2026 εἷπον
902 1976 952 2026 οἱ
980 1975 1220 2045 βασιλεῖς
1270 1977 1406 2047 πρὸς
1433 1975 1748 2045 Ἑπιφάνιον
1771 1993 1783 2006 ο
1815 1976 1926 2029 Λά·

349 2062 436 2127 ϐε,
493 2065 674 2134 φησὶν,
729 2059 773 2118 ὧ
822 2067 1024 2135 Πάτερ,
1070 2072 1167 2136 τὴν
1216 2067 1404 2138 χρείαν
1441 2068 1539 2136 τῆς
1580 2067 1928 2138 Ἐκκλησίας,

345 2157 501 2218 ὅπως
530 2157 786 2228 παρέχεις
811 2160 923 2220 τοῖς
950 2157 1241 2228 δεομένοις.
1272 2153 1440 2211 Εἶπεν
1484 2158 1539 2210 δὲ
1567 2159 1746 2222 αὐτοῖς
1779 2159 1931 2212 Ἐπι-

347 2248 576 2314 φὰνιοςθ
619 2249 825 2319 Ὑμεῖς,
869 2251 1056 2311 τέκνα,
1093 2253 1290 2302 ποιεῖτε
1333 2250 1361 2302 ὃ
1398 2251 1746 2304 άπαιτεῖσθε·
1774 2249 1930 2319 κάγὼ

344 2338 524 2408 χαίρω
549 2340 640 2393 ἐπὶ
666 2342 730 2411 τῇ
757 2340 910 2410 ὑμῶν
940 2341 1198 2395 ἐπιδόσει.
1223 2342 1378 2411 Ἑμολ⁸
1403 2340 1458 2394 δὲ
1493 2340 1658 2411 βάρος
1691 2340 1765 2412 μὴ
1791 2359 1931 2412 παρ-

344 2427 521 2497 έχετε.
539 2430 599 2482 Ὀ
627 2430 734 2501 γάρ
763 2431 895 2493 Θεὸς
925 2449 1026 2501 μου
1065 2433 1198 2484 πᾶσι
1226 2433 1401 2485 πάντα
1430 2434 1678 2504 παρέχει,
1712 2434 1927 2504 διατρέ-

343 2539 462 2588 φων
491 2522 695 2585 πάντας
726 2523 784 2574 ὲν
808 2523 945 2593 τῷδε
972 2522 1048 2593 τῷ
1083 2522 1491 2594 βίῳ.”Ηνεγκαν
1525 2524 1582 2577 δὲ
1609 2525 1658 2576 οἱ
1690 2524 1929 2594 βασιλεῖς

342 2613 482 2665 πολὺ
521 2614 769 2684 χρυσίον·
805 2617 898 2668 καὶ
928 2615 1025 2667 ούκ
1058 2615 1273 2682 ἐδέξατο
1299 2605 1614 2683 Ἐπιφάνιος
1640 2615 1698 2682 ἐξ
1722 2615 1922 2681 αὐτῶν,

340 2703 480 2756 ἁλλὰ
514 2706 711 2774 ἄρτους
751 2705 966 2774 ὀλίγους
1008 2706 1167 2777 μόνον
1191 2702 1342 2760 εἷπεν
1371 2707 1544 2761 ἐλθεῖν
1573 2711 1654 2772 είς
1688 2711 1925 2783 μετάλη-

340 2801 436 2867 ψιν
460 2801 614 2870 ἡμῶν
640 2803 698 2854 ἐν
723 2800 801 2872 τῷ
825 2801 1013 2872 πλοίῳ.
1038 2802 1374 2873 Ἀπάραντες
1403 2801 1496 2858 οὗν
1521 2805 1628 2858 ἀπὸ
1655 2806 1755 2876 τῆς
1790 2806 1926 2858 Ῥώ-

343 2909 454 2961 μης
499 2891 671 2956 οὕτως
703 2897 1121 2965 κατηντήσαμεν
1145 2894 1231 2948 διὰ
1263 2901 1314 2966 μ’
1341 2895 1563 2967 ἡμερῶν
1601 2898 1659 2949 ὲν
1690 2896 1922 2968 Κύπρῳ,

339 2986 436 3038 καὶ
466 2985 712 3050 ἐδέξαντο
745 2988 893 3058 ἡμᾶς
919 2991 967 3041 οἱ
997 2987 1216 3058 ἀδελφοὶ
1247 2988 1384 3060 μετὰ
1411 2990 1586 3060 χαρᾶς
1623 2989 1887 3061 μεγάλης.

2036 1903 2239 1943 annum
2277 1889 2480 1948 Romae.
2513 1895 2682 1950 Multa
2714 1907 2893 1952 autem
2934 1900 3041 1953 alia
3072 1917 3290 1973 quoque
3321 1904 3507 1962 Roma:
3531 1908 3615 1965 fe-

2035 1979 2109 2033 cit
2157 1978 2513 2050 Epiphanius.
2557 1985 2852 2058 Postquam
2901 2007 3032 2046 vero
3073 1994 3310 2051 decrevit
3357 2001 3617 2071 navigare

2035 2070 2086 2154 in
2117 2069 2376 2154 Cyprum,
2431 2075 2787 2146 imperatores
2831 2081 3084 2136 dixerunt
3121 2083 3423 2154 Epiphanio
3449 2109 3462 2144 :
3491 2069 3616 2146 'Ac-

2033 2153 2173 2221 cipe,
2213 2153 2392 2222 Pater,
2426 2159 2478 2212 id
2513 2161 2658 2229 quod
2688 2173 2769 2217 est
2794 2166 2917 2218 usui
2955 2153 3234 2233 Ecclesiae,
3268 2181 3323 2226 ut
3366 2175 3610 2243 przebcas

2034 2243 2421 2315 indigentibus.
2461 2247 2606 2304 Dixit
2649 2261 2830 2307 autem
2883 2254 3220 2330 Epiphanius
3271 2262 3613 2332 imperatori-

2034 2335 2136 2390 bus
2167 2355 2178 2389 :
2212 2335 2340 2404 Vos,
2378 2339 2507 2405 filii,
2542 2341 2702 2398 facite
2729 2345 2780 2398 id
2830 2349 2974 2416 quod
3019 2365 3048 2403 a
3074 2352 3230 2407 vobis
3264 2359 3608 2423 postulatur:

2032 2433 2085 2478 et
2115 2426 2324 2494 gaudeo
2371 2429 2440 2482 de
2472 2439 2650 2485 vestro
2686 2433 3044 2492 incremento.
3096 2441 3237 2506 Quid
3289 2461 3416 2500 vero
3470 2449 3605 2504 mihi

2032 2532 2173 2572 onus
2204 2519 2492 2587 praebetis?
2541 2522 2860 2593 Suppeditat
2898 2530 3032 2584 mihi
3080 2532 3245 2600 Deus,
3281 2539 3375 2606 qui
3416 2556 3610 2598 omnes

2031 2609 2127 2663 alit
2157 2611 2209 2664 in
2248 2612 2349 2668 bac
2375 2614 2501 2668 vita.
2541 2614 2867 2675 Obtulerunt
2907 2638 3040 2692 ergo
3077 2625 3433 2696 imperatores
3471 2635 3614 2688 mul-

2031 2708 2145 2755 tum
2189 2704 2331 2757 auri.
2389 2703 2492 2760 Sed
2551 2707 2688 2762 nihil
2737 2714 2947 2780 accepit
2998 2714 3354 2786 Epiphanius,
3417 2734 3610 2792 pra-ter

2029 2807 2230 2862 paucos
2261 2810 2447 2863 panes,
2483 2806 2541 2850 ut
2567 2813 2665 2854 nos
2698 2817 2890 2858 omnes
2925 2805 2991 2859 iis
3024 2806 3075 2859 in
3105 2811 3322 2880 navigio
3349 2829 3597 2870 vescere-

2029 2898 2173 2937 mur.
2205 2883 2380 2940 Roma
2409 2897 2588 2942 autem
2616 2891 2868 2959 profecti,
2896 2898 3244 2963 pervenimus
3277 2901 3330 2956 in
3365 2902 3603 2976 Cyprum

2029 2971 2394 3043 quadraginta
2426 2974 2641 3045 diebus,
2673 2989 2728 3034 et
2756 2995 2858 3036 nos
2887 2971 3462 3054 susceperuntl'ratres
3480 3010 3604 3049 cum

2028 3077 2228 3130 magno
2265 3067 2484 3134 gaudio.

410 3135 536 3190 NI".
579 3136 741 3199 Ἐθος
783 3135 840 3188 δὲ
884 3132 954 3207 ἦν
990 3138 1287 3209 Ἐπιφανίῳ
1322 3135 1640 3209 ὲξέρχεσθαι
1694 3138 1792 3202 τάς
1833 3155 1922 3191 νυ-

2098 3151 2232 3209 Llll.
2271 3132 2398 3213 Mos
2420 3168 2599 3215 autem
2629 3169 2746 3216 erat
2779 3163 3084 3235 Epiphanio
3117 3180 3283 3226 noctu
3312 3172 3521 3246 ingredi
3549 3178 3602 3233 in

337 3243 476 3289 κτας
527 3227 584 3280 ὲν
630 3228 743 3290 τοῖς
790 3228 1207 3299 κοιμητηρίοις,
1261 3227 1389 3280 ἔνθα
1433 3227 1504 3281 τὰ
1543 3227 1770 3297 λείψανα
1813 3229 1921 3282 τῶν

338 3317 514 3385 ἁγίων
563 3318 854 3389 μαρτύρων
903 3318 1277 3382 κατάκεινται,
1308 3319 1402 3372 καὶ
1451 3319 1792 3390 παρακαλεῖν
1829 3319 1920 3372 τὸν

335 3410 474 3463 Θεὸν
521 3411 648 3480 περὶ
693 3411 810 3474 ἑνὸς
860 3410 1090 3464 ἑκάστου
1121 3409 1229 3463 τῶν
1261 3409 1832 3483 θλιϐομένων.¹Ὠσπερ
1861 3411 1919 3464 δὲ

336 3501 493 3571 φίλος
538 3502 689 3572 φίλον
735 3502 1091 3574 παρακαλῶν,
1125 3503 1254 3575 περὶ
1278 3495 1338 3555 οὗ
1369 3503 1697 3575 παρακαλεῖ,
1727 3503 1916 3557 τούτου

333 3596 626 3665 τυγχάνειο
651 3595 822 3658 οὕτως
841 3597 936 3648 καὶ
967 3598 995 3648 ὁ
1021 3595 1152 3658 Θεὸς
1176 3595 1244 3648 τά
1269 3597 1549 3667 αἰτήματα
1578 3596 1740 3650 αὐτοῦ
1776 3615 1918 3669 παρ-

335 3690 484 3758 εῖχεν
512 3687 677 3758 αὐτῷ.
710 3689 845 3741 Ποτὲ
872 3687 1002 3756 γοῦν
1031 3685 1190 3759 λιμοῦ
1226 3689 1461 3760 μεγάλου
1497 3689 1918 3759 γενομένου,κα“ι

339 3780 418 3850 μὴ
447 3781 849 3852 εὑρισκομένων
879 3779 1058 3850 ἄρτων
1085 3780 1178 3833 ἐπὶ
1203 3780 1305 3850 τῆς
1334 3782 1559 3853 ἀγορᾶς,
1592 3777 1659 3852 ἦν
1691 3783 1917 3835 Φαυστι-

335 3875 519 3938 νιανὸς
565 3876 594 3926 ὁ
637 3874 980 3944 ἄσπλαγχνος
1010 3875 1190 3936 οἴκους
1233 3873 1460 3937 πολλοὺς
1507 3878 1736 3945 μεστοὺς
1768 3875 1914 3927 σίτου

335 3969 436 4020 καὶ
476 3966 671 4039 κριθῆς
715 3967 1154 4037 ὴσφαλισμένους
1182 3967 1341 4037 ἔχων.
1375 3960 1543 4030 Οὗτος
1592 3967 1648 4019 δὲ
1696 3967 1914 4037 χρυσίον

332 4059 651 4130 λαμϐάνων,
683 4061 941 4129 παρεῖχεν
969 4059 1182 4128 ἑκάστῳ
1209 4059 1315 4111 τῶν
1345 4058 1611 4128 δεομένων
1647 4061 1794 4128 τρεῖς
1826 4076 1916 4128 μο-

330 4150 481 4214 δίους
507 4150 600 4203 τοῦ
628 4152 979 4222 νομίσματος.
1006 4153 1116 4204 Καὶ
1144 4147 1212 4222 ἦν
1247 4150 1415 4220 πολλὴ
1452 4150 1707 4212 στένωσις
1753 4150 1809 4201 ὲν
1846 4152 1911 4220 τῇ

332 4243 509 4296 πόλει.
542 4239 705 4295 Εἶπεν
734 4243 790 4296 δὲ
822 4244 1139 4311 Ἐπιφάνιος
1186 4242 1321 4313 πρὸς
1366 4242 1780 4294 Φαυστινιανόν⁶
1815 4241 1914 4304 Δός

334 4352 450 4404 μοι,
488 4337 671 4404 φησιν,
716 4330 760 4389 ὦ
795 4335 1059 4406 βέλτιστε,
1108 4337 1251 4387 σῖτον
1297 4333 1432 4405 πρὸς
1465 4334 1758 4405 διατροφὴν
1803 4332 1911 4386 τῶν

329 4425 665 4497 ἀνθρώπων·
724 4427 879 4495 κάγὼ
933 4426 1198 4480 ἀποδώσω
1251 4444 1333 4478 σοι
1383 4426 1445 4478 τὸ
1502 4426 1663 4496 χρέος
1706 4425 1910 4478 τούτων

330 4519 685 4572 ἁπάντων.’0
721 4519 776 4572 δὲ
818 4520 1162 4590 ἄσπλαγχνος
1209 4518 1594 4580 Φαυστινιανὸς
1639 4519 1911 4582 τοιούτους

331 4613 526 4679 λόγους
571 4611 749 4680 λέγειν
795 4612 996 4681 ἤρξατο
1042 4611 1372 4681 Ίζπιφαιλίῳ·
1426 4609 1681 4674 Ἂπελθε,
1732 4611 1865 4681 φησὶ
1893 4651 1908 4673 ,

328 4703 717 4772 παρακάλεσον
752 4703 843 4755 τὸν
875 4704 1028 4766 Θεὸν,
1057 4703 1114 4755 ὃν
1146 4705 1208 4756 σὺ
1242 4703 1398 4774 σέϐῃ,
1435 4705 1530 4756 καὶ
1563 4703 1788 4775 παρέξει
1831 4721 1911 4758 σοι

329 4796 480 4846 σῖτον
506 4795 640 4866 πρὸς
669 4795 962 4865 διατροφὴν
1007 4794 1116 4847 τῶν
1162 4795 1266 4847 σῶν
1302 4797 1490 4864 φίλων.
1510 4796 1568 4848 Ὀ
1599 4795 1728 4864 γοῦν
1762 4797 1912 4849 Ἐπι-

328 4884 522 4952 ςράνιος
567 4883 794 4950 ἐξελθὼν
846 4886 903 4936 ὲν
959 4886 1058 4954 μιᾷ.
1104 4884 1258 4937 νυκτὶ¹
1290 4887 1346 4938 ἐν
1379 4889 1492 4949 τοῖς
1533 4887 1910 4959 κοιμητηρίοις

329 4978 632 5047 παρεκάλει
676 4977 766 5030 τὸν
809 4976 940 5030 Θεὸν
983 4977 1076 5030 ἐπὶ
1123 4978 1184 5030 τὸ
1225 4977 1508 5050 διαθρέψαι
1540 4979 1749 5043 πάντας
1783 4981 1910 5044 τοὺς

325 5067 703 5136 στενομένους.
744 5061 851 5118 1ΓΗν
905 5066 962 5119 δὲ
1011 5067 1136 5132 ναὸς
1187 5069 1394 5132 ἐκεῖνος
1452 5070 1698 5140 ἀρχαῖος,
1760 5071 1909 5136 ὅστις

321 5157 575 5210 ἐκαλεῖτο
606 5157 727 5220 Διὸς
755 5158 1077 5228 Ἀσφάλεια·
1105 5158 1276 5230 τούτῳ
1304 5159 1360 5212 δὲ
1403 5160 1482 5230 τῷ
1524 5160 1637 5231 ναῷ
1684 5161 1738 5215 εἴ
1777 5179 1908 5216 ποτε

320 5247 558 5317 ἧγγισέν
587 5265 670 5310 τις
696 5247 806 5301 τῶν
835 5248 1156 5320 ἀνθρώπων,
1195 5251 1410 5319 ἐλέγετο
1442 5252 1644 5316 εὐθέως
1672 5253 1776 5306 ὑπὸ
1811 5253 1908 5308 θα-

321 5338 491 5390 νάτου
535 5336 1034 5407 λαμϐάνεσθαι.Ὡς
1076 5334 1168 5392 οὖν
1216 5335 1284 5411 ἦν
1311 5340 1625 5409 Ἐπιφάνιος
1653 5341 1906 5413 δεόμενος

318 5427 420 5480 τοῦ
466 5427 601 5481 Θεοῦ
633 5428 772 5500 ὑπὲρ
817 5428 926 5482 τῶν
977 5428 1325 5501 θλιϐομένων,
1359 5431 1512 5503 φωνὴ
1554 5432 1719 5486 αὐτοῦ
1753 5433 1908 5503 γέγοο

318 5536 446 5573 νενσ
481 5519 788 5588 Ἐπιφάνιε,
822 5521 977 5594 φησὶ,
1007 5521 1082 5593 μὴ
1116 5521 1489 5594 ταραχθῇς.ὐ
1513 5523 1570 5576 δὲ
1601 5525 1765 5596 φησίν
1785 5542 1798 5557 ⁶
1834 5529 1900 5583 Τί

2028 3252 2363 3316 cmmeteria,
2398 3253 2489 3306 ubi
2523 3253 2643 3308 sitat
2675 3267 2803 3311 sunt
2829 3259 3072 3329 reliquiae
3103 3274 3418 3321 sanctorum
3467 3285 3605 3325 mar—
3658 3305 3662 3310 ε

2030 3343 2231 3406 tyrum,
2263 3347 2319 3392 et
2351 3354 2546 3410 rogare
2587 3341 2756 3398 Deum
2785 3362 2883 3414 pro
2909 3365 3239 3422 unoquoque
3267 3370 3481 3424 eorum,
3510 3361 3603 3429 qui

2027 3428 2424 3499 allligebantur.
2471 3432 2534 3487 Et
2571 3438 2845 3504 quomodo
2905 3440 3082 3497 bonus
3139 3446 3350 3503 amicus
3395 3428 3602 3507 bonum

2026 3522 2264 3576 amicum
2297 3539 2518 3593 rogans,
2575 3543 2684 3581 non
2725 3527 3012 3586 fraudatur
3035 3549 3102 3588 eo
3135 3539 3279 3606 quod
3315 3540 3487 3609 petit:
3532 3545 3602 3598 ita

2027 3613 2074 3669 si
2105 3618 2325 3684 quando
2351 3617 2398 3671 is
2432 3633 2463 3672 a
2489 3618 2600 3674 Deo
2625 3621 2827 3692 aliquid
2859 3625 3124 3694 petiisset,
3157 3631 3389 3697 praebuit
3413 3632 3462 3686 ei
3485 3649 3601 3688 om-
3638 3657 3646 3666 τ

2025 3721 2124 3761 nes
2152 3708 2461 3776 petitiones.
2494 3710 2803 3782 Aliquando
2837 3718 3055 3786 quidem
3083 3736 3205 3775 cum
3234 3733 3379 3778 esset
3408 3741 3599 3796 magna

2025 3796 2218 3866 fames,
2249 3810 2301 3855 et
2327 3803 2482 3871 panis
2529 3820 2636 3858 non
2684 3807 2969 3864 atl'erretur
3011 3812 3064 3865 in
3091 3813 3293 3882 forum,
3322 3829 3439 3871 erat
3477 3819 3599 3888 qui-

2022 3890 2145 3946 dam
2179 3891 2565 3952 Faustinianus
2592 3899 3005 3968 immisericors,
3024 3905 3116 3974 qui
3149 3908 3347 3962 multas
3371 3909 3594 3964 habebat

2022 3981 2214 4037 domos
2248 3985 2486 4053 clausas,
2532 3989 2719 4059 plenas
2765 3993 2968 4048 hordeo
3000 4005 3055 4050 et
3101 3996 3393 4052 frumento.
3426 3999 3475 4056 ls
3509 4017 3584 4056 ac.

2021 4071 2227 4140 cipiens
2270 4090 2487 4142 aurum,
2541 4078 2704 4134 dabat
2753 4082 2973 4136 volenti.
3032 4083 3205 4139 Dabat
3265 4097 3445 4142 autem
3501 4106 3596 4160 pro

2020 4177 2247 4217 nummo
2279 4173 2390 4219 tres
2423 4182 2734 4234 mensuras,
2769 4173 3156 4242 qni_vocantur
3183 4178 3370 4233 modii.
3403 4181 3583 4237 Erant-

2019 4267 2126 4320 que
2168 4269 2377 4324 magnae
2424 4260 2691 4326 angustia:
2726 4261 2781 4315 in
2829 4263 3068 4321 civitate.
3109 4266 3254 4322 Dixit
3300 4285 3430 4342 ergo
3473 4273 3593 4344 Epi-

2017 4343 2254 4412 phanius
2277 4344 2633 4404 Faustiniano
2661 4369 2673 4404 :
2725 4350 2802 4406 Da
2833 4355 2992 4428 mihi,
3031 4371 3064 4410 ο
3089 4362 3312 4427 optime,
3349 4343 3591 4418 frumen-

2020 4444 2130 4490 tum
2167 4438 2234 4492 ad
2266 4439 2490 4494 alendos
2526 4442 2799 4513 homines,
2837 4455 2894 4500 et
2928 4464 2958 4501 a
2991 4465 3078 4503 me
3120 4451 3356 4521 accipies
3397 4455 3590 4511 horum

2017 4529 2260 4581 omnium
2285 4529 2546 4584 debitum.
2577 4533 2972 4591 Immisericors
3003 4550 3189 4596 autem
3241 4553 3295 4598 et
3326 4544 3590 4604 barbarus

2013 4629 2068 4672 et
2099 4620 2395 4676 sceleratus
2437 4621 2824 4684 Faustinianus
2859 4629 2973 4685 haec
3005 4635 3167 4688 verba
3196 4635 3334 4690 dixit
3355 4636 3586 4708 Epipha-

2012 4710 2150 4764 nio:
2193 4709 2340 4780 Roga
2400 4711 2622 4776 Jesum.
2668 4733 2831 4786 quem
2877 4720 3032 4784 colis,
3082 4733 3138 4777 et
3187 4727 3446 4795 praebebit
3491 4714 3586 4784 tibi

2011 4799 2342 4857 frumentum
2394 4806 2461 4859 ad
2525 4806 2753 4864 alendos
2805 4821 2928 4866 tuos
2983 4815 3208 4869 amicos.
3252 4815 3586 4887 Epiphanius

2012 4889 2194 4960 itaque
2236 4907 2342 4946 una
2376 4905 2537 4950 nocte
2576 4897 2856 4968 ingressus
2895 4910 2979 4955 est
3009 4906 3320 4959 cmmeteria
3369 4917 3582 4964 sancto-

2010 4995 2130 5034 rum
2161 4993 2486 5055 martyrum,
2517 4997 2572 5041 et
2601 4991 2814 5059 rogavit
2856 4991 3050 5053 Deum.
3076 5002 3136 5048 ut
3161 4994 3315 5050 daret
3343 4995 3584 5053 frumen-

2009 5079 2124 5125 tum
2154 5072 2243 5137 iis,
2280 5077 2373 5144 qui
2401 5087 2560 5132 erant
2592 5081 2794 5136 redacti
2824 5083 2879 5136 in
2909 5087 3214 5155 angustias.
3241 5087 3372 5142 Erat
3400 5099 3582 5146 autem

2008 5164 2269 5233 templum
2311 5169 2678 5240 obsignatum,
2723 5177 2868 5244 quod
2914 5179 3212 5234 vocabatur
3253 5179 3444 5238 Tutela
3483 5183 3581 5240 Jo-

2007 5255 2112 5311 vis.
2149 5255 2285 5312 Huic
2309 5263 2509 5331 templo
2536 5263 2584 5319 si
2623 5268 2842 5335 quando
2879 5269 3005 5338 quis
3033 5287 3100 5325 ex
3136 5273 3456 5331 hominibus
3482 5293 3580 5348 ap-

2006 5347 2444 5420 propinquasset,
2498 5370 2529 5408 a
2587 5357 2774 5413 multis
2832 5357 3132 5427 ferebatur,
3195 5367 3342 5434 quod
3406 5347 3580 5425 morte

2007 5439 2192 5494 statim
2245 5445 2628 5514 eorriperetur.
2675 5448 2810 5502 Cum
2845 5465 2976 5521 ergo
3023 5451 3360 5524 Epiphanius
3405 5456 3579 5513 Deum

2005 5538 2188 5586 oraret
2221 5549 2320 5602 pro
2349 5534 2417 5590 iis
2457 5535 2552 5606 qui
2580 5537 2975 5609 allligebantur,
3011 5543 3078 5597 ad
3126 5559 3250 5600 cum
3279 5561 3389 5602 vox
3436 5548 3578 5606 facta

397 5653 650 5753 uno“:
660 5659 1178 5753 fequunu‘lrugj-ﬁc‘a
1202 5659 1832 5753 eibatiﬂoforrigenda
1857 5671 1922 5727 ho

2035 5675 2160 5730 nodo
2191 5693 2204 5730 :
2240 5677 2312 5730 Τὸ
2343 5677 2551 5731 παιδίον
2580 5678 2708 5734 ποτὲ
2737 5678 3008 5736 ἀποθανδν
3039 5683 3134 5736 καὶ
3178 5683 3441 5753 ἀναστὰν,
3472 5684 3570 5740 λσ-

319 5725 552 5836 6δῖτὴν
582 5725 807 5796 χάρινζ..
843 5729 934 5782 καὶ
961 5729 1175 5802 ὄψεσθε.
1216 5730 1374 5786 Ειητ.
1405 5730 1644 5790 ΡΑτιιοι..
