4088 6362
485 343 553 408 9t.

1788 357 1845 413 S.
1890 355 2231 412 EPIPHANII
2273 355 2454 410 VITA.

3691 353 3755 409 9’2

485 475 591 528 est,
647 465 957 537 Epiphani,
1029 468 1304 540 inquiens.
1369 471 1708 542 Epiphanius
1761 490 1894 528 vero
1941 474 2055 526 nibi

2181 473 2316 535 ἐστι,
2353 472 2555 544 Κύριε;
2590 473 2700 526 Καὶ
2747 467 2897 528 εἶπεν
2927 473 3064 546 πρὺς
3103 473 3299 528 αὐτόν’
3333 471 3568 527 Ἀπελθε
3601 476 3658 526 ἐν
3682 473 3751 543 fc?

489 560 848 614 conturbatus
877 579 888 613 :
928 559 1068 627 Quid
1097 574 1200 625 est,
1233 563 1505 616 Domine?
1534 564 1599 618 Et
1621 566 1758 618 dixit
1797 565 1843 618 ei
1875 582 1887 618 :
1924 564 2074 619 Vade

487 649 543 702 in
581 649 863 715 templum,
892 653 1037 720 quod
1066 663 1291 707 vocatur
1335 653 1524 707 Tutela
1553 653 1724 720 Jovis,
1770 664 1823 710 ct
1858 656 2073 710 solven-

485 753 573 796 tur
604 743 882 812 signacula
934 755 1236 814 portarum,
1266 757 1320 802 et
1365 750 1611 804 invenies
1651 751 1884 803 multum
1927 749 2068 804 auri.

484 832 621 887 Cum
664 842 721 887 tu
761 835 812 888 id
844 838 1141 904 acceperis,
1183 855 1302 893 eme
1336 840 1668 895 frumentum
1706 853 1759 895 ct
1805 843 2068 898 hordeum

485 922 852 989 Faustiniani,
899 938 953 980 et
983 927 1051 981 da
1101 928 1415 984 alimentum
1467 933 1771 1000 egentibus.
1828 931 2069 1001 Epipha-

485 1017 610 1072 nius
645 1028 827 1072 autem
863 1021 959 1073 ivit
1004 1023 1254 1090 protinus
1284 1023 1337 1077 in
1371 1026 1653 1094 templum,
1701 1035 1754 1080 et
1799 1042 1919 1079 cum
1966 1025 2070 1080 fuit

483 1123 654 1178 prope
693 1110 1002 1180 ingressum
1057 1115 1266 1182 templi,
1314 1117 1498 1169 statim
1533 1117 1846 1171 ceciderunt
1889 1118 2070 1187 signa-

483 1199 629 1261 cula,
663 1208 713 1254 et
747 1211 916 1268 porta:
949 1213 1151 1271 apertae
1183 1214 1332 1260 sunt.
1372 1206 1652 1276 Ingressus
1682 1225 1809 1262 vero
1836 1209 2070 1278 Epipha-

482 1289 610 1344 nius
646 1291 848 1344 invenit
888 1295 1123 1348 multum
1168 1297 1310 1352 auri.
1361 1297 1497 1352 Cum
1545 1315 1610 1353 ex
1640 1316 1707 1355 eo
1756 1317 1889 1370 ergo
1920 1317 2071 1355 acce-

481 1378 673 1446 pisset,
719 1382 866 1436 dedit
911 1382 1296 1450 Faustiniano,
1331 1398 1384 1442 et
1425 1389 1562 1443 dixit
1596 1409 1610 1444 :
1671 1391 1869 1461 Accipe
1911 1407 2071 1461 pecu-

480 1469 652 1533 niam,
690 1480 743 1526 et
791 1475 856 1528 da
893 1477 1024 1529 mihi
1057 1476 1411 1533 frumentum.
1455 1481 1523 1537 At
1563 1498 1761 1537 avarus
1811 1493 1865 1537 et
1898 1485 2069 1538 scele-

481 1575 601 1621 stus
647 1567 1036 1628 Faustinianus
1083 1590 1218 1628 auro
1261 1586 1486 1646 accepto
1536 1574 1870 1630 frumentum
1927 1593 2069 1646 pne-

479 1658 599 1714 huit
636 1661 736 1730 ipsi
783 1680 880 1732 per
924 1666 1134 1721 modios
1179 1677 1386 1722 ternos.
1425 1668 1765 1738 Epiphanius
1796 1680 1976 1723 autem
2013 1670 2065 1723 id

480 1751 708 1819 praebuit
731 1753 1116 1822 Indigentibus.
1148 1755 1266 1811 Non
1300 1757 1617 1813 defecerunt
1647 1775 1776 1829 ergo
1798 1761 2064 1829 pecuniae,

479 1844 656 1899 donec
687 1847 1024 1917 Epiphanius
1069 1851 1202 1904 emit
1246 1853 1453 1916 omnia,
1493 1868 1615 1921 qua:
1652 1853 1885 1907 habehat
1917 1851 2060 1907 Fau-
2099 1840 2138 1894 Β

479 1937 755 1992 stinianus
802 1939 868 1993 ad
901 1940 1246 1996 alimentum.
1303 1941 1549 2012 Implevit
1596 1953 1778 1998 autem
1833 1943 2062 2014 Epipha-

478 2026 605 2081 nius
639 2029 842 2084 multas
869 2030 1063 2086 domos
1095 2031 1368 2087 frumento
1394 2043 1448 2090 et
1480 2035 1704 2100 hordeo,
1739 2036 1885 2106 quod
1915 2051 2063 2091 eme-

477 2126 628 2172 rata
680 2118 1082 2177 Faustiniano:
1133 2133 1187 2178 et
1242 2125 1338 2179 toti
1392 2126 1598 2181 civitati
1656 2127 2056 2198 suppeditavit,

477 2210 594 2266 sive
625 2212 808 2281 potius
838 2211 981 2268 Deus
1012 2230 1110 2284 per
1139 2215 1525 2286 Epiphanium.

553 2326 690 2382 LIV.
718 2326 1044 2382 Defecerunt
1065 2341 1244 2383 autem
1270 2346 1409 2386 escae
1432 2330 1484 2384 in
1513 2331 1676 2386 domo
1697 2332 2060 2401 Faustiniani,

476 2437 531 2484 et
561 2429 705 2484 inter
725 2444 916 2484 omnes
948 2432 1198 2486 homines
1216 2432 1376 2486 lautae
1394 2434 1758 2503 erantepulaa,
1777 2445 1831 2489 et
1857 2452 2064 2507 magna:

477 2533 739 2603 angustiae
756 2531 810 2586 in
827 2534 992 2588 domo
1008 2533 1368 2588 Faustiniani.
1387 2535 1561 2592 Malus
1587 2553 1716 2591 vero
1730 2547 1783 2591 et
1797 2538 2066 2594 violentus

477 2643 532 2690 et
564 2635 960 2691 immisericors
1003 2633 1414 2702 Faustinianus,
1445 2638 1706 2706 probrum
1736 2654 1856 2694 esse
1888 2647 2061 2705 ratus,

477 2740 632 2796 cibos
663 2739 849 2795 domui
885 2754 997 2794 suae
1037 2749 1220 2809 petere
1249 2739 1317 2794 ab
1347 2739 1672 2810 Epiphanio,
1697 2757 1821 2795 cum
1846 2756 1939 2796 sex
1969 2741 2065 2794 ha-

476 2841 630 2896 beret
647 2841 866 2911 propria
886 2840 1126 2911 navigia,
1148 2840 1253 2894 alia
1273 2855 1490 2910 quoque
1511 2841 1755 2912 quinque
1770 2841 2060 2896 conduxit:

475 2948 532 2995 et
579 2955 703 2994 cum
735 2938 975 2994 dedisset
1020 2939 1285 3008 pecunias
1335 2937 1582 3009 Longino
1623 2939 1792 2994 totius
1846 2937 2065 2992 familia:

479 3056 594 3096 suae
640 3041 981 3105 fidelissimo,
1034 3040 1186 3096 misit
1211 3056 1336 3094 eum
1389 3041 1456 3095 ad
1491 3041 1780 3096 emendum
1811 3039 2056 3093 frumen-

477 3153 617 3198 tum.
646 3145 727 3198 Illi
757 3155 936 3199 autem
976 3159 1096 3199 cum
1138 3144 1492 3215 navigassent
1545 3145 1599 3198 in
1634 3143 1968 3205 Calabriam,
2009 3151 2064 3196 et

478 3250 818 3306 frumentum
879 3251 991 3306 illic
1050 3251 1294 3321 aliasque
1363 3253 1572 3321 species
1621 3252 1903 3316 emissent,
1943 3258 2065 3320 post

479 3366 596 3411 tres
623 3362 842 3412 menses
874 3357 1205 3426 adnavigant
1248 3357 1301 3411 id
1329 3357 1614 3412 habentes.
1668 3356 1900 3411 Centum
1934 3371 2065 3410 vero

479 3457 673 3512 stadiis
716 3457 879 3526 longe
912 3474 941 3512 a
993 3458 1336 3522 Constantia,
1379 3475 1442 3513 ex
1473 3459 1703 3513 adverso
1746 3459 1884 3527 ejus,
1915 3456 2062 3528 quod

479 3565 682 3619 dicitur
722 3565 1158 3629 Dianeuterium,
1187 3568 1364 3620 oritur
1395 3566 1448 3618 in
1479 3565 1620 3619 mari
1657 3565 1894 3618 maxima
1925 3572 2063 3618 tem-

477 3681 685 3742 pestas,
720 3680 777 3725 et
797 3680 1066 3725 venerunt
1092 3673 1144 3724 in
1167 3671 1471 3741 periculum
1504 3685 1667 3724 naves
1696 3668 2058 3734 Faustiniani,

477 3777 600 3831 qua:
641 3759 939 3815 ali‘crebant
986 3759 1344 3826 frumentum,
1387 3770 1673 3830 totumque
1724 3759 2060 3828 frumentum

477 3869 630 3909 mare
663 3855 729 3908 ad
758 3854 910 3909 littus
949 3854 1182 3922 impulit.
1236 3853 1372 3908 Cum
1425 3855 1541 3907 hazc
1594 3864 1772 3908 autem
1801 3853 2062 3908 audiisset

475 3945 958 4008 Faustinianus,et
989 3946 1170 4000 statim
1207 3948 1273 4000 ad
1305 3960 1455 4000 mare
1483 3946 1830 4011 accessisset,
1853 3954 1906 3999 et
1929 3959 2062 4000 ocul--

477 4041 544 4095 lis
575 4040 798 4095 vidisset
856 4055 979 4108 quae
1019 4037 1160 4093 facta
1210 4038 1447 4102 fuerant,
1505 4039 1812 4107 sepulcrum
1855 4038 2060 4094 habens

475 4152 539 4190 os
575 4151 735 4190 suum
777 4145 1051 4204 apertum,
1105 4135 1286 4190 statim
1355 4135 1522 4204 coepit
1573 4135 1875 4190 sceleratus
1914 4135 2060 4190 blas-

476 4231 735 4299 phemare
769 4230 824 4283 in
873 4229 1240 4294 Altissimum,
1288 4236 1342 4282 et
1375 4229 1590 4299 probris
1624 4238 1877 4298 appetere
1930 4227 2060 4299 Epi-

475 4321 764 4390 phanium,
802 4321 992 4375 dicens
1031 4320 1196 4375 verba
1237 4320 1551 4390 hujusmodi
1579 4339 1592 4374 :
1625 4318 1724 4373 IIic
1764 4335 1956 4388 magus
2007 4327 2060 4373 et

476 4413 664 4485 prde
704 4429 812 4467 non
844 4413 1021 4467 solum
1090 4414 1144 4467 in
1181 4421 1322 4466 terra
1378 4410 1653 4466 malefacit
1684 4412 1869 4465 domui
1925 4424 2059 4464 mea:

476 4505 627 4558 omni
662 4514 903 4574 tempore
933 4523 947 4570 ;
986 4505 1080 4560 sed
1114 4505 1279 4559 etiam
1312 4506 1366 4558 in
1415 4520 1566 4558 mare
1602 4506 1823 4557 mittens
1855 4503 2057 4557 dmmo-

476 4614 599 4661 nes,
627 4597 897 4666 prohibet,
935 4612 1002 4650 ne
1032 4597 1373 4665 ingrediatur
1404 4595 1477 4660 id,
1527 4595 1672 4663 quod
1702 4602 1786 4647 est
1821 4593 1944 4647 usui
1977 4593 2058 4645 fa-

475 4690 641 4745 miliae
673 4705 824 4743 meaa.
857 4687 901 4742 Ο
929 4689 1053 4758 quis
1084 4698 1278 4743 ventus
1309 4688 1491 4741 emisit
1519 4687 1664 4740 hunc
1697 4691 2007 4754 praedonem
2033 4685 2057 4738 ?

475 4787 724 4855 Cumque
753 4785 868 4840 haec
899 4785 1148 4845 dixisset,
1186 4792 1238 4837 et
1267 4784 1425 4852 plura
1466 4782 1571 4843 his,
1617 4781 1712 4834 ivit
1743 4781 1795 4834 in
1829 4779 2052 4833 domum

475 4891 633 4930 suam
668 4873 927 4927 minitans
961 4871 1287 4942 Epiphanio.
1318 4871 1522 4925 Omnes
1551 4880 1754 4936 autem,
1777 4871 1869 4939 qui
1899 4878 2056 4923 erant

475 4970 790 5040 congregati
828 4969 883 5022 in
945 4967 1182 5028 civitate,
1216 4965 1318 5018 viri
1349 4974 1404 5019 et
1467 4965 1744 5028 inulieres,
1775 4980 1882 5018 una
1928 4978 2052 5015 cum

476 5061 592 5116 suis
621 5061 833 5124 liberis,
864 5058 1194 5128 colligebant
1222 5056 1580 5121 frumentum,
1636 5063 1689 5110 et
1722 5055 1967 5109 ferebant
2001 5055 2054 5108 in

475 5153 671 5207 domos
698 5167 848 5215 suas,
881 5157 1277 5220 congregantes
1308 5156 1606 5217 sumptum,
1653 5147 1792 5201 alius
1835 5147 2053 5216 quidem

475 5244 640 5298 unius
671 5243 820 5309 anni,
857 5243 997 5297 alius
1043 5256 1176 5294 vero
1224 5239 1458 5294 duorum
1490 5253 1780 5292 annorum.
1814 5237 2056 5291 Ilabebat

475 5350 606 5390 vero
633 5335 1020 5392 Faustinianus
1053 5348 1305 5400 uxorem,
1341 5349 1462 5403 quae
1496 5331 1726 5386 faciebat
1751 5331 1891 5385 bona
1927 5345 2055 5400 ope-

474 5441 558 5479 ra.
596 5423 713 5494 Ipsa
740 5442 890 5495 ergo,
917 5425 1183 5480 insciente
1199 5423 1580 5487 Faustiniano,
1622 5422 1771 5476 misit
1791 5421 1875 5476 bis
1906 5421 2054 5475 mille

477 5531 734 5573 nummos
783 5517 1110 5588 Epiphanio,
1158 5525 1220 5570 ut
1252 5515 1438 5569 domui
1481 5514 1600 5584 ejus
1653 5514 1914 5583 prmbcret
1952 5513 2054 5566 ali-

478 5615 684 5662 menta.
721 5608 870 5663 Dixit
904 5620 1085 5664 autem
1117 5609 1334 5664 mulieri
1369 5607 1708 5677 Epiphanius
1739 5625 1751 5660 ε
1790 5603 1934 5659 Tene
1956 5621 2052 5675 pe-

475 5691 696 5754 cuniam
732 5704 788 5756 in
825 5702 989 5758 domo
1013 5713 1129 5768 tua,
1173 5713 1226 5758 et
1257 5703 1442 5772 accipe
1486 5700 1711 5763 cibaria,
1741 5700 1940 5770 quibus
1970 5698 2053 5752 in-

478 5789 669 5862 diges:
713 5800 767 5850 ct
813 5795 1030 5863 quando
1068 5803 1210 5852 terra
1263 5793 1600 5865 produxerit,
1660 5801 1789 5846 tunc
1835 5789 2051 5858 reddes,

2099 3198 2142 3255 C

2179 565 2290 635 ναῷ
2317 564 2393 636 τῷ
2420 564 2738 636 καλουμένῳ
2765 565 3207 635 ΔιὸςἈσφάλεια,
3228 566 3321 619 καὶ
3353 565 3675 636 λυθήσονται
3702 567 3750 618 αι

2178 657 2284 709 τῶν
2313 657 2491 728 θυρῶν
2527 658 2850 729 σφραγῖδεςο
2888 659 2981 710 καὶ
3018 657 3274 711 εἰσελθὼν
3327 658 3581 730 εὑρήσεις
3621 675 3744 728 χρυ·

2181 748 2293 800 σίον
2336 747 2498 800 πολύ·
2551 748 2710 800 τοῦτο
2743 747 2920 801 λαϐὼν
2965 749 3238 819 ἀγόρασον
3291 748 3409 802 ὅλον
3461 749 3551 802 τὸν
3612 750 3751 802 σῖτον

2176 839 2585 904 Φαυστινιανοῦ,
2615 841 2710 893 καὶ
2763 840 2862 910 τὴν
2906 840 3118 912 κριθὴν,
3153 841 3249 893 καὶ
3280 841 3368 903 δὸς
3406 841 3612 912 τροφὴν
3647 843 3752 904 τοῖς

2175 932 2466 1002 δεομένοις.
2486 934 2542 986 ’0
2576 933 2702 1001 γοῦν
2737 933 3052 1002 Ἐπιφάνιος
3091 933 3358 1004 ἐπορεύθη
3400 934 3458 985 ἐν
3499 932 3577 1003 τῷ
3607 926 3720 1002 ναῷ

2176 1026 2270 1078 καὶ
2319 1026 2394 1088 ὡς
2428 1027 2651 1096 ἤγγισεν
2686 1027 2820 1098 πρὸς
2852 1026 2949 1098 τὴν
2981 1027 3185 1079 εἴσοδον
3229 1024 3322 1079 τοῦ
3365 1025 3516 1090 ναοῦ,
3552 1026 3750 1090 εὐθέως

2176 1117 2377 1171 ἔπεσαν
2409 1121 2465 1171 αἱ
2501 1121 2810 1190 σφραγῖδες,
2851 1121 2945 1172 καὶ
2978 1121 3032 1173 αἱ
3065 1119 3225 1190 θύραι
3255 1117 3627 1189 ⁴ἠνεῴχθησαν,
3663 1119 3750 1170 καὶ

2176 1209 2430 1262 εἰσελθὼν
2460 1212 2796 1279 Ἐπιφάνιος,
2830 1206 2986 1282 εὗρεν
3014 1211 3235 1282 χρυσίον
3271 1210 3426 1264 πολύ.
3445 1209 3639 1262 Λαϐὼν
3660 1205 3750 1263 οῦν

2176 1300 2327 1363 αὐτὸ,
2359 1299 2418 1364 ἐξ
2443 1302 2603 1364 αὑτοῦ
2629 1302 2870 1354 ἐπεδίδου
2897 1301 2976 1372 τῷ
3006 1301 3376 1372 Φαυστινιανῷ
3401 1301 3574 1369 λέγων
3597 1319 3609 1332 ’
3653 1302 3748 1355 Λάο

2175 1393 2258 1458 ϐε,
2289 1395 2441 1463 φησι,
2477 1397 2750 1466 χρήματα.
2779 1395 2872 1447 καὶ
2904 1394 2992 1458 δός
3029 1412 3117 1464 μοι
3149 1397 3312 1449 σῖτον.
3331 1396 3390 1446 '0
3411 1394 3468 1447 δὲ
3497 1395 3742 1466 φιλοχρή-

2179 1502 2294 1554 μων
2336 1485 2429 1538 καὶ
2474 1486 2726 1557 ἀλάστωρ
2757 1486 3169 1549 Φαυστινιανὸς,
3205 1485 3492 1556 δεχόμενος
3524 1487 3583 1538 τὸ
3617 1504 3748 1558 χρυ-

2179 1577 2311 1640 σίον,
2349 1581 2574 1648 παρεῖχε
2605 1578 2753 1648 αύτῷ
2774 1578 2865 1630 τὸν
2897 1581 3058 1640 σῖτον,
3096 1577 3238 1631 κατά
3264 1578 3428 1649 τριῶν
3458 1579 3674 1648 μοδίων.
3691 1581 3749 1631 '0

2173 1667 2231 1719 δέ
2279 1668 2594 1736 Ἐπιφάνιος
2650 1671 2906 1739 παρεῖχεν
2957 1671 3100 1721 σῖτον
3151 1669 3363 1739 ἑκάστῳ
3408 1669 3514 1722 τῶν
3561 1671 3750 1741 χρείαν

2175 1757 2425 1826 ἐχόντων,
2456 1759 2548 1811 καὶ
2593 1759 2692 1811 οὐκ
2739 1759 3012 1823 ἐξέλειπον
3039 1757 3107 1811 τὰ
3147 1761 3421 1830 χρήματα,
3449 1759 3553 1823 ἓως
3584 1757 3644 1814 οῦ
3673 1759 3752 1825 ἐξ·

2169 1849 2438 1920 ηγόρασεν
2474 1851 2649 1903 πάντα
2695 1851 2764 1903 τὰ
2815 1849 3100 1922 βρώματα,
3145 1851 3180 1904 ἃ
3236 1853 3537 1921 συνήγαγεν
3566 1854 3751 1905 ὁΦαυ-

2171 1941 2456 2005 στινιανὸς,
2494 1944 2587 1995 καὶ
2615 1941 2846 2013 ἔπλησεν
2870 1942 3051 2005 οἴκους
3080 1943 3306 2006 πολλοὺς
3333 1944 3652 2012 Ἐπιφάνιος
3676 1945 3751 1997 σί-

2168 2049 2283 2096 του,
2313 2033 2403 2086 καλ¹
2432 2033 2647 2104 κριθῆς,
2677 2033 2784 2087 τῶν
2807 2033 3220 2106 ἀγορασθέντων
3250 2033 3402 2105 παρά
3426 2036 3749 2088 Φαυστινια-

2169 2125 2260 2178 νοῦ
2335 2127 2425 2178 καὶ
2471 2130 2730 2198 παρεῖχεν
2775 2127 2924 2198 πάσῃ
2953 2130 3017 2198 τῇ
3052 2126 3223 2192 πόλει,
3250 2126 3449 2197 μᾶλλον
3481 2128 3537 2180 δέ
3563 2132 3591 2182 ὁ
3619 2129 3750 2193 Θεὸς

2169 2219 2236 2272 δι’
2263 2219 2606 2288 Ἐπιφανίου.

2240 2334 2362 2385 ΝΔν.
2385 2333 2496 2385 Kal
2519 2328 2586 2403 ἦν
2605 2332 2805 2402 εὐωχία
2827 2333 2990 2385 πᾶσιν
3007 2330 3331 2404 ἀνθρώποις,
3366 2332 3460 2386 καῖ’¹
3489 2327 3556 2403 ’ἦν
3581 2333 3748 2404 πολλὴ

2174 2433 2432 2497 στένωσις
2465 2436 2523 2486 ἐν
2546 2433 2623 2504 τῷ
2657 2434 2792 2505 οἴκῳ
2812 2434 3218 2489 Φαυστινιανοῦ.
3259 2435 3316 2488 '0
3349 2433 3406 2487 δὲ
3455 2434 3624 2497 κακὸς
3658 2435 3750 2487 καὶ

2174 2535 2346 2605 βίαιος
2370 2536 2754 2599 Φαυστινιανὸς
2777 2535 3062 2600 στενωθεὶς
3083 2536 3172 2589 διά
3197 2536 3294 2605 τῆς
3312 2536 3750 2607 φιλοχρηματίας

2172 2636 2358 2703 αὑτοῦ,
2396 2636 2552 2708 ὕϐριν
2590 2631 2889 2707 ἡγούμενος
2933 2637 3083 2709 παρά
3127 2636 3444 2705 Ἐπιφανίου
3482 2635 3749 2706 βρώματα

2172 2738 2392 2808 αἰτῆσαι
2420 2737 2496 2808 τῷ
2535 2736 2669 2808 οἴκῳ
2701 2737 2887 2802 αὑτοῦ,
2919 2739 3078 2792 πλοῖα
3126 2737 3264 2808 ἔχων
3292 2738 3423 2800 ἴδια,
3449 2735 3749 2807 ἐξεμισθῶ-

2173 2856 2304 2893 σατο
2328 2840 2423 2892 καὶ
2462 2839 2626 2910 ἕτερα
2649 2837 2830 2899 πέντε,
2865 2838 2958 2891 καὶ
2987 2838 3164 2901 δὼσας
3207 2837 3456 2907 Λογγίνῳ
3487 2839 3748 2908 χρήματα

2170 2942 2248 3012 τῷ
2286 2941 2590 3010 πιστοτάτῳ
2610 2939 2793 3005 αὐτοῦ,
2829 2940 3135 2994 ἐπέστειλεν
3161 2942 3218 2994 ἐν
3269 2939 3574 3010 Καλαϐρίᾳ,
3600 2941 3749 3004 ὅπως

2171 3042 2379 3096 ἐκεῖθεν
2427 3042 2705 3112 ὠνήσηται
2756 3043 2901 3094 σῖτον
2936 3041 3072 3112 πρὸς
3101 3040 3398 3110 διατροφὴν
3445 3037 3536 3090 τοῦ
3596 3037 3747 3090 οἴκου

2176 3146 2360 3200 αὑτοῦ.
2402 3145 2847 3200 Ἐκπλευσάντων
2874 3141 2930 3196 δέ
2973 3145 3080 3197 τῶν
3127 3144 3344 3210 πλοίων,
3393 3145 3486 3197 καὶ
3533 3144 3749 3214 πληρω-

2177 3252 2378 3305 θέντων
2407 3252 2555 3304 σίτου
2579 3253 2674 3303 καὶ
2713 3251 2915 3322 ἐτέρων
2965 3249 3142 3310 εἱδῶν,
3182 3249 3272 3302 διά
3325 3247 3747 3320 τετραμηνιαίου

2170 3358 2357 3428 χρόνου
2387 3355 2810 3428 παραπλέουσιν,
2843 3355 3056 3426 ἔχοντες
3080 3355 3170 3408 τὸν
3205 3357 3367 3418 σῖτον,
3402 3354 3511 3408 ἀπὸ
3543 3360 3589 3425 ρ’
3615 3369 3748 3404 στα-

2168 3461 2296 3514 δίων
2338 3460 2434 3530 τῆς
2479 3460 2896 3522 Κωνσταντίας,
2950 3460 3209 3532 ἄντικρυς
3263 3458 3357 3512 τοῦ
3414 3457 3747 3526 καλουμένου

2168 3565 2574 3635 Διανευτηρίου.
2612 3565 2721 3617 Καὶ
2750 3564 2958 3632 γίνεται
2985 3563 3184 3634 λαῖλαψ
3237 3565 3410 3635 μέγας
3449 3566 3507 3616 ἐν
3555 3566 3618 3633 τῇ
3653 3562 3748 3615 θα-

2169 3669 2364 3740 λάσσῃ,
2401 3669 2493 3722 καὶ
2521 3669 2899 3722 ἐκινδύνευσαν
2938 3670 3224 3742 ἀμφότερα
3247 3670 3316 3723 τὰ
3337 3670 3493 3723 πλοῖα
3519 3671 3748 3722 Φαυστι-

2167 3760 2348 3813 νιανοῦ
2378 3761 2442 3812 τά
2469 3759 2558 3812 τὸν
2617 3763 2759 3813 σῖτον
2812 3762 3022 3831 ἔχοντα.
3056 3763 3164 3814 Kal.
3211 3761 3422 3814 ἅπαντα
3479 3761 3570 3814 τὸν
3603 3763 3746 3813 σῖτον

2167 3851 2513 3923 ἐξέϐρασενή
2551 3852 2792 3906 θάλασσα
2819 3854 2909 3906 ἐπὶ¹
2939 3854 3030 3906 τὸν
3061 3854 3323 3922 αἰγιαλόν.
3357 3853 3463 3905 Τοῦ
3505 3853 3560 3904 δέ
3606 3854 3746 3905 Φαυ-

2168 3944 2435 3998 στινιανοῦ
2465 3945 2797 4008 ἀκούσαντος
2835 3945 3028 4008 ταῦτα,
3083 3946 3286 4006 ευθέως
3339 3943 3602 4012 κατῆλθεν
3653 3945 3746 3996 ἐπὶ

2164 4036 2264 4106 τὴν
2295 4034 2590 4097 θάλασσαν,
2627 4035 2719 4088 καὶ
2751 4035 2869 4086 κατ’
2892 4034 3201 4105 ὀφθαλμοὺς
3231 4033 3395 4086 αὑτοῦ
3431 4033 3550 4085 ἰδὼν
3578 4034 3642 4086 τὰ
3670 4051 3746 4100 γι-

2165 4127 2388 4197 νόμενα,
2423 4127 2591 4195 τάφον
2619 4125 2960 4196 ἀνεῳγμένον
3015 4126 3154 4196 ἔχων
3187 4125 3248 4177 τὸ
3301 4125 3492 4178 ἐαυτοῦ
3544 4125 3740 4194 στόμα,

2165 4219 2368 4291 ἤρξατο
2396 4218 2597 4280 εὐθέως
2623 4218 2959 4288 βλασφημεῖν
2992 4217 3083 4269 τὸν
3127 4217 3389 4286 ’Ὕψιστον
3428 4217 3456 4267 ὁ
3488 4215 3743 4268 κακοδαί-

2168 4327 2304 4380 μων,
2367 4311 2462 4362 καὶ
2518 4310 2797 4379 ἐπιφέρειν
2848 4307 3100 4370 τοιαύτας
3161 4307 3345 4379 ὕϐρεις
3404 4305 3739 4375 Ἑπιφανίῳ·

2177 4402 2329 4463 Ἰδοὺ,
2362 4401 2544 4471 φησὶν,
2569 4402 2597 4452 ὁ
2633 4401 2806 4471 μάγος
2855 4393 3008 4462 οὗτος
3054 4401 3148 4453 καὶ
3191 4399 3447 4468 ἐπιθέτης
3475 4400 3536 4451 οὐ
3583 4399 3741 4468 μόνον

2165 4494 2257 4545 ἐπὶ
2290 4493 2389 4563 τῆς
2423 4493 2592 4562 ξηρᾶς
2625 4492 2727 4562 γῆς
2754 4492 2966 4562 ἐνεργεῖ
3008 4489 3083 4560 τῷ
3112 4489 3246 4559 οἴκῳ
3281 4507 3379 4560 μου
3430 4490 3510 4550 εἰς
3572 4486 3739 4549 κακὰ,

2163 4584 2296 4638 ἀλλὰ
2358 4584 2452 4636 καὶ
2506 4584 2596 4636 ἐπί
2630 4583 2727 4652 τῆς
2761 4581 3035 4649 θαλάσσης
3083 4580 3342 4650 δαίμονας
3375 4577 3739 4643 ἀποστέλλων,

2161 4675 2448 4731 διακωλύει
2480 4675 2736 4728 εἰσελθεῖν
2767 4675 2826 4726 τὸ
2855 4675 2947 4726 ἐπὶ
2984 4673 3228 4743 διακονίᾳ
3280 4671 3373 4724 τοῦ
3402 4671 3534 4741 ἐμοῦ
3568 4670 3739 4724 οἴκου.

2162 4767 2232 4822 ’Ὢ
2265 4773 2412 4831 ποῖος
2441 4769 2640 4838 ἄνεμος
2670 4767 2974 4836 ἐξέπεμψεν
3008 4765 3194 4818 τοῦτον
3228 4765 3318 4818 τὸν
3351 4765 3604 4834 ἐπιθέτην
3657 4765 3744 4815 ἐν-

2161 4863 2362 4928 ταῦθα;
2392 4862 2576 4914 Ταῦτα
2598 4859 2786 4922 εἰπὼν,
2823 4860 2916 4912 καὶ
2947 4859 3166 4912 πλείονα
3211 4857 3435 4920 τούτων,
3471 4855 3740 4928 ἐπορεύθη

2163 4957 2220 5007 ἐν
2252 4954 2329 5024 τῷ
2361 4955 2492 5023 οἴκῳ
2517 4951 2678 5004 αὐτοῦ
2705 4951 3092 5020 ἀπειλούμενος
3120 4949 3442 5019 Ίέπιξρανίῳ.
3466 4950 3740 5011 ’Ἅπαντες

2161 5048 2218 5100 δέ
2258 5050 2306 5100 οἱ
2340 5049 2397 5098 ἐν
2428 5049 2492 5116 τῇ
2527 5046 2679 5097 πόλει
2713 5043 3064 5113 συναχθέντες
3095 5043 3305 5112 ἄνδρες,
3348 5043 3442 5095 καὶ
3463 5044 3738 5108 γυναῖκες,

2165 5139 2301 5210 μετά
2332 5139 2424 5191 καὶ
2449 5138 2554 5190 τῶν
2580 5135 2787 5188 ἑαυτῶν
2813 5136 3016 5188 τέκνων
3063 5133 3395 5200 ἐπεσύναγον
3446 5131 3536 5183 τὸν
3568 5133 3737 5192 σῖτον,

2162 5232 2254 5285 καὶ
2276 5228 2608 5299 ἀπεκόμιζον
2637 5230 2717 5291 εἰς
2748 5228 2874 5290 τοὺς
2905 5227 3084 5290 οἴκους
3134 5225 3339 5279 ἑαυτῶν
3368 5269 3382 5289 ,
3418 5224 3740 5291 συνάγοντες

2159 5322 2219 5374 τὸ
2251 5320 2459 5374 ἑαυτῶν
2491 5319 2771 5389 ἀνάλωμα,
2799 5317 2858 5381 ὃς
2885 5317 2982 5388 μέν
3003 5316 3270 5381 ἐνιαυτοῦ,
3292 5317 3349 5378 ὃς
3377 5316 3431 5368 δέ
3460 5314 3552 5367 δύο
3579 5313 3736 5368 ἐτῶν.

2161 5409 2318 5484 Εἶχεν
2347 5413 2403 5464 δέ
2432 5409 2812 5472 Φαυστινιανὸς
2845 5411 2873 5461 ὁ
2899 5409 3242 5478 κακοδαίμων
3272 5409 3504 5476 γυναῖκα
3527 5404 3737 5476 χρηστά

2161 5507 2297 5580 ἔργα
2327 5503 2700 5561 ἐπιτελοῦσαν.
2734 5503 2880 5573 Αὕτη
2905 5497 2996 5555 οὖν
3022 5501 3196 5570 λάθρα
3217 5500 3310 5554 τοῦ
3348 5500 3540 5570 ἀνδρὸς
3567 5497 3739 5566 αὐτῆς

2159 5598 2478 5655 ἀπέστειλεν
2534 5596 2768 5666 δισχίλια
2825 5595 3134 5666 νομίσματα
3171 5593 3520 5661 ·Ἐπιφανίι;),
3587 5591 3739 5652 ὅπως

2162 5690 2384 5762 παρέξει
2417 5688 2623 5760 τροφὰς
2646 5687 2723 5758 τῷ
2749 5689 2889 5757 ,οἴκῳ
2920 5687 3108 5757 αὐτῆς.
3139 5681 3308 5738 Εἶπεν
3337 5685 3393 5738 δὲ
3419 5683 3737 5751 Ἐπιφάνιος

2162 5784 2294 5850 πρὸς
2335 5783 2429 5845 τὴν
2453 5784 2681 5843 γυναῖκα
2701 5797 2713 5808 ·
2752 5780 2958 5847 Κράτει
2990 5779 3055 5832 τά
3082 5777 3391 5849 νομίσματα
3449 5778 3507 5828 ἐν
3549 5773 3627 5862 τῇ)
3659 5772 3736 5844 σῷ
