4088 6362
333 353 412 408 93
1645 371 1700 426 S.
1742 371 1932 426 EPIPII

2037 373 2080 427 ll
2124 371 2304 428 V’lTA.
3529 373 3596 455 ut

340 476 499 548 οἴκῳ,
537 479 629 531 καὶ
665 479 794 532 λάϐε
823 481 1063 545 δαπάνας
1093 485 1150 534 ἐν
1175 482 1250 552 τῷ
1274 485 1407 555 οἴκῳ
1435 483 1512 555 σῷ
1533 503 1546 516 ο
1576 486 1668 538 καὶ
1697 486 1824 539 ὅταν
1848 487 1915 540 τά

2027 503 2148 556 quae
2187 486 2482 556 acceperis.
2513 485 2603 540 Sic
2631 495 2809 540 autem
2869 486 2995 540 fecit
3059 500 3201 541 uxor
3233 485 3593 540 Faustiniani.

342 570 576 639 ἐκφόρια
606 569 880 641 πληρώσει
905 574 937 642 ή
973 572 1064 642 γῆ,
1093 571 1210 625 τότε
1237 575 1379 645 ἅπερ
1405 573 1613 638 ἔλαϐες,
1641 576 1917 647 παρέξεις.
1954 578 2064 630 Καὶ
2096 579 2350 649 ἐποίησεν
2379 579 2444 647 τῇ
2477 576 2694 644 γυναικὶ
2719 574 2890 638 οὕτως
2922 577 3018 644 (a).

417 663 545 716 ΝΗ.
572 659 679 714 Ἦν
705 664 761 716 δέ
789 681 872 726 τις
903 663 1148 727 διάκονος
1172 668 1228 718 ἐν
1256 665 1334 736 τῷ
1367 669 1720 738 ἐπισκοπείῳ,
1753 667 1916 720 Σαϐῖ-

2091 669 2200 722 LV.
2233 670 2361 722 Erat
2401 670 2452 721 in
2483 669 2791 737 episcopatu
2821 667 3040 735 quidam
3082 667 3362 731 diaconus,
3417 669 3597 720 nomi-

344 769 435 815 νος
478 754 740 822 ὀνόματι,
783 754 919 824 ἔχων
983 756 1319 828 ἐπιτήδευμα
1371 758 1462 811 τοῦ
1531 759 1921 830 καλλιγράφου.

345 837 518 904 Οὗτος
548 844 721 912 πρᾶος
748 844 1011 914 ὑπῆρχεν,
1050 846 1140 897 καὶ
1174 844 1319 916 ὀρθῷ
1356 846 1454 916 βίῳ
1492 847 1922 916 κεκοσμημένος.

345 929 419 984 ἿΙ
429 952 527 1002 μεν
564 935 619 987 δέ
640 936 687 988 οἱ
713 936 911 999 πάντες
946 937 1168 1006 μοναχοὶ
1194 939 1250 989 ἐν
1273 938 1350 1007 τῷ
1375 939 1706 1008 ἐπισκοπείῳ
1739 939 1928 1009 ὁγδοή-

349 1040 546 1076 κονταο
582 1019 736 1087 οὗτος
783 1029 812 1079 ό
844 1027 1065 1091 Σαϐῖνος
1095 1028 1383 1098 διέπρεπεν
1442 1029 1498 1080 ἐν
1555 1030 1716 1081 πᾶσιν
1773 1029 1923 1097 ἡμῖν.

347 1112 550 1168 Τοῦτον
582 1117 894 1185 Ἐπιφάνιος
916 1118 1246 1192 κατέστησεν
1270 1121 1503 1174 ἐκδικεῖν
1533 1119 1600 1172 τὰ
1630 1119 1926 1191 πράγματα

348 1209 448 1278 τῆς
483 1208 827 1280 Ἐκκλησίας.
882 1211 1018 1264 Ποτὲ
1065 1207 1156 1264 οὖν
1211 1211 1302 1264 δύο
1330 1211 1538 1282 ἀνδρῶν
1592 1211 1927 1282 κρινομένων

347 1297 502 1368 παρὰ
537 1299 781 1363 Σαϐίνου,
810 1300 926 1363 ἐνὸς
954 1299 1228 1362 πλουσίου,
1264 1301 1356 1354 καὶ
1402 1301 1519 1364 ἐνὸς
1558 1301 1808 1370 πένητος,
1858 1295 1926 1369 ἦν

345 1391 378 1440 ὁ
401 1389 652 1454 πλούσιος
688 1390 886 1460 μᾶλλον
924 1391 1061 1461 ἔχων
1082 1392 1150 1445 τὰ
1181 1393 1366 1446 δίκαια
1393 1393 1532 1464 ὑπὲρ
1565 1393 1656 1444 τὸν
1697 1391 1924 1462 πένητα.

347 1481 459 1534 Τοῦ
487 1477 580 1535 οὖν
609 1481 924 1551 Ἐπιφανίου
955 1481 1187 1546 ἑστῶτος
1219 1485 1276 1536 ἐν
1307 1485 1456 1554 τόπῳ
1479 1483 1800 1554 ἀποκρύφῳ,
1835 1483 1928 1536 καὶ

346 1573 712 1638 ἑπακούοντος
743 1574 845 1643 τῆς
875 1574 1050 1645 δίκης,
1098 1575 1328 1645 ἤκουσεν
1377 1575 1603 1627 Σαϐίνου
1655 1574 1928 1637 ἐλεοῦντος

352 1666 574 1736 μᾶλλον,
611 1667 703 1718 καὶ
736 1666 994 1736 ρέποντος
1027 1668 1120 1719 ἐπὶ
1139 1667 1229 1719 τὸν
1254 1667 1462 1738 πένητα
1501 1669 1558 1718 ἐν
1603 1669 1672 1736 τῇ
1729 1665 1923 1736 κρίσει.

360 1755 420 1808 Ὀ
446 1754 578 1823 γοῦν
606 1754 920 1823 Ἐπιφάνιος
942 1754 1112 1809 ἐλθὼν
1136 1756 1193 1808 ἐν
1223 1752 1301 1826 τῷ
1337 1757 1507 1827 μέσῳ,
1538 1752 1688 1808 εἶπεν
1717 1755 1927 1825 Σαϐίνῳ

346 1842 574 1918 εὐμενεῖ
603 1849 681 1919 τῷ
717 1848 1026 1920 προσώπῳο
1068 1847 1325 1912 Ἀπελθε,
1376 1845 1564 1901 τέκνον
1589 1889 1602 1909 ,
1635 1847 1927 1918 καλλιγρά-

347 1959 462 2010 φει,
495 1942 588 1994 καὶ
619 1941 840 2011 μνήμην
869 1938 1006 2011 ἔχων
1033 1939 1139 1994 τῶν
1172 1939 1330 1993 θείων
1361 1941 1612 2011 Γραφῶν,
1651 1939 1803 2009 γίνου
1835 1939 1924 1992 τέ’-

2034 776 2102 813 ne
2130 759 2387 821 Sabinus,
2415 759 2572 828 cujus
2597 759 2834 816 studium
2863 766 2979 809 erat
3005 757 3228 826 pulchre
3255 759 3512 832 scri'bere.
3551 758 3599 811 Is

2033 861 2148 906 erat
2183 852 2519 913 moderatus,
2577 859 2628 902 et
2682 857 2827 902 recta
2863 849 2970 901 vita
3031 849 3309 916 przeditus.
3366 847 3598 902 Eramus

2033 952 2213 997 autem
2247 943 2297 995 in
2334 942 2645 1010 episcopatu
2674 955 2863 992 onmes
2919 939 3170 992 monachi
3221 939 3512 1007 octoginta.
3550 940 3598 992 ls

2035 1044 2164 1081 vero
2197 1028 2433 1080 Sabinus
2465 1028 2762 1080 excellebat
2799 1028 2938 1080 inter
2969 1042 3178 1080 omnes.
3211 1025 3347 1080 Eum
3396 1029 3599 1082 consti-

2034 1119 2138 1171 tuit
2161 1118 2496 1187 Epiphanius
2525 1119 2758 1187 primum
2789 1119 3056 1182 ecdicum,
3088 1118 3188 1171 hoc
3211 1127 3311 1183 est,
3344 1118 3595 1173 defenso-

2036 1225 2148 1262 rem
2188 1208 2465 1263 Ecclesiae.
2499 1209 2635 1262 Cum
2672 1223 2799 1262 vero
2855 1208 3147 1276 aliquando
3201 1209 3309 1262 duo
3351 1209 3598 1261 homines

2034 1300 2176 1369 apud
2209 1300 2468 1355 Sabinum
2494 1299 2702 1368 judicio
2732 1299 3140 1364 contenderent,
3173 1315 3314 1353 unus
3341 1300 3510 1363 dives,
3545 1308 3598 1352 et

2035 1402 2178 1440 unus
2208 1403 2432 1456 pauper.
2470 1387 2659 1440 melior
2698 1397 2814 1440 erat
2849 1389 3032 1442 divitis
3058 1402 3242 1452 causa,
3271 1403 3432 1455 quam
3462 1404 3598 1457 pau-

2033 1480 2202 1549 peris.
2229 1479 2366 1533 Cum
2403 1481 2566 1549 igitur
2594 1479 2928 1549 Epiphanius
2956 1481 3169 1534 occulto
3201 1481 3257 1534 in
3292 1481 3410 1534 loco
3449 1489 3600 1535 stans

2029 1571 2293 1640 judicium
2343 1572 2590 1638 audiret,
2645 1573 2815 1626 sensit
2869 1570 3130 1625 Sabinum
3197 1571 3250 1624 in
3305 1586 3595 1640 pauperem

2033 1663 2208 1732 magis
2249 1665 2602 1732 propendere,
2647 1665 2873 1733 ejusque
2907 1665 3174 1718 misereri.
3224 1663 3359 1717 Cum
3419 1664 3600 1731 itaque

2034 1756 2086 1808 in
2145 1757 2382 1810 medium
2453 1759 2687 1811 venisset
2740 1756 3095 1825 Epiphanius,
3147 1757 3344 1810 Sabino
3388 1756 3600 1824 placido

2035 1851 2182 1905 vultu
2222 1850 2357 1904 dixit
2387 1867 2400 1902 :
2436 1849 2602 1915 Vade,
2635 1851 2730 1912 ﬁli,
2759 1862 2812 1905 et
2833 1851 3008 1906 scribe
3040 1861 3219 1917 recte;
3243 1861 3296 1906 et
3327 1856 3600 1902 memento

2033 1943 2322 1997 verborum
2367 1943 2700 2006 divinorum,
2755 1953 2807 1997 et
2871 1945 2947 1999 sis
2981 1944 3251 2014 perfectus
3287 1948 3338 2001 in
3370 1949 3600 2022 judicio,

349 2029 493 2096 λειος
519 2033 646 2101 περὶ
686 2031 783 2102 τὴν
805 2031 960 2104 δίκην
981 2053 994 2065 ·
1019 2033 1112 2084 καὶ
1144 2034 1235 2086 ἔσο
1259 2032 1471 2086 ἀκούων
1502 2033 1594 2084 τοῦ
1638 2033 1925 2102 εὐεργέτου

2035 2046 2084 2090 et
2121 2035 2310 2089 audias
2341 2035 2738 2090 benefactorem
2775 2037 3104 2105 loquentem,
3134 2049 3187 2093 et
3225 2041 3550 2098 dicentem"
3583 2063 3595 2098 :

347 2127 819 2196 προσφωνοῦντος,
851 2130 942 2181 καὶ
963 2129 1211 2196 λέγοντος
1231 2146 1245 2158 ·
1275 2127 1372 2196 Μὴ
1392 2128 1666 2193 ἐλεήσεις
1691 2126 1928 2193 πτωχὸν

347 2217 417 2268 ἐν
443 2219 660 2286 κρίσει,
691 2219 1085 2288 καὶμὴλὰϐῃς
1101 2223 1426 2289 πρόσωπον
1443 2219 1768 2273 δυνάστου.
1798 2217 1928 2270 Ἀπὸ

346 2313 470 2364 τότε
502 2309 595 2364 οῦν
621 2313 937 2381 Ἐπιφάνιος
972 2315 1102 2365 πᾶσι
1130 2312 1240 2375 τοῖς
1271 2309 1724 2382 προσερχομένοις
1746 2309 1925 2362 ἐδίκα-

348 2405 464 2469 ζεν.
514 2405 648 2458 Ἀπὸ
677 2405 785 2476 γὰρ
820 2407 1034 2477 πρωῖας
1083 2406 1188 2468 ’έως
1241 2404 1390 2476 ὥρας
1423 2407 1615 2474 ἐνάτης
1662 2404 1927 2472 ἐπήκουεν

345 2496 456 2549 τῶν
482 2497 838 2568 κρινομένων,
867 2499 960 2549 καὶ
989 2496 1096 2550 ἀπὸ
1124 2496 1316 2568 ἐνάτης
1349 2497 1451 2560 ἕως
1475 2495 1616 2567 πρωῒ
1640 2495 1739 2547 οὐκ
1767 2493 1928 2545 ἐθεω-

350 2591 500 2659 ρεῖτό
524 2607 631 2642 τινι
661 2590 769 2642 τῶν
799 2589 1126 2660 ἀνθρώπων.

419 2680 565 2746 NCT.
595 2677 700 2732 Ἦν
735 2680 792 2733 δέ
845 2698 927 2744 τις
959 2679 1065 2732 τῶν
1101 2677 1342 2748 ἀδελφῶν
1375 2681 1430 2732 ἐν
1459 2677 1536 2748 τῷ
1570 2675 1920 2744 ἐπισκοπείῳ,

349 2773 542 2843 ἰταμὸς
579 2772 656 2843 τῷ
682 2771 976 2844 προσώπῳ,
1002 2771 1202 2841 τέχνην
1228 2771 1365 2840 ἔχων
1387 2770 1480 2821 καὶ
1507 2769 1668 2830 αὐτὸς
1704 2767 1802 2838 τὴν
1832 2764 1926 2818 τοῦ

350 2865 720 2937 καλλιγράφου
743 2881 760 2898 ο
798 2866 890 2918 καὶ
910 2865 1077 2933 ὄνομα
1109 2863 1256 2931 αὐτῷ
1288 2862 1581 2928 Ῥουφῖνός.
1609 2854 1773 2919 Οὗτος
1802 2873 1926 2907 συν-

349 2959 595 3027 απήγετο
655 2954 1045 3024 Φαυστινιανῷ.
1080 2954 1172 3007 καὶ
1205 2951 1323 3005 καθ’
1355 2951 1568 3022 ἡμέραν
1595 2949 1778 3020 ὕϐρεις
1801 2947 1928 2999 πολ-

347 3049 448 3112 λάς
477 3049 741 3118 ἐπέφερεν
764 3046 1088 3116 Ἐπιφανίῳ.
1138 3042 1195 3096 Ὃ
1225 3043 1282 3095 δὲ
1307 3041 1624 3110 Ἐπιφάνιος
1649 3042 1785 3111 μετὰ
1803 3042 1931 3095 πολ-

348 3139 449 3208 λῆς
505 3140 808 3212 πραότητος
855 3136 1203 3192 κατέστελλεν
1231 3135 1292 3186 τὸ
1322 3135 1518 3205 θράσος
1567 3133 1753 3186 αὐτοῦ.
1821 3135 1930 3186 Καὶ

349 3235 474 3288 καθ’
497 3233 751 3286 ὑπόθεσιν
771 3233 826 3284 δέ
853 3227 1238 3284 Φαυστινιανοῦ
1273 3228 1366 3280 καὶ
1393 3227 1671 3296 ἐνέργειαν
1697 3226 1790 3278 τοῦ
1816 3225 1931 3278 δαί-

354 3344 514 3397 μονος
546 3325 638 3378 τοῦ
669 3325 851 3386 αὐτοῖς
893 3320 1262 3392 ἐνεργοῦντος,
1316 3317 1575 3390 ἐζήτησεν
1608 3311 1760 3379 οὗτος
1792 3319 1928 3370 ἀπο-

352 3420 562 3471 κτεῖναι
597 3414 687 3467 τὸν
711 3413 1048 3482 Ἐπιφάνιον,
1075 3409 1398 3480 συνθέμενος
1435 3407 1824 3469 Φαυστινιανὸς
1857 3406 1933 3476 τῷ

358 3509 604 3582 μοναχῷ,
632 3508 806 3576 λέγων
832 3507 967 3575 πρὸς
999 3506 1158 3559 αὑτὸν
1191 3507 1218 3558 ὁ
1249 3502 1616 3572 κακοδαίμων,
1646 3501 1728 3553 ὅτι
1755 3518 1766 3530 ·
1809 3501 1933 3553 Ἐάν

352 3599 703 3672 ἀποκτείνῃς,
739 3597 896 3669 φησὶ,
931 3595 1116 3649 τοῦτον
1148 3595 1238 3647 τὸν
1269 3593 1544 3664 ἐπιθέτην,
1575 3593 1636 3644 σὺ
1662 3592 1767 3664 ἔσῃ
1803 3591 1936 3645 καθ-

351 3693 557 3762 ήμενος
597 3690 690 3742 ἐπὶ
737 3687 832 3739 τοῦ
878 3686 1089 3756 θρόνου.
1134 3678 1299 3746 Οὗτος
1351 3682 1408 3734 δέ
1456 3684 1484 3734 ὁ
1543 3681 1820 3748 Ῥουφῖνος
1867 3675 1934 3750 ἦν

352 3782 580 3849 ἔσχατος
606 3777 852 3839 διάκονος
875 3775 972 3845 τῆς
1002 3772 1332 3842 Ἐκκλησίας
1354 3790 1367 3802 ·
1395 3771 1516 3825 ὅθεν
1557 3770 1718 3833 αὐτὸς
1747 3769 1936 3822 εἴωθεν

353 3872 678 3940 ἐπικοσμεῖν
703 3868 795 3922 τὸν
821 3867 1007 3938 θρόνον
1056 3864 1150 3918 τοῦ
1189 3865 1513 3916 ἐπισκόπου.
1543 3861 1738 3916 Λαϐὼν
1789 3859 1880 3914 οὖν
1908 3863 1936 3914 ὁ

353 3963 562 4033 θρασὺς
593 3962 688 4015 καὶ
712 3959 925 4024 ἀλαζὼν
978 3959 1252 4028 μάχαιραν
1281 3956 1459 4020 ὀξεῖαν
1507 3953 1701 4024 ἔθηκεν
1747 3952 1936 4022 ὀρθίαν

355 4056 450 4109 ἐπὶ
505 4055 566 4106 τὸ
619 4053 862 4122 κάθισμα
912 4051 1006 4103 τοῦ
1039 4049 1250 4120 θρόνου,
1299 4047 1393 4100 καὶ
1422 4045 1606 4098 ἐπάνω
1651 4044 1852 4114 ταύτης
1877 4043 1938 4096 τὺ

357 4145 672 4214 ἐφάπλωμα
699 4143 792 4196 τοῦ
833 4142 1044 4211 θρόνου.
1079 4138 1260 4191 Τοῦδέ
1285 4136 1604 4205 Ἐπιφανίου
1656 4135 1938 4206 μέλλοντος

356 4236 631 4307 καθῆσθαι
665 4237 758 4287 ἐπὶ
778 4234 873 4287 τοῦ
905 4233 1118 4304 θρόνου,
1147 4227 1299 4283 εἶπεν
1327 4228 1464 4299 πρὸς
1499 4227 1588 4280 τὸν
1622 4227 1682 4278 τὸ
1726 4225 1938 4296 ἕνεδρον

355 4331 690 4399 ποιήσανταο
720 4323 912 4398 Ἃρον,
948 4326 1102 4396 φησὶ,
1130 4324 1341 4399 τέκνον,
1373 4321 1435 4374 τὸ
1483 4321 1779 4390 σκέπασμα
1831 4318 1939 4372 ἀπὸ

356 4422 454 4476 τοῦ
481 4421 692 4493 θρόνου.
719 4419 825 4471 Τοῦ
855 4419 911 4471 δέ
930 4419 1064 4488 πρὸς
1079 4415 1170 4467 τὸν
1193 4414 1350 4481 λόγον
1367 4411 1684 4479 Ἐπιφανίου
1713 4410 1786 4480 μὴ
1843 4412 1940 4462 ἐπ-

356 4511 800 4573 ακολουθοῦντος,
819 4505 1322 4574 λαϐὼνἘπιφάνιος
1350 4503 1410 4555 τὸ
1441 4502 1702 4572 κάλυμμα
1725 4500 1785 4553 τὸ
1820 4502 1940 4552 ἐπι-

357 4599 636 4653 καλύπτον
659 4599 756 4666 τὴν
799 4597 1090 4667 μάχαιραν,
1135 4594 1329 4647 ἔπεσεν
1358 4594 1391 4664 ἡ
1427 4592 1670 4662 μάχαιρα
1702 4592 1782 4654 είς
1813 4592 1939 4654 τοὺς

357 4692 527 4753 πόδας
560 4691 838 4760 Ῥουφίνου
867 4687 960 4743 τοῦ
992 4688 1117 4760 [μὴ]
1142 4686 1386 4739 διακόνου
1408 4725 1422 4746 ,
1464 4684 1557 4738 καὶ
1591 4684 1830 4754 ἐνεπάγη
1859 4686 1937 4747 είς
1967 4715 2012 4770 D

362 4784 452 4836 τὸν
510 4783 681 4846 δεξιὸν
739 4781 902 4836 αὑτοῦ
933 4781 1086 4833 πόδα.
1144 4774 1309 4831 Εἶπεν
1337 4778 1393 4830 δὲ
1437 4767 1752 4844 Ἐπιφάνιος
1798 4775 1935 4845 πρὸς

370 4876 652 4942 Ῥουφῖνον
677 4890 694 4905 ο
744 4873 980 4935 Παῦσαι,
1012 4871 1165 4940 φησὶ,
1193 4869 1294 4938 τῆς
1320 4867 1544 4931 ἀταξίας
1579 4884 1693 4926 σου.
1727 4867 1932 4928 τέκνον,

361 4968 577 5035 μήποτε
607 4965 700 5018 καὶ
730 4962 1100 5033 κινδυνεύσῃς,
1137 4961 1195 5013 οὐ
1257 4959 1394 5030 μετὰ
1439 4959 1652 5030 χρόνον.
1712 4957 1933 5022 Ἔξελθε

357 5055 542 5108 τοίνυν
570 5055 678 5108 ἀπὸ
705 5054 803 5122 τῆς
832 5051 1159 5123 ἐκκλησίαςο
1184 5052 1240 5104 οὐ
1273 5051 1379 5122 γάρ
1412 5044 1463 5102 εῐ
1503 5049 1651 5113 ἄξιος
1701 5049 1935 5120 μεταλα-

361 5147 481 5199 ϐεῖν
535 5147 641 5198 τῶν
687 5145 843 5198 θείων
877 5144 1212 5215 μυστηρίων.
1254 5141 1514 5206 Ἑξελθὼν
1560 5140 1617 5194 δὲ
1660 5142 1936 5209 Ῥουφῖνος

361 5237 474 5290 ἀπὸ
501 5238 600 5306 τῆς
625 5237 940 5307 ἐκκλησίας,
975 5234 1215 5304 ἀπῆλθεν
1251 5235 1308 5287 ἐν
1349 5232 1428 5303 τῷ
1454 5233 1808 5306 ἐπισκοπείῳ,
1842 5237 1936 5288 καὶ

2037 2125 2166 2181 Noti
2210 2128 2445 2180 misereri
2494 2127 2742 2195 pauperis
2782 2128 2836 2180 in
2867 2130 3102 2198 judicio,
3137 2139 3186 2185 et
3235 2151 3300 2186 ne
3353 2138 3599 2205 respicias

2033 2233 2312 2286 personam
2367 2218 2610 2284 palemis.
2645 2219 2727 2270 Ab
2757 2233 2820 2272 eo
2853 2219 3034 2288 itaque
3078 2232 3320 2291 tempore
3347 2229 3600 2282 omnibus

2033 2309 2126 2377 qui
2179 2308 2464 2361 veniebant
2513 2309 2777 2377 judicium
2836 2312 3093 2366 reddebat
3148 2313 3499 2384 Epiphanius.
3550 2320 3594 2372 Α

2034 2400 2302 2453 matutina
2361 2401 2503 2453 enim
2545 2415 2715 2470 usque
2761 2401 2825 2454 ad
2871 2404 3056 2457 horam
3097 2421 3294 2460 nonam
3349 2409 3602 2466 audiebat

2033 2506 2150 2552 eos,
2181 2492 2273 2560 qui
2309 2492 2703 2560 disceptabant.
2739 2494 2821 2548 Ab
2850 2495 2980 2549 hora
3012 2513 3141 2552 vero
3168 2514 3307 2553 nona
3342 2517 3510 2570 usque
3533 2503 3600 2557 ad

2033 2591 2246 2652 tempus
2279 2585 2602 2638 matutinum
2630 2601 2658 2639 a
2699 2587 2847 2640 nullo
2887 2589 3170 2643 videbatur
3203 2593 3461 2661 amplius.

2104 2672 2239 2725 LVI.
2273 2672 2402 2726 Erat
2427 2683 2607 2727 autem
2647 2690 2712 2728 ex
2754 2673 3035 2741 fratribus,
3069 2677 3161 2746 qui
3211 2689 3367 2734 erant
3401 2680 3454 2734 in
3489 2681 3604 2751 epi-

2035 2773 2286 2834 scopatu,
2335 2767 2554 2835 quidam
2589 2765 2822 2822 Ruﬁnus
2850 2769 3088 2833 nomine,
3139 2771 3298 2840 cujus
3349 2787 3437 2827 ars
3485 2783 3602 2828 erat

2034 2866 2179 2910 recte
2206 2858 2468 2920 scribere,
2508 2859 2658 2911 vultu
2696 2859 2998 2928 impudens.
3033 2858 3149 2914 Una
3178 2877 3300 2915 cum
3324 2877 3389 2915 eo
3418 2861 3601 2916 insur-

2034 2948 2192 3018 gebat
2224 2947 2634 3014 Faustinianus,
2668 2959 2720 3004 et
2752 2952 2995 3020 quotidie
3043 2951 3227 3006 multis
3257 2956 3602 3009 contumeliis

2035 3037 2304 3092 afﬁciebat
2342 3037 2726 3108 Epiphanium.
2764 3039 3096 3109 Epiphanius
3128 3057 3256 3096 vero
3293 3059 3417 3098 cum
3450 3061 3602 3100 suni-

2036 3145 2123 3182 ma
2155 3130 2572 3190 mansuetudine
2599 3129 2720 3199 ejus
2754 3133 3081 3202 reprimebat
3121 3135 3426 3191 audaciam.
3462 3136 3602 3206 Sug-

2034 3221 2276 3288 gestione
2315 3230 2494 3276 autem
2544 3222 2903 3290 Faustiniani,
2955 3233 3010 3278 et
3056 3225 3318 3281 daemonis
3378 3228 3472 3297 qui
3521 3229 3602 3284 eis

2037 3327 2192 3382 opem
2227 3313 2453 3377 ferebat,
2488 3315 2534 3370 is
2570 3317 2822 3385 quaesivit
2864 3318 3165 3373 interﬁcere
3217 3318 3600 3389 Epiphanium,

2035 3421 2159 3461 cum
2217 3405 2607 3463 Faustinianus
2637 3409 2750 3463 haec
2778 3410 2942 3462 verba
2974 3409 3296 3464 contulisset
3325 3426 3448 3464 cum
3483 3426 3601 3464 m0-

2035 3499 2232 3561 nacho,
2266 3507 2321 3553 et
2365 3499 2415 3553 ei
2449 3499 2652 3553 diceret
2685 3499 3029 3553 eacodaemon
3059 3519 3071 3554 :
3107 3499 3163 3554 Si
3200 3501 3418 3555 occidas
3454 3516 3597 3570 prae-

2034 3591 2257 3655 donem,
2297 3591 2510 3646 sedebis
2568 3607 2730 3659 supra
2781 3592 3059 3646 thronum.
3124 3590 3223 3646 Hic
3257 3601 3435 3646 autem
3491 3602 3599 3646 tam

2037 3682 2238 3746 audax,
2269 3690 2322 3736 et
2355 3689 2464 3735 tam
2501 3682 2766 3746 insolens,
2816 3693 2934 3735 erat
2981 3693 3288 3751 postremus
3339 3670 3603 3736 diaconus

2038 3772 2293 3828 Ecclesia:
2321 3791 2334 3828 :
2379 3772 2444 3826 ad
2476 3788 2637 3842 quem
2683 3773 2986 3842 pertinebat
3021 3787 3219 3827 ornare
3258 3773 3512 3827 thronum
3547 3788 3604 3827 e-

2037 3865 2267 3935 piscopi.
2296 3865 2432 3918 Cum
2464 3879 2594 3919 vero
2623 3865 2856 3933 gladium
2898 3874 3115 3919 acutum
3146 3866 3445 3934 accepisset
3485 3880 3604 3919 sce-

2037 3958 2263 4021 levatus,
2291 3957 2473 4026 posuit
2496 3972 2619 4011 eum
2653 3965 2857 4012 tectum
2886 3957 2940 4010 in
2985 3972 3049 4011 eo
3079 3957 3219 4021 loco,
3253 3957 3344 4011 ubi
3388 3957 3605 4011 sedetur

2038 4063 2201 4116 supra
2233 4049 2510 4110 thronum,
2529 4057 2582 4102 et
2610 4063 2774 4116 supra
2802 4063 2925 4101 eum
2945 4056 3120 4102 vestes
3145 4048 3432 4117 stragulas.
3463 4047 3601 4102 Cum

2038 4139 2202 4207 igitur
2237 4138 2573 4207 Epiphanius
2614 4139 2680 4191 ad
2723 4138 2904 4192 sedem
2956 4138 3289 4201 ascenderet,
3341 4138 3479 4192 dixit
3527 4141 3599 4205 ei,

2037 4230 2131 4299 qui
2169 4227 2374 4283 fecerat
2428 4228 2906 4294 insidiaszTolle,
2966 4227 3060 4288 ﬁli,
3117 4228 3262 4284 sedis
3319 4239 3601 4298 tegumen-

2037 4330 2172 4374 tum.
2206 4318 2341 4372 Cum
2373 4321 2420 4374 is
2450 4330 2629 4373 autem
2659 4335 2766 4374 non
2818 4330 3030 4389 pareret
3075 4321 3255 4374 verbis
3293 4318 3602 4388 Epiphanii,

2039 4413 2247 4481 accepit
2273 4411 2616 4482 Epiphanius
2647 4422 3036 4482 tegumentum,
3075 4411 3218 4480 quod
3255 4412 3461 4481 tegebat
3495 4412 3606 4480 gla-

2038 4503 2210 4558 dium.
2247 4503 2471 4558 Gladius
2499 4518 2627 4558 vero
2663 4504 2861 4558 cecidit
2893 4505 2945 4556 in
2977 4503 3138 4572 pedes
3176 4502 3354 4556 Ruﬁni
3408 4504 3608 4571 (caco-

2037 4597 2297 4651 daamonis
2357 4596 2563 4665 potius,
2623 4596 2826 4666 quam)
2885 4595 3124 4658 diaconi,
3180 4603 3234 4648 ct
3284 4597 3483 4649 inﬁxus
3526 4605 3608 4649 est

2039 4689 2159 4758 ejus
2206 4689 2328 4758 pedi
2383 4689 2626 4742 dextero.
2684 4687 2934 4758 Dixitque
2982 4687 3315 4757 Epiphanius
3368 4687 3603 4740 Ruﬁno:

2040 4783 2205 4838 Cessa
2241 4783 2518 4852 deinceps,
2553 4797 2586 4836 0
2614 4782 2710 4847 ﬁli,
2748 4782 2817 4836 ab
2858 4782 3168 4846 insolentia,
3201 4797 3269 4834 ne
3316 4782 3500 4834 venias
3553 4780 3606 4832 in

2039 4875 2368 4944 periculum,
2402 4891 2508 4928 non
2539 4887 2664 4944 post
2691 4875 2910 4944 longum
2952 4884 3182 4942 tempus.
3218 4873 3313 4926 Exi
3355 4873 3514 4941 igitur
3540 4875 3608 4924 ab

2039 4965 2267 5020 ecclesia
2302 4982 2316 5032 ;
2359 4981 2536 5036 neque
2581 4967 2726 5019 enim
2762 4967 2960 5034 dignus
3006 4981 3065 5019 es
3105 4965 3488 5018 communione
3517 4979 3606 5015 sa-

2043 5072 2261 5113 crorum
2290 5060 2696 5128 mysteriorum.
2735 5057 2965 5111 Ruﬁnus
3011 5065 3189 5110 autem
3239 5071 3490 5124 egressus
3516 5071 3607 5106 ec-

2043 5150 2230 5213 clesia,
2266 5151 2321 5204 in
2349 5151 2686 5221 episcopium
2740 5151 2897 5213 abiit,
2931 5157 2986 5203 et
3013 5149 3066 5202 in
3094 5149 3232 5202 lecto
3273 5163 3331 5202 sc
3379 5162 3605 5214 compo-

2044 5257 2199 5304 nens,
2227 5251 2350 5312 post
2375 5242 2611 5296 triduum
2641 5253 2888 5296 mortuus
2915 5249 3017 5296 est.

362 5331 480 5395 θεὶς
503 5331 693 5384 ἑαυτὸν
727 5331 819 5382 ἐπὶ
846 5330 944 5398 τῆς
977 5327 1184 5398 κλίνης,
1221 5326 1357 5398 μετὰ
1377 5330 1524 5398 τρεῖς
1555 5329 1768 5400 ἡμέρας
1809 5333 2101 5389 κατέλυσεν
2137 5336 2226 5389 τὸν
2254 5337 2385 5408 βίον.

440 5426 561 5478 ΝΖ’.
595 5425 730 5476 Κατ’
757 5425 960 5476 ἐκεῖνον
981 5423 1038 5475 δὲ
1060 5421 1151 5474 τὸν
1177 5421 1386 5491 καιρὸν,
1413 5421 1505 5473 τοῦ
1538 5422 1798 5492 βασιλέως
1812 5426 1939 5479 Θεο-

363 5514 570 5578 δοσίου,
625 5515 724 5566 οὐκ
759 5509 873 5565 οἶδα
915 5511 1057 5564 κατὰ
1090 5511 1248 5562 ποίαν
1279 5509 1548 5581 πρόφασιν
1603 5510 1938 5579 ἁλγήσαντος

445 5646 488 5677 ⁸⁸
526 5644 698 5699 Exod.
732 5661 889 5710 χχιιι,
923 5645 989 5709 '5;
1023 5642 1148 5695 Lev.
1188 5657 1300 5706 χιχ,
1333 5643 1416 5696 15.

447 5798 524 5868 (α)
564 5796 714 5867 Legit
746 5800 1006 5868 interpr-rs
1043 5798 1131 5851 καὶ
1163 5797 1411 5867 ἐποίησεν
1438 5799 1468 5864 ἡ
1495 5795 1626 5864 γυνὴ
1657 5793 1847 5857 οὕτως.

2122 5431 2276 5486 LVII.
2318 5430 2420 5486 Per
2449 5430 2579 5486 illud
2609 5438 2821 5499 tempus
2850 5443 2972 5481 cum
3013 5424 3351 5479 Theodosius
3381 5424 3608 5491 impera-

2045 5536 2131 5580 tor
2159 5525 2342 5580 ncscio
2379 5539 2484 5594 qua
2519 5523 2807 5578 occasione
2833 5520 3102 5575 laboraret
3127 5516 3372 5586 pedibus,
3403 5515 3611 5569 inferne
