4078 6368
504 351 577 409 95
1780 348 1838 403 S.
1883 343 2226 400 EPIPHANII
2266 345 2447 402 VITA.
3683 339 3753 397 οε

503 480 628 522 eum
668 480 700 519 a
749 465 978 536 genibus
1022 465 1222 521 invasit
1261 465 1548 536 paralysis.
1589 465 1864 533 iacuitque
1907 463 1962 517 in
2003 463 2063 517 le-

2170 463 2296 525 τοὺς
2324 461 2508 524 πόδας,
2540 460 2648 516 ἀπὸ
2699 459 2806 513 τῶν
2840 459 3079 528 γονάτων
3131 456 3225 511 καὶ
3278 454 3428 509 κάτω
3474 455 3755 528 παρελύθη

501 566 591 611 eto
620 564 824 624 septem
879 557 1183 610 mensibus.
1216 555 1264 611 Is
1306 557 1371 611 ad
1423 556 1784 626 Epiphanium
1816 557 1966 611 misit
2017 556 2072 614 in

499 645 760 716 Cyprum,
791 656 850 700 ut
871 647 1081 700 veniret
1126 647 1178 698 in
1211 648 1432 716 regiam.
1472 656 1528 702 et
1555 664 1710 716 opem
1743 647 1908 702 ferret
1943 649 2069 702 sibi.

497 736 636 790 Cum
675 737 724 790 ei
766 744 943 792 autem
984 738 1378 804 occurrissent,
1414 739 1506 824 qui
1554 738 1706 793 missi
1749 738 1963 794 fuerant
2005 740 2074 793 ab

500 825 851 894 imperatore,
881 829 1147 897 urgebant
1177 827 1561 898 Epiphanium,
1599 840 1658 884 ut
1684 832 1856 885 exiret
1883 839 2073 885 eterra

499 915 848 988 Cypriorum.
881 917 960 972 Ex
1007 935 1114 987 qua
1153 935 1277 974 eum
1318 937 1452 988 opus
1492 930 1638 975 esset
1678 921 1752 974 illi
1795 922 2070 992 navigare,

499 1021 693 1062 omnes
734 1007 928 1063 fratres
981 1010 1254 1064 malebant
1301 1010 1462 1076 mori,
1511 1027 1673 1080 quam
1722 1015 1924 1082 privari
1970 1027 2072 1067 suo

501 1109 674 1167 patre.
705 1097 841 1153 Cum
881 1100 915 1153 ii
967 1109 1170 1163 autem,
1218 1102 1311 1171 qui
1349 1103 1500 1158 missi
1536 1102 1753 1159 fuerant
1794 1106 1862 1160 ab
1904 1107 2074 1174 impe-

500 1200 706 1256 ratore,
750 1193 1102 1248 sollicitarent
1136 1193 1520 1263 Epiphanium,
1565 1204 1626 1251 ut
1667 1198 1981 1252 ascenderet
2019 1199 2071 1252 in

501 1283 730 1350 regiam,
772 1284 906 1339 dixit
953 1287 1034 1342 eis
1079 1286 1460 1356 Epiphanius:
1501 1289 1598 1352 Ite,
1631 1305 1664 1342 ο
1707 1290 1822 1354 lilii,
1861 1291 1928 1344 ad
1972 1291 2075 1355 im-

498 1383 842 1442 peratorem;
869 1391 968 1445 ego
1001 1377 1144 1430 enim
1177 1389 1299 1446 post
1331 1395 1428 1434 vos
1461 1381 1694 1435 veniam.
1725 1381 1861 1436 Cum
1886 1383 1919 1435 ii
1946 1399 2073 1438 vero

498 1467 784 1522 dicerent:
823 1466 900 1521 Ne
948 1469 1265 1537 indigneris,
1298 1487 1331 1525 o
1365 1470 1558 1526 Pater:
1609 1474 1690 1528 sic
1733 1475 1877 1530 enim
1912 1474 2075 1544 jussit

499 1559 826 1628 imperator;
871 1576 970 1616 nee
1015 1577 1308 1631 possumus
1342 1563 1500 1616 aliter
1554 1563 1752 1630 facere,
1811 1582 1880 1620 ne
1936 1566 2074 1622 forte

499 1650 784 1704 veniamus
820 1651 872 1704 in
915 1652 1238 1720 periculum,
1285 1655 1519 1709 maxime
1571 1671 1694 1710 cum
1731 1664 1971 1726 aagrotet,
2020 1666 2075 1712 et

499 1749 652 1795 tuum
685 1741 974 1796 adventum
1008 1753 1303 1813 exspectet,
1333 1761 1364 1799 ο
1404 1745 1600 1801 Pater:
1633 1747 1719 1800 vix
1749 1762 2068 1814 persuasum

499 1842 584 1887 est
622 1833 942 1902 Epiphanio,
995 1845 1051 1888 ut
1099 1851 1222 1889 eum
1253 1836 1332 1892 eis
1391 1838 1688 1906 navigaret.
1736 1837 2070 1908 Epiphanius

499 1925 716 1994 itaque,
755 1927 1022 1980 accersito
1056 1928 1466 1998 religiosissimo
1513 1931 1768 1999 episcopo
1821 1930 2068 1994 Philone.

495 2018 663 2088 jussit
695 2033 818 2073 eum
850 2034 1038 2074 curam
1071 2037 1257 2092 gerere
1287 2024 1632 2078 necessitatis
1661 2023 2068 2078 ecclesiasticae.

501 2109 826 2180 Congregati
862 2121 989 2166 sunt
1017 2121 1198 2167 autem
1238 2128 1429 2169 omnes
1463 2113 1652 2168 Patres
1680 2123 1734 2167 et
1759 2114 1978 2181 fratres,
2017 2124 2070 2169 et

498 2201 593 2271 qui
625 2203 893 2259 eatechesi
932 2204 1166 2259 instituti
1206 2204 1423 2259 fuerant
1448 2206 1516 2258 ab
1546 2204 1888 2273 Epiphanio:
1931 2221 2070 2275 quos

498 2307 690 2349 onmes
738 2294 916 2349 valere
972 2296 1278 2364 jussimus,
1341 2306 1396 2350 et
1448 2296 1827 2366 navigavimus
1874 2296 1942 2350 ad
1993 2312 2072 2350 re-

498 2379 665 2448 giam.
723 2379 890 2436 Nobis
933 2392 1116 2438 autem
1166 2383 1426 2453 ingressis
1502 2385 2064 2455 Constantinopolim,

497 2469 617 2536 ipse
652 2473 1053 2541 ingrediebatur
1080 2490 1205 2529 eum
1251 2489 1466 2529 summa
1503 2477 1684 2546 quiete
1717 2487 1770 2530 et
1801 2479 2069 2546 tranquil-

495 2559 668 2624 litate,
719 2578 883 2636 quam
911 2565 1230 2619 ostendebat
1261 2566 1538 2629 omnibus,
1577 2568 1777 2636 quibus
1811 2583 2069 2624 occurre-

496 2648 609 2704 bat.
651 2649 782 2706 Erat
815 2652 979 2724 igitur
1008 2651 1350 2708 Theodosius
1401 2655 1698 2724 imperator
1742 2668 1928 2712 mutus
1959 2673 2069 2726 prae

497 2740 706 2806 dolore,
717 2743 906 2812 jaeens
935 2744 989 2798 in
1006 2745 1166 2800 lecto.
1184 2743 1476 2815 Postquam
1496 2756 1675 2802 autem
1695 2750 1924 2804 accessit
1939 2749 2068 2820 Epi-

495 2832 728 2902 phanius
744 2835 810 2888 ad
828 2835 1229 2905 imperatorem,
1261 2839 1553 2908 imperator
1577 2840 1714 2894 dixit
1735 2841 2066 2911 Epiphanio,

493 2919 725 2977 Preeare
750 2939 847 2993 pro
877 2940 985 2990 me,
1007 2923 1187 2991 Pater,
1222 2937 1281 2982 ut
1310 2928 1679 2984 benevaleam.
1716 2929 1863 2987 Dixit
1887 2943 2063 2986 autem

493 3013 863 3086 Epiphanius:
889 3016 1011 3083 Fili,
1038 3019 1196 3075 crede
1221 3018 1518 3086 Crucib’xo,
1562 3033 1616 3076 et
1647 3022 1873 3078 habebis
1913 3024 2064 3078 sani-

493 3114 679 3162 tatem.
712 3107 858 3164 Habe
878 3110 994 3165 sine
1017 3111 1421 3168 intermissione
1438 3113 1606 3168 Deum
1636 3115 1690 3169 in
1713 3124 1838 3170 voto
1869 3125 1985 3180 tuo,
2011 3127 2064 3172 et

491 3213 654 3253 omne
685 3201 885 3254 malum
917 3201 993 3257 tui
1022 3218 1130 3256 non
1165 3203 1558 3259 dominabitur.
1590 3205 1846 3261 Miserere
1867 3222 2059 3262 eorum

491 3291 587 3360 qui
605 3290 934 3363 affliguntur,
954 3305 1006 3350 et
1024 3293 1286 3351 Dominus
1303 3297 1380 3351 tui
1401 3298 1766 3353 miserebitur.
1788 3297 1920 3354 Esto
1942 3309 2065 3354 tan-

493 3397 658 3450 quam
691 3399 804 3446 rex,
834 3385 926 3454 qui
951 3386 1184 3441 honorat
1218 3403 1342 3442 eum
1390 3389 1483 3458 qui
1508 3389 1600 3443 dat
1632 3389 1681 3443 ei
1713 3398 2061 3460 potestatem,

499 3481 555 3527 et
581 3474 698 3545 ipse
727 3475 945 3544 adjiciet
975 3477 1070 3532 tibi
1102 3478 1364 3548 majorem
1405 3480 1655 3550 gratiam.
1701 3481 1842 3535 Cum
1880 3491 2060 3536 autem

498 3564 837 3636 Epiphanius
867 3570 982 3624 haec
1005 3569 1232 3626 dixisset
1257 3571 1596 3641 imperatori,
1625 3581 1679 3627 et
1700 3574 1749 3628 ei
1767 3574 2064 3644 appropin-

495 3668 742 3728 quasset,
769 3669 824 3716 et
853 3662 1121 3729 tetigisset
1145 3663 1264 3733 ejus
1291 3665 1728 3734 pedes,eumque
1745 3674 1828 3720 ter
1857 3667 2064 3736 signas-

491 3757 594 3815 set,
625 3749 762 3805 dixit
793 3752 840 3806 ei
874 3771 887 3807 :
921 3751 1045 3816 Fili,
1069 3769 1231 3824 surge
1265 3769 1295 3809 e
1349 3755 1511 3810 lecto.
1563 3756 1687 3811 Haec
1731 3772 1856 3811 cum
1892 3757 2062 3826 impe-

490 3850 646 3896 rator
676 3843 942 3926 audiisset
983 3845 1052 3898 ab
1080 3844 1409 3915 Epiphanio,
1443 3848 1684 3902 surrexit
1717 3863 1748 3901 a
1789 3849 1930 3903 lecto
1969 3865 2064 3904 su-

494 3947 594 4004 pra
627 3937 814 4004 pedes,
848 3936 984 3990 nihil
1013 3939 1238 3991 omnino
1273 3939 1476 3993 habens
1520 3939 1670 3992 mali.
1701 3937 1848 3992 Dixit
1878 3949 2061 3994 autem

488 4025 784 4097 imperator
804 4027 1108 4099 Epiphanio
1139 4049 1154 4086 :
1188 4030 1370 4095 Pater,
1407 4031 1539 4085 mihi
1573 4047 1788 4100 semper
1831 4032 2023 4100 jubeto
2044 4073 2059 4098 ,

485 4126 544 4172 et
583 4133 682 4190 ego
731 4128 820 4174 tua
842 4121 994 4189 jussa
1029 4136 1322 4192 exsequar.
1354 4121 1503 4176 Dixit
1535 4121 1872 4192 Epiphanius
1902 4142 1915 4178 :
1948 4122 2058 4178 Ha-

487 4211 621 4266 beas
649 4211 743 4266 Dei
777 4214 939 4268 verba
978 4215 1032 4268 in
1061 4215 1244 4270 animo
1279 4225 1406 4279 tuo,
1443 4225 1497 4270 et
1525 4231 1634 4270 non
1668 4232 1805 4285 opus
1831 4217 2057 4272 habebis

487 4299 812 4371 Epiphanio.
842 4305 980 4359 Cum
1021 4307 1136 4361 hanc
1174 4315 1389 4374 autem,
1424 4318 1479 4362 et
1513 4308 1598 4361 his
1633 4308 1788 4377 plura
1818 4307 2055 4377 impera-

486 4393 594 4446 tori
621 4394 845 4448 dixisset
875 4393 1207 4463 Epiphanius
1227 4435 1241 4457 ,
1269 4397 1418 4451 venit
1446 4407 1658 4466 tempus
1701 4386 1940 4466 prandii.
1972 4397 2059 4451 Di-

2173 551 2292 604 ὅλον
2319 553 2380 603 τὸ
2404 552 2566 622 μέρος
2598 551 2792 614 ἐκεῖνο,
2826 549 2920 601 καὶ
2944 543 3012 618 ἦν
3038 545 3288 615 κείμενος
3317 544 3409 596 ἐπὶ
3439 544 3534 613 τῆς
3564 545 3756 616 κλίνης

2175 643 2567 713 ἑπταμηνιαῖον
2599 641 2808 712 χρόνον.
2852 631 3019 701 Οὗτος
3050 635 3367 690 ἀπέστειλεν
3403 634 3542 706 πρὸς
3598 636 3755 688 Ἐπι-

2175 734 2362 803 φάνιον
2393 735 2483 786 ἐπὶ
2508 736 2606 804 τῆς
2643 731 2926 802 Κυπρίων,
2953 730 3100 792 ὅπως
3123 726 3317 798 ἀνέλθῃ
3345 727 3437 778 ἐπὶ
3465 725 3563 796 τὴν
3599 723 3757 794 βασιο

2174 825 2292 878 λίδα
2311 824 2724 878 Κωνσταντίνου
2749 822 2901 876 πόλιν
2919 863 2932 883 ,
2958 823 3104 882 ὅπως
3131 818 3384 888 βοηθήσει
3407 816 3752 886 ὸδυνωμένῳ.

2173 917 2285 969 Kal.
2311 916 2376 987 δὴ
2410 915 2859 986 καταντησάντων
2881 912 2986 966 τῶν
3015 910 3434 980 ἀπεσταλμένων
3474 908 3626 978 ποιρά
3657 906 3756 961 τοῦ

2175 1007 2458 1076 βασιλέως,
2481 1007 2770 1061 διεκώλυεν
2793 1007 2884 1059 τὸν
2941 1004 3256 1073 Ἐπιφάνιον
3285 1002 3345 1056 τὸ
3391 1001 3465 1072 μὴ
3515 998 3757 1064 ἐξελθεῖν

2173 1099 2282 1152 ἀπὸ
2318 1100 2412 1170 τῆς
2444 1098 2702 1169 Κυπρίων
2733 1100 2766 1169 ἡ
2793 1097 2968 1166 θλίψις
2998 1099 3092 1149 καὶ
3111 1095 3179 1149 τὰ
3198 1095 3408 1164 δάκρυα
3445 1092 3552 1146 τῶν
3593 1091 3751 1145 ἀδελ-

2174 1189 2308 1257 φῶν.
2349 1190 2475 1241 Ὅτε
2519 1189 2626 1260 γὰρ
2653 1189 2899 1254 έξέπλεεν
2931 1189 3037 1240 ἀπὸ
3062 1188 3160 1257 τῆς
3193 1185 3482 1256 Κυπρίων,
3510 1184 3755 1245 ἅπαντες

2172 1280 2221 1331 οἱ
2246 1278 2464 1347 ἀδελφοὶ
2479 1277 2711 1331 θάνατον
2743 1276 3190 1349 προσεκαλοῦντο.
3217 1276 3337 1328 Τῶν
3371 1275 3427 1328 δὲ
3475 1272 3756 1327 ἀπεσταλ-

2177 1369 2352 1439 μένων
2384 1370 2533 1440 παρά
2561 1368 2651 1422 τοῦ
2687 1368 2950 1439 βασιλέως
2977 1367 3410 1420 ἐπισπευδόντων
3453 1365 3546 1418 τὸν
3597 1365 3757 1420 Ἐπι-

2174 1459 2383 1528 φάνιον,
2413 1460 2563 1523 ὅπως
2610 1459 2805 1530 ἀνέλθῃ
2848 1461 2938 1513 ἐπὶ
2967 1460 3064 1529 τὴν
3091 1458 3365 1530 βασιλίδα,
3405 1457 3588 1525 ἔλεγεν
3613 1458 3755 1527 πρὸς

2173 1552 2367 1616 αὐτοὺς
2409 1553 2726 1621 Ἐπιφάνιος
2751 1569 2762 1581 ⁸
2800 1551 3125 1624 Πορεύεσθε,
3147 1551 3333 1613 τέκνα,
3362 1549 3498 1621 πρὸς
3519 1547 3611 1601 τὸν
3653 1548 3755 1617 βα-

2175 1645 2348 1708 σιλέα,
2391 1643 2547 1712 κάγὼ
2585 1643 2890 1715 πορεύομαι
2925 1641 3253 1717 κατόπισθεν
3297 1638 3471 1710 ὑμῶν.
3525 1637 3646 1690 Τῶν
3696 1637 3756 1690 δὲ

2171 1735 2437 1802 λεγόντων
2455 1753 2468 1764 ο
2499 1735 2587 1804 Μὴ
2605 1735 2844 1805 ὀργίζου,
2874 1734 3076 1804 Πάτερ,
3105 1734 3186 1786 ὅτι
3214 1732 3462 1794 κέλευσις
3486 1729 3755 1800 βασιλέως

2178 1826 2344 1889 ἐστὶν,
2377 1827 2471 1880 καὶ
2502 1827 2562 1879 οὐ
2595 1824 2870 1895 δυνάμεθα
2905 1825 3128 1893 ποιῆσαι
3156 1824 3348 1888 ἄλλως,
3383 1825 3590 1894 μήποτε
3639 1839 3756 1874 κιν-

2176 1918 2538 1988 δυνεύσωμεν,
2581 1917 2812 1988 μάλιστα
2849 1919 2904 1969 ἐν
2932 1916 3212 1987 ἀρρωστίᾳ
3261 1915 3410 1979 όντος
3461 1915 3554 1966 τοῦ
3600 1913 3755 1983 βασι-

2177 2009 2330 2072 λέως,
2353 2011 2446 2063 καὶ
2475 2009 2900 2080 προσδεχομένου
2926 2008 3024 2078 τὴν
3054 2009 3150 2078 σὴν
3172 2007 3452 2076 ἀγγελίαν,
3479 2006 3524 2058 ὦ
3545 2007 3749 2076 Πάτερ·

2181 2103 2328 2172 μόλις
2362 2103 2585 2155 ἔπεισαν
2610 2102 2700 2154 τὸν
2735 2101 3052 2169 Ἐπιφάνιον
3087 2099 3348 2153 ἀποπλεῖν
3378 2101 3496 2168 μετ’
3545 2098 3749 2151 αὐτῶν.

2187 2195 2244 2247 'U
2264 2195 2392 2263 γοῦν
2419 2194 2731 2264 Ἐπιφάνιος
2757 2194 3245 2264 μεταστειλάμενος
3277 2192 3370 2245 τὸν
3401 2189 3752 2259 θεοφιλέστα-

2173 2303 2264 2339 τον
2288 2287 2581 2340 ἐπίσκοπον
2605 2286 2835 2348 Φίλωνα,
2870 2285 3167 2356 ἐπέτρεψεν
3198 2283 3345 2354 αὐτῷ
3369 2283 3465 2353 τὴν
3493 2281 3752 2352 φροντίδα

2175 2375 2441 2428 ποιεῖσθαι
2474 2377 2569 2446 τῆς
2623 2375 3085 2446 ἐκκλησιαστικῆς
3139 2374 3348 2446 χρείας.
3399 2371 3752 2444 Συνήχθησαν

2173 2463 2267 2519 οὖν
2312 2468 2546 2529 ἅπαντες
2567 2470 2614 2519 οἱ
2647 2468 2907 2538 Πατέρες,
2941 2468 3033 2520 καὶ
3083 2467 3320 2534 ἀδελφοὶ,
3354 2468 3448 2518 καὶ
3509 2482 3753 2535 κατηχη-

2175 2559 2356 2622 θέντες
2388 2559 2539 2630 παρὰ
2568 2560 2913 2630 Ἐπιφανίου·
2947 2559 3314 2630 ὴσπασάμεθα
3367 2560 3636 2620 ἅπαντας,
3659 2555 3753 2610 καὶ

2173 2651 2599 2721 ἀπεπλεύσαμεν
2633 2654 2724 2706 ἐπὶ
2772 2653 2871 2724 τὴν
2913 2652 3176 2722 βασιλίδα.
3237 2651 3604 2706 Εἰσελθόντων
3659 2645 3752 2702 οὗν

2173 2745 2325 2815 ἡμῶν
2347 2747 2403 2797 ἐν
2433 2745 2840 2797 Κωνσταντίνου
2864 2744 3038 2815 ⁸πόλει,
3069 2742 3375 2814 ἀνηγγέλθη
3410 2741 3489 2813 τῷ
3537 2741 3754 2810 βασιλεῖ

2170 2837 2203 2906 ἡ
2232 2835 2500 2906 παρουσία
2525 2811 2994 2903 Ἐπιφανίου.Ἶ“οὖ
3018 2833 3073 2886 δὲ
3105 2833 3368 2904 βασιλέως
3395 2832 3752 2894 κελεύσαντος

2171 2927 2396 2980 είσιέναι
2426 2929 2572 2997 ἡμᾶς
2606 2929 2661 2979 ἐν
2688 2930 2800 2990 τοῖς
2824 2925 3136 2996 βασιλείοις,
3181 2926 3392 2978 ἔϐαινεν
3431 2925 3753 2992 Ἐπιφάνιος

2171 3021 2228 3072 ἐν
2254 3019 2422 3090 πολλῇ
2457 3021 2808 3073 καταστάσει.
2843 3015 2951 3072 Ἦν
2989 3019 3045 3072 δὲ
3092 3021 3124 3071 ὑ
3175 3017 3425 3088 βασιλεὺς
3466 3016 3752 3079 Θεοδόσιος

2091 3074 2142 3215 ϐ’
2173 3113 2246 3183 μὴ
2271 3074 2587 3182 δυνάμενος
2616 3113 2848 3182 λαλῆσαι
2881 3112 2988 3164 ἀπὸ
3010 3111 3111 3181 τῆς
3143 3074 3450 3181 ἀλγηδόνος,
3496 3074 3752 3179 κείμενος

2173 3206 2265 3258 ἐπὶ
2295 3205 2394 3274 τῆς
2435 3205 2642 3274 κλίνης.
2705 3205 2792 3268 Ὠς
2824 3200 2915 3258 οὖν
2948 3206 3171 3276 ἤγγισεν
3204 3203 3520 3270 Ἐπιφάνιος
3553 3200 3633 3271 τῷ
3659 3199 3752 3270 βα-

2172 3297 2329 3361 σιλεῖ,
2360 3293 2512 3351 εἶπεν
2550 3300 2577 3352 ὁ
2603 3297 2855 3367 βασιλεὺς
2885 3297 3019 3368 πρὸς
3051 3295 3365 3364 Ἐπιφάνιον
3388 3310 3402 3324 ⁸
3441 3289 3609 3358 Εὖξαί
3634 3309 3749 3363 μοι,

2170 3388 2370 3459 Πάτερ,
2401 3389 2549 3450 ὅπως
2580 3389 2826 3458 ὑγιαίνω.
2858 3382 3024 3440 Εἶπεν
3047 3385 3102 3439 δέ
3140 3386 3455 3454 Ἐπιφάνιος
3487 3384 3566 3455 τῷ
3593 3383 3752 3454 βασι-

2169 3479 2283 3532 λεῖ·
2335 3479 2583 3546 Πίστευε,
2635 3477 2949 3548 τέκνον,τῷ
3001 3477 3420 3549 ἐσταυρωμένῳ,
3452 3475 3547 3529 καὶ
3604 3475 3752 3540 ἐξεις

2166 3573 2372 3644 ταύτην
2409 3573 2785 3636 ἀδιαλείπτως.
2828 3573 2957 3642 Ἔχε
3006 3571 3096 3624 τὸν
3132 3571 3262 3624 Θεὸν
3298 3571 3437 3623 κατά
3474 3567 3621 3631 νοῦν,
3653 3571 3750 3622 καὶ¹

2169 3666 2336 3718 κακὸν
2360 3666 2420 3718 ού
2449 3663 2728 3736 κυριεύσει
2764 3680 2877 3716 σου.
2915 3662 3068 3715 Γίνου
3118 3662 3366 3733 ἐλεήμων
3409 3664 3520 3724 τοῖς
3565 3659 3752 3713 θλιϐο-

2173 3755 2374 3825 μένοις,
2409 3758 2502 3809 καὶ
2535 3757 2631 3827 ἔσῃ
2671 3755 2972 3826 ἠλεημένος
2996 3756 3102 3807 ὑπὸ
3149 3754 3303 3809 Θεοῦ.
3337 3754 3492 3806 Γίνου
3539 3753 3616 3815 ὡς
3650 3751 3749 3822 βα-

2169 3847 2350 3912 σιλεὺς
2377 3847 2551 3918 τιμῶν
2576 3849 2665 3902 τὸν
2694 3848 2852 3902 δόντα
2893 3865 2974 3900 σοι
3006 3847 3103 3919 τὴν
3142 3847 3386 3913 ἐξουσίαν
3407 3887 3422 3911 ,
3457 3847 3552 3899 καὶ
3579 3846 3748 3909 αὐτὸς

2165 3938 2326 3992 δώσει
2357 3957 2437 3992 σοι
2469 3940 2688 3993 πλείονα
2719 3941 2899 4010 χάριν.
2930 3940 3039 3992 Καὶ
3089 3940 3263 3992 ταῦτα
3313 3936 3481 3990 εἰπὼν
3510 3938 3749 4004 Ἐπιφά-

2165 4047 2277 4093 νιος
2300 4031 2377 4102 τῷ
2409 4031 2634 4102 βασιλεῖ,
2688 4033 2932 4100 ἐγγίσας,
2984 4031 3080 4083 καὶ¹
3129 4031 3403 4100 ἁψάμενος
3431 4028 3597 4082 αὑτοῦ
3630 4028 3746 4080 τῶν

2168 4121 2364 4182 ποδῶν,
2411 4121 2503 4173 καὶ
2537 4121 2844 4192 σφραγίσας
2875 4121 3037 4174 αὐτὸν
3077 4121 3257 4191 τρίτον
3303 4117 3457 4172 εἶπεν
3507 4119 3746 4187 Ἐπιφά-

2165 4230 2277 4275 νιος
2306 4212 2384 4282 τῷ
2417 4212 2655 4282 βασιλεῖ’
2684 4214 2939 4277 Ἀνάστα,
2976 4213 3184 4275 τέκνον,
3219 4213 3369 4283 φησὶ,
3395 4213 3493 4282 τῆς
3528 4211 3741 4282 κλίνηςο

2166 4303 2440 4355 πέπαυται
2486 4303 2593 4374 γὰρ
2625 4304 2653 4355 ὁ
2703 4304 2863 4366 πόνος
2913 4303 3022 4356 ἀπὸ
3063 4302 3172 4355 τῶν
3202 4301 3398 4356 ποδῶν.
3452 4300 3640 4355 Ταῦτα
3681 4302 3742 4357 δὲ

2163 4393 2399 4456 ἀκούσας
2430 4395 2458 4445 ὁ
2493 4394 2743 4464 βασιλεὺς
2775 4395 2975 4457 εὐθέως
3006 4393 3208 4466 ἀνέστη
3248 4394 3357 4448 ἀπὸ
3392 4394 3490 4463 τῆς
3520 4379 3736 4464 κλίνης,

487 4485 569 4537 xit
602 4500 730 4554 ergo
754 4483 1086 4554 Epiphanius
1109 4487 1455 4556 imperatori:
1489 4487 1654 4546 Vade.
1681 4490 1778 4553 fili,
1810 4489 1876 4542 ad
1910 4506 2058 4543 men-

2169 4485 2331 4555 μηδὲν
2355 4487 2519 4539 κακὸν
2548 4485 2685 4555 ἔχων
2706 4486 2799 4539 ἐπὶ
2829 4487 2952 4549 τοὺς
2984 4486 3148 4549 πόδας
3187 4485 3372 4539 αὐτοῦ.
3412 4480 3580 4540 Εἶπεν
3605 4485 3663 4538 δὲ
3707 4487 3738 4538 ὁ

488 4590 628 4638 sam,
651 4584 706 4628 et
732 4576 1019 4632 benediees
1042 4577 1394 4632 benefactori.
1430 4577 1558 4633 Erat
1594 4590 1774 4633 autem
1810 4578 2054 4648 Epipha—

487 4667 614 4722 nius
637 4667 848 4740 lepidus
883 4677 936 4722 et
975 4669 1238 4734 urbanus,
1275 4679 1327 4724 et
1345 4671 1551 4730 habens
1585 4685 1892 4724 sermonem
1922 4686 2056 4725 eon-

487 4758 659 4813 ditum
708 4757 890 4812 divina
928 4761 1120 4827 gratia.
1169 4759 1234 4814 Et
1277 4763 1496 4830 quando
1529 4762 1581 4815 in
1619 4765 1870 4818 morbum
1915 4766 2040 4834 qui-

487 4851 610 4906 dem
643 4850 828 4906 Romaa
858 4851 1046 4906 incidit
1071 4851 1177 4906 filia
1207 4851 1521 4920 Theodosii,
1552 4863 1682 4909 tunc
1713 4857 1981 4911 Arcadius
2006 4865 2059 4910 et

489 4943 764 5000 Honorius
798 4942 1020 4999 fuerunt
1070 4944 1274 5008 Romae,
1325 4958 1379 4999 et
1400 4949 1594 5000 versati
1651 4957 1776 5002 sunt
1831 4963 1953 5002 eum
1991 4963 2054 5003 ea

485 5036 650 5106 longo
688 5044 962 5104 tempore,
1002 5038 1262 5106 quoniam
1290 5038 1401 5092 ilIie
1441 5050 1558 5092 erat
1590 5040 1706 5092 viro
1738 5039 2052 5109 conjuncta.

487 5128 622 5183 Cum
679 5144 808 5184 vero
859 5129 1122 5185 audiisset
1154 5129 1492 5188 Theodosius
1551 5131 1778 5186 Romam
1842 5133 2055 5190 venisse

485 5218 868 5290 Epiphanium,
899 5236 1124 5276 curasse
1168 5221 1288 5291 ejus
1338 5221 1525 5287 filiam,
1549 5232 1602 5276 et
1628 5222 1738 5276 ﬁlio
1763 5221 1884 5290 ejus
1914 5261 1928 5284 ,
1958 5224 2051 5292 qui

485 5320 602 5365 erat
629 5321 908 5377 mortuus,
938 5313 1103 5368 vitam
1154 5313 1490 5379 reddidisse,
1535 5312 1940 5381 Arcadiumque
2000 5322 2056 5368 et

484 5401 785 5459 llonorium
815 5414 1006 5474 postea
1061 5405 1428 5469 illuminasse,
1469 5421 1664 5474 magna
1694 5416 1776 5459 est
1823 5405 2052 5460 affectus

484 5491 690 5547 laetitia.
731 5493 850 5560 Quo
875 5493 1079 5550 factum
1101 5505 1220 5560 est,
1253 5505 1312 5550 ut
1340 5495 1596 5564 deinceps
1641 5494 1708 5548 ad
1751 5510 1877 5549 eum
1909 5494 2053 5548 scri-

482 5581 654 5648 beret,
692 5592 951 5654 tanquam
999 5585 1068 5641 ad
1126 5593 1359 5655 patrem.
1393 5585 1566 5640 Porro
1595 5601 1720 5638 eum
1767 5600 1870 5640 nos
1901 5599 2054 5639 esse—

484 5688 608 5728 mus
619 5672 1106 5746 Constantinopoli,
1128 5675 1298 5730 Roma
1314 5685 1579 5730 venerunt
1598 5677 1638 5728 A
1649 5675 1864 5730 vradius
1879 5683 1932 5729 et
1950 5673 2050 5730 Ηοο

487 5765 696 5833 norius,
713 5765 938 5824 etltenti
953 5774 1100 5834 sunt,
1132 5768 1274 5840 quod
1299 5767 1631 5825 invenissent
1659 5767 2044 5839 Epiphanium.

2164 4576 2416 4646 βασιλεὺς
2432 4577 2566 4647 πρὸς
2590 4578 2901 4646 Ἐπιφάνιον
2921 4596 2932 4607 ·
2967 4578 3120 4631 Γίνου
3149 4595 3258 4648 μοι,
3277 4578 3478 4648 Πάτερ,
3497 4576 3738 4629 κελεύων

2159 4666 2538 4731 ἀδιαλείπτως.
2583 4669 2676 4722 καὶ
2707 4671 3007 4739 γενήσομαι
3065 4670 3124 4722 ἐν
3165 4669 3328 4721 πᾶσιν
3377 4667 3738 4738 πληροφορῶν

2162 4773 2241 4810 σε.
2269 4753 2434 4810 Εἶπεν
2456 4759 2513 4811 δὲ
2536 4759 2851 4826 Ἐπιφάνιος
2890 4759 2969 4828 τῷ
3004 4758 3245 4829 βασιλεῖ·
3304 4759 3433 4828 ’Ἔχε
3467 4759 3594 4821 τοὺς
3639 4757 3735 4811 τοῦ

2159 4849 2292 4902 Θεοῦ
2314 4850 2502 4918 λόγους
2530 4853 2667 4904 κατά
2686 4851 2863 4922 ψυχήν
2889 4867 3000 4915 σου,
3028 4853 3120 4904 καὶ
3150 4851 3334 4922 χρείαν
3361 4849 3434 4920 μὴ
3470 4849 3561 4920 ἔχε
3581 4850 3737 4901 Ἐπι-

2160 4945 2374 5012 φανίου.
2404 4945 2589 4999 Ταῦτα
2613 4947 2669 4999 δὲ
2695 4947 2863 5003 εἰπὼν
2905 4948 3223 5016 Ἐπιφάνιος
3270 4944 3347 5015 τῷ
3377 4943 3604 5014 βασιλεῖ,
3641 4943 3738 4995 καὶ

2160 5034 2381 5088 πλείονα
2410 5035 2632 5101 τούτων,
2687 5037 2920 5104 ἔφθασεν
2953 5037 3144 5108 καιρὸς
3180 5035 3276 5088 τοῦ
3326 5035 3568 5105 ἀρίστου.
3623 5033 3735 5086 Καὶ

2159 5122 2312 5178 εἶπεν
2343 5126 2657 5194 Ἐπιφάνιος
2687 5127 2764 5198 τῷ
2819 5128 3061 5197 βασιλεῖ’
3123 5125 3334 5190 Βάδιζε,
3366 5126 3555 5178 τέκνον
3576 5164 3589 5185 ,
3639 5124 3735 5177 ἐπὶ

2157 5219 2456 5289 τραπέζης,
2480 5221 2572 5273 καὶ
2596 5220 2694 5291 ἔσῃ
2741 5220 2974 5288 εὐλογῶν
3021 5221 3113 5272 τὸν
3158 5218 3475 5289 εὐεργέτην.
3539 5212 3648 5268 Ἦν
3673 5215 3734 5270 δὲ

2157 5313 2472 5380 Ἐπιφάνιος
2504 5312 2713 5384 χαρίεις
2739 5351 2754 5375 ,
2814 5312 2910 5365 καὶ
2965 5309 3256 5374 πολιτικὸς,
3304 5307 3526 5362 καὶτὸν
3574 5307 3734 5376 λόγον

2157 5402 2296 5473 ἔχων
2319 5404 2620 5472 ἡρτυμένον
2652 5403 2730 5472 τῷ
2759 5403 2887 5473 θείῳ
2910 5402 3087 5456 ἅλατι.
3125 5402 3254 5454 Ὅτε
3277 5396 3370 5453 οὖν
3403 5398 3733 5469 περιέπεσεν

2154 5496 2188 5564 ἡ
2219 5494 2464 5564 θυγάτηρ
2497 5494 2778 5546 Θεοδοσίου
2809 5495 2888 5556 είς
2908 5492 2969 5545 τὸ
2997 5492 3167 5554 πάθος
3195 5491 3289 5544 ἐπὶ
3336 5491 3434 5562 τῆς
3487 5489 3730 5560 Ῥώμης,

2155 5586 2190 5656 ἡ
2223 5583 2425 5654 ἀδελφὴ
2474 5584 2756 5654 Ἀρκαδίου
2814 5583 2910 5638 καὶ
2959 5583 3246 5654 Ὀνωρίου,
3281 5582 3400 5636 τότε
3435 5583 3530 5635 καὶ¹
3575 5583 3727 5636 αὐτοὶ

2155 5677 2515 5747 παρεγένοντο
2533 5677 2625 5731 ἐπὶ
2649 5679 2747 5747 τῆς
2773 5667 3014 5747 Ῥώμης,
3043 5675 3138 5728 καὶ
3166 5673 3426 5746 ἐποίησαν
3458 5675 3728 5744 πενταετῆ

2155 5768 2343 5839 χρόνον
2406 5769 2522 5838 μετ’
2576 5767 2766 5839 αὐτῆς,
2805 5767 2886 5820 ὅτι
2940 5768 3056 5821 ἐκεῖ
3088 5761 3157 5836 ἦν
3206 5765 3494 5836 ζευχθείσα
3550 5763 3727 5833 ἀνδρί.
