4088 6362
355 367 427 422 9Ἰ
1661 370 1721 424 S.
1779 369 2124 424 EPII'HANII
2168 372 2346 428 VITA.
3562 382 3634 437 98

360 489 502 543 Τάτε
549 482 645 543 οὖν
697 489 942 555 ἀκούσας
986 490 1262 557 Θεοδόσιος
1314 495 1343 547 ό
1385 493 1670 564 βασιλεὺς,
1725 494 1807 546 ὃτι
1850 493 2182 562 παρεγένετο
2215 496 2529 563 Ἐπιφάνιος
2558 498 2650 553 ἐπὶ
2685 500 2786 570 τῆς
2830 499 3048 571 Ῥώμης
3076 543 3090 567 ,
3128 501 3224 553 καὶ
3268 498 3635 570 ἐθεράπευσεν

362 582 471 653 τὴν
525 581 802 653 θυγατέρα
838 584 1026 646 αὐτοῦ,
1063 586 1158 638 καὶ
1191 586 1273 639 ὅτι
1307 587 1516 640 καὶτὸν
1546 587 1659 639 υἱὸν
1714 586 1883 655 αὐτῆς
1933 587 2128 657 νεκρὸν
2176 589 2306 643 ὄντα
2354 590 2740 662 ἐζωοποίησεν,
2768 593 2861 646 καὶ
2888 594 2970 646 ὅτι
3011 594 3148 663 μετὰ
3188 591 3392 646 τούτων
3441 589 3637 659 ἐφώτι-

367 692 467 730 σεν
515 678 802 749 Ἀρκάδιον
834 680 930 733 καὶ
975 680 1253 752 Ὁνώριον,
1303 683 1475 753 ἐχάρη
1510 682 1683 755 χαρὰν
1737 681 1998 753 μεγάλην.
2041 682 2132 734 Διὸ
2157 682 2265 736 ἀπὸ
2300 685 2487 738 τούτου
2518 686 2756 759 ἔγραψεν
2788 687 2935 757 αὐτῷ
2956 688 3030 750 ὡς
3056 688 3242 759 πατρί.
3272 687 3358 749 Ὠς
3383 680 3633 754 οῦνῆμεν

364 770 463 821 ἐπὶ
504 771 602 840 τῆς
639 772 1284 842 Κωνσταντινουπόλεως,
1340 775 1702 844 παρεγένοντο
1756 773 2041 844 Ἀρκάδιος
2095 776 2191 829 καὶ
2252 776 2513 849 Ὃνὼριος
2568 780 2675 833 ἀπὸ
2730 780 2830 850 τῆς
2889 778 3137 849 Ῥώμης,
3191 780 3286 832 καὶ
3358 780 3632 850 ἐχάρησαν

340 864 343 867 “
362 860 541 931 χαρὰν
566 862 826 932 μεγάλην.

436 951 566 1006 NH’.
633 956 891 1022 ’Ἄγουσιν
943 955 999 1008 δέ
1037 974 1179 1020 τινες
1213 959 1352 1011 κατὰ
1383 962 1635 1012 κέλευσιν
1665 957 1758 1011 τοῦ
1797 958 1938 1028 βασιι

2125 952 2309 1009 LVIII.
2347 954 2511 1010 Jussu
2568 966 2749 1011 autem
2810 954 3158 1025 imperatoris
3210 952 3629 1008 Faustinianum

360 1040 500 1105 λέως
532 1044 917 1097 Φαυστινιανὸν
942 1047 1050 1099 ἀπὸ
1092 1048 1193 1116 τῆς
1227 1049 1521 1119 Κυπρίων,
1579 1052 1671 1104 ἐπὶ
1712 1051 1948 1121 λοιδορίᾳ

362 1131 616 1203 βασιλικῇ
652 1138 1097 1209 κατηγορηθέντα
1128 1141 1217 1191 ἐπὶ
1236 1140 1330 1209 τὴν
1361 1141 1636 1210 βασιλίδα·
1677 1139 1745 1213 ἦν
1770 1143 1826 1196 δέ
1860 1137 1951 1195 οῦ-

357 1238 455 1285 τος
481 1225 887 1295 φρουρούμενος
920 1227 1165 1282 κελεύσει
1200 1232 1294 1283 τοῦ
1343 1232 1625 1301 βασιλέως.
1682 1233 1950 1297 Ἀκούσας

356 1309 455 1367 οὖν
500 1316 673 1370 ταῦτα
711 1319 1031 1388 Ἐπιιρὰνιος
1081 1324 1444 1393 παραγίνεται
1490 1326 1581 1377 ἐπὶ
1624 1326 1713 1377 τὸν
1762 1327 1945 1390 τόπον,

355 1407 488 1460 ἔνθα
511 1404 579 1479 ἦν
600 1410 968 1481 κρατούμενος
995 1414 1022 1464 ὁ
1045 1415 1450 1479 Φαυστινιανὸς,
1490 1418 1581 1469 καὶ
1604 1413 1755 1470 εἶπεν
1777 1419 1943 1488 αὐτῷ·

355 1500 424 1552 Εί
457 1500 608 1553 ἔστιν
651 1519 751 1563 σοι,
786 1504 969 1571 φησιν,
1001 1498 1045 1555 ὦ
1070 1506 1279 1569 τέκνον,
1322 1508 1555 1578 λαλῆσαι
1586 1509 1652 1562 δι’
1681 1511 1837 1580 ἡμῶν
1863 1512 1947 1563 λό-

355 1609 457 1659 γον
491 1593 567 1663 τῷ
593 1593 836 1663 βασιλεῖ’
872 1597 965 1649 καὶ
1014 1597 1113 1670 ἔσῃ
1168 1600 1539 1670 ἀπολυόμενος
1585 1602 1684 1671 τῆς
1720 1605 1948 1673 συνοχῆς

355 1684 586 1755 ταύτης.
649 1683 816 1740 Εἶπεν
871 1688 927 1741 δὲ
1002 1691 1393 1755 Φαυστινιανὸς
1467 1693 1545 1765 τῷ
1608 1695 1943 1765 Ἐπιφανίῳ·

360 1778 621 1843 ’Δπελθε,
668 1781 825 1851 φησὶ,
884 1783 1051 1836 πλάνε
1082 1824 1096 1842 ,
1158 1786 1253 1838 καὶ
1303 1787 1589 1841 άποπλάνα
1624 1788 1819 1858 ἄνδρας
1851 1790 1946 1841 ἁν-

353 1869 751 1937 ασφαλίστους·
786 1874 878 1927 καὶ
908 1875 1037 1937 τοὺς
1065 1874 1256 1943 λόγους
1278 1877 1498 1942 τούτους
1532 1879 1607 1949 μὴ
1633 1878 1781 1931 λάλει
1806 1881 1948 1932 Φαυ-

358 1963 636 2034 στινιανῷ.
662 1963 867 2029 Ἦλθες
900 1967 1135 2021 ἐνταῦθα
1157 1970 1465 2042 ἐπιχαίρειν
1502 1989 1591 2041 μοι
1613 1971 1792 2040 λόγοις
1813 1989 1826 2002 ’
1856 1972 1948 2026 ἔσο

352 2053 455 2107 τοῦ
490 2054 680 2108 λοιποῦ
708 2056 927 2125 φεύγων
948 2059 1048 2130 τὴν
1074 2060 1362 2132 Κυπρίων.
1400 2062 1594 2127 Βάδιζε
1654 2064 1747 2116 ἐπὶ
1774 2063 1945 2117 Φοινί⁴

354 2161 482 2216 κην,
510 2147 607 2200 καὶ
635 2147 733 2219 ἔσῃ
758 2150 1107 2220 κακοσχολῶν
1127 2151 1504 2217 ἀδιαλείπτως.
1542 2155 1631 2219 Ὠς
1660 2152 1753 2208 οὖν
1774 2155 1949 2210 ταῦτα

351 2232 511 2290 εἶπεν
536 2238 773 2310 ὑϐρίζων
803 2241 894 2293 τὸν
922 2242 1239 2311 Ἐπιφάνιον
1258 2246 1665 2311 Φαυστινιανὸς,
1702 2247 1941 2320 παρέλα-

350 2326 448 2381 6έν
480 2345 548 2398 με
589 2330 907 2398 Ἐπιφάνιος
926 2345 940 2358 ·
972 2332 1064 2385 καὶ
1091 2334 1470 2407 ἐπορεύθημεν
1500 2338 1558 2389 ἐν
1586 2337 1663 2407 τῷ
1681 2337 1945 2411 βασιλικῷ

350 2418 609 2490 ταμιείῳ,
644 2421 791 2484 ὅπως
824 2423 918 2474 ἐπὶ
945 2423 1194 2488 συντάξει
1227 2424 1321 2478 τοῦ
1358 2425 1621 2495 βασιλέως
1668 2429 1938 2483 ἀποπλεύς

353 2528 540 2581 σωμεν
572 2515 629 2564 ἐν
658 2516 724 2583 τῇ
750 2514 979 2585 Κύπρῳ.
1013 2515 1120 2568 Τοῦ
1153 2512 1245 2570 οὖν
1281 2517 1546 2587 βασιλέως
1570 2520 1946 2590 παρακαλοῦν-

348 2620 445 2667 τος
470 2605 808 2675 Ἐπιφάνιον,
844 2609 992 2671 ὅπως
1018 2608 1287 2679 διατρίψει
1319 2611 1535 2682 ἡμέρας
1554 2612 1702 2675 τινὰς
1728 2615 1819 2667 ἐπὶ
1844 2616 1944 2687 τὴν

354 2696 628 2767 βασιλίδα,
661 2698 689 2748 ὁ
722 2699 1041 2766 Ἐπιιράνιος
1072 2700 1259 2768 ἔλεγεν
1287 2702 1386 2772 τὴν
1418 2704 1597 2757 αἰτίαν
1631 2704 1731 2774 τῆς
1780 2707 1941 2777 ἐκδη-

357 2788 511 2856 μίας.
552 2790 663 2841 Καὶ
696 2790 903 2842 πάλινό
935 2789 1188 2858 βασιλεὺς
1230 2792 1447 2847 ἔπεισεν
1490 2794 1806 2865 Ἐπιφάνιον
1856 2798 1943 2851 διὰ

350 2877 463 2930 τῶν
494 2878 682 2946 λόγων.
723 2880 800 2951 Τῇ
839 2877 932 2934 οὖν
986 2882 1155 2935 ἕωθεν
1207 2884 1519 2955 εἰσέρχεταί
1551 2904 1635 2949 τις
1694 2888 1801 2941 τῶν
1844 2889 1941 2953 τὰς

351 2969 675 3037 ἀποκρίσεις
718 2970 985 3039 λεγόντων
1018 2975 1075 3026 ἐν
1112 2973 1190 3044 τῷ
1223 2974 1489 3046 βασιλικῷ
1549 2979 1801 3050 ταμιείῳ,
1859 2981 1941 3034 ὅτι

348 3061 736 3125 Φαυστινιανὸς
758 3063 786 3114 ό
813 3064 1149 3135 Κυπριώτης
1170 3066 1464 3121 κατέλυσεν
1488 3068 1580 3121 τὸν
1608 3069 1738 3139 βίον.
1761 3073 1944 3125 Ἀκού-

351 3169 453 3215 σας
487 3154 736 3207 δὲταῦτα
773 3156 1088 3224 Ἐπιφάνιος
1124 3158 1422 3229 ἐπένθησεν
1475 3162 1567 3215 ἐπὶ
1619 3165 1941 3217 Φαυστινια-

347 3245 465 3298 νοῦ.
507 3246 797 3315 Ἡθέλησεν
817 3243 908 3300 οὖν
940 3251 968 3301 ὁ
1004 3249 1256 3318 βασιλεὺς
1286 3252 1503 3307 ἅπαντα
1532 3255 1599 3307 τὰ
1628 3256 1941 3327 ὑπάρχοντα

347 3340 740 3394 Φαυστινιανοῦ
792 3341 871 3413 τῷ
930 3342 1192 3415 βασιλικῷ
1246 3347 1617 3417 παραπέμψαι
1668 3350 1938 3419 ταμιείῳο

352 3430 591 3501 μάλιστα
615 3434 695 3485 ὅτι
729 3433 789 3485 οὐ
823 3434 1147 3487 κατέλειπεν
1180 3436 1399 3506 σπέρμα
1432 3439 1523 3489 ἐπὶ
1563 3438 1663 3508 τῆς
1690 3441 1811 3509 γῆς.
1848 3436 1940 3493 Εἷ-

350 3541 451 3576 πεν
478 3524 534 3576 δέ
559 3524 875 3592 Ἐπιςςάνιος
906 3525 1041 3595 πρὸς
1070 3526 1324 3596 βασιλέοιν
1347 3529 1508 3598 Ὅρα,
1542 3530 1695 3599 φησὶ,
1730 3532 1938 3593 τέκνον,

352 3615 427 3684 μὴ
468 3615 711 3683 ποιήσεις
734 3614 1030 3684 ἁμαρτίαν.
1050 3616 1206 3668 Ἔστι
1236 3616 1345 3687 γὰρ
1373 3618 1509 3688 γυνὴ
1549 3620 1936 3674 Φαυστινιανοῦ

2055 1048 2277 1117 quidam
2297 1048 2576 1101 adducunt
2610 1048 2661 1101 in
2688 1047 2914 1117 regiam,
2943 1056 3002 1101 ut
3032 1047 3126 1115 qui
3147 1055 3291 1101 esset
3318 1053 3629 1109 accusatus.

2052 1139 2198 1210 quod
2240 1139 2613 1192 maledixisset
2647 1138 2982 1206 imperatori.
3017 1135 3181 1190 Jussu
3220 1151 3350 1205 ergo
3390 1136 3627 1204 impera-

2054 1233 2188 1287 toris
2246 1233 2533 1287 tenebatur
2591 1233 2644 1285 in
2693 1231 2960 1285 custodia.
2992 1228 3150 1295 Quod
3202 1245 3325 1282 cum
3368 1228 3630 1281 audiisset

2054 1323 2414 1393 Epiphanius,
2468 1323 2613 1376 venit
2668 1322 2721 1375 in
2772 1323 2978 1386 locum,
3030 1321 3085 1373 in
3115 1336 3224 1389 quo
3278 1320 3629 1373 detinebatur

2051 1411 2463 1468 Faustinianus.
2502 1413 2646 1466 Dixit
2675 1414 2839 1482 igitur
2872 1413 3209 1483 Epiphanius
3236 1411 3629 1465 Faustiniano:

2051 1505 2203 1560 Licet
2240 1506 2337 1560 tibi
2387 1522 2484 1575 per
2508 1523 2607 1561 nos
2647 1507 2797 1575 loqui
2834 1505 3185 1574 imperatori,
3220 1512 3274 1558 et
3307 1503 3629 1557 liberaberis

2049 1600 2119 1653 ab
2151 1600 2234 1653 his
2264 1600 2555 1669 angustiis.
2586 1598 2728 1652 Dixit
2758 1608 2939 1651 autem
2970 1597 3362 1651 Faustinianus
3389 1594 3625 1664 Epipha-

2048 1692 2141 1745 nio
2175 1709 2187 1744 :
2227 1690 2350 1754 Abi,
2397 1692 2575 1759 plane,
2601 1700 2654 1745 et
2690 1692 2939 1745 homines
2992 1691 3235 1743 incautos
3271 1688 3485 1755 decipe,
3530 1701 3629 1740 nec

2051 1783 2165 1835 haec
2215 1782 2382 1834 verba
2416 1782 2635 1851 loquere
2672 1781 3048 1835 Faustiniano.
3085 1760 3291 1832 Venisti
3337 1776 3443 1831 huc
3496 1775 3627 1829 mihi

2046 1876 2233 1930 verbis
2267 1874 2577 1940 insultans;
2624 1874 2801 1943 fugies
2854 1873 3051 1927 deinde
3103 1873 3155 1925 in
3189 1870 3451 1942 Cyprum.
3482 1868 3629 1921 Vade

2050 1968 2180 2022 hinc
2210 1968 2266 2021 in
2305 1966 2643 2021 Plitenieiam
2674 2007 2690 2033 ,
2721 1975 2772 2020 et
2809 1965 2979 2019 malos
3014 1965 3131 2018 dies
3171 1978 3298 2033 ages
3345 1969 3626 2031 perpetuo.

2050 2058 2349 2129 Postquam
2386 2059 2504 2113 haec
2532 2058 2668 2113 dixit
2703 2057 2755 2111 in
2792 2056 3156 2126 Epiphaniam
3187 2053 3375 2108 furens
3410 2051 3627 2106 Fausti-

2048 2150 2264 2214 nianus,
2297 2151 2504 2220 accepit
2533 2166 2619 2204 me
2652 2148 3013 2219 Epiphanius,
3045 2159 3099 2203 et
3132 2148 3330 2201 ivimus
3358 2146 3410 2199 in
3442 2144 3625 2199 aulam

2050 2240 2421 2310 imperatoris,
2452 2249 2512 2295 ut
2543 2256 2723 2311 regem
2764 2240 3085 2309 juberemus
3118 2239 3322 2302 valere,
3348 2237 3627 2292 etiremus

1976 2306 2018 2362 Β
2050 2332 2104 2386 in
2130 2306 2394 2403 Cyprum.
2441 2306 2778 2402 Imperatore'
2803 2347 2933 2387 vero
2979 2341 3205 2401 rogante
3236 2328 3624 2400 Epiphanium,

2046 2434 2107 2479 ut
2136 2426 2343 2495 aliquot
2369 2425 2486 2479 dies
2516 2434 2825 2479 versaretur
2855 2425 2907 2478 in
2933 2425 3103 2493 regia,
3134 2422 3469 2493 Epiphanius
3496 2436 3628 2477 cau-

2047 2531 2164 2569 sam
2222 2532 2322 2570 cur
2385 2515 2653 2584 proficisci
2717 2514 2877 2567 vellet
2925 2513 3162 2567 dieebat.
3215 2514 3284 2566 At
3332 2512 3627 2580 imperator

2048 2620 2242 2660 rursus
2270 2606 2499 2659 retinuit
2536 2606 2922 2675 Epiphanium.
2955 2603 3111 2658 Mane
3165 2612 3348 2657 autem
3390 2602 3622 2673 ingredi-

2046 2707 2134 2751 tur
2155 2698 2375 2766 quidam
2401 2714 2464 2753 ex
2502 2698 2569 2752 iis
2593 2736 2607 2760 ,
2644 2698 2738 2765 qui
2764 2712 3027 2766 responsa
3054 2695 3319 2759 referunt,
3356 2695 3409 2749 in
3445 2695 3625 2749 aulam

2046 2790 2273 2859 regiam,
2302 2790 2489 2844 dicens
2501 2788 2918 2844 Faustinianuln
2937 2790 3196 2859 Cyprium
3214 2788 3378 2842 vitam
3398 2787 3624 2843 ﬁniisse.

2045 2882 2181 2935 Cum
2209 2882 2322 2936 haec
2346 2883 2608 2936 audiisset
2633 2880 2997 2951 Epiphanius,
3028 2881 3166 2934 luxit
3190 2880 3625 2934 Faustinianum.

2045 2972 2296 3028 Decrevit
2326 2982 2506 3027 autem
2543 2974 2861 3043 imperator,
2888 2983 2947 3027 ut
2978 2971 3322 3027 deferrentur
3344 2972 3397 3024 in
3435 2971 3626 3025 [iscum

2045 3082 2387 3136 quaecunque
2435 3076 2592 3121 erant
2639 3064 3004 3129 Faustiniani,
3038 3066 3277 3119 maxime
3309 3064 3454 3133 quod
3498 3079 3623 3132 pro-

2046 3158 2150 3211 lem
2188 3174 2293 3213 non
2324 3160 2640 3228 reliquisset
2674 3176 2838 3227 super
2866 3171 3085 3213 terram.
3122 3157 3269 3212 Dixit
3310 3172 3440 3211 vero
3489 3157 3619 3223 Epi-

2047 3250 2284 3319 phanius
2334 3251 2650 3315 imperatori
2690 3269 2701 3304 :
2746 3249 2878 3305 Vide
2905 3291 2918 3313 ,
2948 3266 2980 3305 ο
3012 3250 3086 3303 lili
3110 3291 3124 3315 ,
3157 3265 3225 3303 ne
3277 3264 3487 3315 pecces.
3526 3246 3620 3302 Est

2045 3340 2189 3394 enim
2222 3355 2361 3393 uxor
2388 3340 2727 3395 Faustiniani
2759 3340 2926 3394 Deum
2950 3355 3016 3394 ex
3048 3341 3212 3395 corde
3259 3340 3467 3393 colens.
3496 3338 3624 3393 Cre-

2045 3429 2113 3484 de
2145 3430 2326 3485 verbis
2360 3430 2670 3500 Epiphanii.
2704 3439 2756 3484 et
2780 3432 2881 3484 erit
2908 3431 2999 3484 tibi
3046 3432 3217 3501 gratia
3246 3430 3388 3498 apud
3423 3430 3609 3485 Altissi

2046 3520 2402 3575 mum.Tunc
2454 3520 2677 3575 tradidit
2730 3522 3025 3590 imperator
3072 3520 3453 3574 auctoritatem
3500 3518 3623 3588 Epi-

2048 3614 2252 3682 phanio
2284 3612 2338 3667 in
2368 3614 2625 3668 omnibus
2656 3614 2820 3667 rebus
2868 3611 3227 3668 Faustiniani.
3268 3612 3412 3666 Dixit
3442 3623 3621 3668 autem

347 3699 677 3751 θεοσεϐοῦσα
704 3701 809 3752 ἀπὸ
836 3702 1081 3772 καρδίας.
1110 3704 1373 3774 Πείσθητι
1393 3705 1570 3774 λόγοις
1597 3708 1937 3778 Ἐπιφανίου,

2049 3705 2390 3777 Epiphanius
2441 3707 2759 3776 imperatori
2792 3725 2804 3760 :
2856 3705 3037 3760 Habeo
3074 3705 3285 3769 Deum,
3317 3721 3350 3759 ο
3383 3707 3493 3770 ﬁli,
3529 3708 3622 3775 qui

347 3788 443 3839 καὶ
479 3788 630 3841 ἔσται
666 3808 746 3841 σοι
772 3791 930 3859 χάρις
962 3793 1113 3863 παρὰ
1152 3793 1430 3863 Ὑψίστου.
1480 3797 1612 3851 Τότε
1640 3802 1667 3852 ὁ
1690 3800 1942 3869 βασιλεὺς

347 3879 646 3933 ἀποδίδωσι
666 3880 763 3952 τὴν
780 3882 1067 3937 αὐθεντίαν
1084 3887 1263 3939 πᾶσαν
1298 3888 1605 3961 Ἐπιφανίῳ
1636 3892 1744 3945 τῶν
1804 3912 1941 3965 πρα-

346 3973 576 4043 γμάτων
596 3976 1004 4031 Φαυστινιανοῦ.
1037 3974 1203 4033 Εἶπεν
1226 3979 1317 4035 οῦν
1342 3984 1659 4054 Ἐπιφάνιος
1683 4004 1819 4059 προς
1849 3991 1941 4045 τὸν

348 4065 608 4136 βασιλέα·
648 4069 797 4138 Ἔχω
826 4070 914 4122 τὸν
946 4070 1098 4134 Θεὸν,
1126 4073 1336 4137 τέκνον,
1386 4075 1479 4130 τὸν
1518 4077 1828 4149 παρέχοντα
1871 4082 1939 4136 τὰ

346 4156 487 4228 πρὸς
515 4157 612 4229 τὴν
640 4160 858 4229 χρείαν,
897 4163 990 4214 καὶ
1017 4162 1194 4215 ταῦτα
1219 4165 1397 4219 πάντα
1429 4168 1567 4238 μετὰ
1594 4169 1819 4241 γνώμης
1840 4173 1940 4243 τῆς

348 4251 612 4316 γυναικὸς
642 4252 993 4323 ἀποδώσομεν
1019 4258 1130 4319 τοῖς
1152 4256 1449 4327 δεομένοις.
1476 4260 1664 4316 Ταῦτα
1694 4264 1939 4329 εἰπόντος

347 4341 692 4410 Ἑπιιρανίου,
716 4340 868 4398 εἶπεν
896 4347 923 4397 ὁ
963 4345 1215 4415 βασιλεύς
1234 4364 1249 4380 ο
1301 4349 1531 4419 Αίτησαι
1555 4394 1569 4416 ,
1599 4353 1800 4427 Πάτερ,
1863 4349 1937 4409 ὧν

346 4431 595 4504 χρῄζεις,
627 4436 720 4487 καὶ
743 4436 937 4507 ἔσομαι
971 4438 1145 4503 διδοὺς
1180 4440 1239 4492 ἐν
1278 4443 1613 4514 προαιρέσει.
1660 4442 1827 4500 Εἶπεν
1880 4450 1936 4504 δέ

345 4524 668 4593 Ἐπιφὰνιος
697 4527 835 4599 πρὸς
863 4529 951 4581 τὸν
986 4529 1207 4598 βασιλέα
1232 4548 1244 4560 ·
1271 4532 1515 4587 Φύλασσε
1548 4538 1714 4607 ἐμοὺς
1745 4539 1935 4608 λόγους

344 4618 725 4683 ἀδιαλείπτως,
760 4621 854 4672 καὶ
885 4621 971 4691 ἔχε
1002 4638 1092 4691 με,
1126 4622 1338 4687 τέκνον,
1394 4628 1536 4681 κατὰ
1594 4628 1768 4701 ψυχήν
1816 4649 1929 4687 σου.

343 4708 533 4761 Ταῦτα
594 4708 651 4761 δὲ
704 4711 952 4775 εἰπόντος
1000 4713 1344 4783 Ἐπιφανίου,
1398 4718 1720 4790 συνεξῆλθεν
1749 4724 1933 4793 ήμῖνό

345 4803 602 4872 βασιλεὺς
634 4805 697 4856 ὲκ
730 4804 823 4858 τοῦ
850 4806 1121 4876 ταμιείου,
1152 4807 1245 4860 καὶ
1263 4809 1634 4879 παρεκάλεσεν
1655 4813 1747 4865 τὸν
1782 4815 1932 4866 Ἐπι-

343 4896 535 4963 φάνιον
567 4898 716 4960 ὅπως
748 4898 910 4951 αὑτὸν
949 4898 1254 4969 εὐλογήσει.
1317 4902 1426 4953 Καὶ
1488 4904 1718 4973 ποιήσας
1766 4906 1931 4978 εὐχὴν

2046 3799 2181 3852 mihi
2216 3798 2443 3867 prabet,
2480 3815 2602 3868 qua:
2629 3810 2757 3853 sunt
2779 3799 3087 3853 necessaria
3116 3818 3128 3852 :
3160 3798 3253 3852 sed
3296 3801 3412 3854 haec
3440 3800 3623 3854 omnia

2045 3904 2112 3943 ex
2178 3888 2327 3942 illius
2390 3890 2636 3943 mulieris
2694 3889 2963 3942 sententia
3008 3888 3261 3942 dabimus
3305 3890 3620 3959 egentibus.

2044 3978 2183 4034 Cum
2218 3979 2334 4035 haec
2390 3980 2559 4049 igitur
2602 3978 2920 4048 imperatori
2971 3978 3199 4032 dixisset
3238 3977 3578 4047 Epiphanius
3605 4019 3620 4045 ,

2044 4070 2343 4139 imperator
2373 4069 2512 4123 dixit
2540 4070 2587 4124 ei
2624 4087 2638 4124 :
2680 4069 2828 4133 Pete,
2861 4069 3040 4135 Pater,
3066 4085 3129 4124 ea
3160 4070 3361 4138 quibus
3389 4070 3620 4139 indiges,

2041 4168 2095 4215 et
2122 4177 2185 4214 ea
2216 4161 2465 4217 lubenter
2501 4162 2593 4215 tibi
2620 4161 2781 4216 dabo.
2816 4160 3134 4231 Imperatori
3182 4162 3463 4231 respondit
3494 4161 3620 4230 Epi-

2042 4256 2280 4327 phanius
2312 4273 2325 4308 :
2363 4256 2631 4327 Perpetuo
2673 4272 2831 4312 serva
2882 4273 3034 4313 meos
3094 4272 3409 4323 sermones,
3441 4268 3495 4314 et
3531 4274 3619 4315 me

2042 4350 2203 4415 habe,
2236 4349 2331 4416 liii,
2364 4349 2417 4402 in
2452 4349 2638 4402 animo
2673 4357 2788 4403 tuo.
2822 4347 2957 4403 Cum
2982 4349 3097 4403 haec
3122 4348 3349 4404 dixisset
3383 4348 3619 4420 Epipha-

2040 4446 2184 4504 nius,
2238 4456 2345 4495 una
2399 4441 2687 4495 nobiscum
2738 4455 2803 4494 ex
2864 4440 2987 4495 aula
3044 4455 3299 4510 egressus
3336 4448 3419 4495 est
3447 4441 3616 4511 impe-

2038 4543 2218 4598 rator,
2247 4543 2300 4589 et
2348 4533 2559 4603 rogavit
2582 4531 2971 4603 Epiphanium,
3007 4542 3067 4586 ut
3111 4530 3215 4587 sibi
3250 4531 3615 4587 benediceret.

2037 4626 2287 4696 Cumque
2333 4626 2637 4681 orationem
2690 4626 2912 4680 fecisset
2940 4624 3300 4694 Epiphanius,
3336 4624 3619 4680 benedixit

2036 4719 2379 4789 imperatori,
2412 4728 2467 4774 et
2492 4735 2617 4773 eum
2653 4719 2929 4773 salutavit.
2962 4718 3027 4772 Et
3058 4735 3312 4775 reversus
3340 4728 3425 4774 est
3450 4720 3617 4789 impe-

2036 4823 2187 4866 rator
2230 4813 2284 4866 in
2314 4828 2448 4882 pace
2480 4812 2532 4865 in
2556 4811 2739 4865 aulam
2784 4826 2941 4865 suam
2977 4827 2992 4876 ;
3021 4826 3121 4865 nos
3144 4826 3272 4864 vero
3301 4809 3477 4880 spatio
3509 4825 3613 4864 no-

2034 4919 2153 4957 vem
2182 4903 2394 4959 dierum
2420 4901 2796 4971 navigavimus
2822 4902 2874 4955 in
2903 4900 3163 4971 Cyprum,
3187 4908 3240 4955 et
3264 4899 3462 4957 fratres
3483 4917 3608 4955 cum

341 4989 663 5058 Ἐπιφάνιος
721 4991 1014 5063 εὐλόγησεν
1065 4992 1157 5044 τὸν
1197 4992 1440 5062 βασιλέα,
1501 4996 1594 5046 καὶ
1645 4997 1930 5064 ἠσπάσατο

2042 5011 2233 5067 magno
2264 5012 2365 5051 nos
2394 4995 2592 5065 gaudio
2609 5003 2941 5064 exceperunt
2973 5011 2987 5060 ;
3035 4993 3455 5064 invenimusque
3478 5010 3615 5049 uxo-

340 5079 525 5145 αὑτὸν,
559 5082 653 5133 καὶ
682 5082 1020 5154 ὑπέστρεψεν
1041 5084 1069 5135 ὁ
1101 5083 1350 5153 βασιλεὺς
1370 5087 1427 5137 ὲν
1459 5085 1535 5156 τῷ
1564 5089 1795 5160 ταμιείῳ
1822 5090 1918 5143 αὐ-

338 5170 435 5224 τοῦ
467 5171 586 5242 μετ’
616 5174 857 5243 εἰρήνης.
901 5174 1093 5244 Ἡμεῖς
1125 5174 1181 5227 δὲ
1233 5176 1300 5228 δι’
1351 5176 1506 5229 ἐννέα
1538 5178 1758 5249 ἡμερῶν
1812 5183 1920 5234 ἀπ-

338 5260 688 5332 επλεύσαμεν
716 5264 772 5315 ἐν
793 5261 1021 5335 Κύπρῳ,
1050 5265 1142 5317 καὶ
1168 5264 1495 5331 ἀπεδέξαντο
1517 5269 1663 5337 ἡμᾶς
1697 5269 1745 5320 οἱ
1770 5269 1922 5323 ἀδελ-

338 5353 434 5420 φοὶ
468 5352 610 5422 μετὰ
650 5356 827 5425 χαρᾶς
863 5355 1133 5425 μεγάλης’
1167 5356 1403 5428 εὕρομεν
1441 5358 1499 5411 δὲ
1545 5359 1649 5429 τὴν
1687 5364 1919 5428 γυναῖκα

335 5444 726 5497 Φαυστινιανοῦ
794 5445 1096 5499 πενθοῦσαν
1143 5447 1271 5518 περὶ
1337 5448 1433 5502 τοῦ
1480 5450 1672 5522 ἀνδρὸς
1728 5454 1919 5523 αὐτῆς.

338 5537 450 5589 Καὶ
476 5536 904 5609 παρεμυθήσατο
939 5538 1111 5610 αὐτὴν
1164 5540 1482 5609 Ἐπιφάνιος
1517 5543 1609 5596 ἐπὶ
1667 5545 1813 5617 πάσῃ
1853 5550 1920 5618 τῇ

336 5626 514 5697 θλίψει
541 5629 732 5698 αὐτῆς,
764 5631 858 5683 καὶ
880 5630 1105 5702 ἐπείσθη
1125 5634 1239 5695 τοῖς
1262 5631 1441 5701 λόγοις
1469 5633 1654 5697 αὐτοῦ,
1674 5636 1766 5689 καὶ
1784 5654 1921 5710 παρα

2033 5104 2148 5143 rem
2179 5087 2523 5142 Faustiniani
2570 5087 2847 5157 lugentem
2903 5086 3159 5140 maritum
3194 5100 3377 5140 suum.
3407 5084 3615 5141 Conso-

2028 5181 2173 5235 latus
2199 5189 2281 5234 est
2315 5181 2481 5251 igitur
2508 5195 2628 5234 eam
2658 5178 2997 5249 Epiphanius
3021 5178 3077 5232 in
3100 5185 3213 5231 tota
3239 5193 3335 5232 sua
3361 5176 3613 5233 afﬂictio-

2030 5289 2117 5328 ne.
2157 5273 2290 5340 Quae
2308 5273 2491 5343 paruit
2513 5271 2695 5327 verbis
2726 5269 3039 5339 Epiphanii,
3068 5268 3395 5339 rogavitque
3430 5269 3610 5333 illum,

2036 5377 2095 5422 ut
2129 5368 2286 5422 daret
2319 5367 2369 5422 ei
2409 5367 2461 5421 id
2500 5365 2646 5437 quod
2692 5374 2777 5419 est
2821 5365 2874 5418 in
2904 5364 3125 5419 Christo
3155 5362 3525 5434 signaculum,
3558 5372 3615 5417 et

2030 5459 2330 5530 baptizavit
2363 5474 2483 5514 eam
2509 5499 2525 5525 ,
2553 5467 2606 5513 et
2638 5456 2916 5512 ordinavit
2948 5470 3068 5510 eam
3099 5455 3471 5510 diaconissam
3507 5453 3611 5509 Ec-

2029 5552 2211 5605 clesia:
2242 5568 2256 5603 :
2291 5560 2347 5604 et
2382 5549 2564 5603 omnia
2600 5549 2721 5618 ejus
2751 5547 2890 5603 bona
2917 5562 2983 5602 ex
3018 5545 3287 5602 sententia
3317 5544 3608 5616 Epiphanii

2030 5642 2157 5697 data
2195 5651 2324 5696 sunt
2348 5641 2740 5712 indigentibus.

334 5720 595 5778 εκάλεσεν
644 5722 962 5795 Ἐπιφὰνιον
1018 5724 1167 5791 ὅπως
1201 5722 1362 5778 δώσει
1410 5725 1547 5797 αὐτῇ
1591 5725 1691 5797 τὴν
1738 5729 1798 5782 ἐν
1828 5731 2052 5803 Χριστῷ
2114 5732 2405 5803 σφραγῖδα,
2476 5732 2568 5788 καί
2617 5732 2886 5803 βαπτίσας
2956 5731 3143 5803 αὐτὴν,
3197 5730 3605 5803 ἐχειροτόνησεν
