4088 6362
448 334 514 388 99
1756 333 1816 390 S.
1858 333 2201 390 EPIPHANII
2242 336 2421 392 VITA.

3607 329 3704 384 l00

447 443 614 514 αὐτὴν
643 443 886 498 διάκονον
914 461 1009 513 της
1032 443 1396 514 Ἐκκλησίαςο
1449 445 1541 498 καὶ
1593 441 1661 515 ἦν
1691 447 1903 501 ἅπαντα
1946 449 2014 502 τά
2053 451 2352 521 πράγματα
2400 451 2566 522 αὐτῆς
2603 453 2660 504 ἐν
2708 454 2778 522 τῇ
2827 451 3022 523 γνώμῃ
3079 447 3397 520 Ἐπιφανίου
3451 447 3703 516 διδόμενα

447 543 555 602 τοῖς
589 539 882 608 δεομένοις.

517 597 654 681 LIX.
681 597 993 697 Aliquando
1017 638 1200 682 autem
1227 645 1508 684 sermones
1531 631 1761 686 contulit
1787 631 2009 702 Epipha-

2189 597 2331 687 ΝΘΩ.
2353 631 2489 684 Ποτέ
2520 625 2613 684 οὖν
2668 631 2900 700 συνῆρεν
2956 629 3145 697 λόγους
3198 627 3513 697 Ἐπιφάνιος
3566 626 3702 696 πρὶς

450 723 570 774 nius
611 736 734 774 cum
771 721 946 783 Aetio,
982 720 1070 788 qui
1103 731 1219 773 erat
1241 762 1256 785 ,
1289 728 1347 773 ut
1379 721 1554 783 aiunt,
1588 724 1878 792 episc0pus
1909 726 2016 779 Va-

450 812 890 863 lentinianorum.
934 810 1211 880 Erantque
1258 811 1595 868 Constantia:
1649 817 1802 870 multi
1853 817 2016 886 hujus

450 901 689 956 haeresis.
717 903 850 955 Cum
885 903 1048 972 igitur
1084 903 1270 956 multis
1304 905 1488 958 verbis
1535 909 1885 961 contenderet
1909 911 2017 961 Ae—

449 992 580 1056 tius,
612 1002 666 1046 et
717 993 782 1047 de
813 994 1095 1048 Altissimo
1131 995 1332 1049 multas
1369 997 1574 1050 diceret
1605 999 1971 1067 hlasphemias
1997 1039 2011 1063 ,

445 1084 584 1137 dixit
615 1087 662 1138 ei
696 1085 1069 1152 Epiphanius:
1109 1088 1328 1155 Accipe,
1378 1103 1411 1142 o
1463 1089 1629 1157 impie
1653 1089 1770 1143 Acti
1797 1132 1810 1154 ,
1840 1090 1891 1143 in
1923 1105 2018 1144 ore

447 1182 540 1227 tuo
596 1175 933 1243 repagulum,
980 1187 1033 1229 et
1062 1191 1171 1230 non
1216 1177 1456 1246 loqueris
1501 1178 1666 1231 verba
1705 1179 2014 1233 insolentia.

445 1267 578 1332 Cum
607 1268 841 1337 primum
873 1268 976 1322 hoc
1005 1269 1230 1322 dixisset
1259 1267 1614 1338 Epiphanius,
1653 1270 1805 1324 Aetio
1836 1285 1900 1324 os
1918 1270 2019 1324 fuit

444 1361 807 1427 obstructum,
851 1370 905 1414 et
957 1361 1144 1415 abillo
1185 1361 1272 1415 die
1320 1378 1428 1415 non
1461 1363 1638 1429 potuit
1670 1363 1906 1433 amplius
1935 1365 2017 1417 lo-

444 1453 559 1522 qui.
602 1451 739 1505 Cum
798 1462 976 1505 autem
1011 1452 1296 1517 vidissent,
1332 1453 1424 1522 qui
1460 1462 1617 1506 erant
1655 1453 1776 1522 ejus
1809 1464 1970 1507 sectae
1998 1493 2014 1518 ,

444 1543 591 1612 quod
639 1559 734 1612 per
764 1545 991 1598 verbum
1031 1544 1080 1599 ei
1124 1562 1187 1600 os
1232 1546 1598 1601 obstruxisset
1636 1545 2015 1615 Epiphanius,

445 1635 601 1704 proni
651 1649 842 1689 omnes
888 1635 1238 1701 ceciderunt,
1281 1647 1336 1692 et
1361 1639 1707 1691 anathemate
1730 1653 2016 1706 percusse-

445 1736 574 1779 runt
615 1741 767 1780 suam
818 1726 1156 1796 religionem,
1225 1735 1278 1782 et
1342 1727 1470 1783 facti
1509 1737 1637 1782 sunt
1695 1729 2013 1783 orthodoxi.

445 1817 645 1873 Mansit
702 1835 829 1874 vero
884 1821 1075 1875 Aelius
1129 1837 1225 1875 sex
1266 1821 1460 1875 diebus
1501 1836 1609 1874 non
1664 1821 2017 1889 loquens,et

446 1912 675 1978 septimo
718 1912 804 1965 die
834 1911 998 1966 vitam
1024 1913 1184 1966 liniit.
1218 1911 1385 1966 Erant
1415 1923 1597 1967 autem
1638 1913 1760 1968 alia:
1794 1929 2015 1984 quoque

2120 722 2326 774 Ἀέτιον
2377 722 2468 774 τὸν
2514 721 2808 772 ἐπίσκοπον
2865 718 2974 773 τῶν
3019 712 3701 800 Οὑαλεντινιανῶν.Ἶ-1σαν

2121 813 2298 885 πλήθη
2325 814 2415 866 ἐπὶ
2442 814 2541 884 τῆς
2573 813 2956 875 Κωνσταντίας
2978 814 3026 864 οἱ
3055 813 3152 882 τῆς
3182 812 3443 882 αἱρέσεως
3472 807 3698 878 ταύτης.

2121 906 2230 957 Καὶ
2255 905 2316 975 δὴ
2356 904 2629 967 πλείστοις
2678 904 2857 971 λόγοις
2909 901 3227 971 φιλονεικῶν
3276 903 3303 954 ὁ
3350 901 3576 961 Ἀέτιος,
3608 898 3700 949 καὶ

2121 997 2200 1057 είς
2229 995 2576 1065 βλασφημίας
2610 994 2808 1058 πολλὰς
2839 995 2964 1064 περὶ
2995 993 3085 1046 τὸν
3122 991 3383 1060 ’Ὕψιστον
3433 990 3697 1051 ἐλθόντος,

2121 1081 2274 1138 εἶπεν
2301 1088 2615 1154 Ἐπιφάνιος
2645 1088 2779 1156 πρὸς
2837 1087 3030 1139 αὐτόν·
3078 1086 3246 1149 Λάϐε,
3310 1084 3493 1153 φησὶν,
3527 1083 3699 1136 ’Λέτιε

2121 1177 2533 1242 δυσσεϐέστατε,
2561 1178 2814 1246 κατόχιον
2855 1178 2947 1229 ἐπὶ
2975 1177 3053 1246 τῷ
3090 1176 3317 1244 στόματί
3345 1192 3458 1235 σου,
3486 1174 3579 1226 καὶ
3601 1174 3696 1243 ἕση

2126 1269 2200 1338 μὴ
2223 1268 2398 1323 λαλῶν
2425 1270 2690 1332 ἀτάκτους
2724 1268 2933 1336 λόγους.
2964 1270 3072 1320 Καὶ
3097 1268 3298 1328 εύθέως
3324 1271 3351 1318 ὀ
3385 1265 3587 1327 Ἀέτιος
3609 1265 3700 1316 ἐπί

2119 1362 2366 1431 τῷλόγῳ
2398 1362 2719 1430 Ἐπιφανίου
2774 1360 3046 1431 ἐφιμώθη,
3075 1360 3170 1412 καὶ
3223 1359 3406 1412 οὐκέτι
3460 1356 3698 1426 ἠδυνήθη

2121 1455 2351 1524 λαλῆσαι
2375 1455 2533 1522 λόγον
2568 1455 2677 1507 ἀπὸ
2702 1456 2799 1522 τῆς
2830 1455 3042 1526 ἡμέρας
3071 1454 3307 1523 ἐκείνης.
3336 1451 3554 1512 Ἰδόντες
3605 1445 3697 1502 οὖν

2118 1547 2168 1598 οί
2201 1546 2300 1615 τῆς
2331 1545 2592 1615 αἱρέσεως
2617 1543 2802 1607 αὑτοῦ,
2827 1546 2906 1597 ὅτι
2921 1545 3008 1598 διὰ
3035 1544 3192 1611 λόγου
3211 1541 3484 1611 ἐφίμωσεν
3513 1539 3696 1600 αὑτὸν,

2122 1637 2466 1707 προσέπεσαν
2501 1637 2738 1698 ἅπαντες
2771 1637 3092 1706 Ἐπιφανίῳ,
3151 1634 3246 1688 καὶ
3303 1631 3697 1701 ἀνεθεμάτισαν

2120 1728 2218 1799 τὴν
2261 1727 2394 1780 ἰδίαν
2422 1727 2720 1798 θρησκείαν
2756 1728 2954 1793 αὐτῶν,
2991 1728 3084 1782 καὶ
3118 1726 3365 1794 ἐγένοντο
3387 1721 3654 1794 ὀρθόδοξοι
3681 1738 3694 1750 ”

2120 1820 2332 1890 ἔμεινεν
2355 1820 2410 1872 δὲ
2433 1822 2460 1872 ό
2487 1820 2689 1881 Ἀέτιος
2715 1819 2773 1885 ἓξ
2797 1819 3012 1890 ἡμέρας
3035 1818 3110 1888 μὴ
3135 1817 3331 1878 λαλῶν,
3355 1816 3450 1867 καὶ
3466 1816 3531 1883 τῇ
3549 1812 3696 1864 ἐϐδό-

2124 1929 2198 1984 μῃ
2247 1911 2432 1982 ἡμέρᾳ⁵
2473 1911 2769 1964 κατέλυσεν
2821 1911 2908 1965 τὸν
2944 1911 3056 1980 βίον
3089 1908 3274 1963 αὑτοῦ.
3307 1904 3488 1960 Ἦσαν
3520 1905 3576 1956 δὲ
3603 1905 3696 1959 καὶ

444 1977 690 2070 plurima-
721 2003 953 2058 haereses
981 2005 1035 2057 in
1069 2004 1243 2057 insula
1271 2002 1620 2074 Cypriorum,
1657 2006 1739 2059 ha:
1767 2005 2009 2069 scilicet,

2291 1977 2548 2054 vnisi’szat
2572 1999 2808 2070 αἱρέσεις
2836 2001 2892 2051 ἐν
2915 1977 2981 2068 τῇ
3013 1997 3273 2068 Κυπρίων
3295 1995 3469 2066 χώρα,
3494 1992 3693 2055 αἵτινές

443 2090 786 2160 Ophitarum,
842 2093 1307 2158 Sabellianornm,
1361 2090 1788 2159 Nicolaitarum,
1840 2094 2016 2148 Simo-

443 2181 732 2234 nianorum
760 2192 814 2236 et
843 2181 1411 2251 Carpocratianorum.
1438 2180 1514 2236 De
1530 2183 1614 2237 his
1646 2183 1864 2253 scripsit
1890 2182 2016 2253 Epi-

441 2274 678 2341 phanius
707 2273 991 2341 epistolam
1015 2273 1080 2326 ad
1105 2253 1486 2327 I'l'neodosium
1515 2288 1922 2342 imperatorem,
1951 2283 2010 2328 ut

443 2364 834 2418 constitutione
871 2365 1017 2431 regia
1049 2381 1144 2419 eos
1173 2366 1468 2434 expelleret
1495 2382 1563 2420 ex
1600 2366 1801 2420 insula.
1835 2364 2008 2420 Erant

440 2455 586 2508 enim
620 2456 762 2510 inter
796 2472 890 2510 eos
927 2457 1026 2510 viri
1063 2457 1281 2522 divites,
1317 2458 1516 2526 quibus
1545 2457 1802 2512 mandata
1838 2456 2016 2512 fuerat

441 2563 570 2600 cura
625 2563 806 2601 rerum
860 2549 1246 2617 publicarum;
1300 2560 1355 2604 et
1405 2550 1785 2619 deprimebant
1823 2550 2014 2604 ortho-

441 2642 633 2693 doxos.
661 2640 796 2692 Cum
829 2648 1008 2693 autem
1040 2640 1342 2710 accepisset
1382 2641 1678 2709 imperator
1706 2641 1913 2695 litteras
1943 2639 2013 2694 ab

456 2728 780 2800 Epiphanio,
816 2733 1033 2800 scripsit
1063 2733 1116 2785 in
1149 2733 1288 2786 hanc
1315 2731 1547 2786 formam
1582 2751 1594 2786 :
1631 2732 1686 2786 Si
1718 2735 1841 2803 quis
1865 2733 2013 2788 Patri

441 2805 745 2891 Epiphanio
783 2824 1042 2894 episcopo
1075 2825 1313 2894 regionis
1345 2825 1671 2895 Cypriorum
1711 2842 1816 2880 non
1860 2836 2014 2896 paret

434 2904 536 2980 per
590 2915 753 2968 verba
803 2917 983 2970 divina
1010 2955 1024 2979 ,
1063 2926 1221 2970 exeat
1247 2933 1313 2970 ex
1347 2917 1524 2972 insula
1550 2958 1566 2982 ,
1605 2927 1660 2972 et
1688 2918 1894 2973 habitet
1923 2921 2012 2974 ubi

449 3007 586 3061 velit.
616 3005 673 3059 Si
715 3006 807 3076 qui
841 3016 1023 3061 autent
1049 3007 1398 3071 sunLamiCi,
1427 3018 1477 3060 et
1511 3008 1605 3060 lilii
1645 3009 2007 3077 paenitentiae,

438 3109 493 3151 et
521 3098 854 3152 confitentur
896 3099 1175 3152 communi
1207 3098 1391 3163 Patri,
1421 3099 1598 3170 quod,
1630 3116 1754 3154 cum
1779 3102 1888 3154 sint
1919 3101 2010 3156 αθ.

437 3190 600 3259 cepti,
647 3192 814 3245 velint
851 3194 1035 3246 venire
1062 3193 1128 3246 ad
1162 3193 1485 3260 veritatem,
1518 3203 1792 3258 maneant,
1827 3205 1883 3248 ut
1917 3196 2011 3250 do-

437 3293 664 3335 ceantur
693 3300 723 3336 a
752 3285 1034 3337 communi
1065 3283 1242 3338 Patre.
1269 3283 1425 3351 Quod
1452 3286 1689 3339 edictum
1712 3301 1835 3340 cum
1861 3295 2006 3340 esset
2029 3318 2075 3374 ¹ο

437 3388 467 3424 a
505 3373 768 3426 militibus
819 3374 1079 3438 allatum,
1128 3385 1181 3428 et
1219 3375 1588 3443 publicatum,
1627 3376 1781 3429 multi
1815 3391 1883 3430 ex
1923 3377 2004 3431 eis

437 3466 787 3519 crediderunt
814 3465 1136 3535 Epiphanio.
1173 3465 1282 3533 Qui
1314 3483 1444 3523 vero
1491 3483 1600 3522 non
1630 3467 2001 3533 crediderunt,

448 3557 628 3612 statim
659 3557 814 3627 ejecti
847 3567 972 3612 sunt
997 3575 1066 3613 cx
1099 3559 1297 3614 insula.

504 3823 614 3880 LX.
665 3823 792 3879 Erat
840 3835 1021 3879 autem
1067 3825 1406 3882 Alexandriae
1452 3827 1671 3896 quidam
1719 3828 2005 3900 episcopus

435 3918 655 3971 nomine
689 3915 1041 3986 Theophilus.
1094 3916 1143 3972 ls
1178 3918 1366 3972 habuit
1415 3935 1666 3989 magnam
1717 3919 2003 3989 Epiphanii

433 4011 704 4064 notitiam.
753 4009 918 4064 Erant
949 4026 1077 4064 vero
1118 4020 1228 4064 tres
1271 4009 1468 4066 fratres
1513 4012 1870 4076 Alexandria,
1907 4012 2002 4068 lilii

433 4101 803 4167 lleracleouis,
835 4101 928 4171 qui
963 4103 1321 4171 imperaverat
1346 4102 1402 4156 in
1427 4118 1489 4156 ea
1524 4103 1762 4156 civitate.
1789 4102 2004 4157 Mortuo

431 4210 560 4248 νυνι)
592 4205 741 4264 patre
768 4209 975 4260 COI'lllll,
1007 4205 1116 4248 tres
1151 4209 1214 4247 CX
1253 4210 1522 4250 COIISCDSU
1556 4197 1846 4250 voluerunt
1883 4212 2005 4253 CSSB

432 4286 706 4341 monachi.
764 4285 868 4351 Qui
921 4287 1143 4355 profecti
1215 4288 1270 4340 in
1327 4286 1710 4351 solitudinem,
1765 4289 2002 4358 quietem

431 4380 661 4448 agebant
697 4380 748 4433 in
779 4381 1027 4443 silentio,
1069 4391 1121 4434 et
1167 4383 1391 4435 honesta
1443 4383 1549 4434 vita
1584 4391 1740 4436 erant
1769 4383 1997 4452 praediti.

431 4466 470 4520 li
500 4477 656 4521 erant
701 4469 852 4522 valde
877 4469 995 4523 noti
1031 4469 1326 4538 Theophilo
1355 4471 1692 4524 Alexandria:
1724 4473 1997 4542 episcopo.

432 4559 579 4626 Quos
613 4559 727 4630 ipse
759 4575 881 4613 cum
927 4559 1115 4614 fraude
1161 4561 1374 4614 induxit
1421 4563 1476 4616 in
1509 4564 1808 4629 civitatem,
1837 4577 2000 4634 atque

2116 2094 2252 2146 εἰσιν
2287 2087 2461 2150 αὗται·
2500 2097 2574 2163 (α)
2613 2093 2890 2161 Σοφισταὶ,
2935 2091 3296 2156 Σαϐελλιανοι,
3350 2084 3690 2148 Νικολαῗται,

2117 2186 2460 2255 Σιμωνιανοὶ,
2524 2186 2931 2247 Βασιλειδιανοὶ,
2994 2181 3498 2255 Καρποκρατιανοί.
3557 2179 3694 2248 Περὶ

2114 2277 2319 2330 τούτων
2362 2278 2680 2346 Ἐπιφάνιος
2728 2277 2963 2346 ἔγραψεν
3013 2276 3305 2346 ἐπιστολὴν
3356 2273 3435 2344 τῷ
3487 2271 3695 2342 βασιλεί

2115 2370 2396 2440 Θεοδοσίῳ,
2447 2371 2595 2433 ὅπως
2657 2370 2764 2423 ἀπὸ
2808 2368 3106 2434 διατάξεως
3140 2367 3422 2438 βασιλικῆς
3470 2367 3693 2430 τούτους

2113 2461 2292 2526 διώξει
2329 2461 2431 2529 τῆς
2465 2463 2651 2531 νήσου.
2678 2457 2859 2513 Ἦσαν
2889 2461 2996 2531 γάρ
3025 2460 3215 2529 ἄνδρες
3246 2458 3491 2511 πλούσιοι
3517 2460 3574 2513 ἐν
3594 2459 3693 2515 αὐ-

2113 2555 2247 2616 τοῖς,
2281 2554 2476 2616 οἵτινες
2505 2555 2597 2606 καὶ
2621 2553 3027 2606 ἐνεπιστεύοντο
3063 2553 3251 2622 χρείας
3280 2553 3563 2622 δημοσίας,
3600 2553 3695 2610 καὶ

2116 2646 2430 2698 ὲταπείνουν
2461 2647 2586 2709 τοὺς
2623 2644 2954 2716 ὀρθοδόξους.
2989 2643 3294 2714 Δεξάμενος
3321 2639 3414 2696 οὖν
3472 2646 3500 2697 ὁ
3540 2643 3694 2714 βασι-

2113 2740 2238 2803 λεὺς
2262 2740 2328 2793 τὰ
2360 2740 2663 2811 γράμματα
2715 2739 2867 2809 παρὰ
2923 2740 3266 2809 Ἐπιφανίου,
3316 2740 3408 2792 καὶ
3438 2738 3692 2807 ἐποίησεν

2113 2829 2278 2882 τύπον
2309 2829 2566 2882 τοιοῦτον.
2603 2829 2768 2891 Εἴτις
2789 2829 2864 2900 τῷ
2903 2829 3075 2898 Πατρὶ
3120 2827 3420 2897 Ἐπιφανίῳ
3448 2826 3526 2896 τῷ
3573 2829 3692 2878 ἐπιο

2124 2920 2310 2989 σκόπῳ
2355 2920 2454 2989 τῆς
2487 2919 2749 2989 Κυπρίων
2784 2917 2963 2989 χώρας
2998 2920 3096 2988 οὐχ
3138 2917 3400 2972 ὑπακούει
3453 2916 3540 2971 διά
3582 2915 3690 2968 τῶν

2113 3011 2270 3064 θείων
2297 3011 2489 3080 λόγων,
2524 3009 2830 3080 ἐξερχέσθω
2876 3011 2975 3079 τῆς
3004 3014 3190 3080 νήσου,
3244 3010 3338 3062 καὶ
3387 3011 3519 3062 ὅπου
3547 3008 3690 3061 θέλει

2113 3103 2451 3156 κατοικείτω.
2486 3103 2547 3154 Εἰ
2597 3102 2654 3154 δέ
2689 3119 2830 3163 τινες
2874 3101 3015 3170 φίλοι
3051 3101 3200 3165 ὅντες
3251 3102 3346 3154 καὶ
3392 3102 3556 3154 τέκνα
3589 3099 3689 3172 τῆς

2115 3195 2420 3265 μετανοίας,
2455 3195 2549 3247 καὶ
2594 3193 2944 3264 ὁμολογοῦσιν
2999 3192 3077 3262 τῷ
3130 3192 3293 3266 κοινῷ
3343 3194 3552 3264 Πατρὶ,
3606 3193 3687 3249 ὅτι

2113 3285 2474 3355 πλανηθέντες
2513 3284 2814 3354 βουλόμεθα
2850 3287 2928 3347 εἰς
2973 3286 3070 3354 τὴν
3120 3284 3239 3337 ὁδὸν
3288 3285 3388 3356 τῆς
3432 3284 3688 3354 ἀληθείας

2109 3375 2282 3428 ἐλθεῖν
2303 3393 2316 3406 ·
2361 3376 2698 3446 μεινάτωσαν
2722 3377 2813 3426 ἐπί
2839 3375 2938 3445 τῆς
2959 3379 3146 3446 νήσου,
3189 3367 3561 3446 δίδασκόμενοι
3582 3375 3687 3428 ὑπὸ

2106 3469 2200 3522 τοῦ
2227 3467 2405 3521 κοινοῦ
2434 3469 2663 3541 Πατρός.
2721 3467 2827 3520 Τοῦ
2855 3465 2946 3521 οὖν
2977 3468 3148 3520 τύπου
3194 3469 3344 3539 παρά
3392 3484 3684 3538 στρατευο-

2110 3563 2272 3633 μένου
2301 3562 2545 3624 ἐλθόντος
2565 3561 2658 3614 καὶ
2680 3561 3123 3630 ἐμφανισυέντος,
3150 3559 3333 3615 πολλοὶ
3355 3559 3685 3630 ἐπείσθησαν

2107 3655 2166 3720 ἐξ
2191 3655 2367 3709 αὐτῶν
2411 3647 2733 3724 Ἐπιφανίῳ.
2791 3657 2854 3707 Oi
2883 3655 2940 3708 δὲ
2995 3655 3070 3726 μὴ
3121 3654 3432 3708 πεισθέντες
3482 3655 3684 3718 εὐθέως

2105 3744 2438 3814 ἐδιώχθησαν
2472 3747 2534 3796 ἐκ
2568 3745 2666 3813 τῆς
2696 3746 2883 3814 νήσου.

2175 3837 2248 3889 Ξν.
2279 3833 2384 3889 Ἦν
2416 3837 2471 3891 δέ
2513 3853 2596 3898 τις
2626 3837 2919 3898 ἐπίσκοπος
2951 3838 3008 3888 ἐν
3049 3835 3422 3907 Ἀλεξανδρεία
3449 3834 3684 3905 τοῦνομα

2105 3927 2379 3996 Θεόφιλος.
2440 3922 2605 3989 Οὗτος
2648 3922 2714 3996 ἦν
2761 3927 2818 3978 ἐν
2867 3925 3061 3993 γνώσει
3115 3926 3282 3996 πολλῇ
3345 3925 3677 3992 Ἐπιφανίου.

2103 4016 2284 4072 Ἶ·1σαν
2325 4019 2379 4072 δὲ
2422 4022 2568 4090 τρεῖς
2601 4019 2819 4086 ἀδελφοὶ
2853 4020 2909 4070 ἐν
2951 4017 3353 4088 Ἀλεξανδρείᾳ,
3400 4018 3507 4070 υἱοὶ
3535 4016 3682 4084 γινό-

2107 4129 2258 4182 μενοι
2296 4110 2690 4180 Ἡρακλέωνος,
2720 4111 2811 4162 τοῦ
2843 4110 3104 4180 ἄρξαντος
3144 4111 3234 4162 ἐπὶ
3261 4111 3357 4180 τῆς
3386 4111 3554 4180 αὐτῆς
3583 4110 3681 4162 πό-

2103 4200 2258 4263 λεως.
2311 4200 2740 4270 Τελευτήσαντος
2784 4200 2840 4251 δὲ
2886 4201 2977 4251 τοῦ
3031 4200 3234 4270 πατρὸς
3278 4201 3486 4264 αὐτῶν,
3541 4200 3681 4252 κατά

2106 4289 2318 4342 σύνεσιν
2349 4292 2398 4342 οἱ
2441 4294 2587 4360 τρεῖς
2635 4290 3018 4342 ἐϐουλεύσαντο
3063 4291 3310 4360 μονάσαι.
3342 4291 3451 4343 Καὶ
3483 4289 3546 4361 δὴ
3586 4307 3682 4341 πο-

2106 4384 2385 4455 ρευθέντες
2424 4384 2481 4435 ἐν
2527 4387 2592 4454 τῇ
2629 4385 2840 4453 ἐρήμῳ,
2865 4379 3005 4454 ἦσαν
3039 4387 3097 4436 ἐν
3135 4383 3336 4453 ἡσυχία
3364 4382 3554 4452 πολλῇ,
3586 4383 3680 4434 καὶ

2104 4477 2203 4546 βίῳ
2251 4476 2511 4545 πρέποντι
2550 4477 2972 4546 κεκοσμημένοι.
3023 4469 3180 4527 Οὗτοι
3211 4471 3350 4544 ἦσαν
3396 4477 3452 4527 ἐν
3479 4474 3677 4542 γνώσει

2103 4570 2269 4640 πολλῇ
2301 4569 2543 4638 Θεοφίλῳ
2569 4569 2646 4638 τῷ
2673 4569 2952 4639 ἐπισκόπῳ
2974 4570 3074 4638 τῆς
3101 4569 3525 4638 Ἀλεξανδρείας.
3552 4568 3594 4620 Τ
3597 4567 3684 4620 ού-

431 4653 565 4706 adeo
600 4652 794 4716 elfccit,
836 4663 895 4705 ut
929 4652 1001 4706 ibi
1037 4663 1260 4706 starent.
1295 4653 1443 4708 Fecit
1473 4664 1650 4707 autem
1683 4672 1749 4709 ex
1786 4657 1850 4709 iis
1883 4673 1995 4708 ma-

2111 4678 2222 4723 τους
2267 4661 2363 4730 μὲν
2403 4660 2658 4728 Θεόφιλος
2707 4660 3020 4728 εἰσήνεγκεν
3066 4661 3157 4711 ἐπὶ
3207 4660 3306 4730 τὴν
3355 4658 3506 4711 πόλιν
3543 4658 3678 4728 μετά

425 4747 599 4816 jorem
636 4745 948 4814 episcopum
996 4745 1048 4796 in
1084 4760 1190 4797 una
1235 4747 1364 4798 urbe
1410 4745 1642 4815 1Egypti.
1678 4747 1828 4802 Alios
1875 4764 1997 4802 vero

428 4839 556 4892 fecit
586 4837 846 4890 diaconos
889 4843 944 4888 et
985 4849 1300 4898 meonomos
1334 4834 1606 4889 Ecclesiae.
1637 4837 1770 4891 Cum
1819 4851 2000 4892 autent

430 4940 670 4997 tempore
721 4927 882 4980 trium
927 4940 1194 4980 annorum
1240 4925 1472 4980 fuissent
1502 4929 1770 4982 meonomi
1804 4928 2002 4984 Eccle-

428 5022 542 5084 siae,
575 5021 984 5087 sensissemque
1030 5033 1089 5072 se
1130 5033 1250 5072 esse
1285 5028 1528 5076 mortuos
1563 5020 1729 5089 (quod
1765 5021 1830 5073 ad
1862 5021 2001 5074 divi-

427 5130 552 5166 nam
589 5113 849 5165 attinebat
897 5110 1171 5181 gratiam),
1207 5127 1273 5164 ex
1315 5127 1585 5166 consensu
1630 5112 1738 5165 duo
1769 5127 1997 5180 rogave-

427 5216 556 5258 runt
585 5204 963 5272 Theophilum,
999 5211 1058 5256 ut
1087 5217 1182 5256 eos
1228 5203 1354 5256 illuc
1381 5203 1692 5268 dimitteret,
1721 5204 1813 5257 ubi
1847 5205 1997 5271 prius

432 5295 762 5348 habitabant.
803 5295 904 5358 Qui
949 5308 1073 5346 cum
1108 5293 1326 5346 illorum
1359 5294 1607 5360 precibus
1657 5310 1764 5346 non
1800 5295 1999 5348 CCSsis-

430 5394 532 5447 set,
569 5375 726 5438 ambo
755 5387 829 5439 illi
867 5387 1004 5441 inter
1033 5403 1091 5441 se
1131 5386 1504 5453 conspirantes
1550 5386 1818 5451 abierunt,
1854 5395 1906 5439 et
1939 5387 1992 5439 in

433 5476 777 5530 solitudinem
849 5487 1230 5542 recesserunt,
1295 5476 1385 5529 ubi
1444 5477 1598 5544 prius
1659 5477 1992 5532 habitabant.

430 5567 783 5636 (Theophilus
805 5587 931 5624 vero
952 5586 1046 5625 eos
1069 5571 1299 5624 triennio
1320 5569 1548 5638 privavit
1570 5568 1995 5640 cotmnunione.)

503 5747 581 5814 (ιι)
615 5747 876 5816 lnlerpres
900 5749 1023 5818 legit
1063 5751 1292 5822 Ὀιξῖται,
1318 5749 1458 5818 quod
1498 5749 1811 5819 probamus.

2101 4754 2334 4823 ἀπάτης,
2377 4753 2470 4805 καὶ
2512 4753 2886 4822 ἠσφαλήσατο.
2925 4752 3206 4821 Ἐποίησεν
3238 4751 3293 4802 δέ
3326 4751 3417 4803 τὸν
3459 4749 3675 4820 μείζονα

2100 4842 2278 4894 αὐτῶν
2307 4841 2601 4894 ἐπίσκοπον
2633 4843 2711 4905 εἰς
2753 4843 2878 4911 μίαν
2910 4841 3061 4892 πόλιν
3092 4841 3189 4910 τῆς
3218 4840 3515 4907 Αἰγύπτου·
3551 4841 3678 4902 τοὺς

2099 4933 2154 4985 δὲ
2203 4933 2393 4996 ἄλλους
2438 4933 2691 5004 ἐποίησεν
2741 4933 3018 4998 διακόνους
3064 4935 3156 4984 καὶ
3206 4931 3526 5001 οἰκονόμους
3579 4932 3678 5001 τῆς

2103 5024 2450 5094 Ἐκκλησίας.
2487 5024 2814 5094 Ποιήσαντες
2861 5024 2918 5076 δὲ
2967 5023 3372 5092 οίκονομοῦντες
3423 5025 3520 5094 τὴν
3549 5023 3677 5075 Ἐκ-

2104 5116 2331 5187 κλησίαν
2376 5118 2562 5186 τριετῆ
2609 5117 2827 5190 χρόνον,
2871 5119 2960 5170 καὶ
2994 5116 3300 5186 αἰσθόμενοι
3335 5117 3559 5178 ἑαυτοὺς
3588 5134 3676 5170 νε-

2102 5210 2434 5278 κρουμένους
2460 5209 2593 5279 πρὸς
2620 5211 2718 5280 τὴν
2745 5209 2930 5280 θεῖκὴν
2958 5216 3136 5282 χάριν,
3168 5208 3558 5272 καταλιπόντες
3577 5209 3675 5278 τὴν

2103 5301 2351 5370 ἡσυχίαν,
2381 5302 2473 5353 καὶ
2512 5302 2649 5353 κατὰ
2694 5300 2903 5353 σύνεσιν
2947 5303 2994 5354 οἱ
3037 5300 3130 5353 δύο
3171 5300 3552 5371 παρεκάλεσαν
3587 5299 3674 5352 τὸν

2101 5393 2375 5460 Θεόφιλον,
2407 5396 2552 5458 ὅπως
2579 5395 2795 5458 τούτους
2823 5394 3080 5446 ἀπολύσει
3121 5394 3248 5448 ἔνθα
3297 5394 3352 5446 τὸ
3381 5394 3510 5463 πρὶν
3542 5409 3673 5445 κατ-

2101 5487 2295 5556 ῴκουν.
2329 5490 2437 5540 Καὶ
2466 5490 2538 5558 μὴ
2568 5489 2803 5554 εἴξαντος
2841 5493 2904 5560 τῇ
2935 5491 3138 5542 τούτων
3164 5488 3531 5558 παρακλήσει,
3565 5487 3672 5538 πά-

2101 5577 2183 5629 λιν
2215 5580 2258 5630 οί
2294 5577 2386 5631 δύο
2427 5581 2877 5650 ὀμοφωνήσαντες
2919 5580 3270 5652 ἀνεχώρησαν
3310 5582 3402 5634 καὶ
3434 5577 3671 5648 ἀπῆλθον
