4088 6362
349 333 450 387 Nil

1673 338 1727 390 S.
1766 337 2104 393 El‘ll‘llANll
2145 339 2320 394 ViTA.

3513 345 3618 401 101

343 451 407 503 ὲν
445 453 514 521 τῇ
551 452 764 521 ἐρήμῳ,
795 452 926 504 ὅπου
958 451 1020 504 τὸ
1066 452 1193 521 πρὶν
1225 452 1523 522 κατῴκουν.
1570 453 1628 505 Ὀ
1676 449 1766 507 οὖν
1797 454 1913 506 θεός

2029 456 2276 524 Cumque
2318 457 2546 510 multum
2577 466 2916 525 rogassent,
2953 468 3012 512 ut
3055 459 3157 515 sibi
3209 461 3615 529 permitteretur

348 543 502 608 gelo;
534 543 786 611 ἐποίησεν
808 544 1026 604 τούτους
1047 544 1383 605 ἀσυνάκτους
1412 544 1504 595 καὶ
1536 544 1933 614 ἀκοινωνήτους

345 633 538 702 τριετῆ
586 633 796 702 χρόνον.
843 634 952 686 Καὶ
1003 634 1172 687 πολλά
1223 633 1737 704 παρακαλέσαντες,
1791 635 1930 686 ὥστε

349 725 772 795 συγχωρηθῆναι
813 725 995 787 αὐτοῖς
1021 723 1128 776 τῶν
1159 724 1316 777 θείων
1354 725 1668 795 μυστηρίων
1698 725 1932 796 μεταλα-

345 814 486 879 ϐεῖν,
522 818 581 869 ού
634 815 1010 887 συνεχώρησεν
1054 819 1082 870 6
1121 817 1376 886 Θεόφιλος
1423 816 1598 870 τοῦτο.
1644 812 1802 871 Οὗτοι
1840 813 1932 871 οὗν

343 910 781 976 ἀναγκασθέντες
823 911 1051 980 ἀνῆλθον
1084 913 1175 964 ἐπὶ
1219 912 1318 982 τὴν
1356 911 1602 981 βασιλίδα
1635 911 1805 973 πόλιν,
1840 911 1933 964 καὶ

347 1002 697 1071 προσέπεσαν
726 1003 948 1075 Ἰωάννη
973 1003 1049 1073 τῷ
1073 1002 1302 1072 ἐπίκλην
1328 1003 1717 1072 Χρυσοστὸμῳ.
1757 1003 1814 1054 '0
1837 997 1930 1054 οὖν

343 1092 622 1162 Ἰωάννης,
676 1092 862 1162 μαθὼν
891 1095 990 1164 τὴν
1021 1094 1230 1158 αἰτίαν,
1271 1094 1470 1164 γράφει
1507 1094 1641 1164 πρὸς
1670 1092 1928 1160 Θεόφιλον

342 1182 663 1252 ἐπιστολὴν,
707 1183 1036 1253 παρακαλῶν
1080 1183 1240 1236 αὐτὸν
1289 1185 1380 1236 ἐπὶ
1426 1186 1489 1253 τῇ
1523 1183 1784 1236 ἀπολύσει
1818 1182 1927 1236 τῶν

341 1270 438 1324 δύο
462 1271 726 1340 ἀδελφῶν.
766 1274 826 1325 '0
855 1268 949 1326 οὖν
968 1273 1222 1341 Θεόφιλος
1254 1274 1352 1326 οὐκ
1381 1274 1602 1343 ἐπείσθη
1635 1272 1712 1343 τῷ
1746 1273 1926 1326 Ἰωάν-

340 1380 413 1434 νῃ
467 1364 903 1435 παρακαλοῦντν
959 1365 1118 1420 πάλιν
1173 1366 1228 1419 δὲ
1272 1367 1336 1418 ὲκ
1383 1366 1632 1434 δευτέρου
1685 1364 1922 1436 ἔγραψεν

2035 547 2218 599 divina
2247 562 2460 600 sumere
2488 556 2852 611 sacramenta,
2881 549 2983 602 hoc
3005 565 3113 602 non
3140 551 3413 604 concessit
3435 549 3612 605 Theo-

2035 637 2236 706 philus.
2275 635 2313 688 li
2363 645 2544 690 autem
2591 639 2952 692 ascenderunt
2995 640 3049 692 in
3095 639 3316 707 regiam,
3345 649 3398 693 et
3431 642 3613 708 proci-

2037 727 2234 781 derunt
2264 727 2328 780 ad
2360 727 2522 795 pedes
2553 725 2799 790 Joannis,
2825 740 3188 797 cognomento
3212 729 3608 798 Chrysostomi.

2035 817 2273 872 Joannes
2307 833 2434 870 vero
2481 833 2601 870 cum
2654 819 2933 872 didicisset
2981 835 3226 881 causam,
3270 821 3461 873 scribit
3493 821 3611 888 epi-

2037 909 2230 962 stolam
2287 908 2351 960 ad
2407 905 2790 976 TheOphilum,
2842 926 3040 979 rogans
3095 927 3246 975 eum,
3306 920 3362 964 ut
3417 910 3611 966 fratres

2035 998 2350 1052 dimitteret.
2401 997 2734 1067 Theophilus
2780 1009 2958 1053 autem
3007 999 3199 1053 Joanni
3250 1001 3460 1069 roganti
3501 1015 3609 1054 non

2031 1090 2232 1158 paruit.
2268 1089 2466 1142 lterum
2499 1104 2628 1157 ergo
2655 1092 2872 1160 scripsit
2903 1091 3142 1144 Joannes
3174 1090 3608 1144 adhortationem

2031 1180 2350 1251 TheOphilo,
2382 1193 2434 1236 et
2466 1199 2560 1236 nec
2589 1184 2666 1236 sic
2700 1185 2878 1252 paruit
2917 1200 2929 1234 :
2976 1183 3212 1237 Joannes
3253 1184 3431 1252 itaque
3471 1183 3608 1236 libe-

2030 1273 2166 1324 ravit
2198 1273 2334 1326 duos
2362 1272 2556 1326 fratres
2586 1290 2614 1325 a
2644 1275 3034 1344 segregatione.
3086 1275 3287 1328 Exorta
3346 1286 3427 1328 est
3480 1289 3609 1344 pro-

2033 1373 2215 1431 pterea
2243 1365 2514 1418 discordia
2549 1367 2686 1419 inter
2712 1364 2973 1419 Joannem
3003 1376 3055 1419 et
3086 1365 3463 1434 Theophilum.

342 1457 600 1523 Ἰωάννης
647 1457 975 1528 παρακαλῶν
1021 1459 1114 1511 τὸν
1160 1457 1436 1527 Θεόφιλον,
1466 1463 1558 1512 καὶ
1594 1458 1715 1512 οὔτε
1772 1458 1944 1519 οὕτως
1983 1454 2204 1524 ἐπείσθη
2255 1455 2334 1524 τῷ
2406 1459 2648 1530 Ἰωάννῃ.
2705 1459 2836 1510 Τότε
2897 1457 3149 1528 Ἰωάννης
3199 1457 3464 1509 ἀπέλυσεν
3510 1455 3604 1509 τοῦ

339 1547 651 1616 ἀφορισμοῦ
680 1548 804 1609 τοὺς
837 1547 931 1601 δύο
975 1547 1262 1616 ἀδελφούς⁹
1291 1549 1367 1611 ὡς
1403 1551 1466 1602 ἐκ
1505 1549 1693 1601 τούτου
1739 1547 1922 1602 λοιπὸν
1960 1547 2173 1613 ἐγένετο
2201 1545 2342 1617 λύπη
2379 1549 2588 1618 μεγάλη
2622 1549 2822 1618 μεταξὺ
2858 1548 3112 1615 Θεοφίλου
3140 1550 3224 1600 καὶ
3264 1550 3530 1602 Ἰωάννου.

413 1643 536 1697 ΞΝ.
567 1644 702 1696 Κατ’
747 1645 952 1696 ἐκεῖνον
994 1644 1051 1696 δὲ
1094 1645 1182 1697 τὸν
1226 1645 1414 1715 καιρὸν
1451 1642 1518 1716 ἦν
1568 1644 1926 1713 συγκλητικός

338 1751 428 1795 τις
462 1734 601 1802 ἀνὴρ
643 1733 867 1802 ὀνόματι
904 1733 1274 1801 Θεόγνωστοςο
1306 1727 1460 1797 οὗτος
1495 1735 1816 1806 Χριστιανὸς
1849 1733 1924 1786 ῶν

2106 1641 2240 1696 LXI.
2274 1643 2398 1696 Fuit
2442 1653 2623 1697 autem
2658 1645 2947 1713 aliquando
2996 1645 3076 1696 vir
3121 1645 3340 1713 quidam
3383 1655 3600 1700 senato-

2032 1733 2168 1799 rius,
2207 1735 2423 1789 nomine
2453 1735 2851 1805 Theognostus.
2890 1734 2986 1790 Hic
3020 1751 3142 1790 cum
3173 1747 3316 1790 esset
3343 1736 3603 1792 Christia-

339 1821 489 1894 εἶχεν
523 1824 612 1877 τὸν
661 1824 824 1893 φόϐον
853 1823 944 1877 τοῦ
982 1823 1116 1877 Θεοῦ
1156 1824 1548 1888 ἀδιαλείπτως,
1579 1827 1672 1878 καὶ
1697 1823 1913 1893 ἀγαπώ-

2024 1838 2161 1888 nus,
2213 1823 2400 1878 habuit
2446 1825 2664 1878 assidue
2709 1825 2958 1878 timorem
3004 1824 3096 1878 Dei
3146 1835 3272 1879 ante
3308 1826 3516 1890 oculos,
3544 1836 3602 1880 et

342 1933 508 1986 μενος
535 1916 640 1968 ὑπὸ
670 1915 764 1968 τοῦ
800 1914 1082 1984 βασιλέως.
1116 1915 1306 1979 Ἀλλος
1340 1916 1395 1968 δέ
1429 1933 1511 1979 τις
1542 1912 1608 1986 ἦν
1639 1917 1731 1969 καὶ
1759 1915 1920 1979 αὐτὸς

336 2007 440 2077 τῆς
471 2007 807 2078 συγκλήτου,
851 2007 1126 2078 Δωρόθεος
1159 2007 1506 2077 καλούμενος.
1541 2004 1650 2061 Ἦν
1681 2009 1737 2061 δὲ
1768 2003 1921 2071 οὗτος

338 2099 642 2169 Ἀρειανός.
672 2092 838 2161 Οὗτος
868 2100 1244 2168 κατηγόρησεν
1271 2098 1635 2167 Θεογνώςτου,
1662 2100 1743 2152 ὅτι
1777 2099 1921 2165 ὓϐρι-

338 2207 434 2242 σεν
463 2190 553 2242 τὸν
583 2189 828 2258 βασιλέα·
868 2191 962 2243 καὶ
989 2189 1081 2243 δύο
1113 2191 1390 2262 μάρτυρας
1415 2190 1625 2259 ψευδεῖς
1650 2191 1921 2264 παρέστη-

338 2299 453 2344 σεν,
488 2283 580 2335 καὶ
626 2281 848 2353 ἤλεγξεν
886 2283 976 2335 τὸν
1024 2282 1364 2350 Θεόγνωστον
1417 2283 1557 2336 κατὰ
1608 2284 1916 2353 πρόσωπον.

347 2372 412 2428 ’0
441 2369 534 2426 οὖν
564 2374 814 2443 βασιλεὺς
843 2373 1120 2436 Θεοδόσιος
1149 2374 1430 2427 ἐκέλευσεν
1459 2374 1551 2426 τὸν
1577 2374 1919 2441 Θεόγνωστον

337 2464 716 2536 ἐξορισθῆναι,
753 2467 847 2519 καὶ
899 2465 968 2517 τὰ
1013 2466 1310 2536 πράγματα
1354 2466 1517 2518 αὐτοῦ
1565 2466 1916 2536 δημευθῆναι.

340 2559 600 2627 Ἐμεινεν
629 2557 686 2610 δὲ
720 2561 783 2628 τῇ
833 2559 1054 2626 γυναικὶ
1095 2557 1439 2626 Θεογνώστου
1487 2558 1544 2610 ἓν
1575 2561 1914 2629 προαστεῖον,

336 2648 399 2713 ἐξ
425 2643 488 2701 οὗ
514 2649 613 2718 τὴν
643 2649 958 2720 ἀποτροφὴν
994 2645 1157 2719 εἶχεν.
1185 2649 1564 2718 Ἐτελεύτησεν
1592 2649 1647 2700 δὲ
1673 2647 1917 2715 Θεόγνω-

339 2757 465 2802 στος
494 2741 570 2802 ὡς
593 2739 802 2811 ὑπῆγεν
829 2742 885 2793 ἐν
913 2741 1119 2810 ὲξορίᾳ.
1147 2741 1258 2810 Τῆς
1287 2736 1379 2793 οὖν
1412 2738 1726 2810 βασιλίσσης
1759 2739 1919 2792 E660-

338 2834 460 2900 ξίας
487 2833 807 2905 ἐξελθούσης
836 2836 966 2888 ’ποτὲ
994 2837 1051 2887 ὲν
1076 2833 1155 2903 τῷ
1180 2833 1485 2905 προκένσῳ,
1510 2832 1588 2903 τῷ
1617 2832 1791 2903 καιρῷ
1822 2832 1916 2886 τοῦ

334 2926 633 2998 τρυητοῦ,
665 2926 791 2979 ἔνθα
819 2921 886 2997 ἦν
917 2927 977 2978 τὸ
1015 2928 1334 2996 προαστεῶν
1362 2926 1462 2995 τῆς
1501 2926 1757 2993 γυναικὸς
1785 2925 1916 2978 Θεο-

337 3018 604 3086 γνώστου,
637 3019 738 3070 ούκ
770 3013 886 3070 οἶδα
930 3015 1072 3070 κατὰ
1113 3016 1270 3069 ποίαν
1313 3016 1488 3068 αἰτίαν
1515 3015 1827 3070 εἰσελθοῦσα
1858 3018 1915 3070 ὲν

336 3108 416 3179 τῷ
462 3108 743 3178 ἀμπελῶνι
789 3107 890 3177 τῆς
934 3107 1189 3175 γυναικὸς
1234 3108 1267 3176 ἡ
1320 3105 1602 3176 βασίλισσα
1643 3107 1915 3176 ἀπέτεμεν

336 3200 435 3252 ἕνα
465 3199 679 3270 βότρυν.
723 3195 897 3252 Εἶπαν
941 3198 997 3251 δέ
1029 3215 1173 3261 τινες
1203 3197 1309 3250 τῶν
1338 3196 1702 3267 παρεστώτων
1726 3199 1789 3268 τῇ
1821 3195 1916 3266 βαο

339 3293 556 3362 σιλίσσῃ
573 3308 584 3320 ·
615 3290 883 3343 Δέσποινα
901 3331 914 3350 ,
943 3288 1218 3360 ἀλλότριός
1245 3289 1394 3341 ἐστιν
1422 3290 1450 3341 6
1479 3285 1737 3358 ἀμπελὼν
1756 3327 1770 3350 ,
1794 3287 1915 3340 ὅθεν

337 3383 613 3452 ἀπέτεμες
652 3382 746 3433 τὸν
779 3381 992 3452 βότρυν.
1032 3379 1193 3441 Ἐθος
1220 3379 1277 3432 δέ
1312 3380 1428 3432 ὲστι
1467 3380 1582 3440 τοῖς
1611 3376 1914 3447 βασιλεῦσιν

338 3475 433 3526 καὶ
474 3475 593 3533 ταῖς
641 3471 1006 3540 βασιλίσσαις,
1056 3470 1160 3522 κᾶν
1203 3469 1339 3523 πόδα
1381 3470 1664 3536 ἐπενέγκοι
1700 3471 1780 3531 είς
1817 3468 1916 3539 τὴν

338 3562 647 3632 ἀλλοτρίαν,
677 3562 779 3616 κᾶν
815 3561 1021 3634 καρπὸν
1065 3561 1216 3614 λάϐοι
1247 3560 1354 3614 ἀπό
1391 3577 1533 3623 τινος
1566 3559 1672 3612 τῶν
1717 3559 1915 3631 καρπί-

341 3673 458 3724 μων
502 3653 695 3720 ξύλων,
741 3653 939 3723 μηκέτι
973 3651 1128 3706 ἄλλον
1171 3651 1293 3704 τινὰ
1328 3650 1688 3716 ἐξουσιάζειν,
1735 3651 1910 3723 ἀλλ’ἢ

335 3745 430 3797 τὸν
476 3744 720 3814 βασιλέα.
748 3744 1053 3796 Ἀκούσασα
1084 3743 1148 3813 δὴ
1188 3745 1220 3813 ἡ
1265 3743 1402 3815 γυνὴ
1435 3742 1800 3811 Θεογνώστου,
1831 3745 1913 3796 ὅτι

336 3836 666 3904 ἀπεσπάσθη
715 3839 743 3889 ὁ
787 3837 955 3909 ἀγρὸς
1004 3837 1191 3905 αὐτῆς,
1237 3836 1474 3906 ἔγραψεν
1515 3837 1595 3899 εἰς
1635 3836 1909 3906 δίπτυχον,

336 3929 434 3980 καὶ
464 3927 781 3980 ἀπέστειλεν
829 3926 964 3998 πρὸς
1017 3927 1288 3997 Ἰωάννην.
1325 3924 1431 3981 Ἦν
1470 3927 1578 3998 γὰρ
1611 3928 1910 3998 ἀγαπώμε-

335 4035 426 4079 νος
475 4017 678 4086 σφόδρα
712 4017 815 4070 ὑπὸ
853 4017 947 4070 τοῦ
998 4017 1259 4086 βασιλέως
1303 4018 1396 4070 καὶ
1440 4019 1536 4088 τῆς
1571 4018 1907 4090 βασιλίσσης.

336 4106 540 4162 Μαθὼν
572 4105 666 4160 οὖν
711 4107 880 4159 ταῦτα
925 4109 953 4161 ὁ
989 4107 1240 4178 Ἰωάννης
1274 4108 1587 4161 ἀπέστειλεν
1626 4109 1714 4161 τὸν
1753 4110 1908 4179 ἀρχι-

336 4195 579 4249 διάκονον
608 4195 791 4257 αὑτοῦ,
823 4195 990 4266 ἄνδρα
1015 4197 1191 4265 λόγιον
1215 4198 1309 4249 καὶ
1342 4198 1486 4268 ὀρθῷ
1514 4198 1612 4269 βίῳ
1640 4215 1910 4270 κεκοσμη-

341 4285 520 4354 μένον.
554 4284 626 4336 Τὸ
656 4283 712 4336 δὲ
739 4284 910 4354 ὄνομα
950 4283 1112 4338 αὑτοῦ
1161 4284 1402 4337 ἐκαλεῖτο
1434 4284 1686 4354 Εὔτυχος.
1716 4285 1909 4354 Εἰσῆλ-

337 4375 429 4427 θεν
460 4371 551 4428 οὖν
585 4373 823 4443 Εὔτυχος
862 4375 997 4444 πρὸς
1025 4375 1124 4445 τὴν
1170 4374 1499 4444 βασίλισσαν,
1536 4379 1631 4430 καὶ
1657 4375 1905 4446 διελέχθη

2024 1913 2354 1983 diligebatur
2398 1915 2466 1969 ab
2507 1917 2850 1985 imperatore.
2898 1916 3026 1970 Erat
3071 1927 3250 1970 autem
3296 1918 3466 1983 alius,
3503 1920 3596 1988 qui

2024 2004 2138 2074 ipse
2171 2021 2388 2074 quoque
2421 2018 2536 2062 erat
2581 2009 2787 2064 ordinis
2835 2009 3126 2073 senatorii,
3160 2008 3462 2064 Dorotheus
3496 2027 3598 2064 lio-

2022 2098 2192 2162 mine,
2241 2099 2498 2154 Arianus.
2550 2099 2598 2154 ls
2650 2104 2926 2156 accusavit
2971 2100 3399 2171 Theognostum,
3450 2103 3595 2172 quod

2023 2189 2406 2260 imperatorem
2461 2193 2730 2247 aﬂ‘ecisset
2777 2192 3103 2247 contumelia
3160 2211 3173 2246 :
3231 2201 3286 2246 et
3343 2193 3598 2261 produxit

2021 2279 2160 2332 duos
2213 2280 2383 2334 falsos
2437 2289 2642 2344 testes,
2698 2281 2791 2350 qui
2853 2293 3175 2350 prasentem
3245 2283 3597 2336 convicerunt

2022 2368 2464 2440 Theognostum,
2495 2373 2638 2442 quod
2677 2375 3003 2428 contumelia
3041 2373 3310 2428 affecisset
3356 2375 3594 2444 impera-

2023 2473 2220 2517 torem.
2262 2460 2560 2531 Imperator
2592 2465 2777 2533 itaque
2811 2467 3077 2520 Arcadius
3113 2465 3280 2532 jussit
3307 2464 3592 2534 Theogno-

2023 2563 2166 2608 stum
2206 2553 2454 2622 relegari,
2485 2565 2537 2608 et
2569 2555 2711 2608 bona
2739 2555 2857 2624 ejus
2897 2556 3182 2624 publicari.
3210 2553 3378 2610 Uxori
3411 2565 3592 2608 autem

2021 2643 2352 2714 ‘l‘lieognosti
2384 2647 2586 2700 mansit
2614 2661 2778 2699 unum
2813 2647 3208 2712 suburbanum,
3239 2661 3304 2701 ex
3351 2661 3460 2716 quo
3489 2646 3592 2700 ha-

2019 2737 2179 2790 bebat
2211 2738 2548 2790 alimentum.
2586 2737 2827 2792 Decessit
2860 2737 3260 2808 Theognostus,
3294 2755 3418 2793 cum
3448 2747 3594 2794 esset
3661 2731 3669 2738 ’

2020 2827 2073 2880 in
2120 2827 2333 2881 exsilio.
2387 2826 2632 2882 Eudoxia
2677 2838 2856 2882 autem
2909 2829 3202 2898 aliquando
3248 2843 3469 2899 egressa
3523 2829 3590 2882 ad

2017 2917 2368 2981 vindemiam,
2406 2934 2529 2972 cum
2563 2934 2730 2988 prope
2770 2934 2888 2973 eam
2919 2929 3059 2974 esset
3093 2921 3400 2989 possessio,
3429 2929 3484 2974 et
3510 2919 3590 2973 vi-

2019 3011 2087 3065 tis
2138 3010 2448 3064 suburbana
2486 3011 2674 3065 uxoris
2707 2999 3069 3082 Theognosti,
3122 3012 3306 3067 nescio
3351 3027 3588 3082 quanam

2019 3103 2085 3155 de
2111 3117 2296 3166 causa,
2332 3117 2454 3156 cum
2485 3117 2703 3171 egressa
2733 3112 2875 3157 esset
2902 3103 2968 3157 de
3001 3104 3156 3157 vinea
3191 3119 3312 3168 sua,
3345 3104 3586 3174 ingressa

2016 3200 2100 3245 est
2132 3191 2343 3246 vineam
2380 3194 2566 3248 uxoris
2599 3193 2948 3264 Theognosti,
2985 3204 3040 3249 et
3073 3195 3287 3250 botrum
3321 3197 3586 3252 exsecuit.

2017 3281 2282 3336 Dixerunt
2314 3294 2492 3336 autem
2521 3284 2686 3353 aliqui
2719 3299 2784 3338 ex
2821 3285 2917 3350 iis,
2954 3285 3047 3353 qui
3077 3285 3403 3340 assistebant
3434 3303 3448 3339 :
3477 3285 3589 3341 Do-

2019 3375 2186 3438 mina,
2219 3375 2440 3428 secuisti
2470 3375 2685 3429 botrum
2719 3375 2908 3429 alienae
2937 3376 3124 3430 vineae.
3159 3375 3274 3430 Mos
3302 3386 3385 3432 est
3409 3377 3585 3446 impe-

2016 3465 2292 3518 ratoribus
2323 3473 2378 3519 et
2423 3464 2880 3534 imperatricibus,
2912 3467 2958 3520 si
2995 3468 3078 3520 vel
3125 3467 3312 3536 pedem
3341 3468 3587 3523 intulerit

2014 3555 2068 3609 in
2101 3567 2299 3609 terram
2352 3555 2621 3621 alienam,
2664 3566 2718 3610 et
2747 3557 2792 3611 si
2829 3557 3063 3612 fructum
3096 3559 3366 3627 acceperit
3391 3573 3459 3613 ex
3487 3559 3587 3612 ali-

2013 3664 2124 3718 quo
2151 3664 2214 3702 ex
2249 3649 2314 3702 iis
2350 3663 2470 3717 qua:
2511 3641 2747 3703 fructum
2778 3648 2979 3713 ferunt,
3011 3659 3072 3703 ut
3119 3650 3300 3704 nullus
3345 3650 3484 3704 alius
3528 3651 3584 3705 in

2011 3754 2075 3792 ea
2112 3747 2432 3808 potestatem
2482 3739 2695 3805 habeat,
2738 3740 2841 3794 nisi
2885 3741 3199 3810 imperator.
3232 3741 3366 3796 Cum
3407 3741 3587 3796 Theo-

2013 3832 2192 3900 gnosti
2243 3840 2424 3884 autem
2475 3847 2612 3886 uxor
2661 3832 2953 3898 audiisset,
2999 3834 3144 3902 quod
3192 3849 3325 3888 suus
3357 3849 3485 3903 ager
3514 3834 3584 3887 ab

2011 3939 2074 3977 ea
2108 3925 2180 3978 sit
2213 3925 2464 3989 avulsus,
2499 3924 2550 3978 id
2585 3924 2803 3993 scripsit
2850 3924 2903 3978 in
2937 3925 3326 3994 pugillaribus,
3354 3935 3407 3979 et
3433 3926 3584 3980 misit

2011 4015 2078 4069 ad
2127 4014 2413 4070 Joannem.
2467 4015 2634 4070 Valde
2688 4015 2833 4070 enim
2891 4015 3174 4069 amabatur
3223 4013 3460 4070 Joannes
3512 4015 3582 4068 ab

2011 4107 2336 4176 imperatore
2381 4116 2435 4160 et
2479 4108 2547 4161 ab
2577 4107 2936 4176 imperatrice.
2979 4106 3114 4160 Cum
3148 4107 3262 4160 hac
3303 4106 3582 4161 didicisset

2008 4197 2266 4264 Joannes,
2305 4199 2454 4252 misit
2495 4213 2654 4252 suum
2684 4199 3154 4264 archidiaconum,
3186 4198 3361 4251 virum
3394 4199 3582 4251 erudi-

2010 4297 2145 4355 tum,
2175 4297 2229 4342 et
2277 4298 2421 4342 recta
2470 4289 2574 4341 vita
2623 4288 2927 4356 praeditum.
2973 4285 3179 4341 Nomen
3229 4297 3410 4341 autem
3457 4288 3578 4357 ejus

2009 4380 2305 4432 vocabatur
2337 4378 2634 4449 Eutychus.
2677 4379 2959 4448 Ingressus
2987 4387 3165 4432 autem
3197 4377 3472 4450 Eutychus
3509 4382 3577 4434 ad

334 4468 472 4537 αὐτῇ
508 4465 648 4519 κατὰ
693 4466 789 4536 τὴν
821 4467 1120 4536 ἐπιτροπὴν
1149 4465 1414 4520 Ἰωάννου.
1446 4462 1611 4520 Εἶπεν
1651 4466 1705 4520 δὲ
1734 4468 1766 4536 ὴ
1806 4466 1897 4535 βα-

2016 4469 2446 4538 imperatricem,
2499 4484 2622 4523 cum
2682 4485 2743 4522 ea
2813 4469 3068 4522 disseruit
3115 4469 3273 4537 jussu
3327 4469 3569 4525 Joannis.

336 4558 551 4611 σίλισσα
578 4558 711 4627 πρὸς
742 4557 834 4609 τὸν
869 4556 1126 4627 Εὕτυχον,
1161 4559 1272 4611 ὅτι·
1315 4559 1495 4628 Νόμος
1533 4559 1680 4611 ἐστὶν
1721 4551 1901 4620 οὗτος·

333 4650 467 4701 ὅπου
517 4648 571 4700 δὲ
622 4646 890 4716 βούλεται,
918 4651 998 4710 εἰς
1037 4648 1509 4718 ἅλλην⁹ὲπαρχίαν
1546 4649 1736 4718 δίδωμι
1768 4649 1903 4717 αὐτῇ

331 4743 552 4812 χωρίον.
617 4741 876 4805 Ἐξελθὼν
927 4741 984 4793 δὲ
1045 4741 1072 4792 6
1127 4739 1396 4810 Εὔτυχος,
1449 4739 1767 4810 ἀνήγγειλεν
1827 4738 1904 4808 τῷ

330 4833 558 4906 Ἰωάννῃ
598 4836 722 4896 τοὺς
760 4833 951 4902 λόγους
988 4833 1086 4902 τῆς
1129 4832 1460 4902 βασιλίσσης.
1506 4831 1803 4901 Ἐπορεύθη
1846 4831 1902 4882 δὲ

331 4926 587 4996 Ἰωάννης
635 4928 691 4979 έν
729 4924 805 4995 τῷ
832 4925 1064 4996 ταμιείῳ
1095 4924 1173 4993 τῷ
1203 4923 1494 4993 βασιλικῷ,
1527 4924 1620 4976 καὶ
1653 4919 1804 4974 εἶπεν
1835 4925 1900 4993 τῇ

333 5018 649 5088 βασιλίσσῃ’
694 5018 916 5079 Ἀπόδος
957 5017 1046 5069 τὸν
1095 5015 1262 5086 ἀγρὸν
1295 5015 1393 5084 τῆς
1424 5016 1618 5085 χήρας.
1651 5011 1818 5068 Εἶπεν
1845 5015 1901 5067 δὲ

393 5109 677 5180 βασίλισσα
722 5109 799 5180 τῷ
837 5109 1086 5180 Ἰωάννῃ·
1124 5109 1298 5172 Μάθε,
1339 5109 1539 5179 Πάτερ,
1571 5108 1668 5177 τὴν
1699 5107 1896 5172 αἰτίαν,

329 5203 423 5254 καὶ
444 5202 561 5252 τότε
590 5200 836 5268 έπάγαγε
865 5201 963 5270 τὴν
993 5200 1302 5271 ἐπιϐουλὴν,
1329 5201 1394 5270 ἣν
1417 5199 1594 5266 λέγεις
1613 5200 1692 5252 ὃτι
1715 5199 1900 5270 ἐποίη-

330 5306 398 5340 σα
431 5291 495 5359 τῇ
531 5290 690 5358 χήρᾳ.
736 5285 900 5341 Εἶπεν
949 5289 1006 5341 δὲ
1045 5288 1204 5342 πάλιν
1233 5291 1265 5359 ή
1303 5288 1586 5358 βασίλισσα
1612 5287 1688 5357 τῷ
1716 5289 1899 5342 Ἰωάν·

326 5395 429 5450 νῃ·
483 5379 576 5450 Μὴ
630 5380 869 5451 ἐλέγχειν
926 5379 1045 5433 θέλε
1099 5381 1242 5434 κατὰ
1294 5381 1581 5452 πρόσωπον
1637 5379 1894 5450 βασιλεῖς.

325 5463 498 5520 Εἶπεν
527 5468 583 5520 δὲ
611 5470 862 5541 Ἰωάννης
880 5487 894 5500 ·
925 5470 1033 5522 Καὶ
1063 5470 1224 5523 πάλιν
1247 5471 1326 5522 σοὶ
1357 5470 1517 5538 λέγωο
1556 5471 1776 5534 Ἀπόδος
1807 5473 1897 5524 τὸν

324 5556 497 5626 ἀγρὸν
530 5559 629 5628 τῆς
654 5561 848 5631 χήρας.
881 5563 1160 5623 ’Ἤκουσας
1194 5561 1308 5625 πῶς
1339 5563 1706 5630 στηλιτεύεται
1736 5563 1898 5627 Ἰεζά-

324 5649 444 5713 ϐελ,
483 5649 575 5702 καὶ
609 5651 770 5721 μέχρι
817 5653 1056 5722 σήμερον
1089 5653 1192 5705 ὑπὸ
1220 5653 1316 5722 τῆς
1363 5653 1511 5716 θείας
1554 5655 1772 5725 Γραφῆς
1798 5655 1892 5708 δα-

322 5740 773 5797 κτυλοδεικτεῖται
799 5743 890 5796 ἐπὶ
918 5742 1073 5812 κακῷ
1099 5743 1166 5796 δι’
1189 5744 1482 5814 ἀμπελῶνα
1505 5745 1651 5799 ὁσίου
1680 5747 1891 5814 ἀνδρός.

2009 4557 2155 4612 Dixit
2199 4575 2330 4614 vero
2367 4561 2678 4630 imperatrix
2727 4559 3012 4630 Eutycho:
3049 4559 3172 4615 Haec
3209 4572 3294 4616 est
3346 4564 3428 4616 lex
3485 4579 3570 4619 re-

2007 4652 2092 4717 gia
2127 4667 2138 4702 :
2173 4651 2480 4722 ubicunque
2519 4661 2698 4706 autem
2731 4653 2855 4706 velit
2886 4654 2938 4705 in
2975 4654 3078 4706 alia
3109 4655 3403 4722 provincia,
3434 4657 3573 4710 dabo

2005 4744 2053 4796 ei
2089 4745 2370 4812 prmdium.
2398 4743 2662 4813 Egressus
2690 4742 2986 4814 Eutychus,
3013 4746 3354 4799 annuntiavit
3375 4746 3572 4799 Joanni

2005 4835 2167 4888 verba
2221 4835 2601 4904 imperatricis.
2642 4834 2740 4890 lvit
2788 4845 2967 4890 autem
3020 4835 3258 4891 Joannes
3298 4837 3347 4890 in
3390 4838 3570 4891 aulam

2005 4927 2227 4993 regiam,
2256 4937 2310 4980 et
2337 4928 2472 4981 dixit
2504 4929 2829 4996 itnperatrici
2861 4947 2871 4980 :
2908 4927 3090 4982 Redde
3139 4939 3324 4998 agrutn
3372 4931 3566 4983 viduae.

2003 5013 2148 5069 Dixit
2179 5015 2374 5069 Joanni
2421 5017 2734 5086 imperatrix
2769 5036 2780 5070 :
2811 5015 3002 5083 Pater,
3049 5017 3196 5070 disce
3233 5031 3473 5079 causam,
3517 5028 3571 5070 et

2003 5118 2131 5160 tunc
2161 5108 2375 5161 intende
2415 5109 2644 5171 crimen,
2673 5111 2818 5177 quod
2853 5125 2939 5162 me.
2969 5108 3108 5163 dicis
3136 5108 3476 5162 commisisse
3512 5107 3565 5160 in

2001 5200 2237 5253 viduam.
2291 5199 2436 5253 Dixit
2487 5211 2664 5253 autem
2717 5216 2912 5254 rursus
2959 5199 3192 5253 Joannes
3233 5215 3248 5252 :
3295 5197 3413 5251 Dixi
3447 5199 3566 5262 tibi,

2001 5289 2182 5344 Redde
2215 5291 2373 5344 vitem
2410 5291 2603 5344 viduaa.
2642 5289 2782 5344 Dixit
2816 5291 3128 5358 impcratrix
3159 5287 3353 5343 Joanni
3381 5308 3394 5342 :
3422 5289 3566 5356 Noli,

1998 5381 2157 5435 Pater
2183 5380 2438 5447 Joannes,
2473 5382 2579 5436 noli
2607 5381 2686 5434 sic
2719 5396 2904 5434 coram
2936 5394 3162 5449 arguere
3189 5382 3564 5449 imperatores.

1998 5471 2140 5525 Dixit
2191 5471 2476 5526 Joannes:
2518 5470 2729 5525 Rursus
2771 5471 2894 5524 dico
2947 5471 3041 5525 tibi
3091 5486 3104 5521 :
3145 5469 3326 5524 Redde
3376 5486 3566 5539 agrum

1999 5563 2192 5617 viduae.
2227 5563 2512 5625 Audiristi,
2541 5571 2743 5630 quanta
2779 5571 2993 5616 notetur
3024 5561 3318 5631 ignominia
3344 5559 3561 5616 Jezabcl

1994 5663 2214 5723 propter
2267 5655 2496 5716 vincam,
2542 5662 2596 5706 et
2630 5668 2803 5722 usque
2852 5654 2905 5707 in
2959 5653 3277 5708 hodiernum
3328 5653 3470 5708 diem
3506 5655 3562 5708 in

1998 5749 2201 5801 malum
2250 5747 2416 5813 digito
2468 5747 2820 5815 ostendatur,
2872 5758 3087 5817 propter
3123 5747 3333 5804 vineam
3387 5746 3565 5815 sancti
