4078 6368
478 337 581 396 103

1800 336 1859 392 S.
1896 338 2240 395 EPIPHANII
2274 341 2457 397 VITA.

3630 350 3734 404 1οι

477 453 577 506 viri
615 452 679 505 ‘°.
720 452 857 506 Cum
908 449 1023 505 haec
1057 458 1235 504 autem
1285 449 1353 504 ab
1402 448 1612 529 Joanne
1649 451 1913 506 audiisset
1952 453 2052 506 im-

2172 456 2238 509 'H
2281 459 2336 511 δὲ
2384 458 2669 528 βασίλισσα
2720 457 3001 511 ἀκούσασα
3042 456 3215 512 ταῦτα
3266 458 3417 530 παρά
3458 459 3733 529 Ἰωάννου,

478 543 736 611 peratrix,
780 541 945 611 jussit
991 539 1254 597 Joannem
1298 541 1420 610 ejici
1461 557 1527 595 ex
1577 543 1700 595 aula
1749 542 1914 612 regia.
1949 543 2053 609 Qui

476 650 752 701 egressus,
793 634 940 687 venit
975 634 1024 686 in
1067 632 1375 687 ecclesiam.
1417 631 1560 686 Dixit
1606 642 1785 686 autem
1818 633 2055 689 Joannes

480 725 723 794 Eutycho
761 740 773 773 :
814 722 1044 789 Quando
1080 724 1285 776 venerit
1322 723 1635 791 imperatrix
1666 724 1721 777 in
1744 725 2052 789 ecclesiam,

478 818 662 884 accipe
692 826 889 875 tecum,
928 817 1019 884 qui
1050 816 1143 869 tibi
1181 816 1436 879 serviant,
1466 825 1518 869 et
1549 825 1625 869 sta
1655 817 1708 870 in
1741 817 1912 881 aditu,
1945 833 2054 886 quo

478 910 617 962 solet
650 908 859 977 ingredi
899 908 951 960 in
980 907 1287 971 ecclesiam,
1317 916 1370 960 et
1399 923 1465 960 ne
1492 907 1639 961 sinas
1672 924 1791 960 eam
1826 909 2053 977 ingredi,

478 1000 663 1053 dicens
698 1018 710 1052 :
745 997 983 1051 Joannes
1028 997 1230 1065 jussit,
1278 1013 1345 1051 ne
1394 998 1756 1066 ingrederer-is
1797 998 1850 1051 in
1884 998 2057 1052 eccle-

480 1092 638 1143 siam.
688 1090 777 1145 Sic
820 1100 998 1143 autem
1055 1089 1181 1144 fecit
1214 1091 1511 1161 Eutychus.
1542 1091 1624 1143 Ab
1665 1106 1731 1144 eo
1764 1106 1892 1161 ergo
1920 1099 2057 1143 tem-

481 1197 613 1251 pore
644 1182 865 1235 incitata
905 1192 988 1235 est
1036 1182 1351 1249 imperatrix
1389 1183 1648 1235 adversus
1673 1180 1959 1246 Joannem,
1995 1190 2057 1235 ut

478 1289 604 1326 etim
636 1276 871 1327 mitteret
900 1276 953 1327 in
984 1276 1259 1328 exsilium.

551 1451 709 1505 LXII.
746 1452 879 1505 Cum
934 1461 1115 1505 autem
1161 1452 1459 1507 audivisset
1504 1451 1871 1521 Theophilus.
1921 1454 2057 1507 velle

482 1547 881 1613 imperatricem
932 1548 1145 1599 mittere
1191 1544 1456 1598 Joannem
1501 1545 1553 1597 in
1601 1546 1851 1600 exsilium
1879 1586 1892 1609 ,
1952 1547 2059 1601 hoc

482 1640 596 1707 ipse
627 1654 845 1707 quoque
873 1638 1179 1691 mirandum
1217 1637 1268 1690 in
1309 1637 1527 1690 modum
1562 1644 1645 1689 est
1690 1638 2052 1691 machinatus.

484 1730 711 1798 Scripsit
759 1730 922 1798 igitur
976 1728 1309 1797 Theophilus
1358 1730 1423 1781 ad
1485 1727 1848 1797 Epiphanium
1904 1728 2056 1783 ﬁctas

481 1822 690 1875 litteras
734 1821 993 1874 adversus
1037 1819 1333 1882 Joannem,
1375 1820 1519 1888 quod
1578 1821 1775 1873 sentiat
1817 1819 2054 1875 Joannes

458 1896 702 1974 eadem,
751 1926 873 1979 quae
916 1910 1193 1979 Origenes.
1246 1909 1389 1964 Mota
1435 1911 1596 1980 igitur
1626 1924 1709 1965 est
1742 1913 2055 1981 imperatrix

480 2003 547 2057 ad
597 2017 721 2056 eum
772 2001 1094 2055 mittendum
1146 2003 1201 2055 in
1249 2002 1501 2055 exsilium
1550 2020 1563 2055 :
1614 2003 2055 2073 Epiphaniusque

480 2094 591 2148 cito
621 2093 849 2147 credidit
889 2092 1207 2162 Theophilo.
1261 2090 1547 2147 Nesciebat
1597 2095 1739 2147 enim
1773 2093 2056 2163 Theophi-

481 2188 592 2241 lum
624 2200 745 2240 esse
790 2184 985 2238 Joanni
1036 2184 1342 2239 inimicum.
1374 2184 1584 2239 Accidit
1611 2200 1776 2253 vero,
1823 2197 1882 2241 ut
1929 2187 2050 2258 Epi-

483 2278 715 2346 phanius
746 2277 905 2330 vellet
942 2277 1103 2329 etiam
1135 2291 1233 2345 pro
1256 2291 1317 2329 re
1348 2276 1451 2329 alia
1486 2276 1740 2347 navigare
1767 2278 1833 2334 ad
1866 2280 2051 2333 urbem

480 2368 707 2439 regiam.
745 2367 881 2422 Cum
913 2380 1093 2421 autem
1124 2368 1192 2421 de
1236 2364 1443 2421 Joanne
1472 2368 1767 2424 audivisset
1799 2385 1829 2424 a
1877 2369 2053 2426 Theo-

479 2463 650 2532 philo,
697 2461 865 2514 multo
914 2460 1084 2530 magis
1127 2460 1335 2513 studuit
1366 2475 1431 2514 eo
1464 2462 1686 2528 venire,
1732 2463 1823 2515 sed
1861 2478 1965 2517 non
1998 2474 2057 2518 ut

478 2554 675 2607 Joanni
722 2550 1087 2606 malefaceret.
1136 2550 1219 2605 Me
1271 2551 1433 2620 igitur
1460 2554 1666 2622 accepit
1697 2564 1750 2608 et
1791 2555 1975 2621 Isaac,
2001 2565 2055 2609 ct

481 2645 857 2714 navigavimus
885 2643 1432 2712 Constantinopolim.
1469 2642 1640 2699 Porro
1674 2660 1797 2698 cum
1832 2656 1939 2700 nos'
1963 2662 2054 2699 ve-

425 2722 431 2729 .
482 2738 756 2791 nissemus
788 2737 841 2789 in
876 2736 1174 2798 civitatem,
1212 2745 1329 2791 erat
1368 2737 1435 2792 de
1471 2736 1679 2792 Joanne
1706 2754 1899 2808 magna
1932 2755 2052 2808 per-

480 2830 754 2891 turbatio,
798 2830 1054 2899 quoniam
1111 2830 1341 2883 multum
1390 2831 1678 2885 amabatur
1728 2847 1757 2885 a
1821 2833 2049 2887 civibus.

480 2922 648 2976 Erant
677 2930 857 2975 autem
892 2921 1137 2990 qumdam
1172 2924 1499 2976 monasteria
1525 2933 1578 2976 et
1602 2923 1877 2993 martyria,
1909 2939 2049 2993 quae,

479 3015 608 3084 quia
661 3015 949 3083 capiebant
992 3030 1238 3069 annonas
1285 3016 1353 3069 ab
1390 3016 1750 3084 imperatrice,
1786 3015 2048 3070 Joannem

480 3106 703 3160 minime
730 3106 1080 3174 recipiebant.
1110 3104 1280 3158 Nobis
1310 3114 1487 3160 autem
1518 3108 1775 3176 ingressis
1804 3108 1852 3160 in
1882 3124 2048 3162 unum
2080 3130 2119 3186 ο

478 3212 544 3249 ex
574 3196 678 3249 illis
719 3195 1085 3262 monasteriis,
1118 3204 1411 3265 coegerunt
1451 3195 1832 3264 Epiphanium,
1860 3206 1919 3250 ut
1954 3211 2044 3249 or-

479 3285 691 3337 dinaret
718 3285 995 3353 (quoniam
1033 3285 1103 3337 ita
1150 3300 1287 3352 opus
1321 3284 1456 3355 erat)
1492 3301 1638 3349 eum,
1669 3286 1761 3354 qui
1793 3297 2049 3354 przcesset

480 3374 761 3444 responsis
806 3374 1105 3429 Ecclesiae:
1143 3376 1285 3444 quod
1322 3378 1483 3429 etiam
1532 3376 1676 3429 fecit.
1710 3378 1927 3431 Audivit
1956 3393 2050 3431 au-

482 3474 587 3517 tem
636 3464 894 3527 Joannes,
945 3474 997 3518 et
1047 3467 1201 3519 valde
1253 3466 1561 3520 succensuit
1612 3466 1946 3535 Epiphanio,
1996 3479 2049 3524 et

482 3556 701 3624 scripsit
734 3556 1015 3625 epistolam
1068 3558 1136 3610 ad
1185 3557 1577 3627 Epiphanium,
1621 3575 1741 3628 quae
1774 3561 1822 3613 ei
1871 3562 2050 3615 attulit

482 3647 806 3701 molestiam.
854 3647 1115 3701 Similiter
1162 3648 1498 3719 Epiphanius
1531 3667 1745 3719 quoque
1774 3655 2050 3721 respondit

482 3736 549 3789 ad
579 3751 640 3790 ea
675 3752 794 3804 qum
840 3738 1038 3806 scripta
1072 3736 1306 3792 fuerant.
1342 3741 1561 3794 Audivit
1603 3752 1783 3796 autem
1819 3746 2050 3812 impera-

482 3827 586 3879 trix
624 3825 888 3881 Joannem
939 3828 1103 3881 irasci
1135 3828 1455 3898 Epiphanio.
1489 3831 1620 3895 Quae
1659 3847 1780 3885 cum
1819 3836 2051 3887 accersi-

481 3918 648 3972 visset
684 3917 1066 3987 Epiphanium,
1105 3908 1243 3973 diiit
1283 3921 1330 3974 ei
1380 3940 1393 3975 :
1436 3922 1596 3974 Pater
1642 3922 1931 3992 Epiphani,
1964 3934 2049 3980 to-

483 4017 597 4061 tum
646 4017 725 4062 est
773 4023 952 4061 meum
1000 4007 1369 4063 Romanorum
1429 4009 1735 4079 imperium,
1779 4021 1831 4065 et
1874 4024 2048 4068 totum

481 4099 844 4153 sacerdotium
880 4098 1269 4167 Ecclesiarum,
1315 4116 1435 4169 quae
1481 4112 1607 4155 sunt
1654 4104 1755 4157 sub
1793 4119 1913 4156 meo
1950 4108 2051 4159 im-

480 4190 650 4258 perio,
682 4198 764 4243 est
800 4200 971 4244 tuum.
1008 4190 1274 4256 Quoniam
1304 4190 1574 4257 Joannes,
1604 4194 1696 4263 qui
1730 4205 1811 4249 est
1842 4196 2050 4249 alienus

480 4290 512 4327 a
541 4274 801 4342 dignitate
850 4280 1159 4341 sacerdotii,
1196 4280 1489 4335 insolenter
1536 4297 1592 4336 se
1623 4287 1760 4351 gerit
1793 4285 2050 4340 adversus

482 4365 857 4435 imperatores,
889 4378 943 4423 et
987 4368 1176 4423 dicunt
1204 4385 1327 4425 eum
1364 4371 1563 4426 habere
1614 4374 1848 4442 aliquam
1888 4377 2048 4429 aliam

2156 550 2441 602 ἐκέλευσεν
2471 551 2632 603 αὐτὸν
2673 550 3003 621 ἐκϐληθῆναι
3036 550 3142 616 ἔξω
3179 550 3274 603 τοῦ
3321 550 3599 621 βασιλικοῦ
3640 573 3739 609 τα-

2160 640 2355 709 μιείου.
2388 642 2496 693 Καὶ
2539 641 2601 710 δὴ
2649 639 2878 705 ἐξελθὼν
2923 641 3192 712 ἐπορεύθη
3240 642 3298 693 ἐν
3341 645 3406 711 τῇ
3444 645 3733 716 ἐκκλησία.

2157 726 2323 782 Εἶπεν
2352 731 2406 783 δὲ
2443 731 2695 801 Ἰωάννης
2718 731 2853 800 πρὸς
2884 730 3139 800 Εὔτυχον·
3179 732 3348 783 ’Όταν
3378 736 3736 803 παραγίνεται

2156 819 2189 888 ή
2224 819 2509 888 βασίλισσα
2546 822 2601 872 ἐν
2624 824 2691 891 τῇ
2716 820 2999 891 ἐκκλησίᾳ,
3027 814 3156 874 λάϐε
3187 824 3323 891 μετὰ
3354 825 3581 878 σεαυτοῦ
3610 829 3738 890 τοὺς

2158 911 2293 981 πρὸς
2322 912 2645 981 ὑπηρεσίαν,
2679 915 2773 964 καὶ
2803 912 2958 979 στῆθι
3002 915 3059 963 ἐν
3090 915 3157 982 τῇ
3188 914 3413 983 εἰσόδῳε,
3442 915 3567 967 ἔνθα
3607 918 3735 970 εἴω-

2158 1000 2246 1052 θεν
2284 1002 2531 1054 είσιέναγ
2568 1003 2660 1055 καὶ
2700 1004 2774 1073 μὴ
2802 1003 2968 1075 ἐάσῃς
2999 1003 3166 1074 αύτῆν
3207 1005 3500 1059 εἰσελθεῖν·
3540 1007 3734 1076 λέγων,

2156 1092 2235 1143 ὅτι
2265 1093 2518 1162 Ἰωάννης
2558 1094 2854 1165 ἐπέτρεψεν
2896 1094 2989 1146 τοῦ
3030 1096 3103 1165 μὴ
3137 1096 3398 1148 εἰσελθεῖν
3430 1099 3487 1149 ἐν
3530 1102 3595 1169 τῇ
3644 1102 3736 1152 ὲκ-

2157 1183 2371 1253 κλησία.
2401 1184 2686 1253 Ἐποίησεν
2726 1185 2783 1236 δὲ
2812 1186 2983 1248 οὕτως
3025 1186 3282 1256 Εὔτυχος.
3313 1188 3449 1240 ’Λπὸ
3489 1190 3608 1243 τότε
3639 1187 3734 1243 οὖν

2156 1274 2379 1345 ἐκινήθη
2427 1277 2459 1345 ἡ
2514 1274 2799 1344 βασίλισσα
2849 1276 2990 1330 κατά
3031 1278 3279 1331 Ἰωάννου
3340 1279 3434 1331 τοῦ
3494 1279 3733 1348 ἐξορίσαι

2156 1364 2338 1417 αὐτόν.

2227 1454 2344 1509 EB’.
2386 1455 2648 1517 Ἀκούσας
2686 1456 2741 1509 δὲ
2774 1456 3029 1525 Θεόφιλος
3072 1458 3155 1510 ὅτι
3203 1460 3235 1529 ἡ
3281 1459 3567 1527 βασίλισσα
3607 1461 3735 1531 βού-

2156 1545 2304 1596 λεται
2337 1545 2572 1616 ἐξορίσαι
2605 1546 2694 1597 τὸν
2722 1548 2996 1617 Ἰωάννην,
3025 1549 3300 1619 περισσῶς
3332 1550 3736 1615 κατεσκεύαζεν

2157 1637 2250 1688 καὶ
2278 1637 2456 1699 αὐτός.
2492 1638 2766 1708 Ἔγραῲεν
2791 1635 2881 1691 οὖν
2904 1639 3160 1708 Θεόφιλος
3183 1642 3484 1712 Ἐπιφανίῳ
3511 1644 3735 1697 πλεῖστα

2158 1724 2458 1794 γράμματα
2486 1726 2623 1777 κατὰ
2656 1727 2922 1791 Ἰωάννου,
2968 1729 3040 1790 ὡς
3074 1730 3154 1781 ὅτι
3198 1729 3450 1799 Ἰωάννης
3493 1732 3557 1783 τά
3586 1732 3732 1803 Ὠρι-

2157 1815 2345 1883 γένους
2378 1820 2579 1885 φρονεῖ.
2608 1817 2715 1869 Καὶ
2748 1818 2971 1889 ἐκινήθη
3006 1823 3038 1889 ἡ
3064 1818 3347 1888 βασίλισσα
3376 1821 3467 1873 τού
3496 1821 3732 1892 ἐξορίσαι

2158 1906 2350 1958 αὐτόν·
2380 1910 2407 1959 ό
2431 1904 2521 1960 οὖν
2551 1909 2863 1975 Ἐπιφάνιος
2893 1911 3026 1980 πρὸς
3058 1912 3182 1976 τόξὺ
3212 1912 3435 1982 ἐπείσθη
3466 1912 3729 1984 Θεοφίλῳ.

2159 1998 2272 2051 Οὐκ
2302 2000 2415 2069 ᾔδει
2444 2000 2498 2051 δὲ
2541 2001 2622 2053 ὅτι
2651 2000 2969 2070 ἀπεχθιάζει
2999 2001 3253 2071 Θεόφιλος
3286 2003 3418 2073 πρὸς
3455 2004 3726 2074 Ἰωάννην.

2158 2093 2360 2163 Συνέϐη
2401 2092 2458 2145 δὲ
2498 2094 2566 2145 δι’
2595 2094 2890 2159 ἀναγκαῖον
2934 2094 3166 2163 πρᾶγμα
3208 2094 3523 2163 Ἐπιφάνιον
3558 2094 3732 2147 θέλειν

2155 2184 2415 2237 ἀποπλεῖν
2459 2186 2552 2236 ἐπὶ
2602 2184 2698 2254 τὴν
2744 2184 3011 2253 βασιλίδα.
3045 2185 3311 2248 Ἀκούσας
3352 2186 3407 2239 δὲ
3444 2188 3538 2239 καὶ
3579 2186 3733 2257 παρὰ

2156 2274 2415 2343 Θεοφίλου
2454 2275 2678 2328 τοιαῦτα
2724 2276 2851 2344 περὶ
2877 2275 3123 2328 Ἰωάννου
3156 2275 3420 2329 ἔσπευσεν
3451 2276 3613 2330 πλέον
3636 2276 3731 2330 τοῦ

2155 2367 2431 2420 ἀνελθεῖνο
2479 2366 2575 2437 ούχ
2622 2368 2708 2419 ἵνα
2754 2365 3004 2437 Ἰωάννην
3051 2367 3424 2436 κακοποιήσει,
3476 2365 3592 2419 ἀλλ’
3644 2366 3733 2419 ἵνα.

2155 2459 2302 2529 αύτῷ
2333 2459 2607 2529 βοηθήσει.
2644 2457 2836 2511 Λαϐὼν
2865 2454 2957 2511 οὖν
2986 2457 3086 2527 ἐμὲ
3123 2458 3214 2509 καὶ
3246 2457 3433 2510 Ἰσαάκ
3458 2456 3735 2511 ἀπεοιιιλεύ⁴

2157 2560 2327 2614 σαμεν
2372 2546 2430 2595 ἐν
2465 2543 2869 2597 Κωνσταντίνου
2915 2545 3093 2599 πόλει.
3141 2545 3251 2598 Καὶ
3286 2545 3350 2615 δὴ
3385 2545 3736 2600 εἰσελθόντων

2154 2637 2309 2708 ἡμῶν
2344 2640 2399 2691 ἐν
2426 2640 2490 2708 τῇ
2525 2637 2696 2701 πόλει,
2730 2633 2795 2707 ἦν
2844 2638 3105 2708 σύγχυσις
3150 2637 3358 2708 μεγάλη
3392 2639 3519 2707 περὶ
3550 2639 3737 2691 Ἰωάν-

2153 2744 2265 2793 νου,
2296 2728 2428 2781 διότι
2460 2728 2593 2780 πολὺ
2620 2729 2871 2796 ἠγαπᾶτο
2915 2728 3170 2798 Ἰωάννης
3209 2730 3313 2781 ὑπὸ
3336 2728 3441 2782 τῶν
3472 2728 3730 2782 πολιτῶν.

2152 2816 2330 2872 Ἦσαν
2357 2819 2413 2873 δέ
2444 2837 2563 2872 τινα
2596 2821 2932 2892 μοναστήρια
2957 2820 3053 2873 καὶ
3088 2820 3359 2891 μαρτύρια
3388 2820 3735 2890 λαμϐάνοντα

2153 2911 2393 2974 ἁννώνας
2455 2912 2605 2983 παρὰ
2662 2912 2759 2982 τῆς
2814 2912 3153 2982 βασιλίσσης,
3194 2914 3267 2982 μὴ
3323 2912 3586 2982 δεχόμενα
3640 2912 3735 2967 τὸν

2152 3001 2424 3069 Ἰωάννην.
2460 3000 2823 3053 Εἰσελθόντων
2865 2996 2957 3053 οὖν
3005 3000 3160 3071 ἡμῶν
3198 3005 3254 3054 ἐν
3298 3002 3379 3054 ἐνὶ
3424 3002 3534 3054 τῶν
3568 3020 3736 3071 μονα-

2155 3092 2390 3161 στηρίων
2423 3092 2736 3161 ἠνάγκασαν
2766 3092 3083 3159 Ἐπιφάνιον
3103 3134 3116 3155 ,
3144 3094 3292 3155 ὅπως
3339 3095 3729 3163 χειροτονήσει,

2156 3185 2237 3236 ὅτι
2281 3183 2437 3252 χρεία
2478 3180 2565 3253 ἦν,
2615 3184 2706 3236 ἐπὶ
2738 3184 2836 3252 τὴν
2875 3182 3333 3253 ἐκκλησιαστικὴν
3372 3184 3579 3254 χρείαν.
3622 3184 3734 3237 Καὶ

2154 3275 2309 3327 τοῦτο
2340 3278 2590 3345 ποιήσας,
2620 3276 2714 3327 καὶ
2748 3274 2985 3338 ἀκούσας
3010 3275 3266 3343 Ἰωάννης
3308 3275 3551 3345 ἐλυπήθη
3598 3277 3732 3343 σφό-

2154 3364 2254 3434 δρα
2303 3364 2439 3434 πρὸς
2475 3364 2806 3431 Ἐπιφάνιον’
2845 3365 2937 3417 καὶ
2980 3364 3268 3434 ἐπιστολὴν
3320 3364 3553 3436 ἔγραψεν
3581 3367 3735 3418 Ἐπι-

2156 3456 2330 3524 φανίῳ
2368 3455 2543 3523 λύπην
2582 3454 2874 3521 γεννῶσαν.
2920 3455 3152 3524 Ὁμοίως
3193 3457 3284 3508 καὶ
3314 3456 3626 3524 Ἑπιφάνιος
3656 3457 3733 3528 τῷ

2156 3546 2377 3616 Ἰωάννῃ
2403 3546 2535 3617 πρὸς
2571 3547 2637 3598 τά
2656 3547 2953 3616 γραφέντα.
2988 3548 3257 3599 Ἤκουσεν
3285 3546 3340 3598 δὲ
3376 3549 3407 3615 ἡ
3442 3548 3735 3616 βασίλισσα

2154 3636 2237 3689 ὃτι
2272 3636 2508 3706 ἐλυπήθη
2536 3636 2788 3707 Ἰωάννης
2813 3638 2948 3707 πρὸς
2972 3637 3309 3705 Ἐπιφάνιον·
3343 3638 3437 3689 καὶ
3471 3637 3533 3705 δὴ
3570 3654 3735 3707 προσ-

2156 3728 2496 3798 καλεσαμένη
2520 3730 2610 3781 τὸν
2633 3729 2947 3796 Ἐπιφάνιον
2981 3724 3132 3782 εἶπεν
3171 3728 3336 3799 αὐτῷ·
3371 3730 3551 3799 Πάτερ
3579 3730 3734 3781 Ἐπι-

2157 3821 2333 3889 φάνιε,
2362 3822 2509 3873 πᾶσα
2539 3822 2572 3889 ἡ
2605 3820 2848 3889 βασιλεία
2877 3820 2984 3873 τῶν
3022 3820 3304 3890 Ῥωμαίων
3336 3822 3441 3890 ἐμή
3467 3822 3601 3872 ἐστι·
3636 3821 3733 3873 καὶ

2157 3916 2306 3966 πᾶσα
2333 3914 2365 3983 ἡ
2398 3912 2662 3982 ἱερωσύνη
2694 3912 2799 3964 τῶν
2826 3911 3162 3982 Ἐκκλησιῶν
3194 3912 3301 3964 τῶν
3333 3914 3437 3964 ύπὸ
3462 3912 3557 3982 τὴν
3594 3914 3732 3983 ἐμὴν

2158 4003 2431 4073 βασιλείαν
2473 4005 2537 4073 σή
2569 4004 2735 4055 ἐστιν.
2780 4003 2993 4074 Ἐπειδὴ
3031 4003 3088 4055 δὲ
3125 4003 3378 4072 Ἰωάννης
3405 4044 3418 4069 ,
3454 4002 3733 4073 ἀλλότριος

2157 4097 2253 4166 τῆς
2289 4094 2538 4159 εὐταξίας
2582 4095 2681 4165 τῆς
2727 4095 3025 4165 ἱερωσύνης
3062 4094 3172 4158 ὢν,
3220 4094 3468 4156 ἀτάκτως
3505 4095 3731 4163 φέρεται

2157 4188 2297 4241 κατὰ
2353 4186 2646 4256 βασιλέων,
2700 4188 2792 4238 καὶ
2839 4187 3044 4255 αἵρεσίν
3102 4203 3224 4239 τινα
3277 4186 3524 4253 λέγουσιν
3569 4186 3732 4237 αὑτὸν

2158 4278 2334 4348 ἔχειν,
2376 4277 2565 4330 τούτου
2617 4278 2773 4347 χάριν
2818 4278 2925 4329 ἀπὸ
2973 4279 3191 4348 ἡμερῶν
3240 4278 3449 4330 πολλῶν
3495 4278 3731 4330 κατακό-

2158 4369 2348 4421 πτεταί
2383 4386 2482 4438 μου
2507 4371 2534 4420 ό
2566 4369 2821 4438 λογισμὸς
2848 4370 2975 4440 περὶ
3001 4368 3093 4421 τοῦ
3122 4371 3344 4438 ποιῆσαι
3372 4369 3606 4427 σύνοδον,
3636 4368 3731 4420 καὶ

481 4456 730 4511 haeresim
758 4459 973 4528 (praeter
1000 4462 1296 4530 nostram);
1332 4478 1394 4516 ea
1426 4464 1493 4517 de
1526 4480 1689 4519 causa
1737 4468 1919 4519 multis
1953 4470 2049 4521 ab-

2158 4456 2344 4509 τοῦτον
2380 4458 2715 4527 ἐκκήρυκτον
2769 4458 2989 4527 ποιῆσαι
3034 4459 3131 4528 τῆς
3182 4459 3479 4529 ἱερωσύνης
3518 4459 3593 4520 ὡς
3632 4458 3731 4511 ἀν⁴

479 4548 609 4602 hinc
633 4549 824 4603 diebus
858 4551 910 4603 in
942 4551 1125 4605 animo
1158 4569 1334 4619 verso,
1366 4554 1542 4608 facere
1566 4555 1631 4609 de
1659 4570 1725 4609 eo
1759 4558 2045 4625 synodum,

476 4650 532 4695 et
561 4655 686 4695 eum
736 4650 993 4710 tauquam
1043 4644 1321 4713 indignum
1362 4647 1613 4701 abdicare
1653 4664 1683 4701 a
1714 4649 2047 4713 sacerdotio;

477 4731 534 4786 in
569 4733 697 4788 sede
728 4744 907 4787 autem
954 4735 1223 4790 collocare
1250 4738 1482 4806 aliquem
1530 4739 1727 4802 alium,
1756 4740 1847 4809 qui
1881 4740 2052 4809 possit

472 4826 723 4880 obtinere
757 4828 1141 4892 sacerdotium,
1173 4840 1232 4884 ut
1260 4846 1442 4884 meum
1480 4832 1762 4900 imperium
1795 4833 1865 4887 sit
1898 4834 2052 4902 quie-

480 4928 593 4971 tum
628 4916 681 4971 in
724 4918 1000 4971 omnibus.
1031 4918 1168 4973 Cum
1200 4921 1515 4989 imperatrix
1550 4923 1663 4975 haec
1698 4923 1896 4977 diceret
1927 4921 2051 4992 Epi-

477 5009 715 5079 phanio,
770 5009 850 5062 ira
896 5018 1040 5074 tota,
1076 5020 1278 5077 quanta
1323 5021 1462 5077 erat,
1493 5014 1953 5067 commovebatur.
1986 5013 2048 5068 Ei

478 5114 606 5169 ergo
635 5114 828 5153 rursus
854 5099 990 5153 dixit
1022 5120 1035 5153 :
1064 5100 1201 5154 Cum
1236 5110 1327 5155 tua
1360 5103 1447 5156 hic
1476 5103 1547 5155 sit
1574 5118 1696 5156 cum
1727 5102 1834 5157 Deo
1867 5114 2047 5173 pater-

480 5189 645 5253 nitas,
692 5205 799 5242 non
846 5204 985 5259 opus
1027 5202 1143 5254 est,
1192 5201 1250 5245 ut
1292 5191 1415 5246 aliis
1449 5192 1699 5246 Patribus
1744 5194 2049 5248 molestiam

475 5280 851 5335 exhibeamus.
888 5280 992 5335 Sed
1038 5297 1199 5351 quem
1249 5283 1343 5335 tibi
1379 5281 1521 5338 Deus
1554 5285 1889 5347 revelaverit,
1922 5298 2047 5338 eum

476 5370 566 5423 t'ac
619 5372 962 5440 episcopum;
1003 5371 1151 5427 hunc
1202 5382 1383 5427 autem
1432 5375 1636 5442 expelle
1669 5376 1738 5429 ab
1786 5375 2045 5430 Ecclesia.

478 5459 812 5531 lmperatrici
849 5472 1031 5518 autem
1063 5465 1202 5519 dixit
1242 5463 1576 5535 Epiphanius
1607 5484 1621 5521 :
1652 5467 1814 5533 Audi,
1850 5485 1884 5523 o
1916 5469 2045 5536 lilia,

552 5619 598 5651 “
628 5617 698 5673 Ill
729 5619 861 5692 Reg.
892 5638 1008 5690 XXI,
1040 5623 1065 5676 Ι
1106 5639 1226 5694 sqq.

546 5753 629 5823 (α)
656 5752 818 5811 Forte
852 5755 957 5826 leg.
992 5757 1129 5826 μετὰ
1162 5756 1316 5810 Θεοῦ.
1357 5756 1511 5812 Enrr.
1542 5757 1779 5811 Parant"

2159 4549 2326 4614 άξιον,
2360 4549 2542 4618 ἕτερον
2572 4548 2626 4602 δὲ
2652 4550 2742 4602 τὸν
2774 4549 3066 4619 δυνάμενον
3090 4551 3409 4619 ἀντέχεσθαι
3439 4550 3535 4619 τῆς
3574 4552 3732 4620 ἱερω-

2159 4637 2321 4707 σύνης
2356 4640 2446 4691 ἐπὶ
2471 4639 2561 4692 τοῦ
2594 4639 2781 4709 θρόνου
2812 4638 3161 4709 καθεσθῆναι,
3194 4640 3341 4701 ὅπως
3370 4640 3402 4708 ἡ
3433 4640 3542 4708 ἐμὴ
3573 4638 3729 4707 βασι-

2156 4730 2273 4783 λεία
2310 4734 2368 4783 ἐν
2402 4734 2565 4786 πᾶσιν
2606 4731 2894 4802 είρηνεύει,
2934 4732 3021 4793 Ὠς
3062 4731 3119 4782 δὲ
3164 4730 3333 4783 ταῦτα
3360 4730 3535 4783 ἐλάλει
3567 4733 3599 4801 ὴ
3636 4731 3733 4799 βα-

2158 4823 2371 4875 σίλισσα
2399 4824 2535 4894 πρὸς
2564 4824 2901 4893 Ἐπιφάνιον,
2932 4823 3039 4875 ἀπὸ
3067 4821 3158 4875 τοῦ
3190 4821 3384 4875 πολλοῦ
3420 4821 3591 4892 θυμοῦ
3633 4822 3728 4893 ὅλη

2158 4920 2525 4987 παρεκινεῖτο.
2572 4916 2739 4973 Πάλιν
2770 4912 2860 4969 οὖν
2909 4911 3059 4967 εἶπεν
3094 4915 3230 4985 πρὸς
3265 4914 3450 4967 αὐτόν·
3486 4914 3596 4983 Τῆς
3632 4914 3733 4982 σῆς

2156 5008 2513 5079 πατρωσύνης
2543 5008 2709 5079 οὔσης
2755 5008 2893 5079 μετά
2920 5006 3050 5059 Θεὸν
3079 5006 3152 5078 (α)
3184 5005 3438 5069 ἐνταῦθα,
3469 5006 3527 5057 οὐ
3573 5005 3733 5075 χρεία

2156 5098 2271 5150 ἐστὶ
2297 5097 2391 5150 καὶ
2432 5099 2558 5160 τοὺς
2590 5097 2809 5159 λοιποὺς
2838 5097 3084 5167 Πατέρας
3125 5098 3203 5158 εἰς
3244 5096 3410 5148 κόπον
3450 5095 3730 5165 ἐμϐαλεῖν.

2158 5187 2299 5240 Ἀλλ’
2332 5189 2390 5240 ὄν
2416 5205 2497 5240 σοι
2525 5187 2553 5239 ὁ
2581 5188 2713 5250 Θεὸς
2738 5186 3132 5251 ἀποκαλύπτει,
3160 5187 3385 5255 ποίησον
3414 5186 3731 5250 ἐπίσκοπον,

2156 5278 2249 5329 καὶ
2291 5276 2478 5329 τοῦτον
2527 5275 2721 5330 ἔκϐαλε
2765 5276 2865 5345 τῆς
2890 5275 3237 5346 Ἐκκλησίας.
3286 5271 3453 5327 Εἶπεν
3495 5275 3551 5327 δὲ
3588 5275 3737 5327 Ἐπι-

2156 5368 2344 5436 φάνιος
2373 5368 2508 5438 πρὸς
2549 5366 2645 5437 τὴν
2694 5367 3043 5436 βασίλισσαν·
3092 5367 3478 5431 Ἀνεξικάκως,
3511 5367 3730 5433 τέκνον,

2154 5461 2384 5514 ἄκουσον
2408 5459 2503 5512 τοῦ
2536 5459 2629 5513 σοῦ
2660 5458 2892 5529 Πατρός.
2927 5455 3094 5513 Εἶπεν
3124 5459 3181 5513 δὲ
3214 5459 3247 5529 ἡ
3279 5457 3564 5539 βασίλισσα
3595 5458 3734 5529 πρὸς
