  <div class='ocr_page' id='page_1' title='image "/cluster/home/n/w/nwhite01/storage/ocr_20150623/41/nnc1.0046978747/078.png"; bbox 0 0 4078 6368; ppageno 0'>
   <div class='ocr_carea' id='block_1_1' title="bbox 283 375 414 449">
    <p class='ocr_par' dir='ltr' id='par_1_1' title="bbox 283 375 414 449">
     <span class='ocr_line' id='line_1_1' title="bbox 283 375 414 449; baseline 0.015 -15"><span class='ocrx_word' id='word_1_1' title='bbox 283 447 286 449; x_wconf 13' lang='grc' dir='ltr'><strong>Α</strong></span> <span class='ocrx_word' id='word_1_2' title='bbox 306 375 414 436; x_wconf 78' lang='lat' dir='ltr'><strong>I05</strong></span> 
     </span>
    </p>
   </div>
   <div class='ocr_carea' id='block_1_2' title="bbox 1618 369 2282 436">
    <p class='ocr_par' dir='ltr' id='par_1_2' title="bbox 1618 369 2282 436">
     <span class='ocr_line' id='line_1_2' title="bbox 1618 369 2282 436; baseline -0.005 0"><span class='ocrx_word' id='word_1_3' title='bbox 1618 379 1677 436; x_wconf 79' lang='lat'><strong>3.</strong></span> <span class='ocrx_word' id='word_1_4' title='bbox 1718 373 2056 434; x_wconf 77' lang='lat' dir='ltr'><strong>EPIPHANII</strong></span> <span class='ocrx_word' id='word_1_5' title='bbox 2099 369 2282 434; x_wconf 70' lang='lat' dir='ltr'><strong>VITA.</strong></span> 
     </span>
    </p>
   </div>
   <div class='ocr_carea' id='block_1_3' title="bbox 3476 375 3578 434">
    <p class='ocr_par' dir='ltr' id='par_1_3' title="bbox 3476 375 3578 434">
     <span class='ocr_line' id='line_1_3' title="bbox 3476 375 3578 434; baseline 0.02 -2"><span class='ocrx_word' id='word_1_6' title='bbox 3476 375 3578 434; x_wconf 74' lang='lat' dir='ltr'><strong>I06</strong></span> 
     </span>
    </p>
   </div>
   <div class='ocr_carea' id='block_1_4' title="bbox 309 490 1907 574">
    <p class='ocr_par' dir='ltr' id='par_1_4' title="bbox 309 490 1887 574">
     <span class='ocr_line' id='line_1_4' title="bbox 309 490 1887 574; baseline -0.002 -24"><span class='ocrx_word' id='word_1_7' title='bbox 309 494 636 566; x_wconf 70' lang='grc' dir='ltr'>Επιφάνιον·</span> <span class='ocrx_word' id='word_1_8' title='bbox 667 491 738 550; x_wconf 82' lang='grc' dir='ltr'><strong>Εἴ</strong></span> <span class='ocrx_word' id='word_1_9' title='bbox 765 513 817 574; x_wconf 82' lang='grc' dir='ltr'><strong>τι</strong></span> <span class='ocrx_word' id='word_1_10' title='bbox 848 490 1060 549; x_wconf 75' lang='grc' dir='ltr'>κελεύει</span> <span class='ocrx_word' id='word_1_11' title='bbox 1092 493 1124 567; x_wconf 78' lang='grc' dir='ltr'>ἠ</span> <span class='ocrx_word' id='word_1_12' title='bbox 1157 495 1223 566; x_wconf 80' lang='grc' dir='ltr'><strong>σὴ</strong></span> <span class='ocrx_word' id='word_1_13' title='bbox 1259 496 1601 568; x_wconf 82' lang='grc' dir='ltr'>πατροσύνη,</span> <span class='ocrx_word' id='word_1_14' title='bbox 1636 499 1887 566; x_wconf 85' lang='grc' dir='ltr'>εὑάγγει-</span> 
     </span>
    </p>
   </div>
   <div class='ocr_carea' id='block_1_5' title="bbox 2011 490 3577 574">
    <p class='ocr_par' dir='ltr' id='par_1_5' title="bbox 2011 490 3577 564">
     <span class='ocr_line' id='line_1_5' title="bbox 2011 490 3577 564; baseline 0.003 -18"><span class='ocrx_word' id='word_1_15' title='bbox 2011 496 2260 550; x_wconf 73' lang='lat' dir='ltr'><strong>tatienter</strong></span> <span class='ocrx_word' id='word_1_16' title='bbox 2315 505 2467 550; x_wconf 91' lang='lat' dir='ltr'><strong>tuum</strong></span> <span class='ocrx_word' id='word_1_17' title='bbox 2527 493 2762 550; x_wconf 88' lang='lat' dir='ltr'><strong>Patrem.</strong></span> <span class='ocrx_word' id='word_1_18' title='bbox 2815 490 2962 550; x_wconf 84' lang='lat' dir='ltr'><strong>Dixit</strong></span> <span class='ocrx_word' id='word_1_19' title='bbox 3026 503 3206 550; x_wconf 89' lang='lat' dir='ltr'><strong>autem</strong></span> <span class='ocrx_word' id='word_1_20' title='bbox 3260 494 3577 564; x_wconf 82' lang='lat' dir='ltr'><strong>imperatrix</strong></span> 
     </span>
    </p>
   </div>
   <div class='ocr_carea' id='block_1_6' title="bbox 308 584 1897 662">
    <p class='ocr_par' dir='ltr' id='par_1_6' title="bbox 308 584 1897 662">
     <span class='ocr_line' id='line_1_6' title="bbox 308 584 1897 662; baseline -0.001 -19"><span class='ocrx_word' id='word_1_21' title='bbox 308 589 402 644; x_wconf 85' lang='grc' dir='ltr'><strong>λόν</strong></span> <span class='ocrx_word' id='word_1_22' title='bbox 435 606 548 660; x_wconf 91' lang='grc' dir='ltr'>μοι,</span> <span class='ocrx_word' id='word_1_23' title='bbox 583 587 740 656; x_wconf 88' lang='grc' dir='ltr'><strong>κάγὼ</strong></span> <span class='ocrx_word' id='word_1_24' title='bbox 785 584 1110 660; x_wconf 76' lang='grc' dir='ltr'>θεραπεύσω</span> <span class='ocrx_word' id='word_1_25' title='bbox 1149 589 1242 642; x_wconf 82' lang='grc' dir='ltr'>τὸν</span> <span class='ocrx_word' id='word_1_26' title='bbox 1276 589 1407 660; x_wconf 80' lang='grc' dir='ltr'>ἐμὸν</span> <span class='ocrx_word' id='word_1_27' title='bbox 1456 591 1690 662; x_wconf 77' lang='grc' dir='ltr'><strong>Πατέρα.</strong></span> <span class='ocrx_word' id='word_1_28' title='bbox 1727 587 1897 644; x_wconf 79' lang='grc' dir='ltr'>Εἶπεν</span> 
     </span>
    </p>
   </div>
   <div class='ocr_carea' id='block_1_7' title="bbox 309 681 1897 754">
    <p class='ocr_par' dir='ltr' id='par_1_7' title="bbox 309 681 1897 754">
     <span class='ocr_line' id='line_1_7' title="bbox 309 681 1897 754; baseline -0.013 -1"><span class='ocrx_word' id='word_1_29' title='bbox 309 683 367 736; x_wconf 65' lang='grc' dir='ltr'><strong>δὲ</strong></span> <span class='ocrx_word' id='word_1_30' title='bbox 399 681 720 750; x_wconf 76' lang='grc' dir='ltr'><strong>Ἐπιφάνιος</strong></span> <span class='ocrx_word' id='word_1_31' title='bbox 746 681 885 752; x_wconf 76' lang='grc' dir='ltr'>πρὸς</span> <span class='ocrx_word' id='word_1_32' title='bbox 911 681 1007 752; x_wconf 78' lang='grc' dir='ltr'>τὴν</span> <span class='ocrx_word' id='word_1_33' title='bbox 1043 681 1382 751; x_wconf 80' lang='grc' dir='ltr'><strong>βασίλισσαν·</strong></span> <span class='ocrx_word' id='word_1_34' title='bbox 1407 682 1472 736; x_wconf 82' lang='grc' dir='ltr'><strong>Εἰ</strong></span> <span class='ocrx_word' id='word_1_35' title='bbox 1511 683 1607 752; x_wconf 82' lang='grc' dir='ltr'>μὲν</span> <span class='ocrx_word' id='word_1_36' title='bbox 1641 686 1770 754; x_wconf 74' lang='grc' dir='ltr'>περὶ</span> <span class='ocrx_word' id='word_1_37' title='bbox 1798 683 1897 753; x_wconf 77' lang='grc' dir='ltr'>τῆς</span> 
     </span>
    </p>
   </div>
   <div class='ocr_carea' id='block_1_8' title="bbox 309 768 1899 846">
    <p class='ocr_par' dir='ltr' id='par_1_8' title="bbox 309 768 1899 846">
     <span class='ocr_line' id='line_1_8' title="bbox 309 768 1899 846; baseline 0.001 -20"><span class='ocrx_word' id='word_1_38' title='bbox 309 772 576 844; x_wconf 82' lang='grc' dir='ltr'>αἱρέσεως</span> <span class='ocrx_word' id='word_1_39' title='bbox 623 768 693 844; x_wconf 82' lang='grc' dir='ltr'>ἦς</span> <span class='ocrx_word' id='word_1_40' title='bbox 733 772 918 841; x_wconf 82' lang='grc' dir='ltr'>λέγεις</span> <span class='ocrx_word' id='word_1_41' title='bbox 957 772 1429 841; x_wconf 86' lang='grc' dir='ltr'>καταγινώσκεται</span> <span class='ocrx_word' id='word_1_42' title='bbox 1478 776 1754 846; x_wconf 77' lang='grc' dir='ltr'><strong>Ἰωάννης,</strong></span> <span class='ocrx_word' id='word_1_43' title='bbox 1806 777 1899 828; x_wconf 77' lang='grc' dir='ltr'><strong>καὶ</strong></span> 
     </span>
    </p>
   </div>
   <div class='ocr_carea' id='block_1_9' title="bbox 309 859 1900 935">
    <p class='ocr_par' dir='ltr' id='par_1_9' title="bbox 309 859 1900 935">
     <span class='ocr_line' id='line_1_9' title="bbox 309 859 1900 935; baseline 0.001 -19"><span class='ocrx_word' id='word_1_44' title='bbox 309 863 622 932; x_wconf 78' lang='grc' dir='ltr'><strong>ἐλέγχεται,</strong></span> <span class='ocrx_word' id='word_1_45' title='bbox 665 864 759 918; x_wconf 78' lang='grc' dir='ltr'>καὶ</span> <span class='ocrx_word' id='word_1_46' title='bbox 804 859 902 934; x_wconf 86' lang='grc' dir='ltr'>οὑχ</span> <span class='ocrx_word' id='word_1_47' title='bbox 944 864 1198 934; x_wconf 85' lang='grc' dir='ltr'>ὁμολογεῖ</span> <span class='ocrx_word' id='word_1_48' title='bbox 1238 867 1322 918; x_wconf 87' lang='grc' dir='ltr'>ὃτι</span> <span class='ocrx_word' id='word_1_49' title='bbox 1373 865 1650 935; x_wconf 78' lang='grc' dir='ltr'>ἥμαρτεν.</span> <span class='ocrx_word' id='word_1_50' title='bbox 1683 865 1900 930; x_wconf 77' lang='grc' dir='ltr'>ἀνάξιός</span> 
     </span>
    </p>
   </div>
   <div class='ocr_carea' id='block_1_10' title="bbox 309 953 1899 1028">
    <p class='ocr_par' dir='ltr' id='par_1_10' title="bbox 309 953 1899 1028">
     <span class='ocr_line' id='line_1_10' title="bbox 309 953 1899 1028; baseline 0.002 -21"><span class='ocrx_word' id='word_1_51' title='bbox 309 955 431 1008; x_wconf 82' lang='grc' dir='ltr'>ἐστι</span> <span class='ocrx_word' id='word_1_52' title='bbox 457 954 555 1024; x_wconf 85' lang='grc' dir='ltr'>τῆς</span> <span class='ocrx_word' id='word_1_53' title='bbox 583 953 905 1026; x_wconf 77' lang='grc' dir='ltr'>ἱερωσύνηςο</span> <span class='ocrx_word' id='word_1_54' title='bbox 941 955 1038 1009; x_wconf 79' lang='grc' dir='ltr'>καὶ</span> <span class='ocrx_word' id='word_1_55' title='bbox 1079 957 1133 1008; x_wconf 76' lang='grc' dir='ltr'><strong>εί</strong></span> <span class='ocrx_word' id='word_1_56' title='bbox 1157 974 1210 1009; x_wconf 89' lang='grc' dir='ltr'><strong>τι</strong></span> <span class='ocrx_word' id='word_1_57' title='bbox 1248 955 1520 1028; x_wconf 84' lang='grc' dir='ltr'>κελεύειή</span> <span class='ocrx_word' id='word_1_58' title='bbox 1560 957 1712 1027; x_wconf 83' lang='grc' dir='ltr'>ὑμῶν</span> <span class='ocrx_word' id='word_1_59' title='bbox 1747 957 1899 1023; x_wconf 81' lang='grc' dir='ltr'>ἐξου-</span> 
     </span>
    </p>
   </div>
   <div class='ocr_carea' id='block_1_11' title="bbox 311 1043 1898 1120">
    <p class='ocr_par' dir='ltr' id='par_1_11' title="bbox 311 1043 1898 1120">
     <span class='ocr_line' id='line_1_11' title="bbox 311 1043 1898 1120; baseline 0.002 -22"><span class='ocrx_word' id='word_1_60' title='bbox 311 1045 426 1110; x_wconf 90' lang='grc' dir='ltr'>σία,</span> <span class='ocrx_word' id='word_1_61' title='bbox 453 1047 684 1116; x_wconf 80' lang='grc' dir='ltr'>ποιήσω.</span> <span class='ocrx_word' id='word_1_62' title='bbox 709 1046 776 1101; x_wconf 81' lang='lat' dir='ltr'><strong>Ei</strong></span> <span class='ocrx_word' id='word_1_63' title='bbox 803 1045 861 1100; x_wconf 75' lang='grc' dir='ltr'>δὲ</span> <span class='ocrx_word' id='word_1_64' title='bbox 889 1043 1020 1119; x_wconf 78' lang='grc' dir='ltr'>περὶ</span> <span class='ocrx_word' id='word_1_65' title='bbox 1044 1047 1145 1117; x_wconf 80' lang='grc' dir='ltr'>τῆς</span> <span class='ocrx_word' id='word_1_66' title='bbox 1175 1049 1448 1120; x_wconf 85' lang='grc' dir='ltr'><strong>ὑμετέρας</strong></span> <span class='ocrx_word' id='word_1_67' title='bbox 1475 1047 1685 1120; x_wconf 78' lang='grc' dir='ltr'>ὕϐρεως</span> <span class='ocrx_word' id='word_1_68' title='bbox 1717 1048 1898 1119; x_wconf 77' lang='grc' dir='ltr'><strong>ζητεῖς</strong></span> 
     </span>
    </p>
   </div>
   <div class='ocr_carea' id='block_1_12' title="bbox 309 1137 1899 1212">
    <p class='ocr_par' dir='ltr' id='par_1_12' title="bbox 309 1137 1899 1212">
     <span class='ocr_line' id='line_1_12' title="bbox 309 1137 1899 1212; baseline 0.001 -20"><span class='ocrx_word' id='word_1_69' title='bbox 309 1139 403 1192; x_wconf 82' lang='grc' dir='ltr'>τὸν</span> <span class='ocrx_word' id='word_1_70' title='bbox 429 1140 687 1211; x_wconf 81' lang='grc' dir='ltr'><strong>Ἰωάννην</strong></span> <span class='ocrx_word' id='word_1_71' title='bbox 713 1139 1049 1207; x_wconf 81' lang='grc' dir='ltr'>ἐξεώσασθαι</span> <span class='ocrx_word' id='word_1_72' title='bbox 1082 1140 1190 1195; x_wconf 85' lang='grc' dir='ltr'><strong>ἀπὸ</strong></span> <span class='ocrx_word' id='word_1_73' title='bbox 1228 1142 1325 1212; x_wconf 76' lang='grc' dir='ltr'>τῆς</span> <span class='ocrx_word' id='word_1_74' title='bbox 1366 1137 1716 1211; x_wconf 87' lang='grc' dir='ltr'>Ἐκκλησίας,</span> <span class='ocrx_word' id='word_1_75' title='bbox 1745 1145 1773 1194; x_wconf 87' lang='grc' dir='ltr'>ὁ</span> <span class='ocrx_word' id='word_1_76' title='bbox 1809 1143 1899 1206; x_wconf 73' lang='grc' dir='ltr'><strong>σὸς</strong></span> 
     </span>
    </p>
   </div>
   <div class='ocr_carea' id='block_1_13' title="bbox 311 1227 1896 1303">
    <p class='ocr_par' dir='ltr' id='par_1_13' title="bbox 311 1227 1896 1303">
     <span class='ocr_line' id='line_1_13' title="bbox 311 1227 1896 1303; baseline 0.001 -19"><span class='ocrx_word' id='word_1_77' title='bbox 311 1229 634 1300; x_wconf 70' lang='grc' dir='ltr'>Ἐπιφάνιος</span> <span class='ocrx_word' id='word_1_78' title='bbox 679 1233 760 1294; x_wconf 84' lang='grc' dir='ltr'><strong>είς</strong></span> <span class='ocrx_word' id='word_1_79' title='bbox 803 1231 963 1285; x_wconf 84' lang='grc' dir='ltr'>τοῦτο</span> <span class='ocrx_word' id='word_1_80' title='bbox 1009 1232 1069 1285; x_wconf 79' lang='grc' dir='ltr'><strong>οὐ</strong></span> <span class='ocrx_word' id='word_1_81' title='bbox 1119 1230 1457 1285; x_wconf 74' lang='grc' dir='ltr'>συναινέσειο</span> <span class='ocrx_word' id='word_1_82' title='bbox 1505 1233 1599 1286; x_wconf 76' lang='grc' dir='ltr'><strong>καὶ</strong></span> <span class='ocrx_word' id='word_1_83' title='bbox 1643 1227 1896 1303; x_wconf 82' lang='grc' dir='ltr'>μάλιστα,</span> 
     </span>
    </p>
   </div>
   <div class='ocr_carea' id='block_1_14' title="bbox 264 1307 1898 1395">
    <p class='ocr_par' dir='ltr' id='par_1_14' title="bbox 264 1307 1898 1395">
     <span class='ocr_line' id='line_1_14' title="bbox 264 1307 1898 1395; baseline 0.002 -20"><span class='ocrx_word' id='word_1_84' title='bbox 264 1307 271 1315; x_wconf 60' lang='grc'><strong>’</strong></span> <span class='ocrx_word' id='word_1_85' title='bbox 309 1321 534 1385; x_wconf 79' lang='grc' dir='ltr'>τέκνον,</span> <span class='ocrx_word' id='word_1_86' title='bbox 561 1321 671 1374; x_wconf 86' lang='grc' dir='ltr'>τῶν</span> <span class='ocrx_word' id='word_1_87' title='bbox 700 1321 968 1392; x_wconf 84' lang='grc' dir='ltr'>βασιλέων</span> <span class='ocrx_word' id='word_1_88' title='bbox 999 1321 1148 1375; x_wconf 78' lang='grc' dir='ltr'>ἐστιν</span> <span class='ocrx_word' id='word_1_89' title='bbox 1190 1322 1508 1394; x_wconf 78' lang='grc' dir='ltr'>ὑϐρίζεσθαι</span> <span class='ocrx_word' id='word_1_90' title='bbox 1549 1325 1641 1377; x_wconf 69' lang='grc' dir='ltr'>καὶ</span> <span class='ocrx_word' id='word_1_91' title='bbox 1683 1343 1898 1395; x_wconf 86' lang='grc' dir='ltr'>συγχω-</span> 
     </span>
    </p>
   </div>
   <div class='ocr_carea' id='block_1_15' title="bbox 315 1413 1899 1487">
    <p class='ocr_par' dir='ltr' id='par_1_15' title="bbox 315 1413 1899 1487">
     <span class='ocr_line' id='line_1_15' title="bbox 315 1413 1899 1487; baseline 0.001 -20"><span class='ocrx_word' id='word_1_92' title='bbox 315 1417 430 1487; x_wconf 87' lang='grc' dir='ltr'>ρεῖν</span> <span class='ocrx_word' id='word_1_93' title='bbox 457 1431 472 1446; x_wconf 90' lang='grc'><strong>·</strong></span> <span class='ocrx_word' id='word_1_94' title='bbox 519 1413 707 1485; x_wconf 83' lang='grc' dir='ltr'>ἐπειδὴ</span> <span class='ocrx_word' id='word_1_95' title='bbox 745 1413 840 1466; x_wconf 79' lang='grc' dir='ltr'><strong>καὶ</strong></span> <span class='ocrx_word' id='word_1_96' title='bbox 884 1413 1044 1483; x_wconf 83' lang='grc' dir='ltr'>ὑμεῖς</span> <span class='ocrx_word' id='word_1_97' title='bbox 1091 1413 1243 1482; x_wconf 77' lang='grc' dir='ltr'>ἔχετε</span> <span class='ocrx_word' id='word_1_98' title='bbox 1286 1413 1512 1484; x_wconf 83' lang='grc' dir='ltr'>βασιλέα</span> <span class='ocrx_word' id='word_1_99' title='bbox 1548 1417 1606 1468; x_wconf 89' lang='grc' dir='ltr'><strong>ἐν</strong></span> <span class='ocrx_word' id='word_1_100' title='bbox 1650 1416 1899 1486; x_wconf 81' lang='grc' dir='ltr'>οὐρανοῖς</span> 
     </span>
    </p>
   </div>
   <div class='ocr_carea' id='block_1_16' title="bbox 310 1497 1901 1577">
    <p class='ocr_par' dir='ltr' id='par_1_16' title="bbox 310 1497 1901 1577">
     <span class='ocr_line' id='line_1_16' title="bbox 310 1497 1901 1577; baseline 0.004 -21"><span class='ocrx_word' id='word_1_101' title='bbox 310 1497 360 1571; x_wconf 82' lang='grc' dir='ltr'>ᾧ</span> <span class='ocrx_word' id='word_1_102' title='bbox 387 1502 632 1575; x_wconf 80' lang='grc' dir='ltr'><strong>συνήθως</strong></span> <span class='ocrx_word' id='word_1_103' title='bbox 661 1503 1029 1575; x_wconf 79' lang='grc' dir='ltr'><strong>ἁμαρτάνετε,</strong></span> <span class='ocrx_word' id='word_1_104' title='bbox 1057 1505 1154 1557; x_wconf 73' lang='grc' dir='ltr'>καὶ</span> <span class='ocrx_word' id='word_1_105' title='bbox 1199 1505 1423 1576; x_wconf 81' lang='grc' dir='ltr'><strong>ἀφίησιν</strong></span> <span class='ocrx_word' id='word_1_106' title='bbox 1464 1509 1593 1577; x_wconf 85' lang='grc' dir='ltr'>ὑμῖν</span> <span class='ocrx_word' id='word_1_107' title='bbox 1614 1548 1628 1568; x_wconf 91' lang='grc'><strong>,</strong></span> <span class='ocrx_word' id='word_1_108' title='bbox 1671 1508 1766 1562; x_wconf 80' lang='grc' dir='ltr'>ἐὰν</span> <span class='ocrx_word' id='word_1_109' title='bbox 1807 1510 1901 1562; x_wconf 77' lang='grc' dir='ltr'><strong>καὶ</strong></span> 
     </span>
    </p>
   </div>
   <div class='ocr_carea' id='block_1_17' title="bbox 313 1595 1900 1671">
    <p class='ocr_par' dir='ltr' id='par_1_17' title="bbox 313 1595 1900 1671">
     <span class='ocr_line' id='line_1_17' title="bbox 313 1595 1900 1671; baseline 0.004 -22"><span class='ocrx_word' id='word_1_110' title='bbox 313 1595 474 1668; x_wconf 86' lang='grc' dir='ltr'>ὑμεῖς</span> <span class='ocrx_word' id='word_1_111' title='bbox 518 1596 707 1666; x_wconf 79' lang='grc' dir='ltr'>ἀφίετε</span> <span class='ocrx_word' id='word_1_112' title='bbox 732 1599 845 1660; x_wconf 72' lang='grc' dir='ltr'>τοῖς</span> <span class='ocrx_word' id='word_1_113' title='bbox 879 1597 1191 1669; x_wconf 80' lang='grc' dir='ltr'>ὑϐρίζουσιν</span> <span class='ocrx_word' id='word_1_114' title='bbox 1239 1599 1382 1669; x_wconf 79' lang='grc' dir='ltr'>ὑμᾶς</span> <span class='ocrx_word' id='word_1_115' title='bbox 1403 1617 1415 1632; x_wconf 90' lang='grc'><strong>·</strong></span> <span class='ocrx_word' id='word_1_116' title='bbox 1449 1599 1628 1664; x_wconf 86' lang='grc' dir='ltr'>καθὼς</span> <span class='ocrx_word' id='word_1_117' title='bbox 1665 1601 1810 1671; x_wconf 76' lang='grc' dir='ltr'>λέγει</span> <span class='ocrx_word' id='word_1_118' title='bbox 1843 1605 1900 1655; x_wconf 86' lang='grc' dir='ltr'>ὲν</span> 
     </span>
    </p>
   </div>
   <div class='ocr_carea' id='block_1_18' title="bbox 311 1687 1898 1760">
    <p class='ocr_par' dir='ltr' id='par_1_18' title="bbox 311 1687 1898 1760">
     <span class='ocr_line' id='line_1_18' title="bbox 311 1687 1898 1760; baseline 0.003 -18"><span class='ocrx_word' id='word_1_119' title='bbox 311 1690 428 1752; x_wconf 88' lang='grc' dir='ltr'>τοῖς</span> <span class='ocrx_word' id='word_1_120' title='bbox 457 1687 812 1757; x_wconf 83' lang='grc' dir='ltr'>Εὑαγγελίοις</span> <span class='ocrx_word' id='word_1_121' title='bbox 833 1705 848 1720; x_wconf 85' lang='grc'><strong>·</strong></span> <span class='ocrx_word' id='word_1_122' title='bbox 888 1691 1147 1743; x_wconf 82' lang='grc' dir='ltr'>Γίνεσθε</span> <span class='ocrx_word' id='word_1_123' title='bbox 1176 1691 1546 1760; x_wconf 76' lang='grc' dir='ltr'>οἰκτίρμονες</span> <span class='ocrx_word' id='word_1_124' title='bbox 1565 1732 1578 1755; x_wconf 93' lang='grc'><strong>,</strong></span> <span class='ocrx_word' id='word_1_125' title='bbox 1609 1693 1690 1758; x_wconf 83' lang='grc' dir='ltr'><strong>ὡς</strong></span> <span class='ocrx_word' id='word_1_126' title='bbox 1715 1695 1747 1746; x_wconf 83' lang='grc' dir='ltr'><em>ό</em></span> <span class='ocrx_word' id='word_1_127' title='bbox 1779 1697 1898 1746; x_wconf 80' lang='grc' dir='ltr'><strong>Πα-</strong></span> 
     </span>
    </p>
   </div>
   <div class='ocr_carea' id='block_1_19' title="bbox 313 1777 1902 1852">
    <p class='ocr_par' dir='ltr' id='par_1_19' title="bbox 313 1777 1902 1852">
     <span class='ocr_line' id='line_1_19' title="bbox 313 1777 1902 1852; baseline 0.002 -19"><span class='ocrx_word' id='word_1_128' title='bbox 313 1779 429 1849; x_wconf 79' lang='grc' dir='ltr'>τὴρ</span> <span class='ocrx_word' id='word_1_129' title='bbox 451 1781 622 1850; x_wconf 79' lang='grc' dir='ltr'>ὑμῶν</span> <span class='ocrx_word' id='word_1_130' title='bbox 649 1783 682 1834; x_wconf 83' lang='grc' dir='ltr'>ό</span> <span class='ocrx_word' id='word_1_131' title='bbox 706 1781 776 1833; x_wconf 81' lang='grc' dir='ltr'>ἐν</span> <span class='ocrx_word' id='word_1_132' title='bbox 802 1780 928 1846; x_wconf 84' lang='grc' dir='ltr'>τοῖς</span> <span class='ocrx_word' id='word_1_133' title='bbox 954 1780 1253 1849; x_wconf 81' lang='grc' dir='ltr'>οὐρανοῖς.</span> <span class='ocrx_word' id='word_1_134' title='bbox 1277 1777 1445 1835; x_wconf 80' lang='grc' dir='ltr'>Εἶπεν</span> <span class='ocrx_word' id='word_1_135' title='bbox 1466 1782 1523 1835; x_wconf 86' lang='grc' dir='ltr'>δὲ</span> <span class='ocrx_word' id='word_1_136' title='bbox 1548 1784 1581 1852; x_wconf 80' lang='grc' dir='ltr'><strong>η</strong></span> <span class='ocrx_word' id='word_1_137' title='bbox 1614 1781 1902 1852; x_wconf 80' lang='grc' dir='ltr'><strong>βασίλισσα</strong></span> 
     </span>
    </p>
   </div>
   <div class='ocr_carea' id='block_1_20' title="bbox 313 1865 1972 1946">
    <p class='ocr_par' dir='ltr' id='par_1_20' title="bbox 313 1865 1972 1946">
     <span class='ocr_line' id='line_1_20' title="bbox 313 1865 1972 1946; baseline 0 -20"><span class='ocrx_word' id='word_1_138' title='bbox 313 1872 454 1944; x_wconf 78' lang='grc' dir='ltr'>πρὸς</span> <span class='ocrx_word' id='word_1_139' title='bbox 506 1872 858 1941; x_wconf 84' lang='grc' dir='ltr'>Ἐπιφάνιον·</span> <span class='ocrx_word' id='word_1_140' title='bbox 903 1872 1032 1926; x_wconf 83' lang='grc' dir='ltr'><strong>Ἐὰν</strong></span> <span class='ocrx_word' id='word_1_141' title='bbox 1085 1873 1342 1944; x_wconf 84' lang='grc' dir='ltr'>ἐμπόδιον</span> <span class='ocrx_word' id='word_1_142' title='bbox 1397 1875 1659 1946; x_wconf 80' lang='grc' dir='ltr'><strong>ποιήσῃς,</strong></span> <span class='ocrx_word' id='word_1_143' title='bbox 1716 1875 1899 1945; x_wconf 87' lang='grc' dir='ltr'>Πάτερ</span> <span class='ocrx_word' id='word_1_144' title='bbox 1933 1865 1972 1918; x_wconf 82' lang='grc' dir='ltr'>Β</span> 
     </span>
    </p>
   </div>
   <div class='ocr_carea' id='block_1_21' title="bbox 311 1963 1898 2036">
    <p class='ocr_par' dir='ltr' id='par_1_21' title="bbox 311 1963 1898 2036">
     <span class='ocr_line' id='line_1_21' title="bbox 311 1963 1898 2036; baseline -0.001 -18"><span class='ocrx_word' id='word_1_145' title='bbox 311 1964 630 2033; x_wconf 85' lang='grc' dir='ltr'>Ἐπιφάνιε,</span> <span class='ocrx_word' id='word_1_146' title='bbox 677 1963 774 2017; x_wconf 80' lang='grc' dir='ltr'>τοῦ</span> <span class='ocrx_word' id='word_1_147' title='bbox 824 1964 898 2036; x_wconf 83' lang='grc' dir='ltr'>μὴ</span> <span class='ocrx_word' id='word_1_148' title='bbox 943 1963 1292 2034; x_wconf 77' lang='grc' dir='ltr'>ἐξορισθῆναι</span> <span class='ocrx_word' id='word_1_149' title='bbox 1342 1965 1434 2018; x_wconf 82' lang='grc' dir='ltr'><strong>τὸν</strong></span> <span class='ocrx_word' id='word_1_150' title='bbox 1463 1965 1738 2034; x_wconf 83' lang='grc' dir='ltr'><strong>Ἰωάννην,</strong></span> <span class='ocrx_word' id='word_1_151' title='bbox 1774 1965 1898 2029; x_wconf 80' lang='grc' dir='ltr'>τοὺς</span> 
     </span>
    </p>
   </div>
   <div class='ocr_carea' id='block_1_22' title="bbox 313 2045 1898 2131">
    <p class='ocr_par' dir='ltr' id='par_1_22' title="bbox 313 2045 1898 2131">
     <span class='ocr_line' id='line_1_22' title="bbox 313 2045 1898 2131; baseline 0 -19"><span class='ocrx_word' id='word_1_152' title='bbox 313 2059 474 2121; x_wconf 78' lang='grc' dir='ltr'>ναοὺς</span> <span class='ocrx_word' id='word_1_153' title='bbox 503 2045 613 2111; x_wconf 70' lang='grc' dir='ltr'><strong>τῗὺν</strong></span> <span class='ocrx_word' id='word_1_154' title='bbox 657 2057 891 2111; x_wconf 77' lang='grc' dir='ltr'>εἰδώλων</span> <span class='ocrx_word' id='word_1_155' title='bbox 922 2058 1124 2126; x_wconf 82' lang='grc' dir='ltr'>ἀνοίγω</span> <span class='ocrx_word' id='word_1_156' title='bbox 1143 2098 1156 2122; x_wconf 95' lang='grc'><strong>,</strong></span> <span class='ocrx_word' id='word_1_157' title='bbox 1201 2059 1295 2112; x_wconf 74' lang='grc' dir='ltr'><strong>καὶ</strong></span> <span class='ocrx_word' id='word_1_158' title='bbox 1327 2061 1539 2128; x_wconf 86' lang='grc' dir='ltr'>ποιήσω</span> <span class='ocrx_word' id='word_1_159' title='bbox 1574 2062 1898 2131; x_wconf 76' lang='grc' dir='ltr'>προσκυνεῖν</span> 
     </span>
    </p>
   </div>
   <div class='ocr_carea' id='block_1_23' title="bbox 311 2149 1898 2224">
    <p class='ocr_par' dir='ltr' id='par_1_23' title="bbox 311 2149 1898 2224">
     <span class='ocr_line' id='line_1_23' title="bbox 311 2149 1898 2224; baseline 0.002 -23"><span class='ocrx_word' id='word_1_160' title='bbox 311 2150 442 2212; x_wconf 84' lang='grc' dir='ltr'>τοὺς</span> <span class='ocrx_word' id='word_1_161' title='bbox 469 2149 817 2221; x_wconf 84' lang='grc' dir='ltr'>ἀνθρώπους·</span> <span class='ocrx_word' id='word_1_162' title='bbox 846 2151 941 2202; x_wconf 76' lang='grc' dir='ltr'>καὶ</span> <span class='ocrx_word' id='word_1_163' title='bbox 974 2151 1184 2220; x_wconf 77' lang='grc' dir='ltr'>ποιήσω</span> <span class='ocrx_word' id='word_1_164' title='bbox 1213 2151 1280 2204; x_wconf 85' lang='grc' dir='ltr'>τὰ</span> <span class='ocrx_word' id='word_1_165' title='bbox 1312 2151 1514 2222; x_wconf 73' lang='grc' dir='ltr'>ἔσχατα</span> <span class='ocrx_word' id='word_1_166' title='bbox 1546 2153 1762 2224; x_wconf 77' lang='grc' dir='ltr'>χείρονα</span> <span class='ocrx_word' id='word_1_167' title='bbox 1789 2153 1898 2206; x_wconf 82' lang='grc' dir='ltr'>τῶν</span> 
     </span>
    </p>
   </div>
   <div class='ocr_carea' id='block_1_24' title="bbox 311 2239 1899 2316">
    <p class='ocr_par' dir='ltr' id='par_1_24' title="bbox 311 2239 1899 2316">
     <span class='ocr_line' id='line_1_24' title="bbox 311 2239 1899 2316; baseline 0.001 -24"><span class='ocrx_word' id='word_1_168' title='bbox 311 2239 570 2312; x_wconf 77' lang='grc' dir='ltr'>πρώτων.</span> <span class='ocrx_word' id='word_1_169' title='bbox 598 2242 707 2293; x_wconf 78' lang='grc' dir='ltr'><strong>Καὶ</strong></span> <span class='ocrx_word' id='word_1_170' title='bbox 735 2240 811 2304; x_wconf 86' lang='grc' dir='ltr'>ὡς</span> <span class='ocrx_word' id='word_1_171' title='bbox 832 2240 1004 2293; x_wconf 79' lang='grc' dir='ltr'>ταῦτα</span> <span class='ocrx_word' id='word_1_172' title='bbox 1033 2240 1211 2294; x_wconf 77' lang='grc' dir='ltr'>ἐλάλει</span> <span class='ocrx_word' id='word_1_173' title='bbox 1240 2242 1376 2311; x_wconf 88' lang='grc' dir='ltr'><strong>μετά</strong></span> <span class='ocrx_word' id='word_1_174' title='bbox 1413 2245 1657 2314; x_wconf 83' lang='grc' dir='ltr'>πικρίας,</span> <span class='ocrx_word' id='word_1_175' title='bbox 1690 2243 1899 2316; x_wconf 88' lang='grc' dir='ltr'>δάκρυα</span> 
     </span>
    </p>
   </div>
   <div class='ocr_carea' id='block_1_25' title="bbox 311 2331 1900 2404">
    <p class='ocr_par' dir='ltr' id='par_1_25' title="bbox 311 2331 1900 2404">
     <span class='ocr_line' id='line_1_25' title="bbox 311 2331 1900 2404; baseline 0.003 -20"><span class='ocrx_word' id='word_1_176' title='bbox 311 2331 538 2404; x_wconf 74' lang='grc' dir='ltr'>ἔρριψεν</span> <span class='ocrx_word' id='word_1_177' title='bbox 571 2332 681 2384; x_wconf 84' lang='grc' dir='ltr'><strong>ἀπὸ</strong></span> <span class='ocrx_word' id='word_1_178' title='bbox 712 2331 820 2384; x_wconf 84' lang='grc' dir='ltr'><strong>τῶν</strong></span> <span class='ocrx_word' id='word_1_179' title='bbox 848 2331 1142 2402; x_wconf 77' lang='grc' dir='ltr'>ὀφθαλμῶν</span> <span class='ocrx_word' id='word_1_180' title='bbox 1169 2335 1355 2404; x_wconf 82' lang='grc' dir='ltr'>αὐτῆς.</span> <span class='ocrx_word' id='word_1_181' title='bbox 1389 2331 1556 2388; x_wconf 82' lang='grc' dir='ltr'>Εἶπεν</span> <span class='ocrx_word' id='word_1_182' title='bbox 1581 2335 1635 2388; x_wconf 80' lang='grc' dir='ltr'>δὲ</span> <span class='ocrx_word' id='word_1_183' title='bbox 1671 2336 1900 2404; x_wconf 79' lang='grc' dir='ltr'>Ἐπιφά-</span> 
     </span>
    </p>
   </div>
   <div class='ocr_carea' id='block_1_26' title="bbox 312 2422 1896 2498">
    <p class='ocr_par' dir='ltr' id='par_1_26' title="bbox 312 2422 1896 2498">
     <span class='ocr_line' id='line_1_26' title="bbox 312 2422 1896 2498; baseline 0.003 -20"><span class='ocrx_word' id='word_1_184' title='bbox 312 2441 454 2489; x_wconf 84' lang='grc' dir='ltr'>νιος·</span> <span class='ocrx_word' id='word_1_185' title='bbox 492 2422 659 2493; x_wconf 86' lang='grc' dir='ltr'>Ἐγὼ,</span> <span class='ocrx_word' id='word_1_186' title='bbox 688 2426 898 2488; x_wconf 80' lang='grc' dir='ltr'>τέκνον,</span> <span class='ocrx_word' id='word_1_187' title='bbox 924 2425 1100 2488; x_wconf 83' lang='grc' dir='ltr'>ἀθῶός</span> <span class='ocrx_word' id='word_1_188' title='bbox 1143 2429 1257 2493; x_wconf 78' lang='grc' dir='ltr'>εἰμι</span> <span class='ocrx_word' id='word_1_189' title='bbox 1285 2427 1382 2498; x_wconf 79' lang='grc' dir='ltr'><strong>τῆς</strong></span> <span class='ocrx_word' id='word_1_190' title='bbox 1411 2428 1645 2497; x_wconf 85' lang='grc' dir='ltr'>κρίσεως</span> <span class='ocrx_word' id='word_1_191' title='bbox 1671 2430 1896 2498; x_wconf 82' lang='grc' dir='ltr'>ταύτης.</span> 
     </span>
    </p>
   </div>
   <div class='ocr_carea' id='block_1_27' title="bbox 383 2516 1900 2591">
    <p class='ocr_par' dir='ltr' id='par_1_27' title="bbox 383 2516 1900 2591">
     <span class='ocr_line' id='line_1_27' title="bbox 383 2516 1900 2591; baseline 0.003 -22"><span class='ocrx_word' id='word_1_192' title='bbox 383 2517 502 2571; x_wconf 74' lang='grc' dir='ltr'><strong>ΞΡ.</strong></span> <span class='ocrx_word' id='word_1_193' title='bbox 535 2516 721 2571; x_wconf 81' lang='grc' dir='ltr'>Ταῦτα</span> <span class='ocrx_word' id='word_1_194' title='bbox 759 2516 929 2570; x_wconf 81' lang='grc' dir='ltr'>εἰπὼν</span> <span class='ocrx_word' id='word_1_195' title='bbox 959 2517 1298 2586; x_wconf 80' lang='grc' dir='ltr'>Ἐπιφάνιος,</span> <span class='ocrx_word' id='word_1_196' title='bbox 1334 2520 1640 2590; x_wconf 75' lang='grc' dir='ltr'>παρέλαϐεν</span> <span class='ocrx_word' id='word_1_197' title='bbox 1680 2538 1745 2591; x_wconf 89' lang='grc' dir='ltr'><strong>με</strong></span> <span class='ocrx_word' id='word_1_198' title='bbox 1766 2562 1778 2582; x_wconf 85' lang='grc'><strong>,</strong></span> <span class='ocrx_word' id='word_1_199' title='bbox 1808 2524 1900 2573; x_wconf 82' lang='grc' dir='ltr'><strong>καὶ</strong></span> 
     </span>
    </p>
   </div>
   <div class='ocr_carea' id='block_1_28' title="bbox 315 2609 1902 2681">
    <p class='ocr_par' dir='ltr' id='par_1_28' title="bbox 315 2609 1902 2681">
     <span class='ocr_line' id='line_1_28' title="bbox 315 2609 1902 2681; baseline 0.001 -17"><span class='ocrx_word' id='word_1_200' title='bbox 315 2610 613 2681; x_wconf 77' lang='grc' dir='ltr'>ἐξήλθομεν</span> <span class='ocrx_word' id='word_1_201' title='bbox 638 2609 730 2663; x_wconf 79' lang='grc' dir='ltr'>τοῦ</span> <span class='ocrx_word' id='word_1_202' title='bbox 768 2610 1047 2681; x_wconf 79' lang='grc' dir='ltr'>βασιλικοῦ</span> <span class='ocrx_word' id='word_1_203' title='bbox 1069 2612 1339 2681; x_wconf 86' lang='grc' dir='ltr'>ταμιείου.</span> <span class='ocrx_word' id='word_1_204' title='bbox 1370 2609 1478 2665; x_wconf 70' lang='grc' dir='ltr'><strong>’Ἦν</strong></span> <span class='ocrx_word' id='word_1_205' title='bbox 1503 2613 1558 2666; x_wconf 79' lang='grc' dir='ltr'><strong>δὲ</strong></span> <span class='ocrx_word' id='word_1_206' title='bbox 1588 2615 1680 2667; x_wconf 80' lang='grc' dir='ltr'><strong>καὶ</strong></span> <span class='ocrx_word' id='word_1_207' title='bbox 1715 2613 1902 2666; x_wconf 82' lang='grc' dir='ltr'>Ἰσαάκ</span> 
     </span>
    </p>
   </div>
   <div class='ocr_carea' id='block_1_29' title="bbox 313 2701 1901 2778">
    <p class='ocr_par' dir='ltr' id='par_1_29' title="bbox 313 2701 1901 2778">
     <span class='ocr_line' id='line_1_29' title="bbox 313 2701 1901 2778; baseline 0.004 -24"><span class='ocrx_word' id='word_1_208' title='bbox 313 2703 374 2754; x_wconf 77' lang='grc' dir='ltr'><strong>ἐν</strong></span> <span class='ocrx_word' id='word_1_209' title='bbox 398 2701 702 2772; x_wconf 62' lang='grc' dir='ltr'>ἀρρωστίᾳ,</span> <span class='ocrx_word' id='word_1_210' title='bbox 745 2703 842 2756; x_wconf 68' lang='grc' dir='ltr'>καὶ</span> <span class='ocrx_word' id='word_1_211' title='bbox 873 2702 973 2755; x_wconf 86' lang='grc' dir='ltr'><strong>οὑκ</strong></span> <span class='ocrx_word' id='word_1_212' title='bbox 1007 2703 1255 2774; x_wconf 73' lang='grc' dir='ltr'>εἰσῆλθεν</span> <span class='ocrx_word' id='word_1_213' title='bbox 1296 2705 1414 2774; x_wconf 86' lang='grc' dir='ltr'>μεθ’</span> <span class='ocrx_word' id='word_1_214' title='bbox 1448 2705 1606 2775; x_wconf 78' lang='grc' dir='ltr'>ἡμῶν</span> <span class='ocrx_word' id='word_1_215' title='bbox 1639 2705 1775 2776; x_wconf 74' lang='grc' dir='ltr'>πρὸς</span> <span class='ocrx_word' id='word_1_216' title='bbox 1803 2708 1901 2778; x_wconf 81' lang='grc' dir='ltr'><strong>τὴν</strong></span> 
     </span>
    </p>
   </div>
   <div class='ocr_carea' id='block_1_30' title="bbox 315 2795 1902 2869">
    <p class='ocr_par' dir='ltr' id='par_1_30' title="bbox 315 2795 1902 2869">
     <span class='ocr_line' id='line_1_30' title="bbox 315 2795 1902 2869; baseline 0.001 -20"><span class='ocrx_word' id='word_1_217' title='bbox 315 2795 658 2866; x_wconf 84' lang='grc' dir='ltr'>βασίλισσαν.</span> <span class='ocrx_word' id='word_1_218' title='bbox 692 2795 803 2848; x_wconf 78' lang='grc' dir='ltr'>Καὶ</span> <span class='ocrx_word' id='word_1_219' title='bbox 835 2798 991 2867; x_wconf 85' lang='grc' dir='ltr'><strong>φήμη</strong></span> <span class='ocrx_word' id='word_1_220' title='bbox 1020 2796 1304 2868; x_wconf 85' lang='grc' dir='ltr'>διέδραμεν</span> <span class='ocrx_word' id='word_1_221' title='bbox 1331 2796 1424 2850; x_wconf 74' lang='grc' dir='ltr'><strong>ἐπὶ</strong></span> <span class='ocrx_word' id='word_1_222' title='bbox 1459 2799 1638 2850; x_wconf 78' lang='grc' dir='ltr'>πᾶσαν</span> <span class='ocrx_word' id='word_1_223' title='bbox 1671 2799 1768 2869; x_wconf 79' lang='grc' dir='ltr'>τὴν</span> <span class='ocrx_word' id='word_1_224' title='bbox 1802 2799 1902 2850; x_wconf 85' lang='grc' dir='ltr'><strong>πό-</strong></span> 
     </span>
    </p>
   </div>
   <div class='ocr_carea' id='block_1_31' title="bbox 314 2885 1903 2959">
    <p class='ocr_par' dir='ltr' id='par_1_31' title="bbox 314 2885 1903 2959">
     <span class='ocr_line' id='line_1_31' title="bbox 314 2885 1903 2959; baseline 0.003 -21"><span class='ocrx_word' id='word_1_225' title='bbox 314 2885 420 2948; x_wconf 86' lang='grc' dir='ltr'>λιν,</span> <span class='ocrx_word' id='word_1_226' title='bbox 476 2885 725 2954; x_wconf 86' lang='grc' dir='ltr'>λὲγοντες</span> <span class='ocrx_word' id='word_1_227' title='bbox 768 2888 884 2939; x_wconf 74' lang='grc' dir='ltr'>ὅτιο</span> <span class='ocrx_word' id='word_1_228' title='bbox 929 2888 986 2939; x_wconf 80' lang='grc' dir='ltr'><strong>Ὀ</strong></span> <span class='ocrx_word' id='word_1_229' title='bbox 1044 2887 1216 2958; x_wconf 82' lang='grc' dir='ltr'>μέγας</span> <span class='ocrx_word' id='word_1_230' title='bbox 1273 2889 1450 2959; x_wconf 81' lang='grc' dir='ltr'>ἱερεὺς</span> <span class='ocrx_word' id='word_1_231' title='bbox 1489 2888 1834 2956; x_wconf 83' lang='grc' dir='ltr'>Ἐπιφάνιος,</span> <span class='ocrx_word' id='word_1_232' title='bbox 1873 2891 1903 2941; x_wconf 85' lang='grc' dir='ltr'>ὁ</span> 
     </span>
    </p>
   </div>
   <div class='ocr_carea' id='block_1_32' title="bbox 312 2977 1903 3050">
    <p class='ocr_par' dir='ltr' id='par_1_32' title="bbox 312 2977 1903 3050">
     <span class='ocr_line' id='line_1_32' title="bbox 312 2977 1903 3050; baseline 0.002 -19"><span class='ocrx_word' id='word_1_233' title='bbox 312 2977 616 3040; x_wconf 71' lang='grc' dir='ltr'>ἐπίσκοπος</span> <span class='ocrx_word' id='word_1_234' title='bbox 654 2977 757 3046; x_wconf 84' lang='grc' dir='ltr'>τῆς</span> <span class='ocrx_word' id='word_1_235' title='bbox 807 2978 1104 3050; x_wconf 83' lang='grc' dir='ltr'>Κυπρίων,</span> <span class='ocrx_word' id='word_1_236' title='bbox 1139 2978 1390 3050; x_wconf 76' lang='grc' dir='ltr'>εἰσῆλθεν</span> <span class='ocrx_word' id='word_1_237' title='bbox 1425 2980 1562 3049; x_wconf 82' lang='grc' dir='ltr'>πρὸς</span> <span class='ocrx_word' id='word_1_238' title='bbox 1608 2979 1706 3050; x_wconf 82' lang='grc' dir='ltr'>τὴν</span> <span class='ocrx_word' id='word_1_239' title='bbox 1751 2980 1903 3050; x_wconf 87' lang='grc' dir='ltr'>βασί-</span> 
     </span>
    </p>
   </div>
   <div class='ocr_carea' id='block_1_33' title="bbox 313 3067 1904 3141">
    <p class='ocr_par' dir='ltr' id='par_1_33' title="bbox 313 3067 1904 3141">
     <span class='ocr_line' id='line_1_33' title="bbox 313 3067 1904 3141; baseline 0.002 -20"><span class='ocrx_word' id='word_1_240' title='bbox 313 3067 529 3128; x_wconf 86' lang='grc' dir='ltr'>λισσαν.</span> <span class='ocrx_word' id='word_1_241' title='bbox 557 3067 652 3120; x_wconf 70' lang='grc' dir='ltr'><strong>καὶ</strong></span> <span class='ocrx_word' id='word_1_242' title='bbox 677 3069 932 3139; x_wconf 84' lang='grc' dir='ltr'>ἐποίησεν</span> <span class='ocrx_word' id='word_1_243' title='bbox 965 3069 1062 3140; x_wconf 77' lang='grc' dir='ltr'>τὴν</span> <span class='ocrx_word' id='word_1_244' title='bbox 1093 3071 1309 3141; x_wconf 79' lang='grc' dir='ltr'>ἐξορίαν</span> <span class='ocrx_word' id='word_1_245' title='bbox 1334 3069 1424 3122; x_wconf 83' lang='grc' dir='ltr'>τοῦ</span> <span class='ocrx_word' id='word_1_246' title='bbox 1459 3071 1695 3141; x_wconf 82' lang='grc' dir='ltr'>μεγάλου</span> <span class='ocrx_word' id='word_1_247' title='bbox 1722 3072 1904 3124; x_wconf 86' lang='grc' dir='ltr'>Ἰωάν-</span> 
     </span>
    </p>
   </div>
   <div class='ocr_carea' id='block_1_34' title="bbox 315 3154 1904 3236">
    <p class='ocr_par' dir='ltr' id='par_1_34' title="bbox 315 3154 1904 3236">
     <span class='ocr_line' id='line_1_34' title="bbox 315 3154 1904 3236; baseline 0.003 -22"><span class='ocrx_word' id='word_1_248' title='bbox 315 3176 432 3214; x_wconf 88' lang='grc' dir='ltr'>νου.</span> <span class='ocrx_word' id='word_1_249' title='bbox 484 3160 670 3214; x_wconf 79' lang='grc' dir='ltr'>Ταῦτα</span> <span class='ocrx_word' id='word_1_250' title='bbox 723 3161 779 3214; x_wconf 86' lang='grc' dir='ltr'><strong>δέ</strong></span> <span class='ocrx_word' id='word_1_251' title='bbox 839 3154 1092 3226; x_wconf 75' lang='grc' dir='ltr'>ἀκούσας’</span> <span class='ocrx_word' id='word_1_252' title='bbox 1136 3164 1230 3216; x_wconf 82' lang='grc' dir='ltr'><strong>καὶ</strong></span> <span class='ocrx_word' id='word_1_253' title='bbox 1278 3162 1503 3227; x_wconf 84' lang='grc' dir='ltr'>Ἰσαὰκ,</span> <span class='ocrx_word' id='word_1_254' title='bbox 1553 3164 1761 3236; x_wconf 75' lang='grc' dir='ltr'>ἀπέδρα</span> <span class='ocrx_word' id='word_1_255' title='bbox 1797 3165 1904 3218; x_wconf 80' lang='grc' dir='ltr'><strong>ἀπὸ</strong></span> 
     </span>
    </p>
   </div>
   <div class='ocr_carea' id='block_1_35' title="bbox 313 3225 1978 3328">
    <p class='ocr_par' dir='ltr' id='par_1_35' title="bbox 313 3225 1978 3328">
     <span class='ocr_line' id='line_1_35' title="bbox 313 3225 1978 3328; baseline 0.004 -23"><span class='ocrx_word' id='word_1_256' title='bbox 313 3251 660 3321; x_wconf 77' lang='grc' dir='ltr'>Ἐπιφανίου,</span> <span class='ocrx_word' id='word_1_257' title='bbox 689 3254 782 3306; x_wconf 75' lang='grc' dir='ltr'><strong>καὶ</strong></span> <span class='ocrx_word' id='word_1_258' title='bbox 820 3225 1081 3308; x_wconf 87' lang='grc' dir='ltr'>είσελθὼν</span> <span class='ocrx_word' id='word_1_259' title='bbox 1112 3256 1169 3307; x_wconf 84' lang='grc' dir='ltr'>ἐν</span> <span class='ocrx_word' id='word_1_260' title='bbox 1207 3225 1554 3326; x_wconf 79' lang='grc' dir='ltr'>μοναστηρίῳ</span> <span class='ocrx_word' id='word_1_261' title='bbox 1585 3225 1905 3328; x_wconf 57' lang='grc' dir='ltr'>κατέμεινεν</span> 
     </span>
    </p>
   </div>
   <div class='ocr_carea' id='block_1_36' title="bbox 312 3344 1908 3418">
    <p class='ocr_par' dir='ltr' id='par_1_36' title="bbox 312 3344 1908 3418">
     <span class='ocr_line' id='line_1_36' title="bbox 312 3344 1908 3418; baseline 0.004 -20"><span class='ocrx_word' id='word_1_262' title='bbox 312 3345 452 3408; x_wconf 79' lang='grc' dir='ltr'>ἐκεῖ,</span> <span class='ocrx_word' id='word_1_263' title='bbox 485 3345 644 3416; x_wconf 81' lang='grc' dir='ltr'>ἡμῶν</span> <span class='ocrx_word' id='word_1_264' title='bbox 683 3346 758 3417; x_wconf 80' lang='grc' dir='ltr'>μὴ</span> <span class='ocrx_word' id='word_1_265' title='bbox 802 3345 1041 3401; x_wconf 78' lang='grc' dir='ltr'>εἰδότων.</span> <span class='ocrx_word' id='word_1_266' title='bbox 1089 3348 1199 3400; x_wconf 74' lang='grc' dir='ltr'><strong>Καὶ</strong></span> <span class='ocrx_word' id='word_1_267' title='bbox 1246 3344 1314 3418; x_wconf 76' lang='grc' dir='ltr'><strong>ἦν</strong></span> <span class='ocrx_word' id='word_1_268' title='bbox 1345 3345 1663 3418; x_wconf 78' lang='grc' dir='ltr'>Ἐπιφάνιος</span> <span class='ocrx_word' id='word_1_269' title='bbox 1697 3351 1908 3404; x_wconf 82' lang='grc' dir='ltr'>πενθῶν</span> 
     </span>
    </p>
   </div>
   <div class='ocr_carea' id='block_1_37' title="bbox 313 3439 1910 3512">
    <p class='ocr_par' dir='ltr' id='par_1_37' title="bbox 313 3439 1910 3512">
     <span class='ocr_line' id='line_1_37' title="bbox 313 3439 1910 3512; baseline 0.002 -20"><span class='ocrx_word' id='word_1_270' title='bbox 313 3440 414 3493; x_wconf 80' lang='grc' dir='ltr'><strong>καὶ</strong></span> <span class='ocrx_word' id='word_1_271' title='bbox 441 3441 574 3510; x_wconf 70' lang='grc' dir='ltr'>περὶ</span> <span class='ocrx_word' id='word_1_272' title='bbox 607 3440 795 3504; x_wconf 79' lang='grc' dir='ltr'>αὑτοῦ,</span> <span class='ocrx_word' id='word_1_273' title='bbox 829 3441 924 3494; x_wconf 76' lang='grc' dir='ltr'>καὶ</span> <span class='ocrx_word' id='word_1_274' title='bbox 960 3440 1214 3510; x_wconf 87' lang='grc' dir='ltr'>δεόμενος</span> <span class='ocrx_word' id='word_1_275' title='bbox 1254 3439 1348 3493; x_wconf 81' lang='grc' dir='ltr'>τοῦ</span> <span class='ocrx_word' id='word_1_276' title='bbox 1393 3441 1550 3506; x_wconf 75' lang='grc' dir='ltr'>θεοῦ,</span> <span class='ocrx_word' id='word_1_277' title='bbox 1582 3443 1730 3506; x_wconf 81' lang='grc' dir='ltr'>ὅπως</span> <span class='ocrx_word' id='word_1_278' title='bbox 1763 3443 1910 3512; x_wconf 86' lang='grc' dir='ltr'>αὑτῷ</span> 
     </span>
    </p>
   </div>
   <div class='ocr_carea' id='block_1_38' title="bbox 312 3531 1908 3606">
    <p class='ocr_par' dir='ltr' id='par_1_38' title="bbox 312 3531 1908 3606">
     <span class='ocr_line' id='line_1_38' title="bbox 312 3531 1908 3606; baseline 0.001 -22"><span class='ocrx_word' id='word_1_279' title='bbox 312 3532 579 3604; x_wconf 82' lang='grc' dir='ltr'>γνωρίσει</span> <span class='ocrx_word' id='word_1_280' title='bbox 606 3531 712 3584; x_wconf 82' lang='grc' dir='ltr'>ποῦ</span> <span class='ocrx_word' id='word_1_281' title='bbox 754 3532 942 3585; x_wconf 82' lang='grc' dir='ltr'>Ἰσαὰκ</span> <span class='ocrx_word' id='word_1_282' title='bbox 984 3532 1302 3603; x_wconf 82' lang='grc' dir='ltr'>καταμένει.</span> <span class='ocrx_word' id='word_1_283' title='bbox 1344 3533 1453 3586; x_wconf 76' lang='grc' dir='ltr'>Καὶ</span> <span class='ocrx_word' id='word_1_284' title='bbox 1491 3533 1784 3606; x_wconf 83' lang='grc' dir='ltr'>ἐγνώρισεν</span> <span class='ocrx_word' id='word_1_285' title='bbox 1809 3536 1908 3586; x_wconf 78' lang='grc' dir='ltr'>αὑ-</span> 
     </span>
    </p>
   </div>
   <div class='ocr_carea' id='block_1_39' title="bbox 300 3622 1905 3696">
    <p class='ocr_par' dir='ltr' id='par_1_39' title="bbox 300 3622 1905 3696">
     <span class='ocr_line' id='line_1_39' title="bbox 300 3622 1905 3696; baseline 0.005 -25"><span class='ocrx_word' id='word_1_286' title='bbox 300 3623 433 3694; x_wconf 62' lang='grc' dir='ltr'><strong>πῷ,</strong></span> <span class='ocrx_word' id='word_1_287' title='bbox 485 3627 579 3676; x_wconf 78' lang='grc' dir='ltr'><strong>καὶ</strong></span> <span class='ocrx_word' id='word_1_288' title='bbox 628 3623 942 3695; x_wconf 83' lang='grc' dir='ltr'>ἀπήλθομεν</span> <span class='ocrx_word' id='word_1_289' title='bbox 993 3622 1130 3694; x_wconf 84' lang='grc' dir='ltr'>πρὸς</span> <span class='ocrx_word' id='word_1_290' title='bbox 1185 3625 1372 3677; x_wconf 81' lang='grc' dir='ltr'>αὑτὸν.</span> <span class='ocrx_word' id='word_1_291' title='bbox 1422 3626 1531 3678; x_wconf 76' lang='grc' dir='ltr'><strong>Καὶ</strong></span> <span class='ocrx_word' id='word_1_292' title='bbox 1579 3626 1905 3696; x_wconf 79' lang='grc' dir='ltr'>ἀπεστράφη</span> 
     </span>
    </p>
   </div>
   <div class='ocr_carea' id='block_1_40' title="bbox 311 3713 1908 3788">
    <p class='ocr_par' dir='ltr' id='par_1_40' title="bbox 311 3713 1908 3788">
     <span class='ocr_line' id='line_1_40' title="bbox 311 3713 1908 3788; baseline 0.001 -19"><span class='ocrx_word' id='word_1_293' title='bbox 311 3716 508 3770; x_wconf 79' lang='grc' dir='ltr'>Ἰσαὰκ</span> <span class='ocrx_word' id='word_1_294' title='bbox 546 3715 637 3769; x_wconf 79' lang='grc' dir='ltr'>τὸν</span> <span class='ocrx_word' id='word_1_295' title='bbox 679 3713 994 3781; x_wconf 79' lang='grc' dir='ltr'>Ἑπιφάνιον</span> <span class='ocrx_word' id='word_1_296' title='bbox 1015 3755 1029 3778; x_wconf 95' lang='grc'><strong>,</strong></span> <span class='ocrx_word' id='word_1_297' title='bbox 1061 3716 1235 3785; x_wconf 84' lang='grc' dir='ltr'>λέγων</span> <span class='ocrx_word' id='word_1_298' title='bbox 1271 3717 1383 3768; x_wconf 80' lang='grc' dir='ltr'>ὅτι’</span> <span class='ocrx_word' id='word_1_299' title='bbox 1415 3718 1612 3770; x_wconf 82' lang='grc' dir='ltr'>υὺκὲτι</span> <span class='ocrx_word' id='word_1_300' title='bbox 1649 3718 1908 3788; x_wconf 85' lang='grc' dir='ltr'>βούλομαι</span> 
     </span>
    </p>
   </div>
   <div class='ocr_carea' id='block_1_41' title="bbox 315 3804 1910 3881">
    <p class='ocr_par' dir='ltr' id='par_1_41' title="bbox 315 3804 1910 3881">
     <span class='ocr_line' id='line_1_41' title="bbox 315 3804 1910 3881; baseline 0.001 -20"><span class='ocrx_word' id='word_1_301' title='bbox 315 3808 462 3880; x_wconf 75' lang='grc' dir='ltr'>μετὰ</span> <span class='ocrx_word' id='word_1_302' title='bbox 495 3807 589 3861; x_wconf 83' lang='grc' dir='ltr'>σοῦ</span> <span class='ocrx_word' id='word_1_303' title='bbox 625 3804 793 3870; x_wconf 82' lang='grc' dir='ltr'>εἶναι,</span> <span class='ocrx_word' id='word_1_304' title='bbox 828 3809 915 3861; x_wconf 85' lang='grc' dir='ltr'>διὰ</span> <span class='ocrx_word' id='word_1_305' title='bbox 957 3810 1056 3878; x_wconf 79' lang='grc' dir='ltr'><strong>τὴν</strong></span> <span class='ocrx_word' id='word_1_306' title='bbox 1086 3810 1393 3880; x_wconf 84' lang='grc' dir='ltr'>ἁμαρτίαν,</span> <span class='ocrx_word' id='word_1_307' title='bbox 1428 3812 1494 3880; x_wconf 70' lang='grc' dir='ltr'><strong>ἢν</strong></span> <span class='ocrx_word' id='word_1_308' title='bbox 1537 3809 1798 3881; x_wconf 88' lang='grc' dir='ltr'>ἐποίησας</span> <span class='ocrx_word' id='word_1_309' title='bbox 1831 3813 1910 3874; x_wconf 84' lang='grc' dir='ltr'><strong>εἰς</strong></span> 
     </span>
    </p>
   </div>
   <div class='ocr_carea' id='block_1_42' title="bbox 311 3900 1910 3975">
    <p class='ocr_par' dir='ltr' id='par_1_42' title="bbox 311 3900 1910 3975">
     <span class='ocr_line' id='line_1_42' title="bbox 311 3900 1910 3975; baseline 0 -19"><span class='ocrx_word' id='word_1_310' title='bbox 311 3900 598 3971; x_wconf 71' lang='grc' dir='ltr'>Ἰωάννην.</span> <span class='ocrx_word' id='word_1_311' title='bbox 648 3901 978 3971; x_wconf 82' lang='grc' dir='ltr'>Ποιήσαντες</span> <span class='ocrx_word' id='word_1_312' title='bbox 1031 3900 1090 3954; x_wconf 77' lang='grc' dir='ltr'>δὲ</span> <span class='ocrx_word' id='word_1_313' title='bbox 1137 3903 1198 3956; x_wconf 87' lang='grc' dir='ltr'>ἐν</span> <span class='ocrx_word' id='word_1_314' title='bbox 1240 3902 1316 3971; x_wconf 83' lang='grc' dir='ltr'>τῷ</span> <span class='ocrx_word' id='word_1_315' title='bbox 1366 3903 1716 3974; x_wconf 88' lang='grc' dir='ltr'>μοναστηρίῳ</span> <span class='ocrx_word' id='word_1_316' title='bbox 1761 3907 1910 3975; x_wconf 85' lang='grc' dir='ltr'>τρεῖς</span> 
     </span>
    </p>
   </div>
   <div class='ocr_carea' id='block_1_43' title="bbox 317 3992 1910 4064">
    <p class='ocr_par' dir='ltr' id='par_1_43' title="bbox 317 3992 1910 4064">
     <span class='ocr_line' id='line_1_43' title="bbox 317 3992 1910 4064; baseline 0.002 -19"><span class='ocrx_word' id='word_1_317' title='bbox 317 3993 558 4064; x_wconf 70' lang='grc' dir='ltr'>ἡμέρας,</span> <span class='ocrx_word' id='word_1_318' title='bbox 591 3992 743 4064; x_wconf 80' lang='grc' dir='ltr'>μόλις</span> <span class='ocrx_word' id='word_1_319' title='bbox 781 3993 998 4046; x_wconf 79' lang='grc' dir='ltr'>ἔπεισεν</span> <span class='ocrx_word' id='word_1_320' title='bbox 1036 3995 1128 4047; x_wconf 84' lang='grc' dir='ltr'><strong>τὸν</strong></span> <span class='ocrx_word' id='word_1_321' title='bbox 1161 3994 1377 4049; x_wconf 81' lang='grc' dir='ltr'>Ἰσαάκ·</span> <span class='ocrx_word' id='word_1_322' title='bbox 1408 3996 1502 4048; x_wconf 66' lang='grc' dir='ltr'>καὶ</span> <span class='ocrx_word' id='word_1_323' title='bbox 1531 3995 1789 4059; x_wconf 84' lang='grc' dir='ltr'>λαϐόντες</span> <span class='ocrx_word' id='word_1_324' title='bbox 1814 3997 1910 4050; x_wconf 88' lang='grc' dir='ltr'>αὑ-</span> 
     </span>
    </p>
   </div>
   <div class='ocr_carea' id='block_1_44' title="bbox 313 4085 1910 4160">
    <p class='ocr_par' dir='ltr' id='par_1_44' title="bbox 313 4085 1910 4160">
     <span class='ocr_line' id='line_1_44' title="bbox 313 4085 1910 4160; baseline 0.003 -22"><span class='ocrx_word' id='word_1_325' title='bbox 313 4085 416 4139; x_wconf 69' lang='grc' dir='ltr'>τὸν</span> <span class='ocrx_word' id='word_1_326' title='bbox 443 4085 757 4156; x_wconf 73' lang='grc' dir='ltr'>ἐξήλθομεν.</span> <span class='ocrx_word' id='word_1_327' title='bbox 787 4086 1046 4157; x_wconf 86' lang='grc' dir='ltr'>Ἐπείσθη</span> <span class='ocrx_word' id='word_1_328' title='bbox 1073 4087 1130 4140; x_wconf 82' lang='grc' dir='ltr'>δὲ</span> <span class='ocrx_word' id='word_1_329' title='bbox 1162 4087 1256 4140; x_wconf 74' lang='grc' dir='ltr'><strong>καὶ</strong></span> <span class='ocrx_word' id='word_1_330' title='bbox 1301 4087 1554 4160; x_wconf 83' lang='grc' dir='ltr'>Ἰωάννης</span> <span class='ocrx_word' id='word_1_331' title='bbox 1580 4088 1660 4142; x_wconf 81' lang='grc' dir='ltr'>ὅτι</span> <span class='ocrx_word' id='word_1_332' title='bbox 1691 4089 1910 4160; x_wconf 85' lang='grc' dir='ltr'>συνῄνε-</span> 
     </span>
    </p>
   </div>
   <div class='ocr_carea' id='block_1_45' title="bbox 315 4178 1912 4252">
    <p class='ocr_par' dir='ltr' id='par_1_45' title="bbox 315 4178 1912 4252">
     <span class='ocr_line' id='line_1_45' title="bbox 315 4178 1912 4252; baseline -0.001 -17"><span class='ocrx_word' id='word_1_333' title='bbox 315 4199 417 4236; x_wconf 88' lang='grc' dir='ltr'><strong>σεν</strong></span> <span class='ocrx_word' id='word_1_334' title='bbox 452 4179 547 4234; x_wconf 77' lang='grc' dir='ltr'>ἐπὶ</span> <span class='ocrx_word' id='word_1_335' title='bbox 590 4184 657 4251; x_wconf 81' lang='grc' dir='ltr'>τῇ</span> <span class='ocrx_word' id='word_1_336' title='bbox 706 4178 871 4234; x_wconf 79' lang='grc' dir='ltr'>αὑτοῦ</span> <span class='ocrx_word' id='word_1_337' title='bbox 917 4179 1102 4252; x_wconf 79' lang='grc' dir='ltr'>ἐξορίᾳ</span> <span class='ocrx_word' id='word_1_338' title='bbox 1146 4184 1175 4233; x_wconf 79' lang='grc' dir='ltr'>ὁ</span> <span class='ocrx_word' id='word_1_339' title='bbox 1201 4178 1542 4250; x_wconf 80' lang='grc' dir='ltr'>Ἑπιφάνιος.</span> <span class='ocrx_word' id='word_1_340' title='bbox 1581 4183 1689 4235; x_wconf 73' lang='grc' dir='ltr'>Καὶ</span> <span class='ocrx_word' id='word_1_341' title='bbox 1729 4183 1912 4236; x_wconf 83' lang='grc' dir='ltr'>λαϐὼν</span> 
     </span>
    </p>
   </div>
   <div class='ocr_carea' id='block_1_46' title="bbox 313 4271 1912 4347">
    <p class='ocr_par' dir='ltr' id='par_1_46' title="bbox 313 4271 1912 4347">
     <span class='ocr_line' id='line_1_46' title="bbox 313 4271 1912 4347; baseline 0.001 -20"><span class='ocrx_word' id='word_1_342' title='bbox 313 4272 583 4347; x_wconf 74' lang='grc' dir='ltr'>δίπτυχον</span> <span class='ocrx_word' id='word_1_343' title='bbox 610 4272 848 4344; x_wconf 74' lang='grc' dir='ltr'>ἔγραψεν</span> <span class='ocrx_word' id='word_1_344' title='bbox 894 4271 1228 4343; x_wconf 75' lang='grc' dir='ltr'>Ἐπιφανίῳ·</span> <span class='ocrx_word' id='word_1_345' title='bbox 1279 4273 1566 4343; x_wconf 78' lang='grc' dir='ltr'>Ἐπιφάνιε</span> <span class='ocrx_word' id='word_1_346' title='bbox 1601 4275 1750 4344; x_wconf 71' lang='grc' dir='ltr'>σοφὲ,</span> <span class='ocrx_word' id='word_1_347' title='bbox 1787 4291 1912 4329; x_wconf 88' lang='grc' dir='ltr'>συν-</span> 
     </span>
    </p>
   </div>
   <div class='ocr_carea' id='block_1_47' title="bbox 312 4361 1911 4438">
    <p class='ocr_par' dir='ltr' id='par_1_47' title="bbox 312 4361 1911 4438">
     <span class='ocr_line' id='line_1_47' title="bbox 312 4361 1911 4438; baseline 0.001 -22"><span class='ocrx_word' id='word_1_348' title='bbox 312 4362 524 4438; x_wconf 75' lang='grc' dir='ltr'>ῄνεσας</span> <span class='ocrx_word' id='word_1_349' title='bbox 553 4365 645 4417; x_wconf 77' lang='grc' dir='ltr'><strong>ἐπὶ</strong></span> <span class='ocrx_word' id='word_1_350' title='bbox 679 4368 742 4434; x_wconf 82' lang='grc' dir='ltr'>τῇ</span> <span class='ocrx_word' id='word_1_351' title='bbox 771 4367 876 4435; x_wconf 82' lang='grc' dir='ltr'>ἐμῇ</span> <span class='ocrx_word' id='word_1_352' title='bbox 909 4361 1111 4437; x_wconf 80' lang='grc' dir='ltr'>ἐξορίᾳ.</span> <span class='ocrx_word' id='word_1_353' title='bbox 1140 4365 1213 4418; x_wconf 87' lang='grc' dir='ltr'><strong>υὺ</strong></span> <span class='ocrx_word' id='word_1_354' title='bbox 1237 4366 1309 4435; x_wconf 83' lang='grc' dir='ltr'>μὴ</span> <span class='ocrx_word' id='word_1_355' title='bbox 1341 4364 1421 4418; x_wconf 77' lang='grc' dir='ltr'>ἔτι</span> <span class='ocrx_word' id='word_1_356' title='bbox 1441 4365 1670 4436; x_wconf 80' lang='grc' dir='ltr'>καθίσῃς</span> <span class='ocrx_word' id='word_1_357' title='bbox 1699 4367 1791 4418; x_wconf 75' lang='grc' dir='ltr'>ἐπὶ</span> <span class='ocrx_word' id='word_1_358' title='bbox 1817 4364 1911 4418; x_wconf 77' lang='grc' dir='ltr'><strong>τοῦ</strong></span> 
     </span>
    </p>
   </div>
   <div class='ocr_carea' id='block_1_48' title="bbox 317 4453 1913 4529">
    <p class='ocr_par' dir='ltr' id='par_1_48' title="bbox 317 4453 1913 4529">
     <span class='ocr_line' id='line_1_48' title="bbox 317 4453 1913 4529; baseline -0.002 -18"><span class='ocrx_word' id='word_1_359' title='bbox 317 4457 519 4529; x_wconf 80' lang='grc' dir='ltr'>θρόνου</span> <span class='ocrx_word' id='word_1_360' title='bbox 551 4473 664 4509; x_wconf 84' lang='grc' dir='ltr'>σου.</span> <span class='ocrx_word' id='word_1_361' title='bbox 705 4453 937 4526; x_wconf 80' lang='grc' dir='ltr'>Ὁμοίως</span> <span class='ocrx_word' id='word_1_362' title='bbox 983 4455 1042 4508; x_wconf 82' lang='grc' dir='ltr'>δὲ</span> <span class='ocrx_word' id='word_1_363' title='bbox 1082 4456 1176 4508; x_wconf 77' lang='grc' dir='ltr'><strong>καὶ</strong></span> <span class='ocrx_word' id='word_1_364' title='bbox 1222 4455 1539 4526; x_wconf 81' lang='grc' dir='ltr'>Ἐπιφάνιος</span> <span class='ocrx_word' id='word_1_365' title='bbox 1590 4456 1913 4527; x_wconf 81' lang='grc' dir='ltr'>ἀντιγράφει</span> 
     </span>
    </p>
   </div>
   <div class='ocr_carea' id='block_1_49' title="bbox 2003 585 3554 659">
    <p class='ocr_par' dir='ltr' id='par_1_49' title="bbox 2003 585 3554 659">
     <span class='ocr_line' id='line_1_49' title="bbox 2003 585 3554 659; baseline 0.003 -20"><span class='ocrx_word' id='word_1_366' title='bbox 2003 585 2307 657; x_wconf 89' lang='lat' dir='ltr'><strong>Epiphanio</strong></span> <span class='ocrx_word' id='word_1_367' title='bbox 2341 604 2353 638; x_wconf 92' lang='lat'><strong>:</strong></span> <span class='ocrx_word' id='word_1_368' title='bbox 2381 588 2462 642; x_wconf 90' lang='lat' dir='ltr'><strong>An</strong></span> <span class='ocrx_word' id='word_1_369' title='bbox 2490 597 2581 642; x_wconf 89' lang='lat' dir='ltr'><strong>tua</strong></span> <span class='ocrx_word' id='word_1_370' title='bbox 2611 588 2914 659; x_wconf 87' lang='lat' dir='ltr'><strong>paternitas</strong></span> <span class='ocrx_word' id='word_1_371' title='bbox 2940 588 3143 658; x_wconf 86' lang='lat' dir='ltr'><strong>aliquid</strong></span> <span class='ocrx_word' id='word_1_372' title='bbox 3167 588 3374 657; x_wconf 90' lang='lat' dir='ltr'><strong>jubeat,</strong></span> <span class='ocrx_word' id='word_1_373' title='bbox 3407 605 3554 642; x_wconf 82' lang='lat' dir='ltr'><strong>euun</strong></span> 
     </span>
    </p>
   </div>
   <div class='ocr_carea' id='block_1_50' title="bbox 2004 678 3579 751">
    <p class='ocr_par' dir='ltr' id='par_1_50' title="bbox 2004 678 3579 751">
     <span class='ocr_line' id='line_1_50' title="bbox 2004 678 3579 751; baseline 0.001 -17"><span class='ocrx_word' id='word_1_374' title='bbox 2004 679 2100 744; x_wconf 88' lang='lat' dir='ltr'><strong>tia,</strong></span> <span class='ocrx_word' id='word_1_375' title='bbox 2157 688 2210 734; x_wconf 90' lang='lat' dir='ltr'><strong>et</strong></span> <span class='ocrx_word' id='word_1_376' title='bbox 2261 695 2363 751; x_wconf 88' lang='lat' dir='ltr'><strong>ego</strong></span> <span class='ocrx_word' id='word_1_377' title='bbox 2418 681 2591 735; x_wconf 90' lang='lat' dir='ltr'><strong>colam</strong></span> <span class='ocrx_word' id='word_1_378' title='bbox 2640 690 2694 736; x_wconf 89' lang='lat' dir='ltr'><strong>et</strong></span> <span class='ocrx_word' id='word_1_379' title='bbox 2742 681 3046 736; x_wconf 80' lang='lat' dir='ltr'><strong>observabo</strong></span> <span class='ocrx_word' id='word_1_380' title='bbox 3101 695 3280 735; x_wconf 89' lang='lat' dir='ltr'><strong>meum</strong></span> <span class='ocrx_word' id='word_1_381' title='bbox 3338 678 3579 735; x_wconf 78' lang='lat' dir='ltr'><strong>Patrem.</strong></span> 
     </span>
    </p>
   </div>
   <div class='ocr_carea' id='block_1_51' title="bbox 2007 769 3580 842">
    <p class='ocr_par' dir='ltr' id='par_1_51' title="bbox 2007 769 3580 842">
     <span class='ocr_line' id='line_1_51' title="bbox 2007 769 3580 842; baseline 0.001 -19"><span class='ocrx_word' id='word_1_382' title='bbox 2007 769 2153 824; x_wconf 88' lang='lat' dir='ltr'><strong>Dixit</strong></span> <span class='ocrx_word' id='word_1_383' title='bbox 2201 769 2539 841; x_wconf 83' lang='lat' dir='ltr'><strong>Epiphanius</strong></span> <span class='ocrx_word' id='word_1_384' title='bbox 2592 772 2924 842; x_wconf 87' lang='lat' dir='ltr'><strong>imperatrici</strong></span> <span class='ocrx_word' id='word_1_385' title='bbox 2962 789 2975 824; x_wconf 93' lang='lat'>:</span> <span class='ocrx_word' id='word_1_386' title='bbox 3025 771 3083 825; x_wconf 91' lang='lat' dir='ltr'><strong>Si</strong></span> <span class='ocrx_word' id='word_1_387' title='bbox 3117 771 3236 842; x_wconf 85' lang='lat' dir='ltr'><strong>ejus</strong></span> <span class='ocrx_word' id='word_1_388' title='bbox 3259 811 3274 833; x_wconf 87' lang='lat'><strong>,</strong></span> <span class='ocrx_word' id='word_1_389' title='bbox 3307 787 3468 840; x_wconf 91' lang='lat' dir='ltr'><strong>quam</strong></span> <span class='ocrx_word' id='word_1_390' title='bbox 3499 771 3580 826; x_wconf 57' lang='lat' dir='ltr'><strong>div</strong></span> 
     </span>
    </p>
   </div>
   <div class='ocr_carea' id='block_1_52' title="bbox 2004 857 3581 924">
    <p class='ocr_par' dir='ltr' id='par_1_52' title="bbox 2004 857 3581 924">
     <span class='ocr_line' id='line_1_52' title="bbox 2004 857 3581 924; baseline 0.003 -13"><span class='ocrx_word' id='word_1_391' title='bbox 2004 857 2106 919; x_wconf 89' lang='lat' dir='ltr'><strong>cis,</strong></span> <span class='ocrx_word' id='word_1_392' title='bbox 2143 858 2363 912; x_wconf 84' lang='lat' dir='ltr'><strong>haeresis</strong></span> <span class='ocrx_word' id='word_1_393' title='bbox 2413 874 2538 914; x_wconf 86' lang='lat' dir='ltr'><strong>rcus</strong></span> <span class='ocrx_word' id='word_1_394' title='bbox 2580 869 2694 924; x_wconf 88' lang='lat' dir='ltr'><strong>est,</strong></span> <span class='ocrx_word' id='word_1_395' title='bbox 2726 868 2780 914; x_wconf 85' lang='lat' dir='ltr'><strong>et</strong></span> <span class='ocrx_word' id='word_1_396' title='bbox 2813 861 3154 914; x_wconf 86' lang='lat' dir='ltr'><strong>convincitur</strong></span> <span class='ocrx_word' id='word_1_397' title='bbox 3192 858 3449 921; x_wconf 86' lang='lat' dir='ltr'><strong>Joannes,</strong></span> <span class='ocrx_word' id='word_1_398' title='bbox 3485 875 3581 915; x_wconf 88' lang='lat' dir='ltr'><strong>nec</strong></span> 
     </span>
    </p>
   </div>
   <div class='ocr_carea' id='block_1_53' title="bbox 2006 947 3582 1020">
    <p class='ocr_par' dir='ltr' id='par_1_53' title="bbox 2006 947 3582 1020">
     <span class='ocr_line' id='line_1_53' title="bbox 2006 947 3582 1020; baseline 0.003 -19"><span class='ocrx_word' id='word_1_399' title='bbox 2006 962 2064 1001; x_wconf 90' lang='lat' dir='ltr'><strong>se</strong></span> <span class='ocrx_word' id='word_1_400' title='bbox 2115 947 2313 1002; x_wconf 84' lang='lat' dir='ltr'><strong>fatetur</strong></span> <span class='ocrx_word' id='word_1_401' title='bbox 2345 963 2620 1018; x_wconf 82' lang='lat' dir='ltr'><strong>peccasse,</strong></span> <span class='ocrx_word' id='word_1_402' title='bbox 2654 949 2910 1020; x_wconf 84' lang='lat' dir='ltr'><strong>indignus</strong></span> <span class='ocrx_word' id='word_1_403' title='bbox 2953 960 3037 1004; x_wconf 88' lang='lat' dir='ltr'><strong>est</strong></span> <span class='ocrx_word' id='word_1_404' title='bbox 3067 950 3374 1006; x_wconf 87' lang='lat' dir='ltr'><strong>sacerdotio</strong></span> <span class='ocrx_word' id='word_1_405' title='bbox 3407 966 3420 1002; x_wconf 89' lang='lat'><strong>:</strong></span> <span class='ocrx_word' id='word_1_406' title='bbox 3453 960 3508 1005; x_wconf 90' lang='lat' dir='ltr'><strong>et</strong></span> <span class='ocrx_word' id='word_1_407' title='bbox 3536 949 3582 1006; x_wconf 88' lang='lat' dir='ltr'><strong>si</strong></span> 
     </span>
    </p>
   </div>
   <div class='ocr_carea' id='block_1_54' title="bbox 2005 1039 3580 1112">
    <p class='ocr_par' dir='ltr' id='par_1_54' title="bbox 2005 1039 3580 1112">
     <span class='ocr_line' id='line_1_54' title="bbox 2005 1039 3580 1112; baseline 0.004 -20"><span class='ocrx_word' id='word_1_408' title='bbox 2005 1039 2135 1108; x_wconf 86' lang='lat' dir='ltr'><strong>quid</strong></span> <span class='ocrx_word' id='word_1_409' title='bbox 2158 1040 2315 1109; x_wconf 88' lang='lat' dir='ltr'><strong>juhet</strong></span> <span class='ocrx_word' id='word_1_410' title='bbox 2339 1051 2580 1096; x_wconf 89' lang='lat' dir='ltr'><strong>vestrum</strong></span> <span class='ocrx_word' id='word_1_411' title='bbox 2626 1042 2936 1112; x_wconf 87' lang='lat' dir='ltr'><strong>imperium,</strong></span> <span class='ocrx_word' id='word_1_412' title='bbox 2970 1042 3131 1098; x_wconf 86' lang='lat' dir='ltr'><strong>faciet</strong></span> <span class='ocrx_word' id='word_1_413' title='bbox 3159 1053 3336 1099; x_wconf 82' lang='lat' dir='ltr'><strong>vester</strong></span> <span class='ocrx_word' id='word_1_414' title='bbox 3369 1059 3580 1099; x_wconf 86' lang='lat' dir='ltr'><strong>servus.</strong></span> 
     </span>
    </p>
   </div>
   <div class='ocr_carea' id='block_1_55' title="bbox 2008 1131 3582 1204">
    <p class='ocr_par' dir='ltr' id='par_1_55' title="bbox 2008 1131 3582 1204">
     <span class='ocr_line' id='line_1_55' title="bbox 2008 1131 3582 1204; baseline 0.004 -20"><span class='ocrx_word' id='word_1_415' title='bbox 2008 1131 2064 1185; x_wconf 89' lang='lat' dir='ltr'><strong>Si</strong></span> <span class='ocrx_word' id='word_1_416' title='bbox 2113 1142 2292 1187; x_wconf 89' lang='lat' dir='ltr'><strong>autem</strong></span> <span class='ocrx_word' id='word_1_417' title='bbox 2345 1149 2442 1203; x_wconf 88' lang='lat' dir='ltr'><strong>pro</strong></span> <span class='ocrx_word' id='word_1_418' title='bbox 2485 1144 2664 1189; x_wconf 89' lang='lat' dir='ltr'><strong>vestra</strong></span> <span class='ocrx_word' id='word_1_419' title='bbox 2709 1135 2911 1203; x_wconf 83' lang='lat' dir='ltr'><strong>injuria</strong></span> <span class='ocrx_word' id='word_1_420' title='bbox 2943 1135 3143 1204; x_wconf 64' lang='lat' dir='ltr'><strong>quaeris</strong></span> <span class='ocrx_word' id='word_1_421' title='bbox 3187 1134 3452 1190; x_wconf 77' lang='lat' dir='ltr'><strong>Joannem</strong></span> <span class='ocrx_word' id='word_1_422' title='bbox 3489 1151 3582 1190; x_wconf 78' lang='lat' dir='ltr'><strong>ex-</strong></span> 
     </span>
    </p>
   </div>
   <div class='ocr_carea' id='block_1_56' title="bbox 2005 1228 3583 1300">
    <p class='ocr_par' dir='ltr' id='par_1_56' title="bbox 2005 1228 3583 1300">
     <span class='ocr_line' id='line_1_56' title="bbox 2005 1228 3583 1300; baseline 0.003 -19"><span class='ocrx_word' id='word_1_423' title='bbox 2005 1228 2205 1296; x_wconf 88' lang='lat' dir='ltr'><strong>pellere</strong></span> <span class='ocrx_word' id='word_1_424' title='bbox 2243 1244 2307 1282; x_wconf 89' lang='lat' dir='ltr'><strong>ex</strong></span> <span class='ocrx_word' id='word_1_425' title='bbox 2345 1229 2611 1295; x_wconf 84' lang='lat' dir='ltr'><strong>Ecclesia,</strong></span> <span class='ocrx_word' id='word_1_426' title='bbox 2643 1246 2835 1286; x_wconf 81' lang='lat' dir='ltr'><strong>servus</strong></span> <span class='ocrx_word' id='word_1_427' title='bbox 2868 1240 2994 1285; x_wconf 88' lang='lat' dir='ltr'><strong>tuus</strong></span> <span class='ocrx_word' id='word_1_428' title='bbox 3020 1229 3355 1300; x_wconf 84' lang='lat' dir='ltr'><strong>Epiphanius</strong></span> <span class='ocrx_word' id='word_1_429' title='bbox 3397 1231 3449 1284; x_wconf 91' lang='lat' dir='ltr'><strong>in</strong></span> <span class='ocrx_word' id='word_1_430' title='bbox 3483 1231 3583 1285; x_wconf 86' lang='lat' dir='ltr'><strong>hoc</strong></span> 
     </span>
    </p>
   </div>
   <div class='ocr_carea' id='block_1_57' title="bbox 2007 1322 3582 1394">
    <p class='ocr_par' dir='ltr' id='par_1_57' title="bbox 2007 1322 3582 1394">
     <span class='ocr_line' id='line_1_57' title="bbox 2007 1322 3582 1394; baseline 0.004 -21"><span class='ocrx_word' id='word_1_431' title='bbox 2007 1335 2116 1374; x_wconf 88' lang='lat' dir='ltr'><strong>non</strong></span> <span class='ocrx_word' id='word_1_432' title='bbox 2150 1324 2496 1377; x_wconf 90' lang='lat' dir='ltr'><strong>assentietur.</strong></span> <span class='ocrx_word' id='word_1_433' title='bbox 2544 1322 2641 1378; x_wconf 90' lang='lat' dir='ltr'><strong>Est</strong></span> <span class='ocrx_word' id='word_1_434' title='bbox 2687 1334 2833 1378; x_wconf 90' lang='lat' dir='ltr'><strong>certe</strong></span> <span class='ocrx_word' id='word_1_435' title='bbox 2881 1324 3117 1378; x_wconf 83' lang='lat' dir='ltr'><strong>maxime</strong></span> <span class='ocrx_word' id='word_1_436' title='bbox 3168 1325 3582 1394; x_wconf 80' lang='lat' dir='ltr'><strong>imperatorum,</strong></span> 
     </span>
    </p>
   </div>
   <div class='ocr_carea' id='block_1_58' title="bbox 2007 1411 3584 1487">
    <p class='ocr_par' dir='ltr' id='par_1_58' title="bbox 2007 1411 3584 1487">
     <span class='ocr_line' id='line_1_58' title="bbox 2007 1411 3584 1487; baseline 0.003 -23"><span class='ocrx_word' id='word_1_437' title='bbox 2007 1411 2202 1481; x_wconf 90' lang='lat' dir='ltr'><strong>injuria</strong></span> <span class='ocrx_word' id='word_1_438' title='bbox 2280 1414 2417 1468; x_wconf 86' lang='lat' dir='ltr'><strong>allici</strong></span> <span class='ocrx_word' id='word_1_439' title='bbox 2481 1425 2534 1470; x_wconf 86' lang='lat' dir='ltr'><strong>et</strong></span> <span class='ocrx_word' id='word_1_440' title='bbox 2575 1416 2858 1484; x_wconf 78' lang='lat' dir='ltr'><strong>ignoscere</strong></span> <span class='ocrx_word' id='word_1_441' title='bbox 2913 1433 2927 1470; x_wconf 89' lang='lat'><strong>:</strong></span> <span class='ocrx_word' id='word_1_442' title='bbox 2990 1416 3430 1487; x_wconf 84' lang='lat' dir='ltr'><strong>quandoquidem</strong></span> <span class='ocrx_word' id='word_1_443' title='bbox 3485 1430 3584 1470; x_wconf 89' lang='lat' dir='ltr'><strong>vos</strong></span> 
     </span>
    </p>
   </div>
   <div class='ocr_carea' id='block_1_59' title="bbox 2007 1507 3585 1577">
    <p class='ocr_par' dir='ltr' id='par_1_59' title="bbox 2007 1507 3585 1577">
     <span class='ocr_line' id='line_1_59' title="bbox 2007 1507 3585 1577; baseline 0.003 -19"><span class='ocrx_word' id='word_1_444' title='bbox 2007 1522 2226 1576; x_wconf 85' lang='lat' dir='ltr'><strong>quoque</strong></span> <span class='ocrx_word' id='word_1_445' title='bbox 2269 1507 2480 1561; x_wconf 83' lang='lat' dir='ltr'><strong>habetis</strong></span> <span class='ocrx_word' id='word_1_446' title='bbox 2527 1509 2908 1577; x_wconf 85' lang='lat' dir='ltr'><strong>imperatorem</strong></span> <span class='ocrx_word' id='word_1_447' title='bbox 2945 1508 2998 1561; x_wconf 93' lang='lat' dir='ltr'><strong>in</strong></span> <span class='ocrx_word' id='word_1_448' title='bbox 3044 1508 3218 1573; x_wconf 66' lang='lat' dir='ltr'><strong>cce-lis,</strong></span> <span class='ocrx_word' id='word_1_449' title='bbox 3254 1508 3340 1562; x_wconf 88' lang='lat' dir='ltr'><strong>cui</strong></span> <span class='ocrx_word' id='word_1_450' title='bbox 3366 1507 3585 1563; x_wconf 85' lang='lat' dir='ltr'><strong>assidue</strong></span> 
     </span>
    </p>
   </div>
   <div class='ocr_carea' id='block_1_60' title="bbox 2008 1598 3584 1670">
    <p class='ocr_par' dir='ltr' id='par_1_60' title="bbox 2008 1598 3584 1670">
     <span class='ocr_line' id='line_1_60' title="bbox 2008 1598 3584 1670; baseline 0.001 -18"><span class='ocrx_word' id='word_1_451' title='bbox 2008 1598 2266 1667; x_wconf 85' lang='lat' dir='ltr'><strong>peccatis,</strong></span> <span class='ocrx_word' id='word_1_452' title='bbox 2299 1609 2353 1653; x_wconf 91' lang='lat' dir='ltr'><strong>et</strong></span> <span class='ocrx_word' id='word_1_453' title='bbox 2400 1599 2448 1654; x_wconf 90' lang='lat' dir='ltr'><strong>is</strong></span> <span class='ocrx_word' id='word_1_454' title='bbox 2480 1600 2634 1654; x_wconf 89' lang='lat' dir='ltr'><strong>vobis</strong></span> <span class='ocrx_word' id='word_1_455' title='bbox 2671 1601 2901 1655; x_wconf 81' lang='lat' dir='ltr'><strong>remittit</strong></span> <span class='ocrx_word' id='word_1_456' title='bbox 2937 1616 2949 1651; x_wconf 94' lang='lat'>:</span> <span class='ocrx_word' id='word_1_457' title='bbox 2989 1601 3081 1670; x_wconf 90' lang='lat' dir='ltr'><strong>qui</strong></span> <span class='ocrx_word' id='word_1_458' title='bbox 3120 1601 3338 1670; x_wconf 90' lang='lat' dir='ltr'><strong>quidem</strong></span> <span class='ocrx_word' id='word_1_459' title='bbox 3367 1600 3501 1655; x_wconf 89' lang='lat' dir='ltr'><strong>dicit</strong></span> <span class='ocrx_word' id='word_1_460' title='bbox 3527 1599 3584 1654; x_wconf 90' lang='lat' dir='ltr'><strong>in</strong></span> 
     </span>
    </p>
   </div>
   <div class='ocr_carea' id='block_1_61' title="bbox 2008 1689 3582 1762">
    <p class='ocr_par' dir='ltr' id='par_1_61' title="bbox 2008 1689 3582 1762">
     <span class='ocr_line' id='line_1_61' title="bbox 2008 1689 3582 1762; baseline 0.001 -20"><span class='ocrx_word' id='word_1_461' title='bbox 2008 1689 2314 1762; x_wconf 79' lang='lat' dir='ltr'><strong>Evangeliis</strong></span> <span class='ocrx_word' id='word_1_462' title='bbox 2345 1712 2357 1745; x_wconf 91' lang='lat'><strong>:</strong></span> <span class='ocrx_word' id='word_1_463' title='bbox 2397 1691 2577 1746; x_wconf 82' lang='lat' dir='ltr'><strong>Estote</strong></span> <span class='ocrx_word' id='word_1_464' title='bbox 2607 1693 2992 1758; x_wconf 77' lang='lat' dir='ltr'><strong>misericordes,</strong></span> <span class='ocrx_word' id='word_1_465' title='bbox 3038 1694 3173 1746; x_wconf 79' lang='lat' dir='ltr'><strong>sicut</strong></span> <span class='ocrx_word' id='word_1_466' title='bbox 3204 1691 3368 1746; x_wconf 83' lang='lat' dir='ltr'><strong>Pater</strong></span> <span class='ocrx_word' id='word_1_467' title='bbox 3395 1704 3582 1755; x_wconf 79' lang='lat' dir='ltr'><strong>vester,</strong></span> 
     </span>
    </p>
   </div>
   <div class='ocr_carea' id='block_1_62' title="bbox 2007 1783 3585 1855">
    <p class='ocr_par' dir='ltr' id='par_1_62' title="bbox 2007 1783 3585 1855">
     <span class='ocr_line' id='line_1_62' title="bbox 2007 1783 3585 1855; baseline 0.002 -20"><span class='ocrx_word' id='word_1_468' title='bbox 2007 1787 2096 1854; x_wconf 84' lang='lat' dir='ltr'><strong>qui</strong></span> <span class='ocrx_word' id='word_1_469' title='bbox 2124 1795 2200 1838; x_wconf 84' lang='lat' dir='ltr'><strong>est</strong></span> <span class='ocrx_word' id='word_1_470' title='bbox 2229 1787 2284 1838; x_wconf 81' lang='lat' dir='ltr'><strong>in</strong></span> <span class='ocrx_word' id='word_1_471' title='bbox 2318 1786 2460 1839; x_wconf 64' lang='lat' dir='ltr'><strong>caelis</strong></span> <span class='ocrx_word' id='word_1_472' title='bbox 2499 1786 2562 1838; x_wconf 84' lang='lat'><strong>“.</strong></span> <span class='ocrx_word' id='word_1_473' title='bbox 2602 1785 2749 1840; x_wconf 82' lang='lat' dir='ltr'><strong>Dixit</strong></span> <span class='ocrx_word' id='word_1_474' title='bbox 2773 1797 2953 1840; x_wconf 90' lang='lat' dir='ltr'><strong>autem</strong></span> <span class='ocrx_word' id='word_1_475' title='bbox 2989 1785 3306 1854; x_wconf 84' lang='lat' dir='ltr'><strong>impcratrix</strong></span> <span class='ocrx_word' id='word_1_476' title='bbox 3348 1783 3585 1855; x_wconf 67' lang='lat' dir='ltr'><strong>Epipha-v</strong></span> 
     </span>
    </p>
   </div>
   <div class='ocr_carea' id='block_1_63' title="bbox 2005 1875 3586 1947">
    <p class='ocr_par' dir='ltr' id='par_1_63' title="bbox 2005 1875 3586 1947">
     <span class='ocr_line' id='line_1_63' title="bbox 2005 1875 3586 1947; baseline 0 -16"><span class='ocrx_word' id='word_1_477' title='bbox 2005 1877 2097 1931; x_wconf 92' lang='lat' dir='ltr'><strong>nio</strong></span> <span class='ocrx_word' id='word_1_478' title='bbox 2129 1893 2144 1928; x_wconf 86' lang='lat'><strong>:</strong></span> <span class='ocrx_word' id='word_1_479' title='bbox 2179 1875 2235 1930; x_wconf 90' lang='lat' dir='ltr'><strong>Si</strong></span> <span class='ocrx_word' id='word_1_480' title='bbox 2285 1877 2454 1932; x_wconf 89' lang='lat' dir='ltr'><strong>fueris</strong></span> <span class='ocrx_word' id='word_1_481' title='bbox 2500 1878 2906 1947; x_wconf 87' lang='lat' dir='ltr'><strong>impedimento,</strong></span> <span class='ocrx_word' id='word_1_482' title='bbox 2933 1875 3093 1930; x_wconf 89' lang='lat' dir='ltr'><strong>Pater</strong></span> <span class='ocrx_word' id='word_1_483' title='bbox 3119 1875 3408 1946; x_wconf 89' lang='lat' dir='ltr'><strong>Epiphani,</strong></span> <span class='ocrx_word' id='word_1_484' title='bbox 3442 1891 3586 1946; x_wconf 79' lang='lat' dir='ltr'><strong>quo-</strong></span> 
     </span>
    </p>
   </div>
   <div class='ocr_carea' id='block_1_64' title="bbox 2005 1968 3586 2038">
    <p class='ocr_par' dir='ltr' id='par_1_64' title="bbox 2005 1968 3586 2038">
     <span class='ocr_line' id='line_1_64' title="bbox 2005 1968 3586 2038; baseline 0.001 -15"><span class='ocrx_word' id='word_1_485' title='bbox 2005 1971 2189 2024; x_wconf 91' lang='lat' dir='ltr'><strong>minus</strong></span> <span class='ocrx_word' id='word_1_486' title='bbox 2219 1970 2468 2023; x_wconf 88' lang='lat' dir='ltr'><strong>mittatur</strong></span> <span class='ocrx_word' id='word_1_487' title='bbox 2496 1968 2734 2024; x_wconf 88' lang='lat' dir='ltr'><strong>Joannes</strong></span> <span class='ocrx_word' id='word_1_488' title='bbox 2768 1970 2822 2024; x_wconf 90' lang='lat' dir='ltr'><strong>in</strong></span> <span class='ocrx_word' id='word_1_489' title='bbox 2869 1971 3145 2033; x_wconf 81' lang='lat' dir='ltr'><strong>exsilium,</strong></span> <span class='ocrx_word' id='word_1_490' title='bbox 3177 1970 3417 2038; x_wconf 88' lang='lat' dir='ltr'><strong>aperiam</strong></span> <span class='ocrx_word' id='word_1_491' title='bbox 3447 1977 3586 2024; x_wconf 57' lang='lat' dir='ltr'><strong>tem:</strong></span> 
     </span>
    </p>
   </div>
   <div class='ocr_carea' id='block_1_65' title="bbox 2007 2058 3586 2128">
    <p class='ocr_par' dir='ltr' id='par_1_65' title="bbox 2007 2058 3586 2128">
     <span class='ocr_line' id='line_1_65' title="bbox 2007 2058 3586 2128; baseline 0.003 -17"><span class='ocrx_word' id='word_1_492' title='bbox 2007 2059 2091 2128; x_wconf 89' lang='lat' dir='ltr'><strong>pla</strong></span> <span class='ocrx_word' id='word_1_493' title='bbox 2140 2059 2430 2121; x_wconf 87' lang='lat' dir='ltr'><strong>idolorum,</strong></span> <span class='ocrx_word' id='word_1_494' title='bbox 2466 2067 2520 2113; x_wconf 90' lang='lat' dir='ltr'><strong>et</strong></span> <span class='ocrx_word' id='word_1_495' title='bbox 2552 2058 2749 2114; x_wconf 84' lang='lat' dir='ltr'><strong>faciam</strong></span> <span class='ocrx_word' id='word_1_496' title='bbox 2794 2072 2851 2114; x_wconf 90' lang='lat' dir='ltr'><strong>ut</strong></span> <span class='ocrx_word' id='word_1_497' title='bbox 2884 2061 3133 2119; x_wconf 88' lang='lat' dir='ltr'><strong>homines</strong></span> <span class='ocrx_word' id='word_1_498' title='bbox 3161 2077 3226 2117; x_wconf 91' lang='lat' dir='ltr'><strong>ea</strong></span> <span class='ocrx_word' id='word_1_499' title='bbox 3255 2063 3502 2125; x_wconf 85' lang='lat' dir='ltr'><strong>adorent,</strong></span> <span class='ocrx_word' id='word_1_500' title='bbox 3531 2070 3586 2116; x_wconf 93' lang='lat' dir='ltr'><strong>et</strong></span> 
     </span>
    </p>
   </div>
   <div class='ocr_carea' id='block_1_66' title="bbox 2007 2149 3588 2222">
    <p class='ocr_par' dir='ltr' id='par_1_66' title="bbox 2007 2149 3588 2222">
     <span class='ocr_line' id='line_1_66' title="bbox 2007 2149 3588 2222; baseline 0.002 -18"><span class='ocrx_word' id='word_1_501' title='bbox 2007 2149 2204 2204; x_wconf 90' lang='lat' dir='ltr'><strong>faciam</strong></span> <span class='ocrx_word' id='word_1_502' title='bbox 2232 2151 2418 2204; x_wconf 90' lang='lat' dir='ltr'><strong>ultima</strong></span> <span class='ocrx_word' id='word_1_503' title='bbox 2443 2151 2626 2220; x_wconf 85' lang='lat' dir='ltr'><strong>pejora</strong></span> <span class='ocrx_word' id='word_1_504' title='bbox 2657 2150 2950 2220; x_wconf 80' lang='lat' dir='ltr'><strong>prieribus.</strong></span> <span class='ocrx_word' id='word_1_505' title='bbox 2978 2152 3226 2222; x_wconf 81' lang='lat' dir='ltr'><strong>Cumque</strong></span> <span class='ocrx_word' id='word_1_506' title='bbox 3255 2151 3371 2207; x_wconf 77' lang='lat' dir='ltr'><strong>haec</strong></span> <span class='ocrx_word' id='word_1_507' title='bbox 3394 2153 3588 2207; x_wconf 83' lang='lat' dir='ltr'><strong>acerbe</strong></span> 
     </span>
    </p>
   </div>
   <div class='ocr_carea' id='block_1_67' title="bbox 2005 2241 3588 2316">
    <p class='ocr_par' dir='ltr' id='par_1_67' title="bbox 2005 2241 3588 2316">
     <span class='ocr_line' id='line_1_67' title="bbox 2005 2241 3588 2316; baseline 0.004 -22"><span class='ocrx_word' id='word_1_508' title='bbox 2005 2241 2230 2304; x_wconf 89' lang='lat' dir='ltr'><strong>diceret,</strong></span> <span class='ocrx_word' id='word_1_509' title='bbox 2279 2259 2347 2296; x_wconf 88' lang='lat' dir='ltr'><strong>ex</strong></span> <span class='ocrx_word' id='word_1_510' title='bbox 2394 2244 2515 2312; x_wconf 89' lang='lat' dir='ltr'><strong>ejus</strong></span> <span class='ocrx_word' id='word_1_511' title='bbox 2543 2245 2717 2300; x_wconf 89' lang='lat' dir='ltr'><strong>oculis</strong></span> <span class='ocrx_word' id='word_1_512' title='bbox 2763 2243 3005 2299; x_wconf 84' lang='lat' dir='ltr'><strong>fluebant</strong></span> <span class='ocrx_word' id='word_1_513' title='bbox 3050 2245 3319 2316; x_wconf 66' lang='lat' dir='ltr'><strong>lacrymaz.</strong></span> <span class='ocrx_word' id='word_1_514' title='bbox 3358 2245 3418 2300; x_wconf 87' lang='lat' dir='ltr'><strong>Ei</strong></span> <span class='ocrx_word' id='word_1_515' title='bbox 3453 2245 3588 2301; x_wconf 86' lang='lat' dir='ltr'><strong>vero</strong></span> 
     </span>
    </p>
   </div>
   <div class='ocr_carea' id='block_1_68' title="bbox 2006 2331 3589 2405">
    <p class='ocr_par' dir='ltr' id='par_1_68' title="bbox 2006 2331 3589 2405">
     <span class='ocr_line' id='line_1_68' title="bbox 2006 2331 3589 2405; baseline 0.003 -21"><span class='ocrx_word' id='word_1_516' title='bbox 2006 2332 2146 2386; x_wconf 86' lang='lat' dir='ltr'><strong>dixit</strong></span> <span class='ocrx_word' id='word_1_517' title='bbox 2190 2331 2527 2402; x_wconf 86' lang='lat' dir='ltr'><strong>Epiphanius</strong></span> <span class='ocrx_word' id='word_1_518' title='bbox 2563 2352 2577 2388; x_wconf 88' lang='lat'><strong>:</strong></span> <span class='ocrx_word' id='word_1_519' title='bbox 2615 2333 2728 2405; x_wconf 87' lang='lat' dir='ltr'><strong>Ego</strong></span> <span class='ocrx_word' id='word_1_520' title='bbox 2768 2336 3008 2405; x_wconf 88' lang='lat' dir='ltr'><strong>quidem,</strong></span> <span class='ocrx_word' id='word_1_521' title='bbox 3039 2351 3072 2390; x_wconf 94' lang='grc' dir='ltr'><strong>ο</strong></span> <span class='ocrx_word' id='word_1_522' title='bbox 3098 2336 3228 2402; x_wconf 81' lang='lat' dir='ltr'><strong>lilia,</strong></span> <span class='ocrx_word' id='word_1_523' title='bbox 3273 2351 3395 2390; x_wconf 91' lang='lat' dir='ltr'><strong>sum</strong></span> <span class='ocrx_word' id='word_1_524' title='bbox 3427 2334 3589 2390; x_wconf 62' lang='lat' dir='ltr'><strong>innoa</strong></span> 
     </span>
    </p>
   </div>
   <div class='ocr_carea' id='block_1_69' title="bbox 2007 2422 2623 2491">
    <p class='ocr_par' dir='ltr' id='par_1_69' title="bbox 2007 2422 2623 2491">
     <span class='ocr_line' id='line_1_69' title="bbox 2007 2422 2623 2491; baseline 0.003 -16"><span class='ocrx_word' id='word_1_525' title='bbox 2007 2437 2138 2475; x_wconf 88' lang='lat' dir='ltr'><strong>cens</strong></span> <span class='ocrx_word' id='word_1_526' title='bbox 2166 2422 2234 2475; x_wconf 89' lang='lat' dir='ltr'><strong>ab</strong></span> <span class='ocrx_word' id='word_1_527' title='bbox 2266 2424 2368 2476; x_wconf 89' lang='lat' dir='ltr'><strong>hoc</strong></span> <span class='ocrx_word' id='word_1_528' title='bbox 2394 2423 2623 2491; x_wconf 89' lang='lat' dir='ltr'><strong>judicio.</strong></span> 
     </span>
    </p>
   </div>
   <div class='ocr_carea' id='block_1_70' title="bbox 2079 2511 3587 2597">
    <p class='ocr_par' dir='ltr' id='par_1_70' title="bbox 2079 2511 3587 2597">
     <span class='ocr_line' id='line_1_70' title="bbox 2079 2511 3587 2597; baseline 0.005 -34"><span class='ocrx_word' id='word_1_529' title='bbox 2079 2511 2264 2565; x_wconf 76' lang='lat' dir='ltr'><strong>LXIII.</strong></span> <span class='ocrx_word' id='word_1_530' title='bbox 2296 2513 2431 2567; x_wconf 92' lang='lat' dir='ltr'><strong>Cum</strong></span> <span class='ocrx_word' id='word_1_531' title='bbox 2463 2515 2577 2568; x_wconf 68' lang='lat' dir='ltr'><strong>haec</strong></span> <span class='ocrx_word' id='word_1_532' title='bbox 2602 2515 2830 2570; x_wconf 85' lang='lat' dir='ltr'><strong>dixisset</strong></span> <span class='ocrx_word' id='word_1_533' title='bbox 2856 2514 3214 2597; x_wconf 80' lang='lat' dir='ltr'><strong>Epiphanius,</strong></span> <span class='ocrx_word' id='word_1_534' title='bbox 3239 2516 3448 2586; x_wconf 88' lang='lat' dir='ltr'><strong>accepit</strong></span> <span class='ocrx_word' id='word_1_535' title='bbox 3477 2526 3587 2582; x_wconf 85' lang='lat' dir='ltr'><strong>me,</strong></span> 
     </span>
    </p>
   </div>
   <div class='ocr_carea' id='block_1_71' title="bbox 2006 2608 3590 2683">
    <p class='ocr_par' dir='ltr' id='par_1_71' title="bbox 2006 2608 3590 2683">
     <span class='ocr_line' id='line_1_71' title="bbox 2006 2608 3590 2683; baseline 0.004 -23"><span class='ocrx_word' id='word_1_536' title='bbox 2006 2618 2061 2661; x_wconf 90' lang='lat' dir='ltr'><strong>et</strong></span> <span class='ocrx_word' id='word_1_537' title='bbox 2091 2608 2300 2678; x_wconf 79' lang='lat' dir='ltr'><strong>egressi</strong></span> <span class='ocrx_word' id='word_1_538' title='bbox 2345 2623 2538 2664; x_wconf 90' lang='lat' dir='ltr'><strong>sumus</strong></span> <span class='ocrx_word' id='word_1_539' title='bbox 2577 2625 2644 2667; x_wconf 78' lang='lat' dir='ltr'><strong>ex</strong></span> <span class='ocrx_word' id='word_1_540' title='bbox 2692 2611 2815 2664; x_wconf 87' lang='lat' dir='ltr'><strong>aula</strong></span> <span class='ocrx_word' id='word_1_541' title='bbox 2865 2611 3237 2680; x_wconf 84' lang='lat' dir='ltr'><strong>imperatoria.</strong></span> <span class='ocrx_word' id='word_1_542' title='bbox 3267 2610 3590 2683; x_wconf 68' lang='lat' dir='ltr'><strong>Egrotabat</strong></span> 
     </span>
    </p>
   </div>
   <div class='ocr_carea' id='block_1_72' title="bbox 2009 2701 3590 2773">
    <p class='ocr_par' dir='ltr' id='par_1_72' title="bbox 2009 2701 3590 2773">
     <span class='ocr_line' id='line_1_72' title="bbox 2009 2701 3590 2773; baseline 0.001 -17"><span class='ocrx_word' id='word_1_543' title='bbox 2009 2710 2190 2756; x_wconf 90' lang='lat' dir='ltr'><strong>autem</strong></span> <span class='ocrx_word' id='word_1_544' title='bbox 2225 2701 2398 2767; x_wconf 86' lang='lat' dir='ltr'><strong>Isaac,</strong></span> <span class='ocrx_word' id='word_1_545' title='bbox 2425 2713 2480 2757; x_wconf 90' lang='lat' dir='ltr'><strong>et</strong></span> <span class='ocrx_word' id='word_1_546' title='bbox 2509 2718 2615 2757; x_wconf 89' lang='lat' dir='ltr'><strong>non</strong></span> <span class='ocrx_word' id='word_1_547' title='bbox 2657 2705 2939 2773; x_wconf 86' lang='lat' dir='ltr'><strong>ingressus</strong></span> <span class='ocrx_word' id='word_1_548' title='bbox 2966 2713 3050 2759; x_wconf 89' lang='lat' dir='ltr'><strong>est</strong></span> <span class='ocrx_word' id='word_1_549' title='bbox 3074 2703 3360 2758; x_wconf 88' lang='lat' dir='ltr'><strong>nobiscum</strong></span> <span class='ocrx_word' id='word_1_550' title='bbox 3387 2704 3452 2758; x_wconf 86' lang='lat' dir='ltr'><strong>ad</strong></span> <span class='ocrx_word' id='word_1_551' title='bbox 3485 2703 3590 2758; x_wconf 59' lang='lat' dir='ltr'><strong>ima</strong></span> 
     </span>
    </p>
   </div>
   <div class='ocr_carea' id='block_1_73' title="bbox 2008 2794 3590 2864">
    <p class='ocr_par' dir='ltr' id='par_1_73' title="bbox 2008 2794 3590 2864">
     <span class='ocr_line' id='line_1_73' title="bbox 2008 2794 3590 2864; baseline 0.001 -15"><span class='ocrx_word' id='word_1_552' title='bbox 2008 2795 2352 2864; x_wconf 88' lang='lat' dir='ltr'><strong>peratrieem.</strong></span> <span class='ocrx_word' id='word_1_553' title='bbox 2402 2794 2649 2850; x_wconf 86' lang='lat' dir='ltr'><strong>Pervasit</strong></span> <span class='ocrx_word' id='word_1_554' title='bbox 2688 2811 2818 2850; x_wconf 86' lang='lat' dir='ltr'><strong>vero</strong></span> <span class='ocrx_word' id='word_1_555' title='bbox 2861 2795 3005 2850; x_wconf 86' lang='lat' dir='ltr'><strong>fama</strong></span> <span class='ocrx_word' id='word_1_556' title='bbox 3046 2809 3143 2864; x_wconf 81' lang='lat' dir='ltr'><strong>per</strong></span> <span class='ocrx_word' id='word_1_557' title='bbox 3185 2804 3354 2850; x_wconf 90' lang='lat' dir='ltr'><strong>totam</strong></span> <span class='ocrx_word' id='word_1_558' title='bbox 3399 2796 3590 2851; x_wconf 67' lang='lat' dir='ltr'><strong>civita«</strong></span> 
     </span>
    </p>
   </div>
   <div class='ocr_carea' id='block_1_74' title="bbox 2009 2886 3591 2958">
    <p class='ocr_par' dir='ltr' id='par_1_74' title="bbox 2009 2886 3591 2958">
     <span class='ocr_line' id='line_1_74' title="bbox 2009 2886 3591 2958; baseline 0 -16"><span class='ocrx_word' id='word_1_559' title='bbox 2009 2898 2141 2950; x_wconf 89' lang='lat' dir='ltr'><strong>tem,</strong></span> <span class='ocrx_word' id='word_1_560' title='bbox 2169 2889 2465 2943; x_wconf 85' lang='lat' dir='ltr'><strong>dicentium</strong></span> <span class='ocrx_word' id='word_1_561' title='bbox 2499 2905 2512 2940; x_wconf 88' lang='lat'><strong>:</strong></span> <span class='ocrx_word' id='word_1_562' title='bbox 2548 2886 2775 2958; x_wconf 88' lang='lat' dir='ltr'><strong>Magnus</strong></span> <span class='ocrx_word' id='word_1_563' title='bbox 2793 2887 3047 2943; x_wconf 82' lang='lat' dir='ltr'><strong>sacerdos</strong></span> <span class='ocrx_word' id='word_1_564' title='bbox 3077 2887 3433 2958; x_wconf 86' lang='lat' dir='ltr'><strong>Epiphanius,</strong></span> <span class='ocrx_word' id='word_1_565' title='bbox 3476 2889 3591 2958; x_wconf 82' lang='lat' dir='ltr'><strong>epi-</strong></span> 
     </span>
    </p>
   </div>
   <div class='ocr_carea' id='block_1_75' title="bbox 2010 2980 3590 3051">
    <p class='ocr_par' dir='ltr' id='par_1_75' title="bbox 2010 2980 3590 3051">
     <span class='ocr_line' id='line_1_75' title="bbox 2010 2980 3590 3051; baseline 0 -17"><span class='ocrx_word' id='word_1_566' title='bbox 2010 2996 2210 3050; x_wconf 79' lang='lat' dir='ltr'><strong>scepus</strong></span> <span class='ocrx_word' id='word_1_567' title='bbox 2244 2981 2590 3051; x_wconf 83' lang='lat' dir='ltr'><strong>Cypriorum,</strong></span> <span class='ocrx_word' id='word_1_568' title='bbox 2627 2981 2905 3050; x_wconf 83' lang='lat' dir='ltr'><strong>ingressus</strong></span> <span class='ocrx_word' id='word_1_569' title='bbox 2949 2990 3034 3034; x_wconf 89' lang='lat' dir='ltr'><strong>est</strong></span> <span class='ocrx_word' id='word_1_570' title='bbox 3063 2980 3130 3034; x_wconf 87' lang='lat' dir='ltr'><strong>ad</strong></span> <span class='ocrx_word' id='word_1_571' title='bbox 3164 2980 3590 3050; x_wconf 87' lang='lat' dir='ltr'><strong>imperatricem,</strong></span> 
     </span>
    </p>
   </div>
   <div class='ocr_carea' id='block_1_76' title="bbox 2009 3069 3588 3139">
    <p class='ocr_par' dir='ltr' id='par_1_76' title="bbox 2009 3069 3588 3139">
     <span class='ocr_line' id='line_1_76' title="bbox 2009 3069 3588 3139; baseline 0.003 -17"><span class='ocrx_word' id='word_1_572' title='bbox 2009 3079 2064 3122; x_wconf 90' lang='lat' dir='ltr'><strong>et</strong></span> <span class='ocrx_word' id='word_1_573' title='bbox 2100 3069 2242 3134; x_wconf 89' lang='lat' dir='ltr'><strong>fecit,</strong></span> <span class='ocrx_word' id='word_1_574' title='bbox 2275 3081 2333 3123; x_wconf 89' lang='lat' dir='ltr'><strong>ut</strong></span> <span class='ocrx_word' id='word_1_575' title='bbox 2362 3070 2416 3123; x_wconf 89' lang='lat' dir='ltr'><strong>in</strong></span> <span class='ocrx_word' id='word_1_576' title='bbox 2447 3070 2702 3124; x_wconf 87' lang='lat' dir='ltr'><strong>exsilium</strong></span> <span class='ocrx_word' id='word_1_577' title='bbox 2734 3071 3042 3124; x_wconf 80' lang='lat' dir='ltr'><strong>mitteretur</strong></span> <span class='ocrx_word' id='word_1_578' title='bbox 3067 3086 3300 3139; x_wconf 71' lang='lat' dir='ltr'><strong>magnus</strong></span> <span class='ocrx_word' id='word_1_579' title='bbox 3329 3069 3588 3127; x_wconf 85' lang='lat' dir='ltr'><strong>Joannes.</strong></span> 
     </span>
    </p>
   </div>
   <div class='ocr_carea' id='block_1_77' title="bbox 2011 3160 3591 3233">
    <p class='ocr_par' dir='ltr' id='par_1_77' title="bbox 2011 3160 3591 3233">
     <span class='ocr_line' id='line_1_77' title="bbox 2011 3160 3591 3233; baseline 0.002 -19"><span class='ocrx_word' id='word_1_580' title='bbox 2011 3161 2149 3214; x_wconf 91' lang='lat' dir='ltr'><strong>Cum</strong></span> <span class='ocrx_word' id='word_1_581' title='bbox 2187 3161 2291 3214; x_wconf 81' lang='lat' dir='ltr'><strong>hoc</strong></span> <span class='ocrx_word' id='word_1_582' title='bbox 2321 3170 2503 3214; x_wconf 85' lang='lat' dir='ltr'><strong>autem</strong></span> <span class='ocrx_word' id='word_1_583' title='bbox 2550 3162 2851 3216; x_wconf 81' lang='lat' dir='ltr'><strong>audivisset</strong></span> <span class='ocrx_word' id='word_1_584' title='bbox 2895 3160 3068 3227; x_wconf 88' lang='lat' dir='ltr'><strong>Isaac,</strong></span> <span class='ocrx_word' id='word_1_585' title='bbox 3101 3161 3312 3233; x_wconf 80' lang='lat' dir='ltr'><strong>aufugit</strong></span> <span class='ocrx_word' id='word_1_586' title='bbox 3359 3163 3428 3216; x_wconf 91' lang='lat' dir='ltr'><strong>ab</strong></span> <span class='ocrx_word' id='word_1_587' title='bbox 3459 3161 3591 3233; x_wconf 82' lang='lat' dir='ltr'><strong>Epi-</strong></span> 
     </span>
    </p>
   </div>
   <div class='ocr_carea' id='block_1_78' title="bbox 2011 3253 3592 3322">
    <p class='ocr_par' dir='ltr' id='par_1_78' title="bbox 2011 3253 3592 3322">
     <span class='ocr_line' id='line_1_78' title="bbox 2011 3253 3592 3322; baseline 0.004 -17"><span class='ocrx_word' id='word_1_588' title='bbox 2011 3253 2215 3322; x_wconf 88' lang='lat' dir='ltr'><strong>phanio</strong></span> <span class='ocrx_word' id='word_1_589' title='bbox 2239 3292 2253 3314; x_wconf 92' lang='lat'><strong>,</strong></span> <span class='ocrx_word' id='word_1_590' title='bbox 2306 3264 2360 3306; x_wconf 93' lang='lat' dir='ltr'><strong>et</strong></span> <span class='ocrx_word' id='word_1_591' title='bbox 2405 3253 2685 3322; x_wconf 84' lang='lat' dir='ltr'><strong>ingressus</strong></span> <span class='ocrx_word' id='word_1_592' title='bbox 2724 3262 2808 3306; x_wconf 89' lang='lat' dir='ltr'><strong>est</strong></span> <span class='ocrx_word' id='word_1_593' title='bbox 2852 3253 3280 3319; x_wconf 90' lang='lat' dir='ltr'><strong>monasterium,</strong></span> <span class='ocrx_word' id='word_1_594' title='bbox 3312 3254 3472 3311; x_wconf 91' lang='lat' dir='ltr'><strong>nobis</strong></span> <span class='ocrx_word' id='word_1_595' title='bbox 3509 3255 3592 3310; x_wconf 78' lang='lat' dir='ltr'><strong>in-</strong></span> 
     </span>
    </p>
   </div>
   <div class='ocr_carea' id='block_1_79' title="bbox 2009 3345 3592 3417">
    <p class='ocr_par' dir='ltr' id='par_1_79' title="bbox 2009 3345 3592 3417">
     <span class='ocr_line' id='line_1_79' title="bbox 2009 3345 3592 3417; baseline 0.001 -14"><span class='ocrx_word' id='word_1_596' title='bbox 2009 3346 2331 3403; x_wconf 76' lang='lat' dir='ltr'><strong>scientibus.</strong></span> <span class='ocrx_word' id='word_1_597' title='bbox 2369 3345 2535 3416; x_wconf 68' lang='lat' dir='ltr'><strong>Egre</strong></span> <span class='ocrx_word' id='word_1_598' title='bbox 2564 3362 2692 3399; x_wconf 88' lang='lat' dir='ltr'><strong>vero</strong></span> <span class='ocrx_word' id='word_1_599' title='bbox 2726 3346 2933 3401; x_wconf 88' lang='lat' dir='ltr'><strong>ferebat</strong></span> <span class='ocrx_word' id='word_1_600' title='bbox 2959 3345 3316 3417; x_wconf 86' lang='lat' dir='ltr'><strong>Epiphanius,</strong></span> <span class='ocrx_word' id='word_1_601' title='bbox 3347 3356 3402 3403; x_wconf 88' lang='lat' dir='ltr'><strong>et</strong></span> <span class='ocrx_word' id='word_1_602' title='bbox 3423 3347 3592 3404; x_wconf 91' lang='lat' dir='ltr'><strong>Deum</strong></span> 
     </span>
    </p>
   </div>
   <div class='ocr_carea' id='block_1_80' title="bbox 2012 3439 3590 3510">
    <p class='ocr_par' dir='ltr' id='par_1_80' title="bbox 2012 3439 3590 3510">
     <span class='ocr_line' id='line_1_80' title="bbox 2012 3439 3590 3510; baseline 0.004 -18"><span class='ocrx_word' id='word_1_603' title='bbox 2012 3440 2258 3510; x_wconf 81' lang='lat' dir='ltr'><strong>rogabat,</strong></span> <span class='ocrx_word' id='word_1_604' title='bbox 2294 3448 2354 3492; x_wconf 93' lang='lat' dir='ltr'><strong>ut</strong></span> <span class='ocrx_word' id='word_1_605' title='bbox 2389 3441 2436 3492; x_wconf 88' lang='lat' dir='ltr'><strong>ei</strong></span> <span class='ocrx_word' id='word_1_606' title='bbox 2467 3439 2816 3510; x_wconf 88' lang='lat' dir='ltr'><strong>significaret,</strong></span> <span class='ocrx_word' id='word_1_607' title='bbox 2846 3441 3065 3494; x_wconf 87' lang='lat' dir='ltr'><strong>ubinam</strong></span> <span class='ocrx_word' id='word_1_608' title='bbox 3097 3442 3390 3497; x_wconf 84' lang='lat' dir='ltr'><strong>mansisset</strong></span> <span class='ocrx_word' id='word_1_609' title='bbox 3419 3441 3590 3498; x_wconf 89' lang='lat' dir='ltr'><strong>Isaac.</strong></span> 
     </span>
    </p>
   </div>
   <div class='ocr_carea' id='block_1_81' title="bbox 2012 3531 3593 3603">
    <p class='ocr_par' dir='ltr' id='par_1_81' title="bbox 2012 3531 3593 3603">
     <span class='ocr_line' id='line_1_81' title="bbox 2012 3531 3593 3603; baseline 0.003 -18"><span class='ocrx_word' id='word_1_610' title='bbox 2012 3531 2168 3597; x_wconf 84' lang='lat' dir='ltr'><strong>Quod</strong></span> <span class='ocrx_word' id='word_1_611' title='bbox 2201 3533 2247 3586; x_wconf 92' lang='lat' dir='ltr'><strong>ei</strong></span> <span class='ocrx_word' id='word_1_612' title='bbox 2291 3533 2617 3602; x_wconf 78' lang='lat' dir='ltr'><strong>signiﬁcavit</strong></span> <span class='ocrx_word' id='word_1_613' title='bbox 2639 3568 2652 3594; x_wconf 87' lang='lat'><strong>,</strong></span> <span class='ocrx_word' id='word_1_614' title='bbox 2693 3542 2748 3586; x_wconf 91' lang='lat' dir='ltr'><strong>et</strong></span> <span class='ocrx_word' id='word_1_615' title='bbox 2779 3533 2977 3586; x_wconf 89' lang='lat' dir='ltr'><strong>ivimus</strong></span> <span class='ocrx_word' id='word_1_616' title='bbox 3020 3535 3086 3587; x_wconf 91' lang='lat' dir='ltr'><strong>ad</strong></span> <span class='ocrx_word' id='word_1_617' title='bbox 3119 3533 3320 3603; x_wconf 88' lang='lat' dir='ltr'><strong>ipsum.</strong></span> <span class='ocrx_word' id='word_1_618' title='bbox 3354 3535 3593 3591; x_wconf 83' lang='lat' dir='ltr'><strong>Aversa-</strong></span> 
     </span>
    </p>
   </div>
   <div class='ocr_carea' id='block_1_82' title="bbox 2014 3625 3594 3694">
    <p class='ocr_par' dir='ltr' id='par_1_82' title="bbox 2014 3625 3594 3694">
     <span class='ocr_line' id='line_1_82' title="bbox 2014 3625 3594 3694; baseline 0.001 -16"><span class='ocrx_word' id='word_1_619' title='bbox 2014 3626 2174 3678; x_wconf 87' lang='lat' dir='ltr'><strong>batur</strong></span> <span class='ocrx_word' id='word_1_620' title='bbox 2206 3635 2388 3678; x_wconf 86' lang='lat' dir='ltr'><strong>autem</strong></span> <span class='ocrx_word' id='word_1_621' title='bbox 2427 3626 2575 3680; x_wconf 85' lang='lat' dir='ltr'><strong>Isaac</strong></span> <span class='ocrx_word' id='word_1_622' title='bbox 2608 3625 2999 3694; x_wconf 88' lang='lat' dir='ltr'><strong>Epiphanium,</strong></span> <span class='ocrx_word' id='word_1_623' title='bbox 3029 3627 3217 3681; x_wconf 88' lang='lat' dir='ltr'><strong>dicens</strong></span> <span class='ocrx_word' id='word_1_624' title='bbox 3255 3645 3269 3682; x_wconf 90' lang='lat'><strong>:</strong></span> <span class='ocrx_word' id='word_1_625' title='bbox 3305 3626 3442 3682; x_wconf 82' lang='lat' dir='ltr'><strong>Nolo</strong></span> <span class='ocrx_word' id='word_1_626' title='bbox 3475 3645 3594 3683; x_wconf 82' lang='lat' dir='ltr'><strong>am-</strong></span> 
     </span>
    </p>
   </div>
   <div class='ocr_carea' id='block_1_83' title="bbox 2013 3708 3595 3788">
    <p class='ocr_par' dir='ltr' id='par_1_83' title="bbox 2013 3708 3595 3788">
     <span class='ocr_line' id='line_1_83' title="bbox 2013 3708 3595 3788; baseline 0.004 -20"><span class='ocrx_word' id='word_1_627' title='bbox 2013 3717 2156 3784; x_wconf 90' lang='lat' dir='ltr'><strong>plius</strong></span> <span class='ocrx_word' id='word_1_628' title='bbox 2201 3733 2323 3771; x_wconf 84' lang='lat' dir='ltr'><strong>esse</strong></span> <span class='ocrx_word' id='word_1_629' title='bbox 2371 3726 2574 3778; x_wconf 88' lang='lat' dir='ltr'><strong>tecum,</strong></span> <span class='ocrx_word' id='word_1_630' title='bbox 2619 3727 2834 3786; x_wconf 80' lang='lat' dir='ltr'><strong>propter</strong></span> <span class='ocrx_word' id='word_1_631' title='bbox 2869 3727 3150 3787; x_wconf 81' lang='lat' dir='ltr'><strong>peccatum</strong></span> <span class='ocrx_word' id='word_1_632' title='bbox 3177 3759 3191 3783; x_wconf 89' lang='lat'><strong>,</strong></span> <span class='ocrx_word' id='word_1_633' title='bbox 3225 3719 3371 3788; x_wconf 88' lang='lat' dir='ltr'><strong>quod</strong></span> <span class='ocrx_word' id='word_1_634' title='bbox 3416 3708 3595 3775; x_wconf 79' lang='lat' dir='ltr'><strong>fecisti</strong></span> 
     </span>
    </p>
   </div>
   <div class='ocr_carea' id='block_1_84' title="bbox 2013 3809 3598 3868">
    <p class='ocr_par' dir='ltr' id='par_1_84' title="bbox 2013 3809 3598 3868">
     <span class='ocr_line' id='line_1_84' title="bbox 2013 3809 3598 3868; baseline 0.003 -5"><span class='ocrx_word' id='word_1_635' title='bbox 2013 3810 2066 3863; x_wconf 89' lang='lat' dir='ltr'><strong>in</strong></span> <span class='ocrx_word' id='word_1_636' title='bbox 2092 3809 2377 3864; x_wconf 89' lang='lat' dir='ltr'><strong>Joannem.</strong></span> <span class='ocrx_word' id='word_1_637' title='bbox 2412 3811 2549 3864; x_wconf 90' lang='lat' dir='ltr'><strong>Cum</strong></span> <span class='ocrx_word' id='word_1_638' title='bbox 2597 3826 2697 3864; x_wconf 86' lang='lat' dir='ltr'><strong>nos</strong></span> <span class='ocrx_word' id='word_1_639' title='bbox 2733 3821 2910 3864; x_wconf 88' lang='lat' dir='ltr'><strong>autem</strong></span> <span class='ocrx_word' id='word_1_640' title='bbox 2949 3812 3002 3864; x_wconf 89' lang='lat' dir='ltr'><strong>in</strong></span> <span class='ocrx_word' id='word_1_641' title='bbox 3038 3812 3373 3866; x_wconf 88' lang='lat' dir='ltr'><strong>monasterio</strong></span> <span class='ocrx_word' id='word_1_642' title='bbox 3396 3811 3598 3868; x_wconf 83' lang='lat' dir='ltr'><strong>fuisse-</strong></span> 
     </span>
    </p>
   </div>
   <div class='ocr_carea' id='block_1_85' title="bbox 2012 3895 3593 3976">
    <p class='ocr_par' dir='ltr' id='par_1_85' title="bbox 2012 3895 3593 3976">
     <span class='ocr_line' id='line_1_85' title="bbox 2012 3895 3593 3976; baseline 0.003 -19"><span class='ocrx_word' id='word_1_643' title='bbox 2012 3919 2137 3957; x_wconf 91' lang='lat' dir='ltr'><strong>mus</strong></span> <span class='ocrx_word' id='word_1_644' title='bbox 2183 3913 2292 3957; x_wconf 84' lang='lat' dir='ltr'><strong>tres</strong></span> <span class='ocrx_word' id='word_1_645' title='bbox 2328 3895 2464 3965; x_wconf 85' lang='lat' dir='ltr'><strong>dies,</strong></span> <span class='ocrx_word' id='word_1_646' title='bbox 2515 3904 2599 3957; x_wconf 81' lang='lat' dir='ltr'><strong>vix</strong></span> <span class='ocrx_word' id='word_1_647' title='bbox 2652 3906 2925 3973; x_wconf 85' lang='lat' dir='ltr'><strong>persuasit</strong></span> <span class='ocrx_word' id='word_1_648' title='bbox 2969 3903 3138 3960; x_wconf 88' lang='lat' dir='ltr'><strong>Isaac.</strong></span> <span class='ocrx_word' id='word_1_649' title='bbox 3185 3905 3306 3971; x_wconf 88' lang='lat' dir='ltr'><strong>Quo</strong></span> <span class='ocrx_word' id='word_1_650' title='bbox 3351 3917 3593 3976; x_wconf 84' lang='lat' dir='ltr'><strong>accepto,</strong></span> 
     </span>
    </p>
   </div>
   <div class='ocr_carea' id='block_1_86' title="bbox 2012 3998 3594 4068">
    <p class='ocr_par' dir='ltr' id='par_1_86' title="bbox 2012 3998 3594 4068">
     <span class='ocr_line' id='line_1_86' title="bbox 2012 3998 3594 4068; baseline 0.002 -17"><span class='ocrx_word' id='word_1_651' title='bbox 2012 3998 2217 4067; x_wconf 86' lang='lat' dir='ltr'><strong>egressi</strong></span> <span class='ocrx_word' id='word_1_652' title='bbox 2283 4013 2496 4052; x_wconf 87' lang='lat' dir='ltr'><strong>sumus.</strong></span> <span class='ocrx_word' id='word_1_653' title='bbox 2554 3999 2668 4051; x_wconf 81' lang='lat' dir='ltr'><strong>Sibi</strong></span> <span class='ocrx_word' id='word_1_654' title='bbox 2721 4012 2941 4066; x_wconf 86' lang='lat' dir='ltr'><strong>quoque</strong></span> <span class='ocrx_word' id='word_1_655' title='bbox 2994 3999 3266 4067; x_wconf 87' lang='lat' dir='ltr'><strong>persuasit</strong></span> <span class='ocrx_word' id='word_1_656' title='bbox 3318 3998 3594 4068; x_wconf 87' lang='lat' dir='ltr'><strong>Joannes,</strong></span> 
     </span>
    </p>
   </div>
   <div class='ocr_carea' id='block_1_87' title="bbox 2013 4087 3596 4158">
    <p class='ocr_par' dir='ltr' id='par_1_87' title="bbox 2013 4087 3596 4158">
     <span class='ocr_line' id='line_1_87' title="bbox 2013 4087 3596 4158; baseline 0.003 -18"><span class='ocrx_word' id='word_1_657' title='bbox 2013 4088 2160 4156; x_wconf 90' lang='lat' dir='ltr'><strong>quod</strong></span> <span class='ocrx_word' id='word_1_658' title='bbox 2199 4088 2320 4158; x_wconf 83' lang='lat' dir='ltr'><strong>ejus</strong></span> <span class='ocrx_word' id='word_1_659' title='bbox 2354 4089 2548 4143; x_wconf 89' lang='lat' dir='ltr'><strong>exsilio</strong></span> <span class='ocrx_word' id='word_1_660' title='bbox 2577 4088 2771 4143; x_wconf 88' lang='lat' dir='ltr'><strong>fuisset</strong></span> <span class='ocrx_word' id='word_1_661' title='bbox 2801 4104 3062 4142; x_wconf 84' lang='lat' dir='ltr'><strong>assensus</strong></span> <span class='ocrx_word' id='word_1_662' title='bbox 3093 4087 3449 4158; x_wconf 84' lang='lat' dir='ltr'><strong>Epiphanius.</strong></span> <span class='ocrx_word' id='word_1_663' title='bbox 3485 4091 3596 4145; x_wconf 87' lang='lat' dir='ltr'><strong>Ac-</strong></span> 
     </span>
    </p>
   </div>
   <div class='ocr_carea' id='block_1_88' title="bbox 2017 4181 3598 4252">
    <p class='ocr_par' dir='ltr' id='par_1_88' title="bbox 2017 4181 3598 4252">
     <span class='ocr_line' id='line_1_88' title="bbox 2017 4181 3598 4252; baseline 0.001 -16"><span class='ocrx_word' id='word_1_664' title='bbox 2017 4191 2172 4248; x_wconf 89' lang='lat' dir='ltr'><strong>cepta</strong></span> <span class='ocrx_word' id='word_1_665' title='bbox 2218 4182 2384 4249; x_wconf 74' lang='lat' dir='ltr'><strong>igitur</strong></span> <span class='ocrx_word' id='word_1_666' title='bbox 2426 4184 2649 4243; x_wconf 85' lang='lat' dir='ltr'><strong>charta,</strong></span> <span class='ocrx_word' id='word_1_667' title='bbox 2690 4185 2910 4250; x_wconf 90' lang='lat' dir='ltr'><strong>scripsit</strong></span> <span class='ocrx_word' id='word_1_668' title='bbox 2955 4183 3020 4236; x_wconf 90' lang='lat' dir='ltr'><strong>ad</strong></span> <span class='ocrx_word' id='word_1_669' title='bbox 3053 4181 3417 4252; x_wconf 89' lang='lat' dir='ltr'><strong>Epiphanium</strong></span> <span class='ocrx_word' id='word_1_670' title='bbox 3449 4199 3462 4234; x_wconf 93' lang='lat'>:</span> <span class='ocrx_word' id='word_1_671' title='bbox 3496 4182 3598 4238; x_wconf 81' lang='lat' dir='ltr'><strong>Sa-</strong></span> 
     </span>
    </p>
   </div>
   <div class='ocr_carea' id='block_1_89' title="bbox 2015 4271 3600 4342">
    <p class='ocr_par' dir='ltr' id='par_1_89' title="bbox 2015 4271 3600 4342">
     <span class='ocr_line' id='line_1_89' title="bbox 2015 4271 3600 4342; baseline 0.003 -17"><span class='ocrx_word' id='word_1_672' title='bbox 2015 4272 2171 4341; x_wconf 88' lang='lat' dir='ltr'><strong>piens</strong></span> <span class='ocrx_word' id='word_1_673' title='bbox 2207 4271 2502 4342; x_wconf 85' lang='lat' dir='ltr'><strong>Epiphani,</strong></span> <span class='ocrx_word' id='word_1_674' title='bbox 2545 4288 2804 4327; x_wconf 90' lang='lat' dir='ltr'><strong>assensus</strong></span> <span class='ocrx_word' id='word_1_675' title='bbox 2855 4289 2914 4327; x_wconf 89' lang='lat' dir='ltr'><strong>es</strong></span> <span class='ocrx_word' id='word_1_676' title='bbox 2960 4288 3082 4328; x_wconf 88' lang='lat' dir='ltr'><strong>meo</strong></span> <span class='ocrx_word' id='word_1_677' title='bbox 3123 4274 3338 4329; x_wconf 85' lang='lat' dir='ltr'><strong>exsilio.</strong></span> <span class='ocrx_word' id='word_1_678' title='bbox 3408 4273 3465 4328; x_wconf 89' lang='lat' dir='ltr'><strong>In</strong></span> <span class='ocrx_word' id='word_1_679' title='bbox 3503 4284 3600 4330; x_wconf 89' lang='lat' dir='ltr'><strong>tuo</strong></span> 
     </span>
    </p>
   </div>
   <div class='ocr_carea' id='block_1_90' title="bbox 2016 4364 3598 4434">
    <p class='ocr_par' dir='ltr' id='par_1_90' title="bbox 2016 4364 3598 4434">
     <span class='ocr_line' id='line_1_90' title="bbox 2016 4364 3598 4434; baseline 0.001 -16"><span class='ocrx_word' id='word_1_680' title='bbox 2016 4365 2217 4418; x_wconf 90' lang='lat' dir='ltr'><strong>throno</strong></span> <span class='ocrx_word' id='word_1_681' title='bbox 2257 4379 2368 4417; x_wconf 86' lang='lat' dir='ltr'><strong>non</strong></span> <span class='ocrx_word' id='word_1_682' title='bbox 2412 4365 2627 4419; x_wconf 84' lang='lat' dir='ltr'><strong>sedebis</strong></span> <span class='ocrx_word' id='word_1_683' title='bbox 2671 4365 2926 4434; x_wconf 90' lang='lat' dir='ltr'><strong>amplius.</strong></span> <span class='ocrx_word' id='word_1_684' title='bbox 2975 4365 3056 4420; x_wconf 81' lang='lat' dir='ltr'><strong>Ad</strong></span> <span class='ocrx_word' id='word_1_685' title='bbox 3100 4364 3367 4421; x_wconf 88' lang='lat' dir='ltr'><strong>Joannem</strong></span> <span class='ocrx_word' id='word_1_686' title='bbox 3417 4376 3598 4421; x_wconf 89' lang='lat' dir='ltr'><strong>autem</strong></span> 
     </span>
    </p>
   </div>
   <div class='ocr_carea' id='block_1_91' title="bbox 2019 4453 3603 4524">
    <p class='ocr_par' dir='ltr' id='par_1_91' title="bbox 2019 4453 3603 4524">
     <span class='ocr_line' id='line_1_91' title="bbox 2019 4453 3603 4524; baseline 0.003 -18"><span class='ocrx_word' id='word_1_687' title='bbox 2019 4455 2299 4524; x_wconf 88' lang='lat' dir='ltr'><strong>rescripsit</strong></span> <span class='ocrx_word' id='word_1_688' title='bbox 2353 4453 2734 4524; x_wconf 90' lang='lat' dir='ltr'><strong>Epiphanius:</strong></span> <span class='ocrx_word' id='word_1_689' title='bbox 2768 4455 2983 4509; x_wconf 83' lang='lat' dir='ltr'><strong>Athleta</strong></span> <span class='ocrx_word' id='word_1_690' title='bbox 3035 4455 3259 4520; x_wconf 89' lang='lat' dir='ltr'><strong>Christi,</strong></span> <span class='ocrx_word' id='word_1_691' title='bbox 3310 4456 3603 4511; x_wconf 84' lang='lat' dir='ltr'><strong>verberare</strong></span> 
     </span>
    </p>
   </div>
   <div class='ocr_carea' id='block_1_92' title="bbox 311 4542 1907 4640">
    <p class='ocr_par' dir='ltr' id='par_1_92' title="bbox 311 4542 1907 4620">
     <span class='ocr_line' id='line_1_92' title="bbox 311 4542 1907 4620; baseline -0.003 -17"><span class='ocrx_word' id='word_1_692' title='bbox 311 4546 581 4620; x_wconf 81' lang='grc' dir='ltr'>Ἰωάννῃ·</span> <span class='ocrx_word' id='word_1_693' title='bbox 621 4545 874 4618; x_wconf 83' lang='grc' dir='ltr'>Ἀθλητὰ,</span> <span class='ocrx_word' id='word_1_694' title='bbox 923 4546 1078 4618; x_wconf 80' lang='grc' dir='ltr'>δέρου</span> <span class='ocrx_word' id='word_1_695' title='bbox 1124 4548 1218 4601; x_wconf 76' lang='grc' dir='ltr'><strong>καὶ</strong></span> <span class='ocrx_word' id='word_1_696' title='bbox 1247 4548 1406 4600; x_wconf 78' lang='grc' dir='ltr'>νίκαο</span> <span class='ocrx_word' id='word_1_697' title='bbox 1438 4548 1554 4600; x_wconf 89' lang='grc' dir='ltr'>ἀνθ’</span> <span class='ocrx_word' id='word_1_698' title='bbox 1593 4542 1668 4600; x_wconf 85' lang='grc' dir='ltr'><strong>ὧν</strong></span> <span class='ocrx_word' id='word_1_699' title='bbox 1697 4548 1752 4601; x_wconf 84' lang='grc' dir='ltr'>δὲ</span> <span class='ocrx_word' id='word_1_700' title='bbox 1795 4548 1907 4600; x_wconf 85' lang='grc' dir='ltr'>ἐπί-</span> 
     </span>
    </p>
   </div>
   <div class='ocr_carea' id='block_1_93' title="bbox 2011 4542 3602 4640">
    <p class='ocr_par' dir='ltr' id='par_1_93' title="bbox 2020 4545 3602 4613">
     <span class='ocr_line' id='line_1_93' title="bbox 2020 4545 3602 4613; baseline 0.001 -12"><span class='ocrx_word' id='word_1_701' title='bbox 2020 4556 2075 4601; x_wconf 90' lang='lat' dir='ltr'><strong>et</strong></span> <span class='ocrx_word' id='word_1_702' title='bbox 2141 4547 2314 4601; x_wconf 84' lang='lat' dir='ltr'><strong>vince.</strong></span> <span class='ocrx_word' id='word_1_703' title='bbox 2392 4545 2549 4613; x_wconf 86' lang='lat' dir='ltr'><strong>Quod</strong></span> <span class='ocrx_word' id='word_1_704' title='bbox 2627 4559 2805 4601; x_wconf 89' lang='lat' dir='ltr'><strong>autem</strong></span> <span class='ocrx_word' id='word_1_705' title='bbox 2876 4546 3190 4612; x_wconf 86' lang='lat' dir='ltr'><strong>credidisti,</strong></span> <span class='ocrx_word' id='word_1_706' title='bbox 3263 4563 3350 4600; x_wconf 88' lang='lat' dir='ltr'><strong>me</strong></span> <span class='ocrx_word' id='word_1_707' title='bbox 3408 4547 3602 4602; x_wconf 89' lang='lat' dir='ltr'><strong>exsilio</strong></span> 
     </span>
    </p>
   </div>
   <div class='ocr_carea' id='block_1_94' title="bbox 315 4636 1911 4711">
    <p class='ocr_par' dir='ltr' id='par_1_94' title="bbox 315 4636 1911 4711">
     <span class='ocr_line' id='line_1_94' title="bbox 315 4636 1911 4711; baseline -0.001 -19"><span class='ocrx_word' id='word_1_708' title='bbox 315 4654 564 4702; x_wconf 83' lang='grc' dir='ltr'>στευσας</span> <span class='ocrx_word' id='word_1_709' title='bbox 605 4639 689 4692; x_wconf 84' lang='grc' dir='ltr'>ὅτι</span> <span class='ocrx_word' id='word_1_710' title='bbox 733 4636 844 4705; x_wconf 75' lang='grc' dir='ltr'><strong>ἐγὼ</strong></span> <span class='ocrx_word' id='word_1_711' title='bbox 897 4639 1160 4709; x_wconf 78' lang='grc' dir='ltr'>συνῄνεσα</span> <span class='ocrx_word' id='word_1_712' title='bbox 1204 4639 1296 4691; x_wconf 79' lang='grc' dir='ltr'><strong>ἐπὶ</strong></span> <span class='ocrx_word' id='word_1_713' title='bbox 1340 4640 1406 4709; x_wconf 80' lang='grc' dir='ltr'>τῇ</span> <span class='ocrx_word' id='word_1_714' title='bbox 1450 4639 1666 4711; x_wconf 76' lang='grc' dir='ltr'>ἐξορίᾳ,</span> <span class='ocrx_word' id='word_1_715' title='bbox 1700 4640 1792 4692; x_wconf 77' lang='grc' dir='ltr'><strong>ἐπὶ</strong></span> <span class='ocrx_word' id='word_1_716' title='bbox 1833 4639 1911 4709; x_wconf 82' lang='grc' dir='ltr'>τῷ</span> 
     </span>
    </p>
   </div>
   <div class='ocr_carea' id='block_1_95' title="bbox 308 4725 1912 4805">
    <p class='ocr_par' dir='ltr' id='par_1_95' title="bbox 308 4725 1912 4805">
     <span class='ocr_line' id='line_1_95' title="bbox 308 4725 1912 4805; baseline 0 -21"><span class='ocrx_word' id='word_1_717' title='bbox 308 4733 476 4802; x_wconf 78' lang='grc' dir='ltr'>τόπῳ</span> <span class='ocrx_word' id='word_1_718' title='bbox 508 4725 555 4798; x_wconf 86' lang='grc' dir='ltr'><strong>ᾦ</strong></span> <span class='ocrx_word' id='word_1_719' title='bbox 587 4730 924 4802; x_wconf 81' lang='grc' dir='ltr'>ἐξωρίσθης,</span> <span class='ocrx_word' id='word_1_720' title='bbox 966 4731 1026 4783; x_wconf 81' lang='grc' dir='ltr'><strong>οὑ</strong></span> <span class='ocrx_word' id='word_1_721' title='bbox 1067 4731 1140 4802; x_wconf 82' lang='grc' dir='ltr'>μὴ</span> <span class='ocrx_word' id='word_1_722' title='bbox 1174 4731 1406 4805; x_wconf 83' lang='grc' dir='ltr'>φθάσῃς.</span> <span class='ocrx_word' id='word_1_723' title='bbox 1436 4731 1619 4785; x_wconf 82' lang='grc' dir='ltr'>Ταῦτα</span> <span class='ocrx_word' id='word_1_724' title='bbox 1653 4731 1708 4785; x_wconf 85' lang='grc' dir='ltr'><strong>δὲ</strong></span> <span class='ocrx_word' id='word_1_725' title='bbox 1748 4730 1912 4802; x_wconf 75' lang='grc' dir='ltr'>ἐγρα-</span> 
     </span>
    </p>
   </div>
   <div class='ocr_carea' id='block_1_96' title="bbox 307 4821 1911 4896">
    <p class='ocr_par' dir='ltr' id='par_1_96' title="bbox 307 4821 1911 4896">
     <span class='ocr_line' id='line_1_96' title="bbox 307 4821 1911 4896; baseline 0.001 -22"><span class='ocrx_word' id='word_1_726' title='bbox 307 4822 417 4890; x_wconf 57' lang='grc' dir='ltr'>φα,</span> <span class='ocrx_word' id='word_1_727' title='bbox 471 4821 727 4892; x_wconf 72' lang='grc' dir='ltr'>ἀδελφοὶ,</span> <span class='ocrx_word' id='word_1_728' title='bbox 773 4822 859 4874; x_wconf 81' lang='grc' dir='ltr'><strong>ἵνα</strong></span> <span class='ocrx_word' id='word_1_729' title='bbox 909 4823 982 4892; x_wconf 86' lang='grc' dir='ltr'>μή</span> <span class='ocrx_word' id='word_1_730' title='bbox 1030 4840 1112 4884; x_wconf 85' lang='grc' dir='ltr'><strong>τις</strong></span> <span class='ocrx_word' id='word_1_731' title='bbox 1162 4823 1241 4893; x_wconf 81' lang='grc' dir='ltr'><strong>τῷ</strong></span> <span class='ocrx_word' id='word_1_732' title='bbox 1287 4821 1593 4894; x_wconf 73' lang='grc' dir='ltr'>Ἐπιφανίῳ</span> <span class='ocrx_word' id='word_1_733' title='bbox 1634 4824 1911 4896; x_wconf 63' lang='grc' dir='ltr'>ἐπιρῤίψει</span> 
     </span>
    </p>
   </div>
   <div class='ocr_carea' id='block_1_97' title="bbox 303 4909 1914 4986">
    <p class='ocr_par' dir='ltr' id='par_1_97' title="bbox 303 4909 1914 4986">
     <span class='ocr_line' id='line_1_97' title="bbox 303 4909 1914 4986; baseline 0.001 -19"><span class='ocrx_word' id='word_1_734' title='bbox 303 4911 492 4986; x_wconf 65' lang='grc' dir='ltr'>ψόγον</span> <span class='ocrx_word' id='word_1_735' title='bbox 521 4915 651 4985; x_wconf 80' lang='grc' dir='ltr'>περὶ</span> <span class='ocrx_word' id='word_1_736' title='bbox 699 4913 910 4966; x_wconf 78' lang='grc' dir='ltr'>τούτου.</span> <span class='ocrx_word' id='word_1_737' title='bbox 953 4909 1011 4965; x_wconf 75' lang='grc' dir='ltr'><strong>Ὀ</strong></span> <span class='ocrx_word' id='word_1_738' title='bbox 1054 4915 1164 4985; x_wconf 83' lang='grc' dir='ltr'>γὰρ</span> <span class='ocrx_word' id='word_1_739' title='bbox 1193 4915 1432 4968; x_wconf 74' lang='grc' dir='ltr'>τοσαῦτα</span> <span class='ocrx_word' id='word_1_740' title='bbox 1465 4915 1606 4968; x_wconf 86' lang='grc' dir='ltr'><strong>καλὰ</strong></span> <span class='ocrx_word' id='word_1_741' title='bbox 1639 4916 1914 4986; x_wconf 61' lang='grc' dir='ltr'>κατορθώέ</span> 
     </span>
    </p>
   </div>
   <div class='ocr_carea' id='block_1_98' title="bbox 309 5003 1912 5080">
    <p class='ocr_par' dir='ltr' id='par_1_98' title="bbox 309 5003 1912 5080">
     <span class='ocr_line' id='line_1_98' title="bbox 309 5003 1912 5080; baseline 0.001 -20"><span class='ocrx_word' id='word_1_742' title='bbox 309 5021 424 5071; x_wconf 75' lang='grc' dir='ltr'><strong>σας</strong></span> <span class='ocrx_word' id='word_1_743' title='bbox 460 5009 543 5069; x_wconf 85' lang='grc' dir='ltr'><strong>είς</strong></span> <span class='ocrx_word' id='word_1_744' title='bbox 575 5006 828 5060; x_wconf 78' lang='grc' dir='ltr'>τοσοῦτον</span> <span class='ocrx_word' id='word_1_745' title='bbox 869 5006 1032 5077; x_wconf 86' lang='grc' dir='ltr'>βάθος</span> <span class='ocrx_word' id='word_1_746' title='bbox 1063 5007 1248 5060; x_wconf 83' lang='grc' dir='ltr'>κακῶν</span> <span class='ocrx_word' id='word_1_747' title='bbox 1290 5004 1435 5078; x_wconf 79' lang='grc' dir='ltr'>εἶχεν</span> <span class='ocrx_word' id='word_1_748' title='bbox 1471 5003 1789 5070; x_wconf 86' lang='grc' dir='ltr'>κατελθεῖν;</span> <span class='ocrx_word' id='word_1_749' title='bbox 1822 5010 1912 5080; x_wconf 86' lang='grc' dir='ltr'><strong>Μὴ</strong></span> 
     </span>
    </p>
   </div>
   <div class='ocr_carea' id='block_1_99' title="bbox 300 5097 1912 5171">
    <p class='ocr_par' dir='ltr' id='par_1_99' title="bbox 300 5097 1912 5171">
     <span class='ocr_line' id='line_1_99' title="bbox 300 5097 1912 5171; baseline 0 -19"><span class='ocrx_word' id='word_1_750' title='bbox 300 5100 556 5167; x_wconf 54' lang='grc' dir='ltr'><strong>⁴γένοιτο.</strong></span> <span class='ocrx_word' id='word_1_751' title='bbox 589 5098 954 5153; x_wconf 76' lang='grc' dir='ltr'>Εἰσελθόντων</span> <span class='ocrx_word' id='word_1_752' title='bbox 999 5097 1054 5152; x_wconf 87' lang='grc' dir='ltr'>δὲ</span> <span class='ocrx_word' id='word_1_753' title='bbox 1103 5099 1260 5170; x_wconf 80' lang='grc' dir='ltr'>ἡμῶν</span> <span class='ocrx_word' id='word_1_754' title='bbox 1295 5103 1350 5152; x_wconf 81' lang='grc' dir='ltr'><strong>ἐν</strong></span> <span class='ocrx_word' id='word_1_755' title='bbox 1392 5099 1470 5171; x_wconf 80' lang='grc' dir='ltr'>τῷ</span> <span class='ocrx_word' id='word_1_756' title='bbox 1505 5098 1768 5170; x_wconf 84' lang='grc' dir='ltr'>βασιλικῷ</span> <span class='ocrx_word' id='word_1_757' title='bbox 1813 5115 1912 5152; x_wconf 87' lang='grc' dir='ltr'>τα-</span> 
     </span>
    </p>
   </div>
   <div class='ocr_carea' id='block_1_100' title="bbox 304 5191 1913 5262">
    <p class='ocr_par' dir='ltr' id='par_1_100' title="bbox 304 5191 1913 5262">
     <span class='ocr_line' id='line_1_100' title="bbox 304 5191 1913 5262; baseline 0.001 -20"><span class='ocrx_word' id='word_1_758' title='bbox 304 5191 508 5262; x_wconf 79' lang='grc' dir='ltr'>μιείῳ,</span> <span class='ocrx_word' id='word_1_759' title='bbox 545 5193 870 5256; x_wconf 83' lang='grc' dir='ltr'>συνετάξατο</span> <span class='ocrx_word' id='word_1_760' title='bbox 898 5192 1214 5260; x_wconf 81' lang='grc' dir='ltr'>Ἐπιφάνιος</span> <span class='ocrx_word' id='word_1_761' title='bbox 1237 5195 1349 5255; x_wconf 84' lang='grc' dir='ltr'>τοῖς</span> <span class='ocrx_word' id='word_1_762' title='bbox 1382 5192 1692 5262; x_wconf 82' lang='grc' dir='ltr'>βασιλεῦσιν</span> <span class='ocrx_word' id='word_1_763' title='bbox 1722 5193 1812 5245; x_wconf 68' lang='grc' dir='ltr'><strong>ἐπὶ</strong></span> <span class='ocrx_word' id='word_1_764' title='bbox 1837 5191 1913 5261; x_wconf 83' lang='grc' dir='ltr'><strong>τῷ</strong></span> 
     </span>
    </p>
   </div>
   <div class='ocr_carea' id='block_1_101' title="bbox 297 5279 1913 5359">
    <p class='ocr_par' dir='ltr' id='par_1_101' title="bbox 297 5279 1913 5359">
     <span class='ocr_line' id='line_1_101' title="bbox 297 5279 1913 5359; baseline -0.002 -21"><span class='ocrx_word' id='word_1_765' title='bbox 297 5283 668 5338; x_wconf 78' lang='grc' dir='ltr'>ἀποπλεῦσαι</span> <span class='ocrx_word' id='word_1_766' title='bbox 697 5285 845 5357; x_wconf 77' lang='grc' dir='ltr'>ἡμᾶς</span> <span class='ocrx_word' id='word_1_767' title='bbox 885 5289 978 5340; x_wconf 68' lang='grc' dir='ltr'><strong>ἐπὶ</strong></span> <span class='ocrx_word' id='word_1_768' title='bbox 1022 5287 1122 5356; x_wconf 83' lang='grc' dir='ltr'><strong>τῆς</strong></span> <span class='ocrx_word' id='word_1_769' title='bbox 1168 5285 1454 5356; x_wconf 83' lang='grc' dir='ltr'>Κυπρίων.</span> <span class='ocrx_word' id='word_1_770' title='bbox 1495 5279 1826 5359; x_wconf 76' lang='grc' dir='ltr'>Ἐρωτηθεὶς</span> <span class='ocrx_word' id='word_1_771' title='bbox 1857 5283 1913 5336; x_wconf 85' lang='grc' dir='ltr'>δὲ</span> 
     </span>
    </p>
   </div>
   <div class='ocr_carea' id='block_1_102' title="bbox 2024 4636 3602 4708">
    <p class='ocr_par' dir='ltr' id='par_1_102' title="bbox 2024 4636 3602 4708">
     <span class='ocr_line' id='line_1_102' title="bbox 2024 4636 3602 4708; baseline 0.002 -17"><span class='ocrx_word' id='word_1_772' title='bbox 2024 4647 2118 4692; x_wconf 92' lang='lat' dir='ltr'><strong>tuo</strong></span> <span class='ocrx_word' id='word_1_773' title='bbox 2153 4636 2322 4693; x_wconf 86' lang='lat' dir='ltr'><strong>fuisse</strong></span> <span class='ocrx_word' id='word_1_774' title='bbox 2396 4653 2722 4704; x_wconf 88' lang='lat' dir='ltr'><strong>assensum,</strong></span> <span class='ocrx_word' id='word_1_775' title='bbox 2778 4639 2832 4691; x_wconf 92' lang='lat' dir='ltr'><strong>in</strong></span> <span class='ocrx_word' id='word_1_776' title='bbox 2891 4637 3070 4692; x_wconf 91' lang='lat' dir='ltr'><strong>locum</strong></span> <span class='ocrx_word' id='word_1_777' title='bbox 3133 4638 3201 4692; x_wconf 90' lang='lat' dir='ltr'><strong>ad</strong></span> <span class='ocrx_word' id='word_1_778' title='bbox 3253 4653 3414 4708; x_wconf 90' lang='lat' dir='ltr'><strong>quem</strong></span> <span class='ocrx_word' id='word_1_779' title='bbox 3449 4637 3602 4694; x_wconf 83' lang='lat' dir='ltr'><strong>fuisti</strong></span> 
     </span>
    </p>
   </div>
   <div class='ocr_carea' id='block_1_103' title="bbox 2019 4728 3604 4810">
    <p class='ocr_par' dir='ltr' id='par_1_103' title="bbox 2019 4728 3604 4810">
     <span class='ocr_line' id='line_1_103' title="bbox 2019 4728 3604 4810; baseline 0.001 -26"><span class='ocrx_word' id='word_1_780' title='bbox 2019 4731 2323 4802; x_wconf 83' lang='lat' dir='ltr'><strong>relegatus,</strong></span> <span class='ocrx_word' id='word_1_781' title='bbox 2353 4746 2462 4784; x_wconf 92' lang='lat' dir='ltr'><strong>non</strong></span> <span class='ocrx_word' id='word_1_782' title='bbox 2497 4731 2702 4785; x_wconf 85' lang='lat' dir='ltr'><strong>venies.</strong></span> <span class='ocrx_word' id='word_1_783' title='bbox 2739 4729 2864 4785; x_wconf 74' lang='lat' dir='ltr'><strong>Haec</strong></span> <span class='ocrx_word' id='word_1_784' title='bbox 2913 4731 3129 4800; x_wconf 90' lang='lat' dir='ltr'><strong>scripsi,</strong></span> <span class='ocrx_word' id='word_1_785' title='bbox 3180 4746 3214 4785; x_wconf 92' lang='grc' dir='ltr'><strong>ο</strong></span> <span class='ocrx_word' id='word_1_786' title='bbox 3268 4728 3498 4796; x_wconf 88' lang='lat' dir='ltr'><strong>fratres,</strong></span> <span class='ocrx_word' id='word_1_787' title='bbox 3531 4747 3604 4810; x_wconf 73' lang='lat' dir='ltr'><strong>pe</strong></span> 
     </span>
    </p>
   </div>
   <div class='ocr_carea' id='block_1_104' title="bbox 2018 4819 3621 4893">
    <p class='ocr_par' dir='ltr' id='par_1_104' title="bbox 2018 4819 3621 4893">
     <span class='ocr_line' id='line_1_104' title="bbox 2018 4819 3621 4893; baseline 0 -18"><span class='ocrx_word' id='word_1_788' title='bbox 2018 4823 2144 4892; x_wconf 88' lang='lat' dir='ltr'><strong>quis</strong></span> <span class='ocrx_word' id='word_1_789' title='bbox 2199 4823 2303 4877; x_wconf 89' lang='lat' dir='ltr'><strong>hoc</strong></span> <span class='ocrx_word' id='word_1_790' title='bbox 2349 4823 2609 4893; x_wconf 87' lang='lat' dir='ltr'><strong>probrum</strong></span> <span class='ocrx_word' id='word_1_791' title='bbox 2659 4821 2904 4877; x_wconf 86' lang='lat' dir='ltr'><strong>conferat</strong></span> <span class='ocrx_word' id='word_1_792' title='bbox 2954 4822 3008 4876; x_wconf 91' lang='lat' dir='ltr'><strong>in</strong></span> <span class='ocrx_word' id='word_1_793' title='bbox 3063 4820 3451 4892; x_wconf 86' lang='lat' dir='ltr'><strong>Epiphanium.</strong></span> <span class='ocrx_word' id='word_1_794' title='bbox 3497 4819 3621 4887; x_wconf 13' lang='lat' dir='ltr'><strong>Qui.</strong></span> 
     </span>
    </p>
   </div>
   <div class='ocr_carea' id='block_1_105' title="bbox 2018 4910 3601 4975">
    <p class='ocr_par' dir='ltr' id='par_1_105' title="bbox 2018 4910 3601 4975">
     <span class='ocr_line' id='line_1_105' title="bbox 2018 4910 3601 4975; baseline -0.001 -9"><span class='ocrx_word' id='word_1_795' title='bbox 2018 4913 2164 4966; x_wconf 91' lang='lat' dir='ltr'><strong>enim</strong></span> <span class='ocrx_word' id='word_1_796' title='bbox 2218 4920 2298 4966; x_wconf 93' lang='lat' dir='ltr'><strong>tot</strong></span> <span class='ocrx_word' id='word_1_797' title='bbox 2347 4922 2402 4965; x_wconf 89' lang='lat' dir='ltr'><strong>et</strong></span> <span class='ocrx_word' id='word_1_798' title='bbox 2449 4921 2595 4966; x_wconf 88' lang='lat' dir='ltr'><strong>tanta</strong></span> <span class='ocrx_word' id='word_1_799' title='bbox 2651 4913 2792 4966; x_wconf 89' lang='lat' dir='ltr'><strong>bona</strong></span> <span class='ocrx_word' id='word_1_800' title='bbox 2837 4913 3074 4975; x_wconf 87' lang='lat' dir='ltr'><strong>fecerat,</strong></span> <span class='ocrx_word' id='word_1_801' title='bbox 3120 4918 3239 4965; x_wconf 89' lang='lat' dir='ltr'><strong>erat</strong></span> <span class='ocrx_word' id='word_1_802' title='bbox 3281 4910 3337 4964; x_wconf 91' lang='lat' dir='ltr'><strong>in</strong></span> <span class='ocrx_word' id='word_1_803' title='bbox 3391 4919 3601 4965; x_wconf 89' lang='lat' dir='ltr'><strong>tantum</strong></span> 
     </span>
    </p>
   </div>
   <div class='ocr_carea' id='block_1_106' title="bbox 2020 5001 3599 5072">
    <p class='ocr_par' dir='ltr' id='par_1_106' title="bbox 2020 5001 3599 5072">
     <span class='ocr_line' id='line_1_106' title="bbox 2020 5001 3599 5072; baseline -0.002 -16"><span class='ocrx_word' id='word_1_804' title='bbox 2020 5003 2289 5056; x_wconf 86' lang='lat' dir='ltr'><strong>malorum</strong></span> <span class='ocrx_word' id='word_1_805' title='bbox 2321 5003 2652 5072; x_wconf 89' lang='lat' dir='ltr'><strong>profundum</strong></span> <span class='ocrx_word' id='word_1_806' title='bbox 2689 5002 3094 5056; x_wconf 87' lang='lat' dir='ltr'><strong>descensurus?</strong></span> <span class='ocrx_word' id='word_1_807' title='bbox 3123 5001 3390 5072; x_wconf 89' lang='lat' dir='ltr'><strong>Ingressis</strong></span> <span class='ocrx_word' id='word_1_808' title='bbox 3419 5011 3599 5055; x_wconf 89' lang='lat' dir='ltr'><strong>autem</strong></span> 
     </span>
    </p>
   </div>
   <div class='ocr_carea' id='block_1_107' title="bbox 2021 5091 3631 5167">
    <p class='ocr_par' dir='ltr' id='par_1_107' title="bbox 2021 5091 3631 5167">
     <span class='ocr_line' id='line_1_107' title="bbox 2021 5091 3631 5167; baseline -0.002 -19"><span class='ocrx_word' id='word_1_809' title='bbox 2021 5095 2178 5149; x_wconf 89' lang='lat' dir='ltr'><strong>nobis</strong></span> <span class='ocrx_word' id='word_1_810' title='bbox 2223 5095 2277 5147; x_wconf 93' lang='lat' dir='ltr'><strong>in</strong></span> <span class='ocrx_word' id='word_1_811' title='bbox 2328 5095 2507 5148; x_wconf 86' lang='lat' dir='ltr'><strong>aulam</strong></span> <span class='ocrx_word' id='word_1_812' title='bbox 2563 5094 3011 5164; x_wconf 87' lang='lat' dir='ltr'><strong>imperatoriam,</strong></span> <span class='ocrx_word' id='word_1_813' title='bbox 3058 5093 3226 5163; x_wconf 89' lang='lat' dir='ltr'><strong>jussit</strong></span> <span class='ocrx_word' id='word_1_814' title='bbox 3269 5091 3631 5167; x_wconf 82' lang='lat' dir='ltr'><strong>Epiphanius</strong></span> 
     </span>
    </p>
   </div>
   <div class='ocr_carea' id='block_1_108' title="bbox 2020 5181 3601 5256">
    <p class='ocr_par' dir='ltr' id='par_1_108' title="bbox 2020 5181 3601 5256">
     <span class='ocr_line' id='line_1_108' title="bbox 2020 5181 3601 5256; baseline -0.003 -17"><span class='ocrx_word' id='word_1_815' title='bbox 2020 5186 2200 5241; x_wconf 77' lang='lat' dir='ltr'><strong>valere</strong></span> <span class='ocrx_word' id='word_1_816' title='bbox 2254 5187 2642 5256; x_wconf 84' lang='lat' dir='ltr'><strong>imperatores,</strong></span> <span class='ocrx_word' id='word_1_817' title='bbox 2695 5195 2754 5238; x_wconf 91' lang='lat' dir='ltr'><strong>ut</strong></span> <span class='ocrx_word' id='word_1_818' title='bbox 2804 5184 3184 5255; x_wconf 82' lang='lat' dir='ltr'><strong>navigaremus</strong></span> <span class='ocrx_word' id='word_1_819' title='bbox 3231 5183 3288 5237; x_wconf 89' lang='lat' dir='ltr'><strong>in</strong></span> <span class='ocrx_word' id='word_1_820' title='bbox 3341 5181 3601 5253; x_wconf 80' lang='lat' dir='ltr'><strong>Cyprum.</strong></span> 
     </span>
    </p>
   </div>
   <div class='ocr_carea' id='block_1_109' title="bbox 2021 5275 3606 5348">
    <p class='ocr_par' dir='ltr' id='par_1_109' title="bbox 2021 5275 3606 5348">
     <span class='ocr_line' id='line_1_109' title="bbox 2021 5275 3606 5348; baseline -0.004 -15"><span class='ocrx_word' id='word_1_821' title='bbox 2021 5279 2394 5348; x_wconf 87' lang='lat' dir='ltr'><strong>Interrogatus</strong></span> <span class='ocrx_word' id='word_1_822' title='bbox 2436 5294 2567 5333; x_wconf 87' lang='lat' dir='ltr'><strong>vero</strong></span> <span class='ocrx_word' id='word_1_823' title='bbox 2613 5277 2950 5346; x_wconf 86' lang='lat' dir='ltr'><strong>Epiphanius</strong></span> <span class='ocrx_word' id='word_1_824' title='bbox 2985 5277 3053 5330; x_wconf 90' lang='lat' dir='ltr'><strong>ab</strong></span> <span class='ocrx_word' id='word_1_825' title='bbox 3096 5275 3332 5329; x_wconf 90' lang='lat' dir='ltr'><strong>Arcadio</strong></span> <span class='ocrx_word' id='word_1_826' title='bbox 3371 5275 3606 5343; x_wconf 86' lang='lat' dir='ltr'><strong>impera-</strong></span> 
     </span>
    </p>
   </div>
   <div class='ocr_carea' id='block_1_110' title="bbox 2024 5365 3606 5441">
    <p class='ocr_par' dir='ltr' id='par_1_110' title="bbox 2024 5365 3606 5441">
     <span class='ocr_line' id='line_1_110' title="bbox 2024 5365 3606 5441; baseline -0.004 -17"><span class='ocrx_word' id='word_1_827' title='bbox 2024 5382 2172 5436; x_wconf 87' lang='lat' dir='ltr'><strong>tore,</strong></span> <span class='ocrx_word' id='word_1_828' title='bbox 2204 5381 2336 5441; x_wconf 90' lang='lat' dir='ltr'><strong>quot</strong></span> <span class='ocrx_word' id='word_1_829' title='bbox 2387 5386 2560 5425; x_wconf 88' lang='lat' dir='ltr'><strong>annos</strong></span> <span class='ocrx_word' id='word_1_830' title='bbox 2608 5377 2752 5425; x_wconf 89' lang='lat' dir='ltr'><strong>esset</strong></span> <span class='ocrx_word' id='word_1_831' title='bbox 2806 5377 2997 5430; x_wconf 86' lang='lat' dir='ltr'><strong>natus,</strong></span> <span class='ocrx_word' id='word_1_832' title='bbox 3057 5367 3243 5421; x_wconf 88' lang='lat' dir='ltr'><strong>dixit:</strong></span> <span class='ocrx_word' id='word_1_833' title='bbox 3277 5365 3506 5420; x_wconf 87' lang='lat' dir='ltr'><strong>Centum</strong></span> <span class='ocrx_word' id='word_1_834' title='bbox 3552 5377 3606 5418; x_wconf 87' lang='lat' dir='ltr'><strong>et</strong></span> 
     </span>
    </p>
   </div>
   <div class='ocr_carea' id='block_1_111' title="bbox 2022 5457 3608 5532">
    <p class='ocr_par' dir='ltr' id='par_1_111' title="bbox 2022 5457 3608 5532">
     <span class='ocr_line' id='line_1_111' title="bbox 2022 5457 3608 5532; baseline -0.003 -16"><span class='ocrx_word' id='word_1_835' title='bbox 2022 5463 2330 5532; x_wconf 89' lang='lat' dir='ltr'><strong>quindecim</strong></span> <span class='ocrx_word' id='word_1_836' title='bbox 2358 5505 2373 5530; x_wconf 95' lang='lat'><strong>,</strong></span> <span class='ocrx_word' id='word_1_837' title='bbox 2421 5473 2474 5516; x_wconf 91' lang='lat' dir='ltr'><strong>et</strong></span> <span class='ocrx_word' id='word_1_838' title='bbox 2505 5473 2617 5517; x_wconf 86' lang='lat' dir='ltr'><strong>tres</strong></span> <span class='ocrx_word' id='word_1_839' title='bbox 2658 5475 2897 5516; x_wconf 89' lang='lat' dir='ltr'><strong>menses.</strong></span> <span class='ocrx_word' id='word_1_840' title='bbox 2935 5459 3027 5515; x_wconf 90' lang='lat' dir='ltr'><strong>Sic</strong></span> <span class='ocrx_word' id='word_1_841' title='bbox 3065 5475 3246 5514; x_wconf 88' lang='lat' dir='ltr'><strong>autem</strong></span> <span class='ocrx_word' id='word_1_842' title='bbox 3288 5461 3468 5515; x_wconf 84' lang='lat' dir='ltr'><strong>dixit:</strong></span> <span class='ocrx_word' id='word_1_843' title='bbox 3504 5457 3608 5512; x_wconf 88' lang='lat' dir='ltr'><strong>Fui</strong></span> 
     </span>
    </p>
   </div>
   <div class='ocr_carea' id='block_1_112' title="bbox 2021 5547 3613 5624">
    <p class='ocr_par' dir='ltr' id='par_1_112' title="bbox 2021 5547 3613 5624">
     <span class='ocr_line' id='line_1_112' title="bbox 2021 5547 3613 5624; baseline -0.004 -13"><span class='ocrx_word' id='word_1_844' title='bbox 2021 5555 2332 5624; x_wconf 88' lang='lat' dir='ltr'><strong>episcopus,</strong></span> <span class='ocrx_word' id='word_1_845' title='bbox 2366 5568 2491 5608; x_wconf 86' lang='lat' dir='ltr'><strong>cum</strong></span> <span class='ocrx_word' id='word_1_846' title='bbox 2520 5568 2698 5609; x_wconf 87' lang='lat' dir='ltr'><strong>essem</strong></span> <span class='ocrx_word' id='word_1_847' title='bbox 2734 5553 3014 5623; x_wconf 78' lang='lat' dir='ltr'><strong>sexaginta</strong></span> <span class='ocrx_word' id='word_1_848' title='bbox 3047 5567 3223 5612; x_wconf 85' lang='lat' dir='ltr'><strong>annos</strong></span> <span class='ocrx_word' id='word_1_849' title='bbox 3268 5563 3449 5609; x_wconf 87' lang='lat' dir='ltr'><strong>natus.</strong></span> <span class='ocrx_word' id='word_1_850' title='bbox 3508 5547 3613 5615; x_wconf 72' lang='lat' dir='ltr'><strong>Fui.</strong></span> 
     </span>
    </p>
   </div>
   <div class='ocr_carea' id='block_1_113' title="bbox 293 5374 1914 5449">
    <p class='ocr_par' dir='ltr' id='par_1_113' title="bbox 293 5374 1914 5449">
     <span class='ocr_line' id='line_1_113' title="bbox 293 5374 1914 5449; baseline -0.002 -18"><span class='ocrx_word' id='word_1_851' title='bbox 293 5376 645 5446; x_wconf 76' lang='grc' dir='ltr'>Ἐπιφάνιος</span> <span class='ocrx_word' id='word_1_852' title='bbox 691 5379 842 5448; x_wconf 85' lang='grc' dir='ltr'><strong>παρά</strong></span> <span class='ocrx_word' id='word_1_853' title='bbox 882 5376 1165 5449; x_wconf 78' lang='grc' dir='ltr'>Ἀρκαδίου</span> <span class='ocrx_word' id='word_1_854' title='bbox 1201 5375 1293 5430; x_wconf 80' lang='grc' dir='ltr'>τοῦ</span> <span class='ocrx_word' id='word_1_855' title='bbox 1327 5376 1588 5446; x_wconf 84' lang='grc' dir='ltr'>βασιλέως</span> <span class='ocrx_word' id='word_1_856' title='bbox 1618 5375 1698 5438; x_wconf 74' lang='grc' dir='ltr'><strong>τὸ,</strong></span> <span class='ocrx_word' id='word_1_857' title='bbox 1735 5374 1914 5427; x_wconf 88' lang='grc' dir='ltr'>πόσων</span> 
     </span>
    </p>
   </div>
   <div class='ocr_carea' id='block_1_114' title="bbox 291 5464 1914 5539">
    <p class='ocr_par' dir='ltr' id='par_1_114' title="bbox 291 5464 1914 5539">
     <span class='ocr_line' id='line_1_114' title="bbox 291 5464 1914 5539; baseline -0.003 -15"><span class='ocrx_word' id='word_1_858' title='bbox 291 5468 461 5524; x_wconf 78' lang='grc' dir='ltr'>ἐτῶν</span> <span class='ocrx_word' id='word_1_859' title='bbox 495 5469 770 5539; x_wconf 75' lang='grc' dir='ltr'>ὑπάρχει,</span> <span class='ocrx_word' id='word_1_860' title='bbox 817 5464 992 5522; x_wconf 75' lang='grc' dir='ltr'>εἷπεψ</span> <span class='ocrx_word' id='word_1_861' title='bbox 1031 5467 1260 5523; x_wconf 82' lang='grc' dir='ltr'>Ἑκατὸν</span> <span class='ocrx_word' id='word_1_862' title='bbox 1293 5469 1388 5521; x_wconf 77' lang='grc' dir='ltr'><strong>καὶ</strong></span> <span class='ocrx_word' id='word_1_863' title='bbox 1436 5469 1600 5521; x_wconf 87' lang='grc' dir='ltr'>πέντε</span> <span class='ocrx_word' id='word_1_864' title='bbox 1630 5469 1766 5521; x_wconf 83' lang='grc' dir='ltr'>ἐτῶν</span> <span class='ocrx_word' id='word_1_865' title='bbox 1799 5468 1914 5536; x_wconf 77' lang='grc' dir='ltr'>εἰμι</span> 
     </span>
    </p>
   </div>
   <div class='ocr_carea' id='block_1_115' title="bbox 288 5555 1913 5637">
    <p class='ocr_par' dir='ltr' id='par_1_115' title="bbox 288 5555 1913 5637">
     <span class='ocr_line' id='line_1_115' title="bbox 288 5555 1913 5637; baseline -0.002 -22"><span class='ocrx_word' id='word_1_866' title='bbox 288 5560 477 5633; x_wconf 71' lang='grc' dir='ltr'><strong>παρά</strong></span> <span class='ocrx_word' id='word_1_867' title='bbox 508 5563 658 5631; x_wconf 76' lang='grc' dir='ltr'>τρεῖς</span> <span class='ocrx_word' id='word_1_868' title='bbox 689 5560 884 5631; x_wconf 82' lang='grc' dir='ltr'>μῆνας.</span> <span class='ocrx_word' id='word_1_869' title='bbox 927 5555 1096 5626; x_wconf 72' lang='grc' dir='ltr'>Οὗτος</span> <span class='ocrx_word' id='word_1_870' title='bbox 1140 5560 1235 5631; x_wconf 89' lang='lat' dir='ltr'><strong>(a),</strong></span> <span class='ocrx_word' id='word_1_871' title='bbox 1273 5560 1458 5632; x_wconf 79' lang='grc' dir='ltr'>φησὶν,</span> <span class='ocrx_word' id='word_1_872' title='bbox 1488 5559 1750 5632; x_wconf 80' lang='grc' dir='ltr'>ἐξήκοντα</span> <span class='ocrx_word' id='word_1_873' title='bbox 1775 5559 1913 5637; x_wconf 81' lang='grc' dir='ltr'>ἐτῶν</span> 
     </span>
    </p>
   </div>
   <div class='ocr_carea' id='block_1_116' title="bbox 399 5719 834 5782">
    <p class='ocr_par' dir='ltr' id='par_1_116' title="bbox 399 5719 834 5782">
     <span class='ocr_line' id='line_1_116' title="bbox 399 5719 834 5782; baseline 0.005 -10"><span class='ocrx_word' id='word_1_874' title='bbox 399 5722 440 5751; x_wconf 73' lang='grc' dir='ltr'>τί</span> <span class='ocrx_word' id='word_1_875' title='bbox 483 5719 616 5774; x_wconf 90' lang='lat' dir='ltr'><strong>Luc.</strong></span> <span class='ocrx_word' id='word_1_876' title='bbox 658 5736 731 5782; x_wconf 75' lang='lat' dir='ltr'><strong>\‘I,</strong></span> <span class='ocrx_word' id='word_1_877' title='bbox 764 5719 834 5774; x_wconf 81' lang='lat'><strong>&#39;50</strong></span> 
     </span>
    </p>
   </div>
   <div class='ocr_carea' id='block_1_117' title="bbox 402 5855 2118 5938">
    <p class='ocr_par' dir='ltr' id='par_1_117' title="bbox 402 5855 2118 5938">
     <span class='ocr_line' id='line_1_117' title="bbox 402 5855 2118 5938; baseline 0 -30"><span class='ocrx_word' id='word_1_878' title='bbox 402 5859 478 5926; x_wconf 73' lang='grc' dir='ltr'><strong>(α)</strong></span> <span class='ocrx_word' id='word_1_879' title='bbox 517 5855 677 5909; x_wconf 80' lang='lat' dir='ltr'><strong>Forte</strong></span> <span class='ocrx_word' id='word_1_880' title='bbox 703 5856 894 5920; x_wconf 79' lang='grc' dir='ltr'>οὑτως.</span> <span class='ocrx_word' id='word_1_881' title='bbox 2033 5875 2118 5938; x_wconf 37' lang='grc' dir='ltr'><strong>Α,</strong></span> 
     </span>
    </p>
   </div>
   <div class='ocr_carea' id='block_1_118' title="bbox 571 5943 1907 6032">
    <p class='ocr_par' dir='ltr' id='par_1_118' title="bbox 571 5965 1234 6032">
     <span class='ocr_line' id='line_1_118' title="bbox 571 5965 1234 6032; baseline -0.003 -2"><span class='ocrx_word' id='word_1_882' title='bbox 571 5969 846 6030; x_wconf 74' lang='grc' dir='ltr'>ΡΑτειοι.</span> <span class='ocrx_word' id='word_1_883' title='bbox 895 5965 1015 6032; x_wconf 79' lang='lat' dir='ltr'><strong>Gn.</strong></span> <span class='ocrx_word' id='word_1_884' title='bbox 1063 5966 1234 6030; x_wconf 81' lang='lat' dir='ltr'><strong>XLI.</strong></span> 
     </span>
    </p>
   </div>
   <div class='ocr_carea' id='block_1_119' title="bbox 2011 5943 3132 6032">
    <p class='ocr_par' dir='ltr' id='par_1_119' title="bbox 2081 5943 3132 6019">
     <span class='ocr_line' id='line_1_119' title="bbox 2081 5943 3132 6019; baseline 0.001 -73"><span class='ocrx_word' id='word_1_885' title='bbox 2081 5943 2084 5946; x_wconf 31' lang='grc' dir='ltr'>λ</span> <span class='ocrx_word' id='word_1_886' title='bbox 2573 5999 2579 6006; x_wconf 17' lang='grc'><strong><em>⁵</em></strong></span> <span class='ocrx_word' id='word_1_887' title='bbox 3094 5957 3132 6019; x_wconf 47' lang='grc'><strong>4</strong></span> 
     </span>
    </p>
   </div>
  </div>
