4078 6368
503 370 606 426 «107

1799 373 1856 425 8.
1901 369 2245 423 EPII’IIANII
2284 367 2465 422 VITA.

3658 363 3764 420 163

510 503 630 545 vero
683 490 737 544 in
782 489 1098 560 episcopatu
1151 491 1542 561 quinquaginta
1618 493 1861 562 quinque
1907 506 2080 545 annos

2185 490 2443 560 ἐγινόμην
2471 488 2786 551 ἐπίσκοποςε
2813 489 2908 542 καὶ
2944 487 3049 558 ἔχω
3081 489 3140 541 ἐν
3173 489 3238 558 τῇ
3270 486 3538 555 ἐπισκοπῇ
3574 485 3743 554 πεντή

511 587 556 633 :t
586 589 696 634 tres
723 595 958 634 menses.
994 580 1070 634 Eo
1100 597 1228 636 vero
1257 582 1377 648 die,
1405 598 1514 651 quo
1561 581 1664 636 fuit
1695 584 1850 638 nobis
1889 598 2080 637 ascen-

509 669 739 722 .lendum
794 669 846 723 in
901 685 1117 735 navem,
1167 681 1294 726 tunc
1347 689 1469 726 eum
1515 674 1890 744 interrogavit.
1944 673 2079 728 Cum

509 775 682 815 autem
716 760 770 814 in
801 775 993 815 navem
1042 764 1500 831 aseendissemus,
1530 773 1584 818 et
1613 765 1994 834 navigaremus
2027 766 2081 819 in

509 851 764 922 Cyprum,
800 853 939 906 sedit
965 851 1302 923 Epiphanius
1345 855 1399 908 in
1434 870 1672 910 concavo
1698 857 1875 918 navis,
1903 865 1956 910 et
1985 871 2084 910 nos

507 957 627 996 eum
671 957 758 998 eo.
793 941 1030 1014 Eratque
1078 960 1197 999 mos
1228 943 1529 1016 Epiphanio
1562 957 1747 1002 sancta
1794 946 2084 1017 Evangelia

509 1033 722 1089 assidue
748 1043 930 1090 tenere
959 1036 1012 1090 in
1045 1037 1318 1092 manibus.
1351 1038 1598 1110 Cumque
1621 1049 1700 1094 ter
1728 1041 2086 1109 ingemuisset

507 1134 557 1180 et
597 1123 857 1194 ﬂevisset,
887 1129 1168 1198 explicatis
1201 1131 1528 1200 Evangeliis,
1565 1141 1619 1186 et
1661 1133 1730 1187 iis
1760 1148 1950 1187 rursus
1983 1132 2086 1201 pli-

507 1217 673 1284 catis,
707 1219 1038 1289 lacrymatus
1091 1229 1192 1274 cst.
1221 1222 1464 1292 Cumque
1496 1225 1852 1287 surrexisset,
1877 1224 2082 1289 oravit;

507 1313 558 1359 et
592 1314 714 1374 post
746 1321 933 1375 preces
983 1325 1174 1363 rursus
1211 1310 1349 1364 sedit
1379 1312 1434 1364 iu
1469 1327 1712 1367 concavo
1747 1313 1940 1368 navis:
1975 1328 2086 1367 eo:-

507 1397 690 1468 pitque
723 1398 850 1454 ﬂere
874 1407 925 1454 et
953 1401 1110 1456 nobis
1139 1402 1319 1456 dicere
1351 1421 1363 1456 :

575 1593 758 1648 LXIV.
792 1595 850 1650 Si
883 1612 968 1651 me
1011 1597 1232 1667 diligitis
1254 1639 1268 1663 ,
1300 1616 1332 1654 0
1375 1601 1469 1655 lilii
1490 1645 1504 1668 ,
1539 1603 1792 1658 mandata
1823 1620 1941 1660 mea
1971 1621 2086 1660 ser-

508 1693 648 1746 vate,
701 1693 755 1738 et
787 1685 1008 1740 dilectio
1043 1685 1137 1741 Dei
1171 1690 1413 1744 manebit
1465 1692 1519 1744 in
1566 1691 1740 1747 vobis.
1795 1692 1955 1749 Scitis
1991 1710 2085 1765 per

507 1785 640 1844 quot
683 1775 1001 1832 aﬂlictiones
1031 1780 1258 1834 transivi
1291 1782 1347 1836 in
1383 1783 1486 1838 hac
1519 1785 1650 1849 vita,
1685 1794 1740 1840 et
1780 1803 1888 1841 non
1922 1804 2083 1856 repu-

502 1863 612 1918 tavi
671 1879 793 1921 esse
837 1866 1003 1921 ullam
1059 1869 1401 1925 aﬂlictionem
1447 1888 1461 1923 :
1514 1874 1608 1928 sed
1669 1889 1819 1929 eram
1872 1893 2085 1948 semper

489 1952 660 2035 laetus
690 1957 744 2011 in
783 1957 870 2026 iis,
905 1975 1027 2030 quae
1055 1961 1121 2015 ad
1153 1961 1325 2018 Deum
1356 1965 1647 2034 pertinent,
1699 1977 1752 2021 et
1799 1969 1945 2025 Deus
1976 1987 2082 2025 non

507 2062 594 2102 me
637 2048 956 2119 dereliquit,
1009 2052 1104 2106 sed
1153 2052 1268 2122 ipse
1316 2070 1403 2109 me
1447 2055 1685 2110 servavit
1725 2059 1793 2112 ab
1827 2061 2084 2115 omnibus

496 2137 730 2208 maligni
784 2139 1021 2194 insidiis.
1072 2140 1426 2212 Diligentibus
1489 2147 1630 2199 enim
1685 2147 1854 2201 Deum
1906 2151 2085 2205 omnia

495 2240 857 2301 cooperantur
886 2233 944 2287 in
975 2233 1167 2288 bonum
1196 2237 1263 2290 η.
1299 2238 1608 2307 Aliquando
1653 2250 1860 2306 autem,
1904 2257 1937 2296 ο
1987 2243 2083 2297 lilii

507 2323 642 2379 mihi
675 2323 990 2389 desiderati,
1034 2341 1159 2382 cum
1206 2343 1307 2398 ego
1351 2343 1530 2384 essem
1584 2331 1637 2384 in
1677 2332 1797 2387 loco
1847 2333 2081 2399 deserto,

507 2425 562 2474 et
605 2417 824 2474 Christo
859 2434 1049 2488 preces
1083 2436 1397 2491 peragerem
1421 2463 1436 2487 ,
1473 2431 1534 2476 ut
1573 2423 1834 2479 liberarer
1862 2426 1931 2480 ab
1967 2443 2086 2480 om-

508 2507 668 2565 nibus
692 2509 907 2565 insidiis
934 2510 1253 2578 adversarii,
1287 2527 1374 2567 me
1409 2513 1608 2569 invasit
1655 2516 1944 2570 multitudo
1979 2518 2087 2572 dae-

507 2616 731 2657 monum
767 2621 782 2658 :
808 2605 901 2674 qui
932 2606 1056 2660 cum
1100 2620 1187 2660 me
1213 2606 1625 2674 dilacerassent,
1657 2619 1711 2663 et
1741 2610 1971 2679 pedibus
1997 2626 2086 2665 ar-

506 2695 828 2766 ripuissent,
860 2706 1201 2752 attraxeruut
1244 2700 1301 2752 in
1347 2710 1570 2756 terram.
1612 2699 1869 2756 Nonnulli
1904 2714 2085 2759 autem

505 2804 576 2844 ex
617 2789 754 2858 ipsis
797 2789 932 2844 mihi
978 2791 1166 2862 plagas
1211 2807 1429 2862 quoque
1461 2793 1782 2849 intulerunt.
1813 2793 1928 2850 Hoc
1957 2812 2087 2853 vero

507 2879 753 2937 fecerunt
779 2881 917 2936 mihi
961 2882 1148 2938 decem
1177 2883 1390 2939 diebus.
1422 2882 1532 2939 Nec
1558 2887 1794 2956 amplius
1841 2888 1946 2941 vidi
1975 2888 2088 2942 dae-

505 2987 723 3029 monem
771 2973 825 3028 in
877 2975 1094 3044 propria
1144 2991 1375 3045 persona
1422 2977 1678 3032 omnibus
1724 2979 1916 3035 diebus
1965 2981 2088 3035 vitae

505 3067 789 3134 mea,.sed
815 3082 910 3136 per
937 3067 1189 3123 homines
1215 3069 1268 3122 iu
1306 3083 1393 3123 me
1417 3084 1574 3124 suam
1601 3087 1897 3127 exercuere
1931 3074 2089 3127 mali-

497 3157 636 3212 ‘tiam
673 3175 689 3212 :
715 3159 1023 3228 cujusmodi
1053 3159 1188 3214 mihi
1215 3161 1358 3214 mala
1385 3171 1683 3216 evenerunt
1725 3163 1780 3216 in
1807 3163 2084 3220 Phoenicia
2113 3179 2154 3236 ο

503 3249 576 3303 ab
607 3249 966 3305 insolentibus
1006 3250 1361 3320 Simonianis,
1397 3255 1578 3324 qualia
1626 3255 1679 3309 in
1730 3255 1968 3327 IEgypto
2015 3257 2085 3311 ab

506 3339 805 3395 immundis
852 3339 1157 3407 Gnosticis,
1207 3343 1388 3412 qualia
1436 3344 1489 3397 in
1541 3343 1720 3416 Cypro
1769 3346 1838 3398 ah
1877 3346 2085 3415 iniquis

501 3422 900 3487 Valentinianis
946 3440 1000 3487 et
1050 3433 1171 3487 aliis
1231 3433 1544 3489 haaresibus.
1611 3435 1891 3490 Advertite
1954 3451 2084 3507 ergo

505 3523 772 3591 animum,
803 3539 836 3578 o
864 3524 957 3578 lilii
990 3525 1116 3590 mei,
1145 3536 1199 3580 et
1228 3527 1410 3580 audite
1447 3527 1609 3581 verba
1641 3527 1928 3598 Epiphanii
1960 3544 2084 3598 pec-

505 3614 729 3670 catoris.
777 3613 1045 3669 Pecunias
1091 3631 1158 3669 ne
1201 3616 1630 3686 concupiscatis,
1679 3627 1732 3670 et
1779 3619 1962 3672 multa:
1997 3634 2088 3688 pe-

504 3708 682 3762 cuniae
739 3708 1062 3778 adjicientur
1113 3709 1286 3763 vobis.
1336 3707 1553 3763 Nullum
1621 3711 1892 3764 hominem
1958 3711 2084 3765 odio

500 3795 788 3863 habeatis,
833 3808 886 3854 et
915 3815 946 3853 a
983 3798 1092 3853 Deo
1126 3800 1445 3870 diligemini.
1477 3800 1655 3855 Nolite
1697 3800 1846 3870 loqui
1893 3801 2086 3855 adver-

503 3907 600 3949 sus
631 3890 875 3957 fratrem,
922 3900 977 3946 et
1017 3891 1231 3946 all‘ectio
1278 3891 1481 3946 diaboli
1517 3892 1671 3946 vobis
1700 3907 1806 3946 non
1837 3893 2086 3947 domina-

502 3983 674 4040 bitur.
713 3983 1056 4039 Aversemini
1104 3999 1294 4038 omnes
1340 3984 1595 4047 haereses,
1643 3993 1899 4054 tanquam
1945 3985 2085 4041 feras

503 4075 694 4148 plenas
741 4090 950 4131 veneno
1002 4075 1306 4132 mortifero.
1358 4074 1435 4130 De
1477 4076 1677 4145 quibus
1721 4076 1884 4130 etiam
1931 4077 2084 4133 vobis

504 4167 705 4224 tradidi
753 4167 807 4222 in
845 4166 1031 4231 libris,
1061 4167 1154 4236 qui
1198 4166 1541 4238 appellantur
1565 4169 1826 4223 Panaria.
1857 4167 2084 4224 Averse-

503 4257 662 4324 mini,
687 4267 741 4312 et
775 4265 964 4311 cavete
989 4271 1020 4310 a
1067 4255 1253 4310 mundi
1285 4256 1563 4326 voluptate
1584 4295 1600 4320 ,
1643 4273 1764 4327 qua:
1805 4274 2002 4327 corpus
2029 4267 2084 4312 et

503 4357 740 4401 mentem
778 4361 992 4415 semper
1019 4346 1220 4401 titillat.
1250 4345 1587 4416 Experimini
1615 4365 1734 4403 eam
1773 4364 1895 4405 esse
1929 4348 2084 4404 Sata-

501 4451 587 4491 nae
614 4436 1005 4492 accessionem.
1053 4435 1207 4505 Szepe
1237 4445 1417 4492 autem
1459 4440 1541 4492 vel
1587 4455 1750 4494 carne
1793 4441 2080 4510 quiescen-

2183 598 2348 634 κοντα
2391 579 2555 633 πέντε
2605 580 2700 649 ἐτη
2745 580 2896 651 παρά
2946 582 3097 650 τρεῖς
3153 580 3344 649 μῆνας.
3396 579 3542 648 Αύτῇ
3593 577 3650 630 δὲ
3696 576 3758 647 τῇ

2183 673 2386 744 ἡμέρᾳ,
2433 674 2489 724 ἐν
2618 672 2845 742 εἴχαμεν
2901 670 3142 724 ἀνελθεῖν
3188 672 3245 723 ἐν
3297 668 3372 738 τῷ
3422 668 3610 738 πλοίῳ,
3645 669 3761 722 τότε

2183 765 2342 818 αὐτὸν
2373 765 2743 836 ἐπηρώτησεν.
2800 764 3138 818 Ανελθόντων
3163 764 3218 816 δέ
3238 763 3395 833 ἡμῶν
3416 765 3471 814 ἐν
3495 761 3573 831 τῷ
3601 761 3768 832 πλοίῳ

2183 857 2451 927 ἐκαθέσθη
2509 857 2826 926 Ἐπιφάνιος
2867 859 2923 909 ἐν
2973 861 3038 927 τῇ
3083 857 3236 926 κοίλῃ
3286 855 3381 909 τοῦ
3413 855 3638 919 ιοπλοίου,
3674 854 3766 908 καὶ

2185 951 2344 1019 ἡμεῖς
2379 951 2494 1018 μετ’
2541 949 2725 1002 αὑτοῦ.
2768 949 2930 1012 Ἐθος
2976 949 3032 1001 δέ
3072 945 3140 1019 ἦν
3187 949 3489 1017 Ἐπιφανίῳ
3523 949 3588 1000 τὰ
3636 949 3763 1014 ἆγισ

2185 1041 2495 1114 Εὐαγγέλια
2543 1043 2763 1111 κρατεῖν
2808 1039 3167 1102 ἀδιαλείπτως
3204 1041 3260 1092 ἐν
3291 1043 3409 1101 ταῖς
3447 1039 3633 1110 χερσὶν
3667 1038 3765 1091 αύ-

2184 1130 2298 1184 τοῦ.
2331 1132 2441 1184 Καὶ
2466 1131 2531 1202 δὴ
2560 1132 2741 1202 τρίτον
2776 1130 3039 1195 στενάξας
3080 1133 3174 1184 καὶ
3201 1131 3494 1201 δακρύσας,
3524 1128 3766 1183 ἀναπτύ-

2187 1225 2284 1292 ξας
2307 1243 2366 1278 τε
2399 1225 2469 1278 τὰ
2501 1225 2630 1292 ἆγια
2662 1224 2990 1292 Εὑαγγέλια.
3019 1225 3113 1276 καὶ
3149 1222 3310 1275 πάλιν
3339 1223 3545 1286 πτύξας
3574 1222 3769 1276 ἔκλαυ-

2187 1335 2300 1384 σεν,
2353 1319 2446 1370 καὶ¹
2494 1319 2748 1388 ἐποίησεν
2783 1317 2969 1387 εὐχὴν,
3003 1317 3097 1368 καὶ
3127 1317 3261 1386 μετά
3301 1317 3398 1386 τὴν
3445 1317 3606 1387 εὐχὴν
3640 1317 3770 1370 ἐκά-

2186 1410 2334 1463 θισεν
2363 1411 2456 1463 ἐπὶ
2480 1410 2583 1480 τῆς
2607 1409 2793 1480 κοίλης
2820 1409 2914 1462 τοῦ
2956 1408 3162 1471 πλοίου,
3195 1409 3289 1460 καὶ
3326 1409 3528 1480 ἤρξατο
3559 1409 3769 1462 κλαίειν

2186 1503 2279 1554 καὶ
2303 1501 2481 1570 λέγειν
2511 1501 2646 1572 πρὸς
2677 1503 2823 1572 μᾶς
2843 1514 2858 1529 ⁸

2267 1593 2383 1646 ΞΔ’.
2417 1593 2546 1647 Ἐὰν
2573 1593 2824 1661 ἀγαπᾶτέ
2863 1610 2950 1663 με,
2989 1595 3171 1664 φησὶν,
3198 1587 3243 1646 ὧ
3272 1593 3459 1649 τέκνα.
3484 1590 3582 1654 τὰς
3620 1593 3771 1645 ἐντο-

2186 1681 2284 1745 λάς
2319 1699 2419 1752 μου
2469 1683 2777 1753 τηρήσατε·
2815 1685 2908 1734 καὶ
2938 1684 2970 1753 ἡ
3006 1684 3190 1754 ἀγάπη
3235 1682 3327 1736 τοῦ
3355 1682 3488 1736 Θεοῦ
3531 1683 3678 1752 μένει
3711 1685 3771 1735 ἐν

2188 1773 2334 1844 ὑμῖν.
2379 1773 2587 1844 Ὑμεῖς,
2632 1775 2814 1843 φησιν,
2861 1775 3154 1827 ἐπίστασθε
3187 1776 3274 1828 διά
3323 1775 3504 1828 πόσων
3537 1773 3768 1844 θλίψεων

2115 1838 2157 1893 Β
2184 1864 2396 1934 διῆλθον
2421 1865 2481 1916 ἐν
2510 1863 2642 1934 τῷδε
2675 1864 2752 1935 τῷ
2782 1865 2913 1936 βίῳ,
2948 1867 3043 1918 καὶ
3068 1868 3165 1937 ούχ
3192 1868 3487 1937 ἡγησάμην
3511 1867 3769 1936 οὐδεμίαν

2186 1954 2384 2024 θλίψιν,
2435 1953 2569 2006 ἀλλά
2603 1955 2834 2007 πάντοτε
2879 1957 3030 2026 ῆμην
3081 1955 3286 2025 χαίρων
3335 1955 3470 2025 πρὸς
3501 1955 3592 2008 τὸν
3635 1954 3769 2005 Θεὸν

2185 2046 2532 2109 ἀποϐλέπων,
2577 2047 2672 2100 καὶ
2713 2050 2740 2100 ό
2771 2048 2905 2112 Θεὸς
2950 2049 3050 2101 οὐκ
3099 2048 3487 2115 ἐγκατέλειπεν
3525 2065 3619 2117 με·
3652 2049 3766 2100 ἀλλ’

2185 2137 2347 2199 αὑτός
2374 2153 2442 2208 με
2483 2131 2552 2207 ἦν
2585 2136 2959 2206 διαφυλάττων
3006 2138 3113 2190 ἀπὸ
3145 2141 3326 2203 πάσης
3358 2138 3644 2207 ἐπιϐουλῆς
3672 2138 3766 2190 τοῦ

2186 2228 2447 2300 πονηροῦ.
2498 2226 2624 2293 Τοῖς
2678 2229 2787 2299 γὰρ
2839 2229 3159 2298 ’ἀγαπῶσιν
3210 2230 3317 2283 τὸν
3374 2231 3523 2284 Θεὸν
3571 2231 3770 2285 πάντα

2185 2323 2469 2391 συνεργεῖ
2489 2327 2576 2389 εὶς
2607 2322 2674 2376 τὸ
2701 2322 2943 2390 ἀγαθόν.
2978 2323 3114 2374 Ποτέ
3143 2317 3266 2382 οῦν,
3301 2321 3465 2374 τέκνα
3499 2323 3621 2391 ἐμοὶ
3668 2341 3768 2375 πε-

2188 2415 2472 2486 ποθημένα
2493 2459 2507 2481 ,
2538 2418 2688 2481 ὄντος
2720 2434 2820 2486 μου
2868 2417 2925 2468 ἐν
2971 2415 3120 2485 τόπῳ
3151 2417 3430 2487 ἐρημικῴ,
3460 2418 3552 2469 καὶ
3581 2419 3768 2469 ἐπιτεο

2186 2507 2403 2572 λοῦντός
2439 2525 2539 2578 μου
2572 2509 2670 2579 τὴν
2701 2508 2883 2578 δέησιν
2909 2505 2988 2576 τῷ
3017 2507 3256 2578 Χριστῷ,
3282 2509 3429 2570 ὅπως
3456 2507 3634 2578 ῥυσθῶ
3661 2509 3770 2559 ἀπὸ

2188 2599 2366 2669 πάσης
2393 2601 2684 2671 ἐπιϐουλῆς
2709 2599 2803 2652 τοῦ
2837 2599 3474 2668 ἀντικειμένου,-ἐπέστη
3508 2617 3596 2670 μοι
3631 2600 3742 2670 πλῆ

2188 2689 2279 2753 θος
2306 2691 2595 2761 δαιμόνων,
2645 2691 2739 2744 καὶ
2767 2690 3232 2761 διασπαράξαντές
3281 2710 3348 2763 με
3393 2693 3484 2744 ἐπὶ
3508 2694 3606 2764 τὴν
3640 2694 3768 2763 γῆν,

2188 2783 2282 2836 καὶ
2308 2783 2562 2846 λαϐόντες
2593 2784 2701 2838 ἀπὸ
2735 2785 2842 2836 τῶν
2873 2785 3069 2850 ποδῶν,
3101 2785 3346 2859 διέσυρον
3376 2787 3468 2839 ἐπὶ
3507 2787 3605 2856 τὴν
3641 2787 3770 2855 γῆν.

2187 2873 2343 2937 Τινὲς
2381 2874 2437 2927 δὲ
2489 2873 2546 2941 ἐξ
2593 2874 2774 2928 αὐτῶν
2828 2877 2923 2928 καὶ
2966 2876 3180 2946 πληγάς
3226 2878 3605 2948 προσήνεγκάν
3658 2896 3770 2948 μοι.

2188 2963 2358 3016 Τοῦτο
2408 2964 2464 3016 δέ
2516 2965 2779 3035 ἐποίησάν
2832 2983 2920 3036 μοι
2970 2967 3062 3018 ἐπὶ
3106 2966 3336 3036 δεκάτην
3383 2968 3629 3039 ἡμέρανο
3678 2970 3773 3022 καὶ

2187 3057 2373 3110 ἔκτοτε
2425 3057 2608 3110 οὐκέτι
2673 3058 3117 3129 αύτοπροσώπως
3169 3059 3480 3130 ἐθεασάμην
3542 3060 3772 3130 δαίμονα

2189 3151 2366 3212 πάσας
2408 3151 2507 3213 τὰς
2551 3149 2761 3221 ἡμέρας
2795 3150 2895 3220 τῆς
2926 3137 3072 3220 ζωῆς
3103 3168 3228 3221 μου,
3258 3151 3391 3205 ἀλλὰ
3415 3152 3485 3205 τά
3519 3153 3774 3224 πονηρῶν

2187 3237 2492 3308 ἀνθρώπων
2533 3240 2859 3292 ἐπετέλεσαν
2907 3240 3005 3310 τὴν
3059 3241 3192 3294 ἰδίαν
3233 3242 3411 3294 αὐτῶν
3459 3244 3656 3296 κακίαν
3690 3246 3773 3307 εἰς

2188 3331 2305 3402 ἐμέ.
2336 3328 2439 3384 Οἷά
2467 3320 2734 3402 μοι”κακά
2764 3332 2959 3402 συνέϐη
2995 3337 3051 3386 ἐν
3076 3334 3295 3406 Φοινίκῃ
3327 3335 3472 3405 παρὰ
3497 3337 3606 3388 τῶν
3637 3337 3773 3388 ἀτά-

2187 3439 2332 3476 κτων
2365 3423 2734 3493 Σιμωνιανῶν·
2775 3425 2833 3475 ἐν
2874 3423 3154 3494 Αἰγύπτῳ,
3198 3425 3347 3495 παρά
3387 3426 3496 3478 τῶν
3527 3426 3776 3497 ἀκαθάρ-

2185 3531 2293 3566 των
2323 3514 2670 3568 Γνωστικῶνο
2718 3510 2805 3566 οἷα
2851 3515 2908 3567 ἐν
2956 3515 3166 3586 Κύπρῳ
3211 3518 3361 3586 παρὰ
3401 3519 3510 3570 τῶν
3554 3520 3776 3589 ἀνόμων

2188 3606 2646 3660 Οὐαλεντινιανῶν
2694 3609 2785 3660 καὶ
2824 3607 2932 3658 τῶν
2970 3607 3171 3659 λοιπῶν
3197 3609 3479 3679 αἱρέσεων.
3513 3610 3775 3681 Ἐπιστή-

2191 3713 2317 3749 σατε
2363 3697 2454 3750 τὸν
2505 3698 2626 3751 νοῦν
2672 3699 2842 3769 ὑμῶν,
2889 3693 2934 3751 ᾧ
2979 3700 3165 3761 τέκνα,
3219 3701 3311 3754 καὶ
3363 3701 3630 3755 ἀκούσατε
3678 3706 3774 3758 τὸν

2187 3787 2342 3856 λόγον
2391 3788 2708 3857 Ἐπιφανίου
2761 3789 2851 3842 τοῦ
2901 3790 3247 3861 ἀμαρτωλοῦ.
3300 3793 3389 3863 Μὴ
3436 3794 3775 3864 ἐπιθυμηταὶ

2188 3879 2416 3949 γένησθε
2457 3881 2776 3950 χρημάτων,
2808 3881 2902 3934 καὶ
2949 3881 3118 3933 πολλά
3161 3885 3423 3952 χρήματα
3467 3887 3774 3956 προστεθή-

2189 3989 2339 4024 σεται
2379 3974 2524 4042 ύμῖν.
2555 3975 2644 4044 Μὴ
2679 3975 2946 4044 μισήσητε
2987 3973 3162 4026 πάντα
3184 3975 3497 4045 ἄνθρωπον,
3535 3979 3626 4030 καὶ
3652 3979 3775 4032 ἐσε-

2189 4063 2281 4116 σθε
2323 4063 2676 4135 ἀγαπώμενοι
2724 4066 2829 4117 ὑπὸ
2881 4065 2974 4118 τοῦ
3019 4065 3175 4118 Θεοῦ.
3222 4067 3313 4136 Μὴ
3359 4066 3774 4138 καταλαλήσητε

2186 4155 2447 4223 ἀδελςςὸν,
2493 4155 2800 4228 καὶ-πάθος
2857 4155 3160 4209 διαϐολικὸν
3201 4158 3264 4209 ού
3307 4157 3570 4229 κυριεύσῃ
3615 4159 3771 4229 ὑμῖν.

2185 4245 2618 4316 Ἀποστρέφεσθε
2663 4247 2841 4310 πάσας
2883 4249 2979 4311 τὰς
3026 4248 3283 4318 αἱρέσεις,
3327 4251 3402 4312 ώς
3439 4249 3602 4320 Θηρία
3631 4253 3775 4321 μετά

2188 4337 2268 4390 ἰοῦ
2315 4337 2631 4409 θανασίμου.
2680 4339 2815 4410 Περὶ
2860 4332 2934 4391 ὧν
2989 4340 3083 4392 καὶ
3139 4341 3432 4411 ἐγγράφως
3475 4343 3773 4413 παρέδωκα

2185 4429 2311 4500 ὑμῖν
2346 4432 2402 4481 ἐν
2441 4433 2552 4492 τοῖς
2585 4429 2784 4500 βίϐλοις
2823 4435 2934 4494 τοῖς
2965 4431 3395 4502 ἐπιλεγομένοις
3426 4435 3768 4502 Παναρίοις.

503 4535 580 4592 te,
625 4543 781 4582 mens
828 4528 1170 4582 incautorum
1225 4530 1404 4599 turpia
1448 4532 1806 4600 apprehendit
1848 4534 2077 4588 visione.

2185 4523 2616 4594 Ἀποστρέφεσθε
2646 4525 2739 4576 καὶ
2770 4525 3256 4597 παραφυλάττεσοε
3291 4527 3397 4578 ἀπὸ
3434 4525 3535 4596 τῆς
3574 4527 3771 4599 ἡδονῆς

501 4618 734 4686 Quando
760 4634 888 4674 vero
918 4635 1075 4675 mens
1117 4629 1305 4675 nostra
1348 4632 1431 4677 est
1477 4624 1658 4678 sobria
1678 4661 1693 4688 ,
1721 4635 1773 4678 et
1801 4623 1899 4679 Dei
1929 4641 2078 4680 sem-

500 4727 598 4782 per
621 4711 783 4766 habet
809 4713 1128 4766 memoriam
1153 4750 1170 4778 ,
1197 4722 1329 4781 tunc
1373 4712 1530 4769 facile
1573 4716 1853 4771 inimicum
1886 4732 2082 4786 possu-

501 4819 625 4860 mus
664 4814 1032 4874 prosternere.
1067 4803 1207 4859 Cum
1258 4805 1373 4861 haec
1409 4816 1464 4862 et
1516 4807 1602 4862 his
1647 4809 1802 4877 plura
1854 4801 2084 4865 dixisset

500 4895 868 4966 Epiphanius,
904 4895 1160 4951 omnibus
1193 4896 1286 4966 qui
1321 4907 1477 4951 erant
1517 4898 1567 4950 in
1601 4901 1724 4953 navi
1776 4901 2079 4964 accersitis,

499 4985 634 5041 dixit
664 4984 746 5040 eis
781 4998 796 5036 :
835 4983 1060 5054 Oportet
1089 5001 1210 5052 nos,
1243 5001 1276 5039 0
1307 4985 1503 5041 fratres
1525 5026 1539 5048 ,
1571 4988 1697 5042 totis
1742 4989 1948 5044 viribus
1993 5006 2082 5044 ro-

499 5091 630 5148 gare
675 5075 968 5145 benignum
1011 5085 1065 5131 et
1090 5076 1410 5130 clementem
1464 5076 1658 5141 Deum,
1703 5088 1761 5132 ut
1803 5095 1903 5134 nos
1952 5095 2082 5134 con-

499 5175 697 5234 servet,
731 5175 787 5222 et
835 5182 996 5221 nemo
1043 5176 1226 5236 pereat
1255 5182 1319 5220 ex
1372 5167 1476 5230 iis,
1507 5167 1600 5236 qui
1651 5178 1780 5222 sunt
1817 5170 1872 5222 in
1922 5187 2076 5225 nave.

499 5259 596 5313 Est
645 5259 788 5312 enim
840 5255 1022 5313 futura
1070 5259 1125 5313 in
1176 5260 1314 5314 mari
1362 5274 1558 5329 magna
1607 5268 1914 5329 tempestas.
1973 5261 2078 5317 Sed

499 5358 669 5404 estote
704 5351 848 5405 bono
877 5352 1062 5405 animo
1096 5369 1108 5404 :
1145 5350 1293 5405 nulla
1326 5351 1470 5406 enim
1503 5351 1720 5406 alllictio
1765 5353 1949 5408 labore
1983 5370 2080 5423 op-

499 5441 696 5510 primet
727 5441 896 5496 ullum
945 5457 1012 5496 ex
1067 5444 1152 5505 iis,
1185 5445 1280 5512 qui
1329 5451 1458 5497 sunt
1500 5442 1554 5496 in
1596 5444 1737 5498 navi.
1781 5442 1913 5510 Quae
1953 5461 2077 5500 cum

498 5531 745 5598 dixisset,
775 5535 914 5588 dixit
939 5536 1075 5590 mihi
1105 5552 1117 5586 :
1156 5534 1255 5588 Fili
1291 5533 1500 5605 Polybi.
1529 5534 1648 5590 Dixi
1680 5537 1727 5590 ei
1758 5552 1771 5588 :
1804 5538 1946 5602 Quid
1972 5546 2074 5601 est,

495 5621 695 5678 Pater?
741 5623 887 5680 Dixit
926 5626 1018 5682 ille
1067 5627 1249 5682 mihi:
1295 5625 1352 5682 Si
1409 5628 1846 5701 navigaverimus
1905 5644 2078 5700 usque

569 5798 614 5831 “
649 5796 809 5856 Rom.
847 5815 968 5868 vni,
1004 5799 1099 5856 28.

2185 4613 2276 4666 τοῦ
2307 4615 2533 4684 κόσμου,
2559 4618 2658 4684 τῆς
2687 4616 3229 4686 ὑπογαργαλιζούσης
3254 4617 3342 4670 ἀεὶ
3376 4618 3437 4670 τὸ
3476 4618 3636 4689 σῶμα
3675 4621 3774 4673 καὶ

2183 4705 2273 4757 τὸν
2297 4706 2573 4775 λογισμόν.
2616 4707 2809 4777 Ἔχετε
2851 4711 3067 4778 πεῖραν,
3102 4709 3183 4760 δτι
3216 4710 3498 4781 προσθήκη
3532 4711 3648 4762 ἐστὶ
3670 4710 3770 4764 τοῦ

2185 4798 2418 4851 Σατανᾶ.
2445 4799 2711 4862 Πολλάκις
2736 4799 2846 4870 γάρ
2879 4801 2972 4853 καί
2999 4800 3098 4869 τῆς
3133 4801 3335 4872 σαρκὸς
3364 4802 3768 4874 ἡσυχαζούσης,

2182 4891 2209 4941 ό
2243 4889 2502 4959 λογισμὸς
2538 4890 2645 4943 τῶν
2681 4891 3095 4957 ἀνασφαλίστων
3139 4893 3514 4964 πεφάντασται
3541 4897 3671 4967 περὶ
3701 4898 3771 4950 τά

2184 4983 2404 5054 αἰσχρά.
2447 4984 2615 5036 ’Όταν
2656 4984 2710 5036 δὲ
2753 4987 2781 5036 ό
2820 4985 2944 5048 νοῦς
2977 4985 3135 5056 ἡμῶν
3176 4987 3359 5056 νήφει,
3404 4987 3496 5038 καὶ
3540 4989 3770 5060 μνήμην

2182 5076 2295 5146 ἔχει
2322 5078 2408 5130 ἀεὶ
2431 5077 2523 5130 τοῦ
2563 5077 2721 5139 Θεοῦ,
2759 5076 2998 5147 εὐχερῶς
3034 5077 3442 5131 καταπαλαῖσαι
3487 5078 3769 5148 δυνάμεθα.

2181 5168 2274 5220 τοῦ
2324 5167 2540 5239 ἐχθροῦ.
2577 5168 2762 5222 Ταῦτα
2812 5167 2979 5222 εἰπὼν
3014 5169 3352 5237 Ἐπιφάνιος,
3401 5170 3496 5222 καὶ
3544 5170 3768 5223 πλείονα
3836 5189 3849 5204 ·

2180 5259 2404 5325 τούτων,
2432 5260 2939 5330 προσκαλεσάμενος
2967 5260 3213 5323 ἅπαντας
3231 5263 3357 5324 τοὺς
3381 5262 3438 5313 ἐν
3464 5260 3541 5332 τῷ
3570 5262 3765 5332 πλοίῳ,

2181 5347 2334 5404 εἶπεν
2387 5353 2525 5424 πρὸς
2571 5352 2806 5415 αὐτούς·
2855 5353 2976 5424 Χρὴ
3023 5354 3192 5423 ἡμᾶς,
3243 5353 3480 5422 ἀδελφοὶ,
3526 5355 3588 5418 ἐξ
3636 5355 3769 5426 ὅλης

2185 5445 2365 5514 ἰσχύος
2406 5445 2658 5516 δεηθῆναι
2702 5445 2796 5499 τοῦ
2834 5445 3219 5518 φιλανθρώπου
3250 5444 3416 5509 Θεοῦ,
3455 5445 3605 5508 ὅπως
3654 5446 3769 5499 δια-

2184 5537 2344 5590 σώσει
2373 5538 2539 5608 ήμᾶς,
2572 5539 2666 5590 καὶ
2705 5538 2892 5610 μηδεὶς
2927 5537 3033 5590 τῶν
3063 5539 3120 5590 ἐν
3157 5536 3234 5607 τῷ
3260 5536 3431 5607 πλοίῳ
3456 5536 3761 5592 ἀπολεῖται.

2179 5629 2379 5684 Μέλλει
2406 5630 2514 5700 γὰρ
2541 5630 2745 5685 κλύδων
2775 5630 3019 5697 γίνεσθαι
3054 5630 3244 5699 μέγας.
3279 5628 3419 5682 Ἀλλ’
3450 5627 3764 5698 εὐθυμεῖτε·
