4078 6368
296 384 384 439 109

1574 375 1632 431 S.
1676 372 2023 428 EPIPHANII
2070 370 2251 425 Vl'l'A.

3430 363 3534 419 MO

303 498 489 569 οὐδεμία
512 497 621 568 γὰρ
650 496 827 565 θλίψις
856 495 1170 565 καθάψηται
1215 495 1431 549 πάντων
1460 496 1517 545 ἐν
1546 493 1622 562 τῷ
1654 493 1844 562 πλοίῳ.

1967 488 2351 553 Zonstantiam,
2383 500 2541 540 mane
2585 493 2791 556 septem
2839 485 2954 541 dies
2994 483 3048 538 in
3080 483 3318 547 civitate,
3354 491 3406 537 et
3435 500 3534 539 na-

302 589 386 642 Καὶ
412 586 578 641 ταῦτα
614 585 803 642 εἰπὼν.
837 582 986 637 εἶπεν
1017 585 1155 655 πρὸς
1207 585 1301 654 μέ·
1351 584 1551 635 Τέκνον
1597 580 1842 635 Πολύϐιε.

299 677 435 734 Εἶπον
465 679 521 730 δὲ
552 678 688 748 πρὸς
720 678 901 730 αὐτόν’
931 676 994 728 Τί
1018 677 1157 738 ἐστι,
1190 675 1402 745 Πάτερ;
1435 671 1602 727 Εἶπεν
1626 674 1681 726 δὲ
1713 673 1849 741 πρὸς

298 776 371 846 μέ·
396 773 516 827 Ἐὰν
548 770 982 840 ἁποπλεύσωμεν
1027 772 1121 821 ἐπὶ
1148 768 1245 839 τὴν
1276 767 1684 831 Κωνσταντίαν,
1710 766 1849 818 ἑπτὰ

298 868 479 938 ἡμέρας
526 866 748 935 ποίησον
794 864 885 914 ἐπὶ
936 864 1031 933 τῆς
1081 861 1307 924 πόλεως,
1346 863 1438 913 καὶ
1492 860 1724 912 πλεῦσον
1771 862 1851 920 εἰς

296 959 558 1024 Αἴγυπτον,
601 955 696 1006 καὶ
724 952 912 1006 ἄνελθε
949 953 1028 1012 εἰς
1053 951 1150 1020 τὴν
1184 951 1295 1004 ἄνω
1323 949 1584 1018 Θηϐαΐδα,
1614 949 1707 1001 καὶ
1735 947 1853 1000 ποί-

297 1037 428 1119 μᾶινε
454 1045 521 1098 τὰ
548 1044 799 1116 πρόὸατα
827 1043 923 1095 τοῦ
953 1041 1212 1113 Χριστοῦ.
1249 1040 1412 1093 Ἀλλὰ
1438 1040 1670 1110 πρόσεχε
1699 1057 1857 1091 σεαυ-

296 1139 374 1209 τῷ,
403 1139 608 1192 τέκνον.
658 1134 1114 1207 Διαμαρτύρομαί
1161 1150 1243 1184 σοι
1278 1132 1368 1185 τόν
1401 1149 1459 1183 τε
1504 1132 1731 1201 οὐρανὸν
1764 1132 1858 1184 καὶ

295 1230 378 1298 τὴν
406 1229 527 1298 γῆν,
558 1226 631 1298 μὴ
662 1227 885 1296 ποίησαι
912 1223 1107 1286 ἄλλως
1143 1221 1266 1273 ἐπεὶ
1305 1222 1398 1274 ἐὰν
1426 1222 1553 1284 τοὺς
1581 1224 1746 1292 ἐμοὺς
1771 1221 1857 1273 λό-

294 1338 402 1389 γους
430 1320 787 1391 παραποιήσῃ
818 1316 907 1369 καὶ
942 1314 1016 1386 μὴ
1044 1314 1337 1385 πορευθῇς,
1368 1313 1614 1383 ἀπωλείᾳ
1647 1312 1857 1373 ἀπολεῖ,

294 1414 373 1468 καὶ
394 1415 469 1475 είς
504 1413 678 1482 μάτην
700 1407 1022 1480 γενήσονταί
1047 1424 1129 1460 σοι
1150 1407 1327 1460 πάντα
1354 1407 1454 1458 ὅσα
1476 1404 1851 1475 ᾠκοδόμησας,

294 1503 372 1557 καὶ
400 1502 494 1575 ἔσῃ
536 1502 755 1572 ἀχρεῖος
796 1500 973 1553 ἔναντι
1011 1498 1231 1551 πάντων
1272 1494 1595 1567 ἀνθρώπων.
1624 1494 1755 1547 Ἐὰν
1798 1495 1854 1546 δὲ

292 1594 508 1666 ἀκούσῃς
549 1594 657 1647 τῶν
690 1592 839 1664 ἐμῶν
865 1591 1061 1659 λόγων,
1093 1592 1187 1643 καὶ
1225 1589 1467 1660 φυλάξῃς
1511 1590 1609 1660 τήν
1636 1589 1853 1659 ἐντολὴν

1953 583 2073 649 riga
2108 581 2161 634 in
2201 579 2516 650 Egyptum,
2559 590 2613 634 et
2659 579 2893 634 ascende
2925 579 2978 631 in
3016 578 3355 647 superiorem
3395 577 3536 632 The-

1956 675 2192 738 baidem,
2239 684 2294 728 et
2343 689 2503 743 pasce
2548 689 2673 729 oves
2725 672 2951 728 Christi.
3004 673 3109 727 Sed
3160 674 3378 727 attende
3416 674 3534 736 tibi,

1958 766 2054 819 tili.
2089 763 2282 820 d‘estor
2320 765 2415 818 tibi
2451 765 2648 819 coelum
2695 776 2747 818 et
2796 775 3016 829 terram,
3048 780 3114 819 ne
3144 765 3297 818 aliter
3345 762 3534 818 facias.

1955 854 2094 909 Nam
2129 856 2174 910 si
2201 872 2319 909 mea
2353 856 2514 909 verba
2556 856 2874 925 neglexeris,
2903 866 2956 911 et
3000 872 3111 910 non
3151 856 3452 923 perrexeris
3484 856 3540 908 in

1958 948 2293 1015 superiorem
2349 932 2713 1010 Thebaidem,
2760 946 3009 1016 peribis:
3054 953 3109 999 et
3156 945 3362 999 frustra
3406 960 3439 999 a
3490 953 3542 999 te

1960 1041 2110 1100 ﬁent,
2154 1055 2495 1109 qmecunque
2535 1039 2933 1095 mditicaveris:
2974 1047 3028 1094 et
3059 1038 3168 1093 eris
3210 1038 3419 1092 inutilis
3448 1052 3545 1091 coe-

1961 1145 2077 1183 ram
2104 1132 2299 1199 quovis
2333 1132 2571 1185 homine.
2612 1129 2717 1184 Sed
2766 1131 2812 1187 si
2857 1146 2978 1185 mea
3006 1130 3168 1184 verba
3196 1111 3456 1196 audieris,
3488 1139 3544 1185 et

1964 1220 2183 1275 Domini
2229 1222 2542 1277 mandatum
2582 1223 2929 1287 custodieris,
2966 1223 3112 1292 quod
3148 1222 3283 1275 mihi
3316 1223 3543 1276 manda-

1963 1317 2043 1369 vit
2080 1314 2239 1370 Jesus
2282 1316 2557 1381 Christus,
2592 1316 2761 1372 Filius
2794 1315 2908 1379 Dei,
2939 1316 3047 1371 eris
3094 1314 3407 1370 benedictus
3449 1331 3543 1369 co-

1964 1422 2079 1460 ram
2116 1407 2234 1476 ipso
2263 1409 2516 1463 omnibus
2551 1409 2767 1463 diebus.
2808 1408 2941 1473 Quae
2986 1423 3111 1462 cum
3158 1407 3406 1470 dixisset,
3456 1422 3544 1461 me

1964 1509 2047 1554 est
2079 1502 2364 1570 amplexus
2403 1520 2415 1556 :
2461 1502 2835 1571 convertitque
2874 1517 3179 1557 sermonem
3229 1501 3296 1556 ad
3348 1503 3541 1566 Isaac,

1964 1605 2017 1645 et
2055 1593 2170 1647 ait:
2213 1593 2362 1649 Isaac
2388 1595 2481 1649 illi.

292 1687 499 1757 Κυρίου,
531 1686 598 1757 ἢν
633 1684 933 1739 ἐνετείλατό
968 1701 1057 1754 μοι
1102 1682 1310 1753 Ἰησοῦς
1351 1684 1585 1754 Χριστὸς
1614 1723 1628 1743 ,
1669 1684 1697 1733 6
1731 1683 1859 1746 Υἱὸς
1895 1684 1991 1738 τοῦ
2017 1686 2172 1747 Θεοῦ,
2208 1688 2306 1762 ἔσῃ
2332 1689 2694 1761 εὐλογημένος
2725 1689 2957 1743 ἐνώπιον
2997 1689 3160 1743 αὑτοῦ
3207 1690 3385 1753 πάσας
3444 1690 3544 1753 τὰς

291 1783 504 1854 ἡμέρας.
549 1782 660 1835 Kal
697 1780 869 1835 ταῦτα
915 1778 1085 1833 εἰπὼν
1127 1779 1264 1850 πρὸς
1314 1779 1402 1849 μὲ,
1447 1779 1734 1847 ἠσπάσατό
1767 1796 1853 1848 με.
1895 1764 2003 1833 ΚἙιὶ
2050 1783 2371 1855 ἀποκριθεὶς
2423 1786 2560 1857 πρὸς
2632 1785 2819 1839 Ἰσαὰκ
2884 1783 3036 1839 εἶπεν
3098 1785 3275 1857 αὐτῷ·
3340 1787 3544 1839 Τέκνον

290 1868 478 1930 Ἰσαάκ.

352 1968 540 2021 ΞΕ’.Ὀ
571 1967 629 2021 δὲ
659 1963 811 2020 εἶπεν
832 1983 845 1996 ’
879 1965 944 2018 Τί
972 1966 1111 2031 ἐστι,
1144 1967 1364 2037 Πάτερ;
1394 1966 1502 2019 Kal
1529 1961 1682 2018 εἶπεν
1705 1967 1856 2019 Ἐπι-

2029 1961 2190 2021 LXV.
2233 1965 2284 2022 ls
2316 1978 2495 2022 autem
2526 1968 2665 2024 dixit
2696 1970 2746 2025 ei
2774 1989 2786 2024 ι
2818 1969 2959 2036 Quid
2992 1978 3095 2037 est,
3129 1968 3334 2025 Pater?
3368 1968 3434 2024 Et
3457 1969 3545 2023 di.

289 2059 466 2128 φάνιος
485 2072 500 2088 ο
530 2058 640 2110 Kal
670 2057 758 2120 σὺ,
783 2056 994 2116 τέκνον,
1027 2056 1152 2126 μένε
1189 2056 1282 2109 ἐπὶ
1316 2056 1417 2126 τῆς
1450 2056 1857 2121 Κωνσταντίας,

287 2150 382 2212 ἕως
414 2148 477 2202 ἂν
504 2150 781 2219 ἐπιτραπῇ
832 2164 915 2200 σοι
965 2145 1203 2215 βαδίζειν
1247 2147 1345 2217 τὴν
1378 2146 1494 2199 ὁδὸν
1534 2145 1642 2197 τῶν
1668 2144 1745 2214 (a)
1780 2144 1861 2196 δι-

287 2242 467 2296 καίων.
498 2240 685 2293 Ταῦτα
725 2239 896 2293 εἰπὼν
927 2239 1245 2307 Ἐπιφάνιος
1276 2235 1411 2309 πρὸς
1445 2237 1651 2300 Ἰσαὰκ,
1682 2236 1861 2307 ήσπά-

289 2351 413 2387 σατο
457 2333 553 2385 καὶ
594 2332 760 2387 αὐτόν
782 2348 796 2361 ⁸
830 2334 925 2386 καὶ
977 2330 1491 2404 προσκαλεσάμενος
1520 2332 1646 2393 τοὺς
1676 2347 1861 2383 ναυτι-

287 2424 407 2491 κοὺς
458 2423 726 2487 ἅπαντας,
757 2416 911 2476 εἶπεν
961 2423 1178 2487 αὐτοῖς’
1229 2423 1320 2493 Μὴ
1372 2422 1636 2492 θροεῖσθε,
1676 2420 1862 2474 τέκνα.

285 2518 505 2587 Κίνησιν
551 2516 658 2585 γὰρ
707 2518 740 2586 ή
794 2516 1038 2570 θάλασσα
1085 2519 1300 2586 ποιήσει
1349 2514 1567 2585 πολλήν.
1603 2514 1745 2566 Ἀλλ’
1774 2510 1865 2565 εὖ-

286 2610 437 2680 χεσθε
468 2604 547 2680 τῷ
574 2609 713 2679 Θεῷ,
742 2610 835 2661 καὶ
864 2608 1028 2671 αὐτὸς
1060 2607 1314 2679 βοηθήσει
1348 2601 1608 2675 ὑμῖνῘΗν
1629 2604 1686 2657 δὲ
1719 2604 1865 2657 ἐνδε-

285 2703 417 2772 κάτη
449 2701 568 2772 ὥρα
597 2701 694 2770 τῆς
717 2700 950 2771 ἡμέρας,
984 2701 1070 2753 ὅτε
1100 2700 1271 2752 ταῦτα
1293 2697 1529 2762 ἐδίδαξεν
1551 2698 1699 2767 ἡμᾶς
1720 2696 1867 2748 Ἐπι-

286 2794 488 2861 φάνιος.
538 2788 703 2843 Εἶπεν
737 2791 793 2843 δὲ
824 2791 905 2843 ἑνὶ
932 2791 1040 2843 τῶν
1073 2789 1311 2843 ναυτῶν·
1350 2790 1441 2859 Μὴ
1477 2786 1727 2859 πείραζε,
1778 2787 1868 2840 ἵνα

286 2883 359 2954 μὴ
388 2883 709 2953 πειρασθῇς.
744 2884 880 2952 Περὶ
900 2883 956 2935 δὲ
988 2882 1227 2953 δυσμοὺς
1253 2881 1402 2952 ήλίου
1431 2881 1638 2949 γίνεται
1668 2880 1868 2950 λαίλαψ

285 2975 457 3045 μέγας
482 2976 540 3026 ὲν
563 2977 631 3045 τῇ
660 2974 924 3045 θαλάσσῃ.
958 2974 1070 3026 Kal
1101 2969 1169 3043 ἦν
1204 2970 1520 3040 Ἐπιφάνιος
1552 2972 1609 3023 ὲν
1644 2974 1709 3041 τῇ
1755 2972 1868 3024 κοί-

281 3065 348 3137 λῃ
391 3062 485 3116 τοῦ
535 3063 718 3115 πλοίου
762 3062 1019 3127 ἁπλώσας
1067 3063 1165 3124 τὰς
1208 3065 1396 3131 χεῖρας
1444 3060 1632 3122 αὑτοῦ,
1660 3062 1756 3113 καὶ
1800 3060 1869 3113 τὰ

280 3153 590 3223 Εύαγγέλια
624 3153 802 3206 ἔκειτο
830 3155 921 3205 ἐπὶ
947 3153 1007 3205 τὸ
1044 3152 1239 3223 στῆθος
1268 3152 1454 3214 αὐτοῦ,
1483 3153 1577 3205 καὶ
1601 3151 1868 3220 οἰόφθαλ-

281 3246 373 3315 μοὶ
403 3244 571 3298 αὐτοῦ
601 3245 956 3315 ἁνεῳγμένοι,
986 3245 1079 3297 καὶ
1114 3246 1267 3314 φωνὴ
1295 3242 1460 3296 αὐτοῦ
1489 3245 1590 3296 οὐκ
1614 3243 1864 3312 ἠκούετο.

288 3335 484 3407 Ἡμεῖς
513 3337 568 3389 δὲ
596 3337 797 3400 πάντες
818 3336 967 3406 φόϐῳ
992 3335 1213 3407 μεγάλῳ
1233 3335 1579 3405 συνεχόμενοι
1608 3333 1867 3389 ὑπενοοῦ-
1896 3321 1939 3378 C

278 3445 403 3497 μεν,
435 3428 519 3480 ὅτι
552 3428 641 3480 διὰ
686 3426 777 3480 τὸν
829 3427 988 3480 σάλον
1034 3426 1136 3495 τῆς
1192 3425 1469 3494 θαλάσσης
1493 3427 1521 3477 6
1550 3425 1866 3493 Ἐπιφάνιος

273 3519 647 3589 προσεύχεται
676 3518 753 3589 τῷ
778 3518 1183 3589 Θεῷ.Ἕμεινεν
1217 3517 1274 3569 δὲ
1304 3518 1333 3567 6
1372 3516 1578 3568 κλύδων
1607 3515 1700 3568 δύο
1731 3515 1869 3585 ήμέ-

276 3627 379 3682 ρας
414 3610 510 3663 καὶ
535 3609 629 3661 δύο
656 3608 876 3671 νύκτας.
910 3609 1017 3661 Kal
1042 3610 1109 3678 τῇ
1142 3607 1301 3677 τρίτῃ
1330 3606 1513 3677 ἡμέρᾳ
1540 3603 1691 3659 εἶπεν
1719 3607 1870 3659 Ἐπι-

270 3702 469 3769 φάνιος
502 3700 640 3771 πρὸς
677 3700 745 3770 μέ
763 3717 777 3730 ·
807 3699 1010 3752 Τέκνον
1043 3698 1294 3765 Πολύϐιε,
1322 3699 1554 3770 λάλησον
1580 3700 1715 3770 πρὸς
1744 3702 1870 3763 τοὺς

270 3792 593 3853 ναυτικοὺς,
628 3791 722 3843 καί
749 3789 1043 3858 ἁψάτωσαν
1070 3788 1224 3855 ξύλα,
1255 3790 1349 3844 καὶ
1372 3790 1755 3860 ποιησάτωσαν
1777 3793 1870 3845 ἀν-

270 3887 537 3959 θρακίαν.
573 3889 683 3940 Kal.
731 3886 863 3939 λάϐε
915 3885 1189 3957 θυμίαμα,
1236 3887 1330 3940 καὶ
1381 3886 1696 3956 προσάγαγε
1744 3881 1867 3940 ὦδε.

268 3981 386 4034 Kal
422 3978 657 4048 ἐποίησα
690 3977 858 4041 οὓτως
880 3996 893 4008 ·
941 3978 1033 4030 καὶ
1066 3978 1417 4049 προσήγαγον
1444 3978 1612 4047 αύτῷ.
1650 3979 1758 4031 Καὶ
1792 3974 1870 4031 εἷ-

270 4087 377 4125 πεν
413 4072 555 4142 πρὸς
588 4071 656 4141 μέ
677 4088 688 4097 ·
724 4070 862 4123 Βάλε
908 4069 968 4122 τὸ
1019 4068 1269 4139 θυμίαμα
1300 4070 1392 4122 ἐπὶ
1424 4070 1520 4141 τὴν
1549 4069 1868 4141 ἀνθρακίαν.

268 4159 386 4216 Καὶ
420 4163 617 4217 ἔϐαλα.
666 4163 776 4215 Kal
806 4159 958 4214 εἶπεν
979 4178 990 4190 ·
1024 4161 1288 4227 Εῠξασθε,
1323 4163 1508 4214 τέκνα.
1538 4163 1649 4214 Καὶ
1680 4164 1871 4232 ἐποίηη

269 4271 366 4306 σεν
401 4253 578 4323 εὐχήν
629 4251 704 4316 ὡς
751 4254 1019 4306 ἀνέκειτο.
1051 4253 1161 4305 Kal
1195 4252 1333 4321 μετὰ
1365 4253 1463 4323 τὴν
1493 4252 1656 4323 εὐχήν
1688 4254 1863 4321 ἠσπά-

268 4356 411 4397 σατο
443 4346 615 4415 ἡμᾶς,
651 4346 745 4397 καί
773 4340 924 4398 εἶπεν
947 4362 960 4374 ·
999 4342 1266 4408 Σώζεσθε,
1296 4344 1460 4397 τέκνα
1482 4361 1493 4371 ·
1525 4345 1553 4395 6
1593 4346 1872 4416 γὰρἘπι-

267 4441 472 4506 φάνιος
518 4437 700 4490 οὐκέτι
730 4438 873 4508 ὑμᾶς
920 4437 1108 4506 ὄψεται
1148 4438 1205 4489 ἐν
1235 4436 1371 4506 τῷδε
1406 4437 1484 4507 τῷ
1511 4438 1628 4508 βίῳ.
1654 4440 1760 4492 Kal
1789 4441 1872 4492 εὑ-

265 4526 414 4594 θέως
439 4524 764 4601 παρέδωκεν
795 4530 856 4582 τὸ
907 4529 1155 4599 πνεῦμα·
1209 4529 1303 4580 καὶ
1338 4531 1678 4600 παραχρῆμα
1704 4530 1871 4583 ἐπαυ-

266 4640 365 4675 σεν
400 4626 431 4675 ὁ
465 4622 677 4675 κλύδων
706 4623 803 4691 τῆς
829 4621 1121 4689 θαλάσσης.

341 4716 489 4782 Ξεῖν.
532 4715 641 4766 Kal
672 4710 1025 4773 ἐπιπεσόντες
1051 4712 1142 4763 ἐπὶ
1165 4711 1257 4763 τὸν
1278 4710 1548 4781 τράχηλον
1570 4710 1735 4762 αὑτοῦ
1754 4704 1864 4779 ἐγώ

260 4824 323 4861 τε
350 4810 455 4861 καὶ
479 4807 669 4860 Ἰσαὰκ
694 4805 1035 4875 ὲκλαύσαμεν
1065 4805 1297 4875 πικρῶς,
1329 4798 1423 4855 καὶ
1453 4803 1641 4865 σκότος
1670 4802 1864 4855 ἔπεσεν

260 4902 363 4953 ἐπὶ
390 4900 525 4962 τοὺς
557 4897 870 4967 ὀφθαλμοὺς
920 4891 1068 4967 η’μῶν
1103 4899 1162 4949 ὲν
1194 4899 1261 4967 τῇ
1289 4895 1409 4965 ὥρᾳ
1447 4894 1651 4964 ἐκείνῃ.
1681 4889 1774 4956 Εἷς
1807 4895 1864 4945 δὲ

256 4989 379 5042 τῶν
426 4988 663 5047 ναυτῶν,
786 4980 936 5039 εἶπεν
965 4986 1281 5053 Ἐπιφάνιος
1331 4985 1408 5037 ἔτι
1450 4983 1577 5049 ζῶν,
1613 4985 1725 5036 ὂτι“
1774 4984 1867 5054 Μὴ

257 5081 532 5153 πείραζε,
565 5081 651 5132 ἵνα
686 5080 760 5150 μὴ
793 5078 1114 5149 πειρασθῇς,
1150 5078 1383 5148 ἔδραμεν
1421 5079 1570 5147 παρὰ
1602 5078 1726 5138 τοὺς
1764 5077 1864 5129 πό-

251 5173 361 5236 δας
392 5171 740 5239 Ἐπιφανίου,
769 5167 863 5222 καὶ
888 5166 1166 5238 ἠϐουλήθη
1191 5166 1540 5235 ἀποκαλύψαι
1568 5166 1627 5217 τὸ
1650 5166 1863 5236 ἱμάτιον

249 5263 445 5315 αὑτοῦ
483 5262 613 5315 ίδείν
651 5262 699 5314 εἰ
736 5256 1105 5331 ὲμπερίτομός
1154 5260 1396 5311 ὲστιν.”υ
1437 5258 1493 5310 δὲ
1523 5258 1861 5325 Ἐπιφάνιος,

246 5352 332 5415 ὡς
382 5349 460 5423 ἦν
508 5352 700 5421 νεκρὸς
732 5351 1004 5422 κείμενος,
1039 5348 1304 5415 κουφίσας
1346 5348 1436 5399 τὸν
1486 5344 1657 5414 δεξιὸν
1707 5346 1862 5407 πόδα,

1968 2059 2049 2115 xit
2094 2057 2427 2128 Epiphanius
2458 2077 2470 2112 :
2506 2059 2588 2113 Tu
2638 2076 2877 2130 quoque,
2906 2060 3003 2127 ﬁli,
3036 2076 3195 2116 mane
3243 2064 3295 2115 in
3325 2062 3547 2117 civitate

1965 2151 2393 2215 Constantiensi,
2424 2152 2600 2207 donec
2644 2153 2889 2222 jubearis
2945 2154 3084 2208 inire
3130 2154 3273 2208 viam
3311 2154 3543 2209 Cittiend

1966 2245 2131 2299 sium.
2167 2243 2298 2310 Quae
2327 2259 2449 2298 cum
2478 2242 2813 2315 Epiphanius
2841 2246 3071 2301 dixisset
3104 2246 3278 2309 Isaac,
3306 2261 3429 2301 eum
3462 2255 3545 2302 est

1966 2338 2216 2393 similiter
2258 2338 2590 2407 complexus.
2625 2335 2833 2394 Nautas
2863 2352 3083 2408 quoque
3124 2352 3316 2393 omnes
3361 2353 3547 2393 accer~

1966 2446 2117 2497 sens,
2147 2430 2285 2485 dixit
2311 2431 2390 2485 eis
2424 2448 2437 2483 :
2466 2428 2641 2484 Nolite
2691 2430 3032 2495 conturbari,
3064 2444 3097 2483 o
3141 2430 3257 2485 lilii.
3291 2429 3546 2500 Magnum

1966 2524 2111 2578 enim
2141 2535 2345 2577 motum
2377 2521 2535 2577 faciet
2564 2536 2746 2576 mare:
2776 2520 2870 2576 sed
2904 2523 3164 2577 attendite
3192 2521 3322 2585 Deo,
3352 2531 3407 2577 et
3431 2523 3550 2591 ipse

1968 2614 2122 2667 vobis
2148 2612 2284 2667 feret
2309 2628 2491 2683 opem.
2524 2612 2655 2668 Erat
2701 2622 2881 2666 autem
2931 2610 3063 2665 hora
3093 2611 3200 2666 diei
3233 2612 3547 2674 undecima,

1968 2707 2186 2777 quando
2215 2707 2331 2762 haec
2361 2722 2462 2763 nos
2494 2706 2681 2761 dOCuit
2708 2705 3067 2776 Epiphanius.
3104 2704 3252 2759 Dixit
3289 2719 3419 2759 vero
3453 2706 3547 2758 uni

1967 2815 2036 2854 ex
2060 2800 2243 2854 nautis
2278 2817 2291 2853 :
2320 2797 2443 2853 Noli
2473 2807 2705 2861 tentare,
2743 2813 2813 2852 ne
2848 2806 2903 2851 tu
2932 2796 3174 2851 tenteris.
3206 2794 3366 2849 Circa
3394 2808 3549 2849 occa-

1968 2901 2087 2939 sum
2124 2894 2304 2939 autem
2333 2886 2464 2940 solis
2500 2884 2604 2939 fuit
2637 2900 2831 2955 magna
2856 2885 3001 2939 venti
3035 2884 3268 2953 procella
3303 2884 3358 2937 in
3385 2883 3547 2937 mari.

1970 2975 2307 3047 Epiphanius
2354 2992 2484 3031 vero
2520 2988 2637 3033 erat
2684 2978 2739 3031 in
2791 2976 2976 3030 intima
3012 2984 3163 3046 parte
3192 2976 3347 3030 navis
3371 2975 3549 3046 passis

1970 3070 2258 3135 manibus;
2292 3078 2344 3123 ct
2373 3069 2492 3137 ejus
2524 3070 2727 3139 pectori
2762 3068 3017 3137 imposita
3046 3077 3204 3123 erant
3232 3068 3549 3139 Evangelia,

1971 3173 2026 3217 et
2052 3171 2209 3217 erant
2238 3162 2408 3230 aperti
2434 3161 2555 3231 ejus
2592 3161 2758 3228 oculi,
2786 3170 2841 3215 et
2865 3177 2970 3214 vox
3004 3161 3124 3231 ejus
3154 3177 3264 3215 non
3288 3162 3551 3216 audieba-

1974 3267 2078 3311 tur.
2127 3253 2236 3310 Nos
2282 3264 2463 3309 autem
2496 3270 2685 3309 omnes
2716 3269 2913 3325 magno
2948 3263 3094 3307 metu
3131 3253 3331 3317 affecti,
3360 3254 3550 3309 existi-

1971 3349 2256 3402 mabamus
2308 3345 2670 3417 Epiphanium
2709 3345 2881 3400 Deum
2908 3360 3067 3400 orare
3096 3354 3315 3414 propter
3343 3354 3551 3414 tempe-

1971 3449 2168 3495 statem
2218 3440 2408 3494 maris.
2444 3438 2643 3493 Mansit
2688 3448 2870 3492 autem
2922 3439 3011 3492 illa
3067 3448 3362 3507 tempestas
3409 3440 3552 3493 duos

1971 3536 2087 3588 dies
2114 3543 2167 3587 et
2192 3532 2330 3587 duas
2362 3542 2571 3587 noctes.
2602 3530 2787 3585 Tertio
2818 3547 2949 3585 vero
2978 3531 3066 3585 die
3096 3532 3232 3585 dixit
3264 3531 3397 3585 mihi
3424 3530 3551 3600 Epi-

1972 3625 2205 3695 phanius
2254 3642 2268 3678 :
2316 3622 2418 3677 Fili
2471 3622 2682 3694 Polybi.
2727 3622 3001 3692 Respondi
3046 3638 3146 3692 ego
3202 3641 3215 3677 :
3256 3622 3398 3689 Quid
3443 3632 3547 3688 est,

1970 3718 2173 3772 Pater?
2223 3717 2290 3772 Et
2335 3717 2471 3771 dixit
2500 3718 2632 3770 mihi
2665 3734 2678 3770 :
2712 3716 2807 3771 Dic
2839 3717 3041 3778 nautis,
3077 3724 3134 3770 ut
3160 3717 3459 3772 accendant
3486 3717 3551 3770 li-

1972 3827 2097 3881 gna,
2127 3821 2181 3865 et
2209 3810 2411 3865 faciant
2440 3810 2728 3872 carbones,
2763 3819 2818 3864 et
2846 3811 3032 3880 accipe
3058 3809 3319 3874 suﬂitum,
3347 3819 3401 3864 et
3420 3810 3555 3864 aﬁ‘er

1973 3903 2101 3957 huc.
2135 3903 2200 3957 Et
2225 3903 2304 3957 sic
2346 3904 2469 3958 feci.
2501 3901 2604 3968 Qui
2654 3903 2831 3957 dixit:
2864 3901 2987 3965 Fili,
3044 3902 3273 3957 admove
3304 3904 3548 3971 propius.

1973 3996 2037 4049 Et
2064 3995 2296 4049 admovi.
2334 3995 2399 4049 Et
2426 3996 2565 4049 dixit
2601 3996 2734 4049 mihi
2773 4015 2786 4048 :
2819 3994 2947 4049 Jace
2977 3994 3213 4049 sullitum
3244 4008 3407 4063 super
3432 4010 3527 4049 car

1972 4090 2189 4143 bouem.
2248 4088 2312 4141 Et
2337 4088 2464 4156 jeci.
2502 4085 2567 4140 Et
2592 4087 2729 4140 dixit
2761 4105 2772 4139 :
2805 4085 2987 4150 Orate,
3026 4086 3139 4139 ﬁlii.
3176 4084 3242 4139 Et
3274 4086 3399 4140 fecit
3424 4101 3551 4139 ora—

1973 4183 2176 4235 tionem
2222 4181 2290 4232 ita
2327 4189 2381 4233 ut
2433 4179 2801 4233 recumbebat.
2839 4179 2905 4231 Et
2947 4187 3068 4246 post
3100 4179 3399 4232 orationem
3448 4192 3550 4232 nos

1973 4282 2059 4327 est
2093 4272 2431 4340 complexus,
2466 4271 2653 4325 dicens
2687 4289 2700 4323 ε
2737 4271 2883 4323 Salvi
2915 4280 3103 4335 estote,
3147 4270 3263 4324 lilii.
3314 4269 3553 4341 Epipha-

1973 4364 2099 4417 nius
2141 4362 2287 4416 enim
2336 4376 2442 4415 non
2468 4375 2566 4413 vos
2611 4360 2844 4428 amplius
2874 4361 3075 4415 videbit
3109 4361 3161 4413 in
3194 4363 3296 4415 hac
3319 4362 3451 4414 vita.
3484 4359 3561 4415 Et

1974 4456 2156 4508 statim
2190 4453 2409 4507 tradidit
2436 4452 2705 4520 Spiritum.
2742 4451 3046 4521 Statimque
3078 4452 3314 4506 cessavit
3345 4461 3553 4521 tempe-

1974 4558 2086 4603 stas
2114 4562 2302 4600 maris.

2043 4702 2227 4757 LXVI.
2266 4701 2533 4757 Cadentes
2578 4710 2757 4755 autem
2804 4704 2968 4769 super
2998 4700 3198 4755 collum
3228 4702 3349 4770 ejus
3372 4716 3472 4769 ego
3498 4710 3554 4754 et

1971 4794 2142 4858 Isaac,
2181 4809 2367 4848 amare
2414 4792 2681 4847 llevimus.
2715 4792 3151 4860 Cecideruntque
3198 4791 3438 4846 tenebrae
3496 4792 3553 4845 in

1972 4898 2192 4942 nostros
2222 4886 2414 4951 oculos
2464 4885 2557 4938 illo
2607 4884 2713 4937 die.
2749 4881 2902 4938 Unus
2934 4898 3064 4938 vero
3114 4899 3180 4938 ex
3223 4884 3427 4947 nautis,
3460 4886 3551 4938 cui

1972 4977 2184 5033 dixerat
2234 4975 2571 5045 Epiphanius
2618 4975 2797 5028 adhuc
2834 4975 2992 5029 vivus
3025 4992 3037 5027 :
3071 4972 3188 5028 Noli
3221 4982 3453 5041 tentare,
3482 4992 3553 5031 ne

1971 5071 2228 5136 tenteris;
2254 5084 2480 5123 currens
2501 5068 2569 5122 ad
2601 5067 2765 5136 pedes
2794 5066 3109 5137 Epiphanii,
3135 5067 3306 5121 voluit
3335 5070 3556 5137 aperire

1970 5172 2172 5218 vestem
2205 5162 2514 5231 Epiphanii,
2547 5170 2601 5215 et
2630 5160 2814 5214 videre
2859 5176 2928 5213 an
2977 5169 3123 5215 esset
3163 5159 3546 5215 circumcisus.

1972 5252 2304 5323 Epiphanius
2336 5263 2538 5316 autem,
2577 5252 2869 5320 utjacebat
2901 5263 3171 5314 mortuus,
3200 5251 3423 5306 dextero
3446 5266 3547 5321 pe-

1970 5348 2035 5401 de
2050 5347 2284 5409 sublato,
2302 5362 2426 5399 eum
2448 5346 2667 5414 impegit
2686 5346 2740 5398 in
2762 5345 2977 5407 faciem,
3000 5344 3196 5414 etjecit
3216 5359 3345 5398 eum
3374 5360 3551 5414 usque

1972 5439 2039 5494 ad
2065 5455 2297 5509 puppem
2325 5439 2502 5500 navis,
2540 5447 2595 5493 et
2622 5439 2824 5491 mansit
2863 5438 3030 5492 biduo
3054 5445 3326 5492 mortuus.
3361 5437 3555 5491 Tertio

1969 5550 2099 5589 vero
2147 5534 2255 5598 die,
2301 5542 2480 5587 nautae
2507 5532 2600 5598 qui
2636 5547 2761 5584 eum
2789 5530 3101 5600 portabant,
3129 5534 3370 5584 tulerunt
3419 5546 3550 5585 eum

1969 5641 2137 5695 prope
2159 5624 2542 5695 Epiphanium.
2568 5623 2862 5693 Postquam
2889 5633 3067 5677 autem
3100 5629 3402 5691 posuerunt
3419 5636 3551 5678 eum

248 5442 479 5495 ἔδωκεν
507 5441 657 5512 αύτῷ
679 5440 758 5505 είς
783 5441 844 5493 τὸ
872 5441 1184 5511 πρόσωπον,
1207 5443 1300 5493 καὶ
1330 5438 1550 5511 ἔρριψεν
1574 5438 1734 5491 αὐτὸν
1760 5432 1868 5490 ἀπὸ

242 5533 360 5602 τῆς·
392 5534 589 5603 κοίλης
634 5532 726 5586 τοῦ
773 5532 957 5586 πλοίου
989 5534 1082 5585 ἐπὶ
1114 5533 1212 5604 τὴν
1264 5531 1537 5603 πρύμνην,
1561 5533 1656 5583 καὶ
1684 5530 1865 5600 ἔμεινε

243 5627 488 5697 νεκρός.
509 5625 797 5680 Ἐποίησεν
818 5627 875 5679 δὲ
901 5625 993 5679 δύο
1021 5626 1234 5697 ἡμέρας
1266 5624 1514 5697 κείμενος
1548 5624 1755 5695 νεκρός.
1785 5622 1865 5694 Τῇ

330 5778 426 5847 (α)
468 5778 671 5851 lnterp.
704 5779 832 5851 legit
856 5780 1146 5834 Κιττιέων.
