4088 6362
490 394 588 455 HI

1792 392 1850 447 S.
1895 388 2234 444 EPIPIIANII
2279 388 2460 445 VITA.

3660 377 3767 430 HS

489 513 560 571 ad
589 511 754 584 pedes
785 509 925 580 ejus,
953 517 1006 563 et
1040 506 1215 578 tetigit
1241 522 1356 572 eos,
1385 506 1568 562 statim
1604 507 1864 562 surrexit.
1895 505 1960 560 Et
1991 522 2072 560 cc-

2182 500 2275 559 οῦν
2303 505 2458 578 τρίτῃ
2485 504 2667 576 ἡμέρα
2711 504 2948 574 ἤνεγκαν
2979 501 3140 555 αὐτὸν
3169 497 3536 572 βαστάσαντες
3565 497 3615 549 οἱ
3643 493 3767 549 ναῦ-

490 605 624 660 cidit
664 603 830 658 timor
874 616 1039 671 super
1085 613 1295 663 omnes,
1327 597 1422 666 qui
1457 607 1612 651 erant
1658 598 1711 650 in
1756 597 1901 650 navi.
1935 598 2071 650 Cum

492 712 596 754 nos
635 704 814 750 autem
863 693 1278 762 navigassemus
1331 689 1706 742 Constantiam
1755 690 1822 741 ad
1871 689 2072 754 locum,

492 791 584 860 qui
612 787 814 844 dicitur
843 782 1274 847 Dianeuterium,
1305 781 1512 852 egressi
1543 791 1673 836 sunt
1701 793 1882 835 nautae
1914 780 1944 834 e
1978 795 2075 833 na-

491 881 569 946 vi,
595 889 651 936 et
696 879 1030 935 circuierunt
1076 885 1248 929 totam
1287 874 1586 940 civitatem,
1619 883 1673 928 et
1700 873 2077 928 clatnavcrunt

493 989 619 1030 cum
647 971 860 1041 magnis
884 970 1142 1026 vocibus:
1163 965 1276 1021 Viri
1298 966 1518 1027 fratres,
1546 967 1640 1036 qui
1666 966 1800 1020 viris
1819 965 2076 1034 frequen-

492 1073 601 1118 tem
633 1062 893 1117 habitatis
929 1057 1428 1114 Constantiensiutn
1459 1043 1754 1119 civitatem,
1790 1055 2073 1110 descendi-

492 1161 544 1208 te
574 1151 640 1206 ad
686 1164 834 1205 mare
872 1151 926 1204 in
963 1132 1166 1212 locum,
1197 1147 1291 1218 qui
1327 1148 1527 1202 dicitur
1563 1146 1990 1208 Dianeutcrium,
2021 1155 2075 1198 et

492 1242 720 1307 accipite
755 1241 1011 1312 reliquias
1037 1241 1212 1296 sancti
1263 1250 1318 1295 et
1367 1242 1526 1309 longe
1561 1239 1859 1294 beatissimi
1896 1238 2073 1293 Patris

495 1334 669 1389 nostri
701 1332 1008 1403 Epiphanii.
1036 1330 1199 1386 Finiit
1223 1332 1368 1387 enim
1403 1332 1569 1386 vitam
1597 1329 2075 1384 ltutnanam.Tunc

491 1425 710 1496 quidem
741 1424 1055 1479 ceciderunt
1088 1423 1321 1478 tenebrae
1353 1437 1519 1492 super
1540 1421 1848 1476 universam
1880 1421 2071 1476 civita-

491 1527 621 1584 tem,
651 1523 707 1571 et
751 1529 810 1570 se
861 1513 1115 1568 manibus
1159 1523 1407 1568 tenentes
1439 1511 1778 1567 descendunt
1807 1512 2071 1577 adamare,

491 1625 750 1682 magnum
794 1607 1072 1677 planctum
1120 1605 1426 1661 aﬂerentes.
1466 1606 1571 1660 Sed
1617 1621 1810 1660 omnes
1856 1621 2075 1674 quoque

493 1701 682 1758 rustici
705 1699 996 1755 veniebant
1023 1698 1075 1752 iu
1100 1698 1398 1762 civitatem,
1415 1713 1511 1767 per
1537 1707 1705 1751 totam
1736 1697 1876 1749 viam
1902 1695 2076 1748 ﬂurn-

487 1807 573 1851 tes
639 1793 918 1864 lacrymis.
973 1789 1242 1857 Quocirca
1321 1798 1434 1846 tres
1498 1803 1720 1858 quoque
1773 1787 1925 1850 caeci,
1978 1787 2074 1856 qui

2181 615 2270 650 ται
2301 598 2466 665 ἐγγὺς
2495 596 2837 664 Ἐπιφανίου.
2856 597 2942 659 Ὠς
2972 595 3027 647 δὲ
3057 594 3258 664 ἔθηκαν
3282 591 3444 646 αὑτὸν
3477 588 3627 658 παρὰ
3642 587 3768 650 τοὺς

2184 688 2349 752 πόδας
2394 687 2581 751 αὐτοῦ,
2610 686 2788 756 ἥψατο
2828 686 2937 740 τῶν
2987 686 3162 739 ποδῶν
3213 682 3400 742 αὑτοῦ,
3429 680 3523 734 καὶ
3569 678 3769 740 εὐθέως

2184 779 2414 850 ἀνέστη·
2469 781 2562 833 καὶ
2614 779 2776 849 φόϐος
2823 779 3017 832 ἔπεσεν
3068 778 3161 831 ἐπὶ
3206 777 3416 837 πάντας
3446 773 3574 835 τοὺς
3602 773 3659 824 ἐν
3693 769 3768 838 τῷ

2183 872 2372 943 πλοίῳ.
2402 871 2913 926 Καταπλευσάντων
2939 871 2993 923 δέ
3020 872 3051 941 ἡ
3061 871 3174 941 μῶν
3205 870 3259 920 ἐν
3289 863 3644 934 Κωνσταντίᾳ
3678 861 3766 914 ἐπὶ

2181 967 2258 1037 τῷ
2299 968 2446 1037 τόπῳ
2472 965 2790 1035 καλουμένῳ
2823 963 3211 1034 Διανευτηρίῳ,
3243 959 3464 1029 ἐξῆλθον
3499 957 3547 1008 οἱ
3577 952 3747 1006 ναῦτα

2183 1058 2290 1111 ἀπὸ
2320 1057 2412 1111 τοῦ
2449 1057 2655 1122 πλοίου,
2692 1058 2786 1110 καὶ
2814 1054 3130 1108 ἐκύκλωσαν
3177 1053 3271 1122 τὴν
3319 1051 3471 1101 πόλιν
3507 1049 3594 1100 καὶ
3633 1046 3770 1116 μετὰ

2184 1150 2376 1218 φωνῶν
2427 1151 2678 1222 μεγάλων
2733 1147 2997 1220 ἔκραζον’
3036 1145 3261 1215 ’Ἄνδρες
3292 1142 3526 1209 ἀδελφοὶ,
3572 1141 3620 1191 οἱ
3672 1137 3771 1206 τὴν

2183 1243 2514 1314 πολύανδρον
2567 1241 2897 1313 μητρόπολιν
2942 1236 3320 1292 Κωνσταντίαν
3371 1231 3769 1293 κατοικοῦντες,

2184 1336 2494 1401 κατέλθετε,
2532 1335 2716 1407 φησὶν,
2744 1335 2837 1387 ἐπὶ
2883 1335 2982 1404 τῆς
3016 1331 3290 1401 θαλάσσης
3320 1332 3377 1382 ἐν
3411 1327 3487 1398 τῷ
3519 1327 3669 1396 τόπῳ
3693 1324 3770 1395 τῷ

2184 1430 2503 1498 καλουμένῳ
2531 1427 2921 1498 Διανευτηρίῳ,
2949 1427 3041 1480 καὶ
3072 1425 3264 1479 λάϐετε
3295 1423 3355 1476 τὸ
3388 1423 3569 1492 τίμιον
3591 1419 3768 1488 λείψα-

2183 1537 2272 1572 νον
2304 1518 2398 1572 τοῦ
2440 1519 2587 1571 ὁσίου
2635 1517 2850 1588 Πατρὸς
2883 1516 3038 1588 ἡμῶν
3066 1514 3408 1584 Ἐπιφανίου.
3458 1510 3770 1565 Κατέλυσεν

2183 1613 2292 1683 γὰρ
2337 1612 2429 1664 τὸν
2471 1611 2811 1682 ἀνθρώπινον
2855 1611 2987 1682 βίον.
3026 1609 3159 1662 Τότε
3184 1607 3247 1679 δὴ
3284 1607 3473 1668 σκότος
3503 1605 3771 1656 ἐπέπεσεν

2183 1706 2276 1757 ἐπὶ
2325 1706 2506 1757 πᾶσαν
2552 1705 2651 1775 τὴν
2702 1703 2876 1766 πόλιν,
2909 1704 3002 1756 καὶ
3037 1703 3262 1762 ἑαυτοὺς
3304 1695 3770 1769 χειραγωγοῦντες

2186 1797 2520 1866 κατήρχοντο
2542 1797 2634 1848 ἐπὶ
2661 1795 2761 1865 τῆς
2790 1795 3089 1865 θαλάσσης,
3122 1791 3349 1846 κοπετὸν
3383 1791 3554 1861 μέγαν
3583 1785 3763 1840 ποιού-

483 1895 646 1943 erant
692 1886 749 1940 in
794 1885 1053 1956 paraecia,
1082 1899 1204 1954 quae
1253 1883 1555 1952 appellatur
1587 1879 1761 1942 Turti,
1812 1894 1870 1934 se
1903 1879 1984 1934 sic
2018 1879 2071 1932 in

2179 1907 2349 1960 μενοι.
2369 1889 2530 1942 Ἀλλὰ
2558 1890 2653 1942 καὶ
2691 1890 2839 1942 πᾶσα
2883 1888 3204 1968 ηάγροικία
3257 1886 3590 1956 κατεσύρετο
3619 1886 3676 1937 ἐν
3703 1885 3770 1954 τῇ

488 1980 636 2034 viam
680 1977 1066 2048 coniecerunt;
1105 1990 1207 2030 nec
1247 1974 1391 2028 ullus
1433 1974 1599 2028 dabat
1624 1973 1705 2027 eis
1741 1987 1984 2038 manum,
2017 1981 2078 2025 ut

486 2072 656 2129 citius
701 2071 952 2127 venirent
1003 2071 1056 2124 in
1106 2068 1408 2124 civitatem.
1445 2065 1590 2120 Dixit
1621 2074 1801 2118 autem
1832 2079 1978 2118 unus
2009 2078 2073 2119 ex

489 2163 573 2220 eis
601 2163 823 2218 nomine
837 2161 1166 2218 Prosechius
1196 2178 1210 2214 :
1245 2159 1416 2230 Digne
1440 2157 1534 2212 Dei
1569 2166 1757 2211 sancte
1785 2155 2074 2226 Epiphani,

490 2257 578 2313 fac
602 2272 704 2311 nos
733 2255 996 2326 aspicere,
1023 2265 1082 2310 ut
1112 2269 1214 2310 nos
1239 2268 1460 2324 quoque
1507 2252 1800 2306 adoremus
1826 2263 1949 2305 tuas
1977 2264 2072 2302 ve-

490 2348 760 2404 nerabiles
810 2347 1091 2416 reliquias.
1142 2343 1210 2400 Et
1251 2345 1434 2400 statim
1484 2351 1847 2413 aspexeruut;
1890 2349 1944 2394 et
1991 2339 2076 2394 in-

487 2439 663 2508 gressi
683 2439 737 2492 in
759 2439 1058 2504 civitatem,
1084 2437 1382 2492 adorarunt
1407 2434 1744 2489 venerandas
1771 2433 1946 2488 sancti
1972 2430 2076 2485 Pa-

488 2531 588 2586 tris
619 2530 878 2600 reliquias
912 2547 926 2584 :
956 2538 1010 2584 et
1036 2529 1436 2584 annuntiarunt
1473 2529 1525 2582 id
1571 2529 1717 2598 quod
1759 2529 1840 2582 eis
1888 2529 1942 2581 in
1990 2527 2077 2580 via

487 2630 765 2676 evenerat.
791 2619 1118 2691 Quicunque
1139 2627 1321 2674 autem
1349 2619 1660 2681 audierunt,
1691 2619 1861 2672 Deum
1883 2617 2072 2672 lauda-

486 2720 639 2777 runt,
671 2712 768 2780 qui
801 2712 868 2767 iis
899 2711 994 2781 qui
1029 2724 1089 2766 se
1117 2719 1247 2765 sunt
1277 2709 1446 2779 digni,
1479 2709 1679 2778 praebet
1705 2709 1852 2763 talia.

2175 1981 2349 2045 πόλει,
2373 1980 2441 2033 τὰ
2489 1981 2699 2048 δάκρυα
2750 1981 2872 2035 καθ’
2903 1981 3020 2034 ὁδὸν
3069 1979 3415 2050 ἐπιχέοντες·
3461 1977 3605 2030 ὥστε
3654 1977 3767 2038 καὶ,

2173 2071 2340 2144 τριῶν
2371 2071 2586 2141 τυφλῶν
2615 2072 2783 2125 ὄντων
2816 2073 2874 2125 ἐν
2902 2071 3163 2143 παροικίᾳ
3209 2070 3570 2140 ἐπιλεγομένη
3600 2070 3768 2138 Στορ-

2174 2167 2338 2236 τυκῇ,
2370 2167 2426 2218 ἐν
2477 2167 2542 2236 τῇ
2597 2165 2700 2236 ὁδῷ
2737 2165 2962 2228 ἑαυτοὺς
2996 2164 3366 2234 ἐμϐαλόντων,
3395 2163 3568 2224 οὐδεὶς
3602 2159 3767 2212 ἐπιδί-

2175 2253 2266 2306 δου
2297 2253 2508 2316 τούτοις
2542 2257 2718 2325 χεῖρα,
2752 2255 2900 2318 ὅπως
2926 2254 3112 2324 τάχιον
3139 2254 3530 2324 συμφθάσωσιν
3561 2253 3653 2304 ἐπὶ
3672 2251 3769 2320 τὴν

2176 2344 2330 2396 πόλιν
2351 2361 2365 2376 ⁸
2403 2341 2554 2397 εἶπεν
2580 2345 2635 2397 δὲ
2667 2347 2730 2398 ἐκ
2755 2345 2865 2398 τῶν
2891 2345 3055 2416 τριῶν
3089 2348 3117 2398 ὁ
3164 2341 3244 2408 εἷς
3292 2345 3519 2414 ὀνόματι
3595 2344 3769 2413 Προσ-

2176 2436 2318 2505 έχιος
2339 2454 2351 2466 '
2374 2437 2532 2504 ’Ἂγιε
2554 2436 2648 2489 τοῦ
2673 2437 2829 2500 Θεοῦ,
2850 2439 2962 2490 ὅσιε
2979 2438 3284 2506 Ἐπιςράνιε1
3301 2436 3522 2506 ποίησον
3539 2433 3768 2489 ἀναϐλέ-

2174 2524 2294 2593 ψαι,
2330 2525 2478 2588 ὅπως
2521 2527 2614 2578 καὶ
2641 2528 2804 2596 ἡμεῖς
2839 2529 3310 2598 προσκυνήσωμεν
3354 2527 3413 2578 τὸ
3455 2525 3637 2595 τίμιόν
3672 2541 3767 2578 σου

2179 2614 2448 2684 λείψανον.
2488 2618 2597 2670 Καὶ
2640 2618 2841 2681 εὐθέως
2883 2619 3201 2688 ἀνέϐλεψαν,
3233 2619 3326 2672 καὶ
3357 2617 3688 2678 εἰσελθόντες
3711 2617 3770 2669 ἐν

2177 2711 2243 2780 τῇ
2271 2709 2424 2761 πόλει
2451 2711 2864 2782 προσεκύνησαν
2897 2713 2958 2765 τὸ
3002 2712 3178 2782 τίμιον
3205 2711 3454 2780 λείψανον
3493 2710 3587 2762 τοῦ
3621 2709 3770 2763 ὁσίου

490 2803 736 2876 Πατρός
768 2802 1112 2875 ἀπήγγειλαν
1147 2803 1204 2856 δὲ
1237 2802 1297 2856 τὸ
1331 2803 1544 2874 συμϐὰν
1575 2804 1760 2866 αὐτοῖς
1806 2802 1948 2856 κατὰ
1991 2802 2088 2874 τὴν
2127 2801 2266 2856 ὁδόν.
2322 2803 2678 2868 Ἀκούσαντες
2705 2805 2761 2858 δὲ
2787 2807 3044 2870 ἅπαντες,
3083 2805 3332 2870 ἐδόξαζον
3363 2805 3453 2858 τὸν
3486 2804 3618 2858 Θεὸν
3678 2804 3770 2855 τὸν

489 2895 716 2950 τοιαῦτα
739 2895 1051 2966 παρέχοντα
1073 2897 1187 2958 τοῖς
1217 2895 1388 2959 ἀξίοις
1422 2894 1608 2948 αὐτοῦ.

562 2985 768 3041 LXVII.
811 2985 1122 3042 llonoriﬁce
1138 3002 1268 3070 ergo
1295 3002 1326 3042 e
1352 2987 1475 3041 navi
1508 2987 1759 3042 tollentes
1788 2987 2068 3057 reliquias,

487 3078 908 3135 introduxerunt
934 3078 986 3131 in
1018 3078 1327 3133 ceclesiam.
1357 3076 1544 3147 Ibique
1575 3079 1773 3132 mansit
1805 3088 1911 3133 tres
1931 3079 2066 3142 dies,

2249 2985 2363 3037 ΞΖ’.
2409 2986 2671 3056 ’Ἄραντες
2693 2981 2786 3040 οὖν
2811 2987 2918 3039 ἀπὸ
2950 2989 3043 3040 τοῦ
3073 2988 3260 3042 πλοίου
3287 2989 3348 3041 τὸ
3373 2987 3646 3055 λείψανον,
3674 3008 3768 3060 με-

2177 3079 2245 3130 τὰ
2297 3077 2497 3148 πολλῆς
2555 3079 2720 3149 τιμῆς
2785 3081 3110 3151 εἰσήνεγκαν
3165 3085 3244 3145 είς
3299 3081 3399 3153 τὴν
3449 3083 3767 3153 ἐκκλησίαν.

485 3185 666 3240 neque
695 3169 1058 3240 sepeliebatur
1089 3181 1308 3240 proliter
1340 3186 1591 3239 magnam
1638 3171 2067 3226 contentionem.

2181 3169 2401 3239 Ἔμεινε
2435 3169 2491 3222 δὲ
2520 3173 2668 3241 τρεῖς
2695 3171 2930 3242 ἡμέρας,
2969 3173 3060 3225 καὶ
3101 3171 3199 3225 οὐκ
3237 3173 3521 3238 ἐθάπτετο,
3553 3173 3639 3226 διὰ
3672 3173 3770 3244 τὴν

481 3259 696 3327 Quarto
727 3267 911 3314 autem
941 3259 1029 3314 die
1055 3259 1234 3329 ipsum
1263 3259 1316 3313 in
1349 3260 1551 3325 loculo,
1576 3261 1734 3315 melle
1759 3261 2068 3331 superfuso,

484 3359 932 3420 composuerunt.
973 3348 1338 3420 [Cogitabam
1380 3352 1527 3405 enim
1572 3367 1696 3407 eum
1743 3355 1972 3423 sepelire
2017 3355 2070 3408 in

486 3437 772 3511 ecclesia.]
821 3437 996 3493 Mansi
1024 3454 1153 3493 vero
1181 3453 1386 3509 septem
1417 3441 1534 3495 dies
1564 3441 1616 3494 in
1645 3441 1875 3497 ecclesia
1907 3458 2074 3512 prope

488 3532 748 3603 reliquias
778 3549 793 3586 :
824 3539 880 3586 et
927 3546 996 3585 ne
1042 3534 1121 3587 sic
1163 3532 1380 3600 quidem
1435 3541 1520 3587 est
1557 3534 1821 3602 sepultus.
1865 3533 2074 3589 Octavo

486 3625 672 3697 itaque
697 3624 807 3690 die,
851 3639 1000 3688 cum,
1032 3633 1092 3678 ut
1117 3624 1358 3693 jusserat
1403 3634 1628 3681 sanctus
1653 3625 1836 3692 Pater,
1878 3643 2072 3681 navem

485 3715 842 3779 invenissem,
871 3731 994 3786 qua:
1028 3717 1336 3785 lrajiciebat
1381 3717 1436 3770 in
1485 3717 1806 3789 Egyptum,
1853 3719 2073 3774 ascendi

486 3807 544 3862 in
568 3807 908 3876 superiorem
939 3804 1291 3871 Thebaidem,
1320 3818 1374 3862 et
1401 3809 1578 3864 mansi
1607 3825 1754 3864 anno
1779 3825 1907 3864 uno.
1934 3810 2072 3864 Cum

486 3907 669 3955 autem
722 3898 1079 3954 descenderet
1126 3914 1362 3969 magnus
1405 3897 1725 3965 Heracleon,
1759 3917 1963 3972 praeses
1991 3913 2076 3957 to-

485 3991 596 4047 tius
627 3988 870 4061 Egypti,
905 3988 1287 4045 Rhinocurura
1337 3991 1497 4062 (eam
1525 3993 1670 4046 enim
1696 3995 1883 4047 urbem
1917 3995 2073 4048 habi-

485 4083 690 4154 tabat),
722 4093 776 4137 et
830 4082 1096 4138 audiisset
1148 4099 1235 4138 me
1284 4083 1454 4139 fuisse
1508 4085 1837 4154 discipulum
1893 4088 2073 4156 magni

487 4173 802 4246 Epiphanii,
837 4191 925 4232 me
950 4176 1226 4231 nolentem
1255 4178 1438 4246 rapuit
1461 4192 1558 4248 per
1591 4179 1811 4240 milites,
1844 4179 2071 4247 imposi-

487 4275 716 4339 tumque
748 4269 960 4324 camelo
992 4267 1241 4323 dromadi
1288 4269 1484 4326 detulit
1528 4270 1930 4326 llhinocurura.
1966 4272 2076 4326 Ac-

488 4360 622 4415 cidit
649 4372 855 4426 autem,
895 4373 952 4417 ut
985 4363 1278 4434 episcopus
1315 4363 1532 4418 illorum
1562 4363 1866 4420 decederet.
1904 4363 2075 4420 Fecit-

488 4468 597 4522 que
627 4463 688 4507 ut
711 4455 997 4511 ordinarer
1021 4457 1310 4526 episcopus
1341 4455 1876 4512 thinocururorum.

491 4647 978 4719 Epistola_Polybii
1005 4651 1256 4719 episcopi,
1292 4651 1516 4705 civitatis
1553 4651 1980 4706 Rhinocururum
2003 4653 2072 4706 ad

733 4717 988 4772 Sabinum
1022 4717 1321 4789 episcopum
1365 4723 1838 4776 (.‘onstautt'eusem.

559 4893 792 4951 Domino
847 4896 900 4949 in
967 4893 1079 4949 Deo
1130 4895 1462 4958 venerando,
1511 4895 1676 4965 digno
1738 4895 2069 4958 sacerdotio,

490 4999 682 5042 sancto
713 4986 857 5042 Patri
909 4985 1114 5040 Sabino
1161 4989 1418 5055 episcopo
1472 4986 1708 5040 civitatis
1739 4986 2074 5040 Constantine

489 5077 676 5148 Cypri,
710 5075 967 5147 Polybius
999 5084 1253 5144 peccator
1285 5074 1338 5127 in
1370 5071 1606 5128 Domino
1647 5076 1894 5128 salutem.
1933 5074 2072 5144 Magi

491 5166 787 5236 singularis
814 5167 1025 5236 gratiae,
1056 5165 1137 5219 vel
1164 5176 1456 5234 antequam
1482 5167 1638 5219 stella
1663 5167 1744 5219 eis
1781 5164 2068 5219 Dominum

491 5257 875 5326 signiﬁcasset,
928 5258 1224 5327 participes
1267 5256 1414 5322 facti,
1450 5257 1658 5310 vadunt
1707 5255 2071 5324 Hierusalem,

493 5357 654 5417 atque
690 5347 1028 5416 Bethlchem,
1057 5351 1124 5404 ad
1167 5350 1505 5405 adorandum
1551 5351 1829 5404 caalestem
1889 5366 2069 5419 regem

491 5435 767 5495 Clu-istum
803 5441 1091 5496 Dominum
1125 5452 1394 5496 nostrum.
1435 5441 1550 5495 Nisi
1584 5443 1728 5495 enim
1766 5442 1802 5495 ii
1838 5440 2072 5496 fuissent

495 5527 648 5596 prius
695 5532 987 5601 participes
1032 5533 1231 5588 divina:
1279 5531 1630 5601 cognitionis,
1662 5531 1759 5587 Dei
1803 5533 2070 5589 visionem

571 5723 646 5802 (a_)
686 5725 859 5802 Yertit
888 5731 1154 5800 interpres
1179 5731 1336 5802 quasi
1367 5731 1555 5801 legerit
1581 5731 1701 5802 μέλι
1737 5731 1992 5802 βαλόντες
2013 5736 2070 5785 ἐν

503 5796 665 5865 σορῷ.
685 5796 817 5862 Quae
847 5796 1105 5858 autem—in
1137 5796 1285 5856 tcitu
1316 5796 1511 5857 Latino
1538 5796 1694 5860 uncis
1722 5796 2067 5868 inclusimus,

2111 4511 2158 4567 D

2177 3259 2376 3330 πολλὴν
2425 3260 2755 3329 φιλονεικίαν
2804 3261 3001 3314 αὐτῶν.
3037 3262 3115 3333 Τῇ
3162 3259 3255 3315 οὖν
3303 3263 3539 3334 τετάρτῃ
3582 3267 3770 3337 ἡμέρᾳ

2181 3353 2317 3422 μέλη
2353 3353 2604 3422 βαλόντες
2637 3354 2695 3406 ἐν
2726 3354 2940 3424 Σκυρίῳ
2976 3355 3053 3425 (α)
3081 3354 3273 3407 ἔϐαλον
3301 3355 3485 3408 αύτόν.
3507 3349 3772 3427 Ἐποίησα

2176 3441 2232 3494 δὲ
2260 3441 2370 3510 ἐγὼ
2396 3444 2496 3503 τὰς
2524 3440 2567 3506 ζ’
2599 3443 2812 3513 ἡμέρας
2845 3445 2905 3496 ἐν
2928 3447 2993 3515 τῇ
3021 3445 3290 3517 ἐκκλησίᾳ
3324 3446 3470 3516 παρὰ
3493 3447 3554 3499 τὸ
3577 3447 3770 3505 λείψα-

2176 3549 2265 3584 νον
2289 3551 2302 3562 ο
2335 3534 2426 3585 καὶ
2454 3533 2576 3586 ούδέ
2600 3533 2772 3598 οὕτως
2793 3537 2988 3608 ἐτάφη.
3027 3537 3104 3608 Τῇ
3133 3533 3226 3590 οὖν
3249 3537 3412 3610 ὀγδόῃ
3451 3539 3636 3611 ἡμέρα
3667 3558 3770 3594 κα·-

2177 3623 2245 3675 τὰ
2273 3625 2370 3694 τὴν
2401 3625 2472 3694 (ὁ)
2505 3625 2596 3678 τοῦ
2645 3626 2792 3680 ὁσίου
2827 3629 3041 3700 Πατρός
3071 3623 3228 3700 εὗρον
3261 3631 3445 3684 πλοῖον
3489 3632 3768 3704 διαπερῶν

2178 3717 2257 3779 είς
2287 3717 2579 3784 Αἴγυπτον,
2614 3719 2708 3770 καὶ
2750 3719 2989 3772 ἀνελθὼν
3033 3721 3375 3785 ἀπέπλευσα,
3409 3723 3503 3776 καὶ
3538 3723 3768 3794 ἀνῆλθον

2178 3809 2258 3871 εἰς
2282 3809 2379 3880 τὴν
2403 3809 2513 3862 ἄνω
2540 3811 2802 3882 Θηϐαΐδα.
2835 3813 2928 3865 καὶ
2957 3815 3191 3884 ἐποίησα
3218 3817 3484 3869 ἐνιαυτόν.
3507 3817 3614 3870 Καὶ
3637 3834 3769 3870 κατ-

2179 3900 2471 3970 ερχόμενος
2522 3903 2550 3953 ό
2603 3901 2778 3971 μέγας
2823 3904 3158 3975 Ἡρακλείων
3192 3909 3219 3959 ὁ
3249 3909 3433 3978 ἄρχων
3472 3909 3572 3980 τῆς
3600 3910 3768 3978 Αίγύ-

2179 4009 2312 4044 πτου
2357 3994 2448 4046 ἐπὶ
2489 3994 2949 4068 Ῥινοκουρούρων
2976 3999 3074 4068 τὴν
3102 3999 3256 4052 «πόλιν
3291 3997 3398 4072 (ἦν
3425 4003 3534 4073 γὰρ
3567 4005 3660 4056 καὶ
3690 4006 3768 4057 οἰ-

2178 4085 2366 4155 κήτωρ
2395 4086 2566 4156 αὐτῆς
2590 4088 2629 4153 ),
2668 4087 2908 4152 ἀκούσας
2957 4090 3038 4142 ὅτι
3087 4092 3334 4164 μαθητὴς
3376 4096 3643 4166 ἐγενόμην
3672 4095 3766 4148 τοῦ

2182 4173 2415 4243 μεγάλου
2445 4175 2782 4244 Ἐπιφανίου,
2817 4177 2890 4247 μὴ
2931 4177 3176 4240 θέλοντός
3215 4198 3338 4250 μου,
3362 4181 3451 4234 διὰ
3501 4198 3768 4252 στρατιωο

2176 4263 2285 4315 τῶν
2317 4265 2562 4336 ἥρπασέν
2596 4283 2684 4336 με,
2719 4267 2812 4318 καὶ
2859 4268 2951 4319 ἐπὶ
2979 4267 3382 4339 δρομοκαμήλῳ
3415 4268 3763 4334 ἐπικαθίσας,

2178 4354 2515 4423 κατήνεγκέν
2543 4372 2609 4424 με
2629 4357 2710 4418 είς
2745 4356 3184 4428 Ῥινοκούρουρα.
3221 4359 3424 4431 Συνέϐη
3449 4360 3504 4412 δὲ
3532 4359 3621 4412 τὸν
3643 4361 3766 4411 ἐπί-

2179 4461 2379 4497 σκοπον
2412 4446 2502 4498 τὸν
2527 4449 2644 4499 ἐκεῖ
2669 4448 3006 4518 τελευτῆσαι,
3032 4450 3125 4503 καὶ
3155 4451 3410 4521 ἐποίησέν
3435 4469 3502 4522 με
3529 4469 3767 4522 χειροτο-

2181 4533 2406 4604 νηθῆναι
2428 4537 2722 4590 ἐπίσκοπον
2753 4539 2852 4609 τῆς
2875 4541 3203 4611 Ἐκκλησίας
3247 4543 3726 4614 Ῥινοκουρούρων.

2187 4666 2507 4737 Ἐπιστολὴ
2553 4673 2857 4726 Πολυϐίου
2911 4675 3252 4728 ἐπισκόπου
3303 4676 3535 4742 πόλεως
3576 4678 3766 4730 Ῥινο-

2242 4742 2585 4861 κρυρούρων
2617 4743 2767 4810 πρὸς
2794 4744 3052 4797 Σαϐῖνον
3083 4747 3422 4799 ἐπίσκοπον
3448 4751 3768 4800 Κωνσταν-

2247 4825 2276 4859 τ
2304 4826 2396 4875 ας.

2245 4915 2434 4985 Κυρίῳ
2482 4915 2788 4989 θεοτιμήτῳ
2818 4920 2954 4991 ἀξίῳ
2987 4921 3087 4992 τῆς
3115 4923 3435 4994 ἱερωσύνης,
3482 4925 3622 4995 ἁγίῳ
3650 4926 3763 4977 Πα-

2172 5009 2262 5080 τρὶ
2291 5009 2572 5081 ἐπισκόπῳ
2619 5011 2830 5081 Σαϐίνῳ
2879 5013 3084 5078 πόλεως
3116 5017 3501 5080 Κωνσταντίας
3529 5019 3628 5086 τῆς
3655 5017 3766 5070 Κύ-

2175 5115 2336 5168 πρου,
2387 5099 2646 5162 Πολύϐιος
2693 5103 3019 5172 ἁμαρτωλὸς
3074 5107 3132 5159 ἐν
3188 5108 3380 5178 Κυρίῳ
3437 5109 3763 5179 χαίρειν.οί

2178 5191 2338 5259 μάγοι
2385 5191 2483 5262 τῆς
2529 5193 2751 5262 χάριτος
2799 5199 3067 5266 μετεῖχον,
3103 5198 3246 5266 λέγω
3287 5199 3352 5270 δὴ
3404 5200 3510 5270 πρὸ
3552 5199 3645 5253 τοῦ
3673 5201 3764 5254 τὸν

2173 5279 2377 5349 ἀστέρα
2424 5281 2606 5344 αὐτοῖς
2684 5285 3066 5354 καταμηνῦσαι
3116 5285 3232 5358 τὴν
3262 5288 3448 5358 βαδίαν
3497 5288 3763 5340 ποιεῖσθαι

2174 5370 2266 5421 ἐπὶ
2311 5371 2687 5442 Ἰερουσαλὴμ,
2719 5375 2812 5426 καὶ
2851 5377 2908 5427 ἐν
2954 5377 3202 5449 Βηθλεέμ
3250 5381 3342 5432 ἐπὶ
3391 5381 3761 5450 προσκυνήσει

2172 5460 2267 5513 τοῦ
2315 5463 2553 5532 μεγάλου
2595 5464 2858 5533 βασιλέως
2901 5469 3081 5538 Ἰησοῦ
3127 5471 3365 5542 Χριστοῦ
3415 5471 3510 5524 τοῦ
3554 5473 3763 5542 Κυρίου

2175 5555 2350 5625 ἡμῶν.
2380 5556 2441 5608 El
2478 5555 2553 5627 μὴ
2598 5558 2709 5628 γὰρ
2755 5554 2898 5629 εἶχον
2941 5563 3096 5614 αὐτοὶ
3147 5563 3478 5632 θεογνωσίαν
3507 5565 3565 5618 τὸ
3608 5565 3761 5636 πρὶν,

2174 5737 2227 5790 in
2254 5733 2440 5788 Graeco
2469 5736 2686 5791 desunt.
2733 5735 2890 5790 Ευιτ.
2924 5737 3166 5792 ΡΑτκοι..

2251 5806 2322 5874 (b)
2363 5809 2523 5859 Κατὰ
2551 5808 2681 5861 τήν.
2728 5809 2930 5877 δυρυιυ
2963 5811 3206 5879 ἐντολήν.
3251 5810 3332 5863 ID.
