4088 6362
489 374 592 435 ΗΒ
1518 377 1573 432 S.
1606 374 1949 431 EPIPHANH
1982 374 2163 430 ACTA
2203 374 2701 432 BOLLANDIANA.
3627 377 3731 434 “6
3788 448 3789 451 η

489 493 749 566 reliq_u_i_a_s
775 493 947 566 sancti
969 501 1023 547 et
1043 493 1183 549 beati
1218 493 1394 566 Patris
1424 497 1595 551 nostri
1616 506 1671 551 et
1699 498 1935 566 episcopi
1964 495 2268 565 Epiphanii,
2301 506 2354 549 et
2390 512 2513 549 cum
2544 498 2691 549 omni
2732 496 2935 551 honore
2962 512 3054 551 eas
3089 497 3141 549 in
3171 510 3235 549 eo
3255 496 3372 548 loco
3405 497 3727 564 deposuere.

565 562 750 617 LXXI.
793 563 949 635 Mane
982 574 1164 619 autem
1207 565 1389 620 statim
1417 562 1759 621 venerandus
1786 562 1981 627 Draco,
2006 562 2291 620 accersitis
2318 566 2573 621 omnibus
2605 568 2815 621 clericis
2857 582 2979 620 cum
3032 567 3217 620 multis
3248 562 3730 635 patribusfamilias

492 635 752 707 civitatis,
782 634 979 707 obtulit
1011 650 1200 707 preces
1236 636 1570 707 imperatori.
1601 636 1747 691 Missi
1779 653 1909 689 vero
1938 645 2070 707 sunt
2098 645 2209 707 tres
2238 636 2442 700 clerici,
2470 646 2523 689 et
2554 645 2664 707 tres
2694 637 3128 707 patresfamilias.
3166 634 3261 707 Ex
3289 636 3502 707 clericis
3534 639 3586 689 in
3618 639 3729 705 pri-

494 705 601 759 mis
632 705 983 758 honorandus
1012 703 1249 759 Sabinus
1277 705 1557 770 diaconus,
1589 717 1644 760 et
1673 708 1909 760 maxime
1934 706 2285 761 honorandus
2312 707 2575 760 diaconus
2612 703 2814 760 Paulus
2856 708 3214 762 consobrinus
3242 706 3519 767 Draconis,
3552 703 3731 760 etho-

494 775 774 845 norandus
799 774 1057 829 diaconus
1090 775 1443 829 Athanasius.
1478 775 1552 828 Ex
1582 778 1824 844 patribus
1850 786 2029 830 autem
2064 775 2296 831 familias
2326 776 2655 831 reverendus
2684 776 2958 831 Marianus
3003 776 3168 830 frater
3210 775 3441 845 Synesii,
3484 784 3535 829 et
3580 791 3732 831 reve-

496 846 699 916 rendus
722 843 958 916 J_oannes
988 846 1106 916 ejus
1133 846 1516 906 consobrinus,
1544 843 1598 899 et
1631 846 2086 916 filiusiDraconis,
2117 847 2209 914 qui
2240 846 2354 915 ipse
2384 862 2601 916 quoque
2630 849 2924 901 vocabatur
2955 848 3143 907 Draco,
3174 855 3227 899 et
3248 843 3408 915 quem
3440 845 3528 898 Dei
3556 847 3729 915 gratia

494 913 1072 985 curavitEpiphanius
1104 931 1133 969 a
1168 917 1356 967 morbo
1387 917 1728 984 gravissimo.
1758 915 1821 969 Hi
1853 926 2032 969 autem
2062 913 2278 970 iverunt
2320 917 2374 970 in
2403 913 2687 971 'civitatem
2732 920 2953 985 regiam,
2982 928 3034 971 et
3062 913 3373 970 obtulerunt
3401 913 3586 984 preces
3623 917 3729 969 im-

495 983 1083 1056 peratori._lmperator
1126 1000 1260 1056 vero
1300 983 1585 1050 Arcadius,
1623 1002 1745 1040 cum
1778 1002 1966 1055 preces
2014 988 2314 1055 accepisset
2358 997 2412 1041 et
2459 988 2691 1056 legisset,
2725 983 2880 1041 valde
2915 1002 3112 1053 magno
3138 987 3323 1039 dolore
3361 995 3443 1039 est
3484 986 3727 1050 allectus,

494 1054 643 1125 quod
672 1069 703 1107 e
730 1054 838 1125 vita
867 1054 1190 1125 excessisset
1223 1054 1559 1122 Epiphanius
1592 1066 1686 1109 :et
1722 1054 1860 1110 dixit
1891 1057 1969 1109 eis
2013 1057 2106 1124 qui
2146 1054 2339 1124 preces
2387 1058 2488 1111 sibi
2513 1054 2850 1111 _Oblulerant
2879 1076 2892 1112 :
2927 1058 3116 1110 Sedete
3159 1056 3211 1109 in
3263 1057 3361 1125 hac
3410 1057 3541 1109 urbe
3582 1056 3731 1125 regia

496 1124 859 1195 quadraginta
883 1124 1018 1188 dies,
1046 1135 1107 1179 ut
1132 1124 1343 1191 lugeam
1378 1140 1555 1179 meum
1586 1125 1824 1191 Patrem,
1856 1134 1910 1180 ct
1940 1140 2037 1179 vos
2071 1126 2281 1179 mittam
2311 1127 2364 1179 in
2391 1142 2543 1195 pace.
2580 1126 2656 1180 Illi
2688 1137 2864 1181 autem
2899 1128 2979 1181 sic
3019 1127 3278 1179 fecerunt.
3308 1124 3375 1195 Et
3400 1126 3535 1178 luxit
3563 1124 3733 1179 Arca-

498 1192 625 1247 dius
660 1192 951 1265 imperator
976 1202 1176 1265 sanctae
1206 1194 1481 1252 memoriae
1505 1204 1711 1263 patrem
1739 1206 1985 1253 nostrum
2012 1207 2065 1248 et
2088 1192 2406 1265 episcopum
2428 1196 2785 1265 Epiphaniuni
2812 1197 3166 1265 quadraginta
3198 1196 3333 1265 dies.
3356 1194 3487 1247 Post
3523 1196 3729 1249 luctum

498 1272 681 1334 autem
703 1262 847 1334 _feclt
876 1264 1342 1334 constitutionem,
1373 1272 1427 1317 et
1457 1262 1605 1319 misit
1646 1282 1769 1319 cum
1805 1267 1884 1320 eis
1920 1267 2095 1318 virum
2122 1262 2642 1334 pium—militantem.
2678 1262 2896 1320 nomine
2928 1262 3241 1319 Maximum.
3278 1264 3328 1319 Is
3362 1265 3590 1321 habebat
3618 1266 3732 1334 spi-

500 1331 665 1384 ritum
702 1331 1060 1405 immundum.
1093 1333 1229 1405 Cum
1255 1334 1314 1405 _ii
1365 1343 1542 1387 autem
1590 1337 1966 1404 pervenissent
1992 1331 2387 1401 Constantiam,
2424 1338 2605 1390 statim
2632 1336 2896 1390 Maximus
2940 1344 3158 1405 accepta
3204 1334 3612 1405 constitutione,
3647 1331 3733 1389 in-

498 1416 720 1469 gressus
747 1410 830 1455 est
857 1401 909 1454 in
941 1402 1140 1475 locum,
1177 1402 1268 1455 ubi
1317 1414 1442 1475 sunt
1474 1401 1661 1472 positae
1690 1406 1933 1473 reliquias
1962 1406 2136 1460 sancti
2181 1405 2358 1475 Patris
2389 1408 2583 1460 nostri.
2608 1406 2855 1471 Cumque
2884 1401 3087 1475 pronus
3116 1404 3397 1459 cecidisset
3427 1404 3479 1457 in
3514 1405 3729 1467 faciem,

498 1479 554 1523 et
580 1486 770 1539 preces
792 1474 1072 1545 posuisset
1100 1488 1263 1545 supra
1295 1473 1529 1535 thecam,
1560 1476 1695 1527 dixit
1733 1494 1745 1528 :
1777 1475 1885 1529 Deo
1913 1476 2075 1542 digne
2104 1486 2289 1530 sancte
2316 1474 2602 1544 Epiphani,
2627 1477 2832 1545 expelle
2860 1473 2898 1527 a'
2924 1492 3011 1529 me
3051 1476 3347 1544 malignum
3373 1475 3644 1544 spiritum,
3677 1482 3733 1545 et

499 1548 632 1596 tunc
660 1541 896 1662 aperiam
934 1542 1072 1595 hanc
1104 1542 1387 1595 formatam
1414 1546 1737 1613 scripturam
1762 1561 1886 1597 cum
1924 1541 2117 1617 magna
2149 1541 2443 1613 gratiarum
2478 1541 2710 1599 actione;
2745 1546 3047 1614 Statimque
3071 1541 3206 1597 exiit
3232 1541 3543 1598 immundus
3571 1544 3736 1612 spiri-

499 1622 588 1662 tus
618 1626 647 1662 a
733 1612 933 1662 aximo.
961 1612 1222 1662 Maneaue
1258 1610 1522 1662 patefacta
1558 1614 1658 1662 fuit
1685 1616 1949 1662 scrintnra
1985 1614 2212 1662 formata
2248 1617 2299 1662 in
2326 1616 2445 1662 loco
2478 1617 2712 1662 nublico-
2740 1627 2792 1662 et
2822 1632 3011 1662 ninnns
3053 1624 3329 1662 nmnterea
3378 1629 3568 1662 magna
3605 1621 3736 1662 sunt

498 1622 588 1684 tus
618 1610 1222 1684 a_Max_imo._Maneque
1258 1610 1536 1680 patefacta
1557 1614 1658 1667 fuit
1685 1616 1951 1684 scriptura
1985 1610 2214 1669 formata
2246 1617 2299 1669 in
2325 1616 2445 1668 loco
2478 1617 2712 1684 publico,
2740 1627 2792 1669 et
2822 1610 3011 1669 omnes
3053 1624 3329 1682 propterea
3378 1629 3570 1683 magna
3601 1610 3736 1667 sunt

498 1680 677 1755 affecti
708 1680 911 1737 laatitia.
944 1680 1211 1755 Formatze
1239 1691 1419 1755 autem
1444 1684 1729 1755 scriptura:
1768 1680 1877 1738 vim
1922 1686 2102 1755 insero
2148 1686 2200 1737 in
2246 1702 2363 1740 mea
2396 1680 2645 1754 epistola,
2678 1701 2839 1755 quam
2872 1687 2937 1740 ad
2972 1680 3205 1755 vestram
3247 1684 3404 1755 mitto
3430 1680 3732 1755 pietatem;

498 1765 622 1819 quae
664 1750 717 1803 in
750 1766 907 1805 versu
929 1750 1180 1823 secundo
1196 1752 1286 1823 sic
1312 1750 1573 1811 continet:
1616 1754 1705 1809 Sic
1737 1755 1881 1809 enim
1910 1754 2043 1808 dicit
2076 1755 2373 1823 imperator
2407 1750 2672 1809 Arcadius
2697 1750 2772 1809 'de
2806 1766 2993 1810 sancto
3039 1753 3246 1823 Patre:
3276 1750 3445 1823 Eum,
3471 1755 3562 1822 qui
3599 1753 3736 1807 vixit

497 1835 665 1888 supra
690 1830 901 1877 nostras
929 1821 1093 1895 leges,
1120 1822 1376 1875 nolumus
1395 1823 1585 1895 jacere
1612 1824 1995 1879 convenienter
2034 1821 2236 1895 nostris
2286 1826 2515 1894 legibus.
2550 1824 2687 1880 Ecce
2718 1842 2869 1895 ergo,
2898 1833 3160 1895 ofsanctei
3186 1822 3342 1876 Pater
3366 1821 3573 1893 Polybi,
3610 1823 3735 1876 uni-

497 1904 708 1964 versam
744 1890 1209 1964 consequentiam,
1241 1907 1362 1960 quae
1377 1890 1489 1964 fuit
1526 1902 1633 1946 tam
1666 1895 1843 1949 verbis
1872 1909 2034 1963 quam
2072 1893 2247 1957 lactis,
2285 1890 2512 1964 ex'posui
2551 1907 2740 1949 vestrae
2774 1890 2913 1964 apud
2944 1894 3120 1964 Deum
3150 1894 3426 1947 honoratae
3451 1890 3504 1947 et
3530 1902 3735 1946 sancta:

496 1961 694 2033 animae
721 1975 816 2029 per
843 1961 1069 2033 litteras,
1099 1976 1217 2033 quae
1244 1977 1273 2033 a
1304 1962 1459 2033 nobis
1490 1964 1670 2017 missa:
1698 1973 1825 2018 sunt
1857 1961 1951 2032 per
1977 1967 2342 2033 venerandum
2358 1961 2663 2018 _diaconum
2693 1961 2999 2033 Calippum.
3026 1962 3175 2017 Habe
3202 1973 3381 2016 autem
3415 1970 3733 2032 perpetuam

496 2029 604 2091 mei
637 2032 952 2085 memoriam
991 2032 1041 2083 in
1075 2032 1183 2085 tuis
1208 2032 1273 2085 ad
1302 2031 1470 2085 Deum
1500 2029 1870 2100 orationibus,
1895 2044 2081 2087 sancte
2116 2032 2294 2090 Pater.
2330 2034 2505 2088 Tuum
2550 2050 2678 2089 vero
2705 2029 2953 2089 sanctum
2986 2036 3189 2089 clerum
3239 2048 3358 2086 meo
3390 2029 3611 2088 nomine
3641 2044 3735 2086 sa-

492 2100 667 2166 lutare
694 2100 953 2170 digneris,
971 2116 1004 2155 o
1030 2101 1190 2171 digne
1213 2102 1540 2169 sacerdotio,
1558 2115 1745 2158 sancte
1774 2102 1951 2157 Pater.
1971 2100 2078 2157 Ora
2103 2118 2203 2172 pro
2228 2121 2333 2169 me,
2362 2120 2395 2159 ο
2421 2106 2503 2159 vir
2530 2107 2763 2161 maxime
2785 2104 2915 2177 pie.]

1153 2366 1651 2531 ACTA
1789 2370 1946 2523 s.
2050 2322 3048 2527 EPIPHANII

1476 2633 1804 2693 AUCTORE
1838 2637 1903 2691 R.
1938 2639 1999 2694 P.
2046 2639 2202 2697 DAN.
2238 2640 2736 2697 PAPEBROCHIO.

521 2254 3731 2283 F——r————————-——-—~——————-—————-—-——————————-—

1139 2796 1280 2858 (Acta
1301 2802 1576 2849 sanctorum
1601 2797 1827 2849 Bolland.
1844 2836 1856 2858 ,
1879 2800 1993 2850 Maii
2037 2807 2153 2851 tom.
2179 2802 2265 2861 Ill,
2290 2802 2373 2850 die
2397 2801 2471 2861 12,
2495 2815 2543 2863 p.
2566 2802 2643 2851 36.
2672 2802 2915 2863 Venetiis,
2936 2802 3095 2866 1758.)

992 3055 1226 3117 CAPUT
1264 3056 1553 3112 PRIMUM.
2084 3069 2317 3129 Αμαρα
2379 3053 2687 3124 appellant)
2762 3054 2905 3123 quod
2978 3053 3107 3107 olim
3170 3055 3559 3125 patriarcbium
3610 3056 3737 3115 fuit.

489 3168 677 3229 Cultus
710 3168 851 3240 apud
895 3166 1106 3223 ercos
1145 3179 1195 3222 et
1236 3168 1481 3222 Latinos.
1524 3168 1647 3224 Vita
1685 3172 1779 3225 sub
1820 3173 2067 3227 ementita

792 3240 1175 3309 discipulorum
1208 3241 1416 3293 nomine
1444 3241 1753 3309 compilata.

565 3333 617 3387 l.
655 3329 895 3397 Salamis
935 3331 1095 3402 Cypri
1146 3330 1294 3399 (nam
1342 3330 1446 3384 alia
1492 3331 1655 3401 hujus
1701 3334 1938 3389 nominis
1983 3345 2066 3389 est

487 3424 666 3479 insula
691 3434 744 3479 et
775 3424 907 3481 urbs
942 3424 1087 3477 circa
1134 3423 1391 3493 Atticam)
1432 3424 1752 3479 Constantia
1784 3427 2068 3481 dicebatur

488 3515 805 3587 Hieronymi
844 3524 1019 3580 aetate,
1072 3524 1130 3575 ut
1174 3516 1249 3569 ait
1296 3516 1412 3584 ipse
1457 3516 1509 3569 in
1565 3517 1830 3585 epitaphio
1877 3516 2068 3571 Paula:

486 3610 648 3679 epist.
696 3608 786 3661 27.
828 3606 984 3661 Nunc
1027 3615 1321 3675 utrumque
1367 3622 1564 3662 nomen
1597 3608 1777 3672 desiit,
1829 3618 1884 3663 et
1926 3609 2066 3663 dun-

488 3709 642 3761 taxat
666 3698 986 3768 oppidulum
1016 3696 1129 3751 fere
1155 3697 1398 3750 dirutum
1427 3707 1697 3766 superest,
1735 3700 1877 3767 quod
1906 3698 2065 3754 Vete-

486 3809 604 3859 rem
634 3790 1024 3859 Famagustam
1056 3799 1255 3844 vocant
1286 3790 1497 3853 incolre,
1530 3800 1819 3860 postquam
1853 3808 1917 3845 ex
1942 3792 2063 3861 ejus

486 3882 665 3939 ruinis
698 3896 840 3936 nova
888 3879 1147 3945 surrexit,
1185 3896 1306 3949 quae
1340 3880 1519 3936 adhuc
1561 3881 1708 3949 regia
1741 3890 1843 3944 est,
1881 3896 2050 3950 regno

484 3974 615 4030 licet
665 3972 936 4027 exstincto
985 3969 1089 4024 sub
1135 3968 1433 4024 Turcarum
1491 3970 1795 4040 tyrannide.
1852 3969 2052 4024 Eadem

485 4063 813 4136 metropolis
867 4061 1061 4126 insula:
1090 4061 1258 4115 totius
1314 4061 1437 4125 fuit,
1493 4070 1547 4115 et
1603 4062 1804 4116 saeculo
1855 4061 2060 4117 Christi

486 4168 683 4228 quarto
709 4157 1027 4225 episcopum
1073 4154 1263 4209 habuit
1314 4172 1331 4204 ι
1373 4153 1431 4207 S.
1470 4153 1856 4222 Epiphanium,
1885 4170 2047 4223 quem

485 4266 599 4306 non
643 4250 819 4306 solum
859 4249 984 4302 vitae
1023 4249 1369 4304 conversatio
1418 4248 1686 4302 illustrem
1722 4249 1792 4301 ob
1830 4250 2058 4304 virtutes

486 4342 751 4407 reddidit;
795 4356 985 4395 verum
1028 4340 1191 4394 etiam
1247 4339 1537 4403 miracula,
1588 4355 1711 4411 quae
1760 4340 1925 4406 Deus,
1963 4343 2062 4396 ho-

2242 3148 2296 3201 2.
2338 3144 2555 3199 Etenim
2598 3144 2762 3197 etiam
2803 3142 3425 3213 Constantinopolitanat
3456 3148 3735 3217 Ecclesiae,

2174 3253 2327 3309 atque
2376 3251 2440 3289 ac
2480 3235 2579 3290 toti
2622 3233 2830 3287 Orienti
2864 3233 2967 3288 fuit
3008 3235 3059 3288 in
3108 3237 3343 3290 maxima
3390 3240 3740 3295 veneratione

2170 3330 2541 3402 Epiphanius;
2586 3327 2743 3396 cujus
2800 3328 3021 3398 Synaxis
3067 3327 3161 3398 (ut
3195 3328 3395 3384 habent
3437 3330 3638 3386 Menaa
3670 3331 3737 3385 ad

2172 3422 2319 3475 hunc
2349 3419 2418 3474 12
2451 3417 2614 3488 Maii)
2651 3420 2704 3471 in
2738 3420 2886 3488 regia
2929 3418 3016 3471 illa
3059 3419 3189 3473 urbe
3222 3439 3240 3471 ι
3277 3421 3652 3476 celebrabatur
3681 3422 3738 3479 in

2171 3510 2513 3567 sanctissima
2540 3509 2660 3578 ejus
2686 3508 2799 3561 aede
2829 3526 2848 3559 ι
2889 3523 2981 3561 seu
3020 3508 3241 3572 sacello,
3279 3525 3296 3557 ι
3334 3525 3457 3578 quae
3483 3519 3567 3564 est
3591 3510 3739 3569 intra

2168 3600 2427 3670 templum
2479 3598 2676 3653 Sancti
2718 3596 3077 3663 Philemonis,
3132 3616 3151 3650 ι
3202 3601 3380 3668 quod,
3418 3600 3628 3656 Codino
3680 3603 3738 3658 in

2171 3691 2477 3762 Originibus
2523 3689 3127 3758 Constantinopolitanis
3182 3698 3489 3756 attestante,
3547 3709 3566 3743 ι
3628 3690 3738 3746 Eu-

2168 3786 2363 3839 doxius
2418 3782 2765 3837 Constantini
2816 3780 2994 3851 Magni
3042 3782 3307 3851 patricius
3347 3793 3403 3836 et
3448 3782 3737 3852 praefectus

2166 3875 2431 3930 condidit.
2472 3894 2489 3925 ι
2530 3874 2739 3927 Colitur
2771 3883 2949 3927 autem
2981 3872 3051 3925 ibi
3080 3882 3132 3926 et
3153 3873 3279 3926 alibi
3308 3873 3362 3928 S.
3398 3872 3737 3942 Epiphanius

2166 3967 2395 4020 solemni
2436 3966 2602 4019 totius
2627 3965 2731 4019 diei
2768 3963 2976 4029 Ollicio,
3029 3970 3305 4021 communi
3350 3969 3565 4038 quidem
3608 3986 3736 4030 cum

2168 4055 2225 4109 S.
2278 4056 2550 4113 Germano
2597 4056 2905 4124 patriarcha
2946 4057 3588 4139 Constantinopolitano;
3640 4061 3737 4120 sed

2166 4149 2537 4218 principaliori
2567 4149 2688 4202 loco
2716 4168 2727 4202 :
2758 4150 3034 4218 quomodo
3061 4151 3223 4205 etiam
3260 4162 3481 4207 notatur
3514 4154 3569 4207 in
3606 4154 3738 4224 ligu.

2166 4244 2302 4297 ratis
2327 4241 2706 4295 Ruthenorum
2754 4258 2847 4297 seu
2885 4242 3194 4298 Moscorum
3238 4245 3599 4303 Kalendariis.
3635 4249 3737 4304 So-

2167 4335 2278 4388 lum
2314 4344 2489 4388 autem
2526 4335 2675 4387 illum
2704 4346 2911 4404 spectat
2938 4352 3115 4391 canon
3152 4340 3458 4409 sacer,|hoc
3480 4341 3568 4396 die
3599 4356 3739 4411 pra:-

485 4448 622 4488 nore
647 4433 799 4495 illum
833 4430 1043 4487 aliicere
1068 4430 1279 4495 volens,
1314 4432 1433 4499 ipso
1480 4431 1659 4485 adhuc
1693 4434 1983 4500 superstite
2009 4445 2063 4489 et
2093 4435 2134 4490 Β
2164 4426 2401 4495 Scriptus
2437 4426 2538 4480 $th
2570 4428 2670 4480 hac
2702 4428 3096 4482 acrostichide:

485 4532 610 4593 post
636 4522 844 4575 obitum
876 4520 996 4589 ejus
1026 4520 1213 4574 edidit.
1253 4520 1467 4573 Mortuo
1501 4523 1644 4574 enim
1674 4522 1787 4584 illo,
1824 4522 1875 4575 id
1908 4525 2056 4593 quod

482 4612 693 4667 viventi
726 4626 834 4666 non
858 4610 1176 4677 contigerat,
1207 4611 1272 4663 ad
1298 4611 1611 4678 sepulcrum
1640 4612 1757 4681 ejus
1783 4614 2057 4668 daemones

485 4703 788 4768 etiamnum
840 4698 1040 4771 fugari,
1099 4709 1151 4754 et
1182 4702 1355 4753 morbi
1400 4702 1620 4771 quidam
1653 4704 1832 4767 curari
1862 4705 2055 4758 dicun-

485 4806 596 4851 tur.
654 4813 674 4848 ι
709 4794 787 4848 Ita
828 4793 923 4849 lib.
977 4809 1029 4846 γι
1072 4791 1215 4851 Hist.
1259 4794 1467 4857 eccles.,
1513 4811 1633 4863 cap.
1673 4795 1763 4859 27,
1811 4795 2059 4851 Hermias

486 4888 851 4949 Sozomenus,
896 4885 1017 4954 ipso
1057 4886 1216 4954 cujus
1249 4886 1518 4955 principio
1554 4887 1641 4939 ille
1674 4888 1811 4941 obiit
1854 4890 2054 4942 saeculo

484 4979 678 5046 quinto
700 4976 922 5043 florens.
955 4976 1092 5031 Hinc
1133 4976 1358 5043 factum,
1393 4980 1534 5033 sicut
1564 4981 1807 5049 synodus
1836 4982 2054 5040 Nicaena

484 5086 525 5124 ιι
566 5070 764 5125 saecqu
816 5069 1020 5133 Christi
1068 5082 1263 5123 octavo
1307 5070 1599 5133 celebrata,
1651 5080 1755 5125 act.
1805 5072 1838 5124 6
1877 5071 2053 5147 docet,

484 5160 632 5231 quod
665 5178 685 5212 α
722 5160 982 5229 templum
1008 5160 1395 5213 dedicaverunt
1432 5161 1484 5213 in
1522 5161 1847 5231 Cypriorum
1876 5163 2053 5217 insula

483 5252 605 5320 ejus
641 5249 917 5319 discipuli,
967 5258 1347 5317 nuncupantes
1392 5247 1524 5301 illud
1574 5249 1817 5317 ejusdem
1875 5247 2053 5311 Patris

483 5342 776 5405 vocabulo,
808 5348 862 5395 et
904 5356 1029 5395 cum
1076 5326 1264 5399 multis
1309 5339 1432 5394 aliis
1469 5340 1787 5401 titularibus
1822 5339 2053 5409 picturis

483 5432 778 5502 imaginem
812 5432 932 5501 ejus
975 5430 1030 5485 in
1069 5430 1187 5499 ipso
1224 5430 1583 5495 collocarunt,
1624 5450 1643 5487 ι
1688 5431 1904 5501 qualem
1940 5431 2052 5486 sci-

484 5523 611 5585 licet
651 5523 832 5578 videre
872 5523 998 5577 licet
1045 5530 1170 5576 ante
1220 5536 1405 5591 opera,
1448 5521 1671 5577 Petavio
1719 5534 1908 5579 nostro
1950 5540 2050 5579 cu-

483 5621 641 5679 rante
687 5614 832 5677 edita
880 5631 899 5669 ς
956 5628 1021 5674 ex
1072 5622 1385 5683 pervetusto
1436 5614 1675 5685 quodam
1735 5617 2053 5686 exemplari,

484 5701 630 5769 quod
674 5710 850 5757 exstat
921 5700 976 5755 in
1058 5702 1666 5773 Constantinopolitano
1741 5706 2058 5773 antiquissi-

486 5808 579 5861 mo
637 5794 988 5866 monasterio,
1050 5791 1181 5858 Sula
1244 5793 1388 5855 dicto
1438 5796 1638 5875 (vulgo
1678 5795 1749 5857 τὰ
1793 5797 1860 5862 ἐξ
1913 5797 2060 5873 μάρ-

2303 4518 2623 4585 Ἑπιφανίου
2660 4519 2721 4569 τὸ
2753 4518 2912 4581 κῦδος
2942 4519 3144 4589 ἔπλησε
3178 4521 3364 4591 χθόνα.

2307 4608 2525 4663 Terram
2561 4609 2772 4677 replevit
2800 4608 3086 4681 Epiphanii
3120 4612 3297 4664 decus.

2167 4702 2327 4757 Solus
2349 4702 2511 4755 etiam
2548 4700 2638 4754 hic
2661 4700 2714 4753 in
2749 4700 3109 4769 Ephemeride
3136 4703 3358 4756 metrica
3387 4703 3732 4772 nominatur,

2160 4804 2213 4848 et
2235 4795 2453 4862 quidem
2493 4803 2753 4859 tanquam
2787 4795 2886 4845 hac
2908 4792 2995 4844 die
3020 4802 3306 4847 mortuus:

2232 4887 2324 4955 Τῇ.
2346 4884 2438 4937 δύο
2459 4884 2554 4937 καὶ
2576 4884 2777 4956 δεκάτῃ
2801 4884 3118 4951 Ἑπιφάνιον
3154 4885 3318 4955 μόρος
3344 4880 3509 4943 εἷλεν.

2236 4974 2405 5029 Stata:
2435 4974 2518 5027 lea:
2550 4975 2733 5025 mortis
2764 4975 3003 5025 duodena
3040 4972 3372 5042 Epiphanion
3395 4978 3591 5045 aufert.

2162 5068 2321 5123 Certe
2355 5068 2438 5120 vel
2470 5077 2599 5120 tunc
2626 5066 2737 5118 fato
2773 5080 2872 5119 suo
2908 5064 3130 5119 functus
3163 5077 3268 5130 est,
3310 5069 3393 5121 vel
3424 5068 3478 5122 in
3511 5086 3611 5124 sua
3641 5086 3735 5125 ec-

2162 5159 2327 5214 clesia
2366 5168 2490 5227 post
2519 5168 2749 5211 mortem
2787 5158 3055 5226 sepultus,
3113 5158 3255 5211 haud
3294 5158 3387 5213 diu
3442 5170 3731 5231 antequam

2165 5250 2225 5304 ὃ.
2252 5247 2491 5301 Joannes
2524 5245 2977 5317 Chrysoslomus,
3009 5249 3074 5303 de
3112 5264 3219 5318 quo
3255 5249 3417 5317 infra,
3455 5267 3485 5305 a
3523 5254 3731 5323 synodo

2164 5342 2231 5403 ad
2268 5340 2541 5407 Quercum
2581 5340 2964 5410 deponeretur,
3000 5342 3146 5411 quod
3196 5340 3398 5397 factum
3434 5359 3556 5399 esse
3584 5345 3731 5400 circa

2162 5429 2643 5503 mensemﬂulium
2678 5431 2805 5484 anni
2832 5431 2937 5485 405
2958 5447 3024 5487 ex
3058 5429 3321 5499 Palladio,
3354 5433 3731 5505 Chrysostomi

2162 5531 2317 5579 actus
2352 5524 2647 5584 scribente,
2689 5532 2926 5578 constat.

2232 5616 2285 5670 5.
2321 5614 2536 5669 Graecos
2568 5614 2679 5669 cito
2706 5613 2901 5668 imitati
2929 5623 3059 5668 sunt
3091 5612 3290 5675 Latini,
3317 5630 3549 5685 quorum
3588 5617 3735 5672 antis

2163 5707 2465 5777 quissimus
2498 5705 2640 5759 Beda
2676 5706 2728 5759 in
2762 5720 2863 5760 suo
2884 5708 3030 5774 quod
3070 5722 3133 5761 ex
3162 5718 3286 5761 octo
3316 5723 3450 5761 mss.
3481 5708 3735 5763 dedimus

2166 5801 2404 5872 genuino
2476 5798 2894 5873 Martyrologio,
2965 5810 3084 5872 post
3153 5801 3732 5863 commemorationem
