4088 6362
348 340 458 396 117

1351 340 1409 397 S.
1443 338 1795 396 EPIPHANII
1853 338 2036 395 ACTA
2073 340 2576 400 BOLLANDIANA.

3525 322 3627 413 us

360 459 467 513 SS.
502 455 661 513 Nerei
704 464 759 512 et
801 457 1052 521 Achillei,
1106 456 1281 526 primo
1335 458 1457 513 loco
1508 458 1938 519 nominatorum,
1973 457 2020 513 A
2052 456 2345 523 hemiticis,
2377 474 2523 515 anno
2548 458 2687 515 15ὗό
2711 460 2886 515 allatae
2922 460 3125 517 fuerint
3173 464 3227 519 in
3284 464 3628 536 Bobemiam,

350 566 484 603 mox
512 550 685 609 addit,
725 569 744 601 ‹
791 548 847 603 S.
887 549 947 602 P.
980 548 1045 602 N.
1090 548 1379 618 Epiphanii
1412 551 1655 619 episcopi
1696 550 1879 620 Cypri.
1916 569 1934 600 ι

355 641 545 696 Secuti
587 642 703 695 Ado
750 650 804 695 et
850 639 1156 706 Usuardus,
1198 642 1451 696 ultimum
1500 646 1777 706 eumdem,
1824 650 1947 711 post

358 742 590 787 caeteros
620 734 836 787 scilicet
868 734 986 803 ejus
1002 734 1106 788 diei
1142 743 1439 805 martyres,
1481 735 1803 789 locaverunt
1843 736 1946 789 hac

357 822 477 877 fere
523 824 735 893 phrasi,
774 843 793 874 ι
830 825 987 893 Apud
1014 825 1250 894 Cyprum
1290 825 1348 880 S.
1384 825 1447 882 P.
1481 824 1547 880 N.
1576 825 1889 895 Epiphanii,
1921 844 1941 876 ι

356 914 621 984 additque
661 916 780 969 Αιιο
818 934 837 967 ι
880 916 1173 969 Salamina?
1213 916 1476 985 episcopi.
1516 935 1535 967 ι
1574 916 1781 970 Horum
1808 916 1945 970 alio-

357 1022 598 1076 rumque
628 1007 999 1076 posteriorum
1039 1007 1282 1078 vestigiis
1314 1008 1587 1062 inhaerens
1616 1007 1944 1062 hodiernum

357 1096 810 1167 Martyrologium
831 1097 1140 1152 Romanum
1171 1100 1454 1168 sequentia
1482 1098 1644 1152 verba
1667 1098 1947 1152 recitanda

358 1193 619 1263 proponit
653 1212 667 1246 :
712 1212 731 1244 ε
775 1192 1068 1263 Salaminaa
1098 1192 1154 1245 in
1186 1191 1366 1262 Cypro
1407 1191 1464 1247 S.
1507 1192 1799 1261 Epiphanii
1826 1191 1946 1260 epi-

359 1261 538 1353 scopi,
584 1282 675 1352 qui
730 1261 1018 1350 multiplici
1049 1261 1360 1336 eruditione
1389 1291 1443 1337 et
1480 1297 1769 1337 sacrarum
1801 1281 1946 1336 litte-

356 1389 552 1429 rarum
597 1375 831 1428 scientia
860 1374 1151 1438 excellens,
1202 1374 1327 1429 vitae.
1375 1390 1594 1445 quoque
1634 1377 1945 1439 sanctitate,

360 1473 483 1528 zelo
526 1472 811 1527 catholica:
850 1470 1010 1535 ﬁdei,
1069 1471 1442 1524 muniﬁcentia
1488 1471 1541 1524 in
1582 1485 1849 1540 pauperes
1894 1479 1951 1525 et

357 1566 566 1619 virtute
597 1565 989 1620 miraculorum
1025 1564 1235 1618 exstitit
1269 1563 1646 1620 admirandus.
1683 1582 1703 1615 ι

434 1658 491 1712 ι.
526 1657 678 1712 Sitne
716 1658 896 1712 adhuc
923 1656 1125 1726 aliquis
1155 1657 1275 1725 ejus
1307 1656 1486 1712 cultus
1527 1653 1820 1709 Salamina
1847 1670 1944 1709 su-

362 1766 487 1819 per,
518 1761 612 1806 aut
651 1750 873 1822 vestigia
918 1751 1155 1820 sepulcri
1201 1750 1329 1805 olim
1377 1759 1486 1804 tam
1536 1748 1754 1815 famosi,
1798 1747 1945 1802 haud

364 1842 527 1896 facile
570 1841 797 1895 dixero:
834 1841 1094 1895 credibile
1136 1848 1221 1895 est
1254 1856 1378 1895 cum
1419 1839 1641 1894 fortuna
1689 1840 1794 1894 loci
1836 1855 1942 1894 caa-

363 1944 482 1988 tera
526 1950 745 2003 quoque
779 1949 901 1989 esse
941 1936 1139 2004 partim
1179 1934 1407 1999 abolita,
1432 1934 1629 2004 partim
1676 1932 1947 2000 Famagu-

364 2035 508 2079 stam
537 2026 834 2090 translata;
873 2027 961 2079 ubi
992 2026 1158 2079 etiam
1194 2026 1301 2080 hoc
1336 2035 1578 2095 tempore
1612 2042 1641 2079 a
1679 2025 1947 2081 Christia-

365 2120 452 2173 nis
497 2118 691 2172 festum
729 2118 850 2187 ejus
885 2118 1203 2172 solemniter
1244 2118 1354 2188 agi,
1404 2119 1607 2173 indicio
1653 2128 1757 2182 est,
1799 2119 1947 2188 quod

365 2209 612 2264 Thomas
639 2192 985 2272 Porcaccius',
1026 2210 1080 2263 in
1108 2225 1211 2264 suo
1242 2208 1316 2263 De
1345 2211 1536 2263 insulis
1562 2211 1749 2263 mundi
1777 2210 1949 2277 famo-

366 2300 599 2351 sioribus
638 2297 827 2352 Italico
860 2313 1060 2367 opere,
1092 2308 1219 2353 ante
1253 2314 1428 2353 annos
1470 2299 1688 2352 circiter
1727 2309 1946 2353 centum

367 2389 605 2458 primum
637 2390 806 2454 edito,
835 2389 1041 2443 scribat
1072 2404 1196 2459 pag.
1230 2389 1335 2443 150
1365 2389 1621 2443 editionis
1651 2387 1947 2452 Patavinar,

369 2501 389 2531 ‹
423 2482 742 2550 speluncam
791 2480 865 2534 ibi
916 2480 1128 2546 haberi,
1185 2480 1239 2534 in
1288 2496 1455 2549 quam
1506 2478 1563 2533 S.
1612 2478 1949 2548 Epiphanius

370 2570 708 2641 paenitentia:
733 2585 898 2624 causa
926 2570 1120 2625 solitus
1166 2585 1286 2624 sese
1316 2568 1480 2624 fuerit
1499 2569 1746 2638 recipere
1780 2587 1792 2622 :
1825 2584 1950 2638 quae

369 2663 562 2717 eadem
596 2663 647 2715 in
677 2660 962 2731 pervigilio
988 2659 1114 2714 festi
1155 2659 1365 2715 stillare
1392 2659 1582 2729 incipit
1610 2675 1808 2729 aquam
1842 2661 1950 2714 cla-

370 2768 487 2805 ram
529 2752 941 2821 limpidamque,
990 2766 1165 2820 neque
1210 2766 1271 2804 ea
1314 2751 1538 2805 stillatio
1577 2752 1738 2805 ﬁnem
1792 2751 1951 2804 habet

371 2853 499 2897 ante
530 2844 690 2897 ﬁnem
721 2844 828 2897 diei
863 2845 1145 2912 sequentis
1182 2861 1195 2897 :
1230 2844 1373 2897 hanc
1401 2853 1580 2897 autem
1611 2858 1812 2912 aquam
1844 2859 1953 2896 ma-

371 2952 483 3007 gna
508 2953 631 2992 cum
684 2937 976 2991 devotione
1021 2952 1052 2991 a
1119 2937 1302 2991 multis
1342 2936 1546 3006 excipi,
1593 2936 1952 3005 adhiberique

372 3030 582 3083 utiliter
625 3030 692 3084 ad
734 3031 1049 3084 morborum
1099 3029 1420 3084 curationes
1473 3029 1736 3083 divinitus
1781 3029 1954 3097 impe-

373 3126 597 3179 trandas
625 3140 721 3193 per
749 3124 943 3178 merita
972 3123 1283 3194 Epiphanii.
1329 3144 1348 3177 ι
1376 3124 1490 3178 Sub
1515 3124 1674 3193 cujus
1709 3127 1949 3190 nomine,

380 3218 436 3271 in
467 3217 673 3272 horeali
713 3226 870 3287 parte
906 3218 1121 3281 insulae,
1160 3218 1300 3272 inter
1342 3217 1619 3273 Nicosiam
1651 3228 1705 3272 et
1747 3218 1957 3272 Cerau-

375 3308 521 3371 nias,
560 3307 834 3377 hodieque
871 3308 1101 3362 habetur
1131 3310 1286 3363 vicus
1326 3310 1489 3380 vulgo
1512 3308 1697 3364 Sancti
1726 3310 1960 3381 Pipliani

375 3400 594 3466 dictus;
641 3416 753 3469 quo
795 3401 917 3456 loco
977 3400 1149 3457 fuisse
1184 3403 1469 3472 templum,
1516 3404 1570 3457 in
1612 3401 1829 3457 Nicaena
1876 3420 1964 3474 sy-

379 3494 524 3546 nodo
582 3495 951 3556 nominatum,
1001 3495 1132 3547 mihi
1191 3496 1517 3564 persuadeo,
1565 3505 1786 3566 propter
1841 3499 1962 3565 eius

378 3588 755 3644 celebritatem
791 3590 921 3644 olim
952 3598 1160 3644 tantam
1201 3599 1261 3643 ut
1297 3591 1731 3659 promontorium
1764 3592 1829 3644 ad
1862 3591 1964 3646 Ce-

380 3678 627 3742 raunias,
654 3680 816 3749 vulgo
841 3679 1055 3734 Cerines
1095 3694 1417 3742 excurrens,
1459 3694 1658 3733 nomen
1709 3680 1848 3734 idem
1886 3689 1964 3735 te-

380 3781 510 3824 neat
539 3771 593 3823 in
627 3769 903 3825 lnsulario
944 3770 1221 3825 Benedicti
1263 3768 1526 3837 Bordoni,
1556 3785 1761 3825 excuso
1790 3768 1964 3824 Vene-

383 3863 474 3917 tiis
503 3878 648 3917 anno
675 3863 833 3918 1547.

461 3956 515 4012 5.
547 3960 729 4023 Atque
758 3954 885 4010 hinc
934 3955 1321 4011 verosimiliter
1350 3956 1619 4025 conjicere
1655 3956 1830 4025 possit
1862 3956 1961 4009 ali-

381 4053 529 4121 quis,
565 4051 649 4103 vel
680 4065 881 4119 corpus
915 4050 999 4105 vel
1029 4058 1235 4131 partem
1279 4049 1571 4103 notabilem
1611 4048 1859 4118 corporis
1899 4064 1965 4104 eo

382 4144 703 4197 translatam
761 4141 934 4196 fuisse
982 4142 1316 4211 aliquando,
1367 4141 1531 4211 idque
1594 4140 1962 4194 celebritatem

384 4236 505 4289 loco
528 4235 742 4289 dedisse
775 4242 866 4287 :et
907 4233 993 4286 vel
1050 4232 1177 4286 hinc
1208 4232 1293 4287 vel
1335 4247 1400 4286 ex
1459 4232 1633 4286 ruinis
1675 4231 1968 4285 Salamina:

382 4328 725 4395 deportatum
758 4323 930 4377 fuisse
968 4320 1354 4384 Beneventum,
1385 4322 1844 4390 quemadmodum
1877 4335 1967 4375 as-

385 4418 523 4473 serit
550 4416 763 4472 Marius
796 4419 863 4472 de
897 4418 1088 4487 Vipera
1119 4418 1186 4470 de
1222 4416 1426 4470 sanctis
1460 4413 1861 4468 Beneventanis
1893 4412 1962 4466 ad

2057 558 2113 603 et
2164 548 2363 603 Carolo
2414 550 2483 603 IV
2543 552 2857 621 imperatori
2919 564 3258 623 praesentata:
3306 574 3337 613 a
3390 557 3629 615 Protiwa

2058 640 2380 696 Swihowski
2408 641 2710 712 Segniensi,
2729 643 2847 697 viro
2873 646 3014 715 apud
3039 646 3310 704 Bohemos
3338 650 3538 707 illustri
3564 667 3630 707 ac

2052 734 2183 802 regii
2228 735 2555 804 sanguinis:
2605 754 2623 786 ι
2660 751 2780 805 qum
2823 738 3015 792 notitia
3066 756 3213 796 nunc
3257 742 3494 812 primum
3543 760 3631 801 rc-

2063 835 2237 894 perta,
2271 827 2322 879 in
2356 826 2542 882 Dial-io
2583 826 2871 899 Pragensis
2908 829 3164 887 Ecclesiae
3205 834 3384 889 adhuc
3412 834 3630 891 deside-

2052 925 2225 969 ratur.

2127 1006 2180 1061 6.
2214 1005 2394 1060 Vitam
2430 1008 2570 1076 ejus,
2599 1010 2713 1079 jam
2757 1012 2891 1066 olim
2940 1014 3330 1085 conscriptam,
3380 1016 3435 1070 in
3487 1032 3623 1074 mss.

2057 1096 2336 1153 Vaticanis
2369 1098 2572 1155 Graecis
2604 1105 2929 1172 reperimus,
2956 1105 3099 1160 unde
3128 1121 3248 1161 eam
3282 1106 3476 1163 Latine
3502 1109 3630 1164 red-

2055 1196 2224 1248 ditam
2253 1196 2464 1265 primus
2491 1198 2665 1253 edidit
2692 1199 3051 1269 Lipomanus,
3086 1201 3283 1257 deinde
3319 1200 3537 1268 Surius,
3566 1219 3633 1265 ac

2054 1287 2290 1357 denique
2317 1287 2596 1355 Petavius,
2634 1291 2700 1345 ad
2734 1292 2940 1348 calcem
2975 1294 3107 1348 tomi
3139 1292 3203 1360 ll,
3239 1295 3424 1351 addito
3465 1295 3631 1353 etiam

2050 1390 2309 1435 contextu
2341 1381 2552 1449 Graeco,
2593 1385 2771 1454 qualis
2801 1386 2854 1439 in
2901 1385 3156 1443 Medican
3202 1388 3346 1459 regis
3380 1387 3634 1449 Francia:

2052 1488 2155 1527 ms.
2205 1473 2605 1541 inveniebatur,
2637 1492 2800 1545 quem
2834 1487 2887 1531 et
2931 1493 3032 1532 nos
3076 1478 3203 1533 inde
3234 1480 3633 1551 transcriptum

2055 1579 2460 1633 acceperamus.
2504 1566 2578 1621 Ea
2628 1577 2793 1624 testes
2836 1578 2890 1623 et
2931 1582 3185 1626 auctores
3239 1570 3457 1641 przefert
3495 1572 3633 1628 duos

2051 1657 2172 1727 ejus
2216 1658 2553 1728 discipulos;
2593 1662 2776 1732 primo
2816 1660 3108 1726 Joannem,
3151 1663 3310 1733 quasi
3360 1663 3450 1717 hic
3492 1663 3633 1718 inter

2053 1749 2170 1819 ejus
2198 1749 2500 1820 discipulos
2538 1751 2594 1806 in
2635 1754 2970 1808 monasterio
3004 1769 3169 1819 unus,
3209 1768 3274 1809 ac
3310 1754 3630 1823 peregrina-

2054 1843 2265 1897 tionum
2314 1841 2591 1898 variarum
2629 1860 2817 1900 comes
2858 1844 3173 1899 individuus
3213 1858 3387 1913 usque
3431 1846 3483 1898 in
3526 1842 3631 1914 Cy-

2055 1953 2213 2008 prum
2246 1937 2529 2007 scripserit
2566 1953 2627 1991 ea
2660 1952 2783 2006 qua:
2817 1944 3073 1990 sanctum
3109 1935 3317 1989 viderat
3340 1934 3632 1990 facientem

2060 2028 2342 2094 miracula,
2371 2042 2548 2098 usque
2575 2028 2628 2080 in
2652 2027 2801 2080 diem
2833 2041 2943 2096 quo
2969 2024 3135 2094 ccepit
3156 2035 3461 2079 extremum
3486 2026 3635 2095 ipse-

2057 2128 2169 2173 met
2190 2128 2456 2189 aegrotare
2493 2134 2505 2169 :
2541 2118 2740 2172 deinde
2771 2117 3080 2187 Polybium,
3106 2117 3194 2172 cui
3230 2116 3370 2171 idem
3395 2115 3634 2173 Joannes

2056 2211 2354 2265 moriturus
2377 2210 2715 2280 conscriptas
2743 2226 2771 2263 a
2808 2224 2867 2264 se
2908 2211 3130 2263 chartas
3161 2209 3467 2273 tradiderit,
3499 2225 3634 2279 prae-

2057 2303 2264 2372 cipiens
2293 2311 2353 2356 ut
2393 2318 2517 2371 quae
2562 2311 3036 2370 consequerentur
3076 2301 3362 2354 mandaret
3396 2300 3635 2367 litteris;

2059 2395 2492 2463 promittensque
2538 2394 2871 2464 adjiciendos
2923 2392 2973 2447 ei
3028 2406 3204 2447 annos
3246 2392 3395 2458 vitae,
3429 2401 3489 2447 ut
3524 2401 3636 2449 toto

2057 2496 2301 2556 tempore
2333 2496 2675 2556 permaneret
2705 2485 2848 2555 apud
2884 2485 3255 2556 Epiphanium
3288 2502 3300 2537 :
3340 2485 3433 2556 qui
3470 2486 3635 2540 etiam

2058 2575 2320 2649 Polybius
2388 2577 2511 2632 loco
2561 2576 2793 2632 Joannis
2854 2577 2924 2630 ab
2987 2576 3294 2647 Epiphanio
3356 2576 3636 2632 ordinatus

2058 2671 2360 2742 presbyter,
2404 2685 2660 2739 eumque,
2695 2679 2746 2723 et
2778 2668 3007 2722 Romam
3046 2678 3100 2723 et
3141 2669 3225 2723 bis
3258 2667 3636 2724 Constantino-

2059 2765 2223 2834 polim
2249 2773 2302 2819 et
2331 2763 2594 2817 aliorsum
2626 2763 2944 2827 comitatus,
2982 2772 3259 2815 mortuum
3295 2762 3564 2816 revexerit
3586 2761 3639 2816 in

2060 2859 2336 2930 Cyprum;
2371 2866 2424 2911 et
2459 2858 2586 2923 quia
2616 2871 2849 2926 corpore
2885 2856 3006 2925 ejus
3045 2856 3225 2909 adhuc
3273 2855 3547 2925 insepulto
3576 2869 3638 2910 ex

2063 2963 2318 3017 suprema
2369 2948 2489 3016 ejus
2539 2947 2821 3001 voluntate
2872 2944 3151 3015 profectus
3201 2946 3257 2998 in
3307 2942 3643 2998 Thebaidem
3689 2983 3701 2994 .

2064 3042 2136 3094 ibi
2166 3050 2389 3095 coactus
2429 3039 2601 3094 fuerit;
2660 3039 2965 3094 subsistere
3014 3037 3193 3092 factus
3241 3035 3639 3091 Rhinocoruris

2063 3132 2373 3200 episcopus,
2409 3138 2533 3199 post
2554 3145 2758 3184 annum
2796 3144 2967 3183 unum
3004 3136 3101 3181 aut
3133 3128 3372 3196 amplius
3402 3128 3638 3195 scripse-

2064 3224 2135 3275 rit
2167 3223 2233 3275 ad
2269 3220 2557 3291 Epiphanii
2601 3235 2978 3275 successorem
3015 3218 3302 3284 Sabinum,
3345 3218 3414 3272 ab
3459 3231 3641 3286 eoque

2062 3314 2278 3381 petierit
2303 3314 2368 3367 de
2401 3314 2564 3368 modo
2587 3322 2640 3367 et
2664 3321 2912 3382 tempore
2941 3314 3236 3382 sepulturae
3258 3310 3529 3380 praadicta:
3551 3324 3641 3380 per

2063 3404 2271 3458 litteras
2320 3404 2563 3458 instrui:
2597 3413 2762 3473 atque
2798 3386 2887 3457 ita
2935 3419 3062 3459 cum
3124 3402 3315 3461 Sabini
3372 3416 3643 3472 responso

2066 3497 2257 3549 ﬁnitur
2286 3512 2347 3550 ea
2383 3495 2524 3549 Vita.

2136 3586 2352 3641 Utinam
2393 3603 2457 3642 ea
2514 3587 2595 3642 sic
2634 3594 2695 3641 ut
2749 3586 3136 3657 praeferuntur,
3174 3588 3309 3643 Acta
3368 3595 3556 3644 essent
3585 3602 3651 3643 ac

2063 3680 2289 3749 scripta.
2320 3677 2437 3733 Non
2485 3678 2799 3733 doleremus
2832 3679 2887 3732 in
2934 3680 3028 3733 tali
3075 3678 3193 3732 Vita
3240 3679 3376 3733 nihil
3421 3678 3646 3734 omnino

2062 3788 2205 3836 esse,
2242 3772 2390 3841 quod
2422 3780 2541 3826 tuto
2589 3771 2739 3828 credi
2776 3771 2971 3841 possit,
3001 3772 3094 3827 sed
3126 3772 3275 3825 omni
3311 3771 3417 3826 ﬁde
3440 3771 3645 3841 dignis-

2065 3867 2202 3921 sima
2249 3866 2427 3922 forent
2481 3868 2717 3936 singula,
2765 3883 2944 3937 neque
2988 3865 3149 3919 facile
3188 3864 3400 3933 uspiam
3450 3872 3546 3917 aut
3584 3863 3647 3917 ab

2067 3959 2298 4027 ipsomet
2330 3958 2639 4029 Epiphanio
2672 3968 2767 4013 aut
2797 3975 2827 4013 a
2857 3972 3165 4013 coaworum
3196 3964 3484 4010 auctorum
3512 3954 3647 4009 alio-

2070 4064 2191 4102 rum
2245 4050 2465 4119 scriptis
2513 4051 2896 4104 invenirentur
2927 4049 3261 4117 discrepare.
3316 4045 3474 4101 Nunc
3519 4061 3648 4101 vero

2072 4138 2325 4211 plurimis
2359 4139 2492 4193 Acta
2525 4154 2589 4192 ea
2621 4155 2743 4194 esse
2770 4138 3018 4193 conferta
3057 4136 3360 4191 mendaciis
3399 4134 3650 4204 judicare

2068 4240 2294 4300 cogetur
2328 4246 2453 4285 cum
2489 4229 2749 4293 Baronio,
2782 4232 2848 4284 ad
2877 4245 2967 4283 an.
3001 4228 3109 4283 572
3142 4243 3295 4282 num.
3336 4226 3460 4291 108,
3501 4226 3653 4300 quisa

2070 4324 2192 4392 quis
2218 4338 2338 4376 eam
2367 4323 2664 4377 contulerit
2684 4338 2808 4376 cum
2834 4321 2973 4376 infra
2997 4319 3371 4390 proponendis
3399 4318 3653 4375 censuris

2072 4430 2168 4468 seu
2217 4414 2725 4480 observationibus;
2780 4430 2905 4468 nam
2944 4413 3277 4482 ipsam,jam
3323 4410 3522 4479 saepius
3548 4408 3648 4463 La-

384 4510 535 4565 lmnc
564 4510 731 4574 diem,
761 4508 951 4564 Ofﬁcio
984 4509 1185 4579 duplici
1216 4519 1497 4578 propterea
1526 4516 1795 4573 notatum,
1825 4506 1959 4559 alle-
1995 4536 2041 4591 Β
2074 4505 2208 4570 tine,
2241 4506 2408 4560 semel
2444 4507 2610 4560 etiam
2648 4505 2835 4561 Graece
2880 4520 3163 4568 excusam,
3199 4502 3480 4567 recudere,
3531 4510 3651 4556 tan-

382 4618 521 4671 gans
561 4621 581 4653 ι
609 4601 1053 4673 Martyrologium
1084 4618 1189 4657 ms.
1225 4602 1510 4671 antiquum
1546 4601 1599 4653 in
1632 4600 1959 4654 bibliotheca

384 4681 766 4747 Beneventana
800 4695 1095 4756 exsistens,
1142 4694 1415 4762 signatum
1460 4710 1513 4746 ιι.
1558 4692 1662 4746 178
1701 4694 1806 4747 sub
1828 4707 1963 4761 prae-

385 4785 532 4838 dicta
559 4786 646 4839 die
678 4804 691 4839 :
724 4802 835 4855 quo
865 4802 993 4841 vero
1050 4797 1291 4858 tempore
1329 4789 1551 4842 allatum
1604 4790 1675 4843 sit
1717 4805 1822 4841 non
1867 4789 1961 4842 ad~

385 4876 547 4940 verti,
599 4893 619 4925 ι
665 4876 1006 4945 signiﬁcans.
1056 4876 1221 4931 Plura
1278 4878 1345 4932 de
1385 4879 1740 4947 reliquiarum
1793 4889 1968 4931 tanta-

384 4983 511 5021 rum
545 4967 809 5037 qualitate
856 4976 912 5022 et
961 4969 1313 5025 veneratione
1368 4970 1629 5024 hodierna
1684 4970 1967 5038 cupientes

384 5060 622 5123 discere,
654 5060 864 5115 litteras
910 5060 979 5114 ad
1023 5061 1235 5131 collegii
1292 5061 1421 5117 istic
1469 5062 1645 5117 nostri
1696 5070 1965 5116 rectorem

386 5152 663 5215 dedimus,
709 5151 870 5221 cujus
919 5168 1281 5223 responsum,
1328 5155 1589 5208 hactenus
1632 5155 1833 5208 frustra
1874 5168 1969 5208 ex-

387 5253 719 5313 spectatum,
766 5245 812 5298 si
854 5244 1152 5313 aliquando
1183 5246 1536 5314 accipiamus,
1568 5248 1813 5301 notitiam
1840 5246 1966 5301 inde

387 5336 647 5390 haustam
695 5352 802 5392 non
850 5338 1219 5393 invidcbimus
1258 5340 1349 5408 pio
1398 5340 1608 5394 lectori.
1640 5340 1861 5393 Interim
1904 5355 1970 5394 ex

388 5428 621 5495 epistola
677 5428 900 5483 Thomaa
951 5431 1018 5484 de
1074 5429 1386 5486 Czechorod
1444 5432 1685 5501 episcopi
1740 5430 1971 5485 Saman-

390 5513 632 5567 driensis
658 5515 1018 5586 ejusdemque
1042 5516 1335 5587 Pragensis
1362 5520 1575 5585 decani,
1622 5522 1690 5575 ad
1736 5537 1823 5575 me
1865 5522 1967 5576 sub

390 5605 559 5663 ﬁnem
588 5609 715 5660 anui
736 5608 869 5662 1677
905 5613 1041 5663 data:
1065 5626 1298 5680 suggero
1320 5629 1333 5676 ;
1355 5613 1498 5681 quod
1525 5631 1542 5662 ‹
1568 5613 1764 5682 aliqua
1787 5632 1804 5664 ι
1827 5614 1974 5683 ejus-

392 5698 521 5752 dem
580 5716 599 5749 ‹
656 5699 714 5754 S.
783 5700 1075 5772 Epiphanii
1120 5704 1374 5773 reliqua,
1423 5720 1532 5758 una
1579 5721 1701 5759 cum
1748 5707 1975 5763 brachio

396 5790 459 5847 ὃ.
490 5790 706 5850 Thecla:
729 5804 784 5851 et
808 5797 981 5868 capite
1014 5796 1176 5853 unius
1219 5813 1289 5852 ex
1332 5796 1718 5856 lnnocentibus
1755 5798 1967 5856 Bethle-

2072 4608 2186 4653 tum
2213 4597 2589 4663 utrefellatur,
2617 4613 2796 4667 operm
2832 4598 3065 4667 pretium
3119 4612 3224 4650 non
3279 4604 3384 4650 est.
3428 4592 3651 4648 Tolera-

2072 4708 2197 4745 mus
2220 4691 2439 4761 quidem
2486 4690 2640 4743 Vitas
2692 4691 2743 4743 in
2786 4692 2890 4743 hoc
2929 4705 3093 4759 opere
3133 4689 3358 4752 multas,
3387 4687 3517 4741 dum
3547 4701 3650 4741 me-

2072 4784 2238 4837 liores
2281 4798 2386 4835 non
2442 4792 2754 4851 suppetunt,
2800 4782 2968 4836 ntevis
3021 4781 3352 4849 quandoque
3396 4779 3652 4848 gravibus

2071 4892 2324 4945 aspersas
2360 4892 2629 4946 :quarum
2664 4884 2918 4929 auctores
2951 4875 3249 4937 credimus,
3284 4873 3426 4926 bona
3461 4886 3651 4941 quam-

2074 4970 2178 5029 vis.
2220 4969 2449 5024 nimium
2484 4977 2664 5021 tamen
2698 4966 2933 5036 simplici
2964 4965 3071 5018 ﬁde
3105 4965 3395 5018 mandasse
3432 4962 3650 5026 litteris,

2071 5077 2195 5135 qua
2230 5062 2384 5131 plura
2414 5069 2537 5131 post
2569 5060 2767 5115 saecula
2792 5059 2990 5129 partim
3019 5074 3086 5112 ex
3113 5055 3506 5111 vetustioribus
3530 5070 3650 5108 mo-

2072 5156 2392 5218 numentis,
2457 5153 2653 5221 partim
2720 5167 2787 5205 ex
2852 5150 3198 5220 popularium
3263 5146 3651 5202 traditionibus

2074 5247 2458 5314 compilarunt.
2485 5244 2591 5299 Sed
2621 5260 2715 5298 eas
2747 5242 2982 5312 amplius
3011 5241 3156 5295 ferre
3196 5255 3304 5293 non
3331 5234 3649 5309 possumus”,

2073 5354 2196 5409 qua:
2239 5339 2379 5391 mala
2424 5337 2531 5391 ﬁde
2568 5336 2885 5389 nominibus
2907 5334 3101 5387 alienis
3142 5332 3460 5401 suppositae,
3499 5337 3652 5383 tanto

2076 5431 2305 5501 gravius
2334 5429 2617 5483 offendunt
2640 5430 2704 5481 ad
2729 5427 2839 5480 veri
2873 5424 3108 5493 falsique
3130 5424 3424 5478 discrimen
3449 5419 3655 5476 exemi?

2075 5534 2246 5578 tatum
2290 5525 2568 5586 lectorem,
2594 5528 2804 5590 quanto
2853 5520 3069 5588 turpius
3112 5516 3405 5585 imponunt
3436 5513 3649 5581 simpli-

2074 5617 2338 5671 cioribus.
2372 5614 2507 5670 Cum
2546 5614 2691 5668 enim
2731 5612 2837 5665 illis
2873 5620 3100 5665 eatenus
3140 5608 3228 5679 pia
3280 5614 3496 5673 aptetur
3539 5619 3650 5658 cre-

2077 5709 2299 5769 dulitas,
2330 5714 2598 5776 quatenus
2628 5704 2771 5757 nulla
2800 5704 2851 5756 in
2884 5700 3223 5757 contrarium
3247 5705 3427 5752 onstat
3457 5704 3646 5749 aucto-

2079 5801 2213 5855 ritas
2245 5799 2448 5854 certior
2470 5797 2552 5852 vel
2586 5797 2729 5852 ratio
2764 5793 3049 5852 dubitandi
3081 5789 3448 5862 prazgnantior
3480 5804 3493 5842 :
3529 5788 3657 5842 istis
