4088 6362
465 314 569 370 ΗΠ

1490 314 1545 368 S.
1584 313 1930 371 EPIPIIANII
1980 317 2160 373 ACTA
2202 318 2704 382 BOLLANDIANA.

3615 332 3721 389 I20

464 427 601 489 nihil
640 435 760 483 tuto
810 428 1077 493 creditur,
1121 429 1229 485 nisi
1266 432 1413 501 quod
1474 435 1695 491 aliunde
1763 438 2044 494 invenitur
2074 446 2118 503 Α
2151 445 2569 511 exprobrarent,
2602 461 2668 500 ac
2710 446 2895 501 secum
2940 440 3171 503 invicem
3209 446 3500 503 illudentes
3533 450 3604 505 ita
3638 453 3723 505 lo-

465 520 783 579 testimonio
829 522 1003 593 magis
1040 522 1241 577 idoneo
1284 526 1689 583 confirmatum.
1740 528 1927 599 Itaque
1975 532 2043 586 iis

465 628 587 683 qua:
607 612 721 669 dixi
748 612 899 670 Actis
939 614 1185 680 omissis,
1224 632 1287 671 ea
1321 618 1579 689 colligere
1612 624 1901 693 aggredior
1920 640 2043 692 quae

467 704 584 774 ipse
612 704 680 761 de
727 721 786 761 se
825 721 1000 776 pauca
1034 708 1195 773 satis,
1231 709 1390 779 plura
1436 728 1559 781 quae
1610 715 1701 769 alii
1751 715 2044 771 indubitati

466 796 762 867 scriptores
788 808 1100 869 suggerent.

1078 892 1310 947 CAPUT
1352 894 1414 949 Il.

469 976 620 1035 Casti
646 978 994 1064 adolescentis
1020 986 1392 1064 monachatus,
1416 989 1536 1043 vita:
1558 1001 1688 1044 tetas
1719 1004 1768 1045 et
1800 992 2044 1061 quaedam

939 1055 995 1106 in
1024 1055 1330 1125 episcopatu
1355 1067 1522 1127 gesta.

539 1163 596 1217 7.
648 1162 939 1235 Epiphanii
1001 1169 1235 1237 patriam
1295 1170 1808 1244 institutionemque
1861 1178 2046 1232 adole-

470 1254 675 1315 scentis
711 1253 1049 1312 Sozomenus
1076 1260 1312 1329 explicat
1347 1262 1443 1317 lib.
1480 1280 1530 1317 vt
1566 1281 1684 1335 cap.
1716 1267 1805 1329 52,
1848 1268 1937 1321 ubi
1982 1268 2049 1322 de

471 1348 759 1407 monachis
792 1346 1095 1405 Palmstinae
1130 1352 1385 1424 loquens,
1425 1373 1444 1406 σ
1480 1355 1556 1410 Ex
1598 1373 1810 1421 eorum,
1851 1361 2046 1431 inquit,

472 1453 704 1498 numero
731 1437 834 1493 fuit
864 1437 1189 1511 Hesychius,
1221 1442 1519 1501 Hilarionis
1551 1450 1787 1515 sodalis;
1832 1461 1887 1505 et
1921 1452 2049 1523 Epi-

474 1529 731 1603 phanius,
768 1532 864 1601 qui
894 1542 1081 1601 postea
1114 1532 1411 1593 Salaminis
1446 1538 1501 1592 in
1541 1539 1721 1610 Cypro
1756 1544 2049 1614 episcopus

475 1618 596 1681 fuit.
618 1619 684 1675 Et
713 1618 1019 1693 Hesychius
1048 1625 1266 1693 quidem
1307 1627 1361 1682 in
1409 1629 1599 1683 eodem
1637 1648 1747 1701 quo
1788 1636 2049 1705 magister

474 1714 593 1772 loco
624 1714 1042 1785 philosophatus
1080 1728 1194 1785 est;
1227 1718 1565 1789 Epiphanius
1606 1739 1733 1777 vero
1764 1725 1919 1794 juxta
1948 1726 2049 1779 Be-

476 1805 766 1866 sanducem
816 1808 1020 1875 vicum,
1061 1810 1116 1863 in
1180 1813 1460 1867 territorio
1509 1813 2051 1887 Eleutheropolitano

476 1895 660 1962 iitum,
693 1911 761 1953 ex
790 1912 901 1967 quo
952 1911 1107 1953 ortus
1154 1896 1351 1953 fuerat.
1398 1898 1502 1966 Qui
1549 1917 1674 1955 cum
1716 1909 1785 1957 ab
1828 1904 2051 1960 ineunte

476 1986 841 2045 adolescentia
875 2003 903 2041 a
933 1988 1405 2059 praestantissimis
1448 1992 1733 2047 monachis
1764 1993 2051 2049 institutus

475 2078 689 2148 fuisset,
718 2080 948 2151 ejusque
1003 2082 1081 2137 rei
1128 2096 1295 2137 causa
1354 2083 1449 2137 diu
1511 2095 1756 2141 moratus
1800 2096 1947 2142 esset
1994 2088 2047 2141 in

475 2170 743 2244 Algypto,
805 2173 857 2226 in
911 2173 1215 2228 monastica
1279 2175 1625 2245 philosophia
1659 2179 2051 2234 celeberrimus

473 2264 700 2321 exstitit.
744 2282 762 2315 ι
794 2263 874 2321 Ac
911 2266 1149 2335 primum
1181 2266 1401 2336 quidem
1446 2268 1860 2339 disciplinarum
1908 2272 2052 2327 litte-

474 2356 743 2420 rariarum
786 2371 955 2412 causa
998 2358 1222 2427 petitam
1268 2359 1337 2413 ab
1398 2375 1464 2414 eo
1507 2360 1842 2432 .IEgyptum,
1888 2373 2051 2433 atque

473 2445 609 2506 adeo
640 2446 696 2503 in
728 2446 945 2501 fortuna
975 2447 1200 2514 minime
1229 2450 1378 2502 tenui
1413 2459 1625 2516 natum,
1661 2453 1792 2505 mihi
1824 2469 2052 2522 persua-

473 2541 565 2597 det
606 2541 743 2612 ipse,
776 2542 832 2596 in
885 2541 1028 2595 libro
1057 2540 1135 2595 De
1176 2543 1484 2607 hceresibus,
1526 2544 1724 2599 haeresi
1752 2545 1821 2599 26
1855 2546 1945 2600 ubi
1985 2548 2052 2602 de

473 2628 749 2688 Gnostiels
789 2646 978 2700 agens,
1023 2631 1243 2702 inquit:
1289 2652 1306 2683 ι
1359 2634 1425 2687 Et
1466 2650 1586 2699 nos,
1621 2635 1955 2704 charissimi,
1994 2640 2048 2695 in

474 2722 617 2779 hanc
652 2722 904 2777 haeresim
932 2712 1245 2786 incidimus,
1271 2733 1325 2779 et
1354 2740 1420 2779 ex
1452 2726 1689 2795 ipsomet
1714 2744 1927 2791 eorum,
1954 2729 2050 2799 qui

473 2813 615 2872 hanc
666 2815 887 2883 proprie
926 2823 980 2869 et
1019 2830 1087 2868 ex
1122 2814 1376 2869 instituto
1424 2824 1678 2881 tractant,
1712 2834 1807 2873 ore
1840 2836 1904 2873 ac
1931 2836 2051 2873 ma-

473 2907 694 2978 gisterio
724 2906 1049 2972 didicimus;
1097 2928 1115 2959 ι
1160 2909 1349 2977 utique
1391 2910 1710 2979 priusquam
1746 2914 2050 2967 monachus

473 3008 645 3066 esset;
673 3009 726 3055 et
758 3016 884 3055 cum
927 3001 1109 3055 adhuc
1155 3001 1260 3055 alia
1308 3002 1513 3067 omnia,
1559 3020 1792 3073 quorum
1843 3006 2051 3060 scilicet

473 3108 636 3147 causa
666 3092 720 3146 in
752 3089 1046 3164 Egyptum
1089 3103 1333 3159 venerat,
1372 3095 1552 3149 studia
1591 3104 1851 3150 tractaret
1886 3114 1897 3149 :
1928 3113 2048 3167 qua:
2077 3134 2120 3192 Ο

474 3193 657 3250 autem
687 3186 793 3241 alia
823 3201 987 3256 quam
1028 3185 1333 3241 litterariai
1375 3202 1502 3241 cum
1552 3186 1939 3242 Gnosticorum
1984 3190 2051 3241 li-

476 3278 631 3345 bros,
664 3277 985 3348 priusquam
1040 3279 1382 3348 perniciosos
1408 3294 1530 3335 esse
1556 3290 1765 3341 nosset,
1808 3282 2054 3336 studiose

475 3386 506 3425 ιι
550 3385 609 3425 se
641 3370 811 3425 lectos
844 3370 1099 3424 fateatur.
1148 3369 1252 3436 Qui
1304 3386 1434 3426 vero
1468 3370 1536 3425 ad
1584 3372 1686 3425 hoc
1716 3374 2053 3441 peregrinari

477 3462 688 3531 juvenis
718 3472 871 3517 extra
908 3464 1139 3532 patriam
1184 3464 1382 3532 potuit,
1417 3478 1762 3534 consequens
1791 3474 1874 3519 est
1908 3477 1965 3519 ut
1997 3467 2053 3521 in

476 3555 648 3626 patria
679 3554 933 3611 credatur
965 3556 1221 3610 habuisse
1269 3566 1524 3625 parentes
1592 3558 1727 3612 satis
1765 3560 2054 3627 opulentos

478 3646 543 3702 ad
576 3646 829 3701 alendum
864 3662 1087 3716 peregre
1129 3647 1334 3712 filium,
1373 3649 1653 3718 probeque
1684 3648 2050 3717 Christianos,

478 3754 540 3797 ex
574 3753 810 3808 quorum
845 3738 1191 3792 institutione
1234 3754 1356 3793 eam
1402 3742 1570 3795 traxit
1609 3742 1949 3796 castimoniae
1979 3752 2055 3797 te-

478 3833 668 3895 nenda:
698 3832 1090 3897 constantiam,
1131 3849 1254 3903 quae
1292 3835 1471 3902 ipsum
1517 3836 1756 3889 servavit
1795 3836 2055 3906 impollu-

478 3932 592 3983 tum
633 3922 773 3983 inter
808 3921 1093 3977 illecebras
1133 3932 1187 3977 et
1234 3923 1429 3979 sordes
1475 3923 1883 3979 Gnosdcorum.
1937 3925 2056 3996 Ipse

478 4012 755 4089 quomodo
787 4027 881 4068 eas
908 4014 1144 4067 evaserit
1168 4013 1298 4069 loco
1322 4014 1434 4084 jam
1465 4016 1632 4069 citato
1665 4016 1745 4070 sic
1784 4016 2051 4084 explicat:

547 4107 602 4160 8.
650 4124 669 4157 ‹
706 4105 785 4159 Ad
818 4106 1191 4175 magisterium
1225 4106 1499 4163 haereseos
1544 4107 1691 4161 illius
1727 4118 2058 4176 comparatae

479 4196 827 4268 acceptaeque
857 4197 1140 4263 mulieres,
1180 4214 1290 4251 non
1322 4198 1501 4253 solum
1544 4200 1854 4254 istiusmodi
1896 4202 2057 4255 nobis

479 4303 765 4344 sermones
811 4289 1137 4359 injeceruut.
1168 4292 1263 4347 sed
1305 4292 1550 4363 insuper,
1606 4292 1873 4364 .JEgypthe
1911 4295 2058 4350 illius

480 4380 704 4451 perditas
729 4396 793 4435 ac
824 4381 1176 4452 nequissimae
1217 4382 1434 4438 feminae
1468 4385 1662 4448 instar,
1697 4402 1819 4454 quze
1845 4402 2059 4457 coquo-

480 4488 604 4526 rum
630 4472 891 4542 principis
920 4488 1057 4527 uxor
1088 4484 1228 4540 erat,
1261 4476 1525 4543 petulanti
1566 4494 1666 4532 nos
1704 4488 1902 4533 conatu
1934 4495 2057 4549 per—
2088 4505 2134 4559 ι)

481 4564 720 4631 trahere,
764 4570 882 4617 tum
928 4580 1052 4619 cum
1101 4566 1312 4620 florenti
1363 4568 1543 4623 adhuc
1587 4577 1747 4621 aetate
1785 4584 2058 4635 essemus,

480 4672 752 4729 aggressa:
778 4666 925 4712 sunt.
959 4656 1161 4713 Verum
1199 4659 1245 4713 is
1288 4660 1383 4728 qui
1430 4660 1779 4716 sanctissime
1821 4659 2061 4730 Josepho

483 4762 600 4805 tum
644 4750 836 4814 astitit,
873 4750 1033 4806 nobis
1080 4767 1300 4821 quoque
1351 4761 1547 4820 przesto
1605 4751 1738 4817 fuit;
1790 4762 1847 4806 et
1914 4754 2063 4809 hunc

481 4846 686 4916 ipsum,
722 4844 815 4914 qui
857 4844 1010 4898 illum
1046 4860 1114 4899 eo
1158 4847 1210 4900 in
1252 4846 1494 4914 periculo
1543 4846 1813 4910 liberavit,
1861 4845 2061 4917 implo-

482 4946 691 5004 rantes,
740 4937 866 4992 licet
919 4936 1128 5006 indigni
1186 4953 1250 4990 ac
1308 4947 1460 4993 tanto
1511 4938 1778 4993 beneficio
1822 4941 2061 5009 impares

483 5046 758 5093 essemus,
786 5029 1036 5099 ejusdem
1080 5029 1409 5098 benignitate
1440 5045 1505 5093 ac
1532 5030 1910 5085 misericordia
1938 5046 2063 5100 per-

484 5121 725 5175 niciosas
757 5120 976 5176 illarum
1008 5135 1203 5176 manus
1235 5120 1551 5191 effugimus,
1599 5138 1664 5177 ac
1710 5122 2062 5177 sanctissimo

486 5208 599 5264 Deo
628 5211 1045 5280 gratulatorium
1082 5226 1301 5267 carmen
1345 5212 1665 5277 cecinimus,
1698 5221 1757 5269 ut
1801 5214 1853 5268 id
1896 5229 2060 5267 usur-

487 5318 618 5373 pare
655 5305 852 5359 merito
878 5290 1197 5374 possemus:
1240 5304 1526 5360 Cantemus
1561 5306 1804 5371 Domino,
1838 5306 2064 5377 gloriose

486 5395 627 5451 enim
664 5397 1039 5467 magniﬁcatus
1074 5405 1175 5458 est.
1214 5413 1403 5467 equum
1433 5406 1484 5451 et
1515 5415 1844 5457 ascensorem
1875 5398 2065 5466 dejecit

486 5486 544 5545 in
596 5502 741 5543 mare
796 5487 1011 5557 (Exod.
1044 5504 1123 5553 ιι,
1167 5490 1241 5560 1).
1295 5488 1483 5559 Neque
1524 5491 1669 5545 enim
1716 5491 1968 5544 similiter
2007 5499 2069 5545 ut

490 5573 580 5636 ille
609 5577 920 5644 patriarcha
937 5580 987 5633 vi
1004 5580 1241 5650 quadam
1268 5582 1488 5636 virtutis
1509 5597 1574 5636 ac
1595 5582 1821 5651 justitia:
1844 5594 2065 5644 nostra,

492 5664 587 5730 sed
625 5665 749 5721 fuso
772 5669 839 5724 ad
879 5669 1049 5727 Deum
1086 5673 1290 5743 gemitu
1330 5675 1451 5742 ejus
1497 5691 1687 5730 sumus
1719 5675 2069 5729 miseratione

494 5758 713 5825 servati.
749 5759 882 5829 Cum
913 5764 1075 5831 etiam
1103 5766 1235 5827 mihi
1270 5776 1453 5839 pestes
1488 5768 1594 5833 illac
1628 5784 1723 5838 per
1766 5767 2066 5835 ludibrium

2146 546 2448 605 querentur
2482 556 2495 591 :
2535 537 2690 593 Ilunc
2717 542 2971 607 juvenem
3006 554 3227 593 servare
3270 554 3377 592 non
3422 541 3721 608 potuimus,

2148 628 2240 682 sed
2281 629 2334 682 iu
2369 630 2624 685 manibus
2662 632 2924 700 principis
2955 632 3133 700 perire
3174 630 3577 687 sivimus.Nam
3602 651 3725 703 qua:

2148 718 2322 773 forma
2364 720 2504 775 inter
2533 722 2653 777 illas
2686 722 2997 779 liberaliore
3029 733 3110 777 est
3133 762 3148 786 ,
3191 726 3536 793 semetipsam
3578 728 3726 781 velut

2146 827 2325 867 escam
2365 824 2528 883 atque
2556 814 2869 869 illecebram
2900 815 3112 884 objicit,
3141 823 3201 870 ut
3225 831 3366 885 quos
3396 818 3449 870 in
3476 817 3721 876 fraudem

2148 903 2268 972 ipsa
2300 904 2603 972 pellexerit,
2649 920 2756 958 non
2782 920 2878 959 eos
2914 905 3207 977 proﬂigare
3253 922 3317 961 ac
3360 909 3604 977 perdere,
3627 908 3723 965 sed

2147 997 2359 1064 eripere
2392 996 2672 1050 dicatur...
2706 998 2773 1051 Et
2798 1007 2956 1051 erant
2991 1012 3141 1064 sane,
3171 1015 3294 1069 qua:
3337 1008 3451 1055 tum
3490 1002 3573 1057 his
3600 1018 3723 1057 ver-

2148 1084 2343 1137 borum
2374 1085 2764 1141 blandimentis
2804 1102 2867 1141 ac
2907 1088 3197 1144 lenociniis
3240 1090 3557 1157 utebantur,
3602 1108 3727 1148 cor-

2152 1176 2325 1242 poris,
2384 1192 2496 1245 quo
2549 1178 2613 1231 ad
2658 1178 2997 1246 peccandum
3054 1180 3446 1247 abutebantur,
3498 1193 3723 1239 venusta

2150 1281 2272 1320 cum
2299 1267 2492 1335 primis
2517 1268 2728 1337 specie;
2757 1268 2850 1321 sed
2877 1268 3191 1324 misericors
3232 1269 3377 1325 Deus
3402 1272 3472 1325 ab
3504 1272 3724 1328 illarum

2149 1356 2495 1426 improbitate
2535 1373 2637 1411 nos
2678 1360 2899 1427 eripuit,
2956 1360 3091 1413 adeo
3143 1370 3204 1415 ut
3246 1362 3557 1431 (postquam
3603 1363 3727 1416 illo-

2150 1464 2269 1501 rum
2306 1448 2475 1503 libros
2505 1452 2832 1519 perlegimus
2868 1460 2921 1505 et
2950 1452 3017 1506 ad
3053 1454 3303 1507 veritatis
3351 1454 3724 1525 cognitionem

2150 1538 2393 1591 animum
2421 1539 2745 1608 adjecimus,
2762 1557 2859 1595 nec
2876 1542 3090 1598 abducti
3115 1544 3199 1597 vel
3215 1559 3405 1598 earum
3454 1544 3727 1603 illecebris

2150 1630 2290 1699 capti
2317 1645 2529 1696 sumus;
2564 1633 2655 1685 Sed
2688 1631 2978 1701 effugimus
2999 1634 3237 1705 tandem)
3271 1651 3394 1690 mox
3418 1637 3482 1690 ad
3512 1637 3730 1707 episco:

2154 1736 2271 1791 pos,
2301 1722 2393 1790 qui
2420 1723 2472 1774 in
2499 1722 2592 1775 illo
2633 1723 2754 1777 loco
2790 1734 2965 1786 erant,
2997 1725 3213 1780 deferre
3247 1728 3641 1794 studuerimus,
3674 1737 3731 1784 et

2154 1827 2345 1865 eorum
2371 1812 2634 1867 hactenus
2658 1814 2837 1882 ignota
2864 1816 3086 1869 nomina
3116 1818 3169 1870 in
3196 1816 3440 1873 Ecclesia
3457 1819 3726 1889 detegere.

2152 1901 2232 1957 Ex
2251 1919 2361 1972 quo
2386 1903 2590 1957 factum
2621 1914 2725 1967 est,
2757 1914 2813 1959 ut
2834 1906 3115 1976 octoginta
3141 1906 3255 1962 fere
3279 1910 3455 1977 capita
3478 1910 3732 1965 exsulare

2144 1995 2297 2065 jussa
2331 2011 2361 2049 a
2389 1996 2519 2050 lolio
2547 1996 2834 2066 spinisque
2854 1998 2970 2052 suis
3003 2007 3351 2069 repurgatam
3382 2001 3571 2055 urbem
3601 2001 3732 2057 reli-

2150 2087 2388 2158 querint.
2432 2106 2451 2137 ι

2223 2180 2276 2235 9.
2320 2180 2591 2235 Caeterum
2622 2181 2916 2249 spurcitias
2940 2182 3089 2237 illius
3118 2182 3392 2238 haereseos
3422 2182 3656 2238 lectione
3672 2189 3731 2237 et

2152 2287 2553 2336 semtoue,non
2585 2283 2763 2325 autem
2793 2281 2847 2324 et
2866 2288 2968 2325 usu
2991 2273 3261 2341 cognitas,
3286 2274 3483 2327 iterum
3505 2272 3732 2326 iterum-

2151 2380 2257 2433 que
2284 2374 2512 2418 testatur
2544 2363 2880 2432 Epiphanius
2904 2364 2975 2417 ita
3006 2380 3344 2433 prosequens
3382 2383 3393 2418 :
3425 2382 3444 2416 ι
3474 2363 3732 2419 Ostendi-

2154 2470 2277 2507 mus
2314 2470 2475 2507 unam
2505 2455 2651 2507 illam
2672 2471 2737 2510 ex
2772 2456 2839 2510 iis
2872 2455 3170 2509 hmresibus
3188 2470 3331 2521 esse,
3358 2456 3426 2510 de
3454 2469 3563 2524 qua
3590 2455 3729 2511 certi

2151 2544 2534 2613 exploratique
2581 2546 2782 2615 aliquid
2819 2546 3012 2600 afferre
3054 2562 3379 2615 possemus;
3416 2562 3523 2601 non
3562 2561 3629 2601 ex
3657 2561 3726 2601 eo

2152 2638 2294 2705 quod
2322 2636 2653 2705 gesserimus
2678 2638 2777 2706 ipsi
2799 2639 3029 2709 (avertat
3050 2639 3152 2693 hoc
3174 2655 3203 2692 a
3221 2638 3379 2694 nobis
3394 2637 3537 2692 Deus
3552 2638 3612 2707 ι).
3636 2638 3731 2694 sed

2152 2743 2221 2780 ex
2247 2743 2311 2781 eo
2335 2730 2481 2796 quod
2512 2729 2580 2783 ab
2603 2730 2669 2784 iis
2694 2741 2948 2785 accurate
2977 2731 3294 2797 didicimus,
3327 2731 3421 2800 qui
3462 2730 3607 2783 illam
3634 2745 3734 2784 no-

2153 2816 2239 2873 bis
2266 2820 2595 2886 persuadere
2628 2818 2833 2873 frustra
2873 2821 3185 2885 voluerunt,
3220 2829 3275 2874 et
3313 2830 3634 2890 conceptam
3664 2821 3735 2875 de

2152 2920 2339 2962 nostro
2365 2909 2533 2964 exitio
2565 2926 2713 2979 spem
2755 2912 2972 2979 penitus
3030 2912 3391 2981 abjecerunt;
3444 2927 3570 2966 cum
3605 2911 3737 2966 insi.

2152 2999 2255 3053 dia:
2282 3015 2474 3054 omnes
2519 3016 2583 3055 ac
2632 3000 2875 3066 fraudes,
2930 3019 3069 3071 quas
3124 3005 3190 3058 ad
3256 3003 3493 3060 infelicis
3538 3004 3736 3059 animae

2154 3104 2358 3147 nostra:
2382 3080 2692 3163 perniciem
2726 3103 2835 3148 tam
2860 3095 2963 3163 ipsi
2996 3111 3160 3164 quam
3191 3096 3284 3166 qui
3316 3096 3369 3149 in
3416 3096 3554 3166 ipsis
3592 3097 3736 3151 inest

2156 3185 2407 3239 diabolus
2463 3186 2759 3241 machinati
2809 3187 3057 3251 fuerant,
3110 3189 3279 3243 irritae
3328 3199 3491 3258 atque
3541 3189 3735 3244 inanes

2155 3279 2523 3343 exstitissent;
2568 3289 2625 3334 ut
2669 3282 2771 3335 hoc
2800 3297 2831 3336 a
2863 3281 3067 3337 Davide
3102 3282 3307 3336 dictum
3356 3281 3739 3337 accommodas

2156 3372 2367 3425 tissime
2418 3387 2688 3441 usurpare
2736 3374 3049 3442 possimus,
3100 3373 3328 3444 Sagitta:
3386 3373 3735 3444 parvulorum

2157 3463 2317 3531 {actm
2346 3474 2469 3516 sunt
2502 3464 2672 3533 plaga:
2706 3481 2892 3519 eorum
2922 3465 3100 3533 (Psal.
3141 3481 3299 3531 LXIII,
3336 3466 3413 3535 8),
3450 3475 3553 3520 etc.
3576 3484 3591 3533 ;
3618 3476 3736 3520 tum

2156 3552 2310 3615 illud,
2350 3552 2694 3609 Convertelur
2725 3555 2878 3609 labor
2913 3572 3093 3609 eorum
3120 3557 3174 3609 in
3204 3568 3362 3625 caput
3393 3558 3650 3625 ipsorum,
3683 3564 3737 3609 et

2156 3647 2409 3716 iniquitas
2433 3664 2617 3700 eorum
2641 3649 2695 3700 in
2718 3649 2964 3701 verticem
2995 3650 3229 3715 ipsorum
3259 3647 3531 3701 descendet
3556 3646 3737 3717 (Psaf.

2153 3754 2255 3803 vn,
2286 3738 2395 3808 I7).
2422 3738 2591 3809 Igitur
2622 3739 3087 3808 quemadmodum
3116 3739 3197 3794 sic
3227 3754 3330 3793 nos
3366 3739 3419 3792 in
3452 3738 3606 3792 illum
3646 3753 3739 3793 er-

2159 3847 2338 3886 rorem
2389 3830 2747 3894 incurrimus,
2804 3839 2864 3883 ut
2910 3831 3057 3884 illius
3102 3845 3300 3884 noxam
3342 3830 3734 3899 effugeremus;

2162 3938 2402 3992 eumque
2454 3923 2688 3977 simulac
2740 3922 2973 3991 legimus
3016 3921 3359 3987 damnantes,
3397 3922 3533 3976 salvi
3572 3932 3737 3991 atque

2160 4017 2463 4070 incolumes
2494 4014 2866 4083 praetergressi
2908 4029 3102 4069 sumus
3130 4032 3144 4069 :
3178 4014 3250 4067 ita
3292 4023 3363 4080 te,
3396 4013 3647 4083 quisquis
3675 4028 3737 4069 es

2159 4108 2253 4177 qui
2289 4108 2391 4161 ista
2420 4106 2575 4175 legis,
2612 4106 2918 4169 hortamur,
2957 4090 3017 4158 υἷ
3056 4105 3193 4159 lecta
3237 4106 3443 4175 pariter
3481 4120 3545 4160 ac
3583 4105 3741 4160 dam-

2159 4209 2287 4253 nata
2335 4198 2631 4261 transilias,
2689 4214 2757 4250 ne
2809 4197 2862 4250 in
2918 4209 3231 4265 serpentum
3281 4197 3549 4266 ejusmodi
3593 4197 3743 4253 velut

2162 4290 2528 4358 improbitatis
2563 4289 2837 4358 quoddam
2874 4290 3025 4344 virus
3058 4290 3301 4357 incidas;
3338 4306 3402 4345 ae
3440 4290 3484 4345 si
3518 4288 3740 4359 quando

2160 4382 2392 4439 forsitan
2422 4399 2486 4437 ex
2514 4383 2617 4436 hac
2651 4392 2964 4451 serpentum
3009 4383 3197 4439 schola
3236 4384 3547 4453 quempiam
3572 4382 3743 4437 offen-

2162 4477 2330 4540 deris,
2382 4476 2563 4530 subito
2612 4476 2817 4543 lignum
2862 4477 3015 4540 illud,
3058 4478 3206 4547 quod
3252 4479 3410 4532 nobis
3444 4492 3474 4531 a
3508 4476 3740 4532 Domino

2163 4578 2538 4639 comparatum
2568 4576 2653 4622 est
2674 4577 2727 4621 et
2756 4568 2938 4636 inquo
2960 4567 3213 4624 Christus
3246 4568 3439 4622 aflixus
3466 4576 3572 4630 est,
3602 4568 3743 4621 arri-

2162 4662 2300 4730 pias.
2343 4681 2360 4712 ι
2396 4658 2672 4714 Ilactenus
2698 4658 3060 4728 Epiphanius.
3091 4676 3155 4715 ex
3189 4660 3391 4729 quibus
3421 4661 3555 4715 satis
3587 4674 3744 4715 veroo

2164 4754 2339 4809 simile
2372 4753 2520 4807 reddi
2547 4763 2824 4821 putamus,
2850 4752 2997 4822 quod
3045 4752 3201 4806 initio
3248 4753 3382 4816 dixi,
3424 4768 3571 4817 eum,
3615 4769 3744 4811 cum

2163 4846 2218 4901 in
2284 4845 2585 4915 periculum
2647 4846 2789 4899 istud
2842 4844 3054 4909 incidit,
3113 4844 3491 4899 Christianum
3549 4844 3743 4912 fuisse,

2164 4950 2311 4996 caste
2338 4956 2402 4994 ac
2424 4940 2617 5009 pudice
2642 4956 2671 4992 a
2706 4938 3037 4993 Christianis
3062 4938 3377 5007 parentibus
3401 4938 3696 4993 educatum
3722 4956 3741 4995 :

2165 5044 2387 5102 apparet
2408 5032 2573 5086 etiam
2606 5032 2837 5087 necdum
2869 5031 3070 5086 szeculo
3098 5032 3469 5095 renuntiasse,
3503 5030 3570 5084 de
3627 5045 3739 5101 quo

2166 5125 2327 5178 talem
2359 5140 2510 5187 spem
2544 5124 2647 5179 sibi
2692 5124 2964 5177 tinxerant
3009 5122 3293 5187 Gnostici;
3342 5131 3533 5177 contra
3578 5136 3743 5191 quam

2165 5233 2292 5271 eum
2338 5216 2497 5270 nobis
2553 5214 2927 5270 commentitia
2984 5214 3117 5269 Acta
3166 5224 3584 5283 repraesentant,
3631 5210 3745 5266 Ju-

2166 5310 2343 5364 daaum
2380 5324 2446 5361 ex
2472 5306 2698 5369 Judaais,
2724 5306 2901 5376 iisque
2941 5306 3240 5361 rusticanis
3286 5314 3341 5360 et
3388 5304 3739 5374 pauperibus,

2167 5409 2223 5455 et
2260 5399 2414 5469 prius
2446 5400 2499 5453 in
2532 5398 2708 5468 patria
2746 5414 2845 5453 sua
2887 5397 3240 5463 monachum,
3280 5410 3445 5465 quam
3487 5395 3613 5449 inde
3648 5407 3746 5463 pe-

2168 5489 2290 5545 dem
2319 5489 2552 5544 eerrret.

2244 5581 2330 5637 10.
2365 5580 2564 5635 Eadem
2605 5589 2881 5647 asserunt,
2919 5581 3099 5649 ipsum
3140 5580 3282 5633 inter
3332 5573 3745 5630 valedicendum

2173 5676 2574 5743 interrogatum
2604 5673 2673 5726 ab
2705 5672 3035 5740 imperatore
3074 5669 3310 5724 Arcadio
3350 5687 3369 5719 ι
3402 5675 3537 5736 quot
3569 5679 3747 5725 annos

2175 5776 2317 5833 esset
2348 5773 2532 5829 natus,
2570 5762 2941 5837 respondisse,
2978 5771 3195 5823 centum
3228 5769 3281 5817 et
3313 5757 3651 5839 quindecim,
3689 5762 3753 5818 et
