4088 6362
366 352 515 409 J21

1428 352 1486 407 S.
1521 351 1867 407 EPIPHANII
1907 353 2091 403 AC'IA
2132 353 2637 405 BOLLANDIANA.

3566 355 3670 421 is:

392 480 528 523 tres
576 479 810 521 menses.
837 483 883 515 ει
932 463 1024 518 Sic
1065 472 1244 518 autem
1279 464 1486 521 dixisse
1519 485 1533 521 :
1568 484 1587 517 ι
1628 466 1727 520 Fui
1771 467 1985 535 episco-
2015 469 2057 521 A
2086 466 2275 533 liaris;
2308 467 2452 536 quod
2480 480 2654 535 usque
2688 464 2799 528 ille,
2828 464 3011 519 nimia:
3038 479 3154 519 suae
3188 463 3521 521 celebritatis
3540 480 3668 535 per—

393 575 541 629 pus.
579 574 701 613 cum
748 572 922 611 essem
968 572 1142 611 annos
1167 556 1448 627 sexaginta
1492 568 1694 626 natus;
1746 558 1824 613 iui
1864 572 1994 611 vero

396 652 473 705 in
515 651 827 720 episcopatu
860 648 1255 718 quinquaginta
1292 650 1538 720 quinque
1582 666 1757 706 annos
1797 659 1851 705 et
1882 660 1993 705 tres

398 758 653 797 menses.
705 760 724 791 ι
772 740 877 795 Sed
922 740 976 794 in
1024 756 1296 796 annorum
1336 757 1569 797 numero
1622 743 1815 798 vitium
1866 758 1994 799 esse

398 834 633 905 aliquod
674 848 833 888 nemo
865 833 1216 896 dubitaverit,
1263 836 1439 903 primo
1472 836 1601 905 quia
1623 834 1992 906 Hieronymus

398 940 562 978 anno
595 923 700 978 592
751 923 819 977 de
856 922 1163 993 Epiphanio
1202 925 1470 989 scribens,
1525 926 1577 980 id
1622 935 1724 988 est,
1778 927 1991 981 decimo

396 1024 542 1069 ante
570 1015 690 1082 ejus
721 1023 951 1068 mortem
981 1029 1147 1079 anno,
1180 1017 1377 1070 asserit
1418 1034 1437 1068 ‹
1472 1017 1527 1071 in
1558 1025 1804 1072 extrema
1832 1028 1991 1072 aetate

397 1108 565 1161 varia
609 1106 789 1161 adhuc
822 1106 1021 1161 cudere
1056 1108 1353 1176 opuscula;
1406 1128 1424 1161 ι
1470 1109 1616 1179 quod
1652 1125 1814 1164 nemo
1865 1121 1990 1179 apte

396 1199 739 1254 intellexerit
776 1199 843 1253 de
891 1200 1112 1255 homine
1159 1211 1377 1255 centum
1426 1210 1483 1256 et
1530 1202 1773 1272 quinque
1816 1218 1989 1258 annos

398 1288 850 1345 nato..Secundo
878 1292 1007 1361 quia
1038 1308 1304 1347 annorum
1338 1305 1555 1349 centum
1588 1304 1643 1350 et
1669 1295 1985 1365 quindecim

394 1397 619 1446 senem,
653 1398 814 1437 nemo
843 1384 1027 1438 credet
1067 1384 1186 1454 ejus
1220 1384 1391 1440 fuisse
1434 1387 1659 1455 vigoris,
1711 1396 1770 1443 ut
1821 1388 1869 1441 ei
1918 1387 1988 1440 li-

395 1474 594 1530 buerit
621 1474 1155 1543 ConstantinOpolim
1197 1477 1473 1547 navigare.
1524 1477 1709 1534 Tertio
1755 1479 1883 1548 quia
1930 1479 1987 1533 in

395 1566 653 1637 Dialogo,
686 1566 779 1635 qui
807 1567 876 1619 de
906 1565 1027 1619 Vita
1053 1565 1112 1620 S.
1132 1566 1364 1623 Joannis
1405 1568 1789 1640 Chrysostomi
1807 1582 1989 1627 exstat

396 1660 515 1715 sub
541 1659 758 1713 nomine
780 1657 1025 1719 Palladii,
1050 1660 1206 1726 quasi
1238 1675 1305 1713 ex
1330 1675 1585 1717 sermone
1607 1663 1793 1717 habito
1827 1666 1986 1720 Sozi-

398 1750 487 1805 mi
522 1749 683 1819 Papa:
715 1758 983 1819 tempore,
1024 1750 1077 1803 id
1112 1760 1197 1805 est
1240 1767 1385 1805 anno
1431 1753 1557 1819 418,
1615 1755 1757 1810 inter
1805 1756 1984 1812 Palla-

2098 562 2282 620 taasus,
2321 556 2463 610 circa
2496 571 2698 608 annum
2748 556 2851 609 560
2891 554 3136 625 profugit
3167 555 3222 609 in
3253 555 3571 626 Egyptum,
3604 573 3669 611 ac

2092 647 2330 717 denique
2365 647 2421 701 in
2453 647 2691 717 Cyprum
2722 661 2823 700 'an.
2874 646 2981 700 564
3026 648 3134 699 ubi-
3159 661 3283 700 cum
3324 649 3460 702 mori
3485 650 3667 704 conti-

2092 740 2258 809 gisset
2301 739 2596 793 Salaminis
2640 740 2982 809 episcopum,
3025 739 3166 793 haud
3210 740 3451 794 mirabor
3501 740 3548 796 si
3599 757 3669 795 ex

2094 829 2394 887 Hilarionis
2442 831 2677 885 consilio
2732 831 3043 900 postulatus
3087 847 3118 885 e
3162 829 3452 885 Palaestina
3504 830 3670 887 fuerit

2090 921 2433 993 Epiphanius
2461 941 2474 976 :
2503 924 2595 994 qui
2628 925 2890 979 libentius
2920 939 3061 977 onus
3088 924 3231 979 istud
3253 925 3558 992 admiserit,
3599 941 3669 980 ne

2089 1016 2418 1069 Arianorum
2472 1025 2817 1085 grassantem
2878 1017 2981 1071 sub
3042 1015 3269 1071 Valente
3321 1001 3665 1088 tyrannidem

2090 1115 2338 1175 spectare
2367 1118 2422 1162 et
2472 1108 2742 1162 sustinere
2792 1117 3099 1178 cogeretur,
3143 1117 3198 1163 et
3248 1110 3377 1179 quia
3426 1118 3667 1166 veterem

2092 1198 2394 1267 Spiritualis
2445 1197 2573 1252 vita:
2622 1198 2949 1267 magistrum
3006 1208 3099 1254 aut
3145 1200 3355 1254 socium
3399 1200 3471 1253 ibi
3522 1209 3669 1256 esset

2089 1297 2423 1357 reperturus,
2456 1296 2512 1342 et
2539 1302 2605 1341 eo
2627 1289 2803 1356 quoad
2830 1288 3033 1342 viveret
3059 1287 3350 1343 fruiturus.
3392 1287 3541 1343 Vixit
3568 1306 3667 1345 au-

2088 1388 2195 1434 tem
2220 1378 2465 1433 Hilarion
2514 1394 2686 1449 usque
2733 1379 2801 1432 ad
2851 1394 3057 1433 annum
3104 1381 3280 1435 aetatis
3322 1379 3414 1443 80,
3461 1380 3665 1437 Christi

2088 1470 2213 1534 572,
2244 1470 2464 1540 quando
2495 1488 2513 1520 ι
2546 1470 2612 1524 de
2633 1470 2752 1538 ejus
2778 1470 3033 1524 laudibus
3068 1471 3282 1525 brevem
3318 1472 3604 1540 epistolam
3640 1491 3659 1523 ι

2089 1562 2231 1616 idem
2264 1562 2597 1630 Epiphanius
2619 1581 2636 1612 ι
2664 1562 2906 1631 scripsit,
2934 1581 2952 1613 ι
2977 1564 3190 1617 sicutin
3222 1562 3342 1617 Vita
3368 1562 3664 1619 Hilarionis

2087 1662 2318 1709 testatur
2360 1653 2417 1707 S.
2466 1652 2873 1725 Hieronymus:
2905 1670 2971 1709 ex
3014 1655 3173 1725 cujus
3220 1658 3385 1711 etiam
3432 1657 3677 1727 epistola

2088 1745 2176 1808 61,
2206 1745 2274 1798 ad
2306 1745 2713 1799 Pammachium
2748 1746 3037 1811 discimus,
3067 1747 3215 1817 quod
3244 1764 3310 1803 eo
3354 1766 3375 1799 α
3422 1758 3665 1815 tempore

394 1841 563 1895 dium
633 1840 1139 1909 Helenopolitanum
1212 1843 1531 1912 episcopum
1601 1844 1984 1917 Chrysostomi
2020 1830 2060 1884 Β
2088 1855 2198 1908 quo
2227 1846 2403 1892 totum
2435 1838 2736 1904 Orientem,
2772 1852 2999 1908 excepto
3045 1856 3183 1910 papa
3235 1842 3535 1897 Athanasio
3576 1854 3665 1897 at-

394 1934 734 2003 discipulum
761 1944 815 1989 et
836 1933 1185 1989 Theodorum
1220 1934 1483 1990 Romanae
1519 1937 1774 1993 Ecclesia:
1805 1941 1988 1995 diaco-

398 2042 566 2091 num,
594 2026 817 2093 dicitur,
846 2025 991 2095 quod
1025 2025 1361 2096 Epiphanius
1385 2046 1404 2079 ι
1436 2029 1657 2099 triginta
1682 2047 1775 2085 sex
1812 2047 1986 2089 annos

398 2114 666 2171 Ecclesia:
715 2115 955 2186 praefuit,
1008 2117 1110 2171 sub
1148 2116 1382 2174 Damaso
1425 2128 1479 2174 et
1519 2119 1749 2193 Syricio,
1796 2140 1815 2174 ι
1848 2139 1987 2193 quo—

397 2222 529 2262 rum
562 2209 714 2277 prior
741 2224 887 2262 anno
918 2208 1026 2263 558
1055 2210 1243 2279 cnspit,
1292 2211 1428 2265 alter
1478 2228 1623 2268 anno
1664 2213 1769 2267 598
1802 2215 1983 2273 desiit.

395 2297 702 2354 Numerum
734 2309 917 2354 autem
954 2315 1225 2354 annorum
1268 2300 1338 2354 55
1388 2301 1598 2373 integre
1634 2304 1980 2373 expleturum

394 2406 529 2446 cum
560 2391 717 2446 initio
751 2392 881 2446 anni
911 2391 979 2446 56
1007 2393 1055 2447 si
1104 2401 1311 2458 teneas,
1355 2403 1552 2449 caetera
1601 2396 1745 2450 haud
1773 2398 1985 2451 incom-

395 2482 567 2537 mode
596 2499 721 2537 cum
776 2483 1009 2538 veritate
1044 2485 1388 2551 consistent;
1427 2486 1503 2540 ita
1551 2495 1613 2540 ut
1654 2489 1833 2543 aetatis
1870 2505 1984 2544 sua:

394 2589 548 2629 anno
575 2574 643 2629 96
686 2574 887 2629 obierit
931 2585 1179 2638 sanctus,
1227 2577 1519 2646 solumque
1548 2592 1612 2632 ex
1668 2580 1768 2633 levi
1815 2580 1981 2636 unius

394 2664 598 2719 litterae
624 2679 834 2730 errore,
863 2681 973 2734 quo
1000 2671 1071 2717 νε¹
1100 2666 1381 2735 scripserit
1409 2667 1610 2736 aliquis
1637 2684 1734 2737 pro
1759 2668 1830 2721 λε’
1862 2685 1981 2739 per-

393 2755 599 2811 ductus
654 2755 819 2810 fuerit
858 2757 1118 2812 Actorum
1168 2766 1360 2812 auctor
1412 2758 1465 2811 in
1519 2759 1788 2814 calculum
1844 2762 1981 2816 adeo

393 2847 821 2902 exorbitantem.
881 2846 974 2901 Sic
1022 2864 1151 2902 vero
1201 2848 1309 2903 dici
1358 2850 1561 2919 poterit
1615 2850 1976 2921 Epiphanius,

395 2951 549 2990 anno
588 2937 693 2993 568
736 2938 981 3003 ineunte,
1014 2938 1192 2994 factus
1236 2941 1547 3010 episcopus,
1592 2951 1646 2996 et
1692 2958 1838 2998 anno
1877 2945 1981 3000 508

396 3039 582 3085 natus.
616 3029 691 3082 De
716 3044 828 3099 quo
859 3030 989 3084 dum
1024 3030 1075 3083 in
1114 3029 1349 3099 Synopsi
1393 3032 1460 3085 ad
1492 3034 1820 3088 Ancoratum
1860 3037 1980 3104 ejus

397 3122 620 3191 legitur,
653 3121 799 3192 quod
832 3141 851 3173 ‹
893 3123 1124 3191 primam
1161 3126 1449 3180 monastici
1495 3126 1727 3181 instituti
1772 3131 1980 3183 exerci-

398 3213 661 3266 tationem
693 3213 749 3266 in
789 3210 1023 3282 Egypto
1053 3214 1313 3282 suscepit,
1351 3215 1535 3285 ibique
1559 3217 1626 3271 ad
1657 3217 1979 3273 vicesimum

398 3318 576 3372 usque
608 3304 787 3358 astatis
810 3319 1013 3358 annum
1050 3308 1372 3375 permansit,
1407 3309 1582 3364 donec
1622 3311 1686 3364 ad
1729 3310 1982 3366 Eleuthe-

399 3393 767 3465 ropolitanam
802 3400 1078 3466 regionem
1105 3414 1357 3453 reversus
1396 3403 1790 3456 monasterium
1829 3402 1883 3456 in
1915 3419 1979 3457 ea

399 3486 666 3555 condidit,
710 3508 729 3539 ι
766 3488 929 3543 datur
960 3490 1188 3559 intelligi
1224 3506 1368 3545 anno
1413 3491 1518 3546 529
1566 3493 1871 3548 excessisse
1914 3509 1982 3548 ex

399 3578 659 3650 tEgypto,
696 3581 943 3651 adeoque
974 3596 1083 3635 non
1112 3582 1268 3637 valde
1300 3584 1520 3653 longum
1545 3584 1717 3640 fuisse
1741 3593 1979 3655 tempus,

398 3688 513 3741 quo
540 3672 615 3726 ibi
648 3673 792 3727 inter
818 3676 1118 3730 monachos
1140 3676 1341 3732 vixisse
1367 3679 1609 3747 potuerit
1641 3697 1655 3734 :
1684 3688 1738 3733 et
1769 3678 1982 3733 denun-

396 3765 684 3821 tiationem
713 3765 861 3819 illam
894 3765 1307 3832 Gnosticorum,
1334 3771 1604 3839 episcopis
1635 3772 1981 3827 Alexandria:

396 3858 742 3929 congregatis
768 3858 993 3925 factam,
1019 3869 1144 3929 apte
1174 3860 1364 3915 referri
1387 3877 1551 3930 posse
1574 3863 1628 3916 in
1651 3861 1977 3920 Januarium

395 3952 530 4005 anni
570 3950 696 4017 526,
738 3953 957 4021 quando
1003 3965 1220 4007 mortuo
1259 3954 1317 4009 S.
1352 3952 1666 4010 Alexandro
1695 3958 1974 4028 episcopo,

395 4038 465 4095 ad
530 4056 910 4097 successorem
978 4040 1036 4095 S.
1098 4043 1462 4097 Athanasium
1529 4046 1974 4101 substituendum

394 4132 771 4187 eo‘nvenerunt
796 4133 1061 4202 episcopi.
1098 4114 1210 4187 Nec
1252 4122 1400 4188 enim
1440 4135 1658 4190 videtur
1683 4141 1977 4194 convenire

394 4234 457 4278 ut
478 4223 699 4278 biennio
721 4225 883 4279 citius
908 4224 961 4279 id
1000 4224 1198 4283 fecisse
1236 4225 1470 4292 dicatur,
1507 4236 1637 4295 puta
1674 4243 1819 4284 anno
1844 4230 1972 4297 524,

393 4317 620 4386 quando
652 4318 979 4386 przesidente
1008 4316 1175 4371 Hosio
1210 4318 1550 4374 Cordubensi
1579 4322 1849 4378 celebrata
1888 4335 1973 4380 est

394 4410 641 4480 synodus
689 4410 1079 4472 Alexandrina,
1122 4420 1252 4466 tunc
1308 4413 1453 4466 enim
1516 4429 1783 4469 annorum
1836 4418 1974 4473 dun-

395 4510 551 4554 taxat
577 4500 809 4555 sedecim
838 4501 1158 4555 adolescens
1193 4492 1405 4557 fuisset.

478 4592 561 4645 11.
594 4589 663 4645 Ut
692 4601 751 4645 ut
778 4591 869 4655 sit,
901 4591 1083 4645 statim
1124 4601 1250 4660 post
1296 4593 1445 4646 illam
1482 4593 1972 4664 denuntiationem,

396 4683 625 4741 dimissa
652 4682 1002 4746 Alexandria,
1031 4698 1275 4737 eremum
1308 4685 1532 4753 petitam
1567 4687 1636 4741 ab
1670 4686 1976 4757 Epiphanio

395 4775 586 4830 nullus
636 4773 826 4829 dubito
874 4791 888 4827 :
933 4790 1058 4828 cum
1105 4784 1285 4829 autem
1334 4776 1381 4830 is
1432 4776 1591 4831 rediit
1645 4778 1699 4833 in
1758 4778 1971 4849 Syriam

386 4867 645 4938 junxisse
675 4880 735 4921 se
755 4864 932 4934 potuit
958 4863 1015 4919 S.
1045 4864 1334 4931 Hilarioni,
1360 4868 1427 4921 de
1456 4884 1567 4937 quo
1590 4869 1735 4923 circa
1768 4885 1971 4925 annum

390 4960 520 5023 511,
552 4958 683 5013 illuc
716 4957 970 5012 similiter
994 4957 1063 5011 ab
1098 4957 1352 5028 Egyptia
1392 4959 1495 5015 sub
1531 4959 1772 5015 Antonio
1812 4978 1970 5016 exer-

388 5050 658 5105 citatione
681 5063 925 5114 reverso,
953 5050 1144 5103 scribit
1180 5048 1549 5121 Hieronymus
1588 5053 1641 5105 in
1670 5052 1792 5121 ejus
1833 5052 1969 5120 Vita,

387 5142 541 5212 quod
594 5149 723 5211 post
768 5140 841 5194 22
887 5141 1203 5197 solitudinis
1244 5158 1473 5207 annum,
1528 5143 1582 5197 id
1632 5153 1716 5197 est
1765 5160 1970 5199 annum

389 5233 597 5289 Christi
627 5232 754 5300 525,
794 5251 815 5284 ε
841 5233 909 5289 de
936 5231 1092 5304 Syria
1117 5242 1171 5287 et
1195 5232 1432 5305 Egypto
1463 5234 1531 5289 ad
1564 5250 1689 5289 eum
1724 5239 1972 5293 certatim

387 5326 577 5397 populi
606 5326 978 5393 conﬂuebant,
1014 5326 1090 5381 ita
1126 5334 1186 5380 ut
1227 5328 1383 5381 multi
1424 5328 1478 5382 in
1524 5327 1805 5384 Christum
1852 5346 1971 5385 cre—

387 5420 603 5484 derent,
639 5427 695 5475 et
723 5434 786 5475 se
809 5419 1110 5474 monachos
1139 5418 1547 5488 proﬁterentur.
1588 5440 1606 5472 ι
1638 5419 1847 5476 Horum
1878 5437 1971 5477 au-

388 5522 502 5566 tem
536 5511 809 5567 crescenti
847 5526 1079 5567 numero
1121 5511 1303 5580 potuit
1348 5526 1409 5567 se
1446 5511 1696 5581 junxisse
1737 5512 1972 5583 Epipha-

387 5602 556 5669 nius;
587 5603 769 5672 potuit
790 5603 980 5670 etiam,
1013 5618 1142 5658 mox
1170 5611 1230 5657 ut
1252 5603 1412 5657 rediit
1440 5603 1495 5656 in
1518 5604 1750 5673 patriam
1785 5605 1967 5659 vicum

386 5694 667 5764 recepisse
701 5709 784 5760 se,
825 5695 1060 5752 similem
1108 5705 1332 5751 acturus
1371 5694 1565 5759 vitam,
1599 5703 1655 5749 et
1690 5696 1970 5750 nihilomi-

390 5800 499 5846 nus
531 5784 798 5850 Hilarioni
834 5786 1110 5863 frequenti
1142 5786 1559 5847 conversatione
1585 5785 1756 5846 fuisse
1802 5785 1966 5849 fami-

2088 1947 2192 2002 que
2210 1930 2465 2005 Paulino,
2496 1930 2822 1984 Arianorum
2864 1941 3030 2001 atque
3056 1932 3520 1988 Eunomianorum
3549 1935 3662 1989 ha:-

2086 2027 2226 2082 resis
2255 2026 2586 2095 possidebat,
2618 2027 2839 2095 quando
2876 2025 3117 2081 Joannes
3152 2045 3170 2077 ι
3208 2026 3388 2082 adhuc
3419 2028 3664 2097 privatus

2086 2121 2298 2188 (contra
2325 2134 2487 2186 quem
2525 2128 2707 2187 postea
2748 2117 3305 2189 Hierosolymitanum
3341 2122 3659 2192 episcopum

2084 2211 2285 2281 scripta
2320 2210 2584 2281 Epistola)
2618 2212 2669 2265 in
2713 2212 2817 2266 [ide
2856 2211 3217 2267 dissimulans
3253 2212 3333 2266 vel
3377 2214 3659 2275 vacillans.

2072 2293 2109 2354 ⁸(
2146 2301 2589 2357 Occidentalibus
2620 2310 2671 2355 et
2708 2303 2761 2355 in
2796 2302 2976 2356 medio
3010 2302 3206 2357 exsilio
3244 2302 3656 2360 confessoribus

2087 2392 2187 2447 SS.
2241 2390 2502 2463 Dionysio
2548 2390 2976 2457 Mediolanensi,
3025 2392 3264 2447 Eusebio
3310 2391 3660 2461 Vercellensi,

2082 2494 2137 2540 et
2172 2484 2424 2540 Lucifero
2471 2483 2804 2549 Calaritano,
2850 2500 2960 2538 non
3010 2486 3486 2551 communicabat;
3532 2487 3663 2556 Epi-

2082 2576 2319 2645 phanius
2360 2576 2445 2629 vel
2482 2574 2763 2645 presbyter
2810 2574 2864 2627 in
2908 2577 3241 2630 monasterio
3281 2576 3350 2631 ab
3392 2574 3660 2647 Eutycbio

2082 2668 2405 2723 audiebatur
2472 2666 2676 2738 (magni
2742 2667 2931 2735 utique
2984 2667 3225 2721 nominis
3271 2668 3477 2737 aliquo,
3532 2683 3659 2723 cum

2080 2758 2308 2826 epistola
2343 2758 2445 2813 sub
2489 2773 2690 2811 annum
2735 2757 2837 2813 596
2882 2758 3233 2821 scriberetur,
3278 2758 3534 2829 episcopo
3568 2768 3663 2815 aut

2082 2849 2295 2912 abbate,
2332 2849 2563 2904 necdum
2615 2857 2797 2902 tamen
2838 2848 3057 2902 aliunde
3115 2849 3268 2916 noto)
3334 2850 3418 2903 vel
3472 2859 3661 2919 postea

2080 2941 2369 3010 episcopus
2396 2938 2582 3011 Cypri,
2618 2956 2648 2993 a
2680 2938 2906 2994 Valente
2940 2955 3050 2993 non
3091 2945 3457 3010 tangebatur:
3493 2952 3662 2997 tanta

2081 3034 2226 3087 enim
2264 3033 2635 3087 venerationis
2674 3049 2890 3102 semper
2929 3032 3052 3094 fuit,
3090 3041 3149 3085 ut
3189 3044 3479 3102 regnantes
3540 3035 3657 3089 hae-

2084 3123 2239 3178 retici
2282 3122 2636 3193 ignominiam
2683 3138 2839 3177 suam
2884 3130 3140 3191 putarent
3187 3122 3234 3177 si
3277 3123 3437 3177 talem
3483 3124 3661 3180 virum

2082 3224 2562 3285 persequerentur.
2642 3235 2661 3267 ι
2732 3214 2962 3270 Exsules
3035 3223 3218 3269 autem
3285 3214 3537 3270 vixerunt
3602 3217 3661 3273 in

2082 3305 2303 3360 Oriente
2349 3306 2698 3361 confessores
2741 3306 2987 3375 praedicti
3025 3306 3093 3360 ab
3120 3320 3264 3360 anno
3294 3306 3399 3360 555
3429 3308 3496 3360 ad
3531 3308 3658 3373 562,

2081 3407 2135 3451 et
2158 3395 2357 3451 Valens
2388 3397 2725 3451 orthodoxos
2766 3405 2850 3451 est
2890 3405 3212 3466 persecutus
3248 3397 3316 3451 ab
3363 3412 3508 3452 anno
3552 3397 3663 3453 566

2081 3489 2148 3543 ad
2187 3489 2314 3542 575.
2358 3487 2511 3543 Unde
2563 3488 2793 3558 intelligi
2839 3486 3024 3553 datur,
3074 3505 3181 3544 non
3232 3498 3443 3543 tantum
3493 3506 3660 3560 quam

2081 3582 2293 3652 integra
2327 3590 2445 3636 toto
2476 3581 2572 3636 illo
2621 3590 2863 3651 tempore
2898 3580 3064 3635 fuerit
3099 3580 3387 3651 Epiphanii
3425 3581 3568 3636 fama
3605 3590 3661 3639 et

2079 3671 2389 3737 veneratio;
2415 3672 2509 3726 sed
2538 3671 2702 3725 etiam
2731 3670 2875 3740 quod
2910 3670 3020 3740 jam
3070 3670 3195 3725 inde
3239 3671 3307 3725 ab
3338 3670 3494 3725 initio
3530 3686 3659 3741 per-

2079 3765 2400 3831 secutionis,
2438 3780 2468 3819 a
2495 3764 2823 3819 Constantio
2852 3765 3149 3829 suscitatae,
3175 3763 3458 3836 presbyter
3494 3764 3661 3821 fuerit

2079 3866 2452 3912 consecratus.

2149 3970 2237 4025 12.
2269 3968 2443 4025 Porro
2470 3970 2536 4025 de
2569 3978 2759 4025 mutua
2796 3971 2940 4025 inter
2972 3977 3196 4024 sanctos
3240 3966 3575 4023 Hilarionem
3601 3975 3658 4023 et

2076 4061 2438 4133 Epiphanium
2466 4061 2839 4116 familiaritate
2873 4062 3106 4115 habetur
3156 4059 3390 4129 insignis
3418 4059 3573 4115 locus
3599 4060 3656 4114 in

2075 4154 2271 4210 libellis
2298 4155 2373 4208 De
2416 4154 2537 4208 Vita
2567 4163 2616 4207 et
2648 4154 2892 4206 doctrina
2924 4161 2973 4205 et
3005 4152 3323 4220 perfectione
3348 4158 3655 4204 sanctorum

2076 4245 2326 4312 Patrum,
2353 4262 2492 4316 quos
2549 4254 2688 4300 teste
2746 4244 3033 4313 Sigeberto
3082 4242 3334 4312 Pelagius
3386 4243 3656 4297 diaconus

2075 4336 2337 4392 Romana:
2376 4335 2631 4391 Ecclesia:
2654 4335 2933 4389 transtulit
2958 4335 3025 4389 de
3053 4333 3242 4389 Graeco
3269 4334 3324 4387 in
3371 4332 3651 4401 Latinum,

2075 4428 2278 4497 quique
2325 4427 2381 4481 in
2424 4425 2555 4479 Vitis
2583 4424 2826 4494 ,Patrum
2869 4424 3031 4479 editis
3072 4438 3103 4479 a
3143 4431 3335 4478 nostro
3370 4421 3656 4478 Heriberto

2003 4519 2049 4575 D
2078 4516 2369 4573 Rosweido
2401 4517 2496 4571 lib.
2537 4533 2568 4570 v
2622 4516 2967 4571 constituunt
3004 4534 3017 4569 :
3053 4514 3126 4569 ibi
3177 4516 3324 4569 enim
3359 4515 3545 4570 libello
3587 4530 3652 4571 ιιι

2079 4621 2230 4659 num.
2260 4605 2327 4658 15
2353 4606 2432 4659 sic
2474 4604 2712 4674 legitur:
2748 4624 2767 4655 ‹
2803 4604 2947 4658 Misit
2985 4604 3280 4674 aliquando
3315 4603 3655 4674 Epiphanius

2076 4697 2364 4766 episcopus
2385 4696 2617 4767 Cyprius
2656 4698 2722 4751 ad
2766 4697 3019 4751 abbatem
3053 4696 3408 4764 Hilarionem,
3451 4713 3653 4765 rogans

2075 4803 2199 4842 eum
2245 4795 2300 4841 et
2346 4788 2555 4850 dicens,
2592 4786 2727 4841 Veni
2775 4796 2834 4841 ut
2868 4803 2970 4842 nos
3016 4788 3320 4854 videamus,
3357 4796 3650 4858 antequam

2075 4877 2143 4931 de
2172 4891 2400 4945 corpore
2434 4891 2719 4931 exeamus.
2763 4875 2868 4942 Qui
2917 4891 3042 4931 cum
3085 4877 3361 4931 venissent
3398 4877 3464 4930 ad
3510 4876 3651 4930 invi-

2074 4982 2214 5031 cem,
2273 4967 2731 5021 manducantibus
2790 4967 2870 5022 eis
2912 4980 3139 5022 aratum
3190 4975 3275 5021 est
3330 4966 3397 5021 de
3455 4966 3649 5021 avibus

2073 5056 2354 5126 quiddam,
2383 5056 2530 5125 quod
2563 5065 2755 5111 tenens
2799 5057 3091 5127 episcopus
3115 5058 3263 5111 dedit
3287 5056 3470 5110 abbati
3502 5054 3651 5110 Hila-

2072 5148 2238 5201 rioni.
2268 5146 2335 5201 Et
2366 5147 2497 5201 dicit
2527 5147 2599 5201 illi
2628 5163 2793 5202 senex
2829 5164 2842 5199 :
2878 5147 3103 5218 Ignosce
3133 5148 3288 5214 mihi,
3314 5145 3494 5210 Pater,
3518 5148 3648 5217 quia

2074 5255 2143 5295 ex
2172 5255 2281 5307 quo
2310 5240 2494 5308 accepi
2527 5239 2774 5293 habitum
2806 5239 2971 5293 istum
2999 5254 3104 5293 non
3137 5238 3461 5294 manducavi
3488 5238 3649 5307 quid-

2072 5346 2238 5401 quam
2274 5332 2538 5386 occisum.
2571 5330 2637 5384 Et
2662 5330 2800 5385 dixit
2820 5332 2870 5385 ei
2899 5331 3269 5401 Epiphanius:
3298 5329 3410 5399 Ego
3440 5340 3648 5395 autem,

2071 5437 2139 5477 ex
2165 5436 2276 5493 quo
2315 5422 2500 5490 accepi
2543 5422 2794 5475 habitum
2827 5421 3015 5483 istum,
3048 5436 3157 5475 non
3191 5421 3375 5477 dimisi
3405 5422 3644 5491 aliquem

2071 5512 2331 5578 dormire,
2364 5512 2458 5582 qui
2488 5512 2721 5565 habebat
2758 5510 2965 5579 aliquid
2996 5510 3284 5565 adversum
3321 5526 3440 5577 me;
3471 5526 3647 5581 neque

2071 5620 2174 5675 ego
2202 5605 2436 5660 dormivi
2468 5606 2674 5657 habens
2722 5603 3241 5671 aliquid'adversus
3283 5603 3541 5672 aliquem.
3579 5602 3647 5658 Et

2070 5697 2209 5751 dicit
2230 5696 2281 5751 ei
2318 5710 2509 5761 senex,
2538 5693 2765 5765 Ignosce
2792 5694 2947 5761 mihi,
2989 5695 3117 5764 quia
3159 5704 3251 5749 tua
3297 5695 3645 5750 conversatio

2072 5786 2249 5863 major
2275 5796 2358 5844 est
2390 5802 2531 5849 mea.
2579 5805 2598 5838 ι
2639 5786 2820 5859 Atque
2854 5785 2921 5845 ad
2952 5786 3095 5844 hanc
3124 5786 3384 5863 mitigata:
3414 5787 3482 5843 ab
3512 5785 3643 5847 Eoi-
