4088 6362
465 306 569 363 123

1499 312 1559 369 S.
1613 310 1961 369 EPIPHANII
1990 308 2171 366 ACTA
2210 305 2715 365 BOLLANDIANA.

3634 310 3738 369 124

462 422 667 492 phanio
713 422 1056 479 austeritatis
1109 425 1516 481 excusationem
1562 428 1728 481 etiam
1795 433 2044 495 spectat,
2078 426 2119 481 A
2151 423 2600 493 sitEpiphanius,
2632 424 2710 478 sic
2741 431 2792 477 et
2814 423 2880 478 de
2910 437 3011 477 suo
3041 421 3461 479 Bethlehemico
3501 432 3733 483 testatur

459 514 681 583 quodin
718 530 822 570 ms.
868 514 1245 586 Ultrajectino,
1279 534 1345 572 ex
1393 518 1528 572 Vitis
1570 518 1819 581 Patrum,
1862 518 2047 572 nescio

457 603 604 659 unde
652 615 954 676 sumptum,
998 609 1171 678 reperi
1224 609 1304 662 sic
1364 618 1734 663 annotatum:
1783 629 1800 660 ι
1839 609 2042 664 Factus

456 698 747 767 episcopus
771 700 947 755 voluit
978 702 1057 755 uti
1087 702 1280 755 eadem
1312 702 1540 767 duritia,
1580 703 1722 757 sicut
1745 704 1798 755 in
1834 717 2042 766 eremo,

456 790 549 845 sed
581 805 690 845 non
723 794 899 861 potuit
930 802 1021 847 :et
1045 810 1210 848 orans
1245 796 1499 863 quaesivit
1521 810 1550 847 a
1578 793 1711 859 Deo,
1744 794 1789 849 si
1823 804 2043 864 propter

454 882 828 952 episcopatum
872 886 1187 939 recessisset
1228 886 1296 940 ab
1328 902 1393 941 eo
1433 888 1608 957 gratia
1644 885 1760 940 Dei.
1796 885 2043 955 Respon-

453 988 576 1027 sum
610 984 694 1029 est
724 985 905 1029 autem
957 977 1005 1030 ei
1055 978 1200 1047 quod
1242 994 1373 1041 non,
1424 979 1551 1047 quia
1600 980 1688 1047 pia
1740 978 2041 1032 intentione

452 1081 641 1121 curam
700 1070 978 1139 suscepit;
1022 1072 1115 1125 sed
1157 1072 1286 1141 quia
1330 1082 1458 1126 tunc
1495 1073 1714 1142 quando
1754 1072 1807 1126 in
1843 1073 2037 1127 solitu-

452 1158 579 1213 dine
605 1160 730 1225 fuit,
763 1161 904 1217 Deus
956 1172 1073 1217 erat
1112 1164 1217 1218 sibi
1264 1165 1517 1234 preprius
1561 1166 1802 1234 adjutor,
1842 1166 1897 1219 in
1936 1182 2036 1220 sae-

450 1252 574 1306 culo
596 1262 777 1308 autem
816 1256 981 1309 etiam
1031 1256 1282 1310 homines
1336 1258 1763 1312 auxiliabantur.
1815 1259 1906 1312 Sic
1942 1259 2037 1311 lilii

447 1344 615 1399 Israel
658 1356 984 1415 receperunt
1015 1363 1214 1401 manna
1258 1349 1310 1401 in
1358 1348 1595 1416 deserto,
1632 1366 1917 1420 quousque
1944 1367 2037 1405 ve-

448 1437 632 1491 nirent
658 1438 712 1489 in
746 1446 947 1491 terram
984 1440 1389 1507 promissionis.
1442 1460 1460 1491 ι

520 1529 608 1582 15.
646 1528 857 1584 Colitur
892 1528 951 1585 S.
996 1529 1237 1584 Hilarion
1280 1532 1342 1585 21
1380 1530 1631 1587 Octobris
1666 1550 1681 1587 :
1719 1543 1779 1587 ut
1801 1550 1931 1588 vero
1958 1537 2026 1591 ad

446 1635 573 1675 eum
617 1620 912 1675 identidem
973 1622 1293 1676 recurrebat
1338 1622 1643 1692 discipulus
1683 1640 1816 1679 suus
1858 1624 2030 1696 Hesy-

449 1713 628 1775 chius,
662 1729 899 1783 eumqtte
929 1713 995 1767 de
1031 1723 1175 1769 statu
1207 1724 1322 1769 tum
1362 1718 1683 1770 monasterii
1708 1718 1792 1771 sui
1839 1718 1891 1771 in
1928 1717 2029 1771 Pa-

2154 517 2541 588 llieronymus,
2599 517 2729 571 illuc
2769 531 2894 570 eum
2944 517 3262 583 accessisse,
3300 535 3318 567 ι
3354 533 3478 572 cum
3512 538 3531 571 ι
3563 520 3636 575 ibi
3665 522 3733 576 ab

2149 610 2343 663 ardore
2374 609 2539 664 febris
2574 628 2593 659 ι
2636 609 2964 677 respirasset
2998 626 3017 659 ι
3060 607 3115 662 8.
3144 607 3333 673 Paula,
3376 628 3396 661 ι
3452 620 3507 664 et
3532 613 3732 667 medici

2148 701 2545 771 persuaderent
2597 704 2668 754 ob
2719 699 3072 754 refectionem
3124 701 3370 769 corporis
3420 702 3549 757 vino
3591 718 3730 772 opus

2148 809 2269 848 esse
2293 794 2441 847 tenui
2468 804 2521 848 et
2556 809 2741 863 pareo,
2776 807 2845 846 ne
2880 808 3078 861 aquam
3116 793 3309 849 bibens
3338 795 3391 847 in
3435 796 3730 866 hydropem

2145 894 2482 951 verteretur;
2510 894 2565 939 et
2592 900 2693 955 ego
2724 883 2863 937 clam
2892 883 3108 938 beatum
3136 900 3330 954 papam
3362 886 3726 956 Epiphanium

2145 993 2424 1048 rogarem,
2460 987 2520 1032 ut
2553 993 2673 1031 eam
2707 984 2976 1041 moneret,
3011 977 3122 1030 imo
3152 978 3503 1046 compelleret
3532 979 3724 1034 vinum

2143 1070 2350 1125 bibere.
2397 1090 2413 1121 ι
2458 1071 2661 1125 Aderat
2712 1085 2841 1138 ergo
2894 1070 2969 1123 ibi
3013 1078 3127 1123 tum
3176 1069 3515 1140 Epiphanius
3556 1089 3568 1124 :
3617 1087 3727 1140 quo

2143 1171 2323 1216 autem
2375 1179 2630 1218 successu
2680 1163 3121 1216 commendatum
3173 1163 3274 1215 sibi
3316 1162 3547 1217 ollicium
3584 1163 3726 1232 apud

2141 1252 2366 1307 Paulam
2389 1255 2581 1325 egerit,
2608 1254 2959 1323 prosequitur
2995 1254 3135 1308 idem
3178 1254 3565 1323 Hieronymus,
3596 1270 3728 1309 con-

2140 1345 2362 1398 tinuans
2383 1344 2667 1413 epistolam
2691 1343 2760 1396 27
2787 1345 2855 1396 ad
2884 1344 3059 1412 ﬁliam
3096 1342 3283 1397 Paula!
3324 1342 3677 1397 Eustochium
3704 1361 3723 1398 .'

2144 1456 2163 1488 ι
2196 1437 2311 1501 Illa,
2345 1436 2540 1505 inquit,
2580 1444 2641 1489 ut
2668 1444 2786 1489 erat
2832 1436 3072 1506 prudens
3126 1445 3181 1490 et
3225 1437 3441 1491 solertis
3498 1436 3724 1507 ingenii,

2137 1529 2307 1583 sensit
2335 1528 2584 1591 insidias,
2616 1536 2671 1582 et
2702 1528 3015 1591 subridens,
3054 1543 3235 1582 meum
3280 1543 3401 1583 esse
3448 1529 3595 1598 quod
3633 1528 3725 1586 ille

2135 1620 2359 1683 diceret,
2388 1620 2685 1674 intimavit.
2713 1620 2854 1686 Quid
2894 1622 3089 1689 plura?
3132 1637 3256 1676 cum
3300 1622 3493 1677 beatus
3539 1624 3724 1693 ponti-

2134 1713 2223 1766 fex
2259 1720 2384 1782 post
2418 1712 2590 1765 multa
2620 1713 2968 1767 hortamenta
3000 1714 3202 1768 exisset
3255 1712 3423 1778 foras,
3455 1714 3719 1783 quaerenti

446 1805 658 1859 laastina
693 1779 1237 1875 tum-discipulorum
1278 1808 1479 1862 ibidem
1514 1808 1827 1863 relictorum
1865 1825 2026 1864 cura-
2063 1779 2101 1833 Β
2131 1804 2264 1857 mihi
2302 1801 2428 1872 quid
2462 1802 2687 1872 egisset,
2740 1804 3027 1872 respondit
3060 1823 3072 1857 :
3105 1802 3339 1857 Tantum
3388 1806 3613 1874 profeci,
3662 1814 3724 1859 ut

443 1895 539 1951 bat
602 1897 832 1951 edocere
883 1914 895 1949 :
946 1898 1018 1952 ita
1076 1914 1174 1953 nec
1232 1915 1425 1969 segnes
1489 1900 1711 1955 fuerunt
1769 1902 2026 1973 discipuli

442 1984 733 2056 Epiphanii
792 1989 844 2042 in
890 1988 1122 2044 fovenda
1181 2002 1371 2045 mutua
1419 2008 1543 2047 cum
1609 2009 1710 2048 suo
1763 1996 2025 2065 magistro

442 2082 957 2144 communicatione,
985 2097 1108 2136 cum
1148 2082 1238 2137 hic
1272 2084 1507 2139 abesset.
1533 2083 1722 2155 Itaque
1759 2086 1811 2140 in
1846 2087 2026 2141 libello

442 2184 517 2224 xu
550 2171 678 2225 dicti
712 2171 905 2242 Operis
937 2188 991 2225 n.
1030 2173 1062 2226 6
1088 2174 1193 2227 tale
1238 2176 1368 2244 qttid
1401 2176 1712 2231 invenitur:
1749 2197 1765 2228 ‹
1802 2176 2020 2233 Manda-

442 2271 557 2315 tum
590 2273 670 2317 est
702 2273 904 2319 sancta:
937 2265 1215 2320 memoria:
1264 2265 1572 2336 Epiphanio
1618 2270 1878 2338 episcopo
1916 2270 2025 2342 Cy-

442 2355 585 2423 prio,
641 2356 711 2410 ab
768 2356 965 2410 abbate
1018 2359 1335 2412 monasterii
1388 2359 1473 2412 sui
1528 2360 1675 2427 quod
1732 2361 1921 2414 habuit
1968 2362 2021 2415 in

440 2445 728 2501 Palaestina
767 2465 779 2500 :
824 2446 961 2513 Quia
990 2449 1336 2503 orationibus
1369 2450 1479 2503 tuis
1523 2467 1630 2503 nou
1682 2451 2022 2521 uegleximus

440 2538 707 2608 regulam,
750 2538 843 2592 sed
896 2556 1018 2592 cum
1061 2540 1431 2595 sollicitudine
1468 2540 1733 2608 Tertiam,
1774 2541 2020 2611 Sextam,

440 2627 674 2691 Nonam,
721 2638 881 2698 atque
930 2628 1218 2698 Vesperam
1264 2631 1625 2686 celebramus.
1673 2632 1765 2689 Ille
1815 2643 2020 2700 autem,

440 2721 845 2787 reprehendens
879 2736 1027 2783 eum,
1064 2722 1345 2775 mandavit
1373 2723 1422 2777 ei
1460 2742 1474 2777 :
1512 2723 1742 2779 Constat
1788 2742 1883 2781 vos
1925 2743 2023 2781 va—

438 2826 566 2865 care
597 2811 663 2864 ab
711 2812 957 2865 oratione
1003 2815 1215 2867 caeteris
1280 2814 1460 2881 horis;
1508 2831 1633 2870 eum
1692 2828 1871 2871 autem
1928 2820 2022 2888 qui

440 2917 599 2956 verus
654 2912 737 2955 est
786 2902 1111 2963 monachus,
1172 2914 1389 2973 oportet
1437 2905 1555 2959 sine
1616 2906 2022 2962 intermissione

442 3008 601 3045 orare
649 3001 741 3045 aut
786 3002 932 3047 certe
979 2994 1209 3062 psallere
1259 2995 1310 3048 itt
1358 2997 1524 3050 corde
1576 3012 1698 3052 suo.
1742 3017 1760 3048 ›
1816 2997 2022 3053 Revisit

439 3085 583 3139 haud
643 3086 805 3140 dubie
874 3088 1268 3141 monasterium
1328 3089 1460 3143 illud
1517 3106 1676 3144 suum
1728 3091 2020 3160 aliquando

439 3176 799 3248 Epiphanius,
863 3180 1081 3248 quando
1123 3180 1621 3235 eeclesiasticorum
1676 3182 2017 3253 negotiorum

438 3286 603 3339 causa
640 3272 691 3325 in
742 3271 1085 3325 Palmstinam
1122 3275 1364 3327 excurrit
1398 3292 1409 3326 :
1446 3275 1537 3329 sed
1578 3275 1697 3344 ejus
1747 3276 1823 3330 rei
1874 3276 2019 3329 nulla

438 3374 525 3419 cst
548 3364 689 3434 apud
746 3366 1000 3434 probatos
1059 3366 1353 3435 scriptores
1409 3368 1696 3421 memoria.
1745 3367 2016 3434 Quantam

438 3466 620 3511 autem
658 3465 771 3509 tum
800 3457 868 3510 ita
902 3474 1225 3521 excurrens,
1263 3471 1377 3513 tttm
1426 3470 1585 3513 antea
1631 3462 1683 3513 in
1730 3461 2018 3517 Palaestina

437 3547 647 3611 vivens,
682 3549 961 3618 collegerit
988 3550 1254 3605 absoluta:
1284 3552 1641 3621 perfectionis
1673 3552 1896 3618 famam,
1929 3556 2016 3608 in-

437 3642 605 3708 telligi
640 3652 817 3710 potest
846 3658 910 3694 ex
938 3642 1167 3709 epistola
1200 3642 1383 3696 Acacii
1409 3654 1463 3697 et
1489 3643 1640 3697 Pauli
1674 3646 2017 3716 presbytero-

437 3747 559 3786 rum
593 3743 646 3784 et
677 3731 1238 3785 arehimandritarum
1276 3731 1331 3785 in
1361 3731 1684 3800 leesyria,
1719 3750 1842 3803 quae
1878 3751 2018 3804 pra:-

436 3806 620 3892 ﬁgitur
648 3821 882 3876 Panario
904 3833 957 3878 et
990 3824 1069 3879 sic
1094 3823 1283 3892 incipit
1309 3838 1321 3873 :
1350 3842 1367 3873 ι
1395 3823 1616 3878 Pietatis
1640 3827 1858 3895 quidem
1893 3837 2017 3894 tute,

438 3914 618 3979 Pater,
671 3924 923 3983 aspectus
967 3915 1082 3985 ipse
1138 3916 1273 3971 satis
1316 3932 1438 3970 esse
1482 3926 1713 3984 poterat,
1762 3919 1855 3988 qui
1918 3935 2018 3976 nos

439 4008 817 4077 spiritualibus
873 4008 1221 4063 sermonibus
1271 4009 1533 4077 implevit,
1590 4025 1653 4064 ac
1696 4019 1806 4064 tam
1851 4012 2019 4067 vehe-

438 4115 592 4154 mens
644 4101 719 4153 tui
760 4101 914 4154 nobis
947 4101 1282 4154 desiderium
1326 4102 1544 4167 indidit,
1595 4112 1884 4173 postquam
1925 4115 2018 4162 tuo

436 4193 605 4246 semel
641 4192 745 4245 frui
778 4202 1069 4261 conspectu
1100 4194 1277 4247 licuit.
1322 4194 1522 4249 Verum
1571 4198 1830 4264 quoniam
1881 4215 2020 4269 pra:-

436 4283 521 4335 via
558 4284 809 4351 discipuli
834 4282 1036 4337 Christi
1064 4284 1208 4338 fama
1248 4286 1543 4340 verborum
1572 4288 1690 4357 ejus
1723 4288 2019 4345 factorum-

437 4389 544 4443 que
563 4374 917 4442 fragrantiam
949 4376 1152 4444 ubique
1184 4376 1461 4445 przedicat,
1488 4380 1637 4448 angit
1663 4396 1764 4435 nos
1793 4382 2015 4435 etsolli-

2132 1894 2249 1948 seni
2285 1893 2494 1946 homini
2526 1908 2665 1962 pene
2703 1894 3060 1957 persuaserit,
3102 1910 3169 1948 ne
3221 1896 3408 1949 vinum
3452 1895 3653 1950 bibam.
3695 1915 3715 1948 ι

2130 1984 2331 2037 Eadem
2364 1984 2419 2037 in
2465 1985 2693 2052 epistola
2730 1985 2926 2038 iterum
2972 1985 3261 2055 Epiphanii
3295 1986 3544 2041 meminit
3583 1986 3712 2041 Hie-

2130 2088 2422 2142 ronymus,
2451 2090 2550 2129 nec
2578 2074 2703 2129 sine
2726 2076 3513 2132 commendatione‘monastici
3542 2086 3717 2132 status

2135 2164 2204 2217 ab
2230 2178 2295 2217 eo
2324 2166 2377 2218 in
2412 2164 2592 2235 Cypro
2616 2167 2921 2237 propagati.
2950 2167 3086 2221 Cum
3119 2168 3263 2221 enim
3288 2169 3537 2235 dixisset,
3568 2171 3720 2239 quod

2128 2266 2315 2310 saneta
2362 2257 2451 2310 illa
2506 2258 2665 2312 vidua
2713 2257 3144 2330 Hierosolymam
3189 2260 3475 2329 navigans,
3521 2280 3540 2313 ‹
3592 2272 3717 2331 post

2128 2346 2378 2403 Rhodum
2436 2357 2491 2403 et
2540 2348 2761 2420 Lyciam
2824 2350 3039 2405 tandem
3100 2352 3235 2407 vidit
3288 2352 3566 2423 Cyprum,
3622 2353 3714 2407 ubi

2128 2443 2301 2497 sancti
2329 2451 2383 2496 et
2411 2443 2741 2497 venerabilis
2785 2443 3073 2512 Epiphanii
3126 2445 3355 2510 pedibus
3395 2444 3704 2513 provoluta,

2127 2530 2312 2585 decem
2354 2532 2424 2585 ab
2450 2548 2515 2587 eo
2542 2533 2737 2586 diebus
2785 2542 2993 2587 retenta
3036 2544 3148 2600 est;
3192 2551 3299 2588 non
3347 2535 3401 2588 in
3454 2534 3709 2590 refectio-

2126 2640 2272 2689 nem,
2311 2632 2369 2677 ut
2418 2625 2511 2678 ille
2560 2625 2952 2691 arbitrabatur,
2991 2627 3085 2681 sed
3137 2628 3192 2681 in
3237 2642 3376 2696 opus
3413 2626 3507 2682 Dei
3543 2646 3556 2680 :
3600 2648 3619 2681 ι
3656 2638 3717 2684 ιιι

2128 2716 2233 2770 hoc
2265 2717 2444 2786 reipsa
2486 2718 2825 2787 comprobet,
2867 2737 2885 2768 ί
2925 2721 3130 2781 omnia,
3180 2721 3376 2790 inquit,
3424 2721 3569 2776 illius
3610 2722 3715 2778 loci

2127 2810 2457 2862 monasteria
2500 2810 2767 2876 lustrans,
2800 2820 2968 2880 prout
3013 2814 3209 2881 potuit,
3245 2812 3526 2882 refrigeria
3560 2829 3716 2869 sum-

2126 2908 2318 2968 ptuum
2345 2899 2610 2954 fratribus
2650 2901 2961 2970 dereliquit,
2993 2917 3133 2971 quos
3181 2918 3337 2956 amor
3394 2905 3567 2959 sancti
3615 2905 3716 2960 viri

2125 2990 2192 3045 de
2219 3001 2333 3045 toto
2362 2992 2491 3046 illuc
2521 2992 2655 3046 orbe
2693 2992 3054 3047 conduxerat.
3100 3012 3118 3046 ι
3164 2993 3294 3048 Erat
3326 3004 3509 3050 autem
3538 3012 3718 3053 annus

2125 3084 2233 3138 584
2260 3084 2479 3153 quando
2509 3084 2615 3138 hoc
2642 3085 2889 3154 contigit,
2916 3087 2996 3139 uti
3024 3085 3094 3140 26
3123 3086 3370 3141 Januarii
3416 3089 3482 3142 ad
3539 3087 3715 3141 Vitam

2122 3173 2183 3229 S.
2217 3174 2410 3229 Paula:
2445 3176 2685 3231 diximus
2744 3195 2757 3231 :
2800 3178 2943 3246 apud
2984 3194 3149 3247 quam
3187 3179 3328 3233 idem
3372 3179 3431 3233 S.
3475 3180 3713 3251 Epipha-

2120 3266 2247 3320 nius
2285 3264 2471 3319 Romae
2497 3276 2615 3320 erat
2649 3267 2956 3337 hospitatus
2982 3284 3128 3322 anno
3149 3269 3276 3335 582,
3310 3271 3532 3339 quando
3559 3288 3709 3340 eum,

2119 3371 2243 3410 cum
2293 3356 2496 3412 sanctis
2550 3355 2782 3412 Paulino
2836 3358 3181 3414 Antiocheno
3231 3370 3286 3414 et
3341 3361 3695 3434 Hieronymo,

2125 3466 2145 3499 ι
2203 3447 2432 3501 Romam
2481 3450 2855 3505 ecclesiastica
2928 3454 3095 3506 traxit
3150 3455 3484 3519 necessitas,
3545 3474 3564 3506 ι
3627 3455 3707 3510 uti

2120 3541 2286 3594 etiam
2322 3541 2517 3596 scribit
2551 3540 2917 3612 Hieronymus
2948 3543 3003 3596 in
3026 3544 3214 3597 eadem
3254 3543 3373 3597 Vita
3400 3544 3458 3600 S.
3486 3545 3706 3611 Paalw;

2120 3631 2324 3687 addens
2362 3632 2511 3701 quod
2544 3633 2659 3687 haec
2691 3652 2709 3683 ‹
2753 3648 2945 3687 eorum
2991 3650 3221 3689 accensa
3263 3636 3576 3703 virtutibus,
3615 3654 3712 3708 per

2121 3731 2399 3778 momenta
2444 3726 2673 3794 patriam
2707 3726 2960 3781 deserere
2992 3727 3298 3797 cogitabat;
3347 3746 3455 3783 non
3488 3731 3708 3795 domus,

2121 3832 2231 3870 non
2254 3818 2572 3883 liberorum,
2596 3833 2705 3871 non
2734 3816 2974 3881 familiae,
3003 3835 3111 3874 non
3140 3821 3571 3888 possessionum,
3600 3837 3711 3877 non

2121 3910 2355 3979 alicujus
2387 3912 2465 3964 rei
2502 3926 2624 3979 quae
2657 3911 2724 3965 ad
2770 3912 3032 3965 saeculum
3070 3912 3303 3981 pertinet
3340 3929 3582 3981 memor;
3615 3930 3709 3970 so-

2119 4002 2281 4072 laque
2312 4004 2356 4057 si
2386 4004 2492 4057 dici
2522 4012 2706 4072 potest
2731 4012 2786 4057 et
2816 4004 3159 4071 incomitata,
3196 4006 3261 4060 ad
3301 4021 3547 4061 eremum
3574 3996 3712 4063 Pau-

2119 4094 2297 4148 lorum
2349 4103 2513 4165 atque
2558 4096 2924 4151 Antoniorum
2969 4113 3193 4169 pergere
3238 4100 3505 4166 gestiebat
3540 4120 3554 4155 :
3587 4110 3712 4156 tan-

2121 4188 2353 4255 demque
2382 4198 2569 4242 exacta
2597 4188 2797 4255 hieme,
2841 4200 3028 4259 aperto
3060 4191 3219 4254 mari,
3258 4192 3611 4248 redeuntibus
3639 4194 3709 4247 ad

2121 4279 2383 4333 ecclesias
2418 4295 2547 4333 suas
2572 4281 2864 4349 episcopis,
2894 4290 2948 4334 et
2976 4280 3092 4350 ipsa
3126 4294 3251 4336 voto
3276 4298 3399 4337 cum
3430 4284 3509 4338 eis
3532 4300 3596 4339 ac
3615 4286 3710 4338 de-

2122 4372 2325 4425 slderio
2360 4372 2653 4440 navigavit.
2687 4392 2706 4423 ι
2747 4372 2881 4425 Tam
2913 4373 3100 4427 ellicax
3132 4375 3272 4443 apud
3306 4390 3427 4430 eam
3471 4375 3573 4430 fuit
3603 4377 3709 4432 ho-

438 4469 591 4529 citat,
646 4476 703 4518 ut
744 4466 890 4519 illius
940 4483 1041 4521 nos
1086 4469 1434 4523 sermonibus
1481 4480 1535 4524 et
1583 4473 1758 4525 sensis
1797 4474 2013 4542 explere

2128 4462 2280 4532 spitis
2305 4464 2636 4517 sanctissimi
2653 4464 2737 4532 pia
2754 4466 3118 4520 conversatio.

438 4556 776 4613 Studeamus.
818 4556 1013 4610 Coram
1049 4559 1216 4627 igitur
1250 4562 1536 4622 adeuntes.
1574 4578 1672 4631 par
1712 4573 1831 4617 erat
1869 4566 2012 4633 ejus,

438 4647 635 4717 quaein
670 4655 718 4699 te
763 4648 987 4715 perinde
1038 4658 1201 4717 atque
1254 4659 1306 4702 tn
1354 4652 1619 4719 apostolis
1671 4662 1773 4715 est,
1828 4655 2018 4723 gratiae

435 4739 822 4792 communione
870 4737 1145 4805 perfundi.
1205 4739 1307 4793 Sed
1349 4756 1474 4793 cum
1519 4742 1622 4795 iter
1676 4744 1807 4796 illud
1858 4746 2017 4800 nobis

435 4832 682 4899 corporis
734 4830 996 4899 aegritudo
1024 4840 1077 4884 et
1112 4832 1344 4900 languor
1390 4832 1871 4889 iutercluserit.....
1904 4838 2019 4904 pie-

438 4931 600 4976 tatem
633 4932 778 4975 tuatn
814 4924 1163 4976 vehementer
1191 4939 1511 4988 exoramus,
1550 4937 1608 4979 ut
1640 4942 1826 4980 eorum
1862 4928 2017 4982 nobis

439 5015 875 5068 communionem
910 5030 977 5067 ne
1019 5014 1283 5079 invideas,
1320 5030 1443 5083 quae
1472 5016 1523 5068 in
1553 5025 1602 5069 te
1638 5028 1766 5070 sunt
1811 5034 1840 5071 a
1896 5017 2016 5071 Sal-

440 5113 623 5156 vatore
648 5102 864 5157 collata.
900 5100 1110 5154 Etenim
1146 5118 1250 5155 non
1299 5116 1401 5155 nos
1446 5103 1548 5172 ipsi
1592 5104 1791 5171 solum,
1830 5104 1923 5157 sed
1965 5113 2019 5158 et

441 5195 677 5247 universi
714 5196 805 5261 qui
860 5194 1173 5255 audierunt,
1210 5208 1407 5245 novum
1443 5202 1493 5246 te
1530 5196 1836 5262 apostolum
1876 5210 2017 5264 prse-

441 5300 741 5353 conemque
786 5286 1137 5348 conlitentur,
1186 5299 1215 5337 a
1260 5283 1480 5339 Christo
1519 5287 1674 5339 nobis
1717 5287 1819 5341 hac
1859 5297 2018 5342 aetate

442 5372 787 5440 productum,
820 5375 969 5426 velut
1023 5375 1254 5428 alterum
1304 5375 1597 5442 quemdam
1640 5374 1926 5441 Joannem,
1960 5386 2020 5431 ut

444 5475 507 5513 ea
538 5464 856 5531 praeciperes
887 5482 1009 5534 qum
1043 5467 1308 5520 servanda
1345 5478 1473 5522 sunt
1511 5468 1596 5530 iis,
1641 5471 1733 5537 qui
1780 5471 1832 5522 in
1887 5471 2018 5526 illud

447 5548 592 5615 quod
648 5552 982 5620 arripuimus
1034 5557 1325 5611 sanctioris
1381 5560 1503 5612 vita:
1566 5560 1902 5614 curriculum
1959 5578 2018 5617 se

448 5652 800 5696 commisern
877 5664 897 5695 ι

528 5726 614 5786 Η.
648 5726 718 5785 Ut
751 5743 928 5791 autem
962 5736 1055 5794 illa
1092 5740 1422 5797 monasteria
1457 5741 1511 5796 in
1543 5740 1838 5813 Coelesyria
1882 5744 2019 5803 invi-

2720 4577 2949 4631 CAPUT
2992 4578 3079 4633 ΙΙΙ.

2120 4667 2446 4721 Liberalitas
2488 4667 2775 4736 Epiphanii
2806 4686 2930 4737 erga
2978 4686 3231 4737 pauperes
3271 4688 3289 4722 :
3336 4682 3537 4726 mulum
3570 4674 3707 4729 inter

2236 4756 2356 4789 eum
2387 4752 2435 4791 et
2465 4737 2729 4791 Joannem
2766 4739 3312 4809 llierosolymitanum
3335 4745 3581 4811 querela’.

2192 4830 2279 4883 15.
2313 4828 2368 4882 Si
2400 4844 2504 4898 qua
2530 4829 2820 4883 lidesesset
2847 4832 3331 4901 pseudepigraphis
3364 4832 3423 4887 8.
3460 4833 3702 4905 Epipha-

2121 4920 2196 4973 nii
2220 4921 2392 4981 Actis,
2425 4920 2715 4973 dicendum
2747 4919 2903 4985 foret,
2941 4922 3253 4976 ordinatum
3292 4924 3464 4980 fuisse
3493 4928 3705 4995 episco-
3774 4936 3781 4943 '

2121 5027 2273 5081 pum,
2308 5019 2530 5080 propter
2562 5012 2952 5065 revelationem
2979 5013 3047 5067 de
3082 5030 3148 5067 eo
3179 5014 3380 5069 factam
3410 5016 3467 5071 S.
3498 5016 3704 5087 Pappo,

2120 5103 2376 5171 episcopo
2402 5102 2620 5173 Cytriaa,
2645 5105 2837 5172 quinto
2868 5119 2895 5156 a
2923 5103 3200 5159 Salamina
3219 5107 3498 5175 milliario,
3533 5126 3705 5163 anuo-

2120 5209 2242 5246 rum
2280 5195 2678 5264 quinquaginta
2715 5195 3032 5264 episcopatu
3066 5207 3120 5251 et
3158 5199 3526 5256 confessionis
3575 5217 3701 5256 cum

2121 5284 2338 5339 Gelasio
2388 5284 2810 5341 Salaminiorum
2848 5289 3104 5358 episcopo
3144 5291 3309 5346 obita:
3351 5292 3523 5363 gloria
3567 5308 3703 5363 prae-

2121 5378 2355 5441 cellenti,
2390 5378 2476 5431 cui
2526 5380 2885 5448 melropolitm
2936 5384 3063 5436 novi
3110 5383 3544 5453 designationem
3588 5386 3704 5454 epi-

2122 5470 2269 5537 scopi
2294 5471 2470 5523 caatcri
2503 5473 2865 5539 provinciales
2894 5477 3306 5530 commiserant.
3333 5476 3407 5531 De
3433 5476 3489 5530 8.
3519 5476 3702 5545 Pappo

2123 5562 2338 5630 quidem
2373 5564 2509 5617 satis
2549 5575 2783 5627 constat,
2821 5582 2946 5619 eum
2979 5568 3140 5622 hodie
3178 5585 3397 5639 quoque
3424 5570 3566 5638 apud
3596 5569 3700 5638 Cy-

2122 5654 2274 5724 prios
2304 5654 2406 5708 coli
2442 5669 2542 5723 pro
2569 5665 2783 5724 sancto,
2832 5665 2937 5713 sub
2985 5660 3215 5729 ejusque
3255 5660 3477 5713 nomine
3523 5659 3705 5713 adhuc

2124 5761 2348 5803 manere
2378 5747 2635 5818 oppidum
2664 5749 2810 5820 quod
2839 5750 2959 5819 ejus
2984 5753 3112 5807 olim
3166 5752 3271 5807 fuit
3308 5748 3696 5822 episcopatus:
