4088 6362
390 363 507 420 ηε

1397 367 1454 421 S.
1490 367 1831 423 EPIPHANII
1875 368 2057 423 ACTA
2100 369 2599 425 BOLLANDIANA.

3562 342 3665 423 tau

394 482 547 536 diem
592 482 758 536 annui
807 483 988 538 cultus
1036 484 1214 539 adhuc
1267 485 1592 554 ignoramus
1640 498 1694 540 et
1735 498 1987 554 optamus
2017 494 2061 547 Α
2094 489 2289 554 salvat,
2330 490 2559 542 alterum
2596 494 2799 549 autem,
2838 485 2964 555 quia
3002 495 3055 539 et
3098 485 3213 553 ipse
3242 499 3352 538 non
3391 483 3675 539 modicam

396 572 660 627 discere:
693 574 759 627 de
804 574 1019 629 Gelasio
1046 576 1175 629 alibi
1221 577 1353 630 nihil
1395 577 1654 645 legimus;
1706 594 1883 647 neque
1921 588 1981 631 ut

394 678 535 718 vere
568 663 993 720 Salaminiorum
1035 668 1323 738 episcopus
1364 668 1551 732 fuerit,
1603 670 1651 723 ei
1702 670 1983 724 credimus

402 759 741 813 successisse
787 759 1184 828 Epiphanium;
1222 761 1317 815 sed
1352 764 1535 832 potius
1585 764 1841 826 Auxibio,
1889 762 1984 832 qui

401 847 551 901 inter
598 848 823 918 Cyprios
873 851 1157 920 episcopos
1205 853 1491 907 duodecim
1547 854 1762 924 (habuit
1802 864 1981 908 autem

402 938 588 993 insula
619 940 916 995 universim
950 943 1289 1011 episcopales
1323 945 1480 999 sedes
1515 946 1850 1016 quindecim)
1884 960 1986 998 no-

403 1032 653 1085 minatur
682 1049 711 1086 a
741 1032 799 1087 S.
833 1034 1132 1089 Athanasio
1158 1038 1385 1103 primus,
1418 1054 1608 1092 eorum
1635 1040 1727 1107 qui
1763 1038 1987 1109 synodi-

406 1139 531 1179 cam
561 1124 900 1181 Sardicensis
930 1129 1305 1183 conciliianno
1326 1131 1429 1183 547
1444 1132 1813 1200 subsignando
1834 1138 1987 1200 post-

406 1230 476 1269 ea
531 1218 931 1286 approbarunt;
964 1220 1239 1279 autillius.
1287 1221 1331 1274 si
1361 1222 1500 1275 alius
1518 1222 1983 1290 quisintereessit,

410 1308 738 1363 successori.
780 1308 858 1363 Eo
895 1320 1136 1379 tempore
1158 1322 1399 1380 emperat
1424 1313 1601 1367 insula
1636 1327 1755 1365 eum
1804 1312 1863 1366 S.
1894 1311 1989 1364 Hi-

409 1399 632 1455 larione
663 1402 965 1455 monachos
993 1402 1156 1455 etiam
1186 1418 1349 1457 nosse
1376 1420 1390 1458 :
1418 1404 1675 1459 credibile
1704 1412 1885 1457 tamen
1907 1413 1991 1457 est

412 1490 486 1544 ab
502 1490 791 1559 Epiphanii
812 1490 1152 1545 institutione
1168 1501 1219 1545 et
1241 1508 1369 1545 cura
1396 1493 1649 1561 pleraque
1663 1508 1854 1545 eorum
1871 1507 1988 1545 mo-

412 1583 787 1635 nasteriorum
820 1593 996 1635 erecta
1024 1582 1340 1651 directaque
1361 1583 1550 1644 fuisse,
1574 1598 1804 1651 quorum
1824 1597 1989 1651 supra

412 1674 801 1731 meminimus:
836 1674 972 1727 adeo
1010 1682 1071 1727 ut
1107 1674 1298 1727 merito
1335 1676 1616 1744 scripserit
1654 1673 1992 1728 Sozomenus

412 1765 486 1819 de
518 1763 821 1833 Epiphanio
852 1766 946 1819 lib.
986 1781 1196 1834 vt,cap.
1235 1766 1323 1828 5'2,
1348 1767 1492 1835 quod
1529 1784 1547 1816 ‹
1594 1766 1646 1818 in
1691 1766 1991 1820 monastica

2098 581 2225 633 inde
2255 579 2559 634 mercedem
2600 579 2779 631 habet.
2809 577 3002 631 Attulit
3042 586 3221 629 autem
3257 576 3323 629 ad
3372 576 3668 629 credulita-

2093 680 2201 724 tem
2233 671 2386 724 verbi
2420 678 2475 724 et
2498 670 2871 724 testimonium
2896 683 3082 732 verax,
3108 668 3252 737 quod
3279 666 3422 721 circa
3461 666 3516 720 S.
3544 666 3672 736 Epi-

2098 762 2359 832 pbanium
2389 771 2443 815 et
2486 760 2748 815 Joannem
2811 762 3122 829 episcopum
3168 759 3668 830 Hierosolymorum

2097 853 2303 907 factum
2336 861 2419 908 est
2448 870 2463 906 :
2497 854 2774 922 quomodo
2811 851 2868 905 S.
2896 850 3229 919 Epiphanius
3257 866 3353 919 per
3382 859 3551 903 artem
3584 861 3671 903 tu-

2095 945 2159 998 lit
2181 954 2461 1012 argentum
2493 944 2841 1013 patriarchaa,
2871 942 3121 995 videlicet
3148 938 3377 994 Joannis
3400 925 3669 1009 ejusdem,

2095 1045 2148 1089 et
2196 1036 2342 1089 dedit
2394 1036 2698 1099 egentibus.
2767 1054 2784 1084 ι
2841 1033 2957 1086 Alia
3022 1040 3173 1086 certe
3237 1042 3353 1085 arte
3416 1032 3673 1085 utebatur

2100 1130 2156 1182 S.
2188 1128 2426 1182 Joannes
2450 1126 2949 1197 Eleemosynarius,
3002 1123 3131 1177 dum
3174 1123 3466 1177 identidem
3502 1122 3674 1176 dona-

2096 1229 2180 1273 tas
2213 1220 2356 1272 ultro
2394 1219 2460 1272 ad
2500 1234 2631 1272 suos
2659 1233 2795 1271 usus
2833 1217 2915 1269 vel
2946 1215 3108 1269 etiam
3144 1214 3343 1283 petitas
3369 1223 3547 1268 vestes
3575 1230 3673 1267 no—

2097 1327 2215 1373 vas,
2244 1311 2525 1365 vendendo
2556 1325 2619 1365 ac
2641 1310 2873 1378 pretium
2897 1308 3277 1361 distribuendo
3303 1308 3355 1359 in
3382 1322 3670 1376 pauperes,

2104 1423 2122 1453 ‹
2162 1403 2403 1455 suaviter
2435 1401 2591 1470 quasi
2625 1400 2990 1453 vindemiabat
3035 1399 3325 1467 opulentos
3357 1399 3605 1452 homines
3648 1416 3669 1449 ι

2099 1508 2226 1561 erga
2254 1508 2313 1546 se
2354 1491 2623 1545 beneﬁcos
2663 1508 2676 1542 :
2713 1505 2877 1558 quam
2926 1504 3032 1557 qua
3081 1501 3216 1542 usus
3272 1487 3497 1557 ﬁngitur
3544 1486 3673 1556 Epi-

2098 1584 2357 1653 phatnius,
2394 1583 2488 1651 qui
2532 1590 2916 1651 argenteorum
2958 1595 3238 1641 vasorum,
3282 1579 3429 1633 velut
3465 1580 3532 1633 ad
3578 1580 3677 1634 ho-

2099 1678 2300 1745 spitum
2344 1674 2708 1744 quorumdam
2761 1671 3143 1726 tractationem
3191 1678 3383 1726 mutuo
3426 1681 3675 1742 accepto-

2101 1781 2245 1830 rum,
2290 1783 2309 1816 ‹
2361 1764 2572 1833 pondus
2621 1764 2881 1815 librarum
2946 1762 3093 1815 mille
3144 1762 3597 1831 quingentarum,
3649 1779 3670 1814 ι

414 1854 705 1924 disciplina
741 1855 1130 1909 celeberrimus
1158 1856 1366 1909 exstitit
1386 1865 1439 1907 et
1470 1854 1738 1926 [Egyptiis
1766 1864 1819 1908 et
1840 1855 2003 1909 Palae-
2032 1850 2073 1902 Β
2105 1858 2279 1911 inscio
2311 1857 2532 1910 domino
2577 1854 2883 1908 vendiderit
2914 1854 3345 1921 erogaveritque,
3388 1868 3451 1907 ac
3484 1863 3675 1922 postea

414 1945 627 2009 stiniis,
651 1945 949 2015 etdenique
966 1946 1181 2017 Cypriis
1207 1947 1349 2015 apud
1368 1962 1507 2015 quos
1521 1948 1726 2001 electus
1752 1956 1912 2001 estut
1944 1948 1997 2000 in

416 2038 710 2108 metropoli
760 2037 929 2093 totius
960 2038 1151 2093 insulae
1176 2039 1547 2108 episcopatum
1574 2039 1996 2093 administraret.

495 2129 588 2183 16.
628 2128 765 2183 Dum
790 2130 937 2183 bunc
969 2139 1198 2199 gereret,
1232 2147 1251 2178 ‹
1293 2130 1463 2183 multa
1495 2130 1571 2183 illi
1614 2130 1875 2184 miracula
1905 2130 2002 2183 tri-

417 2219 693 2285 buuntur,
718 2235 785 2274 ex
815 2220 1017 2290 quibus
1047 2220 1181 2274 illud
1212 2221 1277 2273 ad
1308 2221 1559 2274 notitiam
1589 2230 1837 2276 nostram
1878 2236 2003 2290 per-

417 2314 595 2379 venit,
629 2332 647 2364 ι
687 2312 866 2382 inquit
892 2312 1034 2367 idem
1077 2311 1416 2367 Sozomenus
1457 2313 1551 2367 lib.
1596 2328 1694 2375 vn,
1743 2300 1877 2383 cap.‘
1908 2313 2001 2371 27.

426 2421 448 2455 ι
485 2403 626 2457 Cum
657 2404 896 2459 liberalis
929 2414 1074 2458 esset
1104 2419 1231 2473 erga
1259 2420 1548 2474 pauperes,
1597 2405 1687 2474 qui
1741 2406 1824 2458 vel
1866 2421 2003 2459 nau—

420 2495 603 2566 fragio
639 2496 724 2551 vel
750 2497 860 2551 alio
906 2498 1162 2566 quopiam
1208 2512 1339 2550 casu
1388 2496 1454 2551 ad
1503 2499 1740 2565 impiam
1799 2497 2001 2553 redacti

419 2598 632 2655 essent,
671 2589 932 2659 quoniam
965 2588 1253 2644 facultates
1287 2606 1416 2644 suas
1435 2591 1546 2659 jam
1575 2591 1781 2659 pridem
1814 2606 2003 2645 omnes

423 2680 831 2750 absumpserat,
879 2681 1122 2736 ecclesiae
1148 2681 1307 2735 bonis
1337 2682 1425 2735 ubi
1466 2698 1600 2750 opus
1644 2691 1761 2736 erat
1796 2683 2005 2750 prolixe

426 2787 565 2826 usus
593 2780 716 2827 est:
752 2781 871 2827 erat
904 2781 1082 2827 autem
1120 2774 1531 2842 0pulentissima
1579 2774 1699 2841 ejus
1749 2775 2001 2829 ecclesia.

423 2862 585 2918 Multi
611 2864 755 2919 enim
783 2879 851 2919 ex
880 2866 1057 2919 var-iis
1087 2866 1332 2935 partibus
1369 2866 1538 2930 Orbis,
1585 2866 1676 2934 qui
1708 2882 1839 2935 opes
1878 2881 2007 2921 suas

428 2954 488 3008 in
522 2956 639 3024 pios
693 2971 826 3011 usus
875 2956 1186 3025 impendere
1233 2958 1543 3023 studebant,
1586 2968 1641 3011 et
1689 2961 2007 3027 superstites

428 3045 551 3114 ejus
595 3048 843 3103 ecclesia:
866 3063 959 3103 eas
987 3047 1390 3117 impendebant,
1410 3048 1477 3103 'et
1513 3051 1806 3104 morientes
1832 3050 2007 3104 eidem

432 3140 837 3210 relinquebant.
864 3139 1221 3195 Conlidebant
1254 3143 1398 3195 enim
1450 3143 1619 3205 illum,
1678 3150 1866 3211 utpote
1918 3142 2010 3212 qui

433 3229 639 3299 probus
670 3230 1014 3299 dispensator
1046 3230 1251 3300 Deique
1282 3233 1698 3288 amantissimus
1733 3245 1897 3299 esset,
1925 3248 2013 3287 res

433 3323 506 3376 ab
528 3322 658 3391 ipsis
692 3324 919 3377 donatas
954 3340 1019 3376 ex
1050 3324 1292 3393 ipsorum
1331 3325 1599 3379 sententia
1628 3341 1692 3378 ae
1730 3326 2010 3379 voluntate

435 3425 811 3484 erogaturum.
859 3415 1107 3479 Quodam
1166 3415 1333 3486 igitur
1378 3426 1617 3487 tempore
1664 3432 1787 3471 cum
1830 3432 2017 3487 pauca:

436 3506 732 3560 admodum
792 3507 1037 3577 pecunia;
1100 3516 1485 3576 superessent,
1557 3509 1710 3563 aiunt
1775 3510 2018 3564 ecclesia:

436 3614 789 3653 mconomum
849 3600 1250 3661 δυοοεηευὶεδθ,
1302 3616 1539 3669 eumque
1588 3610 1849 3670 tanquam
1890 3616 2019 3671 pro-

437 3690 624 3761 digum
652 3692 1106 3761 reprehendisse:
1137 3691 1288 3745 illum
1324 3708 1477 3755 vero,
1515 3708 1584 3747 ne
1623 3703 1736 3747 tum
1772 3694 2015 3763 quidem,

438 3783 509 3837 de
556 3783 714 3837 solita
770 3798 897 3853 erga
954 3798 1217 3852 pauperes
1274 3784 1649 3838 muniﬁcentia
1714 3786 2014 3843 remisisse.

439 3872 711 3929 Omnibus
748 3884 930 3929 autem
979 3875 1339 3944 consumptis,
1385 3885 1606 3944 repente
1655 3880 1843 3932 nescio
1894 3879 2020 3947 quis

441 3967 513 4021 ad
543 3968 879 4029 cubiculum,
935 3969 988 4021 in
1033 3982 1143 4036 quo
1195 3968 1424 4037 degebat
1477 3984 1819 4034 meonomus,
1865 3984 2022 4024 acce-

441 4062 602 4121 dens,
634 4074 857 4114 saccum
886 4060 940 4113 in
976 4076 1086 4130 quo
1117 4061 1271 4113 multi
1314 4069 1473 4115 erant
1515 4060 1665 4114 aurei
1714 4061 1921 4114 nummi
1966 4060 2022 4113 in

444 4170 644 4208 manus
669 4155 717 4208 ei
751 4154 993 4207 tradidit.
1028 4155 1273 4222 Cumque
1309 4169 1408 4208 nec
1445 4155 1490 4208 is
1538 4154 1633 4223 qui
1670 4153 1893 4208 dederat
1926 4168 2025 4207 nec

447 4247 497 4301 is
532 4247 625 4315 qui
653 4246 879 4301 miserat
924 4256 1259 4310 nosceretur,
1294 4245 1677 4315 videreturque
1718 4246 1912 4317 merito
1942 4246 2027 4298 in-

448 4342 633 4395 solens
664 4355 993 4408 quemquam
1015 4339 1068 4391 in
1102 4347 1253 4393 tanta
1283 4338 1527 4407 pecunia:
1551 4337 1839 4407 largitione
1858 4336 2026 4392 latere

446 4434 608 4499 velle,
625 4443 738 4488 tum
757 4449 886 4487 vero
907 4432 1146 4487 universi
1165 4432 1216 4486 id
1240 4430 1333 4485 Dei
1360 4446 1497 4500 Opus
1521 4430 1987 4499 essejudicarunt.
2002 4449 2020 4481 ι

526 4526 609 4579 17.
644 4524 719 4579 Ita
774 4523 1144 4587 Sozomenus,
1198 4531 1458 4590 tanquam
1520 4522 1627 4575 hoc
1684 4521 2103 4592 alterumquep

453 4636 581 4674 mox
613 4617 1011 4687 subjiciendum
1031 4616 1205 4670 solum
1225 4614 1478 4669 distincte
1496 4614 1713 4682 cognitu
1724 4628 1772 4666 m
1791 4612 2028 4680 habens;

451 4712 683 4783 proinde
712 4711 853 4765 nihil
895 4710 1074 4765 sciens
1102 4709 1170 4763 de
1196 4706 1591 4762 commentitiis
1623 4704 1731 4759 illis
1774 4721 1838 4760 ac
1874 4721 2027 4759 men—

452 4802 767 4859 dacissimis
818 4801 991 4864 Actis,
1029 4800 1082 4853 in
1131 4798 1332 4869 quibus
1367 4809 1479 4851 tum
1527 4797 1632 4850 alia
1681 4797 1848 4850 multa
1881 4795 2034 4849 valde

454 4895 759 4966 singularia
791 4893 1161 4955 continentur,
1186 4898 1299 4943 tum
1331 4889 1420 4942 illa
1465 4888 1580 4956 ipsa
1606 4887 1715 4940 duo
1742 4886 1899 4956 longe
1935 4886 2033 4941 ali-

455 4998 544 5043 ter
574 4994 900 5051 narrantur;
932 4982 1081 5053 quod
1112 4983 1254 5037 idem
1306 4979 1574 5034 aecidisse
1622 4979 1837 5033 videtur
1879 4978 2032 5031 alteri

458 5079 523 5133 S.
560 5076 848 5147 Epiphanii
878 5074 1045 5138 facto,
1074 5073 1232 5142 cujus
1270 5072 1325 5126 in
1370 5069 1493 5123 Vita
1529 5068 1587 5124 S.
1625 5068 1850 5123 Joannis
1888 5068 2038 5122 Elee«

458 5166 779 5239 mosynarii,
806 5180 837 5219 a
883 5163 1044 5217 nobis
1074 5162 1203 5217 data
1242 5161 1312 5214 25
1348 5158 1615 5223 Januarii,
1652 5159 1726 5211 ita
1786 5157 2037 5213 meminit

458 5276 679 5319 coaavus
702 5257 901 5313 Joanni
935 5255 1212 5321 Leontius,
1246 5252 1546 5321 Neapoleos
1570 5250 1730 5322 Cypri
1750 5251 2037 5320 episcopus

458 5353 664 5409 saeculo
683 5365 781 5416 vn,
813 5364 870 5403 n.
904 5346 997 5411 55,
1026 5359 1277 5408 narrans,
1312 5343 1458 5412 quod
1492 5341 1807 5397 S.Joannes
1838 5360 1856 5392 ‹
1892 5342 2040 5396 dice-

462 5449 561 5502 bat
587 5456 821 5512 semper,
859 5438 1005 5509 quod
1047 5445 1232 5507 posset
1280 5436 1500 5505 aliquis,
1545 5434 1845 5487 intentione
1876 5432 2040 5487 dandi

470 5534 827 5606 pauperibus,
863 5528 1173 5599 exspoliare
1202 5525 1422 5589 divites,
1452 5534 1509 5609 et
1539 5525 1716 5593 ipsum
1748 5526 1915 5579 etiam
1946 5524 2042 5594 hy-

462 5625 830 5700 pocamisium
861 5622 931 5676 ab
971 5621 1053 5675 eis
1085 5618 1343 5673 benevole
1374 5616 1609 5680 auferre,
1650 5624 1703 5669 et
1728 5616 1963 5669 maxime
1994 5615 2041 5669 si

462 5725 599 5774 sunt
627 5712 797 5784 aliqui
829 5707 1293 5765 immisericordes
1332 5714 1385 5761 et
1424 5707 1595 5760 avari.
1640 5704 1758 5759 Duo
1797 5706 1944 5760 enim
1974 5718 2042 5758 ex

462 5808 575 5867 hoc
602 5805 865 5871 lucratur,
903 5815 1073 5860 unum
1105 5797 1324 5882 quidem
1348 5795 1770 5881 “quiaﬂanimas
1821 5795 2041 5866 illorum

2104 1952 2156 2005 in
2197 1949 2436 2019 episcopi
2473 1947 2539 2001 de
2580 1946 2782 2015 injuria
2821 1946 2922 2000 sibi
2968 1946 3108 1999 facta
3160 1945 3440 2015 querentis
3483 1946 3675 1999 faciem

2103 2058 2401 2113 ex5puens,
2437 2056 2560 2096 eum
2591 2038 2963 2095 excaecaverit.

2175 2137 2264 2191 18.
2307 2133 2438 2187 Tam
2466 2132 2609 2186 enim
2648 2128 3074 2184 circumstantia:
3123 2143 3200 2182 eae
3247 2127 3397 2181 falsa:
3431 2144 3552 2183 esse
3594 2128 3680 2181 vi-

2105 2232 2322 2293 dentur,
2349 2244 2513 2298 quam
2544 2228 2688 2297 quod
2734 2226 2877 2281 idem
2920 2225 3181 2289 Joannes,
3220 2235 3439 2295 recepto
3484 2225 3680 2281 deinde

2107 2323 2173 2376 ad
2205 2334 2390 2390 preces
2424 2318 2712 2388 Epiphanii
2740 2318 2859 2372 visu
2909 2319 3071 2372 unius
3102 2318 3272 2371 solius
3311 2318 3476 2380 oculi,
3530 2337 3547 2367 ι
3585 2333 3680 2371 ea-

2112 2411 2347 2481 stigatus
2379 2419 2433 2463 et
2493 2409 2782 2462 convictus
2826 2423 2855 2461 a
2902 2408 3020 2461 viro
3058 2408 3209 2477 justo
3261 2407 3364 2462 fuit
3426 2407 3681 2477 deinceps

2109 2513 2330 2557 sanctus
2361 2503 2411 2555 in
2452 2501 2726 2555 omnibus.
2771 2518 2790 2551 i
2831 2500 2942 2554 Hoc
2975 2516 3105 2555 sane
3138 2502 3203 2555 de
3254 2516 3318 2555 eo
3363 2517 3469 2555 non
3509 2501 3683 2556 sensit

2109 2593 2466 2664 Epiphanius,
2512 2594 2733 2663 quando
2774 2593 2839 2646 ad
2896 2594 3169 2656 eumdem,
3226 2593 3292 2646 de
3339 2591 3683 2661 Origenianis

2109 2683 2390 2737 erroribus
2428 2682 2570 2751 apud
2622 2698 2680 2735 se
2726 2692 3067 2751 suspectum,
3120 2693 3173 2736 et
3224 2684 3496 2736 immerito
3543 2684 3684 2737 indi-

2110 2785 2364 2847 gnantem
2397 2775 2527 2843 quia
2564 2772 2622 2827 S.
2652 2773 2965 2844 Hieronymi
3007 2775 3252 2839 fratrem,
3296 2774 3677 2829 Paulinianum

2111 2868 2439 2921 monachum
2483 2866 2599 2935 ipse
2636 2867 3013 2936 presbyterum
3053 2868 3349 2931 ordinarat,
3394 2869 3680 2935 epistolam

2113 2960 2348 3029 scripsit,
2374 2974 2536 3028 quam
2569 2958 2638 3012 ab
2667 2958 2898 3027 ipsomet
2949 2957 3007 3012 S.
3052 2958 3379 3030 Hieronymo
3420 2960 3684 3014 habemus

2114 3050 2409 3105 Latinitate
2437 3050 2715 3113 donatam,
2741 3050 2843 3103 hoc
2862 3050 3128 3119 principio
3158 3068 3172 3104 :
3204 3070 3221 3100 ‹
3250 3049 3543 3119 Oportebat
3561 3065 3686 3114 nos,

2115 3142 2484 3206 dilectissime,
2507 3140 2793 3195 clericatus
2816 3141 3022 3194 honore
3056 3158 3163 3196 non
3204 3142 3352 3196 abuti
3393 3142 3463 3194 ob
3499 3156 3691 3210 super-

2114 3233 2282 3297 biam,
2332 3234 2425 3287 sed
2472 3234 2719 3287 custodia
2764 3234 3147 3287 mandatorum
3194 3231 3285 3285 Dei
3335 3241 3388 3286 et
3428 3233 3692 3285 observa-

2115 3325 2264 3378 tione
2289 3324 2614 3393 dignissima
2662 3325 2765 3379 hoc
2807 3341 2927 3379 esse
2965 3325 3109 3394 quod
3155 3324 3455 3378 dicimur...
3492 3322 3690 3377 Audivi

2114 3418 2258 3471 enim
2299 3417 2444 3487 quod
2475 3428 2685 3473 tumeas
2710 3427 2900 3471 contra
2934 3433 3055 3479 nos,
3088 3426 3143 3470 et
3180 3416 3459 3477 irascaris,
3493 3422 3546 3469 et
3581 3414 3689 3467 mi—

2115 3510 2306 3564 niteris
2361 3511 2597 3565 scribere
2648 3511 2701 3562 in
2756 3520 3032 3563 extremos
3079 3509 3214 3561 ﬁnes
3270 3516 3493 3561 terrm...
3545 3504 3692 3559 Nihil

2116 3598 2214 3653 tibi
2238 3600 2542 3661 nocuimus,
2577 3599 2710 3652 nihil
2747 3599 2959 3667 injuria:
2989 3597 3238 3663 fecimus,
3270 3597 3404 3650 nihil
3430 3597 3699 3651 violenter.

2116 3692 2463 3747 extorsimus.
2496 3691 2555 3746 In
2583 3693 2913 3746 monasterio
2945 3692 3198 3755 fratrum,
3236 3700 3290 3744 et
3332 3689 3561 3743 fratrum
3605 3704 3695 3758 pe-

2117 3784 2484 3853 regrinorum,
2530 3784 2623 3849 qui
2662 3784 2953 3853 provincia:
3000 3792 3107 3837 tua:
3155 3782 3292 3835 nihil
3335 3781 3611 3845 deberent,
3640 3789 3696 3834 et

2118 3883 2336 3944 propter
2386 3884 2626 3928 nostram
2682 3876 3001 3942 parvitatem
3049 3883 3103 3927 et
3150 3874 3377 3937 litteras,
3432 3888 3569 3941 quas
3625 3872 3694 3925 ad

2121 3983 2216 4021 eos
2237 3969 2430 4022 crebro
2462 3968 2787 4028 direximus,
2829 3983 2893 4020 ne
2927 3966 3241 4019 viderentur
3278 3957 3513 4034 quadam
3541 3964 3696 4018 duri-

2121 4058 2195 4111 tia
2224 4066 2279 4111 et
2309 4057 2639 4111 conscientia
2662 4036 2855 4109 'nostra
2891 4056 3128 4122 antiqua:
3168 4053 3291 4105 ﬁdei
3341 4051 3409 4105 ab
3453 4050 3729 4113 Ecclesia

2125 4149 2390 4217 separari,
2430 4148 2801 4201 ordinavimus
2826 4146 3137 4210 diaconum,
3170 4154 3223 4198 et
3260 4151 3547 4212 postquam
3591 4142 3697 4195 tri-

2116 4238 2376 4309 ‘nistravit
2409 4252 2599 4291 rursus
2633 4236 3009 4304 presbyterum
3043 4248 3245 4301 :super
3281 4247 3391 4300 quo
3431 4231 3701 4285 debueras

2127 4328 2418 4397 gratulari,
2475 4326 2778 4393 intelligens
2822 4322 2969 4391 quod
3031 4323 3101 4376 ob
3150 4321 3243 4375 Dei
3296 4322 3547 4374 timorem
3597 4320 3701 4373 hoc

2129 4433 2321 4472 sumus
2348 4416 2525 4471 facere
2548 4414 2934 4484 compulsi.....

2202 4509 2291 4564 l9.
2327 4527 2344 4558 ι
2387 4510 2521 4562 Cum
2562 4508 2707 4561 enim
2748 4505 3003 4557 vidissem
3056 4502 3185 4571 quia
3234 4500 3525 4555 multitudo
3574 4516 3698 4556 san-

2133 4612 2346 4657 ctorum
2378 4599 2607 4652 fratrum
2650 4600 2702 4652 in
2746 4596 3081 4651 monasterio
3112 4594 3458 4657 consisteret,
3492 4601 3547 4646 et
3576 4607 3704 4646 san-

2134 4692 2205 4746 cti
2250 4691 2551 4761 presbyteri
2585 4688 2947 4758 Hieronymus
2997 4702 3061 4740 ac
3107 4684 3445 4747 Vincentius,
3487 4690 3706 4751 propter

2133 4782 2520 4853 verecundiam
2549 4788 2604 4835 et
2636 4780 3019 4842 humilitatem,
3068 4776 3259 4829 nolens
3286 4774 3467 4827 debita
3498 4771 3705 4826 nomini

2138 4890 2239 4931 suo
2266 4888 2519 4929 exercere
2550 4872 2839 4936 sacriﬁcia,
2886 4878 2940 4923 et
2989 4868 3235 4921 laborare
3290 4865 3343 4916 in
3401 4865 3503 4917 hac
3553 4874 3707 4931 parte

2138 4964 2427 5022 ministerii
2462 4978 2584 5033 qua:
2608 4961 3041 5015 Christianorum
3090 4955 3363 5025 praacipua
3408 4954 3558 5007 salus
3591 4961 3706 5017 est;

2140 5056 2383 5111 invenire
2406 5063 2584 5107 autem
2612 5061 2665 5105 et
2688 5046 3168 5118 comprehendere,
3204 5045 3295 5113 qui
3328 5053 3380 5097 te
3423 5042 3522 5112 (eo
3558 5041 3707 5111 quod

2140 5163 2304 5219 grave
2324 5161 2464 5200 onus
2495 5141 2783 5198 sacerdotii
2810 5139 2975 5194 nollet
3015 5134 3312 5204 suscipere)
3346 5148 3488 5202 saepe
3537 5131 3710 5201 fugie-

2141 5240 2253 5303 bat,
2284 5254 2383 5291 nec
2413 5237 2553 5290 alius
2584 5234 2708 5303 quis
2740 5232 3125 5300 episcoporum
3154 5227 3313 5281 facile
3353 5241 3478 5281 eum
3510 5223 3710 5292 reperi-

2140 5342 2225 5385 ret
2255 5328 2423 5398 (unde
2448 5336 2499 5382 et
2532 5328 2667 5382 satis
2706 5325 2935 5378 miratus
2967 5336 3087 5374 sum
3122 5318 3397 5389 quomodo
3427 5316 3711 5385 dispensa-

2142 5423 2292 5476 tione
2318 5419 2407 5473 Dei
2449 5420 2515 5472 ad
2552 5432 2650 5471 nos
2675 5417 2883 5469 venerit
2930 5430 3054 5469 cum
3105 5409 3348 5466 diaconis
3397 5404 3712 5462 monasterii

2143 5529 2199 5573 et
2232 5515 2443 5571 caneris
2471 5512 2753 5572 fratribus,
2794 5518 2854 5562 ut
2884 5508 3016 5560 mihi
3056 5504 3411 5569 satisfaceret,
3452 5504 3580 5571 quia
3624 5515 3712 5555 ne-

2144 5610 2260 5666 scio
2289 5607 2419 5677 quid
2448 5606 2709 5659 adversus
2736 5617 2831 5657 eos
2865 5601 3132 5654 habebam
3167 5596 3420 5661 tristitiae)
3445 5608 3593 5657 eum,
3626 5591 3713 5644 in-

2146 5715 2334 5771 quam,
2378 5696 2746 5752 celebraretur
2784 5691 3007 5747 collecta
3042 5690 3096 5742 in
3137 5686 3366 5743 ecclesia
3405 5684 3547 5739 villae
3592 5696 3712 5752 qua
3744 5763 3755 5773 .

2146 5801 2231 5855 est
2263 5790 2415 5856 iuxta
2455 5775 2844 5843 monasterium
2886 5787 3175 5844 nostrum;
3212 5776 3552 5845 ignorantem
3588 5786 3713 5837 eum
