4088 6362
401 334 509 393 19⁸1

1438 334 1495 389 S.
1523 333 1871 389 EPIPHANH
1902 332 2082 386 ACTA
2124 331 2627 387 BOLLANDIANA.

3568 322 3673 376 ηδ

402 465 461 510 et
487 449 691 509 nullam
723 455 942 525 penitus
990 454 1279 510 habentem
1315 457 1689 525 suspicionem
1724 472 1817 525 per
1845 455 1986 509 mul-
2017 460 2063 515 Α
2097 455 2422 525 indignatio,
2453 470 2552 509 nec
2575 453 2780 506 frustra
2822 450 3094 505 movearis
3128 468 3140 503 :
3178 456 3234 502 et
3281 444 3427 501 aliud
3482 442 3676 498 dolens

402 557 491 601 tos
513 547 777 601 diaconos
799 550 1134 617 apprehendi
1157 549 1450 619 jussimus,
1474 558 1529 602 ct
1554 549 1725 603 teneri
1751 563 1814 603 os
1844 548 1986 616 ejus,

406 656 474 692 ne
502 638 639 693 forte
664 640 885 697 liberari
928 659 987 699 se
1024 644 1254 712 cupiens
1300 642 1582 711 adjuraret
1628 658 1729 695 nos
1766 657 1859 711 per
1899 657 1995 692 no-

408 745 533 783 men
567 731 771 786 Christi
810 751 823 787 :
878 743 932 788 et
980 736 1217 803 primum
1266 736 1557 789 diaconum
1596 733 1991 794 ordinavimus,

408 838 780 892 proponentes
810 826 859 879 ei
901 827 1156 881 timorem
1193 827 1286 881 Dei
1329 846 1340 880 :
1371 827 1530 881 valde
1560 828 1759 896 quippe
1787 826 1995 879 obnite-

409 916 593 981 batur,
628 917 907 988 indignum
937 935 996 975 se
1028 936 1147 975 esse
1173 930 1510 974 contestans.
1546 918 1648 972 Vix
1685 933 1816 988 ergo
1844 933 1994 971 com-

412 1007 652 1073 pulimus
686 1026 810 1062 eum
859 1020 913 1064 et
949 1011 1283 1080 persuadere
1332 1012 1613 1080 potuimus
1666 1008 1996 1063 testimoniis

414 1095 825 1167 Scripturarum
868 1110 921 1155 et
958 1102 1339 1154 mandatorum
1389 1102 1505 1153 Dei.
1552 1100 1618 1154 Et
1663 1116 1785 1154 cum
1832 1098 1997 1152 mini-

414 1196 613 1243 straret
654 1189 707 1243 in
761 1191 967 1245 sanctis
993 1191 1298 1254 sacriﬁciis,
1346 1207 1541 1245 rursus
1591 1206 1740 1254 eum,
1791 1187 1996 1258 ingenti

411 1279 729 1334 difﬁcultate
765 1290 915 1335 tento
962 1298 1057 1335 ore
1095 1283 1235 1351 ejus,
1285 1283 1664 1337 ordinavimus
1712 1281 1998 1350 presbyte-

415 1386 563 1437 rum,
596 1382 650 1427 et
682 1375 872 1429 iisdem
908 1375 1108 1439 verbis,
1160 1376 1361 1445 quibus
1410 1384 1569 1429 antea
1618 1389 1995 1437 suaseramus,

414 1463 734 1533 impulimus
764 1474 823 1519 ut
875 1466 1089 1521 sederet
1144 1466 1197 1519 in
1245 1466 1437 1519 ordine
1493 1465 1811 1536 presbyteri.
1871 1464 2001 1517 Post

414 1554 531 1610 haec
588 1558 913 1625 scripsimus
968 1559 1034 1612 ad
1102 1567 1322 1612 sanctos
1392 1560 1741 1628 presbyteros
1810 1573 2001 1610 mona-

414 1649 567 1703 sterii
591 1658 644 1703 et
674 1658 901 1705 caeteros
926 1649 1143 1713 fratres,
1162 1660 1215 1704 et
1244 1651 1647 1719 increpavimns
1672 1666 1790 1713 eos,
1828 1666 1999 1719 quare

413 1756 525 1795 non
551 1743 903 1810 scripsissent
930 1758 1094 1809 super
1119 1758 1185 1797 eo
1228 1746 1372 1812 (eum
1402 1754 1527 1796 ante
1561 1758 1762 1795 annum
1800 1742 2000 1795 multos

414 1848 608 1888 eorum
651 1836 806 1903 queri
844 1836 1144 1900 audissem,
1185 1851 1284 1889 cur
1321 1851 1429 1887 non
1475 1834 1739 1887 haberent
1768 1833 1860 1902 qui
1896 1833 1998 1886 sibi
2036 1811 2077 1865 Β

415 1924 635 1979 Domini
660 1938 1005 1981 sacramenta
1041 1926 1393 1990 conﬁcerent,
1422 1936 1476 1980 et
1507 1926 1660 1980 illum
1684 1941 1874 1979 omnes
1899 1940 2002 1978 suo

415 2028 707 2088 poscerent
762 2018 1113 2085 testimonio,
1175 2029 1231 2073 et
1280 2019 1541 2088 grandem
1599 2018 1891 2074 utilitatem
1946 2018 1999 2070 in

415 2108 696 2162 communi
742 2108 1065 2163 monasterii
1109 2108 1463 2179 testarentur)
1509 2123 1703 2178 quare,
1754 2107 1998 2176 inquam,

416 2212 549 2256 tunc
578 2212 793 2269 reperta
829 2202 1235 2271 opportunitate
1276 2215 1384 2255 non
1423 2200 1774 2269 scripsissent
1817 2199 2000 2262 nobis,

417 2310 597 2365 neque
627 2309 791 2363 super
820 2294 1165 2349 ordinatione
1191 2294 1313 2362 ejus
1342 2292 1548 2362 aliquid
1601 2292 1999 2361 poposcissent.

416 2387 547 2444 Haec
566 2388 640 2442 ita
680 2399 802 2443 acta
855 2395 1003 2453 sunt,
1054 2395 1114 2441 ut
1165 2388 1377 2441 locutus
1431 2400 1585 2448 sum,
1630 2385 1684 2439 in
1740 2384 2004 2439 charitale

416 2480 647 2547 Christi,
672 2496 835 2550 quam
869 2492 919 2534 te
934 2495 1059 2549 erga
1088 2479 1414 2547 parvitatem
1448 2493 1624 2531 meam
1656 2477 1858 2531 habere
1887 2492 2005 2530 cre-

418 2574 613 2629 debam
642 2592 655 2628 :
685 2587 1009 2643 quanquam
1046 2574 1097 2626 in
1138 2572 1475 2625 monasterio
1527 2570 1918 2632 ordinaverint,
1952 2578 2006 2622 et

419 2680 531 2722 non
564 2665 619 2719 in
647 2664 904 2733 parochia
936 2679 1058 2732 quae
1084 2663 1179 2717 tibi
1213 2662 1454 2731 subjecta
1489 2661 1673 2715 sit.....
1710 2659 1851 2725 Quid
1875 2674 2006 2726 ergo

417 2759 520 2813 tibi
556 2760 733 2812 visum
772 2767 857 2813 est
896 2758 977 2813 sic
1023 2758 1260 2827 graviter
1313 2757 1681 2809 intumescere
1725 2762 1778 2807 et
1811 2752 2005 2822 jactari

421 2863 615 2909 contra
653 2868 755 2907 nos
786 2867 886 2920 pro
916 2864 1082 2920 opere
1124 2848 1240 2910 Dei,
1271 2848 1417 2917 quod
1466 2848 1519 2899 in
1564 2846 2003 2912 aediﬁcationem,

422 2957 479 3003 et
498 2962 609 3002 non
638 2947 692 3000 in
720 2946 1148 3000 destructionem
1180 2942 1408 2995 fratrum
1443 2940 1644 2993 factum
1673 2940 1793 2993 est?
1840 2958 1857 2991 ι

495 3039 592 3096 20.
633 3037 913 3093 Hactenus
949 3034 1315 3105 Epiphanius,
1362 3032 1496 3100 ipsis
1535 3031 1620 3084 his
1657 3030 1838 3083 verbis
1876 3028 2008 3083 satis

423 3132 700 3194 indicans,
723 3130 837 3199 jam
878 3138 994 3181 tum
1027 3136 1305 3194 receptum
1355 3125 1408 3176 in
1441 3123 1683 3177 Ecclesia
1726 3122 1918 3183 fuisse,
1951 3130 2009 3174 nt

422 3225 760 3286 monasteria
797 3224 987 3277 saltem
1021 3220 1203 3288 aliqua
1250 3217 1432 3287 (quale
1461 3226 1579 3269 erat
1612 3214 2006 3269 monasterium

425 3320 485 3375 S.
518 3314 807 3388 Epiphanii
835 3331 853 3363 ι
889 3313 1040 3381 juxta
1070 3309 1443 3363 Besanducem
1468 3306 1672 3369 vicum,
1706 3306 1757 3357 in
1790 3306 2012 3389 territo,-

424 3413 511 3468 rio
548 3404 1114 3474 Eleutheropolitano,
1147 3421 1165 3452 ›
1199 3400 1345 3470 quod
1388 3399 1455 3452 ab
1494 3398 1675 3467 inopia
1722 3413 2013 3467 aquarum,

434 3523 453 3558 ι
497 3500 842 3573 Spanydrion
870 3516 887 3548 ›
912 3496 1240 3565 appellatum
1274 3492 1467 3548 scribit
1500 3490 1974 3561 pseudo-Joannes
2000 3529 2015 3553 ,

426 3597 521 3653 ubi
542 3589 985 3653 factaordinatio,
1014 3596 1069 3641 et
1092 3588 1323 3640 alterum
1358 3604 1375 3635 ι
1422 3584 1831 3654 peregrinorum
1858 3602 1877 3634 ›
1902 3597 2018 3635 rno-

431 3689 740 3745 mchorum
775 3684 829 3738 in
872 3677 1375 3745 Bethlehem,unde
1392 3675 1749 3729 l’aulinianus
1779 3674 1845 3727 ad
1889 3672 2018 3741 Epi—

429 3781 695 3855 phanium
724 3776 971 3841 venerat)
1007 3780 1257 3841 exempta
1293 3777 1649 3823 censerentur
1697 3772 1766 3820 ab
1799 3764 2021 3819 ordina-

430 3876 501 3932 rii
529 3871 915 3945 iurisdictione
952 3887 964 3922 :
999 3867 1073 3921 ita
1099 3874 1159 3919 ut
1192 3864 1510 3934 quicunque
1534 3864 1832 3933 episc0pns
1872 3863 1924 3916 in
1951 3862 2020 3916 iis

430 3974 641 4038 posset,
672 3964 718 4020 si
760 3970 1067 4032 rogaretur,
1110 3957 1245 4027 ipsis
1302 3955 1589 4010 monachis
1642 3969 1831 4008 sacros
1884 3969 2020 4008 con-

432 4060 577 4115 ferre
600 4056 842 4113 ordines.
881 4051 1065 4122 Pergit
1091 4065 1257 4119 porro
1286 4047 1629 4117 Epiphanius
1663 4062 1927 4102 excusare
1961 4061 2022 4101 se

433 4151 630 4209 Joanni
696 4149 781 4204 his
834 4145 1015 4201 verbis
1070 4163 1082 4198 :
1132 4162 1149 4193 ‹
1200 4141 1307 4196 Sed
1368 4150 1423 4195 et
1478 4141 1610 4194 illud
1671 4140 2024 4195 vehementer

435 4245 740 4301 admiratus
792 4255 913 4295 sum
965 4237 1115 4308 quod
1174 4236 1312 4289 meis
1372 4234 1587 4287 locutus
1642 4247 1703 4288 es
1765 4232 2021 4298 clericis;

437 4351 690 4393 asserens
719 4343 773 4388 te
807 4348 905 4403 per
961 4339 1212 4385 sanctum
1256 4329 1632 4397 presbyterum
1681 4336 1736 4380 et
1774 4326 2024 4379 abbatem

437 4428 832 4486 monachorum
858 4424 1182 4490 Gregorium
1217 4420 1509 4474 mandasse
1540 4419 1697 4481 mihi,
1728 4434 1797 4473 ne
1830 4433 2025 4487 quem-

2099 562 2205 599 non
2241 556 2292 600 te
2319 559 2502 601 vertas
2524 547 2590 601 ad
2627 546 2755 609 alia,
2809 554 2867 597 ut
2902 542 3160 614 peccandi
3204 540 3550 594 occasionem
3593 536 3679 589 in-

2098 639 2316 693 venisse
2338 638 2593 703 videaris,
2629 637 2775 706 quod
2804 636 3075 704 Propheta
3100 634 3351 687 devitans
3383 629 3672 684 Dominum

2101 740 2375 800 precatur,
2409 731 2639 784 dicens:
2678 728 2802 782 Non
2841 727 3066 781 declines
3091 741 3181 779 cor
3198 739 3370 777 meum
3413 722 3470 773 in
3524 718 3678 773 verba

2100 821 2322 873 malitia:
2395 820 2464 871 ad
2521 820 2849 873 excusandas
2910 816 3273 870 excusationes
3332 812 3388 863 in
3451 809 3678 879 peccatis

2099 912 2277 981 (Psal.
2308 928 2431 977 ch,
2459 912 2536 981 4).
2564 931 2582 959 ι
2618 909 2823 980 Nempe
2852 909 3069 963 dolebat
3097 904 3385 963 Joannem,
3413 901 3556 970 quod
3583 916 3679 968 pro

2110 1004 2457 1075 Origeniana:
2492 1004 2713 1057 haeresis
2760 1002 3078 1057 defensione
3108 997 3305 1051 fuisset
3345 994 3413 1049 ab
3447 992 3682 1061 Epipha-

2102 1100 2195 1153 nio
2226 1108 2549 1167 correptus;
2582 1106 2635 1150 et
2667 1111 2730 1149 ea
2765 1096 2832 1149 de
2857 1108 3020 1147 causa
3050 1090 3378 1145 dissidentes
3406 1086 3474 1139 ab
3495 1100 3561 1139 eo
3586 1083 3680 1152 qui

2103 1189 2441 1259 Hieronymo
2484 1189 2836 1242 adhaerebant
2883 1184 3204 1249 monachos,
3239 1183 3355 1250 ipse
3410 1179 3527 1233 suis
3570 1175 3684 1243 epi-

2104 1281 2262 1335 stolis
2296 1280 2631 1348 monitisque
2671 1278 2956 1331 roboraret
2996 1275 3061 1327 ad
3099 1271 3467 1328 constantiam
3501 1269 3553 1321 in
3593 1283 3681 1319 re-

2104 1374 2384 1444 pudiando
2441 1374 2723 1441 Origene;
2783 1384 2957 1437 eaque
3024 1366 3090 1420 de
3153 1378 3322 1419 causa
3383 1367 3607 1415 vexatos
3652 1372 3685 1410 a

2104 1465 2316 1520 Joanne
2357 1464 2739 1519 consolaretur
2769 1459 3189 1530 atquejuvaret.

2174 1559 2266 1612 21.
2290 1557 2358 1610 Ει
2389 1558 2493 1611 hoc
2517 1566 2621 1620 est,
2650 1570 2761 1625 quo
2795 1553 2992 1623 stylum
3036 1549 3198 1603 vertit
3228 1544 3585 1616 Epiphanius,
3612 1540 3686 1593 ita

2105 1664 2445 1720 prosequens
2476 1654 2712 1715 emptam
2743 1643 3030 1713 epistolam
3073 1658 3086 1693 :
3118 1656 3137 1688 ι
3176 1637 3311 1690 Illud
3337 1647 3557 1705 quoque
3586 1645 3688 1682 au-

2107 1741 2265 1794 diens
2318 1740 2617 1791 admiratus
2663 1751 2808 1799 sum,
2860 1732 3003 1802 quod
3061 1729 3308 1799 quidam,
3366 1726 3460 1794 qui
3513 1722 3690 1777 solent

2110 1836 2256 1889 ultro
2282 1836 2528 1902 citroque
2569 1840 2789 1901 portare
2818 1826 3186 1883 rumusculos,
3230 1831 3284 1875 et
3315 1820 3402 1873 his
3426 1831 3548 1886 qua:
3590 1829 3691 1867 au—

2108 1933 2327 1987 dierunt
2359 1944 2573 1998 semper
2609 1926 2829 1990 addere,
2881 1931 2940 1975 ut
2974 1920 3227 1975 tristitias
3259 1925 3313 1970 et
3354 1915 3504 1967 rixas
3550 1910 3691 1962 inter

2112 2022 2307 2075 fratres
2340 2020 2637 2081 concitent,
2678 2028 2731 2070 te
2768 2028 2988 2085 quoque
3033 2011 3394 2066 turbaverunt
3437 2016 3491 2057 et
3539 2001 3694 2053 dixe-

2112 2122 2261 2179 runt,
2299 2112 2441 2182 quod
2474 2112 2527 2164 in
2558 2111 2833 2171 oratione,
2869 2105 3091 2175 quando
3116 2101 3398 2155 offerimus
3425 2092 3693 2149 sacriﬁcia

2114 2202 2245 2269 Deo,
2312 2201 2587 2255 soleamus
2642 2213 2741 2268 pro
2805 2206 2857 2251 te
2913 2195 3116 2255 dicere,
3172 2191 3432 2252 Domine,
3498 2192 3693 2254 praesta

2112 2294 2309 2349 Joanni
2344 2302 2405 2347 ut
2438 2305 2584 2347 recte
2625 2291 2833 2346 credat.
2864 2287 2985 2341 Noli
3026 2302 3125 2340 nos
3171 2284 3221 2337 in
3258 2292 3469 2337 tantum
3504 2286 3696 2346 putare

2111 2388 2371 2451 rusticos;
2427 2395 2486 2439 ut
2541 2386 2644 2439 hoc
2697 2395 2807 2436 tam
2864 2389 3050 2448 aperte
3103 2379 3283 2431 dicere
3330 2370 3690 2443 potuerimus.

2114 2482 2437 2548 Quanquam
2471 2480 2615 2531 enim
2649 2474 2837 2529 hocin
2880 2472 3045 2527 corde
3087 2485 3210 2523 meo
3248 2480 3463 2534 semper
3510 2476 3693 2525 orem;

2116 2584 2320 2636 tamen,
2364 2581 2424 2627 ut
2477 2571 2797 2639 simpliciter
2838 2566 3031 2629 fatear,
3076 2576 3355 2630 nunquam
3403 2558 3457 2611 in
3490 2556 3696 2607 alienas

2118 2683 2278 2721 aures
2306 2666 2529 2735 protuli,
2565 2679 2632 2716 ne
2663 2672 2712 2716 te
2746 2660 2961 2715 viderer
2990 2656 3139 2725 parvi
3176 2654 3429 2724 pendere,
3465 2647 3698 2703 dilectis-

2117 2760 2274 2814 sime.
2329 2757 2561 2823 Quando
2600 2765 2779 2809 autem
2825 2749 3219 2821 complevimus
3260 2744 3586 2807 oratiom-m,
3612 2754 3699 2794 se-

2115 2851 2354 2905 cundum
2387 2849 2551 2903 ritum
2582 2845 2990 2919 mysteriorum,
3022 2852 3079 2897 et
3119 2854 3218 2911 pro
3239 2837 3497 2892 omnibus
3527 2844 3581 2888 et
3599 2847 3699 2902 pro

2115 2952 2167 2997 te
2193 2956 2412 3012 quoque
2442 2941 2702 3001 dicimus,
2729 2935 2953 2991 Custodi
3005 2932 3155 2986 illum
3188 2930 3283 3000 qui
3314 2928 3576 2998 praedicat
3609 2938 3701 2975 ve-

2116 3035 2362 3098 ritatem;
2400 3032 2481 3084 vel
2511 3042 2679 3095 certe,
2711 3026 2793 3081 Tu
2833 3034 3048 3096 praesta,
3095 3022 3343 3082 Domine,
3382 3026 3435 3071 et
3462 3013 3699 3077 custodi,

2118 3138 2177 3181 ut
2217 3127 2305 3179 ille
2349 3124 2575 3178 verbum
2636 3120 2894 3191 przedicet
2954 3115 3199 3170 veritatis
3244 3132 3256 3167 :
3294 3113 3434 3166 sicut
3482 3108 3702 3164 occasio

2115 3217 2383 3271 sermonis
2418 3232 2477 3269 se
2502 3214 2703 3277 tulerit,
2740 3221 2794 3265 et
2850 3209 3103 3264 habuerit
3140 3207 3316 3261 oratio
3356 3216 3700 3272 consequen-

2116 3310 2268 3362 tiam.
2345 3307 2687 3376 Quapropter
2739 3305 2968 3358 obsecro
3040 3312 3110 3365 te,
3191 3297 3568 3359 dilectissime,
3650 3299 3706 3346 et

2116 3400 2408 3453 advolutus
2444 3398 2678 3467 pedibus
2705 3395 2814 3449 tuis
2857 3407 3075 3463 precor,
3102 3403 3300 3460 praeSIa
3343 3386 3476 3440 mihi
3504 3393 3558 3437 et
3582 3382 3703 3445 tibi,

2117 3501 2177 3545 ut
2202 3491 2458 3557 salveris,
2490 3489 2653 3545 sicuti
2684 3488 2946 3555 scriptum
2984 3494 3086 3547 est,
3126 3497 3156 3536 a
3195 3478 3547 3551 generatione
3581 3489 3705 3544 pur-

2121 3600 2274 3638 versa
2306 3583 2524 3654 (Matth.
2558 3596 2694 3647 xvii,
2728 3579 2833 3650 l6),
2870 3588 2925 3633 et
2956 3575 3146 3632 recede
3175 3575 3244 3629 ab
3276 3570 3469 3627 haeresi
3512 3568 3706 3638 Orige-

2121 3678 2203 3731 uis
2248 3685 2303 3730 et
2352 3693 2380 3727 a
2433 3675 2647 3730 cunctis
2700 3672 3038 3731 haeresibus,
3100 3665 3473 3721 dilectissime.
3537 3660 3708 3713 Video

2118 3770 2262 3824 enim
2295 3768 2441 3839 quod
2476 3776 2697 3838 propter
2728 3765 2868 3818 hanc
2890 3776 3111 3817 causam
3144 3758 3324 3813 omnis
3348 3765 3529 3810 vestra
3566 3752 3710 3807 iudi-

2122 3862 2306 3931 gnatio
2360 3862 2633 3916 concitata
2677 3858 2766 3921 sit,
2820 3855 2967 3924 quod
3020 3853 3323 3907 dixerimus
3368 3849 3548 3912 vobis,
3592 3845 3710 3900 Arii

2123 3966 2354 4024 patrem,
2384 3952 2673 4023 Origenem
2704 3950 2934 4013 scilicet,
2970 3955 3025 4001 et
3051 3946 3283 4000 aliarum
3308 3944 3589 3997 haereseon
3620 3953 3709 3992 ra-

2124 4054 2299 4107 dicem
2340 4062 2395 4106 et
2441 4060 2724 4121 parentem
2771 4047 3000 4102 laudare
3043 4061 3150 4099 non
3197 4043 3429 4098 debetis.
3463 4039 3529 4095 Et
3584 4053 3710 4093 cum

2125 4161 2222 4199 vos
2250 4159 2465 4199 orarem
2496 4158 2562 4197 ne
2600 4142 2675 4195 ita
2704 4140 2986 4203 erraretis,
3027 4145 3082 4191 et
3126 4150 3407 4191 monerem
3437 4152 3451 4198 ;
3492 4140 3715 4187 contra-

2124 4238 2366 4299 dixistis,
2399 4248 2454 4290 et
2485 4250 2572 4289 me
2603 4234 2669 4288 ad
2702 4234 2979 4288 tristitiam
3017 4242 3181 4301 atque
3211 4230 3276 4284 ad
3307 4230 3581 4298 lacrymas
3612 4222 3711 4277 ad-

2127 4329 2381 4391 duxistis,
2424 4343 2533 4381 non
2568 4327 2743 4380 solum
2780 4334 2959 4378 autem
3001 4338 3108 4388 me,
3147 4321 3239 4376 sed
3284 4327 3337 4375 et
3358 4319 3495 4372 alios
3538 4315 3713 4386 pluri-

2129 4435 2247 4473 mos
2278 4419 2579 4473 catholicos
2627 4417 2721 4487 qui
2774 4417 3090 4470 intererant.
3136 4412 3267 4467 Inde
3316 4421 3375 4465 ut
3446 4409 3709 4476 intelligo,

437 4539 605 4594 quam
662 4520 1012 4581 ordinarem;
1068 4524 1122 4569 et
1168 4530 1269 4583 ego
1313 4513 1587 4581 pollicitus
1632 4512 1732 4566 sim
1799 4511 2015 4589 dicens:
2054 4534 2098 4588 ι)
2128 4510 2244 4564 haec
2263 4518 2349 4563 est
2379 4510 2559 4563 omnis
2592 4506 2895 4577 indignatio
2949 4513 3004 4558 et
3047 4505 3147 4557 iste
3182 4501 3336 4555 furor
3372 4511 3467 4555 :et
3507 4498 3712 4552 idcirco

436 4613 696 4685 Nunquid
729 4610 948 4682 juvenis
993 4624 1113 4664 sum
1166 4615 1261 4660 aut
1313 4621 1551 4660 canones
1604 4604 1835 4673 ignoro?
1876 4588 2022 4657 Audi

440 4709 606 4779 igitur
636 4706 919 4760 veritatem
947 4701 1002 4755 in
1051 4715 1305 4755 sermone
1349 4699 1467 4760 Dei,
1508 4714 1594 4752 me
1645 4714 1744 4751 nec
1787 4697 1892 4751 hoc
1922 4713 2024 4749 au-

441 4803 611 4867 disse,
644 4815 745 4853 nec
773 4812 956 4860 nosse,
1007 4812 1109 4849 nec
1140 4793 1300 4848 istius
1341 4790 1614 4847 sermonis
1669 4790 1887 4858 penitus
1935 4805 2023 4842 re-

441 4894 679 4953 cordari.
718 4890 1041 4961 Suspicatus
1081 4903 1201 4943 sum
1248 4903 1317 4940 ne
1363 4885 1593 4939 forsitan
1636 4883 1776 4936 inter
1831 4882 2025 4947 multa,

441 4989 604 5060 quasi
650 4988 840 5052 homo,
887 4983 1091 5037 oblitus
1145 4996 1358 5044 essem;
1406 4989 1461 5033 et
1500 4981 1570 5033 ob
1616 4979 1757 5033 hanc
1804 4993 2025 5033 causam

444 5087 695 5135 sanctum
741 5074 1065 5145 Gregorium
1116 5072 1427 5125 sciscitatus
1462 5086 1606 5133 sum,
1656 5077 1709 5121 et
1749 5066 2027 5121 Zenonem

444 5170 826 5241 presbyterum
854 5166 949 5236 qui
979 5180 1103 5218 cum
1124 5178 1189 5216 eo
1224 5170 1327 5215 est.
1373 5159 1412 5212 Ε
1452 5162 1653 5230 quibus
1685 5159 1855 5213 abbas
1888 5157 2023 5211 Gre-

449 5254 637 5333 gorius
666 5258 971 5329 respondit,
1004 5271 1061 5310 se
1106 5258 1209 5309 hoc
1259 5253 1475 5322 penitus
1518 5254 1794 5320 ignorare.
1842 5250 2028 5304 Zenon

451 5364 634 5407 autem
661 5353 819 5415 dixit,
848 5350 976 5420 quia
1002 5364 1127 5403 cum
1158 5347 1207 5401 ei
1243 5346 1525 5416 presbyter
1562 5342 1810 5397 RulIinus
1845 5342 2031 5396 nescio

449 5458 569 5512 qua:
598 5442 704 5497 alia
748 5441 1063 5496 transitorie
1086 5440 1424 5508 loqueretur,
1450 5437 1612 5491 etiam
1650 5437 1751 5489 hoc
1779 5435 1981 5488 dixerit
2012 5451 2026 5487 :

451 5531 689 5588 Putasne
716 5533 1308 5604 aliquosordinaturus
1336 5538 1419 5585 est
1447 5537 1670 5583 sanctus
1698 5528 1985 5597 episcopus
2008 5529 2031 5579 Υ

454 5634 508 5700 ct
543 5624 770 5693 hujusce
799 5626 1013 5679 stetisse
1039 5638 1349 5678 sermonem
1386 5640 1398 5675 :
1442 5636 1541 5691 ego
1585 5629 1767 5673 autem
1794 5618 2030 5686 Epipha-

456 5715 583 5770 nius
621 5732 722 5771 nec
760 5716 943 5771 audivi
997 5715 1317 5786 quidquam,
1373 5728 1475 5768 nec
1520 5712 1796 5781 respondi.
1855 5709 2027 5773 Unde,

472 5804 845 5875 dilectissime,
888 5823 996 5865 non
1028 5815 1081 5863 te
1117 5805 1411 5877 praeveniat
1441 5804 1617 5874 furor,
1661 5818 1762 5859 nec
1804 5810 2031 5874 occupet

2131 4599 2543 4656 comminamini
2568 4600 2713 4669 quod
2745 4597 2973 4651 mittatis
2996 4596 3285 4649 adversum
3312 4607 3397 4645 me
3428 4590 3710 4659 epistolas,

2141 4703 2201 4748 ut
2231 4695 2338 4748 huc
2370 4694 2610 4757 illucque
2642 4705 2824 4745 sermo
2852 4701 3035 4743 vester
3064 4688 3373 4749 discurrat;
3411 4694 3464 4737 et
3494 4691 3714 4751 propter

2130 4787 2502 4843 defensionem
2537 4787 2805 4840 hrereseos
2839 4782 3128 4835 adversum
3165 4795 3253 4833 mc
3283 4777 3407 4832 odia
3441 4776 3714 4830 suscitan-

2130 4891 2231 4943 tes.
2270 4880 2525 4949 rumpitis
2557 4879 2877 4932 charitatem
2914 4889 3077 4945 quam
3102 4873 3154 4925 in
3190 4871 3346 4924 vobis
3396 4868 3714 4928 habuimus,

2132 4974 2186 5027 in
2219 4981 2428 5026 tantum
2457 4980 2517 5023 ut
2541 4968 2776 5023 feceritis
2799 4982 2899 5021 nos
2929 4966 3092 5018 etiam
3125 4961 3502 5032 paenitentiam
3530 4974 3710 5028 agere,

2135 5078 2304 5133 quare
2352 5061 2637 5114 vobiscum
2680 5056 3292 5117 communicaverimus,
3347 5053 3417 5105 ita
3463 5050 3716 5121 Origenis

2132 5168 2348 5209 errores
2367 5162 2420 5205 ct
2445 5153 2697 5221 dogmata
2724 5148 3095 5203 defendentes.
3117 5145 3451 5216 Simpliciter
3483 5146 3710 5213 loquor:

2132 5263 2234 5300 nos
2280 5245 2581 5300 secundum
2629 5242 2775 5312 quod
2825 5242 3088 5309 scriptum
3139 5244 3225 5293 est
3270 5237 3487 5308 (Matth.
3538 5252 3591 5299 v,
3643 5235 3747 5288 29'

2135 5350 2304 5408 sqq.),
2339 5351 2439 5390 nec
2478 5335 2641 5389 oculo
2677 5342 2867 5387 nostro
2899 5332 3201 5400 parcimus,
3238 5340 3299 5383 ut
3334 5344 3441 5383 non
3488 5326 3716 5381 eﬂ‘odiao

2138 5447 2259 5486 mus
2291 5446 2437 5492 eum,
2475 5430 2521 5482 si
2556 5444 2659 5483 nos
2703 5425 3187 5489 scandalizaverit;
3223 5439 3324 5478 nec
3364 5420 3570 5485 manui,
3616 5434 3715 5473 ne-

2141 5541 2247 5595 que
2277 5524 2398 5594 pedi
2439 5521 2483 5576 si
2527 5520 2685 5575 nobis
2738 5518 3050 5573 scandalum
3086 5515 3294 5570 fecerit.
3324 5514 3391 5567 Et
3435 5528 3528 5567 vos
3559 5526 3711 5579 ergo,

2135 5620 2249 5673 sive
2279 5614 2443 5672 oculi.
2471 5614 2589 5668 sive
2615 5628 2832 5675 manus,
2884 5612 2999 5665 sive
3044 5611 3207 5680 pedes
3241 5606 3476 5672 fueritis,
3513 5603 3716 5658 similia

2138 5708 2533 5768 sustinebitis.»

2209 5800 2299 5857 Ὦ.
2338 5797 2521 5868 Pergit
2565 5796 2759 5854 deinde
2802 5811 2865 5851 ex
2907 5794 3065 5850 libris
3110 5791 3250 5860 Περὶ
3301 5787 3503 5860 ἀρχῶν
3546 5784 3719 5857 expli-
