4088 6362
404 392 532 447 ιιι)

1462 379 1520 433 S.
1555 376 1897 437 EPIPHANII
1957 372 2141 431 ACTA
2184 369 2678 426 BOLLANDIANA.

3566 360 3691 422 150

410 517 578 565 care,
599 514 763 571 quam
798 498 1023 553 minime
1044 493 1281 552 ferenda:
1312 496 1598 551 catholicis
1636 495 1862 549 auribus
1899 496 2009 547 sint
2038 497 2083 553 Α
2110 491 2263 545 daret
2297 490 2474 543 velum
2512 496 2675 555 atque
2719 490 2975 537 mutaret.
3020 481 3173 549 Quod
3214 496 3339 537 cum
3387 480 3689 549 audissem,

413 592 834 663 propositiones
886 589 1135 660 quaedam
1192 587 1467 657 Origenis,
1524 587 1647 641 istic
1678 593 2009 647 'conteutaa;

418 684 685 753 quamvis
732 683 930 753 inquit,
975 701 993 732 ι
1054 679 1189 734 nihil
1232 679 1367 733 mihi
1412 679 1682 748 subripuit
1724 675 2010 746 Origenes,

424 792 537 831 nec
570 776 625 829 in
653 790 773 827 mea
805 771 1157 842 generatione
1210 770 1336 837 fuit,
1390 785 1491 825 nec
1539 780 1760 840 propter
1799 769 2014 837 aliquas

427 882 522 921 res
552 864 739 919 mundi
787 873 882 917 aut
931 862 1303 917 hazreditatem
1347 861 1531 915 odium
1580 860 1845 914 adversus
1888 874 2011 912 eum

427 971 754 1028 pugnasque
779 954 1025 1023 suscepi;
1067 955 1161 1034 sed
1220 954 1303 1024 (ut
1333 953 1655 1022 simpliciter
1693 949 1888 1021 fatear)
1918 952 2017 1007 do-

430 1050 548 1114 leo,
591 1059 644 1102 et
681 1046 839 1101 valde
884 1046 1067 1112 doleo,
1121 1045 1311 1099 videns
1360 1045 1628 1114 plurimos
1680 1044 1932 1108 fratrum,
1964 1052 2017 1097 et

426 1155 625 1194 eorum
656 1138 930 1208 praecipue
963 1138 1058 1206 qui
1091 1138 1489 1206 professionem
1527 1136 1731 1190 habent
1763 1152 1871 1189 non
1912 1136 2018 1189 mi-

432 1230 664 1293 nimam,
704 1227 835 1281 etin
877 1226 1105 1296 gradum
1137 1241 1357 1294 quoque
1392 1225 1679 1282 sacerdotii
1716 1226 2017 1279 maximum

431 1328 821 1389 pervenerunt,
866 1318 985 1388 ejus
1016 1317 1467 1384 persuasionibus
1493 1317 1771 1383 deceptos,
1810 1324 1863 1369 et
1890 1330 2017 1383 per-

430 1410 755 1465 versissima
810 1409 1060 1463 doctrina
1110 1409 1265 1463 cibos
1320 1407 1493 1461 factos
1540 1422 1663 1461 esse
1714 1406 1939 1461 diaboli.
1992 1423 2012 1457 ι

431 1501 680 1556 Conatur
710 1501 873 1571 igitur
904 1517 936 1556 a
970 1501 1251 1570 sequendo
1286 1510 1340 1555 et
1388 1498 1726 1554 defendendo
1766 1498 2018 1569 Origene,

433 1595 752 1659 monendo,
805 1593 1097 1659 hortando,
1146 1591 1480 1660 increpando
1530 1588 1792 1644 Joannem
1843 1606 2021 1661 quan-

434 1696 553 1740 tum
588 1685 641 1739 in
666 1701 725 1740 se
744 1694 863 1739 erat
901 1684 1172 1738 abducere
1202 1699 1217 1738 :
1251 1692 1369 1737 tum
1401 1683 1467 1736 ad
1492 1682 1579 1737 sui
1610 1681 2021 1736 excusationem

435 1777 637 1832 iterum
667 1777 953 1841 relabitur,
988 1776 1322 1845 exponitque
1347 1773 1570 1841 factum,
1602 1774 1749 1844 quod
1793 1781 1849 1827 et
1881 1772 2021 1828 insi-

2075 614 2077 618 -
2116 598 2203 637 me
2232 583 2487 636 daturum
2526 596 2649 634 esse
2688 577 2963 647 pollicitus
3008 591 3128 630 sum
3158 593 3172 628 :
3204 575 3482 645 paululum
3508 583 3692 633 autem

2116 691 2397 729 morarum
2427 672 2529 727 fuit
2556 673 2607 725 in
2655 672 2857 733 medio,
2904 669 3034 723 dum
3075 684 3261 737 quaero
3305 668 3572 738 optimum
3600 684 3694 724 ve-

2116 770 2228 822 lum
2257 783 2356 836 pro
2388 782 2455 820 eo
2491 759 2723 825 mittere,
2757 764 3064 816 arbitrabar
3094 761 3241 816 enim
3267 762 3333 816 de
3357 762 3538 833 Cypro
3558 762 3694 817 mihi

2116 876 2238 915 esse
2268 859 2614 914 mittendum.
2638 855 2795 911 Nunc
2827 864 3009 910 autem
3037 854 3159 906 misi
3187 854 3332 923 quod
3356 855 3508 923 potui
3537 869 3695 923 repe-

2126 954 2270 1017 rire;
2307 960 2361 1005 et
2392 966 2583 1020 precor
2614 960 2672 1002 ut
2701 947 2897 1015 jubeas
2933 946 3282 1015 presbyteros
3310 944 3559 1014 ejusdem
3590 946 3695 1000 loci

2119 1043 2398 1111 suscipere
2422 1043 2598 1093 velum
2641 1056 2671 1092 a
2710 1039 2882 1092 latore
2908 1039 3055 1107 quod
3078 1052 3109 1091 a
3146 1037 3305 1091 nobis
3332 1036 3562 1091 missum
3583 1046 3694 1103 est;

2116 1146 2174 1192 et
2208 1137 2467 1203 deinceps
2499 1134 2790 1202 praecipere
2822 1131 2876 1184 in
2920 1129 3165 1185 Ecclesia
3193 1128 3397 1183 Christi
3425 1129 3698 1199 ejusmodi

2120 1231 2259 1292 vela,
2290 1242 2411 1297 quae
2440 1232 2628 1279 contra
2663 1225 2984 1293 religionem
3019 1231 3265 1277 nostram
3296 1232 3447 1285 sunt,
3472 1237 3581 1277 non
3604 1238 3700 1292 ap—

2121 1321 2303 1391 pendi.
2328 1340 2345 1370 ›
2376 1317 2652 1372 Hactenus
2675 1316 2924 1384 epistola,
2955 1314 3113 1383 cujus
3135 1316 3180 1369 si
3215 1323 3361 1368 recte
3386 1314 3702 1383 expenden-

2122 1421 2211 1465 tur
2245 1410 2433 1473 verba,
2465 1408 2643 1461 velum
2689 1407 2836 1461 istud
2866 1406 3158 1459 discissum
3192 1403 3361 1461 fuisse
3395 1405 3697 1476 apparebit,

2123 1511 2228 1551 non
2256 1497 2383 1564 quia
2406 1510 2530 1548 vere
2564 1513 2581 1544 ι
2608 1493 2843 1548 habebat
2867 1493 3161 1562 imaginem
3184 1491 3390 1548 Christi
3421 1496 3500 1549 vel
3524 1493 3699 1548 sancti

2123 1588 2443 1657 cujusdam;
2490 1604 2509 1637 ι
2544 1586 2639 1641 sed
2664 1584 2814 1654 quia,
2846 1599 2972 1639 cum
3010 1584 3235 1639 haberet
3266 1585 3495 1655 effigiem
3522 1584 3702 1638 homi-

2122 1680 2211 1735 nis
2256 1679 2562 1747 cujuspiam
2615 1675 2852 1746 profani,
2901 1685 2996 1729 aut
3035 1675 3175 1730 forte
3225 1676 3406 1731 adhuc
3446 1677 3700 1740 viventis,

2124 1786 2423 1842 appeusum
2454 1770 2579 1826 istic
2606 1778 2723 1823 erat
2761 1786 2780 1819 ι
2812 1767 2970 1837 quasi
3002 1766 3206 1822 Christi
3246 1777 3340 1821 aut
3387 1769 3560 1822 sancti
3601 1784 3702 1821 cn-

435 1884 604 1939 gnem
654 1868 777 1937 ejus
826 1867 1006 1921 zelum
1053 1867 1313 1931 ostendit,
1349 1866 1417 1935 ;in
1478 1838 1721 1921 cavendo
1758 1879 1824 1920 eo
1868 1864 2019 1919 omni
2050 1838 2093 1892 Β
2116 1838 2334 1934 jusdam
2374 1878 2388 1914 :
2435 1882 2454 1914 ι
2490 1877 2612 1931 qua;
2645 1859 2895 1928 exceptio
2925 1858 3248 1913 orthodoxae
3294 1859 3419 1915 fidei
3461 1860 3702 1929 regulam

434 1960 587 2031 quod
610 1968 774 2013 rectae
803 1957 1086 2028 religionis
1114 1956 1338 2027 puritati
1373 1956 1922 2026 quantulumcunque
1946 1954 2024 2007 vi-

436 2051 671 2106 debatur
700 2051 1004 2104 adversari.
1039 2048 1144 2103 Sed
1178 2048 1321 2103 idem
1378 2048 1447 2101 ab
1499 2047 1872 2102 iconomachis
1922 2046 2024 2099 ho-

438 2142 649 2197 diernis
675 2142 913 2211 pessime
954 2142 1290 2196 intellectum
1326 2140 1586 2208 arripitur
1624 2148 1820 2193 contra
1858 2152 2025 2207 expo-

439 2233 698 2288 sitionem
768 2232 1092 2303 imaginum.
1151 2229 1210 2284 lu
1273 2233 1375 2285 hoc
1431 2239 1611 2284 autem
1660 2237 1883 2298 apparet
1929 2243 2025 2281 eos

441 2326 621 2396 magis
660 2341 782 2380 esse
819 2326 1045 2379 insanos
1086 2323 1363 2378 veteribus
1401 2323 1792 2388 icouomachis,
1836 2322 2027 2375 adver-

439 2433 542 2472 sus
572 2433 710 2487 quos
754 2417 1028 2471 Nicaenum
1066 2432 1105 2469 ιι
1146 2415 1439 2470 concilium
1484 2415 1616 2484 egit.
1663 2411 1797 2467 Nam
1844 2414 1922 2477 hi,
1959 2412 2027 2466 ad

439 2523 600 2563 suam
651 2507 900 2562 hwresim
960 2505 1252 2577 Epiphanii
1318 2505 1540 2558 nomine
1590 2504 1980 2558 obarmandam
2011 2540 2027 2565 ,

443 2615 556 2651 non
585 2606 712 2652 sunt
741 2597 900 2651 abusi
935 2612 1000 2652 eo
1031 2595 1177 2665 quod
1204 2594 1457 2663 sequitur
1488 2592 1655 2659 facto,
1689 2594 1782 2648 sed
1807 2592 2030 2647 aliinxe-

442 2699 575 2745 runt
606 2698 797 2743 sancto
818 2690 1113 2758 quamdam
1141 2686 1209 2741 ad
1239 2685 1608 2741 Theodosium
1642 2686 2029 2756 imperatorem

442 2783 754 2851 epistolam,
792 2783 846 2835 in
883 2781 1042 2851 cujus
1078 2780 1186 2834 ﬁne
1224 2779 1305 2834 sic
1342 2779 1391 2834 ei
1439 2779 1750 2848 scripsisset
1785 2797 1797 2832 :
1835 2798 1852 2829 ι
1892 2776 2031 2844 Quia

445 2873 729 2928 multoties
773 2873 989 2926 locutus
1033 2885 1154 2926 sum
1186 2886 1313 2923 cum
1355 2870 1749 2925 comministris
1780 2872 1935 2935 meis,
1974 2880 2034 2924 ut

447 2967 799 3020 aul'errentur
829 2966 1120 3036 imagines,
1143 2974 1396 3033 receptus
1426 2978 1533 3018 non
1568 2980 1687 3018 sum
1713 2965 1782 3017 ab
1809 2965 1913 3029 eis,
1939 2980 2035 3018 ne-

447 3073 558 3128 que
601 3059 795 3113 audire
846 3074 1036 3112 vocem
1081 3074 1260 3112 meam
1308 3057 1499 3111 saltem
1546 3056 1827 3125 paululum
1885 3057 2033 3126 passi

2118 1971 2188 2011 ex
2220 1954 2495 2010 contrario
2527 1956 2733 2007 firmat.

2721 2062 2954 2120 CAPUT
2994 2061 3086 2117 IV.

2126 2161 2425 2231 Prophetie
2447 2159 2643 2213 donum
2661 2174 2681 2223 ;
2715 2158 3014 2238 Ληίτου-,σίας
3044 2164 3092 2210 et
3125 2155 3260 2209 liber
3288 2154 3364 2209 De
3404 2156 3696 2210 hmresibus

2793 2237 3044 2280 senatus.

2793 2243 3044 2296 scriptus.

2194 2322 2284 2375 24.
2305 2319 2546 2374 Plurima
2571 2318 2628 2372 S.
2655 2316 2964 2388 Epiphanii,
2989 2325 3116 2370 ante
3152 2325 3207 2370 et
3229 2325 3356 2383 post
3381 2326 3697 2384 susceptum

2125 2413 2788 2485 episcopatum,miracula
2806 2412 3152 2467 continentur
3168 2411 3220 2464 in
3233 2411 3403 2475 Actis,
3418 2411 3520 2465 sub
3537 2410 3706 2464 noxni-

2128 2526 2197 2563 ne
2216 2508 2444 2563 Joannis
2469 2517 2524 2561 et
2549 2504 2762 2576 Polybii
2789 2503 3101 2574 productis;
3135 2503 3229 2559 sed
3254 2504 3405 2569 talia,
3435 2511 3495 2557 ut
3514 2518 3703 2557 eorum

2128 2601 2403 2670 plerisque
2435 2598 2593 2653 fidem
2625 2598 2847 2668 deroget
2872 2596 3243 2661 Sonmenus,
3266 2610 3474 2665 negans
3503 2594 3707 2648 viventi

2132 2694 2426 2764 contigisse
2456 2700 2514 2745 ut
2535 2691 2811 2745 daemones
2859 2689 3072 2759 fugaret
3113 2697 3169 2743 et
3203 2689 3425 2743 morbos
3470 2696 3706 2742 curaret.

2133 2784 2228 2838 l-lis
2250 2799 2380 2854 ergo
2407 2782 2811 2853 praetermissis,
2848 2781 2995 2849 quod
3019 2782 3197 2835 solum
3223 2781 3277 2833 in
3306 2779 3456 2833 dicto
3488 2787 3710 2833 auctore

2134 2877 2293 2931 nobis
2323 2884 2593 2944 superest,
2626 2873 2949 2939 referamus,
2984 2874 3304 2927 narratione
3337 2872 3482 2926 haud
3518 2887 3710 2941 parum

2135 2969 2371 3033 diversa,
2407 2968 2475 3021 ab
2497 2983 2559 3021 ea
2586 2982 2694 3034 qua
2731 2966 2873 3019 idem
2908 2965 3234 3019 miraculum
3276 2964 3331 3018 in
3374 2962 3527 3019 Actis
3574 2979 3711 3033 pra:-

2137 3059 2297 3113 dictis
2327 3067 2664 3112 recensetur.
2691 3055 2867 3109 Verba
2903 3055 3193 3110 Sozomeni
3220 3056 3313 3110 lib.
3339 3073 3435 3121 vn,
3468 3070 3587 3124 cap.
3618 3055 3711 3123 2'7,

448 3159 597 3205 sunt.
632 3170 650 3202 ι
680 3149 833 3205 Hauc
866 3165 998 3204 vero
1028 3151 1320 3219 epistolam
1366 3167 1383 3198 ι
1428 3147 1567 3202 falso
1598 3150 2027 3217 suprascriptum
2058 3189 2101 3246 ϐ
2141 3151 2254 3204 11ωο
2286 3158 2457 3204 sunt:
2500 3168 2517 3199 ι
2554 3150 2715 3203 Aliud
2741 3156 3000 3218 praterea
3043 3149 3189 3217 quod
3231 3149 3298 3202 de
3341 3149 3434 3202 illo
3480 3149 3712 3203 referti:

448 3242 556 3296 dici
578 3243 818 3311 quidem,
843 3241 937 3296 sed
960 3256 1070 3295 non
1094 3256 1215 3295 esse
1234 3240 1541 3309 Epiphanii,
1570 3259 1586 3290 ι
1614 3255 1767 3308 aeque
1785 3256 1849 3293 ac
1868 3241 2029 3293 aliam

451 3332 509 3387 in
533 3349 639 3404 qua
664 3333 997 3401 scripsisset,
1029 3352 1046 3382 ι
1077 3330 1155 3385 Ne
1178 3330 1453 3385 inducatis
1483 3330 1751 3399 imagines
1782 3331 1836 3382 iu
1862 3331 2036 3386 eccle-

451 3426 585 3489 sias,
635 3439 813 3494 neque
855 3424 910 3477 in
954 3423 1268 3478 coemeteria
1308 3431 1647 3485 sanctorum,
1709 3420 1805 3476 sed
1861 3436 2036 3491 neque

452 3517 509 3571 in
552 3517 777 3571 domum
824 3530 1208 3579 communem;
1251 3532 1271 3565 ι
1310 3529 1433 3568 cum
1483 3514 1667 3568 multis
1709 3514 2039 3568 ostendisset

452 3608 700 3679 synodus
744 3616 851 3661 act.
884 3606 940 3673 6,
970 3621 1028 3660 se
1067 3607 1286 3676 quidem
1334 3624 1350 3655 ι
1380 3614 1629 3660 sanctum
1671 3604 1891 3658 Patrem
1939 3604 2038 3658 do-

452 3708 663 3755 ctorem
712 3698 969 3754 Ecclesia:
1009 3698 1292 3752 catholica:
1343 3712 1525 3761 nosse,
1578 3697 2035 3765 conscriptionem

455 3805 587 3846 vero
622 3809 641 3841 υ
677 3790 917 3860 abjicere
946 3790 1145 3844 iterum
1174 3789 1463 3858 profitetur
1492 3808 1503 3843 :
1529 3790 1657 3858 quia
1698 3806 1715 3838 ι
1745 3788 1861 3841 haec
1893 3804 2039 3842 men-

456 3883 611 3939 dacis
644 3882 967 3937 assertionis
1017 3882 1347 3950 conscripta,
1399 3896 1518 3950 quae
1570 3890 1760 3935 contra
1805 3896 2036 3935 venera-

457 3974 595 4029 biles
624 3973 889 4043 imagines
930 3983 1080 4036 sunt,
1108 3973 1364 4026 dicuntur
1411 3973 1629 4041 quidem
1658 3987 1688 4024 a
1710 3972 2037 4041 quibusdam

460 4066 520 4123 S.
550 4066 840 4138 Epiphanii
865 4082 1006 4131 esse,
1055 4065 1148 4120 sed
1183 4066 1333 4119 nullo
1360 4067 1520 4120 modo
1550 4073 1699 4119 sunt.
1734 4084 1752 4116 ι

529 4160 620 4214 25.
652 4159 833 4229 Ipsum
867 4174 1032 4228 porro
1069 4157 1271 4212 factum
1296 4199 1310 4225 ,
1373 4158 1530 4227 cujus
1581 4158 1871 4213 occasione
1918 4157 2042 4212 haec

459 4251 626 4316 dicta,
665 4250 955 4305 audiamus
992 4250 1228 4318 prepriis
1271 4250 1392 4318 ejus
1440 4249 1643 4303 verbis.
1684 4267 1702 4299 ‹
1748 4247 2037 4313 Praeterea,

461 4343 672 4413 inquit,
721 4342 905 4397 audivi
964 4341 1234 4410 quosdam
1290 4355 1637 4394 murmurare
1692 4350 1882 4394 contra
1931 4356 2038 4406 me,

461 4433 593 4504 quia
617 4432 837 4503 quando
867 4431 1033 4485 simul
1076 4430 1437 4501 pergebamus
1465 4429 1532 4482 ad
1563 4438 1811 4482 sanctum
1858 4430 2040 4483 locum

2137 3256 2571 3297 commemorare
2606 3242 2759 3294 libet.
2794 3241 2851 3294 id
2875 3240 3095 3309 quidem
3126 3241 3195 3294 ab
3234 3240 3557 3295 admirando
3581 3240 3714 3296 Cre-

2137 3332 2313 3402 gorio,
2338 3331 2432 3401 qui
2463 3329 2962 3386 Neocaesariensem
2998 3332 3165 3386 etiam
3219 3333 3358 3386 rexit
3386 3330 3714 3397 Ecclesiam,

2138 3434 2351 3495 gestum
2381 3440 2503 3479 esse
2529 3425 2714 3493 accepi
2745 3434 2800 3479 et
2836 3426 3072 3479 libenter
3116 3426 3316 3489 credo;
3359 3426 3451 3480 sed
3486 3441 3595 3479 non
3634 3426 3715 3479 id-

2139 3518 2287 3573 circo
2316 3518 2634 3571 incredibile
2659 3517 2833 3572 videri
2874 3518 3033 3572 debet
3073 3518 3214 3572 idem
3246 3532 3465 3588 quoque
3511 3517 3715 3573 factum

2139 3610 2207 3664 ab
2232 3608 2571 3679 Epiphanio;
2610 3624 2787 3679 neque
2835 3610 2979 3663 enim
3029 3610 3179 3663 solus
3211 3609 3404 3665 Petrus
3437 3612 3717 3679 apostolus

2140 3708 2417 3754 mortuum
2484 3701 2552 3755 ab
2618 3699 2807 3755 inferis
2862 3701 3247 3764 resuscitavit;
3308 3716 3492 3755 verum
3550 3703 3717 3757 etiam

2139 3791 2377 3847 Joannes
2406 3792 2460 3845 in
2490 3793 2626 3846 urbe
2651 3791 2893 3861 Epheso,
2915 3803 2969 3845 et
2992 3791 3229 3862 Philippi
3257 3794 3381 3847 filiae
3406 3792 3716 3863 Hierapoli;

2140 3886 2471 3956 multosque,
2518 3894 2629 3939 tam
2667 3902 2731 3940 ex
2776 3885 3020 3954 antiquis
3056 3900 3222 3954 quam
3267 3900 3333 3938 ex
3368 3899 3568 3939 nosme
3601 3902 3716 3939 me-

2142 3979 2329 4032 moriae
2374 3978 2479 4047 piis
2528 3978 2866 4043 hominibus,
2930 3977 3119 4031 eadem
3175 3993 3548 4046 saepenumero
3593 3993 3718 4046 ges-

2139 4073 2278 4126 sisse
2311 4072 2697 4139 comperimus.
2727 4070 2783 4125 ld
2815 4077 3019 4136 autem,
3052 4070 3198 4139 quod
3226 4072 3406 4124 dicere
3432 4073 3715 4140 preposui,

2143 4162 2456 4231 hujusmodi
2491 4171 2595 4216 est.

2212 4254 2302 4307 25.
2339 4273 2357 4305 ι
2394 4253 2509 4307 Duo
2534 4254 2755 4322 quidam
2789 4251 3188 4315 mendici,cum
3222 4249 3584 4321 Epiphanium
3628 4268 3719 4307 ve-

2144 4343 2379 4397 nientem
2408 4343 2817 4406 observassent,
2844 4352 2901 4395 ut
2930 4341 3055 4410 plus
3082 4344 3328 4412 pecunia:
3356 4342 3424 4396 ab
3451 4360 3516 4396 eo
3536 4359 3720 4397 emun-

2145 4444 2353 4504 gerent,
2390 4434 2527 4489 alter
2553 4435 2775 4503 quidem
2798 4450 3012 4498 eorum,
3039 4450 3203 4503 super
3227 4435 3407 4489 solum
3439 4446 3718 4501 extensus,

460 4525 558 4595 qui
595 4532 822 4580 vocatur
848 4520 1056 4585 Bethel,
1093 4530 1151 4575 ut
1187 4522 1261 4575 ibi
1292 4521 1572 4575 collectam
1601 4531 1779 4574 tecum
1802 4536 1868 4575 ex
1892 4536 2043 4575 more
2076 4530 2118 4583 D
2148 4537 2363 4579 mortuo
2399 4526 2595 4580 similis
2629 4525 2836 4595 jacuit;
2867 4526 3005 4579 alter
3040 4542 3171 4581 vero
3212 4541 3381 4595 prope
3412 4538 3566 4581 stans
3607 4528 3721 4596 plo-

462 4614 838 4670 ecclesiastico
878 4613 1136 4678 facerem,
1172 4622 1225 4667 et
1272 4613 1544 4667 venissem
1595 4612 1659 4665 ad
1703 4612 1886 4665 villam
1917 4626 2040 4682 quae

463 4705 667 4760 dicitur
706 4704 1038 4770 Anablatha,
1069 4703 1437 4771 vidissemque
1474 4701 1546 4755 ibi
1597 4702 1912 4771 praeteriens
1956 4702 2042 4754 lu-

466 4812 690 4852 cernam
752 4796 1076 4860 ardentem,
1131 4804 1186 4848 et
1234 4794 1656 4861 interrogassem
1716 4791 1839 4862 quis
1891 4791 2044 4845 locus

466 4900 632 4953 esset,
663 4888 1087 4956 didicissemque
1113 4900 1234 4939 esse
1259 4884 1568 4948 ecclesiam,
1592 4893 1645 4937 et
1668 4883 1958 4945 intrassem
1988 4891 2048 4936 ut

466 4995 716 5046 orarem;
791 4978 975 5033 inveni
1038 4977 1111 5030 ibi
1168 4976 1348 5029 velum
1423 4976 1663 5045 pendens
1723 4974 1778 5027 in
1841 4974 2047 5027 foribus

466 5072 710 5139 ejusdem
743 5070 1010 5135 ecclesiae,
1053 5071 1283 5122 tinctum
1330 5079 1494 5135 atque
1533 5066 1830 5135 depictum,
1866 5074 1921 5119 et
1947 5066 2049 5118 ha-

468 5165 606 5218 bens
629 5162 947 5233 imaginem,
977 5161 1138 5230 quasi
1165 5160 1368 5213 Christi
1393 5159 1478 5212 vel
1510 5158 1689 5212 sancti
1723 5156 2046 5225 cujusdam:

470 5271 573 5309 nec
604 5254 750 5309 enim
792 5254 929 5308 satis
972 5251 1197 5306 memini
1244 5250 1401 5318 cujus
1442 5249 1622 5317 imago
1676 5244 1858 5302 fuerit.
1910 5246 2047 5301 Cum

471 5360 602 5416 ergo
636 5346 739 5398 hoc
763 5343 1044 5409 vidissem,
1090 5342 1145 5394 in
1176 5340 1406 5394 ecclesia
1448 5338 1673 5403 Christi,
1720 5348 1911 5392 contra
1959 5353 2052 5391 au-

472 5438 783 5493 ctoritatem
825 5434 1257 5504 Scripturarum,
1302 5432 1539 5485 hominis
1581 5431 1814 5500 pendere
1856 5430 2049 5500 imagi-

474 5544 635 5593 nem;
675 5527 810 5582 scidi
840 5524 973 5580 illud
1000 5535 1057 5580 et
1100 5525 1273 5595 magis
1316 5523 1439 5577 dedi
1487 5522 1773 5576 consilium
1811 5522 2053 5576 custodi-

475 5622 577 5676 bus
604 5621 847 5691 ejusdem
880 5620 1004 5686 loci,
1036 5628 1094 5673 ut
1127 5632 1418 5687 pauperem
1455 5625 1731 5670 mortuum
1766 5629 1831 5669 eo
1864 5615 2052 5670 obvol—

475 5725 662 5768 vereut
725 5724 779 5768 et
827 5713 1101 5769 efferrent.
1151 5712 1341 5781 Illique
1392 5722 1581 5765 contra
1642 5720 2051 5767 murmurantes

476 5804 752 5869 dixerunt,
782 5803 839 5857 Si
862 5804 1110 5858 scindere
1133 5801 1621 5869 volueral,justum
1646 5814 1783 5869 erat,
1813 5813 1872 5859 ut
1900 5805 2048 5860 aliud

2150 4617 2326 4680 rabat,
2353 4617 2517 4670 simul
2545 4617 2748 4672 sodalis
2784 4617 2869 4673 sui
2913 4628 3143 4672 mortem
3188 4618 3510 4683 lamentans,
3560 4619 3723 4674 simul

2148 4720 2442 4781 egestatem
2476 4726 2629 4778 suam
2668 4727 2927 4780 querens,
2955 4712 3101 4780 quod
3149 4712 3298 4765 illum
3340 4713 3570 4779 sepelire
3613 4727 3722 4765 non

2151 4811 2350 4869 posset.
2384 4799 2726 4870 Epiphanius
2759 4816 2910 4865 vero,
2948 4801 3146 4871 jacenti
3176 4802 3418 4869 requiem
3461 4816 3723 4870 appreca-

2148 4900 2258 4953 tus,
2290 4905 2411 4959 quae
2461 4889 2528 4943 ad
2581 4891 2917 4958 sepulturam
2963 4890 3271 4944 necessaria
3315 4900 3472 4944 erant
3506 4891 3722 4943 mendi-

2147 4982 2292 5035 canti
2325 4981 2567 5043 donavit,
2612 4983 2872 5050 flentique
2904 4982 3039 5035 dixit
3070 4998 3083 5034 :
3120 4980 3264 5034 Cura
3306 4981 3639 5049 sepulturam
3672 4990 3725 5033 et

2148 5076 2365 5144 plorare
2386 5075 2594 5139 desine,
2634 5074 2707 5127 fili
2735 5092 2750 5140 ;
2776 5089 2951 5143 neque
2978 5074 3123 5126 enim
3160 5073 3215 5127 in
3249 5074 3505 5143 prtesenti
3539 5089 3724 5128 resur-

2149 5176 2236 5234 get
2262 5184 2273 5219 :
2299 5167 2444 5235 quod
2468 5180 2594 5219 vero
2623 5165 2822 5219 accidit
2852 5165 3164 5219 inevitabile
3187 5180 3251 5219 ac
3281 5180 3507 5234 prorsus
3532 5180 3723 5220 neces-

2151 5259 2378 5321 sarium,
2403 5258 2454 5311 id
2486 5256 2613 5311 forti
2641 5258 2826 5311 animo
2851 5256 3134 5311 ferendum
3163 5268 3263 5311 est.
3293 5256 3357 5310 Et
3386 5256 3722 5325 Epiphanius

2151 5350 2369 5419 quidem
2404 5350 2489 5405 his
2518 5350 2681 5404 dictis
2709 5350 3000 5404 abscessit.
3038 5347 3174 5402 Cum
3210 5359 3391 5402 autem
3427 5364 3722 5418 nemoqam

2154 5442 2207 5494 in
2242 5451 2537 5511 conspectu
2568 5453 2733 5506 esset,
2769 5443 3050 5496 mendicus
3089 5451 3244 5496 stans
3276 5441 3546 5510 jacentem
3591 5442 3725 5510 pede

2152 5534 2368 5603 pulsare
2392 5534 2575 5604 cmpit,
2628 5534 2856 5587 laudans
2890 5534 3037 5602 quod
3075 5543 3351 5587 mortuum
3396 5534 3609 5602 egregie
3648 5533 3724 5585 si-

2152 5627 2453 5680 mulasset:
2491 5635 2564 5689 et,
2594 5626 2790 5695 Surge,
2834 5625 3042 5694 inquit;
3092 5639 3159 5678 ex
3208 5625 3391 5679 labore
3435 5635 3528 5679 tuo
3577 5625 3723 5679 hunc

2152 5720 2335 5774 laetum
2378 5720 2744 5789 trausigemus
2796 5721 2960 5775 diem.
3001 5719 3105 5774 Sed
3149 5735 3275 5774 cum
3333 5720 3421 5773 ille
3466 5728 3725 5789 perpetuo

2150 5812 2375 5879 iaceret,
2409 5819 2463 5865 et
2495 5810 2667 5865 nihilo
2692 5812 2812 5881 plus
2844 5828 2947 5867 nec
2989 5813 3316 5867 clamantem
3362 5813 3592 5877 audiret,
3620 5825 3723 5867 nec
