4088 6362
360 330 461 381 151
1372 318 1433 370 S.
1469 313 1813 370 EPIPHAMI
1858 312 1970 367 AU'I

2074 309 2292 361 BULLA
2304 307 2577 359 NUIANA.
3517 296 3628 351 ’15⁸2

363 450 495 504 totis
534 444 745 499 viribus
811 448 1128 496 monentem
1188 439 1447 505 sentiret;
1497 437 1716 491 concito
1770 450 1936 489 cursu
1967 432 2380 494 Amttnionem.
2421 428 2653 497 Scripsit
2706 427 2895 495 itaque
2954 425 3020 479 de
3071 422 3156 477 bis
3203 419 3619 490 archiepiscopo

363 541 680 612 episcopum
725 544 1032 596 assecutus,
1091 531 1339 585 fraudem
1391 529 1676 583 amborum
1726 525 1945 581 confes--
2052 526 2395 580 Alexandriae
2426 522 2615 576 dicens
2652 539 2664 573 :
2698 518 2927 586 Suscipe
2971 515 3110 571 tilios
3166 524 3310 577 tuos,
3367 514 3627 582 quoniam

367 648 484 698 sus,
503 632 833 700 ploransque
852 636 907 682 et
930 626 1111 680 crines
1138 623 1398 677 vellicans
1431 620 1644 681 orabat,
1671 626 1730 672 ut
1758 617 1944 672 socius

342 724 436 779 'ad
470 722 637 776 vitam
665 726 1036 775 revocaretur.
1070 714 1272 767 Verum
1300 711 1638 781 Epiphanius
1666 710 1943 763 hominem

368 815 596 880 dimisit,
625 815 876 867 hortatus
908 819 969 863 ut
1006 808 1058 862 id
1090 806 1237 876 quod
1268 804 1540 858 acciderat
1574 817 1731 871 aequo
1759 802 1945 855 animo

369 906 577 962 ferret:
616 920 725 959 non
762 904 907 958 enim
959 900 1255 955 dissolvere
1291 897 1462 950 voluit
1516 894 1659 949 Deus
1709 894 1761 947 id
1801 892 1946 962 qnod

371 1000 573 1054 factum
605 996 801 1063 fuerat,
847 993 1176 1064 persuadere
1212 991 1438 1044 omnino
1479 988 1664 1042 volens
1710 986 1948 1039 homini-

372 1092 494 1154 bus,
524 1106 619 1145 eos
641 1089 730 1159 qui
761 1103 819 1143 se
854 1088 991 1141 tales
1025 1086 1266 1154 praebent
1298 1098 1426 1151 erga
1474 1080 1710 1134 famulos
1753 1079 1945 1147 ipsius,

372 1183 475 1252 ipsi
506 1181 598 1249 qui
622 1180 804 1233 omnia
835 1178 987 1231 audit
1012 1191 1075 1229 ac
1109 1174 1257 1228 videt
1284 1172 1528 1226 fraudem
1567 1181 1800 1225 struere.
1856 1187 1873 1219 ι

444 1272 533 1326 26.
588 1269 890 1339 Prophetia:
926 1281 1087 1337 porro
1131 1264 1334 1317 donum
1378 1262 1431 1315 in
1480 1260 1804 1330 Epiphanio,
1842 1272 1951 1326 quo

373 1361 589 1417 occulta
619 1368 673 1413 et
699 1371 899 1411 arcana
936 1355 1215 1424 pervidere
1244 1352 1509 1407 divinitus
1539 1351 1587 1403 ei
1612 1364 1755 1417 saepe
1786 1350 1954 1402 daha-

377 1463 486 1516 tur,
522 1451 727 1505 indicat
758 1450 845 1502 illa
884 1448 1207 1514 significatio
1253 1460 1393 1499 verae
1440 1442 1631 1497 mortis
1671 1442 1813 1509 ejus,
1858 1440 1952 1510 qui

375 1558 495 1598 eam
532 1541 790 1596 simulare
811 1539 1076 1592 duntaxat
1102 1536 1426 1591 credebatur
1467 1550 1497 1588 a
1529 1533 1698 1597 socio,
1744 1549 1868 1587 enm
1904 1531 1952 1586 ei

376 1635 544 1687 dixit:
578 1650 596 1682 ε
641 1631 826 1699 Neque
869 1629 1011 1683 enim
1061 1628 1114 1680 in
1158 1626 1407 1697 prmsenti
1447 1631 1714 1693 resurget.
1757 1642 1774 1675 ›
1808 1623 1955 1691 Idem

378 1728 582 1781 donum
616 1724 795 1793 primo
845 1737 910 1775 ex
952 1719 1232 1775 communi
1269 1718 1434 1781 fama,
1491 1718 1684 1771 deinde
1736 1715 1954 1786 propria

2056 620 2109 673 in
2136 618 2364 672 veritate
2391 613 2769 685 pmnitentiam
2798 619 3046 681 egerunt,
3096 615 3150 663 et
3190 606 3398 661 addidit
3440 621 3628 671 senex,

2055 711 2147 781 qui
2196 712 2300 764 hoc
2343 707 2651 776 exemplum
2704 711 3045 765 narraverat,
3099 700 3286 753 dicens
3323 715 3337 751 :
3372 696 3497 751 [hee
3549 707 3632 750 est

2056 804 2262 857 sanitas
2295 800 2550 862 hominis,
2571 806 2623 851 et
2652 796 2754 851 hoc
2775 804 2857 848 est
2882 792 3029 864 quod
3058 789 3352 855 vultDeus,
3377 799 3436 843 ut
3464 790 3629 843 homo

2058 896 2272 963 culpam
2308 906 2463 946 suam
2491 888 2740 959 projiciat
2776 896 2901 940 ante
2935 884 3127 937 Deum.
3178 900 3196 932 ι

2126 986 2215 1039 28.
2243 985 2339 1038 llis
2366 984 2595 1051 aliisque
2632 975 3013 1050 spirituab‘hus
3036 976 3225 1047 gratiis
3256 991 3369 1030 aevo
3411 992 3510 1030 suo
3542 990 3631 1029 ce-

2059 1080 2224 1134 lebris
2263 1077 2621 1146 Epiphanius,
2646 1074 2741 1127 toti
2776 1072 3028 1141 deinceps
3054 1070 3359 1139 posteritati
3399 1068 3634 1122 innotuit

2060 1173 2278 1242 scriptis
2302 1170 2455 1225 libris
2490 1182 2722 1238 quorum
2764 1167 2975 1236 primus
3025 1163 3127 1217 fuit
3168 1148 3329 1232 quem
3361 1161 3634 1230 appellant

2060 1266 2416 1325 Ancoratum,
2466 1270 2751 1332 propterea
2804 1256 2950 1327 quod
2999 1257 3260 1321 animum,
3316 1253 3383 1308 de
3434 1253 3541 1306 vita
3572 1268 3635 1307 ac

2062 1358 2235 1413 salute
2274 1355 2588 1417 sollicitum,
2627 1354 2801 1406 instar
2844 1366 3060 1405 ancora:
3106 1349 3307 1402 ﬁrmat.
3337 1347 3467 1416 Ejus
3499 1346 3636 1401 scri-

2060 1448 2222 1503 bendi
2252 1448 2376 1501 data
2402 1446 2502 1514 ipsi
2525 1445 2745 1499 occasio
2765 1452 2849 1497 est
2883 1459 2978 1513 per
3008 1461 3024 1493 ι
3056 1440 3339 1511 epistolam
3376 1440 3635 1507 scriptam

2062 1556 2093 1594 e
2134 1538 2454 1608 Patnphilia,
2481 1552 2547 1590 ex
2579 1535 2777 1605 oppido
2810 1533 3033 1588 Suedris
3068 1550 3096 1586 a
3132 1531 3383 1595 Tarsino,
3413 1528 3638 1583 Maditio

2063 1641 2116 1687 et
2170 1632 2290 1685 aliis
2333 1627 2661 1699 presbyteris
2707 1641 2850 1679 anno
2895 1624 2964 1679 90
3020 1623 3354 1687 Diocletiani,
3397 1618 3639 1675 Valentis

2067 1738 2245 1777 verox
2282 1730 2335 1775 et
2360 1720 2602 1775 Gratiani
2628 1734 2701 1781 vt,
2744 1736 2763 1769 ι
2798 1720 2889 1787 qui
2925 1718 3026 1770 fuit
3064 1715 3269 1770 Christi
3302 1714 3427 1770 575.
3460 1712 3640 1783 Ipsam

378 1817 710 1886 experientia
751 1822 1089 1885 agnoverunt
1119 1813 1230 1865 duo
1271 1812 1369 1873 illi,
1395 1812 1461 1865 de
1492 1810 1695 1880 quibus
1715 1810 1957 1863 narravit
1990 1805 2029 1860 Β
2059 1817 2344 1885 epistolam
2382 1822 2508 1867 ante
2539 1828 2677 1881 opus
2711 1813 2895 1867 videre
2940 1822 3044 1876 est,
3086 1824 3194 1864 una
3236 1824 3361 1863 cum
3406 1805 3637 1877 epistola

381 1925 543 1965 senex
565 1908 785 1977 quidam
819 1907 873 1959 itt
913 1904 1043 1959 Vitis
1072 1904 1319 1967 Patrum,
1346 1904 1527 1957 libello
1560 1918 1646 1965 xv,
1678 1919 1830 1956 num.
1865 1901 1955 1967 88,

381 2000 675 2068 interprete
704 1997 939 2067 Pelagio,
968 1997 1051 2051 his
1080 1996 1260 2051 verbis
1295 2013 1308 2048 :
1345 2012 1364 2046 ‹
1405 1994 1522 2048 Duo
1554 1994 1774 2064 quidam
1803 2002 1961 2046 erant

380 2091 671 2147 saeculares
700 2088 970 2158 religiosi;
1002 2097 1056 2141 et
1082 2088 1455 2156 colloquentes
1505 2101 1715 2149 secum,
1752 2082 1960 2153 egressi

383 2192 533 2245 sunt,
564 2191 619 2237 et
649 2180 776 2234 facti
801 2188 931 2235 sunt
973 2178 1248 2233 monachi.
1296 2176 1725 2231 Emulationem
1777 2184 1959 2229 autem

384 2273 648 2327 habentes
697 2270 851 2325 vocis
910 2270 1265 2338 evangelicae,
1323 2269 1416 2322 sed
1450 2284 1582 2321 'non
1657 2267 1959 2321 Secundum

385 2364 697 2426 scientiam,
749 2369 1130 2416 castraverunt
1183 2376 1241 2415 se
1298 2360 1455 2429 quasi
1512 2369 1734 2429 propter
1799 2374 1963 2427 regna

384 2456 676 2511 caelorum.
728 2454 972 2508 Audiens
1020 2462 1203 2506 autem
1254 2450 1701 2519 archiepiscopus
1746 2463 1965 2503 excom-

387 2547 688 2603 municavit
718 2561 834 2601 eos.
869 2544 947 2599 llli
998 2555 1199 2607 autem,
1245 2552 1500 2612 putantes
1534 2543 1662 2611 quia
1703 2542 1839 2595 bene
1888 2538 1966 2594 fe-

387 2639 616 2699 cissent,
651 2636 916 2705 indignati
951 2645 1079 2688 sunt
1121 2643 1314 2688 contra
1349 2648 1497 2695 eum,
1530 2632 1772 2685 dicentes
1812 2650 1824 2683 :
1855 2628 1965 2684 Nos

390 2737 611 2799 propter
642 2743 805 2795 regna
831 2727 1096 2781 caelorum
1129 2725 1491 2779 castravimus
1521 2739 1641 2787 nos,
1679 2732 1731 2776 et
1756 2723 1842 2775 hic
1873 2738 1968 2775 ex-

390 2819 817 2876 communicavit
843 2834 941 2871 nos
957 2818 979 2869 ?
1015 2815 1218 2870 Eamus
1242 2827 1296 2868 et
1327 2814 1734 2882 interpellemus
1767 2814 1967 2866 adver-

392 2926 490 2967 sus
559 2925 685 2965 eum
763 2906 1387 2978 Hierosolymitanorum
1464 2902 1960 2972 archiepiscopum.

391 3003 668 3059 Abeuntes
701 3016 831 3071 ergo
855 3000 1234 3054 indicaverunt
1264 2998 1313 3053 ei
1359 2996 1565 3051 omnia.
1604 2994 1670 3049 Et
1708 2995 1845 3049 dixit
1888 2995 1969 3049 eis

391 3095 840 3163 archiepiscopus
873 3090 1397 3161 Hierosolymitanus
1440 3088 1545 3143 :Et
1590 3104 1689 3159 ego
1737 3104 1836 3142 vos
1874 3103 1968 3141 ex-

393 3186 761 3243 communico.
792 3182 871 3236 Ex
897 3199 1006 3252 quo
1041 3183 1237 3235 iterum
1279 3180 1590 3236 contristati
1630 3180 1882 3233 abierunt
1918 3180 1970 3231 in
2000 3162 2041 3219 (ἶ

395 3277 739 3332 Antiochiam
772 3276 839 3329 ad
882 3274 1379 3342 archiepiscopum,
1407 3281 1460 3326 et
1489 3272 1743 3326 dixerunt
1781 3272 1830 3323 ei
1861 3285 1974 3323 om-

398 3371 488 3425 nia
511 3384 633 3439 quae
658 3368 798 3421 facta
830 3365 1045 3419 fuerant
1084 3366 1230 3419 circa
1270 3380 1359 3430 se;
1392 3374 1446 3418 et
1477 3364 1568 3417 ille
1601 3364 1852 3418 similiter
1880 3377 1977 3415 ex-

398 3456 823 3512 communicavit
847 3470 963 3510 eos.
996 3456 1062 3508 Et
1091 3455 1349 3508 dixerunt
1376 3455 1441 3508 ad
1471 3456 1679 3526 seipsos
1717 3474 1729 3507 :
1772 3453 1974 3507 Eamus

400 3546 630 3603 Romam
663 3547 728 3600 ad
760 3546 1152 3615 patriarcham,
1184 3555 1237 3599 et
1268 3547 1381 3615 ipse
1428 3561 1527 3600 nos
1568 3546 1865 3600 vindicabit
1908 3545 1976 3598 de

400 3640 658 3694 omnibus
686 3639 824 3693 istis.
855 3637 1123 3691 Abierunt
1150 3652 1280 3706 ergo
1308 3638 1373 3691 ad
1403 3654 1678 3691 summum
1716 3638 1978 3706 archiepi-

401 3746 626 3801 scopum
663 3729 921 3783 Bomanze
955 3729 1214 3790 civitatis,
1243 3736 1297 3782 et
1336 3739 1726 3800 suggesserunt
1759 3730 1808 3784 ei
1855 3745 1978 3798 quae

401 3821 642 3876 fecerant
670 3823 751 3875 eis
782 3821 1066 3875 memorati
1100 3821 1515 3890 archiepiscopi,
1550 3822 1791 3876 dicentes
1828 3842 1839 3877 :
1872 3820 1977 3875 Ve-

402 3914 585 3968 nimus
609 3914 676 3967 ad
715 3924 784 3974 te,
831 3914 959 3981 quia
988 3921 1046 3965 tu
1089 3927 1148 3966 es
1193 3923 1356 3981 caput
1391 3912 1660 3967 omnium.
1702 3912 1843 3967 Dicit
1881 3928 1979 3967 au-

406 4015 511 4059 tem
538 4012 592 4058 et
608 4004 689 4059 eis
721 4004 837 4072 ipse
866 4025 877 4057 ;
905 4004 1018 4073 Ego
1064 4019 1158 4059 vos
1186 4004 1601 4058 excommunico
1632 4013 1685 4058 et
1713 3994 1993 4075 segregati

404 4094 557 4149 estis.

475 4185 566 4238 27.
617 4202 635 4235 ε
666 4183 820 4238 Tune
847 4183 1161 4239 defecerunt
1186 4184 1642 4239 excommunicati
1689 4187 1854 4241 totius
1888 4202 1979 4240 ra-

408 4276 572 4331 tionis
595 4285 647 4331 et
677 4277 931 4330 dixerunt
964 4277 1029 4330 ad
1065 4278 1386 4346 semetipsos
1421 4276 1552 4333 :lsti
1601 4280 1842 4349 episcopi
1878 4279 1982 4333 sibi

410 4367 642 4420 invicem
670 4367 921 4421 deferunt
960 4377 1012 4420 et
1046 4369 1417 4432 consentiunt,
1467 4378 1687 4437 propter
1734 4370 1881 4438 quod
1928 4370 1983 4423 in

2058 1908 2287 1963 Palladii
2324 1905 2631 1975 cujusdam,
2658 1914 2718 1958 ut
2744 1920 2810 1959 ex
2840 1904 3104 1972 rescripto
3120 1909 3342 1971 apparet
3364 1901 3640 1965 monachi,

2058 2001 2156 2072 τῆς
2200 1999 2367 2068 αὐτῆς
2428 1996 2632 2060 πόλεως
2681 1996 2955 2067 Σουέδρων
2991 1995 3429 2065 πολιτευομένου,
3490 1993 3638 2063 quod

2062 2094 2276 2147 mallem
2313 2111 2330 2141 ‹
2379 2091 2433 2144 in
2479 2091 2670 2145 eadem
2719 2088 3053 2142 Sucdrorum
3098 2087 3231 2140 urbe
3273 2086 3641 2149 habitantem,

2060 2199 2224 2255 quam
2259 2182 2390 2236 inibi
2430 2181 2754 2250 magistratu
2794 2180 2976 2249 aliquo
3014 2176 3356 2247 perfunctum
3388 2186 3482 2231 aut
3518 2176 3644 2231 fun-

2062 2286 2274 2347 gentem
2305 2294 2322 2325 i
2361 2282 2593 2327 vertere.
2647 2270 2929 2345 Moverant
2972 2282 3154 2323 autent
3187 2286 3303 2335 eos,
3350 2271 3441 2340 qui
3485 2281 3643 2325 antea

2063 2382 2288 2422 suorum
2344 2365 2543 2418 multos
2604 2363 2672 2417 ab
2725 2378 2911 2416 errore
2973 2362 3236 2416 abductos
3301 2362 3643 2432 gaudebant,

2069 2477 2087 2509 ε
2126 2459 2361 2527 acceptis
2409 2474 2440 2511 a
2493 2457 2652 2510 beato
2705 2470 2769 2509 ac
2823 2454 2997 2509 felicis
3057 2448 3333 2508 memoriae
3385 2453 3646 2523 episcopo

2065 2551 2365 2604 Athanasio
2415 2560 2468 2603 et
2522 2549 2590 2602 ab
2640 2547 3055 2617 religiosissime
3103 2545 3387 2616 Epiphanii
3445 2546 3650 2615 collega

2066 2641 2354 2696 Procliano
2387 2639 2603 2701 litteris,
2646 2657 2663 2689 ›
2704 2646 2762 2691 ιιι
2800 2637 2867 2691 ad
2900 2636 3076 2705 ipsum
3111 2633 3473 2706 Epiphanium
3506 2648 3651 2689 nunc

2066 2742 2433 2795 recurrerent,
2483 2741 2701 2785 mortuo
2734 2740 2859 2784 ante
2905 2730 3187 2783 biennium
3232 2727 3551 2789 Athanasio,
3595 2737 3651 2781 et

2068 2824 2355 2878 Procliano
2394 2823 2548 2876 aliter
2582 2819 2842 2889 impedito
2872 2839 2884 2873 :
2919 2828 3221 2878 moverant.
3280 2820 3524 2888 inquam,
3557 2833 3651 2873 eos

2076 2934 2093 2966 ι
2122 2912 2476 2970 conscelerati
2505 2911 2771 2980 dogmatis
2797 2905 3062 2978 reliquiae,
3085 2909 3226 2979 apud
3247 2909 3535 2963 nonnullos
3557 2909 3654 2961 ad-

2071 3007 2180 3061 huc
2210 3006 2551 3075 superstites,
2592 3022 2610 3055 ι
2642 3003 3129 3072 compulerantque
3150 3018 3341 3069 rogare
3367 3011 3423 3054 ut
3455 3013 3507 3055 et
3536 3002 3655 3071 ipse

2082 3119 2099 3150 ι
2138 3100 2205 3152 ad
2237 3113 2427 3151 eorum
2472 3096 2773 3150 Ecclesiam
2824 3076 3033 3149 litteras
3080 3095 3211 3148 dare
3248 3111 3354 3147 non
3399 3110 3654 3164 gravare-

2077 3200 2185 3252 tur,
2218 3210 2236 3241 ›
2272 3206 2335 3243 ac
2376 3198 2580 3244 rectam
2628 3188 2787 3242 fidem
2830 3186 3054 3241 uberius
3099 3187 3391 3255 explicare.
3449 3186 3653 3255 Dogma

2077 3292 2258 3339 autem
2296 3282 2448 3345 illud,
2474 3290 2532 3334 ut
2558 3297 2622 3334 ex
2652 3280 2879 3350 epistola
2914 3277 3136 3332 Palladii
3168 3278 3504 3343 intelligitur,
3537 3275 3649 3329 Eu-

2079 3375 2467 3429 nomianorum
2497 3372 2620 3436 fuit,
2658 3391 2675 3421 ι
2712 3373 2903 3425 inanes
2931 3380 2984 3424 et
3012 3369 3280 3424 absurdus
3328 3370 3653 3438 qutestiones

2077 3469 2144 3522 de
2179 3468 2383 3535 Spiritu
2427 3476 2615 3521 sancto
2650 3467 3009 3528 moventium,
3058 3464 3481 3532 negantiumquc
3529 3478 3651 3514 cunt

2079 3576 2202 3615 cum
2241 3558 2525 3612 divinitate
2558 3558 2952 3625 dominatuque
2984 3556 3153 3624 gloria
3195 3554 3357 3608 simul
3407 3553 3542 3607 allici
3592 3570 3655 3607 ac

2079 3650 2363 3720 praedicari
2389 3658 2673 3719 Oporterc;
2708 3648 2800 3701 sed
2837 3647 2890 3699 in
2930 3648 3166 3700 ministri
3199 3647 3441 3700 nuntiivc
3471 3646 3655 3698 haberi

2081 3744 2221 3804 loco,
2248 3743 2360 3796 imo
2398 3742 2561 3796 etiam
2608 3739 2871 3794 humilius
2916 3739 3137 3809 aliquod
3182 3740 3556 3808 abjeetiusque
3591 3737 3659 3791 de

2080 3836 2201 3905 ipso
2231 3834 2605 3888 sentientium.
2638 3831 2850 3897 Quibus
2875 3831 2941 3885 de
2975 3832 3179 3897 causis,
3219 3850 3237 3882 ι
3276 3832 3450 3899 inquit
3482 3832 3659 3884 Palla-

2081 3928 2226 3994 dius,
2268 3946 2287 3977 (
2324 3927 2406 3982 sic
2434 3936 2693 3996 tanquam
2736 3927 3069 3980 inconstanti
3104 3924 3402 3994 jactatione
3427 3940 3491 3979 ac
3519 3926 3660 3979 diﬂi—v

2082 4021 2173 4074 cili
2210 4029 2529 4089 tempestate
2574 4018 2936 4084 ﬂuctuantes;
2978 4032 3103 4071 cum
3142 4018 3418 4070 neminem
3473 4017 3560 4071 hic
3591 4017 3657 4071 ad

2083 4127 2176 4165 eas
2220 4111 2596 4165 dissolvendas
2634 4112 2968 4180 quaestiones
3023 4125 3087 4164 ac
3131 4126 3318 4163 sanam
3356 4110 3515 4164 tidem
3559 4125 3658 4163 ex—

2084 4202 2387 4271 ponendam
2423 4203 2677 4255 idoneum
2699 4201 2939 4269 reperire
2970 4201 3274 4270 possimus;
3307 4201 3371 4255 ad
3406 4201 3657 4269 pietatem

2086 4301 2236 4344 tuam
2268 4292 2334 4344 de
2364 4292 2467 4346 hoc
2500 4291 2717 4361 negotio
2750 4289 2952 4344 referre
2978 4292 3148 4346 coacti
3200 4307 3413 4354 sumus,
3444 4300 3503 4344 ut
3544 4306 3657 4343 nte-

2086 4383 2190 4437 rito
2220 4393 2272 4436 et
2299 4382 2443 4436 illam
2473 4398 2658 4437 vocem
2693 4399 2956 4454 usurpare
2974 4385 3250 4455 possimus
3283 4403 3295 4437 :
3332 4382 3657 4451 Praeceptor,

410 4459 633 4530 synodis
662 4470 1095 4528 congregantur;
1128 4461 1221 4514 sed
1270 4475 1461 4514 eamus
1509 4461 1576 4513 ad
1620 4461 1772 4514 illum
1804 4462 1970 4513 virum

2089 4490 2244 4530 serva
2278 4491 2397 4529 nos.
2423 4474 2789 4540 Quamobrem
2828 4478 2881 4531 id
2921 4494 3019 4546 pro
3055 4478 3266 4531 sincera
3302 4484 3391 4529 tua
3428 4491 3491 4528 ac
3514 4485 3659 4529 recta

409 4549 505 4604 Dei
560 4549 617 4603 S.
684 4548 1079 4619 Epiphaniunt,
1131 4552 1600 4620 archiepiscopum
1650 4551 1717 4605 de
1775 4552 1976 4622 Cypro,

412 4642 540 4711 quia
566 4641 825 4710 propheta
857 4652 958 4705 est,
986 4653 1039 4695 et
1074 4658 1360 4711 personam
1392 4643 1630 4698 hominis
1673 4660 1780 4697 non
1834 4646 1979 4699 acci-

412 4735 509 4802 pit.
560 4731 697 4785 Cum
758 4740 939 4786 autem
997 4733 1493 4801 appropinquarent
1550 4734 1783 4787 civitatis
1839 4734 1978 4803 ejus,

410 4826 709 4880 revelatum
731 4835 815 4879 est
845 4825 893 4879 ei
921 4827 987 4880 de
1018 4826 1151 4894 ipsis
1185 4846 1197 4879 :
1230 4839 1282 4880 et
1328 4828 1551 4882 mittens
1594 4828 1647 4881 in
1684 4843 1979 4883 occursum

411 4931 603 4970 eorum
640 4914 778 4967 dixit
809 4936 822 4969 ;
852 4913 929 4970 Ne
965 4916 1176 4969 intretis
1212 4916 1267 4969 in
1297 4918 1570 4971 civitatem
1616 4918 1797 4972 istam.
1826 4918 1981 4974 Tunc

413 5008 487 5062 illi
514 5009 565 5061 in
599 5008 913 5077 seret/ersi,
946 5009 1200 5062 dixerunt
1232 5029 1243 5063 :
1274 5008 1380 5064 Pro
1411 5012 1635 5066 veritate
1666 5029 1766 5067 nos
1796 5014 1981 5081 culpa-

412 5104 548 5157 biles
587 5118 799 5169 sumus,
837 5111 895 5156 ut
933 5103 1063 5172 quid
1087 5119 1216 5174 ergo
1246 5120 1346 5159 nos
1386 5106 1533 5174 ipsos
1563 5106 1980 5175 justiﬁcamus?

396 5193 520 5259 .Fac
547 5194 709 5248 etiam
764 5195 892 5264 quia
938 5196 1013 5248 illi
1062 5196 1263 5266 injuste
1310 5214 1412 5253 nos
1465 5204 1981 5257 excommunicave-

413 5293 562 5346 runt,
594 5288 914 5355 nunquid-et
934 5285 1036 5341 iste
1065 5290 1362 5358 propheta?
1386 5306 1511 5345 ecce
1544 5293 1690 5347 enim
1720 5293 1862 5348 Deus
1900 5311 1980 5349 rc-

414 5376 609 5430 velavit
628 5378 701 5430 illi
735 5379 801 5432 de
828 5380 1003 5435 nobis.
1032 5379 1099 5434 Et
1136 5383 1600 5452 reprehenderunt
1655 5389 1981 5459 semetipsos

415 5467 571 5521 valde
608 5468 675 5523 de
709 5472 865 5539 culpa
914 5488 1077 5541 quam
1129 5474 1391 5528 fecerunt.
1450 5474 1603 5531 Tunc
1642 5480 1835 5534 videns
1884 5482 1979 5550 qui

417 5556 583 5611 corda
613 5560 781 5625 novit,
812 5561 939 5630 quia
974 5578 1071 5631 pro
1118 5564 1347 5618 veritate
1392 5580 1451 5620 se
1494 5567 1791 5637 culpabiles
1839 5568 1986 5625 fece-

421 5652 836 5712 rant,revelavit
867 5655 1119 5725 episeopo
1152 5656 1494 5727 Epiphanio;
1539 5669 1593 5715 et
1642 5663 1784 5716 ultro
1834 5664 1985 5719 misit

419 5749 474 5794 et
510 5739 740 5797 adduxit
767 5759 880 5806 eos.
913 5755 968 5800 et
993 5754 1303 5807 consolatus
1330 5765 1427 5807 eos
1461 5754 1703 5825 suscepit
1743 5755 1798 5811 in
1835 5770 2020 5825 com-7,

2090 4567 2194 4621 ﬁde
2230 4583 2259 4620 a
2286 4575 2337 4621 te
2363 4570 2621 4637 petimus,
2654 4584 2818 4637 quam
2862 4569 3100 4622 secunda
3133 4567 3242 4636 jam
3278 4567 3483 4621 dudum
3518 4565 3661 4622 fama

2089 4670 2143 4713 et
2171 4659 2491 4713 idoneorum
2516 4661 2757 4714 virorum
2792 4660 3097 4713 testimonia
3133 4659 3332 4727 passim
3356 4658 3663 4721 celebrant;

2091 4760 2150 4805 ut
2168 4752 2234 4805 ad
2264 4752 2409 4820 quod
2442 4768 2641 4806 munus
2669 4752 2978 4805 obeundum
3010 4766 3041 4804 a
3083 4749 3363 4804 Salvatore
3397 4750 3665 4803 constitu-

2092 4853 2179 4897 ttts
2206 4860 2287 4907 es,
2309 4847 2446 4898 hanc
2476 4854 2720 4898 nostram
2748 4845 3107 4898 hortationem
3134 4844 3446 4897 humaniter
3469 4843 3670 4895 admit~

2094 4942 2224 4993 tere,
2257 4935 2469 5003 etquid
2508 4934 2574 4988 de
2621 4934 2883 4990 Trinitate
2933 4936 3003 4989 sit
3048 4935 3402 4999 credendum,
3444 4934 3667 4988 uberius

2092 5026 2225 5079 velis
2256 5028 2603 5095 apertiusque
2633 5029 2920 5083 disserere.
2958 5048 2977 5081 ι
3010 5027 3135 5083 llaec
3166 5037 3221 5083 et
3252 5030 3356 5083 alia
3390 5031 3488 5083 illi.

2163 5117 2251 5170 29.
2282 5116 2619 5186 Epiphanius
2666 5135 2796 5173 vero
2835 5120 3175 5189 respondens
3225 5128 3337 5173 tum
3381 5121 3508 5185 illis,
3554 5129 3668 5173 tum

2094 5210 2356 5263 Numerio
2401 5213 2721 5281 presbytero
2771 5221 2824 5266 et
2864 5210 3124 5266 Severino
3177 5212 3472 5273 monacho,
3523 5226 3666 5278 quo—

2094 5317 2216 5355 rum
2248 5303 2469 5355 nomina
2513 5303 2597 5356 vel
2635 5304 2955 5358 exciderunt
2982 5318 3013 5357 e
3068 5303 3241 5357 titulis
3287 5303 3666 5371 epistolarum,

2094 5394 2177 5447 vel
2207 5394 2424 5448 aliunde
2453 5403 2577 5448 nota
2610 5396 2815 5448 amoris
2842 5394 3179 5464 honorisque
3200 5409 3328 5465 ergo
3361 5394 3667 5463 adjungun-

2099 5486 2404 5550 tur'ultro,
2458 5488 2636 5555 primo
2683 5502 2955 5541 excusans
3015 5504 3033 5537 ‹
3093 5487 3368 5557 ingenium
3419 5505 3437 5537 ι
3486 5502 3667 5552 suum,

2103 5595 2121 5627 ‹
2167 5576 2314 5645 quod
2350 5576 2619 5644 abjectum
2650 5585 2703 5631 et
2735 5578 2961 5640 humile,
2996 5578 3048 5630 in
3091 5579 3272 5647 quiete
3302 5578 3522 5644 otioque
3555 5594 3666 5629 ver-

2098 5668 2207 5721 sari
2248 5676 2508 5735 perpetuo
2534 5666 2805 5733 studebat,
2840 5685 3015 5738 neque
3045 5684 3166 5724 sese
3198 5668 3338 5722 ultra
3373 5684 3534 5737 quam
3576 5684 3665 5735 par

2037 5821 2062 5830 ,-
2096 5768 2181 5816 est
2203 5760 2516 5817 extendere-
2562 5781 2586 5813 ι
2626 5777 2819 5819 eorum
2867 5776 3046 5819 tamen
3097 5764 3334 5819 stimulis
3375 5763 3671 5832 impulsum
