4088 6362
381 352 517 408 155

1440 358 1498 411 S.
1527 358 1874 417 EPIPIIANII
1914 359 2098 414 ACTA
2140 361 2645 415 BOLLANDIANA.

3570 370 3675 431 154

384 476 714 539 se.fatetur,
761 494 779 526 ι
820 483 883 531 ut
907 476 975 530 ad
1013 474 1065 530 id
1093 477 1239 545 quod
1275 477 1407 533 utile
1438 497 1503 535 ac
1544 481 1884 537 fructuosum
1912 493 1998 536 est
2026 490 2073 543 Α
2101 484 2362 537 adversus
2393 483 2686 539 falsitatem
2730 500 2827 553 pro
2865 485 3091 551 veritate
3130 488 3436 545 decertans.
3476 487 3677 548 Breves

383 568 708 622 excitatum
740 568 985 621 animum
1021 569 1463 625 transferret.....
1508 572 1723 630 Auditis
1766 596 1784 626 ι
1823 576 1993 639 enim,

388 660 609 729 inquit,
671 677 690 710 ι
748 660 1026 728 precibus,
1056 677 1194 729 quas
1245 678 1353 717 non
1404 680 1605 733 paucas
1657 667 1997 734 pertulerunt

385 749 628 820 Conops
661 749 823 804 frater
862 758 1028 820 atque
1069 752 1499 822 compresbyter,
1562 753 1768 822 aliique
1816 754 1996 823 ipsmn

392 842 603 907 secuti,
643 856 852 911 vosque
888 841 1197 895 charissimi
1249 841 1367 909 lilii,
1429 859 1532 898 nec
1578 860 1688 898 non
1736 844 1997 915 Hypatius

394 933 556 987 ﬁlius
593 943 800 998 noster,
837 934 931 1002 qui
980 933 1048 987 ad
1093 949 1179 987 me
1221 944 1510 1003 propterea
1544 952 1612 990 ex
1644 936 1878 1006 {Egypto
1906 953 1997 990 ve-

395 1027 518 1089 nit;
553 1041 674 1079 cum
706 1034 785 1080 tot
826 1025 882 1078 in
936 1025 1082 1080 idem
1117 1024 1377 1093 sulfragia
1422 1028 1766 1081 consensisse
1809 1042 1997 1081 cerne-

396 1135 560 1184 rem;
595 1128 775 1172 mente
802 1118 1096 1186 animoque
1136 1127 1447 1173 commotus
1495 1128 1751 1187 reputare
1784 1134 1995 1173 mecum

400 1212 527 1281 ipse
567 1211 730 1280 empi,
767 1226 831 1265 ac
879 1211 1098 1265 tandem
1139 1210 1288 1265 istud
1324 1211 1461 1264 mihi
1502 1220 1750 1280 prompte
1792 1219 1846 1263 et
1880 1211 1996 1264 ala-

394 1302 574 1355 criter
600 1300 910 1355 faciendum
941 1316 1063 1356 esse
1098 1299 1434 1365 decrevi,-ut
1470 1317 1569 1371 pro
1602 1318 1668 1355 eo
1692 1316 1756 1355 ac
1787 1317 1884 1370 per
1910 1303 1998 1356 lit—

402 1407 555 1449 teras
576 1394 917 1464 postulastis,
954 1394 1021 1448 ad
1059 1396 1203 1449 hanc
1240 1395 1399 1449 vobis
1432 1411 1530 1463 pro
1558 1404 1743 1449 vestro
1780 1395 1998 1449 deside-

400 1488 493 1543 rio
523 1488 866 1543 scribendam
889 1487 1200 1556 epistolam,
1232 1488 1415 1541 tenuis
1439 1488 1564 1542 licet
1594 1497 1647 1541 et
1671 1487 1994 1550 imbecillus,

406 1580 533 1635 sine
579 1580 686 1633 ulla
731 1578 1185 1649 tergiversatione
1229 1593 1317 1632 me
1360 1579 1691 1633 conferrem.
1731 1596 1749 1628 ι
1792 1577 1862 1631 Ut
1900 1592 1998 1630 au-

405 1681 520 1726 tem
544 1671 748 1725 dicitur
798 1673 854 1725 in
890 1672 1094 1742 prazvia
1143 1668 1401 1741 Synepsi,
1441 1688 1461 1720 ι
1517 1671 1829 1739 complures
1862 1686 1998 1739 opus

406 1764 538 1828 hoc,
577 1781 597 1814 ι
632 1762 779 1832 quod
798 1762 1004 1832 justius
1029 1760 1227 1815 librum
1263 1776 1427 1829 quam
1456 1760 1744 1829 epistolam
1772 1760 1996 1821 dixeris,

2099 591 2232 629 sane
2253 585 2384 629 sunt
2418 576 2472 629 hi
2506 577 2694 638 libelli,
2723 586 2777 630 et
2798 577 2843 631 si
2870 578 2925 631 in
2962 594 3130 632 unum
3168 580 3407 635 libellum
3434 582 3678 650 redigan-

2102 673 2207 729 tur,
2239 679 2339 717 nec
2362 664 2477 732 ipse
2504 664 2609 717 erit
2646 665 2851 719 nostris
2890 665 2974 719 vel
3019 666 3252 721 aliorum
3305 670 3675 737 quorumdam

2098 754 2253 808 libris
2289 754 2627 823 longitudine
2664 756 3088 822 comparandus.
3126 756 3302 827 Hujus
3358 759 3679 815 brevitatem

2100 847 2145 899 si
2207 846 2361 899 fuero
2412 847 2465 899 in
2516 847 2817 902 hwresibus
2863 851 3361 905 commemorandis
3409 853 3675 916 imitatus,

2098 940 2229 1007 quid
2254 955 2283 991 a
2315 955 2401 992 me
2430 939 2653 993 brevius
2698 941 2974 1008 postulare
3007 942 3089 995 vel
3122 954 3437 1011 exspectare
3475 945 3677 999 debeas

2101 1044 2207 1080 non
2235 1028 2481 1083 habebis.
2522 1048 2539 1078 ι
2576 1028 2640 1081 Ει
2668 1046 2884 1082 rursum
2917 1030 3034 1097 ipso
3076 1032 3128 1084 in
3182 1042 3435 1088 contextu
3485 1035 3678 1089 hzeresi

2099 1133 2206 1170 Lvtt
2245 1136 2257 1171 :
2297 1137 2314 1167 ι
2372 1118 2603 1172 Proinde
2654 1117 2990 1187 Epiphanius
3015 1122 3081 1174 de
3107 1125 3419 1192 octuaginta
3457 1124 3680 1180 haeresi-

2099 1208 2225 1271 bus,
2260 1208 2473 1277 viginti,
2504 1224 2643 1277 quas
2671 1216 2798 1263 ante
2822 1208 3038 1263 Domini
3058 1212 3352 1266 adventum
3380 1216 3679 1279 exstitisse,

2100 1301 2243 1354 sicut
2275 1302 2322 1354 ei
2347 1301 2521 1355 visum
2558 1310 2662 1365 est,
2700 1303 3068 1370 computavit:
3113 1304 3354 1374 reliquas
3407 1316 3532 1374 post
3575 1306 3675 1360 Do-

2100 1394 2234 1446 mini
2270 1408 2559 1446 ascensum
2592 1404 2748 1446 natas
2798 1395 3103 1463 sexaginta,
3136 1396 3477 1450 brevissimis
3519 1396 3677 1451 libris

2101 1484 2343 1553 quinque
2371 1483 2802 1551 comprehendit,
2837 1494 2997 1554 atque
3032 1501 3225 1541 omnes
3269 1488 3322 1540 in
3377 1502 3470 1541 sex
3527 1488 3680 1548 libris

2102 1575 2268 1629 totius
2295 1575 2537 1644 ejusdem
2570 1575 2655 1627 sui
2683 1576 2862 1644 operis
2906 1575 3033 1630 fecit
3084 1578 3358 1631 concludi.
3400 1596 3419 1628 ι
3453 1577 3684 1632 Miratur

2100 1664 2445 1727 Petavius,et
2473 1664 2667 1717 merito
2697 1665 2948 1729 miratur,
2974 1666 3098 1719 talia
3123 1666 3190 1720 de
3214 1666 3521 1736 Epiphanio
3552 1667 3683 1721 scri-

2102 1757 2231 1811 bere
2278 1758 2670 1825 Augustinum,
2735 1774 2753 1808 ι
2802 1757 2897 1826 qui
2948 1772 3048 1812 nec
3104 1757 3238 1812 illud
3286 1758 3491 1828 ipsum,
3536 1758 3683 1828 quod

414 1871 433 1905 ι
473 1826 599 1909 ﬁdei
628 1826 815 1925 partes
837 1854 1104 1917 continet,
1148 1863 1206 1906 ut
1246 1826 1376 1922 puta
1425 1826 1504 1905 de—
1541 1850 1741 1917 Patris,
1778 1851 1901 1905 Filii
1932 1866 1996 1905 ac
2030 1826 2074 1884 Β
2103 1849 2367 1903 omissum
2392 1848 2459 1901 ab
2481 1863 2567 1912 eo,
2600 1863 2632 1901 a
2660 1862 2718 1901 se
2746 1863 2875 1902 vero
2902 1847 3105 1903 factum
3139 1849 3205 1902 iri
3230 1826 3464 1915 dixerat,
3499 1826 3684 1904 utad-

410 1944 652 2014 Spiritus
680 1946 858 2000 sancti
907 1960 1017 1999 una
1063 1944 1365 2013 eademque
1417 1943 1745 2009 substantia,
1785 1943 1851 1997 de
1876 1957 2000 2012 per-

408 2036 552 2091 fecta
579 2036 1216 2103 Christilncarnatione,
1250 2036 1317 2089 de
1359 2043 1701 2089 mortuorum
1751 2048 2000 2087 resurre-

407 2130 615 2194 ctione,
643 2130 711 2185 de
744 2139 947 2185 aeterna
979 2131 1090 2184 vita
1131 2145 1195 2184 ac
1232 2128 1442 2199 judicio
1487 2127 1682 2180 anima:
1722 2127 1923 2196 pariter
1948 2135 2005 2181 et

407 2223 695 2291 corporis;
730 2230 843 2275 tum
874 2220 1139 2276 adversus
1165 2220 1307 2275 idola
1329 2220 1678 2286 haeresesque
1704 2218 2001 2287 sigillatim,

410 2331 479 2372 ac
510 2323 701 2371 contra
749 2313 969 2369 Judaeos
1006 2324 1346 2382 caeterosque
1397 2311 1676 2379 disputat;
1727 2310 2000 2379 octoginta

410 2423 581 2478 porro
617 2406 900 2461 haereseon
936 2406 1163 2459 nomina
1192 2402 1614 2473 complectitur;
1646 2402 1884 2471 denique
1908 2417 2003 2456 va-

410 2500 529 2554 rias
555 2498 621 2553 de
653 2495 958 2568 Scripturis
993 2498 1169 2553 sacris
1204 2496 1539 2566 quaestiones
1570 2494 1810 2561 exponit.
1857 2513 1876 2546 ι

488 2592 576 2645 5C.
606 2588 809 2644 Verum
845 2590 951 2644 hoc
1007 2588 1156 2659 quod
1217 2587 1286 2642 de
1348 2585 1653 2639 hazresibus
1711 2584 1905 2639 dicitur
1950 2583 2005 2637 in

414 2682 655 2753 Synopsi
683 2682 966 2747 Ancorati,
1000 2696 1147 2735 nunc
1174 2680 1230 2734 in
1256 2680 1377 2749 ipso
1405 2682 1676 2732 Ancorato
1710 2693 1818 2731 non
1850 2692 2008 2746 repe-

415 2777 604 2829 ritur:
651 2774 823 2828 fuisse
869 2782 1055 2827 tamen
1094 2773 1150 2827 in
1204 2787 1270 2826 eo
1319 2771 1619 2825 verisimile
1671 2769 1819 2831 facit,
1861 2769 2008 2838 quod

422 2885 443 2917 c
487 2866 719 2920 Aeacius
745 2874 797 2918 et
829 2862 1055 2928 Paulus,
1118 2862 1424 2933 presbyteri
1470 2869 1524 2915 et
1567 2859 2010 2914 archimandritae

422 2956 889 3010 monasteriorum
938 2954 992 3007 in
1032 2953 1286 3022 partibus
1315 2950 1690 3005 Carchedonis
1720 2959 1773 3003 et
1804 2943 2010 3003 Beroeaa

422 3047 480 3099 in
508 3046 828 3116 C(elesyria,
860 3064 878 3096 ι
908 3044 1172 3114 grandius
1195 3044 1262 3099 de
1292 3042 1483 3097 eodem
1516 3054 1842 3113 argumento
1871 3056 2010 3110 opus

424 3137 497 3191 ab
526 3152 591 3193 eo
626 3137 990 3207 postulantes,
1017 3155 1034 3186 ‹
1075 3150 1222 3190 anno
1265 3128 1588 3188 Diocletiani
1630 3132 1720 3197 92,
1772 3131 2010 3187 Valenti-

426 3227 579 3281 niani
617 3236 672 3282 et
708 3224 953 3282 Valentis
991 3226 1082 3291 12,
1129 3226 1374 3280 Gratiani
1408 3224 1463 3289 8,
1504 3244 1522 3277 ι
1559 3224 1654 3294 qui
1701 3234 1782 3277 est
1836 3240 2014 3280 annus

426 3317 631 3376 Christi
658 3321 764 3374 375
794 3321 1000 3384 dicant,
1031 3338 1050 3369 ι
1084 3316 1317 3373 Nomina
1356 3319 1576 3387 quidem
1619 3318 1736 3387 ipsa
1761 3332 1882 3385 qua:
1910 3332 1941 3370 a
1969 3326 2019 3371 te

430 3420 561 3467 sunt
616 3412 916 3466 hmresibus
985 3410 1238 3480 imposita
1295 3410 1410 3479 jam
1470 3410 1815 3474 audivimus;
1876 3424 2019 3463 nunc

433 3504 873 3573 uniuscujusque
906 3511 1067 3558 secta:
1100 3502 1299 3569 dogma
1347 3501 1639 3570 perspicue
1670 3500 1939 3554 declarari
1986 3515 2016 3553 a

434 3604 528 3649 tua
558 3596 757 3665 pietate
792 3595 1067 3664 cupimus.
1110 3612 1129 3645 ›
1163 3591 1278 3647 Hoc
1311 3601 1496 3646 autem
1534 3593 1715 3662 posito
1745 3592 1890 3661 quod
1918 3607 2020 3645 no—

436 3687 583 3739 mina
610 3686 698 3739 illa
728 3686 979 3756 primitus
1010 3684 1215 3739 fuerint
1240 3685 1296 3738 in
1341 3688 1631 3750 Ancorata,
1666 3700 2016 3754 consequens

434 3777 576 3830 foret
604 3778 898 3845 ipsummet
924 3775 1319 3846 Epiphanium,
1351 3777 1498 3830 hunc
1529 3777 1730 3829 librum
1763 3784 1888 3845 post
1917 3792 2018 3829 an-

436 3886 538 3925 nos
562 3886 658 3924 sex
691 3871 776 3925 vel
809 3879 934 3924 octo
972 3880 1479 3939 recognoscentem,
1535 3869 1660 3922 inde
1704 3870 2015 3932 sustulisse,

435 3964 580 4029 quod
610 3962 722 4032 jam
746 3962 874 4016 alibi
899 3962 1114 4031 plenius
1138 3962 1558 4030 ordinatiusque
1594 3968 1872 4014 tractarat.
1906 3959 2019 4013 Ma-

440 4060 532 4105 net
557 4051 917 4105 nihilominus
949 4050 1086 4104 mihi
1134 4051 1451 4120 scrupulus,
1496 4065 1564 4104 ne
1598 4066 1896 4121 synopseos
1923 4065 2021 4102 au-

435 4150 556 4196 ctor
578 4148 885 4209 postremas
911 4140 1048 4195 duas
1080 4141 1272 4205 lineas,
1304 4141 1372 4195 de
1397 4141 1674 4195 haereseon
1705 4141 2019 4194 nominibus

433 4241 487 4285 et
507 4231 905 4302 quaestionibus
946 4231 1135 4297 variis,
1169 4246 1279 4284 non
1315 4232 1564 4285 retulerit
1612 4232 1680 4285 ad
1722 4247 2017 4300 argumen-

437 4329 552 4374 tum
583 4323 865 4385 Ancorati,
912 4322 1007 4376 sed
1047 4322 1114 4377 ad
1147 4321 1269 4391 ejus
1312 4331 1591 4377 auctorem
1630 4320 2016 4391 Epiphanium,

434 4427 597 4484 quem
630 4413 873 4467 indicare
902 4413 1137 4467 voluerit
1178 4414 1341 4467 etiam
1378 4413 1481 4467 ista
1513 4422 1798 4467 tractasse.

2099 1954 2292 1994 versus
2317 1938 2560 2008 singulas
2590 1938 2823 1992 hzereses
2853 1939 3163 2003 dissereret,
3208 1949 3303 1994 aut
3352 1941 3405 1994 in
3458 1942 3553 1995 illo
3617 1942 3686 1996 de

2102 2031 2404 2091 haaresibus
2463 2030 2667 2093 libello,
2719 2039 2812 2084 aut
2856 2030 2910 2083 in
2967 2031 3074 2085 alio
3124 2032 3394 2099 praestitit.
3455 2052 3474 2083 ›
3516 2032 3686 2103 Magis

2104 2125 2268 2178 etiam
2298 2125 2520 2186 mirum,
2554 2123 2702 2190 quod
2728 2122 2785 2175 in
2810 2120 3140 2176 Bibliotheca
3164 2139 3260 2178 sua
3282 2122 3533 2187 Photius,
3563 2134 3688 2193 post

2104 2220 2382 2273 laudatum
2413 2234 2441 2272 a
2466 2234 2523 2273 se
2546 2218 2853 2272 Panarium
2877 2215 3042 2283 dicat,
3063 2232 3214 2270 num.
3241 2217 3364 2281 124,
3401 2237 3419 2269 ι
3456 2218 3686 2287 legimus

2104 2320 2158 2365 et
2190 2312 2514 2363 Ancoratum
2541 2310 2806 2378 ejusdem,
2866 2324 2989 2378 quae
3043 2318 3129 2363 est
3173 2323 3388 2363 summa
3437 2311 3689 2378 quaedam

2109 2403 2517 2459 Panariorum:
2564 2423 2582 2454 ι
2616 2401 3059 2472 quandoquidem
3108 2410 3258 2455 tanto
3316 2402 3471 2469 prius
3516 2406 3690 2455 Anco-

2108 2506 2285 2550 ratum
2305 2512 2468 2566 quam
2499 2495 2800 2549 Panarmm
2826 2495 2997 2550 fuisse
3022 2496 3387 2564 compositum
3419 2495 3691 2549 indubita-

2110 2588 2217 2644 bile
2247 2589 2337 2643 sit.
2369 2588 2583 2658 Legerit
2633 2590 2868 2644 fortasse
2915 2587 3145 2642 Photius
3190 2587 3688 2655 Anakeplzalwosin,

2109 2681 2287 2735 serius
2319 2681 2539 2750 quidem
2572 2680 2955 2750 compositam,
2983 2682 3075 2735 sed
3125 2681 3178 2734 in
3225 2681 3413 2735 eodem
3445 2679 3693 2735 fortassis

2110 2772 2387 2827 volumine
2419 2773 2679 2841 scriptam
2709 2789 2834 2827 cum
2865 2777 3149 2838 Ancorato,
3183 2773 3317 2827 citra
3369 2773 3495 2826 novi
3552 2772 3693 2827 tituli

2112 2865 2542 2929 distinctionem,
2577 2874 2741 2935 atque
2800 2866 2875 2919 ita
2918 2880 3083 2919 unum
3127 2880 3251 2919 esse
3281 2879 3418 2933 opus
3450 2865 3694 2919 credide-

2112 2959 2185 3014 rit
2232 2978 2248 3013 ι
2292 2959 2633 3028 Augustinus
2693 2967 2876 3013 autem
2918 2974 3039 3012 eam
3088 2958 3283 3028 legisse
3336 2974 3443 3011 non
3496 2960 3695 3028 petuit,

2114 3065 2241 3105 cum
2282 3050 2608 3103 divisionem
2662 3051 2825 3119 longe
2875 3051 3037 3103 aliam
3081 3050 3371 3113 invenerit,
3422 3065 3591 3120 quam
3640 3051 3695 3104 in

2118 3143 2233 3212 ipsa
2266 3144 2358 3207 sit,
2395 3152 2581 3211 utpote
2614 3143 2802 3195 eadem
2836 3156 2957 3211 qua:
2988 3142 3043 3194 in
3085 3139 3344 3194 Pomaria.

2190 3235 2278 3289 52.
2322 3234 2429 3289 Sed
2476 3235 2767 3304 ipsummet
2827 3233 3191 3301 Epiphanium
3246 3232 3314 3287 de
3365 3248 3468 3288 suo
3512 3248 3697 3303 opere,

2118 3324 2264 3393 quod
2304 3326 2479 3377 solum
2528 3320 2942 3376 Graeco-Latine
2996 3321 3201 3374 editum
3259 3322 3461 3391 grande
3512 3323 3698 3391 implet

2117 3414 2396 3477 volumen,
2427 3412 2715 3465 audiamus
2743 3411 3053 3479 loquentem
3083 3411 3137 3463 in
3167 3409 3397 3479 epistola
3447 3412 3512 3464 ad
3558 3411 3698 3465 Aca-

2119 3505 2265 3558 cium
2307 3513 2361 3557 et
2411 3503 2641 3556 Paulum
2703 3520 2716 3557 :
2761 3521 2777 3552 ‹
2826 3500 3095 3567 Quoniam
3144 3502 3422 3557 haereseon
3478 3505 3697 3558 nomina

2121 3596 2305 3650 omnia
2351 3595 2677 3649 declaranda
2725 3594 2878 3647 vobis
2915 3592 3018 3649 hoc
3061 3593 3113 3645 in
3159 3594 3298 3647 libro
3332 3596 3698 3664 suscepimus,

2120 3700 2224 3738 nec
2246 3699 2351 3737 non
2374 3683 2709 3737 exsecranda
2769 3698 2834 3736 ac
2864 3682 3072 3736 nefaria
3107 3683 3327 3737 illarum
3366 3684 3589 3755 ﬂagitia,
3619 3687 3698 3741 sic

2122 3784 2381 3843 tanquam
2435 3774 2863 3842 praesentissima
2913 3776 3165 3842 qurcdam
3220 3792 3451 3842 venena,
3494 3779 3698 3847 patefa-

2121 3880 2245 3920 cere
2274 3865 2555 3929 volumus;
2581 3873 2744 3932 atque
2775 3865 2858 3919 his
2890 3866 3032 3918 velut
3059 3866 3300 3920 antidota
3324 3869 3570 3937 quaedam
3603 3886 3699 3939 op-

2120 3964 2406 4026 ponentes,
2428 3971 2549 4025 quae
2571 3956 2652 4009 vel
2678 3955 2746 4009 iis
2769 3956 2863 4025 qui
2892 3971 3078 4011 morsu
3110 3957 3261 4026 petiti
3299 3970 3427 4013 sunt
3458 3962 3700 4014 remedio

2122 4063 2243 4103 esse
2272 4049 2503 4117 possint,
2539 4048 2623 4101 vel
2653 4062 2769 4113 eos,
2803 4048 3003 4116 quibus
3029 4063 3094 4102 ne
3123 4049 3364 4103 incidant
3394 4053 3699 4119 periculum

2121 4148 2223 4203 est,
2250 4141 2613 4207 praemuniant
2638 4148 2693 4193 et
2722 4146 3069 4204 conservent,
3117 4140 3468 4194 honestarum
3514 4157 3697 4195 rerum

2122 4232 2383 4285 studiosis
2409 4232 2789 4296 conscribere;
2833 4230 3127 4284 Panarium
3164 4231 3278 4284 sive
3308 4233 3548 4285 arculam
3581 4249 3699 4285 me-

2124 4321 2326 4385 dicam,
2362 4323 2428 4376 ad
2454 4338 2644 4376 eorum
2676 4323 2767 4391 qui
2798 4338 2829 4376 a
2861 4322 3207 4391 serpentibus
3239 4322 3329 4376 icti
3371 4332 3500 4377 sunt
3528 4340 3700 4378 reme-

2121 4414 2435 4482 dium,jure
2469 4430 2605 4483 opus
2639 4415 2769 4469 illud
2793 4430 2857 4469 ac
2894 4414 3095 4469 librum
3143 4415 3537 4485 appellabimus
3566 4436 3579 4470 :
3606 4418 3700 4486 qui

504 4505 594 4559 51.
629 4502 699 4559 Ut
729 4515 789 4558 ut
821 4504 910 4570 sit,
947 4504 1060 4558 sive
1106 4504 1161 4558 in
1210 4506 1499 4571 Ancorato,
1540 4505 1653 4558 sive
1699 4514 1849 4558 extra
1892 4519 2015 4558 eum
2050 4531 2094 4590 Β
2125 4506 2179 4558 in
2223 4516 2330 4560 tres
2362 4517 2542 4575 partes
2569 4507 2795 4571 divisus,
2825 4508 3058 4561 haereses
3086 4508 3360 4575 octoginta
3383 4509 3699 4578 complecti-

436 4594 710 4666 (quamvis
758 4596 1127 4650 verosimilius
1178 4597 1310 4649 mihi
1364 4597 1435 4651 sit
1486 4598 1631 4665 quod
1672 4607 1825 4651 extra
1868 4598 2016 4668 eum)

432 4686 755 4755 priusquam
783 4687 849 4741 ad
873 4702 1063 4755 preces
1086 4687 1272 4741 Acacii
1300 4697 1353 4741 et
1380 4687 1532 4741 Pauli
1563 4688 1863 4741 Ponat-ium
1895 4704 2018 4743 con-

431 4777 606 4842 deret,
654 4779 721 4833 de
784 4794 896 4848 quo
944 4778 1110 4842 infra,
1164 4780 1471 4848 composuit
1516 4780 1740 4849 aliquid,
1793 4780 1860 4834 de
1908 4796 2017 4850 quo

431 4868 537 4937 ipsi
565 4868 859 4932 audierint,
891 4870 1152 4939 quodque
1176 4869 1288 4937 jam
1330 4870 1553 4935 excidit,
1589 4879 1641 4925 et
1680 4871 1781 4925 fuit
1814 4873 2013 4940 praelu-

430 4960 583 5013 dium
611 4974 675 5014 ac
711 4959 880 5013 veluti
908 4960 1278 5013 rudimentum
1312 4960 1493 5028 operis
1521 4969 1703 5028 postea
1733 4962 1801 5015 ab
1823 4963 2013 5016 eodem

429 5051 729 5120 compilati.
754 5044 827 5104 Et
860 5053 963 5107 hoc
987 5052 1245 5107 habuisse
1286 5054 1573 5123 solumque
1614 5055 1831 5108 novisse
1866 5055 2016 5110 vide-

430 5149 522 5193 tur
551 5141 913 5211 Augustinus,
942 5158 1067 5196 cum
1110 5143 1229 5211 ejus
1258 5144 1547 5197 materiam
1574 5154 1627 5197 et
1653 5143 1884 5198 formam
1916 5147 2013 5199 de-

429 5233 651 5302 scripsit
710 5235 764 5286 in
801 5234 942 5288 libro
974 5235 1047 5287 De
1079 5235 1365 5288 haeresibus
1426 5235 1492 5288 ad
1540 5234 2010 5301 QuodvultDeum,

428 5337 591 5391 quem
635 5322 780 5378 circa
832 5332 1141 5377 extremum
1201 5325 1327 5379 vita:
1376 5341 1490 5379 sua:
1534 5342 1759 5387 annum,
1805 5325 2010 5381 Christi

428 5410 557 5478 450,
579 5412 909 5482 composuit,
939 5414 1012 5467 ita
1036 5412 1293 5483 praefatus
1322 5429 1334 5466 :
1362 5434 1379 5465 ι
1412 5413 1607 5469 Noster
1632 5431 1759 5469 vero
1782 5416 2013 5485 Epipha-

428 5504 576 5568 nius,
609 5503 840 5574 Cyprius
865 5507 1179 5575 episcopus,
1208 5506 1410 5561 abhinc
1452 5521 1563 5561 non
1610 5507 1773 5577 longe
1808 5508 2009 5562 huma-

427 5595 516 5648 nis
559 5581 725 5651 rebtis
776 5608 1082 5666 exemptus,
1141 5600 1208 5652 de
1253 5598 1529 5668 octoginta
1574 5598 1875 5654 haeresibus
1929 5600 2010 5652 lo-

426 5699 626 5753 quens,
652 5702 747 5743 sex
780 5687 950 5743 libros
982 5688 1147 5745 etiam
1191 5690 1539 5759 conscripsit,
1577 5690 1835 5745 historica
1874 5707 2006 5745 nar-

427 5777 639 5834 ratione
692 5794 1131 5839 commemoraus
1174 5783 1381 5847 omnia,
1435 5780 1580 5836 nulla
1629 5781 2000 5849 disputatione

2127 4604 2235 4659 tur,
2259 4612 2380 4665 qua:
2405 4605 2716 4673 serpentum
2759 4613 2823 4649 ac
2866 4596 3140 4666 reptilium
3177 4596 3383 4651 similes
3411 4605 3538 4652 sunt
3566 4617 3577 4651 :
3611 4614 3700 4653 se-

2122 4687 2363 4741 cundum
2417 4704 2555 4756 quas
2594 4687 2839 4742 veritatis
2896 4687 3299 4741 firmamentum
3352 4694 3407 4740 et
3441 4687 3699 4743 salutaris

2121 4778 2368 4832 doctrina
2401 4780 2634 4848 fideique
2684 4778 2920 4834 formula
2957 4780 3199 4849 subjecta
3243 4788 3347 4843 est,
3393 4796 3456 4834 ac
3495 4780 3698 4834 Christi

2120 4885 2342 4939 sponsa.
2380 4880 2567 4924 sancta
2613 4871 2863 4925 videlicet
2914 4869 3179 4933 Ecclesia,
3229 4869 3543 4924 declarata:
3577 4887 3699 4939 quae

2121 4976 2242 5015 cum
2265 4961 2378 5031 jam
2416 4972 2526 5015 tum
2553 4965 2621 5017 ab
2648 4964 2779 5017 orbe
2816 4965 3035 5018 condito
3067 4981 3190 5019 esse
3230 4965 3476 5033 eruperit,
3511 4974 3696 5033 postea

2118 5058 2300 5105 tamen
2328 5067 2422 5120 per
2462 5053 2665 5106 Christi
2720 5054 2931 5107 Domini
2991 5055 3443 5119 incarnationem,
3496 5062 3698 5123 tempo-

2116 5161 2239 5200 rum
2271 5145 2643 5211 successione,
2677 5154 2802 5199 ante
2822 5156 3278 5200 commemoratas
3302 5161 3490 5200 omnes
3526 5146 3691 5200 haere-

2117 5253 2225 5301 ses,
2265 5237 2480 5305 vulgata
2514 5247 2677 5305 atque
2707 5235 2999 5304 patefacta,
3048 5237 3348 5305 eademque
3376 5251 3405 5288 a
3434 5235 3591 5289 nobis
3638 5237 3694 5290 in

2115 5330 2558 5383 Commentarios
2605 5344 2666 5381 ex
2712 5328 2914 5381 Christi
2963 5310 3350 5396 praedicatione
3400 5327 3572 5381 relata
3604 5328 3693 5398 (ad

2113 5421 2436 5473 Ancoratum
2472 5418 2694 5472 forsitan
2734 5420 2845 5472 haec
2868 5419 3189 5487 respiciunt)
3218 5434 3282 5472 ac
3308 5434 3527 5471 rursum
3569 5428 3692 5488 post

2114 5512 2438 5580 explicatam
2462 5525 2674 5564 onmem
2702 5511 2928 5563 istarum
2957 5510 3235 5564 haereseon
3264 5510 3688 5577 improbitatem,

2113 5616 2180 5655 ex
2230 5601 2597 5670 apostolorum
2659 5599 2905 5654 doctrina
2967 5608 3220 5653 accurate
3278 5614 3342 5653 ac
3401 5601 3689 5669 perspicue
3746 5644 3749 5647 .

2112 5693 2260 5747 brevi
2287 5692 2523 5761 quodam
2554 5698 2639 5745 est
2661 5690 2986 5759 compendio
3009 5690 3289 5759 subjecta;
3318 5691 3393 5744 uti
3416 5706 3480 5745 ea
3506 5706 3563 5745 re
3590 5706 3687 5745 e0-

2112 5801 2232 5841 rum
2265 5791 2580 5839 recreentur
2604 5797 2669 5839 ac
2694 5783 3007 5839 reﬁciantur
3053 5783 3238 5848 animi,
3278 5783 3371 5852 qui
3404 5783 3548 5838 hunc
3576 5783 3683 5837 Ιη-
