4088 6362
1423 356 1483 413 S.
1522 353 1873 413 EPIPHANll
1907 355 2092 410 ACTA
2129 352 2634 411 BOLLANDIANA.

3570 330 3673 403 ιδὸ

403 488 593 530 reseon
653 468 1148 542 percurrendarum
1232 468 1475 525 laborem
1545 468 1908 538 susceperint.
1970 485 1986 517 υ
2022 474 2067 527 Α
2103 485 2120 516 ι
2163 466 2213 518 in
2250 480 2578 534 unaquaque
2607 471 2784 528 aetate,
2818 481 2837 513 ι
2873 471 2933 517 ut
2972 463 3114 517 idem
3165 460 3421 518 Petavius
3462 464 3517 517 in
3562 470 3676 536 epi-

472 562 562 618 35.
599 558 849 614 Prmdicti
884 569 1069 613 autem
1104 566 1218 612 tres
1264 557 1389 613 libri
1435 559 1515 612 sic
1552 557 1892 621 dividuntur,
1930 562 1990 608 ut

407 648 678 707 secundus
703 657 757 702 et
789 647 985 702 tertius
1034 647 1090 700 in
1137 656 1250 702 tres
1293 648 1497 717 singuli
1546 656 1725 700 tomos
1772 646 1988 714 dispar-

407 742 638 807 tiantur;
673 748 837 809 atque
866 739 941 794 ita
995 754 1122 793 cum
1170 739 1373 809 primo,
1426 739 1520 807 qui
1570 738 1837 792 iudivisus
1887 746 1989 800 est,

411 831 841 889 exsistanttomi
884 838 1115 900 septem.
1161 830 1228 884 Et
1278 832 1385 886 alia
1436 831 1655 901 quidem
1701 828 1993 899 Epiphanii

408 939 603 995 opera,
635 932 695 979 ut
730 921 1097 992 Hieronymus
1127 921 1182 975 itt
1224 921 1364 975 li'bro
1398 920 1473 974 De
1508 922 1854 990 scriptoribus
1895 921 1990 983 ait,

416 1036 436 1073 ι
461 1017 531 1072 ab
552 1016 783 1071 eruditis
830 1024 1052 1085 propter
1104 1029 1215 1076 res,
1247 1028 1277 1066 a
1305 1012 1728 1082 simplicioribus
1779 1021 1994 1080 propter

409 1108 575 1164 verba
607 1106 942 1161 lectitantur.
980 1122 997 1154 ι
1035 1102 1263 1157 Photius
1299 1114 1480 1157 autem
1518 1103 1585 1156 de
1627 1101 1862 1155 Panario
1894 1115 1996 1156 no-

413 1200 685 1265 minatim,
714 1200 829 1255 sive
856 1201 941 1267 (ut
978 1199 1095 1267 ipse
1123 1213 1247 1251 cum
1282 1196 1576 1252 Anastasio
1622 1196 1832 1250 Sinaita
1878 1196 1996 1265 plu-

412 1293 599 1347 raliter
645 1290 927 1361 appellat)
974 1307 992 1339 t
1050 1287 1336 1354 Panariis,
1384 1306 1402 1338 ι
1455 1291 1530 1341 ait
1585 1290 1731 1357 quod
1779 1298 1993 1351 auctor,

418 1399 562 1455 «pra
590 1382 713 1436 aliis
756 1382 848 1451 qui
885 1390 1011 1435 ante
1046 1380 1222 1450 ipsum
1265 1380 1530 1434 adversus
1572 1381 1809 1435 haereses
1842 1381 1999 1435 lucu-~

414 1474 691 1529 brationes
720 1472 1032 1537 ediderunt,
1065 1472 1286 1525 uberior
1324 1480 1487 1539 atque
1514 1471 1702 1526 utilior
1724 1482 1842 1537 est;
1870 1486 1994 1525 nam

414 1580 599 1621 necea
620 1562 974 1633 praetermisit
995 1577 1338 1632 quaecunque
1364 1564 1433 1616 ab
1463 1562 1611 1617 aliis.
1627 1563 1840 1632 prodita
1898 1564 2001 1617 uti-

414 1655 585 1710 litatis
615 1652 819 1723 aliquid
847 1652 1153 1720 continent,
1201 1660 1256 1706 et
1300 1652 1416 1720 ipse
1454 1668 1578 1721 quae
1620 1653 1799 1723 potuit
1850 1669 1881 1707 a
1940 1669 2000 1709 se

414 1745 722 1814 excogitata
754 1742 878 1798 aliis
912 1741 1137 1803 addidit,
1192 1741 1406 1797 initium
1457 1742 1667 1797 ducens
1720 1758 1751 1797 a
1789 1742 1997 1797 Barba-

2096 559 2234 611 stola
2276 558 2611 611 dedicatoria
2669 566 2837 619 notat,
2891 576 2909 608 ι
2963 558 3216 611 rediviva:
3262 559 3672 614 mendaciorum

2093 659 2272 709 sectzc,
2314 650 2582 717 evulgatis
2620 658 2861 702 veterum
2917 649 3193 702 haereseon
3246 650 3521 704 abstrusis
3594 667 3676 704 rc-

2094 741 2437 808 conditisque
2477 740 2773 809 mysteriis,
2806 739 3147 793 validissime
3179 741 3487 810 propulsari
3520 758 3676 796 ever-

2094 831 2245 899 tique
2268 832 2511 900 possint;
2537 841 2591 886 et
2629 841 2883 886 auctores
2909 830 3149 901 perfidia:
3193 841 3355 902 atque
3386 834 3666 897 satellites,

2095 936 2227 976 suos
2251 922 2303 976 in
2340 922 2468 987 illis,
2491 938 2630 991 quos
2652 923 2872 992 quidem
2897 924 3242 987 erubescant,
3272 924 3549 994 principes
3573 941 3672 979 au-

2096 1024 2383 1082 ctoresque
2434 1024 2849 1086 recognoscant.
2888 1013 2986 1069 Est
3028 1015 3249 1085 quidem
3292 1018 3435 1085 ejus.
3486 1018 3579 1085 qui
3622 1019 3677 1072 in

2097 1107 2349 1161 haeresim
2384 1108 2466 1161 vel
2512 1108 2840 1161 moliendam
2889 1108 2974 1161 vel
3030 1108 3291 1163 tuendam
3345 1109 3674 1175 incubuerit,

2098 1194 2316 1249 animus
2352 1195 2404 1248 in
2438 1210 2658 1249 omnem
2690 1197 2975 1250 audaciam
3012 1198 3131 1253 sine
3160 1199 3273 1253 ullo
3305 1200 3513 1269 pudore
3550 1214 3679 1269 pro-

2095 1284 2277 1353 jectus
2312 1286 2444 1339 :sed
2482 1303 2642 1341 nemo
2671 1296 2755 1342 est
2800 1298 2981 1345 tamen
3033 1305 3101 1344 ex
3155 1290 3265 1345 illis
3312 1291 3677 1345 absurdarum

2099 1371 2416 1439 Opinionum
2462 1375 2725 1442 patronis,
2763 1392 2925 1446 quem
2980 1393 3089 1433 non
3125 1389 3402 1448 utcunque
3447 1381 3680 1434 convicti

2099 1462 2231 1515 olim
2256 1465 2462 1519 erroris
2492 1474 2655 1535 atque
2699 1468 2944 1522 damnati
2999 1470 3219 1538 pudeat.
3266 1470 3387 1523 Sint
3432 1486 3586 1534 sane,
3623 1480 3684 1525 ut

2100 1564 2247 1618 sunt,
2276 1554 2439 1610 ferrei
2466 1571 2657 1612 omnes
2684 1558 2946 1623 lneretici,
2976 1561 3087 1614 sint
3117 1562 3463 1631 pervicaces;
3492 1564 3684 1616 iidem-

2105 1662 2212 1715 que
2237 1664 2295 1702 se
2322 1649 2377 1702 in
2417 1648 2535 1718 ipso
2582 1651 2779 1705 ardore
2818 1652 3221 1721 agitationeque
3249 1653 3563 1722 disputandi
3614 1653 3684 1707 ad

2102 1738 2465 1793 resistendum
2503 1741 2687 1795 acrius
2717 1740 2945 1812 fingant,
2982 1752 3167 1798 tamen
3192 1746 3285 1813 qui
3320 1744 3372 1797 id
3404 1745 3681 1808 didicerit,

418 1838 590 1893 τίεωο
617 1844 673 1890 ει
702 1835 770 1890 ad
820 1832 1179 1888 Messalianos
1220 1848 1393 1902 usque
1435 1834 1779 1902 perveniens.
1813 1834 1997 1890 Genus
2027 1814 2070 1871 Β
2104 1830 2309 1900 quique
2338 1832 2501 1885 certis
2535 1844 2777 1887 veterum
2813 1837 3144 1891 testimoniis
3175 1840 3528 1907 compererit,
3558 1849 3685 1895 ante

419 1942 582 1999 porro
614 1945 632 1979 ι
665 1925 905 1990 dicendi,
953 1944 972 1977 ι
1004 1926 1183 1993 inquit
1206 1924 1459 1993 Photius,
1493 1944 1512 1976 ι
1548 1927 1777 1992 humile,
1818 1936 1873 1981 et
1902 1942 2000 1981 cu-

415 2018 657 2091 jusmodi
683 2032 807 2071 esse
828 2024 1007 2087 potest
1027 2015 1121 2084 qui
1152 2016 1348 2070 Atticae
1371 2015 1637 2070 doctrina:
1659 2017 1811 2071 rudis
1836 2017 2003 2072 exsti-

420 2110 566 2166 terit.
602 2108 709 2165 Sed
747 2109 887 2164 etin
934 2107 1284 2163 confutandis
1330 2107 1630 2163 baeresibus
1678 2109 1999 2178 plerumque

420 2216 616 2273 parum
653 2216 917 2255 nervosus
942 2208 1046 2264 est,
1074 2215 1393 2269 quanquam
1422 2199 1694 2254 interdum
1733 2209 1997 2269 praestan-

423 2294 656 2353 tissimis
696 2294 816 2348 illas
853 2294 1159 2347 rationibus
1203 2308 1267 2347 ac
1311 2293 1598 2347 sententiis
1647 2294 1997 2363 aggreditur;

422 2387 528 2442 etsi
572 2384 742 2439 nihilo
780 2384 948 2439 dictio
997 2383 1066 2438 sit
1117 2392 1280 2453 atque
1300 2384 1567 2438 orationis
1608 2392 1880 2438 structura
1910 2392 2003 2436 aut

423 2478 600 2549 stylus
638 2475 756 2545 ipse
788 2475 1152 2531 commodior.
1207 2494 1226 2527 ι
1269 2472 1475 2544 Nempe
1530 2490 1821 2544 perparum
1873 2484 2008 2528 tem-

424 2568 576 2641 poris
619 2567 898 2636 studiique
927 2566 980 2620 in
1030 2565 1328 2620 excolenda
1378 2566 1552 2620 Graeci
1591 2566 1860 2620 sermonis
1897 2565 2011 2619 elo-

424 2660 669 2732 quentia,
701 2660 790 2715 cui
815 2659 1017 2713 bonam
1059 2660 1185 2713 vita:
1216 2670 1427 2728 partem
1470 2658 1730 2713 coltiores
1772 2657 1861 2711 alii
1906 2656 2013 2710 Pa-

427 2760 537 2806 tres
562 2750 820 2815 Basilius,
848 2749 1250 2814 Nazianzenus,
1274 2749 1703 2819 Chtysostomus
1735 2748 2013 2819 impende-

427 2853 599 2908 runt,
668 2843 1014 2898 Alexandria:
1063 2844 1245 2913 posuit
1300 2841 1676 2911 Epiphanius,
1732 2851 1789 2895 ut
1848 2857 2012 2911 supra

426 2935 697 3000 vidimus;
736 2950 973 3004 moxque
1008 2935 1075 2989 ad
1119 2934 1364 3003 spiritus,
1406 2950 1513 2987 non
1542 2930 1813 2987 sermonis
1852 2948 2013 2988 exer-

426 3026 715 3082 citationes
760 3036 1136 3097 transgressus
1181 3027 1233 3079 in
1283 3042 1549 3091 eremum,
1595 3027 1794 3081 multas
1833 3025 2013 3094 potius

426 3114 641 3186 linguas
666 3114 827 3177 scire,
857 3130 1020 3184 quam
1050 3130 1213 3169 unam
1248 3115 1506 3183 perlicere
1532 3114 1798 3183 eligebat;
1826 3115 2009 3169 lauda-
2036 3150 2085 3213 ϐ

429 3214 519 3262 tus
556 3206 677 3261 ideo
703 3206 773 3260 ab
804 3204 1134 3275 Hieronymo
1164 3206 1216 3258 in
1251 3205 1516 3275 Apologia
1567 3204 1601 3257 2
1631 3214 1813 3258 contra
1846 3206 2009 3276 Rulﬁ-

427 3314 576 3363 num,
609 3316 627 3349 (
666 3297 812 3367 quod
838 3297 1105 3361 Grzecam,
1140 3297 1331 3367 Syram
1366 3307 1419 3350 et
1448 3295 1749 3361 llebrteam,
1775 3308 1828 3351 et
1848 3296 2014 3367 ,Εεν-

427 3392 661 3460 ptiacam
684 3389 947 3458 linguam,
984 3404 1050 3444 ex
1092 3398 1243 3458 parte
1265 3390 1430 3443 etiam
1468 3400 1523 3443 et
1562 3390 1810 3443 Latinam
1849 3404 2015 3443 nove-

429 3483 558 3535 rit:
606 3498 627 3533 ι
692 3479 837 3533 unde
907 3479 975 3532 de
1028 3494 1093 3533 eo
1158 3480 1489 3548 querebatur
1539 3479 1812 3544 Bullinus,
1867 3482 2013 3549 quod

435 3590 456 3625 ί
493 3573 640 3627 velut
684 3571 1060 3626 necessitatem
1104 3571 1515 3640 evangelizandi
1554 3587 1651 3640 per
1684 3588 1874 3628 omnes
1911 3575 2015 3627 litt-

428 3678 563 3734 guas
576 3661 790 3717 habere
822 3676 882 3716 se
906 3670 1140 3731 putaret,
1170 3663 1237 3716 de
1258 3661 1491 3732 Origene
1514 3664 1656 3719 male
1681 3665 1958 3734 loquendi.
1988 3684 2007 3717 ι

498 3753 589 3808 54.
628 3751 731 3806 Per
759 3753 899 3806 hanc
939 3761 1121 3805 autem
1155 3753 1424 3806 sermonis
1460 3754 1708 3808 cultioris
1745 3755 2012 3809 incuriam

430 3858 525 3899 seu
559 3842 887 3913 imperitiam
937 3842 1141 3896 factum
1187 3850 1292 3908 est,
1339 3854 1398 3897 ut
1442 3845 1494 3898 in
1541 3859 1607 3898 eo
1652 3845 1844 3901 Latine
1889 3847 2013 3900 red-

429 3935 641 4001 dendo,
695 3935 962 4005 majorem
1022 3936 1283 4005 opinione
1331 3952 1430 3989 sua
1488 3937 1728 3991 laborem
1784 3938 2015 3993 senserit

428 4026 729 4083 Petavius:
772 4046 792 4079 ‹
843 4027 1151 4081 Accedebat
1192 4045 1211 4079 ι
1263 4027 1433 4090 enim,
1490 4028 1666 4097 inquit
1711 4029 1766 4083 in
1813 4029 2012 4099 praefa-

430 4119 579 4174 tione
616 4119 685 4174 ad
731 4120 1012 4183 lectorem,
1057 4137 1075 4170 t
1117 4119 1182 4173 ad
1230 4135 1575 4174 communem
1625 4120 2013 4189 interpretandi

430 4211 736 4267 molestiam
797 4212 1068 4281 praecipua
1101 4211 1348 4280 quaedam
1374 4211 1427 4264 in
1464 4211 1555 4266 illo
1588 4212 1853 4279 scriptore
1876 4210 2015 4265 dim-

429 4302 628 4367 cultas,
656 4301 803 4373 quod
838 4302 1114 4372 incompta
1141 4311 1195 4357 et
1218 4303 1496 4358 salebrosa
1526 4311 1610 4357 est
1636 4303 1782 4358 illius
1813 4304 2010 4368 oratio,

430 4399 486 4447 et
524 4393 577 4447 in
602 4409 709 4463 qua
734 4394 1180 4463 frequentissime
1209 4404 1509 4449 occurrunt
1553 4394 1645 4449 illa
1687 4410 1807 4463 quae
1839 4392 2012 4449 Graeci

2105 1923 2173 1975 ab
2200 1922 2442 1991 antiquis
2470 1921 2725 1979 Patribus
2763 1936 2817 1980 et
2852 1928 3099 1982 conciliis
3146 1930 3478 1999 publicoque
3523 1931 3685 1985 Chri-

2108 2012 2411 2067 stianorum
2459 2028 2730 2069 consensu
2780 2018 2961 2086 agnita
3003 2033 3068 2072 ac
3106 2021 3385 2089 repudiata
3427 2021 3685 2093 dogmata

2114 2102 2227 2165 illa,
2267 2119 2430 2171 qttam
2471 2105 2545 2157 illi
2594 2106 2909 2176 ipsitquos
2952 2110 3221 2181 sequitur)
3268 2112 3685 2183 interpolatores

2113 2194 2476 2261 exsisterent;
2532 2194 2619 2249 vix
2663 2196 2789 2259 erit,
2846 2199 3064 2266 opinor,
3118 2202 3295 2266 ullus,
3342 2204 3531 2272 cujus,
3581 2204 3686 2257 nisi

2114 2282 2289 2353 frangi
2342 2286 2696 2357 edomarique
2739 2291 3084 2345 contumacia
3125 2294 3385 2361 potuerit,
3425 2310 3533 2348 non
3570 2295 3687 2349 lan-

2113 2376 2390 2444 guidiores
2420 2378 2617 2435 habeat
2659 2383 2974 2450 eruptiones
3018 2394 3072 2437 et
3111 2386 3369 2455 impetus,
3405 2402 3469 2442 ac
3496 2389 3687 2457 paula-

2114 2466 2209 2519 tim
2246 2483 2341 2535 per
2374 2484 2613 2538 seipsam
2649 2470 2966 2541 refrigerata
3001 2482 3166 2543 atque
3208 2484 3467 2530 enervata
3502 2476 3689 2531 conci-

2112 2559 2224 2611 dat.
2268 2577 2287 2609 ι
2333 2558 2575 2616 Joannes
2619 2560 2884 2633 Baptista,
2934 2573 3040 2620 etc.
3100 2564 3236 2622 Vide
3284 2567 3517 2638 append.
3561 2585 3686 2640 pag.

2113 2647 2234 2715 681i,
2262 2651 2368 2703 col.
2410 2652 2463 2705 2.

2732 2744 2960 2799 CAPUT
3000 2745 3065 2800 ν.

2117 2850 2368 2905 Extrema
2394 2857 2567 2908 sancti
2597 2866 2717 2909 acta
2751 2858 3245 2980 Conztaulinopoli;
3275 2879 3413 2916 mors
3442 2865 3495 2917 in
3520 2866 3691 2918 reditu

2819 2946 2848 2980 ο
2888 2940 2985 2980 ua.

2819 2940 2985 2983 ουτω.

2184 3014 2275 3069 55.
2319 3014 2462 3080 Quid
2496 3016 2564 3071 de
2588 3016 2841 3089 Origenis
2871 3020 3025 3075 libris
3058 3023 3199 3089 Περὶ
3238 3024 3442 3092 ἀρχῶν
3469 3028 3694 3081 sentiret

2117 3103 2494 3175 Epiphanius,
2557 3110 2691 3165 satis
2755 3110 3056 3167 declaravit
3115 3130 3211 3183 per
3282 3116 3577 3185 Epistulam
3625 3118 3694 3171 ad

2116 3196 2377 3251 Joannem
2424 3200 2992 3271 Hierosolymitanum,
3042 3209 3202 3275 cujus
3251 3224 3414 3278 supra
3460 3211 3693 3266 fecimus

2116 3290 2468 3344 mentionem.
2501 3290 2639 3346 Dum
2670 3302 2850 3347 autem
2883 3296 2985 3347 hac
3011 3311 3075 3348 ex
3103 3312 3269 3351 causa
3297 3299 3694 3367 disputationes

2116 3379 2171 3432 in
2206 3378 2493 3435 Palmstina
2522 3380 2828 3450 ferverent,
2871 3387 3102 3455 contigit
3143 3389 3307 3441 etiam
3352 3390 3695 3445 Alexandria:

2119 3471 2428 3526 simultates
2462 3473 2614 3527 nasci
2657 3474 2799 3529 inter
2852 3475 3215 3545 Theophilum
3259 3480 3599 3535 Alexandriae
3642 3494 3696 3537 et

2116 3562 2440 3618 Dioscorum
2469 3565 2863 3635 Hermopoleos
2906 3570 3249 3640 episcopum,
3303 3583 3466 3643 atque
3530 3577 3694 3645 hujus

2116 3656 2313 3711 fratres
2346 3656 2696 3711 Atnmonium
2737 3670 2790 3714 et
2830 3660 3125 3717 Eusebium
3162 3678 3532 3735 cognomento
3556 3669 3697 3722 Lou-

2116 3764 2235 3817 gos,
2264 3748 2488 3801 totidem
2532 3754 2993 3807 monasteriorum
3035 3756 3340 3824 praefectos,
3394 3774 3533 3828 quos
3568 3776 3695 3816 cum

2117 3841 2356 3905 primum
2390 3840 2587 3895 charos
2618 3841 2905 3898 habuisset
2942 3843 3297 3916 Theophilus,
3331 3850 3476 3904 haud
3502 3852 3696 3905 inunc-

2115 3936 2220 3988 rito
2250 3935 2445 3991 deinde
2476 3952 2505 3991 a
2540 3953 2599 3991 se
2627 3953 2852 3995 aversos
2897 3950 3059 4011 atque
3095 3944 3160 3997 ad
3210 3944 3561 4001 solitudinem
3613 3965 3698 4003 re-

2116 4042 2357 4095 gressos,
2400 4030 2653 4098 persequi
2696 4032 2876 4085 modis
2918 4035 3177 4088 omnibus
3223 4041 3442 4105 statuit;
3492 4049 3545 4093 et
3588 4056 3697 4109 quo

2116 4118 2479 4183 simpliciores
2508 4122 2808 4176 monachos
2852 4124 2921 4176 ab
2961 4124 3149 4179 iisdem
3183 4129 3544 4195 abstraheret,
3578 4134 3696 4185 cul-

2116 4225 2244 4278 pare
2268 4210 2320 4263 in
2357 4211 2436 4265 eis
2468 4215 2836 4281 praesumpsit,
2869 4218 3015 4284 quod
3051 4216 3221 4272 Deum
3254 4221 3491 4276 humana
3524 4225 3696 4277 forma

2115 4302 2402 4371 praeditum
2440 4314 2721 4373 negarent,
2759 4307 3009 4376 Origenis
3041 4312 3340 4377 praesertim
3374 4317 3696 4369 auctoritate

2117 4392 2339 4445 sull‘ulti.
2369 4392 2503 4446 Cum
2552 4404 2734 4449 autem
2790 4412 2884 4452 eos
2931 4396 3466 4471 ConstantinOpolim
3520 4406 3583 4458 ad
3634 4407 3692 4459 ὃ.

429 4484 735 4538 ἀναπόδοτα
782 4493 837 4539 et
877 4484 1214 4538 ἀνακόλουθα
1262 4485 1546 4538 nominant
1587 4502 1600 4539 :
1647 4484 1898 4554 pedestre
1949 4499 2005 4538 ac

2116 4482 2382 4538 Joannem
2435 4485 2893 4556 Chrysostomum
2950 4492 3263 4562 confugisse
3319 4494 3691 4563 intellexisset,

430 4575 688 4645 populare
711 4575 921 4629 dicendi
953 4592 1123 4646 genus
1162 4594 1174 4630 :
1209 4575 1354 4645 quod
1385 4576 1499 4630 sive
1542 4576 1693 4645 plani
1733 4574 2007 4630 sermonis

416 4666 777 4737 simplicitate
813 4668 1073 4736 consequi
1104 4668 1364 4730 volueris,
1401 4669 1718 4735 subagreste
1747 4667 2005 4735 quiddam

426 4758 653 4814 exsistet
677 4773 741 4812 ac
786 4757 1055 4827 putidum,
1083 4758 1389 4827 cujusmodi
1421 4758 1532 4811 fere
1578 4767 1708 4813 sunt
1749 4757 1940 4811 Latina
1982 4776 2001 4810 ι

426 4849 628 4920 prioris
682 4849 994 4919 interpretis
1048 4868 1066 4900 σ
1120 4850 1396 4912 Cornarii,
1448 4849 1607 4918 cujus
1662 4865 1763 4905 nos
1820 4852 2008 4920 utique

426 4940 634 4996 similes
663 4955 785 4995 esse
832 4940 1099 5007 nolimus;
1148 4941 1234 4995 sin
1290 4953 1542 4996 ornatum
1592 4948 1757 5011 atque
1796 4943 2005 4996 cultum

426 5030 706 5095 adhibeas,
740 5033 792 5086 id
836 5034 954 5088 sine
1004 5048 1201 5102 magna
1254 5034 1649 5087 sententiarum
1694 5046 2006 5089 commuta—

429 5122 573 5177 tione
594 5123 838 5177 obtinere
866 5125 956 5178 vix
991 5124 1194 5194 possis.
1235 5144 1253 5175 ι
1288 5124 1539 5194 Magnam
1576 5126 1741 5194 igitur
1785 5124 2006 5181 Petavio

425 5214 684 5271 debemus
713 5217 965 5287 gratiam,
1019 5217 1163 5285 quod
1210 5217 1329 5287 ejus
1365 5217 1630 5272 beneficio
1681 5219 1761 5272 sic
1806 5217 2007 5273 Latine

427 5303 736 5373 loquentem
768 5308 1055 5361 audiamus
1088 5306 1479 5377 Epiphanium,
1510 5318 1569 5362 ttt
1608 5310 1732 5380 styli
1770 5310 2003 5364 nitorem

429 5394 484 5448 in
514 5411 578 5449 eo
607 5413 712 5451 non
743 5398 1151 5465 desideremus;
1191 5401 1363 5454 multo
1396 5408 1578 5455 tamen
1614 5402 1879 5469 majorem
1902 5401 2003 5471 ipsi

428 5495 637 5549 sancto,
669 5490 814 5557 quod
845 5505 957 5543 sua:
988 5490 1091 5544 sibi
1124 5490 1180 5543 in
1208 5505 1274 5545 eo
1318 5506 1514 5559 genere
1546 5492 1826 5545 tenuitatis
1871 5508 2005 5546 con-

429 5576 599 5641 scius,
627 5582 1015 5650 contempserit
1064 5583 1269 5653 judicia
1320 5582 1730 5639 fastidiosorum
1772 5586 2006 5654 philolo-

429 5680 640 5735 gorum,
676 5670 837 5723 modo
870 5674 1154 5740 prodesset
1188 5674 1444 5743 publico;
1483 5690 1657 5745 eaque
1690 5677 2000 5746 protulerit,

430 5771 662 5816 quorum
692 5773 904 5823 semper
930 5764 1166 5819 max-ima
1193 5774 1246 5819 et
1275 5763 1373 5820 fuit
1396 5774 1449 5819 et
1470 5766 1588 5836 _erit
1619 5768 1849 5835 utilitas,
1876 5783 2000 5823 cum

2117 4584 2280 4643 atque
2305 4576 2373 4628 ab
2406 4577 2507 4630 hoc
2536 4590 2855 4647 susceptos;
2882 4584 3123 4649 cogitare
3153 4586 3342 4653 erepit,
3370 4586 3549 4655 inquit
3600 4589 3695 4643 So-

2116 4682 2379 4722 zomenus
2423 4668 2521 4724 lib.
2560 4684 2675 4732 vni,
2718 4687 2839 4740 cap.
2877 4673 2946 4726 25
2995 4684 3047 4728 et
3085 4675 3362 4744 deinceps,
3397 4696 3415 4727 ι
3455 4694 3561 4747 qua
3603 4696 3692 4734 ra-

2118 4759 2265 4812 tione
2292 4757 2559 4815 Joannem
2595 4778 2817 4832 quoque
2849 4764 3025 4833 ipsum
3056 4768 3123 4819 ab
3148 4769 3465 4837 episcopatu
3498 4771 3697 4839 dejice-

2115 4859 2218 4905 ret.
2265 4850 2463 4906 Verum
2512 4855 2627 4908 haec
2680 4856 2731 4908 in
2788 4859 2981 4911 intimo
3033 4860 3273 4928 pectoris
3338 4864 3422 4915 sui
3477 4880 3695 4919 recessu

2115 4944 2401 4997 oecultans
2429 4960 2493 4997 ac
2539 4946 2789 5010 moliens,
2850 4950 3069 5019 scripsit
3124 4951 3342 5004 interim
3397 4954 3462 5005 ad
3505 4970 3697 5010 omnes

2115 5033 2319 5102 ubique
2362 5035 2608 5089 locorum
2659 5039 2946 5108 episcopos
2991 5042 3225 5106 litteras,
3280 5043 3481 5110 quibus
3530 5045 3695 5100 libros

2114 5126 2367 5197 Origenis
2392 5130 2844 5197 reprehendebat.
2876 5132 3125 5201 Cumque
3169 5134 3548 5189 consideraret
3579 5153 3693 5190 ma-

2114 5236 2219 5289 gno
2267 5220 2369 5274 sibi
2415 5222 2785 5276 emolumento
2839 5221 2977 5286 fore,
3027 5226 3073 5277 si
3105 5224 3500 5294 Epiphanium,
3540 5229 3693 5282 Sala-

2114 5310 2277 5364 minis
2319 5312 2373 5364 in
2400 5312 2579 5381 Cypro
2611 5314 2949 5384 episcopum,
3000 5316 3324 5385 participem
3368 5327 3423 5370 et
3466 5334 3693 5373 consor-

2115 5410 2219 5456 tem
2252 5403 2604 5457 consiliorum
2630 5420 2853 5459 suorum
2889 5408 3133 5470 haberet,
3163 5409 3339 5460 virum
3375 5410 3444 5461 ob
3479 5410 3692 5465 virtutis

2113 5496 2471 5549 reverentiam
2532 5498 2776 5550 omnium
2833 5499 2916 5551 sui
2974 5501 3238 5569 temporis
3287 5500 3689 5565 clarissimum;

2091 5580 2237 5644 eum
2268 5588 2371 5641 sibi
2408 5589 2645 5643 amicum
2676 5590 2994 5658 adjunxit...

2182 5680 2271 5734 56.
2314 5699 2333 5730 ι
2370 5679 2541 5735 Porro
2564 5680 2930 5751 Epiphanius,
2961 5683 3054 5752 qtti
3081 5682 3333 5753 Origenis
3363 5686 3531 5739 libros
3575 5685 3688 5751 jam

2112 5772 2320 5838 pridem
2362 5772 2733 5839 aversabatur,
2766 5770 3055 5842 Theophili
3091 5774 3286 5829 litteris
3318 5770 3478 5830 facile
3506 5792 3692 5831 assen-
