4088 6362
379 272 486 324 157

1374 270 1429 323 S.
1474 268 1817 325 EPIPHANII
1856 269 2040 324 ACTA
2082 268 2587 325 BOLLANDIANA.

3518 269 3621 322 138

377 402 502 441 sum
544 386 773 455 praebuit
802 405 815 441 :
848 387 1180 455 collectoque
1208 387 1531 458 Cypriorum
1557 390 1941 459 episcOporum
1976 395 2019 450 Α
2048 388 2389 460 constituta),
2413 389 2700 460 palamque
2739 387 3082 443 denuntiavit
3115 384 3438 457 Epiphanio,
3468 384 3621 440 illum

379 479 638 539 concilio,
660 477 908 548 Origenis
933 480 1102 532 libros
1134 480 1235 549 legi
1260 480 1555 548 prohibuit.
1584 480 1733 534 Datis
1753 480 1948 534 deinde

384 564 608 627 litteris,
638 573 749 618 tum
780 567 845 619 ad
882 566 1041 628 alios,
1075 576 1187 620 tum
1223 569 1285 621 ad
1325 568 1638 638 episcopum
1676 568 1950 623 Constan—

380 658 822 726 tinopolitanum,
866 674 927 711 ea
973 674 1096 727 quae
1141 675 1170 712 a
1218 662 1425 727 synodo
1472 660 1687 715 decreta
1736 662 1954 717 fuerant

379 750 815 812 insinuantibus,
849 749 1098 804 hortatus
1129 761 1211 804 est
1239 751 1358 805 illos
1402 760 1462 806 ut
1502 754 1768 822 synodum
1818 769 1950 808 con-

381 848 643 892 vocarent
700 839 999 907 eademque
1068 840 1444 895 decernerent.
1496 842 1949 899 Animadvertens

381 929 547 997 igitur
573 929 906 997 Theophilus
941 946 999 984 se
1039 929 1403 999 Epiphaniam
1452 934 1659 1002 absque
1708 936 1951 1002 periculo

381 1021 535 1088 sequi
559 1036 739 1089 posse,
779 1031 964 1090 utpote
987 1038 1147 1090 quem
1186 1023 1339 1077 multi
1367 1024 1669 1089 laudarent,
1697 1037 1751 1081 et
1792 1028 1951 1097 cujus

379 1114 706 1166 sententiam
736 1113 807 1167 ob
857 1113 979 1166 vita:
1023 1114 1367 1169 sanctitatem
1417 1118 1786 1186 suspicerent,
1840 1121 1953 1188 ipse

378 1218 619 1273 quoque,
658 1219 783 1258 cum
824 1205 1091 1274 episcopis
1136 1206 1228 1275 qui
1276 1207 1379 1261 sub
1420 1207 1539 1277 ipso
1589 1219 1765 1273 erant,
1809 1211 1951 1265 idem

378 1297 525 1364 quod
558 1295 894 1364 Epiphanius
924 1296 1181 1351 decrevit.
1207 1296 1403 1352 Verum
1437 1298 1675 1354 Joannes
1709 1302 1950 1357 studiUm

378 1390 597 1444 illorum
632 1390 771 1444 haud
814 1390 994 1458 magni
1038 1390 1294 1459 ponderis
1336 1406 1458 1446 esse
1512 1393 1864 1459 existimavit,
1899 1404 1954 1449 et

378 1483 666 1553 Epiphanii
689 1498 754 1538 ac
792 1481 1076 1552 Theophili
1104 1484 1311 1540 litteras
1349 1485 1584 1555 neglexit
1614 1502 1717 1541 :ex
1756 1499 1949 1557 poten-

378 1580 615 1633 tioribus
636 1592 767 1631 vero
802 1577 876 1639 hi,
911 1577 1004 1647 qui
1038 1575 1235 1631 Joanni
1266 1578 1515 1647 privatim
1543 1578 1740 1635 infensi
1771 1589 1949 1645 erant,

379 1688 506 1726 cum
549 1670 942 1724 intellexissent
983 1668 1343 1739 Theophilum
1391 1670 1443 1725 id
1482 1686 1661 1741 agere,
1697 1680 1756 1725 ut
1786 1671 1953 1727 Joan-

2059 497 2122 535 ea
2154 496 2341 549 gerere
2377 497 2499 550 qua:
2530 495 2630 535 nec
2656 480 2802 549 justa
2831 488 3034 543 essent,
3067 495 3167 533 nec
3220 478 3322 547 ipsi
3370 476 3625 547 privatim

2062 575 2217 629 utilia
2253 593 2265 628 :
2297 574 2565 643 siquidem
2596 575 2830 628 tumultu
2859 572 3041 642 populi
3079 571 3333 633 excitato,
3364 569 3478 638 ipse
3506 578 3626 621 tan-

2059 681 2223 733 quam
2254 664 2417 733 hujus
2456 664 2533 718 rei
2567 674 2761 718 auctor
2794 663 3092 732 periculum
3128 661 3410 716 subiturus
3459 666 3620 712 esset.

2057 754 2175 811 Hac
2206 757 2417 811 ratione
2446 756 2718 811 cohibitus
2750 764 2832 811 est
2853 755 3084 823 impetus
3114 750 3419 822 Epiphanii.
3454 749 3621 804 Inter-

2059 862 2123 901 ea
2177 845 2375 900 accidit
2404 852 2463 899 ut
2509 844 2851 915 imperatoris
2915 842 3081 905 lilius,
3130 840 3423 894 admodum
3469 852 3621 908 puer,

2058 937 2255 991 morbo
2289 936 2688 1006 corriperetur;
2723 944 2895 989 mater
2930 949 3060 988 vero
3105 931 3335 987 sollicita
3378 946 3447 983 ne
3494 916 3627 998 quid

2060 1030 2274 1083 tristius
2314 1044 2484 1097 puero
2522 1030 2883 1098 contingeret,
2924 1027 3093 1081 misso
3139 1025 3206 1079 ad
3264 1023 3625 1093 Epiphanium

2060 1122 2276 1185 ntrntio,
2309 1129 2367 1174 ut
2399 1137 2496 1191 pro
2522 1136 2588 1175 eo
2621 1120 2789 1175 Deum
2827 1128 3161 1190 precaretur,
3192 1116 3505 1186 postulavit.
3538 1114 3631 1168 Ille

2058 1227 2289 1280 puerum
2329 1212 2597 1266 victurum
2617 1225 2741 1265 esse
2768 1209 3070 1279 respondit,
3107 1208 3152 1263 si
3177 1208 3421 1276 Augusta
3454 1205 3629 1261 haere-

2060 1306 2218 1369 ticos,
2253 1307 2493 1373 quicum
2529 1303 2788 1359 Dioscoro
2815 1310 2993 1367 erant,
3030 1308 3390 1355 aversaretur.
3425 1296 3628 1350 Verum

2059 1396 2301 1465 Augusta
2343 1396 2443 1450 :Si
2498 1395 2663 1460 Deus,
2723 1394 2921 1464 inquit,
2976 1392 3148 1447 filium
3207 1406 3388 1445 meum
3421 1389 3632 1458 eripere

2059 1486 2195 1539 mihi
2224 1486 2475 1551 voluerit,
2524 1486 2599 1540 ita
2642 1486 2766 1551 fiat;
2818 1484 3082 1540 Dominus
3128 1482 3273 1537 enim
3318 1481 3412 1550 qui
3460 1478 3628 1543 dedit,

2059 1575 2203 1630 idem
2240 1586 2293 1631 et
2319 1576 2516 1632 aufert.
2546 1576 2700 1642 Quod
2729 1576 2773 1631 si
2804 1584 2863 1630 tu
2890 1584 3135 1629 mortuos
3171 1572 3238 1626 ad
3266 1573 3432 1625 vitam
3469 1586 3631 1624 revo—

2061 1682 2187 1720 care
2216 1681 2427 1736 posses,
2452 1683 2564 1722 non
2593 1676 2737 1724 esset
2762 1676 3012 1722 mortuus
3034 1664 3451 1720 archidiaconus
3479 1674 3627 1716 tuus.

379 1780 504 1818 nem
528 1763 845 1832 episcopatu
879 1772 1122 1822 exueret,
1167 1763 1269 1832 ipsi
1296 1779 1513 1833 quoque
1543 1779 1764 1831 operam
1796 1782 1949 1819 suam
1984 1753 2027 1809 Β
2056 1757 2270 1812 Etenim
2304 1758 2448 1812 haud
2497 1761 2668 1813 multo
2709 1768 2838 1814 ante
2883 1774 2914 1813 e
2962 1757 3102 1811 vivis
3154 1762 3465 1811 excesserat
3512 1756 3634 1808 Cri-

380 1868 446 1905 ac
497 1853 742 1906 studium
804 1852 1193 1915 contulerunt,
1261 1861 1427 1921 utque
1480 1852 1953 1925 Constantinopoli

383 1944 622 1997 maxima
654 1944 895 2014 synodus
920 1944 1069 1998 fieret
1101 1956 1485 2012 procurarunt.
1528 1947 1738 2013 Quibus
1767 1949 1956 2018 cogni-

380 2037 451 2087 tis
484 2035 817 2103 Theophilus
852 2036 1029 2089 adhuc
1057 2036 1231 2105 magis
1280 2036 1544 2103 incubuit,
1581 2049 1633 2093 et
1671 2040 1956 2109 episcopos

379 2124 602 2191 quidem
641 2122 861 2194 [Ἑωριί
900 2126 1153 2195 navigare
1195 2126 1359 2193 jussit
1401 2125 1955 2198 Constantinopolim,

380 2215 688 2285 Epiphanio
720 2233 851 2272 vero
874 2229 927 2273 et
949 2220 1072 2273 aliis
1096 2236 1191 2289 per
1216 2219 1488 2276 Orientem
1515 2224 1786 2293 episcopis
1822 2224 1958 2278 scri-

380 2309 515 2377 psit,
547 2317 605 2362 ut
635 2324 798 2379 quam
839 2311 1075 2379 primum
1114 2312 1167 2365 in
1199 2329 1367 2367 unum
1398 2315 1755 2370 convenirent
1792 2333 1805 2369 :
1842 2316 1959 2385 ipse

381 2403 617 2474 pedestri
646 2403 840 2458 itinere
872 2404 1257 2472 proficiscitur.

455 2496 545 2549 57.
584 2514 603 2546 ‹
639 2494 746 2550 Nec
778 2496 948 2549 multo
976 2506 1097 2565 post
1115 2496 1466 2565 Epiphanius,
1502 2513 1623 2552 cum
1650 2498 1860 2568 primus
1892 2515 1957 2553 ex

382 2588 566 2642 insula
594 2588 775 2659 Cypro
824 2588 1096 2652 solvisset,
1130 2588 1195 2642 ad
1235 2589 1416 2643 locum
1462 2589 1605 2644 baud
1655 2590 1845 2659 procul
1892 2592 1961 2644 ah

383 2680 521 2733 urbe
551 2677 1179 2748 Constantinopolitana,
1216 2695 1377 2749 quem
1405 2677 1708 2743 Septimum
1739 2691 1956 2744 vocant,

384 2770 684 2839 applicuit;
715 2768 964 2840 factaque
994 2771 1242 2825 oratione
1281 2771 1335 2824 in
1387 2772 1618 2827 ecclesia
1676 2789 1799 2842 qua:
1851 2774 1961 2828 illic

384 2870 491 2926 est,
524 2862 578 2914 in
613 2861 799 2915 urbem
829 2862 1094 2916 introivit.
1128 2862 1264 2915 Eum
1301 2864 1691 2933 ingredientem
1721 2863 1961 2919 Joannes

384 2969 619 3009 occursu
648 2954 779 3009 cleri
818 2957 985 3009 totius
1014 2955 1303 3009 honoravit
1335 2974 1347 3010 :
1375 2968 1430 3009 at
1466 2955 1799 3027 Epiphanius
1835 2973 1959 3025 per-

386 3047 576 3115 spicue
612 3046 929 3110 declaravit,
969 3049 1111 3116 quod
1147 3048 1438 3101 calumniis
1488 3049 1751 3103 adversus
1788 3047 1960 3102 Joan-

387 3154 513 3193 nem
550 3139 892 3193 concinnatis
917 3139 1077 3193 ﬁdem
1115 3140 1414 3196 habuisset.
1441 3141 1705 3195 Invitatus
1731 3141 1876 3194 enim
1905 3151 1961 3195 ut

388 3230 445 3284 in
473 3230 682 3285 aedibus
717 3230 1108 3287 ecclesiasticis
1148 3248 1370 3287 manere
1410 3232 1591 3297 vellet,
1643 3232 1959 3302 neutiquam

388 3322 663 3391 acquievit
697 3339 709 3373 :
747 3329 946 3375 etcum
981 3322 1191 3377 Joanne
1237 3321 1457 3392 quidem
1506 3323 1760 3393 congredi
1804 3324 1962 3393 peni-

389 3422 479 3468 tus
509 3413 872 3468 detrectavit:
897 3414 1152 3482 privatim
1182 3429 1314 3469 vero
1347 3417 1660 3471 convocatis
1687 3416 1961 3486 episc0pis

389 3508 483 3576 qui
513 3517 624 3560 tum
648 3507 1122 3575 Constantinopoli
1154 3508 1525 3573 morabantur,
1552 3522 1615 3563 ea
1636 3524 1757 3578 quae
1779 3509 1964 3563 adver-

391 3614 488 3653 sus
519 3598 690 3652 libros
714 3598 965 3668 Origenis
999 3598 1214 3651 decreta
1247 3599 1464 3652 fuerant
1491 3598 1559 3651 iis
1589 3599 1827 3652 ostendit
1862 3618 1873 3651 :
1900 3612 1964 3652 ac

392 3690 671 3744 nonnullis
717 3690 933 3759 quidem
980 3690 1253 3757 persuasit
1285 3700 1343 3743 ut
1377 3690 1608 3745 decretis
1643 3690 1962 3745 subscribe-

391 3791 552 3846 rent;
592 3781 773 3848 plures
811 3796 942 3836 vero
979 3781 1031 3835 id
1077 3781 1254 3837 facere
1302 3791 1744 3837 recusarunt.....
1795 3782 1964 3836 Porro

390 3870 630 3925 Joannes
663 3871 842 3925 adhuc
877 3872 1235 3925 nihilominus
1274 3873 1632 3927 reverentiam
1671 3873 1967 3929 exhibebat

394 3963 716 4032 Epiphanio,
746 3979 983 4033 eumque
1025 3965 1346 4020 hortabatur
1390 3973 1450 4018 ut
1489 3966 1744 4021 colleCtas
1776 3981 1963 4020 secum

392 4055 690 4117 celebrare,
723 4064 776 4109 et
813 4056 1260 4111 contubernalem
1311 4055 1491 4127 ipsum
1533 4056 1734 4111 habere
1780 4058 1961 4111 vellet.

396 4147 595 4201 Verum
625 4148 982 4219 Epiphanius,
1033 4165 1092 4205 se
1130 4165 1308 4220 neque
1354 4152 1474 4221 ejus
1517 4151 1679 4205 domo
1712 4167 1966 4215 usurum,

396 4256 495 4295 nec
520 4257 643 4295 cum
671 4256 738 4296 eo
776 4250 1058 4295 oraturum
1088 4257 1209 4296 esse
1241 4243 1545 4311 respondit,
1583 4243 1689 4298 nisi
1717 4243 1967 4315 Origenis

394 4330 566 4385 libros
603 4332 756 4400 prius
808 4330 1144 4393 damnasset,
1202 4339 1256 4385 et
1305 4331 1624 4387 Dioscorum
1676 4349 1785 4387 una
1842 4348 1967 4388 cum

2060 1852 2296 1920 spio.....
2332 1868 2495 1925 quem
2537 1852 2874 1922 Epiphanius
2899 1867 3022 1905 cum
3055 1850 3502 1905 contubernalem
3534 1846 3633 1900 hac

2057 1945 2226 2007 heret,
2260 1946 2706 1999 archidiaconum
2742 1961 2902 2000 suum
2928 1948 3307 2001 constituerat.

2130 2037 2219 2091 5‘).
2263 2056 2280 2087 ς
2323 2038 2645 2091 Ammonius
2677 2054 2806 2092 vero
2836 2048 2889 2092 et
2911 2040 3003 2108 qui
3042 2054 3167 2093 cum
3199 2038 3291 2092 illo
3322 2045 3477 2091 erant
3504 2033 3633 2103 Epi-

2057 2132 2319 2198 phanium
2347 2130 2632 2193 adierunt;
2675 2129 2726 2183 id
2774 2130 2919 2183 enim
2962 2129 3063 2199 ipsi
3106 2144 3327 2199 quoque
3372 2127 3633 2197 Augustae

2060 2227 2358 2295 placuerat.
2396 2224 2645 2293 Cumque
2690 2223 3026 2293 Epiphanius
3078 2223 3467 2293 interrogasset
3510 2219 3631 2290 qui—

2060 2334 2184 2371 nam
2222 2325 2431 2383 essent,
2462 2316 2744 2386 respondit
2775 2314 3133 2370 Ammonius:
3160 2313 3326 2384 Longi
3353 2328 3564 2378 sumus,
3596 2328 3628 2365 ο

2061 2408 2255 2473 I’ater;
2285 2407 2511 2461 libenter
2529 2416 2709 2461 autem
2741 2406 3099 2468 disceremus,
3128 2414 3309 2458 utrum
3334 2403 3627 2472 aliquando

2061 2500 2115 2551 in
2156 2499 2457 2569 discipulos
2493 2508 2588 2552 aut
2623 2498 2679 2551 in
2727 2497 2898 2551 libros
2947 2504 3166 2550 nostros
3206 2494 3487 2549 incideris.
3537 2491 3633 2547 Illo

2061 2600 2311 2661 negante,
2352 2591 2549 2645 iterum
2603 2590 2855 2659 quaasivit
2899 2588 3225 2643 Ammonius
3260 2605 3273 2641 :
3308 2585 3461 2641 Unde
3502 2600 3633 2656 ergo

2063 2685 2348 2739 haereticos
2374 2683 2498 2737 illos
2544 2698 2666 2736 esse
2710 2681 2989 2751 judicasti,
3052 2680 3145 2749 qui
3203 2679 3412 2732 nullum
3467 2677 3634 2733 habes

2062 2787 2467 2843 argumentum,
2498 2791 2607 2845 quo
2648 2774 2972 2829 sententiam
3014 2772 3230 2826 illorum
3279 2773 3459 2841 possis
3497 2786 3632 2825 con-

2063 2865 2317 2919 vincere?
2356 2866 2421 2919 Et
2468 2880 2592 2919 cum
2635 2863 2975 2935 Epiphanius
3005 2862 3231 2928 diceret,
3263 2862 3315 2915 id
3354 2877 3411 2917 se
3440 2863 3633 2916 auditu

2063 2955 2375 3024 accepisse:
2412 2953 2524 3012 Nos
2556 2971 2705 3020 vero,
2740 2953 3175 3017 aitAmmonius,
3211 2954 3370 3023 plane
3403 2964 3625 3009 contra-

2066 3047 2207 3098 rium
2239 3043 2499 3112 fecimus;
2532 3061 2658 3100 nam
2681 3055 2734 3099 et
2756 3046 3056 3116 discipulos
3085 3054 3207 3100 tuos
3234 3061 3375 3115 saepe
3404 3060 3632 3099 numero

2068 3138 2327 3203 vidimus,
2361 3148 2415 3191 et
2453 3138 2622 3193 libros
2654 3139 3017 3208 perlegimus;
3049 3156 3115 3193 ex
3146 3140 3346 3209 quibus
3376 3154 3519 3193 unus
3549 3148 3635 3193 est

2063 3229 2155 3299 qui
2208 3229 2504 3282 Ancoratus
2548 3229 2887 3284 inscribitur.
2927 3230 3176 3300 Cumque
3215 3231 3369 3283 multi
3425 3231 3635 3299 vitupe-

2063 3335 2187 3375 rare
2210 3329 2263 3374 et
2294 3331 2551 3390 tanquam
2580 3321 2895 3376 haereticum
2927 3322 3250 3377 calumniari
3284 3322 3500 3386 vellent,
3536 3338 3635 3376 nos

2064 3426 2163 3479 pro
2192 3408 2373 3476 Patre,
2407 3411 2484 3463 uti
2512 3425 2607 3479 par
2635 3419 2771 3473 erat,
2802 3412 3188 3481 pugnavimus,
3228 3420 3282 3465 et
3322 3427 3506 3467 causa:
3530 3422 3636 3467 tuae

2064 3501 2439 3558 defensionem
2469 3502 2835 3572 suscepimus.
2880 3500 3115 3557 Proinde
3162 3518 3264 3558 nec
3304 3512 3359 3557 tu
3416 3520 3481 3557 ex
3518 3505 3636 3559 solo

2064 3596 2254 3649 auditu
2303 3596 2557 3651 absentes
2612 3596 2871 3649 damnare
2924 3595 3193 3660 debuisti,
3244 3612 3383 3667 quos
3425 3612 3635 3666 nequa-

2066 3704 2228 3757 quam
2261 3697 2316 3742 tu
2345 3689 2460 3758 ipse
2492 3690 2656 3744 certis
2689 3688 3026 3759 argumentis
3073 3689 3330 3744 inductus
3380 3692 3633 3745 convice-

2064 3796 2177 3844 ras,
2206 3796 2307 3835 nec
2328 3782 2593 3847 ejusmodi
2617 3783 2847 3852 gratiam
2875 3782 3079 3838 referre
3099 3782 3477 3837 laudatoribus
3500 3784 3629 3840 tuis.

2068 3871 2313 3927 Postlnec
2337 3872 2677 3943 Epiphanius
2706 3875 2883 3931 lenius
2909 3892 3033 3932 eum
3066 3880 3353 3943 allocutus,
3381 3890 3495 3934 tum
3518 3880 3613 3949 qui

2066 3965 2187 4019 dem
2220 3966 2288 4019 ab
2327 3981 2386 4020 se
2414 3966 2646 4030 dimisit,
2679 3967 2829 4022 brevi
2862 3979 3045 4023 autem
3077 3970 3361 4040 interjecto
3388 3982 3630 4042 tempore

2067 4057 2305 4129 Cyprum
2347 4060 2643 4129 navigavit,
2687 4075 2783 4115 seu
2836 4062 2978 4131 quod
3022 4060 3638 4133 Constantinopolitanm

2068 4150 2422 4220 profectionis
2456 4152 2632 4220 ipsum
2662 4153 2971 4222 paeniteret,
3015 4169 3109 4209 seu
3142 4156 3289 4223 quod
3337 4154 3479 4211 Deus
3511 4171 3639 4211 ora-

2070 4242 2193 4295 cqu
2220 4242 2393 4311 ipsum
2421 4245 2819 4307 admonuisset,
2862 4256 3204 4314 mortemque
3233 4247 3336 4316 ipsi
3370 4263 3524 4302 suam
3559 4250 3639 4318 (ut

2070 4333 2369 4387 verisimile
2386 4334 2488 4404 est)
2512 4336 2955 4404 pramuntiasset.
2985 4338 3253 4392 Caeterum
3289 4355 3413 4394 cum
3442 4357 3639 4395 navem

396 4422 564 4477 sociis
594 4423 913 4491 expulisset.
949 4420 1054 4477 Sed
1090 4438 1215 4477 cum
1250 4424 1340 4477 ille
1376 4434 1499 4479 ante
1544 4440 1725 4479 causas
1771 4426 1961 4494 cogni-
1994 4430 2043 4488 D
2069 4442 2471 4481 conscensurus
2502 4437 2664 4493 esset,
2696 4429 2990 4499 episcopis,
3021 4433 3115 4500 qui
3150 4431 3324 4500 ipsum
3368 4434 3435 4487 ad
3488 4434 3639 4490 littus

395 4516 599 4567 tionem
633 4514 747 4568 haec
780 4512 959 4571 facere
994 4514 1414 4583 haudquaquam
1470 4513 1677 4582 justum
1711 4530 1831 4570 esse
1876 4516 1958 4570 di-

394 4618 543 4659 ceret
573 4613 628 4659 et
651 4605 1177 4675 procrastinaretur,
1217 4605 1303 4658 die
1341 4622 1451 4674 quo
1499 4606 1721 4660 collecta
1759 4606 1965 4676 agenda

393 4707 513 4752 erat
546 4698 598 4751 in
633 4697 867 4751 ecclesia
901 4698 1306 4765 Apostolorum,
1339 4707 1703 4765 procurarunt
1736 4695 1965 4751 Joannis

395 4787 604 4842 inimici
636 4796 696 4841 ut
719 4786 1058 4857 Epiphanius
1100 4788 1152 4839 in
1192 4788 1479 4841 ecclesiam
1520 4788 1752 4853 veniret,
1782 4795 1835 4841 et
1870 4803 1968 4856 pu-

393 4881 537 4935 blice
570 4895 753 4934 coram
783 4881 981 4948 populo
1016 4892 1128 4933 tum
1156 4877 1409 4949 Origenis
1440 4880 1630 4945 libros,
1672 4888 1784 4933 tum
1840 4881 1935 4933 Dio
1958 4914 1965 4917 Α

396 4987 615 5025 scorum
653 4981 705 5024 et
734 4985 828 5023 eos
878 4970 969 5038 qui
1016 4986 1137 5024 cum
1174 4970 1267 5023 illo
1320 4979 1495 5033 erant,
1532 4978 1789 5037 tanquam
1826 4970 1966 5024 idem

397 5062 695 5114 sentientes
720 5075 843 5114 cum
863 5059 1114 5128 Origene,
1149 5060 1497 5113 anathemate
1521 5059 1841 5125 damnaret;
1874 5077 1967 5115 ea-

395 5151 632 5217 demque
676 5165 839 5217 opera
882 5148 1199 5218 episcopum
1251 5151 1402 5206 urbis
1450 5152 1859 5221 pcrstringeret,
1909 5162 1969 5205 ut

396 5244 490 5312 qui
524 5244 630 5296 illis
663 5243 910 5297 addictus
933 5252 1106 5306 esset;
1145 5242 1531 5296 existimabant
1579 5244 1723 5296 enim
1765 5259 1823 5297 se
1864 5244 1965 5298 hac

396 5336 610 5388 ratione
638 5334 845 5403 plebem
874 5335 940 5387 ah
970 5334 1063 5388 illo
1091 5350 1213 5389 esse
1257 5334 1607 5388 alienatur-os.

470 5424 557 5478 58.
611 5443 630 5476 ι
672 5424 896 5479 Postero
948 5426 1114 5494 igitur
1156 5425 1264 5491 die,
1312 5440 1434 5479 cum
1484 5427 1549 5479 ad
1580 5426 1651 5479 .id
1696 5427 1967 5496 agendum

396 5532 719 5584 progressus
750 5516 1087 5584 Epiphanius
1107 5515 1230 5584 .jam
1276 5516 1519 5570 ecclesia:
1567 5518 1969 5587 appropinqua-

398 5620 501 5673 ret,
534 5611 750 5664 obviam
782 5609 830 5661 ei
859 5609 1101 5662 occurrit
1138 5608 1384 5677 Serapio,
1418 5610 1623 5664 missus
1679 5627 1708 5663 a
1758 5610 1970 5666 Joanne

398 5700 779 5769 (praesenserat
818 5700 963 5752 enim
990 5699 1228 5753 Joannes
1260 5717 1322 5753 ea
1357 5716 1478 5771 qua:
1528 5704 1701 5770 pridie
1751 5705 1968 5761 fuerant
2012 5692 2025 5705 ’ἰ

636 5796 905 5852 Pnuot.
953 5794 1070 5852 Ca.
1120 5794 1277 5856 XLI.

2069 4528 2245 4584 usque
2296 4517 2572 4586 prosecuti
2631 4517 2870 4583 fuerant,
2924 4520 3132 4574 dixisse
3188 4522 3403 4576 fertur:
3437 4521 3637 4580 Urbem

2067 4609 2221 4663 vobis
2248 4622 2303 4664 et
2332 4610 2594 4677 palatium
2641 4620 2694 4664 et
2747 4626 2966 4664 scenam
3024 4611 3310 4681 relinquo;
3359 4630 3463 4685 ego
3510 4630 3638 4670 vero

2069 4702 2300 4755 abscedo
2326 4719 2338 4755 :
2364 4700 2562 4777 festino
2586 4703 2754 4767 enim,
2778 4711 2831 4755 et
2856 4702 3074 4771 quidem
3108 4705 3284 4759 valde.

2138 4795 2227 4847 40.
2280 4814 2299 4844 ι
2354 4795 2515 4849 Aliud
2587 4804 2845 4862 praeterea
2897 4796 3176 4866 quidpiam
3236 4798 3439 4863 audivi,
3494 4801 3639 4869 quod

2070 4889 2363 4941 multorum
2436 4889 2782 4942 sermonibus
2855 4888 3156 4944 etiamnum
3232 4891 3638 4958 circumfertur,

2068 4978 2332 5033 Joannem
2374 4979 2594 5050 quidem
2648 4980 2950 5049 Epiphanio
3004 4983 3321 5052 praedixisse
3380 4982 3531 5037 illum
3585 4985 3639 5039 in

2070 5072 2415 5142 navigatione
2455 5088 2578 5127 esse
2638 5075 2988 5139 moriturum,
3040 5075 3407 5144 Epiphanium
3459 5086 3639 5128 autem

2070 5164 2463 5232 praenuntiasse
2490 5163 2685 5217 Joanni
2704 5165 3098 5219 abdicationem
3116 5166 3477 5234 episcopatus.
3504 5165 3641 5220 Nam

2070 5254 2197 5308 dum
2267 5255 2409 5307 inter
2466 5270 2526 5309 se
2600 5256 2964 5321 dissiderent,
3029 5256 3364 5326 Epiphanius
3416 5258 3639 5326 quidem

2069 5344 2262 5397 Joanni
2302 5346 2586 5412 scripsisse
2613 5346 3036 5417 dicitur:Spero
3073 5357 3122 5401 te
3152 5364 3494 5416 nequaquam
3528 5349 3641 5416 epi-

2072 5451 2293 5504 scopum
2346 5436 2695 5489 moriturum.
2737 5436 2974 5490 J0annes
3015 5452 3143 5490 vero
3192 5438 3469 5505 rescripsit
3510 5436 3640 5506 Epi-

2071 5524 2302 5593 phanio:
2334 5522 2441 5578 Nec
2466 5540 2565 5594 ego
2599 5540 2759 5594 spero
2787 5534 2837 5579 te
2858 5526 2912 5579 in
2948 5526 3134 5580 urbem
3165 5536 3309 5580 tuam
3335 5528 3639 5582 rediturum

2072 5632 2211 5670 esse.
2239 5635 2257 5667 ι
2281 5615 2403 5669 Ηίηο
2436 5615 2795 5682 Sozomenus,
2834 5616 3135 5672 Historiam
3164 5635 3319 5672 suam
3345 5620 3503 5676 annis
3531 5623 3640 5674 circ

2073 5710 2206 5763 citcr
2241 5708 2456 5778 triginta
2504 5717 2623 5776 post
2664 5707 2950 5778 Epiphanii
3002 5712 3209 5766 obitum
3250 5713 3524 5780 scribens;
3550 5714 3638 5768 cui

3277 5806 3315 5865 5
