4088 6362
418 260 520 315 159

418 484 538 538 cap.
567 469 668 535 M;
699 472 844 540 paris
875 473 1031 541 plane
1055 491 1176 528 cum
1199 476 1505 534 Sozomeno
1535 483 1707 536 wtatis
1733 486 1990 553 scriptor,

419 569 473 614 et
499 575 563 614 ex
588 578 695 629 quo
712 579 865 616 suam
896 564 1004 620 fere
1027 566 1318 622 Historiam
1345 581 1626 626 mutuatus
1655 573 1991 631 Sozomenus

418 649 676 706 creditur.
709 651 1012 711 Sozomeno
1049 667 1226 713 tamen
1266 661 1522 717 libentius
1559 681 1690 718 usus
1721 667 1810 719 hic
1846 683 1988 730 sum,

418 757 528 796 non
565 745 690 813 quia
721 744 1077 804 Salaminium
1109 767 1232 806 eum
1267 754 1438 809 fuisse
1477 758 1662 820 credo,
1700 759 1842 814 sicut
1871 761 1992 829 opi-

419 843 582 888 natur
607 833 947 908 Nicephorus
982 842 1187 912 aliique
1229 854 1352 914 post
1394 862 1552 915 eum;
1599 865 1720 902 cum
1751 853 1863 920 ipse
1894 854 1986 907 lih.

419 940 474 988 v,
502 940 622 995 cap.
657 930 744 993 15,
791 931 935 985 haud
985 933 1215 989 obscure
1259 936 1460 990 indicet
1506 955 1563 994 se
1597 939 1988 1007 Palaestininm,

419 1030 485 1069 ex
519 1019 638 1073 vico
662 1023 896 1090 quod-am
928 1023 1082 1093 juxta
1117 1027 1317 1080 Gazam
1346 1031 1432 1082 cui
1475 1047 1670 1084 nomen
1713 1031 1987 1100 Bcthelia;

419 1109 512 1163 sed
549 1111 674 1180 quia
701 1114 812 1181 jam
845 1116 967 1169 inde
1005 1117 1073 1171 ab
1099 1118 1462 1174 adolescentia
1497 1121 1837 1179 familiariter
1865 1143 1991 1181 cum

421 1205 708 1260 monachis
736 1207 805 1260 ibi
837 1208 1162 1275 celebribus,
1208 1211 1500 1270 Hilarionis
1529 1216 1809 1287 discipulis
1844 1220 1992 1275 suis-

419 1310 526 1364 quc
565 1305 624 1351 ut
647 1298 861 1352 videtur
892 1305 1332 1373 consanguineis,
1372 1318 1648 1374 versatus;
1704 1311 1992 1366 Salamane

419 1387 648 1454 scilicet,
676 1405 799 1444 cum
847 1407 954 1461 quo
981 1409 1272 1450 commune
1299 1412 1496 1453 nomen
1529 1401 1716 1455 habuit
1748 1403 1987 1473 (diceba-

421 1487 512 1532 tur
535 1481 701 1545 enim,
741 1483 815 1536 uti
851 1483 1080 1540 l’hotius
1116 1497 1287 1552 notat,
1322 1509 1350 1541 -‹
1393 1489 1709 1548 Salamanet
1746 1496 1991 1553 llermias

421 1569 778 1638 Sozomenus,
820 1597 838 1628 ι
885 1579 1027 1646 quod
1065 1581 1203 1636 alios
1248 1582 1480 1652 decepit,
1526 1595 1585 1640 ut
1631 1587 1989 1646 Salaminium

417 1664 720 1735 crederent)
753 1667 978 1738 ejusque
1019 1669 1281 1727 fratribus
1313 1673 1582 1743 Fuscone,
1613 1677 1900 1737 Machione
1937 1690 1991 1737 et

417 1757 720 1826 Crispione,
756 1776 988 1830 quorum
1014 1776 1320 1835 postremus
1354 1769 1412 1824 S.
1453 1739 1756 1842 Epiphanio
1801 1777 1987 1832 adhae—
2021 1739 2063 1792 Β

417 1864 564 1914 rens,
598 1851 652 1905 in
689 1869 913 1910 munere
945 1859 1318 1916 archidiaconi
1353 1863 1827 1936 Constantinopoli
1865 1880 1990 1926 ante

417 1939 596 2008 ipsum
636 1943 792 2012 obiit,
829 1957 888 2001 ut
915 1965 1080 2020 supra
1125 1953 1386 2008 vidimus.
1436 1956 1663 2013 Accedit
1702 1961 1850 2030 quod
1884 1962 1987 2016 So-

416 2033 551 2087 crati
593 2038 852 2093 nonnulla
893 2041 1055 2096 etiam
1091 2043 1180 2099 hic
1225 2046 1493 2103 addiderit
1535 2049 1898 2120 Sozomenus,
1936 2065 1990 2111 ct

414 2127 726 2184 accuratius
769 2131 951 2201 aliqua
1007 2134 1254 2190 videatur
1310 2139 1566 2196 edidisse.
1616 2141 1862 2201 Notabile
1906 2159 1991 2203 est

415 2224 595 2272 tamen
628 2220 772 2289 quod
805 2223 970 2278 relata
1019 2225 1306 2297 Epiphanii
1348 2239 1401 2285 et
1439 2230 1666 2290 Joannis
1707 2248 1892 2292 mutua
1923 2241 1989 2295 de

417 2325 477 2363 se
525 2311 753 2366 invicem
811 2316 1179 2387 praedictione,
1209 2321 1369 2378 addat
1400 2322 1690 2383 Socrates:
1729 2348 1747 2379 σ
1797 2330 1987 2386 Utrum

412 2417 578 2494 porro
599 2420 725 2459 vera
751 2408 885 2461 mihi
917 2409 1153 2466 dixerint
1180 2415 1273 2484 qui
1312 2416 1415 2471 ista
1461 2430 1776 2487 narrarunt,
1827 2425 1986 2494 equi-

413 2493 534 2545 dem
567 2508 675 2548 non
711 2511 933 2565 possum
964 2499 1265 2570 afﬁrmare;
1314 2508 1528 2578 utrique
1561 2518 1740 2564 tamen
1769 2493 1986 2569 illorum

420 2583 735 2652 hujusmodi
787 2590 967 2672 exitus
999 2595 1242 2665 contigit.
1277 2595 1410 2652 Nam
1438 2615 1611 2671 neque
1652 2602 1988 2674 Epiphanius

411 2690 602 2730 navem
639 2681 844 2749 appulit
864 2681 1128 2754 Cyprum,
1165 2698 1288 2756 post
1319 2690 1622 2748 discessum
1656 2697 1801 2751 enim
1836 2715 1987 2754 mor-

412 2775 537 2821 tuus
571 2779 654 2824 est
689 2771 740 2824 in
771 2775 985 2844 navigio
1016 2796 1028 2830 :
1055 2786 1108 2832 ct
1129 2777 1368 2838 Joannes
1397 2784 1542 2840 haud
1575 2788 1745 2843 multo
1771 2801 1893 2860 post
1916 2807 1984 2846 ex

411 2861 727 2932 episcopatu
758 2866 992 2937 dijectus
1022 2883 1125 2927 est.
1159 2893 1179 2926 ι

481 2951 569 3006 41.
593 2951 778 3009 Potuit
815 2972 946 3013 sane
971 2960 1288 3030 hujusmodi
1318 2967 1498 3022 exitus
1519 2969 1804 3040 utriusque
1829 2987 1984 3027 occa-

1440 268 1496 324 S.
1534 269 1877 327 EPIPHANII
1910 270 2088 326 ACTA
2130 271 2634 326 BOLLANDIANA.

417 378 616 434 similia
652 380 841 434 iisdem
883 381 995 436 fere
1037 386 1210 441 verbis
1267 388 1427 443 habet
1477 390 1729 447 Socrates
1779 395 1871 447 lih.
1913 409 1988 458 vi,
2023 399 2067 452 A

3563 263 3666 318 HO

2170 394 2258 446 49..
2289 393 2357 448 Ut
2385 403 2441 447 ut
2476 394 2564 457 sit,
2601 401 2840 462 apparet,
2889 391 3152 459 optimum
3203 390 3338 443 alias
3378 388 3664 442 sanctissi-

2095 502 2355 553 mumque
2416 501 2636 546 senem,
2686 485 2968 552 deceptum
3027 482 3196 536 fuisse
3249 499 3288 534 ‘a
3337 481 3663 549 Theophilo,

2096 588 2202 632 tam
2234 579 2286 631 in
2321 593 2484 631 causa
2517 593 2704 630 eorum
2749 593 2886 645 quos
2916 575 3152 629 Joannes
3183 574 3449 629 tolerabat
3476 590 3666 628 mona-

2094 671 2344 730 chorum,
2394 686 2556 738 quam
2606 669 2776 737 ipsius
2821 666 3080 731 Joannis;
3118 675 3171 720 et
3213 682 3278 720 ex
3331 664 3666 719 abundantia

2095 759 2192 811 zeli
2228 773 2446 826 passum
2485 771 2608 809 esse
2659 757 2951 808 humanum
3005 753 3232 822 aliquid.
3283 755 3442 822 cujus
3482 755 3664 822 ipsum

2093 852 2202 905 cito
2248 851 2583 919 pmnitnerit,
2642 849 2923 918 magisque
2965 849 3234 916 potuisset
3281 847 3576 916 poenitere,
3617 847 3664 900 si

2093 959 2214 1010 quae
2241 951 2360 1011 post
2389 943 2689 996 discessum
2725 956 2883 994 suum
2922 951 3048 994 sunt
3079 948 3393 1004 consecuta,
3420 940 3662 992 vidisset.

2095 1033 2313 1086 Interim
2347 1031 2449 1084 hoc
2476 1032 2939 1085 machinationum
2991 1046 3213 1084 suarum
3257 1045 3516 1084 successu
3557 1030 3668 1083 cla-

2094 1136 2181 1180 tus
2207 1125 2561 1195 Theophilus,
2618 1125 2938 1193 priusquam
2970 1121 3499 1190 Constantinopolim
3539 1135 3667 1190 pro-

2094 1218 2424 1274 ficisceretur
2448 1219 2513 1272 ad
2544 1218 2831 1288 synodum,
2873 1231 2979 1286 qua
3013 1213 3240 1269 Joannis
3275 1214 3541 1283 depositio
3567 1213 3664 1267 (le-

2093 1320 2240 1365 creta
2272 1317 2378 1375 est,
2421 1310 2495 1364 ita
2530 1311 2597 1363 de
2647 1323 2712 1362 eo
2759 1308 2825 1361 ad
2873 1308 2930 1361 S.
2987 1305 3377 1376 Hieronymum
3425 1305 3662 1374 scripsit,

2097 1423 2116 1455 ι
2152 1401 2490 1472 Origenistas
2520 1403 2574 1456 in
2619 1416 2773 1457 suam
2827 1403 3097 1473 recipiens
3141 1399 3564 1455 familiaritatem
3611 1410 3667 1454 et

2092 1510 2156 1550 ex
2184 1495 2267 1548 his
2298 1495 2564 1564 plurimos
2602 1494 2668 1547 ad
2715 1494 3080 1548 sacerdotium
3127 1493 3452 1562 provehens,
3505 1500 3669 1560 atque

2093 1588 2164 1642 ob
2198 1587 2302 1641 hoc
2341 1587 2520 1641 scelus
2571 1587 2741 1640 beatae
2786 1586 3063 1640 memorize
3103 1585 3377 1638 hominem
3414 1583 3506 1636 Dei
3537 1582 3667 1652 Epi-

2093 1680 2376 1750 phaniam,
2407 1678 2498 1748 qui
2534 1677 2674 1732 inter
2706 1677 2991 1746 episc0pos
3017 1677 3225 1731 clarum
3264 1677 3319 1729 in
3352 1676 3484 1730 orbe
3513 1676 3666 1728 sidus

2091 1771 2314 1835 eﬂulsit,
2356 1771 2500 1824 haud
2548 1785 2716 1838 parvo
2767 1785 3004 1824 maerore
3055 1769 3412 1830 contristans,
3463 1767 3684 1822 meruit'

2092 1864 2282 1918 audire
2317 1881 2328 1915 :
2360 1861 2565 1916 Cecidit
2604 1861 2846 1932 Babylon
2875 1861 3013 1932 (Isa.
3048 1877 3161 1924 χχι,
3189 1860 3266 1930 9).
3310 1880 3329 1912 ι
3372 1860 3546 1926 Quem
3581 1860 3658 1914 lo-

2092 1972 2215 2012 cum
2242 1955 2364 2009 ideo
2389 1954 2476 2008 hic
2496 1953 2790 2008 adductum
2821 1953 2992 2017 volui,
3019 1963 3079 2006 ut
3105 1951 3435 2020 intelligatur
3456 1964 3664 2019 nequa-

2091 2065 2254 2120 quam
2291 2047 2698 2118 ambigendum,
2732 2046 2865 2114 quin
2896 2045 3079 2100 statim
3113 2053 3236 2114 post
3268 2058 3427 2099 suum
3459 2057 3490 2096 a
3517 2040 3665 2095 Con-

2093 2141 2448 2210 stantinopoli
2506 2141 2849 2203 discessum,
2908 2138 2988 2191 uti
3048 2136 3390 2190 Sozomenus
3451 2134 3665 2194 scribit,

2091 2234 2284 2288 obierit
2318 2231 2677 2302 Epiphanius,
2710 2231 2776 2286 de
2811 2245 2920 2299 quo
2970 2237 3027 2282 ut
3071 2229 3183 2297 jam
3222 2237 3441 2281 mortuo
3479 2225 3663 2280 Theo-

2091 2325 2273 2396 philus
2300 2324 2569 2394 loquitur;
2598 2337 2835 2391 cumque
2866 2322 2932 2374 12
2956 2319 3083 2374 Maii
3112 2319 3303 2374 saltem
3329 2318 3401 2373 sit
3421 2317 3536 2372 dies
3567 2317 3662 2372 de-

2092 2417 2376 2487 positionis
2417 2417 2468 2469 in
2504 2415 2704 2487 Cypro,
2753 2428 2930 2483 neque
2971 2412 3062 2466 diu
3112 2421 3272 2466 antea
3321 2411 3527 2465 obiisse
3567 2423 3666 2479 po-

2093 2509 2285 2572 tuerit,
2340 2507 2497 2577 cujus
2552 2507 2741 2569 navis,
2788 2514 2848 2558 ut
2903 2512 3098 2574 pratter
3153 2503 3273 2572 ejus
3328 2502 3660 2556 voluntatem

2091 2599 2409 2671 procederet
2439 2601 2605 2664 lente,
2642 2612 2886 2652 mensem
2907 2605 3088 2651 tamen
3119 2595 3204 2650 vel
3230 2595 3664 2665 sesquimensem

2091 2694 2270 2749 itineri
2297 2694 2387 2747 vix
2421 2694 2599 2763 potuit
2641 2690 3006 2761 impendisse;
3048 2702 3394 2758 consequens
3429 2695 3512 2742 est
3538 2702 3664 2741 eum

2090 2787 2294 2842 obiisse
2323 2801 2510 2840 mense
2545 2784 2737 2840 saltem
2766 2782 2936 2852 Aprili
2970 2781 3098 2836 anni
3127 2780 3252 2845 405,
3290 2778 3492 2833 Maium
3519 2789 3666 2834 certe

2090 2893 2233 2948 aagre
2285 2876 2550 2946 attigisse.
2611 2873 2765 2929 Unde
2819 2873 3010 2927 mirari
3067 2871 3231 2933 subit,
3297 2885 3404 2938 qua
3458 2871 3667 2923 ratione

2089 2969 2288 3024 dixerit
2341 2966 2633 3032 Baronius,
2677 2983 2697 3016 ι
2736 2964 2979 3035 ignorari
3035 2971 3206 3033 quoto
3259 2961 3476 3015 Domini
3521 2977 3666 3015 anno

411 3041 619 3098 sionem
655 3046 871 3104 dedisse
895 3050 1230 3121 hominibus,
1268 3069 1473 3115 mutuae
1518 3063 1658 3117 inter
1707 3064 1828 3120 illos
1873 3067 1985 3123 dis-
2015 3075 2056 3131 (ζ
2091 3061 2305 3116 obierit.
2359 3079 2377 3111 ι
2418 3057 2571 3113 Sicut
2610 3058 2754 3113 enim
2796 3070 2863 3110 ex
2911 3056 3181 3125 Apologiis
3241 3053 3554 3126 Hieronymi
3594 3055 3664 3108 ad

412 3139 686 3196 sensionis
719 3145 978 3210 consciis,
1019 3148 1283 3220 virosque
1327 3164 1546 3210 sanctos
1586 3173 1686 3212 suo
1709 3161 1844 3228 pede
1874 3177 1988 3216 me-

409 3232 691 3300 tientibus,
717 3245 776 3288 ut
797 3237 1205 3295 altercationem
1231 3245 1520 3301 verborum
1550 3251 1766 3321 utrique
1793 3269 1986 3322 parum

411 3323 632 3395 dignam
680 3326 1016 3399 allingerent,
1063 3336 1530 3402 quemadmodum
1573 3342 1833 3411 judicavit
1881 3346 1983 3400 Ba-

411 3417 624 3481 ronius,
653 3426 708 3473 et
743 3430 866 3489 post
897 3437 1021 3477 eum
1057 3423 1296 3482 Socratis
1324 3439 1487 3500 atque
1534 3431 1821 3489 Sozomeni
1864 3439 1986 3492 illu-

412 3515 614 3561 stratur
651 3518 705 3564 et
747 3511 1015 3584 interpres
1042 3518 1370 3576 novissimus
1412 3521 1676 3581 Henricus
1711 3526 1981 3584 Valesius.

413 3596 638 3654 Dubitat
691 3603 856 3658 etiam
903 3605 1191 3676 Baronius,
1245 3627 1442 3669 verene
1493 3615 1850 3686 Epiphanius,
1905 3625 1984 3678 uti

414 3691 603 3745 scribit
643 3693 918 3761 Socrates,
956 3716 974 3750 σ
1020 3698 1155 3754 Cum
1202 3703 1269 3756 ad
1319 3703 1605 3761 Basilicam
1655 3710 1712 3763 S.
1760 3710 1986 3771 Joannis

413 3782 730 3850 appulisset,
778 3802 900 3857 quae
932 3798 1136 3858 septem
1167 3807 1429 3861 passuum
1466 3799 1705 3855 millibus
1745 3803 1814 3857 ab
1855 3804 1986 3860 urbe

413 3874 599 3939 distat,
631 3893 769 3932 nave
819 3896 1092 3948 egressus,
1138 3887 1420 3942 collectam
1472 3890 1546 3943 ibi
1594 3893 1880 3950 celebrarit
1932 3905 1986 3951 et

411 3965 702 4022 diaconum
729 3971 1016 4037 ordinarit,
1050 3975 1368 4047 priusquam
1421 3983 1696 4039 civitatem
1735 3987 1984 4057 ingrede-

413 4070 583 4117 retur.
619 4085 636 4112 ι
673 4062 903 4119 Veretur
933 4082 1172 4136 namque
1205 4086 1271 4124 ne
1299 4073 1576 4140 querelam
1607 4073 1835 4132 Joannis
1868 4077 1985 4132 llic-

409 4154 788 4224 rosolymitani
816 4157 885 4211 de
908 4156 1236 4229 Epiphanio,
1273 4165 1339 4216 ad
1369 4162 1638 4220 Joannem
1672 4167 1983 4223 Constanti-

411 4245 784 4314 n0politanum
816 4264 1099 4318 perperam
1127 4255 1460 4310 transtulerit
1488 4255 1760 4324 Socrates,
1793 4278 1986 4330 quam-

410 4335 494 4390 vis
527 4345 658 4391 tunc
687 4353 810 4391 cum
843 4355 930 4395 res
960 4350 1214 4412 ageretur
1252 4343 1725 4418 Constantinopoli
1775 4353 1981 4407 vivens.

410 4423 595 4494 Neque
615 4427 759 4481 enim
785 4440 1009 4497 apparet
1040 4431 1129 4486 hic
1161 4442 1266 4489 tam
1301 4436 1448 4505 justa
1495 4413 1659 4508 quam
1705 4441 1776 4494 ibi
1815 4457 1986 4497 excu-
2019 4413 2062 4468 θ

411 4519 568 4571 sandi
626 4521 913 4590 Epiphanii
961 4525 1123 4589 ratio,
1167 4542 1292 4581 cum
1345 4528 1588 4586 Ecclesia
1645 4531 1702 4585 S.
1757 4531 1984 4589 Joannis

411 4610 547 4664 citra
580 4616 1006 4669 controversiam
1031 4629 1174 4674 esset
1201 4621 1303 4674 sub
1323 4622 1682 4691 dispositione
1714 4623 1986 4680 Constan-

411 4702 755 4771 tinopolitani
785 4706 1045 4777 episcopi,
1076 4711 1167 4764 ubi
1200 4728 1302 4767 nec
1333 4713 1498 4784 hujus
1547 4716 1757 4785 injussu
1796 4717 1984 4773 licuis-

411 4803 494 4849 set
515 4793 818 4865 Epiphanio
851 4799 1141 4857 Missarum
1175 4806 1460 4872 solemnia,
1509 4810 1708 4864 nedum
1760 4813 1986 4866 ordina-

409 4886 589 4942 tiones
642 4889 971 4946 celebrare:
1022 4894 1089 4949 de
1151 4906 1382 4968 utroque
1437 4909 1615 4955 tamen
1668 4913 1983 4972 querentem

411 4977 863 5049 Chrysostomum
901 4983 1159 5042 Socrates
1189 4989 1429 5056 inducit;
1460 4993 1591 5062 quin
1628 4993 1790 5048 etiam
1822 4996 1888 5050 de
1919 4994 1986 5049 iis

414 5086 538 5138 qua:
566 5070 621 5125 in
660 5073 1050 5143 Apostolorum
1087 5080 1288 5149 templo
1315 5080 1560 5138 facturus
1595 5097 1714 5139 erat
1746 5084 1986 5156 Epipha-

412 5164 562 5229 nius,
599 5163 704 5218 nisi
735 5165 1151 5224 denuntiatione
1195 5170 1427 5230 Joannis
1477 5191 1574 5246 per
1628 5177 1984 5247 Serapionem

416 5253 520 5305 sibi
552 5253 696 5311 facta
738 5256 932 5313 fuisset
967 5261 1314 5328 absterritus,
1347 5266 1413 5322 de
1447 5268 1534 5334 iis,
1591 5268 1836 5340 inquam,
1864 5288 1989 5342 qua:

413 5343 590 5432 solum
652 5351 947 5406 constituta
1011 5353 1143 5408 dicit
1197 5356 1554 5427 Sozomenus,
1617 5372 1874 5432 tanquam
1923 5365 1989 5418 de

416 5431 597 5499 reipsa
626 5433 785 5492 factis
811 5441 993 5498 minus
1016 5445 1401 5502 verosimiliter
1434 5450 1678 5520 loquitur
1709 5431 1983 5518 Socrates,

416 5531 481 5570 ac
507 5528 620 5573 tum
649 5523 868 5580 demum
913 5528 1176 5586 Joannem
1221 5535 1315 5599 ait,
1374 5552 1442 5591 ne
1493 5538 1681 5593 eadem
1723 5540 1989 5608 postridie

420 5609 767 5706 iterarentur,
809 5617 1056 5687 ingresso
1097 5639 1288 5681 rursus
1318 5626 1372 5681 in
1420 5629 1704 5685 ecclesiam
1752 5629 1988 5702 Epipha-

420 5698 515 5751 nio
546 5698 761 5756 misisse
787 5704 1156 5778 Serapionem.

2091 3154 2384 3219 Bullinum,
2417 3152 2638 3222 scriptis
2674 3165 2818 3205 anno
2851 3148 2977 3216 4οΞ,
3009 3157 3156 3202 recte
3184 3147 3375 3217 probat
3397 3162 3522 3200 eum
3553 3161 3661 3199 non

2089 3247 2290 3302 obiisse
2320 3245 2512 3300 eodem
2538 3259 2684 3298 anno
2718 3256 2903 3296 mense
2941 3240 3083 3294 Maio
3109 3258 3123 3305 ;
3169 3240 3242 3294 ita
3272 3255 3338 3293 ex
3366 3240 3478 3309 jam
3502 3239 3662 3293 dictis

2089 3337 2380 3407 colligitur,
2418 3337 2523 3392 isto
2550 3334 2771 3405 quidem
2815 3349 2960 3387 anno
3005 3349 3110 3385 non
3163 3331 3387 3392 ohiisse,
3427 3331 3517 3384 sed
3562 3345 3661 3384 nec

2089 3429 2231 3483 ultra
2266 3430 2472 3498 primos
2499 3428 2616 3482 dies
2651 3425 2775 3480 Maii
2811 3426 2939 3479 anni
2981 3425 3263 3494 sequentis
3307 3424 3474 3477 vitam
3535 3438 3662 3493 pro-

2089 3537 2216 3592 ruga
2225 3537 2334 3576 sse.

2158 3615 2247 3668 45.
2278 3614 2514 3668 Excusat
2549 3613 2690 3666 idem
2727 3609 2995 3664 Baronius
3031 3608 3416 3679 Epiphanium,
3453 3618 3507 3663 et
3547 3623 3661 3664 me-

2087 3707 2196 3762 rito
2224 3715 2468 3769 excusat,
2503 3705 2556 3757 in
2587 3704 2654 3757 iis
2679 3718 2798 3769 quae
2838 3703 2903 3756 de
2936 3703 3228 3756 Ammonio
3261 3710 3315 3756 et
3349 3701 3512 3755 sociis
3541 3715 3662 3754 cre-

2087 3800 2257 3864 didit;
2299 3814 2364 3852 eo
2398 3797 2541 3866 quod
2583 3815 2602 3846 (
2643 3794 2982 3864 Theophilus
3016 3809 3122 3847 non
3173 3795 3400 3862 privatis
3450 3804 3657 3846 tantum

2086 3892 2308 3957 litteris,
2350 3892 2443 3946 sed
2503 3889 2856 3960 synodalibus
2904 3904 2969 3942 ex
3021 3888 3252 3942 concilio
3291 3887 3661 3940 Alexandrino

2088 3983 2339 4050 scriptis,
2403 3981 2624 4035 hmresis
2675 3995 2770 4034 eos
2827 3979 3110 4034 convictos
3156 3986 3318 4046 atque
3375 3977 3663 4031 damnatos

2088 4074 2525 4143 significaverat;
2563 4091 2578 4121 ι
2611 4072 2705 4125 sed
2741 4086 2848 4124 non
2895 4071 3016 4124 ideo
3055 4068 3422 4123 Sozomenum
3469 4083 3663 4138 argue-

2087 4169 2189 4220 rim
2215 4167 2428 4236 injuria:
2473 4165 2738 4218 adversus
2776 4163 3161 4233 Epiphaniam,
3199 4169 3292 4214 aut
3325 4160 3489 4221 nimis
3533 4175 3660 4228 erga

2090 4256 2379 4328 Origenetn
2435 4255 2661 4320 favoris,
2719 4257 2847 4309 dum
2909 4253 3120 4308 inducit
3174 4251 3324 4305 illum
3377 4252 3657 4312 fatentem,

2089 4350 2235 4419 quod
2265 4349 2382 4403 solo
2411 4349 2597 4402 auditu
2635 4349 2698 4400 de
2735 4347 2804 4400 iis
2839 4346 3172 4416 cognoverit.
3204 4343 3338 4397 Nam
3373 4358 3545 4412 neque
3580 4352 3660 4395 te-

2092 4456 2239 4495 mere
2296 4439 2527 4494 credidit
2576 4439 2686 4493 illis
2733 4437 3020 4507 Theophili
3072 4437 3262 4490 litteris
3301 4434 3656 4503 Epiphanius,

2090 4539 2275 4600 utpote
2306 4549 2323 4580 (
2367 4545 2489 4598 qua)
2523 4529 2795 4584 scirentur
2830 4531 2882 4581 in
2933 4527 3122 4581 orbem
3168 4526 3455 4595 divulgatze
3499 4534 3661 4594 atque

2088 4632 2318 4691 receptae
2358 4623 2426 4675 ab
2460 4622 2752 4675 Anastasio
2795 4619 3038 4672 Romano
3075 4617 3330 4688 pontilice
3369 4637 3381 4671 :
3426 4637 3443 4668 ι
3485 4633 3661 4686 neque

2089 4723 2269 4767 tamen
2300 4713 2364 4766 ad
2403 4714 2760 4782 quaestionem
2795 4711 3068 4766 Ammonii
3109 4712 3268 4764 aliter
3298 4711 3529 4764 debebat
3571 4726 3660 4764 re-

2090 4805 2379 4874 spondere,
2410 4807 2503 4875 qui
2533 4808 2651 4874 ejus
2682 4821 2744 4859 ac
2771 4805 3046 4859 sociorum
3085 4819 3303 4858 causam
3329 4820 3425 4874 per
3465 4820 3524 4860 se
3550 4821 3660 4859 non

2089 4906 2455 4966 cognoverat;
2486 4906 2538 4950 et
2563 4896 2791 4950 audiens
2827 4905 3032 4965 quanto
3061 4894 3137 4948 illi
3171 4909 3297 4964 erga
3333 4909 3392 4949 se
3421 4894 3661 4965 egissent

2089 4989 2560 5058 circumspectius,
2595 5004 2701 5042 non
2733 4996 2944 5058 poterat
2977 5003 3087 5042 non
3130 4987 3314 5057 aliquo
3351 4987 3661 5042 humanita-

2089 5083 2159 5136 tis
2192 5096 2355 5135 sensu
2391 5081 2744 5135 commoveri.
2779 5079 2936 5146 Quod
2963 5096 3094 5135 vero
3117 5081 3264 5134 dicat
3309 5080 3658 5146 Ammonius,

2090 5181 2323 5226 tutatum
2381 5187 2439 5226 se
2494 5171 2694 5224 famam
2747 5169 3034 5240 Epiphanii
3091 5171 3355 5226 adversus
3409 5185 3505 5225 eos
3566 5170 3661 5239 qui

2091 5265 2244 5317 illum
2277 5263 2549 5317 haereseos
2587 5263 3000 5326 insimulabant,
3040 5262 3325 5318 sciendum
3355 5270 3440 5316 est
3470 5261 3523 5315 in
3554 5262 3658 5325 his,

2093 5353 2400 5410 Sommeno
2434 5362 2570 5408 teste
2597 5354 2693 5407 lib.
2725 5369 2842 5412 vni,
2879 5368 3000 5424 cap.
3033 5353 3121 5420 14,
3172 5353 3341 5408 fuisse
3371 5353 3662 5423 ipsummet

2093 5447 2479 5516 Theophilum,
2537 5447 2777 5500 nondum
2832 5446 3109 5500 Ammonii
3151 5453 3207 5499 et
3256 5443 3485 5499 fratrum
3541 5443 3662 5513 ejus

2093 5539 2406 5605 inimicum;
2468 5540 2562 5608 qui
2624 5559 2642 5588 σ
2691 5549 2848 5592 antea
2897 5537 3257 5608 Epiphaniqu
3315 5536 3664 5606 reprehendit

2093 5632 2249 5704 quasi
2289 5630 2457 5685 Deum
2498 5633 2733 5686 humana
2760 5632 2940 5701 specie
2975 5633 3258 5701 prmditum
3302 5631 3665 5697 opinaretur;

2099 5735 2284 5789 postea
2312 5739 2462 5790 vero,
2500 5724 2656 5790 missi
2697 5724 3024 5790 resipiscens
3064 5720 3507 5788 veramltandem
3538 5733 3664 5774 sen—

3087 5905 3096 5931 l
