4088 6362
352 283 449 336 ιιι

1385 280 1444 337 S.
1489 281 1835 338 EPIPHANII
1868 284 2052 340 ACTA
2082 285 2583 342 BOLLANDIANA.

3502 286 3607 343 142

354 405 581 459 tentiam
615 405 736 473 ejus
766 419 889 459 esse
912 403 1247 472 agnovisset,
1285 401 1427 457 idem
1458 417 1516 457 se
1540 418 1665 457 cum
1700 404 1789 457 illo
1816 420 1928 458 sen-
1962 415 2005 466 Α
2034 406 2147 461 tine
2197 406 2342 460 edita
2393 406 2696 460 habebatur
2755 404 2808 458 in
2872 404 2914 458 ll
2974 413 3121 460 tomo
3160 404 3397 474 Operam
3446 404 3603 473 ejus,

352 499 457 550 tire
489 497 731 566 scripsit,
754 506 808 550 et
828 496 1079 565 Origenis
1108 496 1276 548 libros
1301 494 1621 548 calumniari
1652 495 1872 559 institit,
1906 515 1926 547 ι

353 590 541 658 inquo
574 590 942 659 reprobando,
974 589 1021 642 si
1062 588 1288 641 haberet
1333 587 1642 656 adjutorem
1697 588 1933 656 Epipha-

355 680 528 743 nium,
567 681 777 735 facilem
835 682 939 735 sibi
998 680 1303 749 spondebat
1357 680 1425 733 de
1483 680 1769 734 monachis
1826 681 1932 735 illis

354 772 662 836 victoriam,
698 773 789 841 qui
828 772 957 825 dum
1010 771 1121 825 Deo
1174 771 1494 840 incorporeo
1543 773 1795 841 corporis
1837 776 1933 826 hu-

356 865 502 917 mani
565 863 797 917 formam
862 880 969 918 non
1021 880 1143 919 esse
1181 863 1548 918 defendebant
1603 865 1933 919 auctoritate

354 956 629 1027 Origenis,
689 958 792 1011 sub
842 957 1047 1012 invidia
1102 958 1266 1026 hujus
1318 957 1555 1012 nominis
1611 958 1933 1011 videbantur

356 1065 520 1118 posse
546 1051 805 1118 opprimi.
839 1049 1002 1115 Quod
1035 1065 1163 1104 cum
1202 1064 1363 1118 agere
1394 1048 1759 1119 Theophilum
1789 1049 1935 1103 vide-

356 1149 437 1193 ret
468 1140 914 1211 Chrysostomus,
946 1140 1249 1195 monachos
1276 1140 1398 1194 illos
1425 1153 1532 1193 non
1560 1140 1667 1194 nisi
1700 1150 1846 1195 recta
1869 1141 1934 1193 de

358 1232 469 1288 Deo
510 1243 738 1289 eatenus
788 1235 989 1288 sentire
1021 1233 1388 1301 comperiens,
1436 1234 1748 1287 merebatur
1780 1244 1934 1287 extra

356 1322 573 1391 culpam
605 1322 793 1376 haberi
830 1323 883 1376 in
923 1337 990 1376 eo
1031 1339 1197 1391 quem
1227 1322 1363 1392 ipsis
1398 1324 1692 1392 praestabat
1726 1322 1930 1377 favore.

355 1411 624 1467 (laterum
658 1414 739 1468 uti
788 1413 1148 1483 Epiphaniam
1182 1415 1248 1468 de
1289 1415 1934 1485 Anthropomorphoseos

358 1504 551 1558 haeresi
606 1513 921 1574 suSpectum
972 1504 1307 1573 Theophilus
1373 1505 1648 1559 immerito
1704 1504 1931 1569 habuit,

361 1613 381 1645 ι
418 1596 736 1651 haereticum
785 1607 840 1651 et
883 1598 1200 1653 schismatis
1243 1607 1526 1652 auctorem
1560 1616 1579 1649 ι
1611 1598 1665 1651 in
1704 1598 1932 1669 epistola

356 1688 590 1755 quadam
620 1688 791 1757 priori
822 1706 1052 1756 vocans,
1090 1691 1166 1745 uti
1192 1690 1381 1745 scribit
1414 1687 1693 1744 Palladius
1726 1690 1779 1742 in
1810 1688 1936 1743 Dia-

356 1777 483 1846 logo
521 1778 587 1832 de
614 1778 671 1832 S.
704 1777 914 1835 Joanne
952 1782 1387 1852 Chrysostomo;
1421 1780 1502 1835 sic
1537 1780 1734 1836 merito
1758 1782 1934 1849 potuit
1964 1768 2007 1821 Β

354 1886 483 1925 eum
521 1873 666 1942 apud
707 1888 764 1927 se
796 1883 1120 1929 excusatum
1158 1875 1560 1944 probatumque
1601 1872 1933 1943 signiﬁcare,

358 1977 468 2015 non
516 1973 582 2025 ut
628 1963 1248 2035 Anthropomorphitam
1297 1966 1480 2035 (quod
1531 1980 1717 2019 revera
1768 1964 1935 2019 etiam

357 2049 697 2123 Theophilus
730 2072 837 2110 non
872 2056 1018 2126 fuit),
1064 2058 1159 2112 sed
1193 2066 1249 2111 ut
1298 2058 1584 2112 commode
1620 2056 1733 2126 jam
1772 2057 1936 2111 intel-

357 2143 582 2212 lectum,
618 2160 780 2217 prout
803 2149 1027 2219 intelligi
1060 2165 1221 2220 posse
1243 2150 1407 2205 etiam
1437 2150 1764 2205 Ammonius
1788 2166 1935 2204 com-

356 2236 637 2305 probarat.

432 2329 521 2383 44.
558 2329 727 2386 Multa
752 2341 882 2388 sunt
910 2333 1014 2387 alia
1050 2332 1192 2388 haud
1216 2334 1398 2404 magni
1427 2334 1853 2403 momenti,qua2
1882 2334 1935 2387 in

358 2420 653 2476 Sozomeni
680 2424 748 2477 de
798 2423 1103 2494 Epiphanio
1149 2427 1463 2479 narratione
1506 2426 1724 2495 sugillat
1769 2425 1937 2479 Baro—

354 2512 505 2577 nius,
539 2513 739 2582 quibus
780 2530 892 2569 non
938 2525 1022 2571 est
1072 2531 1250 2585 operte
1304 2517 1535 2586 pretium
1604 2517 1883 2570 immorari
1920 2534 1931 2569 :

354 2618 529 2657 unum
553 2613 731 2660 tamen
768 2623 876 2660 non
909 2608 1377 2677 praetermiserim,
1410 2608 1557 2677 quod
1588 2610 1780 2662 attinet
1812 2622 1939 2662 con-

355 2696 659 2751 tentionem
696 2699 981 2768 Epiphanii
1028 2717 1154 2754 cum
1205 2701 1571 2770 imperau‘ice,
1614 2702 1773 2771 quasi
1815 2701 1937 2754 Ιυιι-

355 2793 587 2863 gissime
612 2813 632 2845 ι
671 2796 887 2850 aberret
925 2811 955 2849 a
993 2812 1143 2862 vero,
1192 2807 1250 2851 ut
1308 2796 1576 2859 Eudoxia,
1628 2795 1937 2865 pet-infensa

354 2882 775 2953 Cbrysostomo,
825 2886 1021 2940 faverit
1067 2888 1354 2942 monachis
1410 2888 1553 2951 illis,
1608 2900 1660 2941 ct
1712 2886 1939 2955 Epipha-

357 2975 513 3029 nium
548 2975 713 3031 fuerit
746 2989 1013 3044 aversata,
1056 2998 1074 3030 ι
1113 2996 1210 3034 eos
1243 2979 1492 3033 damnari
1528 2978 1608 3033 sic
1652 2979 1939 3047 postulan-

2033 502 2195 551 etiam
2223 497 2411 550 multis
2446 498 2499 549 in
2525 498 2660 551 locis
2691 512 2721 551 a
2766 512 2823 551 se
2868 496 3198 565 recognitam
3255 494 3386 550 dare
3430 495 3607 549 voluit

2038 588 2325 659 Dionysius
2358 588 2633 651 Petavius,
2672 608 2691 640 ‹
2730 603 2795 640 ne
2820 587 2970 656 quid,
3007 587 3154 657 quod
3189 583 3474 655 Epiphanii
3500 601 3604 639 no-

2035 682 2181 735 mine
2214 690 2491 750 utcunque
2517 690 2599 733 est
2639 680 2982 750 inscriptum,
3017 677 3353 732 desideraret
3374 678 3599 731 lector.»

2036 773 2361 843 Quanquam
2394 774 2537 828 enim
2581 773 2696 843 ipse
2750 785 2970 841 quoque
3001 769 3300 838 judicaret,
3348 769 3495 837 quod
3540 784 3605 821 ea

2041 886 2060 919 ι
2104 868 2157 920 in
2186 868 2460 936 plerisque
2497 866 2692 920 fabula:
2724 874 2807 919 est
2841 878 3006 933 quam
3060 861 3303 916 historia:
3353 861 3603 930 propior,

2032 958 2356 1028 jamdudum
2415 959 2468 1013 in
2531 959 2825 1011 Annalibus
2884 954 3151 1009 Baronius
3200 953 3519 1017 admonuit,
3581 971 3599 1004 ι

2036 1051 2292 1120 sperabat
2325 1059 2503 1103 tamen
2539 1067 2557 1099 ‹
2584 1047 2698 1102 fore
2724 1068 2741 1097 ι
2776 1056 2833 1101 ut
2867 1064 2886 1096 ‹
2921 1047 2973 1100 in
2998 1046 3261 1101 lutulenta
3290 1045 3380 1098 illa
3413 1059 3608 1098 narra-

2036 1144 2186 1198 tione
2219 1162 2239 1195 i
2273 1152 2418 1197 esset
2444 1160 2463 1194 ι
2508 1141 2759 1195 fortassis
2793 1138 2937 1209 quod
2999 1139 3185 1193 tollere
3222 1137 3400 1207 possis
3434 1155 3448 1191 :
3482 1152 3606 1190 nam

2042 1254 2061 1288 ι
2098 1234 2324 1303 alioqui,
2365 1254 2383 1285 ι
2418 1234 2617 1303 inquit,
2648 1252 2671 1283 ‹
2705 1232 2871 1285 multa
2894 1231 3295 1299 eontinet,qua3
3323 1243 3449 1284 cum
3481 1243 3609 1281 vera

2038 1335 2369 1397 receptaque
2397 1327 2465 1380 ab
2497 1326 2755 1381 omnibus
2794 1325 3022 1379 historia
3056 1332 3422 1378 consentanea
3458 1330 3608 1386 sunt,

2038 1424 2133 1476 sed
2172 1422 2361 1475 eadem
2396 1420 2630 1473 admista
2667 1418 2819 1473 falsis
2848 1434 2863 1471 :
2896 1418 2950 1471 in
2980 1417 3181 1486 quibus
3207 1415 3607 1477 discernendis,

2038 1513 2084 1568 si
2110 1512 2247 1567 nihil
2276 1512 2447 1575 aliud,
2481 1523 2653 1575 tuum,
2684 1511 2856 1566 lector
2888 1509 3309 1573 humanissime,
3336 1508 3608 1577 judicium

2038 1620 2103 1660 ac
2163 1606 2385 1677 κριτικὴ
2446 1604 2546 1674 τῆς
2610 1604 2849 1673 ἱστορίας
2906 1600 3131 1671 δύναμις
3182 1599 3426 1655 exerceri
3479 1615 3610 1669 pos-

2039 1697 2130 1752 sit.
2170 1714 2189 1747 »
2230 1696 2361 1761 Quae
2407 1704 2462 1748 et
2503 1708 2773 1763 quatenus
2821 1709 2947 1747 vera
2987 1694 3134 1747 credi
3182 1693 3435 1754 debeant,
3474 1691 3610 1745 satis

2034 1805 2103 1844 ex
2132 1790 2402 1858 capitibus
2434 1787 2869 1857 praecedentibus
2892 1786 3065 1840 lector
3084 1784 3363 1853 intelliget
3395 1802 3408 1835 :
3440 1798 3606 1852 quam

2035 1883 2204 1938 multa
2238 1883 2349 1937 sint
2386 1879 2671 1935 manifeste
2708 1879 2866 1945 falsa,
2901 1894 3049 1932 nunc
3088 1876 3376 1947 aggrediar
3428 1873 3607 1943 expli-

2035 1990 2179 2030 care.
2213 1974 2325 2029 Hoc
2349 1985 2528 2029 autem
2560 1973 2721 2036 facto,
2752 1972 3051 2042 apparebit,
3085 1979 3282 2025 etetera
3315 1970 3456 2023 inter
3490 1969 3611 2023 haec

2035 2070 2213 2124 media
2239 2069 2511 2138 ejusmodi
2541 2084 2683 2131 esse,
2713 2076 2771 2121 ut
2798 2067 2924 2121 licet
2955 2080 3051 2134 per
3086 2064 3267 2133 seipsa
3294 2063 3454 2117 fidem
3496 2077 3605 2115 non

2035 2160 2353 2225 excludant,
2396 2174 2518 2213 eam
2566 2166 2747 2212 tamen
2800 2155 3039 2225 prudens
3082 2168 3245 2208 nemo
3301 2151 3419 2206 dari
3475 2150 3610 2219 ipsis

2038 2253 2229 2323 possit,
2264 2251 2508 2321 quandiu
2536 2265 2644 2304 non
2668 2250 2834 2304 alium
2862 2255 3140 2302 auctorem
3170 2245 3421 2299 sciuntur
3440 2242 3611 2296 habe-

2037 2360 2095 2399 re
2128 2359 2157 2397 a
2192 2340 2618 2397 mendacissimo
2661 2340 2821 2395 istius
2859 2338 2993 2392 Vita:
3048 2335 3422 2405 compilatore.
3454 2331 3613 2386 Hunc

2038 2442 2094 2486 tu
2126 2447 2255 2487 cave
2294 2447 2361 2486 ne
2391 2430 2812 2500 Metaphrastem
2843 2443 2965 2482 esse
2995 2441 3062 2481 ex
3084 2425 3229 2495 vulgi
3270 2438 3459 2479 errore
3494 2437 3611 2477 ere-

2037 2523 2158 2587 das,
2211 2538 2336 2577 cum
2388 2522 2560 2592 stylus
2623 2520 2827 2591 passim
2878 2517 3132 2574 concisus
3171 2531 3202 2571 a
3249 2515 3392 2586 stylo
3441 2512 3614 2568 Meta-

2036 2614 2278 2685 phrastis
2308 2614 2585 2683 periodico
2622 2622 2674 2667 et
2704 2612 2871 2666 fluido
2903 2609 3317 2665 diversissimus
3341 2606 3433 2661 sit.
3466 2604 3615 2659 Prte-

2039 2704 2142 2760 fert
2187 2704 2278 2757 illa
2340 2701 2464 2756 Vita
2526 2702 2761 2756 duorum
2825 2701 3220 2769 discipulorum
3287 2697 3515 2751 Joannis
3560 2704 3617 2750 et

2038 2794 2269 2866 Polybii,
2305 2802 2365 2848 ut
2388 2793 2521 2856 dixi,
2554 2793 2776 2846 nomina
2810 2810 2823 2845 :
2862 2790 2955 2861 qui
2980 2799 3035 2846 et
3074 2789 3130 2844 in
3167 2790 3340 2857 prima
3382 2802 3614 2858 persona

2040 2886 2243 2955 ubique
2274 2885 2595 2953 loquuntur,
2638 2883 2765 2937 licet
2804 2897 2946 2936 unus
2982 2880 3235 2949 idemque
3269 2880 3339 2933 sit
3390 2894 3420 2932 a
3466 2879 3614 2947 prin-

2041 2978 2186 3048 eipio
2208 2992 2383 3046 usque
2411 2976 2477 3029 ad
2511 2976 2673 3029 finem
2709 2974 2904 3045 stylus,
2933 2973 3158 3043 proinde
3182 2988 3287 3025 non
3315 2970 3420 3024 nisi
3447 2983 3615 3023 unum

358 3076 492 3121 tem.
530 3064 666 3122 Nam
695 3078 749 3123 et
775 3070 850 3123 illi
879 3070 1087 3140 absque
1113 3068 1324 3125 Joanne
1357 3078 1649 3139 potuerunt
1682 3086 1804 3123 sese
1829 3070 1930 3121 im-
1970 3104 2011 3162 α
2047 3080 2325 3124 auctorem
2360 3068 2587 3131 referat;
2626 3082 2733 3120 non
2776 3075 2954 3119 tamen
2978 3065 3203 3119 omnino
3233 3062 3611 3131 rejiciendum,

358 3160 595 3216 mediate
620 3162 673 3215 in
705 3162 824 3231 ejus
854 3164 1083 3231 gratiam
1129 3164 1457 3225 insinuasse,
1489 3172 1543 3216 et
1586 3174 1709 3232 post
1737 3165 1939 3233 primas

359 3252 435 3306 ob
467 3267 657 3321 agrum
686 3254 862 3307 viduae
891 3254 1131 3306 ablatum
1186 3254 1353 3318 rixas,
1398 3269 1570 3324 usque
1608 3251 1746 3308 adeo
1802 3270 1943 3308 rese-

358 3345 517 3398 derat
542 3344 909 3413 imperatricis
956 3344 1274 3413 indignatio,
1326 3355 1383 3400 ut
1426 3346 1478 3398 in
1538 3348 1767 3415 gratiam
1816 3363 1939 3400 cuni

360 3436 573 3491 Joanne
599 3437 794 3491 debeat
823 3439 1051 3492 rediisse
1086 3439 1332 3505 censi-ri,
1371 3440 1572 3507 quippe
1623 3456 1745 3507 quae.
1796 3440 1940 3492 haud

360 3530 455 3582 diu
486 3541 607 3599 post
636 3530 775 3583 inter
804 3530 1071 3583 Joannem
1121 3541 1173 3584 et
1228 3530 1583 3584 Severianum
1638 3533 1943 3585 concordiae

362 3621 677 3687 mediatrix,
708 3639 726 3670 ‹
772 3621 825 3674 in
864 3622 1096 3675 ecclesia
1130 3623 1516 3693 Apostolorum
1563 3626 1731 3678 lilium
1781 3640 1939 3679 suum

362 3712 757 3777 Theodosium,
800 3722 927 3768 tunc
977 3715 1272 3768 admodum
1328 3731 1580 3784 puerum,
1640 3717 1707 3768 ad
1766 3732 1940 3782 genua

359 3805 591 3860 Joannis
620 3806 907 3875 ahjicicns,
940 3816 993 3859 et
1026 3822 1118 3875 per
1156 3808 1303 3861 illius
1338 3816 1501 3875 caput
1551 3808 1743 3861 crebro
1791 3816 1943 3860 obte-

362 3908 539 3962 stans,
572 3897 756 3951 abillo
788 3898 1026 3951 obtinuit.
1059 3907 1117 3951 ut
1161 3896 1514 3952 Severianum
1557 3899 1608 3951 in
1645 3899 1942 3951 amicitiam

362 4004 523 4042 suam
545 3990 874 4056 admitteret,
914 4010 932 4040 ι
969 3991 1044 4044 uti
1078 3991 1268 4044 scribit
1295 3992 1552 4045 Socrates
1588 3991 1683 4044 lib.
1715 4006 1790 4053 vr,
1817 4004 1936 4057 cap.

369 4082 456 4133 ll.
487 4078 619 4145 Quae
640 4088 824 4135 autem
853 4080 1049 4135 deinde
1076 4095 1278 4135 secuta:
1319 4088 1448 4135 sunt
1496 4082 1778 4151 graviores
1810 4097 1946 4150 que—

363 4156 514 4234 relae,
543 4188 621 4226 eae
649 4173 886 4242 primum
925 4182 1209 4242 coeperunt
1237 4183 1525 4243 postquam
1559 4172 1944 4227 Constantino-

365 4265 476 4335 poli
504 4264 849 4320 discessisset
880 4263 1238 4335 Epiphanius.
1290 4264 1394 4318 Sed
1447 4265 1584 4318 nihil
1625 4265 1677 4318 in
1714 4266 1812 4317 hac
1841 4262 1946 4316 Ba-

364 4356 510 4411 ronii
561 4372 797 4411 censura
848 4357 1091 4411 admiror
1143 4358 1351 4427 magis,
1405 4372 1568 4426 quam
1619 4357 1763 4426 quod
1811 4358 1941 4410 Acta

2045 3163 2091 3217 si
2114 3177 2239 3215 vera
2275 3162 2507 3215 duorum
2535 3160 2764 3212 istorum
2789 3158 2991 3227 scripta
3023 3171 3133 3226 prae
3164 3156 3339 3209 oculis
3385 3153 3613 3215 habens,

2044 3270 2144 3310 suo
2186 3254 2273 3308 illa
2314 3254 2582 3308 duntaxat
2620 3259 2946 3305 exornasset
2986 3263 3261 3310 sermone,
3298 3261 3467 3302 sensu
3497 3260 3618 3298 ser-

2044 3360 2189 3403 vato.
2221 3346 2337 3413 Qua
2382 3355 2563 3399 autem
2606 3354 2763 3398 aetate
2815 3344 2904 3397 ille
2950 3340 3255 3410 scripserit,
3299 3338 3424 3407 quis
3478 3335 3621 3391 divi-

2044 3442 2224 3494 nando
2281 3438 2684 3508 consequetur?
2722 3434 2836 3491 Hoc
2882 3443 3116 3499 certum,
3164 3431 3378 3487 decimo
3418 3428 3621 3485 sarculo

2047 3537 2279 3605 priorem
2312 3534 2501 3599 fuisse,
2559 3531 2780 3600 quando
2814 3540 2868 3584 et
2908 3528 3019 3582 Leo
3067 3528 3384 3595 imperator,
3412 3538 3621 3592 cogno-

2044 3636 2227 3681 mento
2260 3624 2511 3694 Sapiens,
2539 3624 2642 3677 sub
2665 3636 2775 3691 quo
2802 3622 2964 3675 etiam
2991 3617 3385 3686 Metaphrastes
3413 3612 3620 3674 floruit,

2056 3720 2237 3773 Vitam
2262 3720 2409 3773 illam
2445 3725 2666 3774 secutus
2691 3723 2773 3769 est
2807 3714 2858 3766 in
2890 3712 3161 3766 laudando
3192 3709 3619 3778 Chrysostomo;

2043 3825 2097 3869 et
2118 3813 2358 3881 elogium
2397 3826 2461 3864 ex
2502 3825 2566 3862 ea
2601 3816 2877 3876 sumptum
2906 3805 3179 3859 invenitur
3222 3802 3275 3854 in
3321 3799 3623 3870 Synaxario

2046 3908 2229 3961 Basilii
2272 3906 2617 3973 imperatoris
2664 3894 3143 3968 Porphyrogeniti,
3197 3901 3256 3947 ut
3296 3892 3364 3946 de
3404 3888 3622 3943 Menwis

2044 3997 2263 4054 excusis
2293 3995 2428 4048 nihil
2451 3993 2650 4046 dicam.

2116 4090 2203 4143 46.
2241 4088 2298 4141 1η
2336 4088 2435 4140 hac
2484 4085 2592 4137 vita
2625 4080 2961 4151 Epiphanius
3021 4087 3174 4147 patre
3206 4072 3465 4145 agricola,
3503 4084 3624 4123 ma-

2046 4191 2126 4237 tre
2172 4180 2394 4240 linilica,
2445 4174 2713 4230 ambobus
2747 4171 2972 4234 ludatis,
3021 4179 3183 4223 natus
3239 4164 3440 4221 dicitur
3496 4175 3625 4216 cum

2047 4287 2237 4329 sorore
2263 4270 2586 4337 Callitrope;
2635 4278 2871 4332 cumque
2918 4261 3179 4318 decennis
3221 4266 3370 4314 esset
3417 4257 3626 4311 amisso

2048 4376 2219 4436 patre,
2245 4362 2435 4431 jussus
2480 4360 2547 4413 ad
2592 4357 2840 4412 alendam
2889 4354 3154 4408 familiam
3202 4352 3425 4406 unicum
3476 4347 3621 4419 quod

366 4448 685 4518 Epiphanii,
718 4464 842 4519 qua:
873 4458 1002 4503 sunt
1041 4450 1183 4518 apud
1219 4448 1582 4517 Lipomanum
1622 4458 1676 4501 et
1717 4447 1941 4501 Surium
1974 4459 2021 4515 ι)
2048 4454 2370 4526 suppetebat
2402 4449 2990 4530 venderejumemum,
3027 4454 3175 4499 tanta
3208 4442 3483 4514 negotium
3509 4441 3628 4496 sin-

365 4543 473 4599 sub
503 4543 727 4597 nomine
752 4541 1154 4611 Metaphrastis,
1174 4541 1473 4595 mendaciis
1500 4550 1708 4595 scatere
1733 4540 1943 4605 dicens,

365 4636 450 4691 uti
482 4651 671 4690 revera
703 4645 913 4690 scatere
957 4652 1082 4689 mox
1123 4636 1443 4698 ostendam;
1493 4650 1557 4688 ex
1615 4634 1682 4687 iis
1722 4648 1947 4702 prorsus

365 4728 589 4784 veritati
616 4713 953 4783 contrariam
1000 4725 1247 4795 proferat
1292 4726 1664 4778 narrationem
1706 4724 1773 4777 de
1817 4739 1947 4777 con-

364 4833 561 4888 gressu
611 4828 666 4872 et
700 4818 1054 4871 contentione
1092 4815 1381 4885 Epiphanii
1438 4824 1603 4883 atque
1664 4812 1943 4867 Eudoxim.

363 4910 480 4965 Nec
522 4910 691 4964 refert
744 4909 889 4978 quod
932 4909 1121 4962 eadem
1173 4908 1360 4961 eodem
1413 4906 1527 4961 fere
1573 4906 1735 4961 modo
1787 4907 1840 4959 in
1888 4903 1945 4958 S.

362 5003 599 5057 Joannis
625 5000 1005 5072 Chrysostomi
1036 5000 1288 5054 encomio
1319 4999 1537 5067 scripsit
1564 4996 1675 5051 Leo
1722 4996 1951 5066 impera-

367 5107 459 5151 tor
488 5112 502 5147 :
531 5095 621 5148 hic
645 5095 816 5158 enim,
847 5093 1094 5162 quinque
1138 5099 1265 5161 post
1297 5106 1411 5145 rem
1456 5098 1663 5159 gestam
1706 5089 1945 5153 saeculis,

365 5190 632 5257 deceptus
670 5184 775 5240 fuit
827 5184 1031 5255 spuriis
1086 5183 1196 5237 illis
1252 5182 1432 5246 Actis;
1478 5198 1651 5251 eaque
1688 5182 1951 5237 transcri-

366 5285 481 5355 psit
504 5290 780 5352 quatenus
824 5279 895 5334 ad
934 5294 1095 5335 suum
1147 5285 1530 5345 argumentum
1575 5275 1755 5331 facere
1799 5275 1987 5342 vide-5

367 5379 591 5432 bantur.

982 5460 1213 5519 CAPUT
1258 5460 1341 5515 Vl.

487 5584 884 5638 Examinantur
922 5583 1057 5634 Acta
1087 5582 1252 5641 edita,
1288 5588 1545 5648 quatenus
1580 5596 1610 5632 a
1641 5577 1846 5632 Joanne

845 5655 1143 5720 conscripta
1184 5652 1477 5720 ﬁnguntur.

444 5746 537 5803 45.
583 5746 760 5803 Vitam
792 5746 1039 5805 Graecam
1073 5744 1130 5801 S.
1164 5742 1475 5814 Epiphanii,
1506 5758 1629 5813 quae
1678 5742 1810 5799 olim
1856 5740 1956 5799 La-

2048 4547 2270 4602 ceritate
2290 4542 2489 4613 egisse,
2510 4549 2569 4595 ut
2593 4539 2844 4610 quamvis
2869 4536 3194 4592 indomitum
3230 4534 3388 4601 alias,
3420 4532 3475 4586 in
3504 4532 3627 4601 ipso

2050 4637 2171 4692 foro
2201 4633 2473 4704 placidum
2514 4646 2571 4684 se
2598 4629 2861 4699 praeberet
2894 4635 3091 4699 praeter
3139 4640 3371 4691 morem,
3430 4624 3627 4677 vitium

2051 4739 2231 4784 tamen
2265 4725 2518 4781 indicarit
2549 4723 2779 4778 licitanti
2808 4720 3039 4785 Jacobo,
3068 4721 3214 4792 quod
3238 4718 3490 4788 religioni
3520 4716 3630 4772 sibi

2050 4824 2275 4877 duceret
2297 4818 2482 4873 fallere
2511 4816 2757 4885 ejusdem
2788 4814 3068 4884 religionis
3096 4813 3375 4867 hominem
3408 4829 3421 4864 :
3455 4823 3630 4878 quare

2052 4915 2226 4969 tribus
2270 4913 2339 4967 ab
2371 4926 2437 4966 eo
2471 4912 2707 4965 donatus
2758 4909 3022 4972 nummis,
3077 4906 3300 4960 domum
3343 4903 3632 4957 reverterit

2052 5022 2174 5061 cum
2225 5005 2342 5075 ipso
2367 5003 2616 5073 jumento
2654 5020 2667 5055 :
2709 5016 2739 5055 a
2780 5014 2890 5069 quo
2923 4996 3118 5052 deinde
3137 5011 3404 5051 excussus
3440 4995 3494 5047 in
3541 4993 3630 5047 v‘la

2052 5097 2397 5169 graviterque
2437 5097 2618 5159 lzesus,
2663 5109 2758 5163 per
2810 5090 3280 5161 supervenientem
3334 5087 3629 5157 quemdam

2054 5190 2340 5245 Cleobium
2396 5186 2814 5247 Christianum,
2881 5191 3109 5237 sanatus
3178 5182 3381 5235 virtute
3448 5180 3630 5232 crucis

2057 5280 2240 5335 fuerit.
2274 5277 2469 5332 Postea
2499 5292 2623 5331 cum
2657 5275 2890 5344 agellum
2924 5282 3210 5343 paternum
3239 5267 3627 5337 Eleutheropo-

2056 5373 2224 5425 litano
2262 5370 2481 5425 cuidam
2532 5368 2666 5438 legis
2719 5365 2893 5437 perito
2951 5380 3017 5419 ac
3064 5362 3219 5418 diviti
3275 5358 3489 5425 Judaeo,
3538 5360 3630 5415 cui

2055 5461 2314 5531 Tryphon
2351 5474 2571 5527 nomen,
2622 5457 2842 5513 offerret
2887 5455 3155 5520 venalem,
3197 5454 3266 5509 ab
3295 5469 3362 5509 eo
3395 5453 3629 5523 adopta-

2056 5565 2193 5618 tum,
2236 5562 2296 5607 ut
2344 5553 2697 5607 matrimonio
2738 5550 2862 5604 filiae
2903 5549 3077 5604 unica
3123 5546 3483 5619 jungendum,
3519 5542 3626 5598 nisi

2058 5651 2171 5703 inec
2203 5649 2311 5703 cito
2363 5654 2575 5704 mortua
2611 5643 2832 5707 fuisset;
2875 5650 3039 5711 atque
3073 5640 3149 5695 ita
3202 5648 3422 5694 mortuo
3462 5637 3627 5691 etiam

2061 5740 2410 5811 Thryphone,
2443 5736 2563 5807 ejus
2591 5745 2646 5794 et
2682 5733 2944 5792 doctrina:
2964 5742 3019 5793 et
3041 5731 3330 5807 opulentia:
3357 5730 3628 5786 mansisse
