4088 6362
383 280 421 333 ii
435 250 512 334 ιδ’
527 254 529 256 ’

1405 268 1463 324 S.
1504 265 1847 324 EPIPIIANII
1889 264 2074 320 ACTA
2115 256 2623 317 BOLLANDIANA.

3544 254 3647 308 1-H

399 393 688 449 haeredem.
729 391 866 447 Tum
911 405 1040 447 vero
1088 389 1345 446 incidisse
1387 389 1442 444 in
1485 390 1816 444 monachum
1861 387 1970 441 Lu-
1999 395 2043 451 Α
2071 380 2490 453 quinquaginta,
2537 379 2748 433 leonem
2791 373 2977 430 multis
3010 372 3238 427 noxium
3275 386 3375 426 sua
3417 385 3650 440 praesen-

401 488 620 542 cianum
650 503 664 539 :
695 500 856 553 quem
888 499 1012 538 cum
1045 483 1272 536 vidisset
1299 482 1498 536 donata
1535 481 1760 552 pauperi
1796 487 1968 546 veste,

399 578 626 632 candida
657 577 767 631 alia
803 577 1020 631 coalitus
1070 573 1242 638 indui,
1287 573 1503 643 petierit
1541 583 1594 627 et
1626 572 1972 627 Christianus

403 679 456 724 et
512 669 815 723 monachus
871 666 1034 722 ﬁeri:
1087 679 1434 733 congrueque
1485 664 1789 717 instructus
1846 676 1970 714 cum

405 775 613 825 sorore,
653 767 706 813 et
735 759 801 813 ad
832 759 1138 828 ingressum
1163 757 1405 812 ecclesiae
1439 755 1811 810 decidentibus
1836 752 1977 805 ultro

406 851 605 906 calceis
633 850 882 918 nudipes,
908 849 1214 918 baptizatus
1244 849 1410 900 luerit
1449 845 1520 899 ab
1563 845 1856 915 episcopo;
1889 857 1979 897 ac-

408 945 688 1012 ceptisque
725 943 890 996 mille
941 941 1146 1004 aureis,
1196 939 1477 996 Veronicae
1513 946 1818 992 materterae
1867 951 1981 990 suae

410 1029 1146 1100 eidemquesanctimoniali,
1173 1044 1417 1084 sororem
1465 1027 1880 1090 commendans,
1923 1026 1980 1078 in

411 1124 640 1178 Luciani
685 1122 1019 1178 monasterio
1075 1121 1250 1175 factus
1307 1121 1379 1175 sit
1434 1119 1757 1179 monachus,
1809 1132 1982 1171 annos

415 1224 574 1270 natus
616 1214 878 1278 sedecim,
925 1225 980 1267 et
1030 1210 1088 1265 S.
1149 1211 1416 1264 llilarioni
1469 1211 1713 1278 ejusdem
1755 1208 1983 1262 Luciani

413 1306 679 1375 discipulo
713 1305 1145 1368 commendatus,
1191 1303 1367 1372 ipsum
1403 1310 1527 1370 post
1570 1309 1797 1353 mortem
1830 1313 1982 1352 com-

414 1401 597 1454 munis
626 1397 868 1467 magistri
931 1395 1184 1450 habuerit
1237 1410 1361 1449 cum
1407 1402 1602 1447 caetera
1645 1391 1986 1446 fraternitate

415 1491 781 1560 hegurnenum
813 1502 909 1542 seu
949 1487 1220 1540 abbatem.

485 1583 574 1637 47.
613 1583 718 1636 Sed
758 1583 870 1651 jam
927 1581 1146 1633 aliunde
1189 1588 1442 1634 constare
1486 1577 1748 1642 vidimus,
1797 1591 1989 1631 mona-

417 1677 565 1731 sticae
606 1676 729 1729 vita:
780 1673 1031 1727 tirocinia
1088 1674 1141 1725 in
1188 1671 1423 1742 [Egypto
1461 1671 1712 1742 posuisse
1752 1669 1988 1738 Epipha-

419 1769 591 1830 nium,
626 1782 689 1820 ea
733 1765 870 1820 forte
919 1781 1042 1834 quae
1094 1764 1181 1820 hic
1241 1776 1463 1819 notatur
1511 1773 1689 1826 aetate,
1742 1762 1993 1833 quamvis

420 1859 634 1912 mallem
662 1858 885 1912 biennio
918 1859 1181 1926 majorem
1214 1858 1454 1912 credere.
1486 1848 1584 1910 Ad'
1607 1855 1912 1909 Lucianum
1941 1861 1995 1906 et

419 1949 750 2004 llilarionem
777 1950 922 2019 quod
969 1949 1182 2014 attinet,
1214 1957 1361 2016 patet
1405 1948 1673 2001 mendacii
1717 1944 1993 1999 evidentia

419 2054 484 2094 ex
510 2036 987 2108 ipsiusﬂilarionis
1013 2037 1153 2104 Vita,
1175 2038 1266 2107 qui
1291 2052 1464 2091 annos
1493 2035 1807 2104 quindecim
1834 2044 1994 2086 natus

417 2132 484 2185 ad
517 2130 812 2183 Antonium
844 2129 1042 2183 abiisse
1073 2130 1128 2183 in
1163 2127 1453 2198 Aigyptum
1505 2128 1707 2180 dicitur
1754 2126 1822 2178 ab
1871 2125 1997 2178 Hie-

422 2233 671 2290 ronymo,
703 2218 937 2286 indeque
969 2226 1092 2287 post
1135 2217 1417 2272 biennium
1465 2229 1740 2271 revertens
1786 2217 1999 2284 primus

423 2311 749 2366 monasticae
793 2310 915 2363 vitae
975 2309 1282 2379 exemplum
1337 2309 1586 2361 retulisse
1633 2309 1684 2361 in
1744 2307 1997 2375 patriam,

424 2403 569 2473 quod
601 2417 746 2457 anno
775 2402 896 2472 ejus
923 2403 1098 2456 aetatis
1137 2402 1208 2454 22
1259 2403 1414 2456 multi
1465 2403 1730 2470 coeperint
1774 2401 2027 2471 imitari”

424 2505 650 2551 eatenus
688 2503 872 2548 autem
921 2512 941 2545 ‹
1001 2494 1234 2548 necdum
1288 2495 1508 2548 fuerant
1556 2493 1889 2547 monasteria
1947 2491 2000 2544 in

426 2588 732 2654 Palaestina,
763 2602 863 2642 nec
896 2586 1189 2657 quisquam
1238 2587 1566 2641 monachum
1598 2598 1725 2640 ante
1760 2584 1817 2636 S.
1852 2582 2002 2636 Hila-

426 2682 638 2736 rionem
703 2680 758 2734 in
822 2677 981 2751 Syria
1036 2689 1294 2749 .novcrat.
1353 2697 1372 2730 ι
1437 2677 1688 2746 Fingitur
1743 2684 2002 2747 praeterea

430 2774 829 2829 monasterium
863 2772 982 2842 ejus
1007 2772 1153 2842 quod
1183 2786 1350 2842 prope
1377 2770 1579 2825 Gazam
1613 2769 1782 2824 fuisse
1803 2770 2000 2834 scitur,

427 2881 493 2920 eo
512 2865 681 2920 fuisse
712 2864 833 2918 loco
865 2873 924 2917 ut
954 2863 1019 2918 ad
1050 2863 1294 2932 quinque
1324 2863 1578 2915 milliaria
1600 2861 1828 2931 petenda
1861 2871 2008 2916 esset

431 2972 572 3025 aqua
617 2975 629 3009 :
687 2970 792 3024 qua
847 2954 1135 3008 occasione
1184 2969 1308 3008 cum
1351 2954 1668 3022 contigisset
1707 2954 1894 3006 vinum
1938 2954 2007 3005 ab

432 3048 738 3118 Epiphanio
764 3047 816 3100 in
850 3061 1048 3116 aquam
1075 3047 1320 3100 converti
1345 3045 1411 3098 ad
1448 3044 1798 3099 refectionem
1827 3054 2006 3098 trans-

431 3139 720 3191 euntium:
756 3135 846 3188 ille
892 3135 1076 3204 gloriae
1120 3133 1358 3202 fugitans
1397 3133 1506 3186 alio
1547 3148 1606 3188 se
1663 3132 2006 3198 subduxerit,

433 3229 526 3281 ubi
556 3243 682 3282 cum
715 3227 1117 3280 Saracenorum
1152 3226 1592 3294 praetereuntium
1624 3225 1849 3294 quidam
1880 3240 2006 3279 eum

435 3319 600 3374 ferire
639 3319 848 3382 volens,
892 3318 1122 3374 miratus
1180 3326 1326 3373 esset
1378 3319 1577 3387 aperiri
1633 3318 1736 3374 sibi
1789 3317 2008 3372 oculum

440 3412 696 3474 alterum,
721 3426 882 3480 quem
907 3424 1122 3481 semper
1144 3411 1387 3466 clausum
1415 3411 1708 3475 habuerat;
1731 3425 1795 3466 ea
1815 3426 1873 3465 re
1893 3426 2010 3465 mo-

439 3513 552 3557 tum
582 3518 750 3556 unum
782 3517 813 3556 e
833 3503 1012 3567 turba,
1040 3503 1348 3571 suscepisse
1374 3502 1567 3567 fidem;
1596 3502 1688 3572 qui
1707 3503 2012 3571 baptizatus

438 3593 508 3648 ab
537 3590 1124 3646 llilarioneetJoanues
1147 3593 1344 3658 dictus,
1373 3592 1661 3646 adhaeserit
1685 3590 2009 3660 Epiphanio,

440 3692 605 3752 atque
642 3683 756 3736 haec
783 3682 969 3735 omnia
999 3682 1283 3749 scripserit
1314 3701 1334 3756 ε,
1359 3698 1423 3736 ac
1449 3682 1653 3751 primo,
1682 3681 1751 3735 ab
1781 3697 2014 3750 euergu-

439 3790 602 3829 meno
640 3774 857 3843 pulsum
905 3773 1208 3827 daemonem
1245 3775 1644 3828 comminatum
1680 3791 1824 3838 esse,
1868 3775 2016 3844 quod

440 3869 497 3922 in
536 3866 814 3921 Persidem
841 3865 1026 3920 venire
1055 3864 1257 3921 faceret
1306 3865 1699 3935 Epiphanium.
1740 3866 2017 3936 Occupata

443 3962 607 4030 igitur
633 3959 777 4029 regis
818 3959 929 4012 filia
957 3958 1249 4022 indicasse,
1297 3958 1442 4026 quod
1488 3958 1593 4013 nisi
1634 3959 1842 4012 veniret
1885 3957 2016 4028 Epi-

445 4053 701 4122 phanius,
742 4052 992 4105 exiturus
1043 4066 1075 4104 a
1125 4050 1303 4119 puella
1351 4067 1462 4104 non
1508 4061 1672 4106 esset.
1716 4051 2016 4116 Quaesitum

443 4160 574 4215 ergo
603 4155 656 4199 et
697 4145 751 4198 in
783 4144 1091 4214 Spanydrio
1134 4158 1236 4199 suo
1284 4153 1583 4214 repertum,
1638 4157 1761 4215 post
1808 4145 2016 4198 aridam

445 4252 666 4290 manum
697 4237 789 4290 uni
830 4236 1125 4290 missorum
1172 4236 1502 4300 restitutam,
1549 4236 1766 4292 venisse
1824 4237 1878 4289 in
1928 4251 2016 4289 re-

445 4329 620 4399 giam,
661 4343 782 4397 quae
823 4328 1109 4383 dicebatur
1157 4324 1356 4391 Urion,
1409 4329 1712 4382 daemonem
1767 4345 1796 4382 a
1854 4329 2018 4383 ﬁliola

2074 475 2147 528 tia
2191 472 2474 534 occiderit,
2515 484 2873 541 synonymum
2912 466 3016 520 sibi
3057 466 3126 519 ab
3161 464 3362 517 Edessa
3406 463 3652 532 philoso-

2073 566 2240 636 phum
2279 564 2570 630 exceperit,
2610 575 2732 614 eum
2772 573 2945 627 eoque
2970 557 3237 624 integrum
3287 569 3493 608 annutn
3528 553 3651 606 dis-

2075 655 2280 727 putarit
2348 668 2530 708 coram
2570 671 2589 702 ι
2629 650 2834 705 Calisto
2864 649 3003 702 Aetii
3046 663 3254 716 magnae
3295 644 3481 699 Romae
3518 659 3653 712 pra:-

2078 750 2203 804 lecti
2251 747 2382 813 lilio,
2417 765 2436 797 ι
2483 759 2646 814 quem
2696 758 2727 796 a
2786 742 3034 796 dannone
3082 740 3370 792 liberatum
3421 736 3656 790 habebat

2078 841 2404 910 discipulum
2436 855 2450 904 ;
2496 846 2550 892 et
2577 836 2854 906 quomodo
2895 832 3246 900 theogoniam
3286 829 3502 883 Hesiodi
3537 843 3657 896 per-

2084 935 2339 989 tinaciter
2379 929 2781 992 defendentem,
2834 925 3081 995 opposita
3136 922 3333 976 veriori
3385 919 3658 975 Geueseos

2083 1026 2314 1082 historia
2350 1025 2568 1078 flectere
2607 1021 2898 1090 nequiens,
2945 1016 3258 1086 provocarit
3312 1014 3377 1067 ad
3429 1027 3661 1079 energu-

2084 1119 2226 1173 meni
2258 1117 2663 1179 liberationem,
2696 1127 2862 1182 quam
2905 1110 2997 1179 qui
3038 1108 3307 1162 effecisset
3351 1106 3472 1174 ejus
3529 1104 3662 1156 fides

2084 1228 2208 1265 vera
2243 1221 2555 1265 censeretur
2588 1225 2600 1260 :
2639 1215 2799 1274 atque
2829 1205 2897 1256 ita
2923 1215 3248 1255 conversum
3289 1196 3660 1266 Epiphanium

2088 1302 2501 1374 philosophum,
2530 1297 2974 1362 monachumque
3017 1293 3224 1345 factum
3282 1300 3336 1343 et
3385 1288 3665 1358 presbyte-

2091 1410 2209 1448 rum
2270 1393 2584 1446 ordinatum
2635 1391 2702 1442 ab
2757 1384 3296 1454 Eleutlieropolitano
3348 1381 3604 1449 episcopo
3649 1395 3663 1430 :

2090 1500 2252 1555 quem
2305 1483 2502 1537 deinde
2559 1481 2615 1534 in
2659 1478 2963 1548 ,IEgyptum
3025 1474 3284 1528 recedens
3334 1469 3669 1540 Epiphanius

2092 1585 2317 1631 sanctus
2351 1571 2684 1628 monasterio
2713 1586 2814 1625 suo
2848 1567 3196 1637 praepositum
3226 1561 3527 1631 reliquerit.
3563 1558 3670 1612 Sed

2094 1677 2456 1738 praeterquam
2483 1663 2626 1734 quod
2653 1677 2717 1715 ea
2745 1659 3063 1730 disputandi
3101 1671 3253 1711 mora
3279 1665 3333 1708 et
3361 1653 3502 1706 ratio
3538 1650 3671 1704 ridi-

2025 1740 2066 1794 Β
2097 1762 2220 1814 cula
2247 1759 2471 1812 omnino
2501 1755 2772 1819 videatur,
2799 1763 2852 1806 et
2884 1751 2951 1806 de
2976 1751 3149 1804 altero
3198 1748 3306 1802 isto
3357 1744 3671 1815 Epiphanio

2098 1853 2227 1907 alibi
2250 1851 2460 1921 legatur
2490 1848 2658 1911 nihil;
2695 1859 2864 1901 unum
2898 1844 2989 1898 hic
3013 1841 3156 1897 Aetii
3209 1839 3471 1894 Romanae
3516 1835 3670 1889 urbis

2098 1944 2335 2016 praefecti
2365 1943 2525 1996 velim
2563 1954 2765 1994 nomen
2811 1944 3081 1997 notatum,
3131 1933 3278 2003 quod
3328 1948 3391 1985 ex
3446 1930 3673 1983 cerebro

2099 2051 2204 2088 suo
2239 2042 2611 2087 commentum
2649 2040 2927 2082 auctorem
2964 2035 3110 2095 patet
3142 2041 3208 2078 ex
3257 2023 3674 2077 arcuratissimo

2098 2141 2164 2180 e0
2206 2124 2484 2193 Catalogo,
2539 2138 2698 2192 quem
2755 2119 3055 2174 Bucherius
3099 2133 3128 2170 a
3177 2117 3437 2170 Bollando
3487 2125 3677 2167 nostro

2100 2227 2384 2285 acceptum
2412 2215 2582 2268 edidit
2633 2213 2697 2266 ad
2749 2211 3026 2264 Cauoncm
3080 2207 3395 2262 Paschalem
3455 2204 3674 2258 Victorii

2102 2327 2152 2364 c.
2189 2311 2274 2374 15,
2309 2324 2362 2377 p.
2398 2307 2525 2372 256,
2570 2305 2661 2358 ubi
2705 2323 2723 2354 ι
2770 2319 2839 2357 ex
2881 2301 3217 2371 temporibus
3259 2299 3509 2357 Gallieni,
3552 2318 3568 2349 ι
3611 2298 3678 2349 ab

2103 2416 2248 2454 anno
2280 2400 2408 2465 254,
2462 2409 2637 2467 Usque
2682 2396 2786 2450 5³54
2835 2396 3126 2456 indicatur,
3167 2413 3186 2444 ‹
3236 2394 3362 2462 quis
3413 2401 3677 2462 quantum

2110 2493 2376 2562 temporis
2411 2493 2787 2560 praefecturam
2818 2487 2978 2543 Urbis
3008 2487 3426 2549 administrarit,
3469 2505 3486 2535 ι
3515 2501 3684 2553 quan-

2105 2586 2284 2656 doque
2311 2584 2581 2655 praefectis
2613 2584 2920 2638 successive
2945 2588 3182 2650 quatuor
3258 2579 3397 2631 intra
3430 2576 3682 2630 eumdem

2111 2693 2315 2732 annum
2345 2677 2574 2746 positis;
2619 2691 2718 2729 nec
2763 2675 2878 2728 sola
2924 2673 3169 2735 nomina,
3220 2670 3314 2726 sed
3360 2679 3414 2724 et
3470 2684 3685 2738 praeno-

2109 2771 2258 2824 mina
2298 2770 2704 2838 exprimuntur.
2749 2765 2971 2820 Interim
3020 2780 3087 2819 ex
3145 2764 3318 2834 ipsius
3367 2762 3687 2816 fabulatoris

2107 2863 2338 2926 calculo,
2393 2876 2663 2915 annorum
2716 2857 3109 2928 quinquaginta
3167 2872 3260 2910 sex
3315 2855 3686 2923 episcOpatum

2114 2954 2422 3024 Epiphanio
2456 2951 2768 3017 tribuentis,
2807 2962 2924 3004 acta
2957 2951 3072 3003 haec
3104 2958 3290 3004 essent
3321 2956 3378 3001 ut
3401 2947 3687 3000 minimum

2112 3057 2240 3101 ante
2263 3047 2589 3100 decennium
2617 3044 3016 3098 ordinationem
3041 3055 3427 3113 praegressum,
3447 3041 3691 3108 adeoque

2112 3148 2237 3193 autc
2276 3152 2480 3191 annum
2508 3136 2632 3189 558.

2181 3231 2267 3285 49.
2305 3225 2434 3285 Post
2459 3231 2573 3283 haec
2589 3230 2808 3282 demum
2837 3235 3110 3290 sanetum,
3153 3240 3316 3295 quem
3357 3241 3456 3279 nos
3500 3225 3690 3278 admo-

2111 3324 2241 3378 dum
2273 3324 2534 3392 juvenem
2562 3319 2732 3374 fuisse
2761 3320 2816 3372 in
2841 3319 3045 3390 Egypto
3071 3319 3330 3381 diximus,
3362 3317 3695 3372 celebritatis

2116 3417 2298 3470 nimiae
2333 3414 2656 3486 fugientem,
2700 3413 2832 3467 illuc
2884 3427 3069 3466 secum
3116 3413 3376 3482 navigare
3420 3428 3486 3464 ex
3522 3409 3694 3479 Joppe

2116 3509 2246 3562 facit
2281 3504 2778 3577 pseudo-Joannes,
2805 3513 2931 3572 post
2951 3518 3371 3573 energumenam
3394 3503 3448 3554 in
3471 3516 3692 3571 egressu

2117 3599 2456 3655 Hierusalem
2503 3599 2820 3660 liberatam;
2867 3604 2920 3650 et
2963 3596 3344 3650 Alexandriam
3402 3596 3691 3664 appulsum

2116 3687 2386 3752 Judaeum,
2418 3686 2672 3756 Aquilam
2717 3685 2937 3740 nomine
2975 3685 3304 3754 disputando
3355 3695 3694 3744 convertere.

2119 3797 2182 3836 ac
2243 3780 2302 3834 S.
2359 3779 2660 3833 Athanasio
2707 3777 2964 3846 episcopo
3025 3779 3218 3832 sistere
3275 3779 3695 3846 baptizandum;

2119 3874 2312 3926 deinde
2355 3888 2478 3926 eum
2524 3870 2581 3924 S.
2639 3869 2968 3938 Paphnutio,
3033 3873 3217 3940 magni
3260 3871 3478 3924 Antonii
3533 3870 3700 3924 disci-

2122 3965 2271 4034 pulo,
2298 3963 2350 4015 in
2387 3961 2663 4016 Thebaide
2688 3962 2976 4030 congredi,
3008 3977 3075 4016 eo
3097 3963 3327 4016 consilio
3355 3973 3411 4015 ut
3433 3963 3485 4015 in
3513 3961 3701 4016 Nitriae

2121 4071 2310 4110 eremo
2363 4055 2613 4108 habitare
2675 4056 3120 4122 permitteretur;
3165 4055 3260 4109 sed
3300 4056 3368 4108 ab
3419 4056 3522 4110 hoc
3573 4072 3699 4125 pro-

2123 4148 2334 4216 phetiee
2360 4147 2602 4215 jussum,
2633 4147 2861 4200 collecto
2900 4146 3044 4214 apud
3083 4145 3272 4200 Patres
3316 4149 3506 4201 aestivo
3549 4147 3698 4212 feno,

2122 4239 2275 4294 abire
2323 4239 2376 4291 in
2419 4238 2660 4309 Cyprum
2704 4247 2868 4306 atque
2910 4253 3042 4292 oves
3077 4253 3316 4306 pascere.
3360 4238 3496 4292 Tum
3533 4255 3701 4309 prope

2124 4330 2503 4400 Leontopolim
2543 4331 2766 4400 fingitur
2803 4344 3027 4386 sanctus
3060 4332 3320 4386 accedere
3348 4335 3415 4384 ad
3457 4331 3701 4386 Hieracis

445 4421 589 4490 regis
635 4420 751 4488 ipsa
781 4427 1060 4489 spectante
1099 4418 1396 4489 expulisse,
1430 4419 1728 4473 blandienti
1767 4421 1870 4474 sibi
1907 4420 2022 4474 ine-
2055 4442 2098 4496 Ι)
2124 4423 2538 4477 celeberrimum
2582 4425 3002 4488 monasterium,
3033 4423 3310 4491 istumque
3346 4426 3558 4490 publice
3605 4426 3701 4478 do.-

446 4514 592 4582 ptius
633 4527 792 4582 mago
835 4511 1109 4581 loquelam
1146 4512 1441 4566 abstulisse
1479 4520 1533 4565 et
1569 4511 1853 4580 ptenitenti
1899 4511 2022 4565 red-

447 4603 688 4666 didisse,
745 4603 892 4671 regia
948 4617 1174 4657 munera
1222 4602 1521 4671 epulasque
1576 4618 1861 4658 recusasse
1904 4602 2023 4657 solo

447 4706 584 4761 pane
617 4698 934 4743 contentum
973 4703 988 4741 :
1022 4699 1075 4744 et
1101 4691 1452 4756 resuscitato,
1487 4693 1579 4762 qui
1611 4702 1862 4747 mortuus
1891 4693 2024 4747 effe-

447 4784 687 4844 rebatur,
722 4781 1092 4847 adolescente,
1121 4784 1190 4835 ab
1221 4797 1346 4852 rege
1389 4783 1695 4839 honorifice
1734 4785 2024 4838 dimissum

450 4874 639 4928 fuisse.
673 4871 867 4928 Nescio
906 4891 974 4927 an
1029 4872 1103 4927 Ur
1136 4874 1542 4939 Chaldaeorum,
1589 4877 1884 4930 Abraharni
1929 4893 2028 4946 pa-

451 4973 638 5035 triam,
680 4969 1011 5024 intellexerit
1049 4969 1154 5022 hoc
1185 4970 1304 5024 loco
1346 4969 1619 5024 fabulatur
1661 4971 1809 5040 (nam
1861 4968 2026 5024 Urion

452 5063 590 5117 alias
614 5062 824 5115 nullum
857 5061 1045 5130 novi):
1076 5062 1143 5115 ad
1177 5063 1441 5116 miracula
1466 5062 1609 5131 quod
1640 5063 1851 5127 attinet,
1882 5063 2032 5116 audi-

456 5157 635 5212 vimus
686 5156 1050 5212 Sozomenum
1100 5171 1360 5226 expresse
1401 5165 1713 5227 negantem,
1753 5159 1899 5228 quod
1947 5159 2030 5212 vi-

454 5249 603 5305 venti
625 5249 914 5319 contigerit
934 5247 1122 5320 fugare
1137 5254 1412 5303 daemones
1454 5250 1784 5320 morbosque
1811 5265 2028 5306 curare.

524 5338 613 5392 48.
654 5339 836 5409 Pergit
861 5339 1081 5394 interim
1116 5337 1600 5409 pseudo-Joannes
1626 5355 1872 5404 narrare,
1901 5356 2033 5408 quo-

459 5431 622 5484 modo
660 5430 726 5484 ad
769 5429 1110 5501 Spanydrion
1156 5445 1412 5486 reversus
1461 5446 1646 5484 secum
1696 5429 2034 5500 Epiphanius

462 5520 668 5575 fontem
698 5521 772 5576 ibi
800 5523 1071 5589 elicuerit,
1115 5521 1258 5578 feras
1295 5524 1638 5592 prohibuerit
1670 5524 1739 5578 ab
1772 5524 2036 5589 oleribus,

463 5622 517 5665 et
550 5611 603 5666 in
627 5628 792 5668 novas
824 5616 1138 5670 mansiones
1166 5616 1267 5670 sibi
1312 5632 1342 5669 a
1384 5615 1695 5683 Saracenis,
1727 5617 1925 5686 prioris
1951 5624 2035 5669 tu-

466 5704 609 5773 gurii
672 5705 1046 5762 conditoribus
1095 5716 1440 5777 exstructas,
1502 5710 1768 5778 receperit
1843 5707 2038 5764 fratres

2126 4525 2338 4567 centeni
2369 4529 2586 4568 errores
2618 4517 2821 4570 multos
2852 4526 3063 4568 mutum
3102 4516 3330 4583 imperio
3365 4515 3609 4576 reddere,
3637 4533 3702 4571 ac

2127 4604 2478 4671 prenitentem
2528 4619 2755 4667 sanare;
2809 4603 3046 4670 denique
3083 4613 3276 4655 curato
3327 4603 3380 4654 in
3428 4604 3700 4670 superiori

2127 4693 2403 4749 Thebaide
2432 4709 2819 4764 energumeno,
2846 4695 3030 4749 venire
3055 4696 3121 4748 ad
3151 4695 3266 4748 loca
3297 4710 3419 4763 quae
3446 4697 3704 4750 dicuntur

2129 4786 2345 4840 Bucolia
2388 4787 2570 4856 ibique
2605 4789 2888 4856 septeunio
2926 4787 3222 4850 habitasse,
3268 4789 3359 4840 ubi
3413 4789 3704 4843 Eudaemo-

2130 4896 2253 4934 nem
2307 4881 2691 4949 philosophum
2746 4882 3076 4936 converterit
3135 4891 3328 4936 sauato
3376 4885 3531 4950 pueri
3584 4885 3705 4952 ejus

2131 4973 2320 5038 oculo;
2378 4988 2544 5041 seque
2593 4974 2661 5025 ad
2707 4973 3079 5041 episcopatum
3128 4973 3303 5040 quaeri
3343 4989 3703 5042 cognoscens,

2131 5065 2414 5119 reverterit
2440 5066 2493 5117 iu
2527 5062 2763 5134 Syriam,
2795 5064 3030 5132 primum
3055 5065 3414 5133 quadraginta
3445 5066 3560 5121 dies
3581 5083 3708 5122 con-

2133 5165 2385 5209 versatus
2429 5155 2484 5208 in
2545 5156 2880 5211 monasterio
2933 5136 3359 5221 S..llilarionis,
3416 5169 3704 5227 postquam

2136 5251 2227 5304 ille
2272 5251 2325 5302 in
2369 5249 2607 5320 Cyprum
2650 5265 2708 5303 se
2752 5259 3053 5318 receperat,
3111 5251 3160 5304 id
3210 5261 3294 5305 est
3338 5263 3461 5320 post
3501 5268 3702 5305 annum

2135 5343 2259 5404 565,
2299 5341 2455 5410 juxta
2499 5341 2927 5409 llieronymum;
2977 5355 3100 5392 cum
3162 5348 3342 5392 tamen
3388 5341 3441 5393 in
3500 5341 3708 5394 calculo

2139 5433 2311 5500 ipsius
2344 5431 2689 5489 fabulatoris.
2716 5431 2809 5483 diu
2839 5440 2965 5482 ante
2999 5429 3294 5484 Hilarionis
3326 5432 3618 5485 adventum
3652 5432 3705 5483 in

2138 5525 2400 5594 Cyprum,
2433 5523 2506 5576 ibi
2538 5523 2827 5591 cpiscOpus
2857 5521 3026 5577 fuisse
3062 5521 3396 5591 Epiphanius
3439 5524 3706 5577 debuerit.

2141 5616 2198 5668 In
2233 5615 2456 5670 I‘Iicrace
2494 5627 2672 5669 autem
2699 5615 2966 5684 insignem
3002 5617 3509 5683 paracbronismum
3539 5619 3706 5670 etiam

2143 5709 2346 5763 notavit
2374 5708 2640 5765 Baronius
2665 5707 2732 5763 ad
2762 5722 2889 5762 ann.
2921 5707 3044 5774 572,
3073 5723 3222 5763 num.
3257 5709 3378 5778 HO,
3413 5711 3712 5766 observans
