4088 6362
305 393 313 395 κ
343 370 447 423 145

1371 359 1429 414 S.
1472 355 1815 412 EPlPl‘IANll
1852 353 2034 408 ACTA
2074 348 2576 408 llOLLANDlANA.

3495 344 3622 400 145‘

342 487 503 552 plane
534 479 622 533 hic
653 477 903 532 eumdem
943 474 1202 537 describi,
1235 475 1304 529 de
1347 490 1456 542 quo
1509 473 1627 541 ipse
1676 470 1913 539 Epipha-
1945 474 1990 529 Α
2019 475 2327 531 exstruere,
2365 465 2534 519 variis
2579 463 2864 518 miraculis
2909 461 3207 517 obtinuerit
3248 469 3500 530 sumptus
3526 461 3594 515 ad

345 573 470 626 nius
500 570 620 624 fuse
657 577 853 622 tractat
881 567 1073 622 haeresi
1106 583 1280 633 van,
1324 575 1586 634 tanquam
1637 579 1668 617 a
1707 562 1921 616 Manetc

347 661 619 732 proximo,
647 667 702 712 et
743 669 868 711 ante
902 657 1247 711 Meletianum
1306 655 1547 710 schisma
1591 662 1756 722 atque
1804 651 1919 704 Arii

348 753 596 807 haeresim
625 749 768 820 apud
811 749 1098 820 Egyptios
1137 757 1298 814 noto;
1359 760 1677 816 quanquam
1713 744 1768 798 in
1810 745 1922 796 An-

351 853 529 896 coralo
554 841 700 895 dicat
721 857 776 894 n.
813 840 903 903 85,
926 855 985 894 se
1011 839 1341 908 comperisse
1373 857 1391 888 ‹
1429 836 1717 891 nonnullos
1751 849 1924 903 nuper

349 935 639 996 excitatos,
677 951 695 983 ι
732 930 784 984 id
815 939 898 983 est
930 929 1073 984 circa
1111 944 1316 983 annum
1346 928 1471 991 570,
1514 944 1531 975 ι
1567 925 1771 995 quibus
1805 925 1922 993 ple-

351 1025 505 1092 rique
538 1022 784 1076 oumium
822 1020 1182 1075 monasticam
1225 1019 1280 1072 in
1315 1016 1570 1086 Aigypto,
1624 1014 1921 1078 Thebaide,

353 1112 677 1182 ueterisque
727 1111 1045 1180 regionibus
1095 1109 1465 1165 exercentium
1520 1107 1678 1162 facile
1718 1106 1926 1176 primas

354 1204 632 1267 deferunt,
667 1202 761 1272 qui
792 1203 846 1255 iu
874 1201 1064 1255 eodem
1094 1215 1220 1254 cum
1257 1197 1546 1253 Hieracitis
1575 1212 1763 1252 errore
1806 1211 1927 1251 ver-

355 1304 568 1356 santur,
607 1307 670 1346 ac
705 1291 930 1360 perinde
962 1301 1020 1345 ut
1046 1291 1123 1344 illi
1172 1306 1278 1344 non
1319 1288 1776 1342 resurrectionem
1804 1302 1928 1342 car-

356 1388 462 1450 nis,
504 1403 613 1439 non
647 1386 811 1454 hujus
841 1399 1004 1454 quam
1039 1382 1302 1437 habemus
1340 1382 1525 1446 modo,
1575 1382 1670 1435 sed
1703 1381 1930 1435 alterius

357 1479 412 1530 in
464 1478 626 1546 hujus
685 1478 865 1532 locum
921 1475 1313 1530 substituendae
1359 1474 1678 1542 prmdicaut.
1721 1492 1741 1524 ι
1775 1471 1931 1537 Quod

358 1571 424 1623 ad
460 1569 826 1640 Paphnutium
864 1569 1080 1630 attinet,
1112 1567 1251 1620 inter
1289 1566 1532 1620 celebres
1576 1563 1766 1619 Nitriae
1812 1579 1931 1617 mo-

361 1661 590 1723 nachos,
638 1675 778 1728 quos
824 1657 884 1712 S.
924 1658 1092 1711 Paula
1148 1656 1396 1712 Romana
1443 1656 1631 1721 adivit,
1675 1663 1932 1709 numerat

361 1751 637 1807 Palladius
665 1750 812 1805 Hist.
841 1748 1120 1802 Lausiacw
1152 1763 1203 1802 c.
1232 1747 1355 1811 H7,
1391 1747 1758 1816 Paphnutium
1800 1746 1933 1800 Sce-

2029 574 2167 627 opus
2194 557 2551 612 necessarios.
2589 554 2722 610 Nam
2758 556 2936 625 primo
2967 571 3092 609 cum
3125 554 3395 609 Draconis
3417 553 3600 622 cujus-

2030 648 2154 702 dam
2205 646 2411 709 divitis,
2472 646 2568 700 sed
2629 645 2869 715 gentilis,
2924 644 3029 699 sibi
3090 643 3367 698 illudentis
3424 643 3598 696 lilium

2030 747 2294 808 aegrotum
2345 745 2632 803 sanasset;
2690 736 2885 790 morbo
2942 736 2995 790 in
3055 745 3262 804 patrem
3312 735 3599 797 translato,

2032 845 2363 899 rursumque
2409 830 2477 883 ad
2518 844 2674 883 suam
2721 829 3156 884 benedictionem
3203 829 3384 883 ablato
3434 829 3606 898 impe-

2033 931 2210 976 trasse
2270 920 2340 974 ab
2375 921 2589 985 eodem,
2631 934 2928 984 converso,
2961 934 3084 973 cum
3117 917 3323 972 familia
3349 926 3404 971 et
3441 916 3608 986 bapti-

2035 1020 2178 1075 zato,
2233 1009 2473 1080 quinque
2526 1009 2697 1064 millia
2763 1023 3110 1063 nummorum
3170 1025 3183 1059 :
3242 1007 3436 1062 deinde
3481 1021 3605 1060 cum

2034 1100 2388 1172 Eustorgium
2432 1100 2647 1172 Synesii
2699 1101 2952 1155 similiter
3007 1099 3222 1170 gentilis
3271 1097 3464 1162 tilium,
3519 1111 3609 1150 ro-

2037 1203 2200 1264 gante
2233 1202 2428 1256 matre,
2461 1191 2786 1247 suscitasset
2837 1207 2866 1244 a
2915 1190 3169 1255 mortuis,
3210 1189 3279 1243 ab
3315 1202 3380 1241 eo
3431 1186 3611 1241 oblata

2036 1289 2141 1341 tria
2170 1285 2341 1340 millia
2371 1301 2657 1339 nummum
2685 1284 2966 1339 remisisse
2994 1284 3061 1337 ad
3088 1283 3373 1336 fabricam.
3406 1277 3607 1333 Postea

2038 1395 2162 1432 cum
2191 1377 2413 1450 Polybio
2441 1379 2553 1448 jam
2594 1378 2911 1448 presbytero
2954 1384 3212 1430 narratur
3269 1372 3612 1443 Epiphanius

2039 1475 2203 1529 ivisse
2229 1474 2660 1546 Hierosolymam
2713 1475 2781 1529 ad
2827 1473 3056 1528 Joannis
3092 1472 3354 1542 episcopi,
3390 1472 3476 1527 sui
3509 1470 3613 1525 sub

2040 1566 2338 1621 llilarionis
2366 1567 2656 1636 disciplina
2681 1565 3058 1634 condiscipuli,
3087 1563 3457 1633 castigandam
3485 1577 3614 1616 ava-

2041 1663 2247 1728 ritiam,
2275 1673 2338 1715 ut
2365 1661 2570 1714 dictum
2603 1677 2655 1713 n.
2693 1660 2781 1723 17,
2819 1658 3056 1727 indeque
3088 1656 3398 1726 regrediens
3441 1653 3614 1709 offen-

2043 1756 2190 1811 disse
2220 1753 2501 1810 mendicos
2542 1753 2699 1815 duos,
2755 1767 2990 1820 quorum
3041 1750 3177 1804 alter
3223 1764 3284 1804 se
3333 1755 3614 1801 mortuum

364 1843 665 1911 tioten,qui
694 1852 972 1910 utcunque
1003 1840 1190 1894 reduci
1229 1847 1413 1909 posset
1443 1839 1508 1893 ad
1537 1840 1699 1909 hujus
1723 1839 1862 1893 ﬁctae
1880 1839 1936 1892 in
1967 1824 2011 1879 Β
2043 1849 2356 1914 είιῃυιαιωι,
2388 1847 2531 1917 quod
2565 1846 2618 1900 in
2655 1846 2831 1916 cypro
2870 1843 3073 1899 factum
3109 1842 3320 1896 videtur
3372 1840 3616 1893 indicare
3695 1877 3698 1880 .

362 1937 598 2008 IEgyplo
625 1933 1084 2004 peregrinationis
1106 1941 1321 2000 tempus
1354 1947 1368 1982 ε
1411 1931 1590 1984 caueri
1622 1930 1742 2000 ejus
1767 1932 1939 1984 nomi-

362 2029 449 2082 nis
487 2027 730 2081 celebres
779 2024 871 2078 alii
909 2025 1160 2093 juuiores
1195 2031 1356 2089 sunt;
1408 2038 1531 2076 nam
1566 2022 1633 2076 de
1679 2023 1940 2092 episcopo

361 2118 677 2172 confessore
703 2117 804 2170 sub
841 2115 1160 2180 Maximino,
1207 2115 1300 2183 qui
1329 2114 1563 2169 concilio
1595 2112 1816 2168 Nicaauo
1854 2116 1940 2168 in-

365 2209 569 2273 terfuit,
617 2224 723 2261 non
751 2218 834 2262 est
861 2208 964 2261 hoc
994 2208 1116 2260 loco
1150 2207 1522 2276 cogitandum.

436 2302 522 2358 50.
550 2301 723 2356 Porro
742 2310 994 2355 manente
1021 2301 1177 2370 juxta
1199 2299 1584 2370 Spanliydrion
1610 2297 1936 2369 Epiphanio,

364 2393 539 2448 fames
573 2395 752 2448 valida
797 2393 1112 2448 incubuisse
1137 2390 1434 2446 Phoenicim
1465 2390 1686 2457 dicitur,
1709 2405 1943 2460 eamque

365 2489 655 2556 impetrata
702 2486 953 2540 triduana
1005 2484 1188 2554 pluvia
1226 2499 1451 2538 curasse
1488 2491 1744 2548 sanctus;
1773 2497 1946 2552 quare

364 2595 467 2650 pro
495 2595 561 2634 eo
589 2579 656 2633 ad
683 2578 1058 2649 episcopatum
1105 2576 1386 2631 evellendo
1420 2577 1636 2632 collecti
1679 2577 1944 2646 episcopi,

366 2691 492 2729 cum
529 2674 596 2728 ad
621 2673 869 2728 eumdem
913 2672 1265 2742 quazrendum
1305 2671 1564 2740 juvenem
1611 2671 1944 2724 monachum

367 2764 654 2836 Polybium
693 2764 1114 2828 submisisseut;
1145 2763 1262 2832 ipse
1297 2764 1563 2816 adventus
1594 2777 1761 2817 causa
1801 2761 1945 2815 divi-

369 2859 522 2912 nitus
547 2857 790 2927 cognita,
822 2872 948 2910 cum
981 2855 1172 2910 eodem
1201 2854 1429 2925 Polybio
1484 2869 1673 2909 secum
1706 2862 1944 2918 retento,

367 2958 580 3004 etcum
617 2946 826 3002 Joanne
853 2946 1054 3016 fugerit
1085 2947 1139 3001 in
1182 2946 1420 3016 Cyprum
1471 2945 1539 2999 ad
1594 2945 1653 3000 S.
1712 2944 1948 2999 Hilario—

371 3058 497 3096 nem
529 3061 540 3096 :
572 3057 601 3094 a
638 3057 746 3109 quo
764 3039 954 3108 jussus
986 3038 1320 3092 Salaminam
1355 3037 1658 3091 habitatum
1693 3036 1863 3104 adire,
1895 3045 1950 3092 et

372 3131 578 3185 invitus
603 3146 667 3186 ac
695 3138 1013 3198 tempestate
1040 3129 1354 3200 compulsus
1394 3129 1523 3183 illuc
1554 3129 1827 3199 appellens
1859 3145 1950 3183 na-

372 3225 526 3289 vim,
585 3239 752 3293 quam
816 3221 1556 3292 navigaturus'Ascalonem
1608 3223 1947 3287 ascenderat,

371 3316 804 3385 comprehensus
859 3314 915 3368 in
959 3314 1080 3368 foro
1113 3313 1279 3368 fuerit
1317 3330 1347 3368 a
1393 3312 1451 3369 S.
1501 3313 1706 3384 Pappo,
1743 3315 1810 3370 de
1844 3331 1952 3385 quo

372 3423 538 3476 supra
561 3424 617 3460 n.
650 3407 740 3468 15,
769 3422 896 3462 cum
930 3404 1072 3460 forte
1102 3421 1237 3461 uvas
1270 3406 1600 3472 licitaretur,
1635 3415 1951 3476 tractusque

373 3503 442 3556 ad
479 3501 768 3557 ecclesiam
806 3501 1093 3554 ordinatus
1128 3499 1294 3554 fuerit
1335 3516 1431 3570 per
1481 3501 1590 3554 vim
1625 3499 1952 3569 episcopus;

329 3582 332 3584 ’
374 3612 486 3664 quo
527 3595 578 3646 in
632 3609 860 3648 munere
910 3594 1166 3648 habuerit
1219 3595 1510 3648 diaconum
1555 3593 1878 3658 Charinum,
1921 3607 1952 3645 a

375 3700 489 3756 quo
527 3685 856 3740 calumniam
899 3701 1096 3755 passus
1136 3695 1354 3755 propter
1395 3700 1599 3740 aureos
1639 3695 1857 3739 centum
1886 3686 1952 3740 ad

373 3779 784 3834 dissolvendum
810 3779 1008 3846 captivi
1035 3777 1408 3847 Eugnomonis
1432 3777 1674 3834 debitum
1703 3779 1769 3833 de
1796 3779 1954 3834 bonis

373 3870 636 3924 Ecclesiae
665 3885 955 3938 expensus,
994 3871 1248 3939 quamvis
1280 3871 1457 3924 cidem
1499 3871 1825 3936 restitutos;
1873 3871 1955 3925 ei-

373 3965 499 4016 dem
532 3963 793 4026 Charino,
841 3963 944 4018 sibi
990 3963 1058 4016 ad
1110 3972 1194 4017 ter
1232 3963 1511 4032 repetitam
1564 3964 1775 4032 prandii
1822 3972 1956 4018 tem-

375 4065 512 4120 pore
547 4051 693 4104 cervi
731 4067 919 4105 vocem
965 4052 1236 4116 illudenti,
1293 4062 1522 4107 mortem
1573 4055 1641 4108 ab
1689 4054 1790 4108 hoc
1820 4071 1956 4123 pra;-

377 4142 686 4195 nuntiatam
716 4141 1073 4211 significarit;
1117 4159 1345 4197 uxorem
1376 4155 1558 4199 autem
1595 4146 1714 4215 ejus
1746 4162 1776 4200 a
1803 4162 1960 4216 para-

376 4233 482 4303 lysi
540 4234 823 4288 liberatam
881 4233 1150 4290 ordinarit
1208 4236 1601 4303 diaconissam,
1655 4253 1764 4290 nam
1835 4238 1958 4294 sine

378 4326 500 4379 utili
531 4325 597 4379 ad
639 4327 911 4395 reliquum
965 4327 1174 4382 clerum
1222 4329 1278 4382 in
1335 4328 1512 4383 officio
1560 4330 1952 4386 continendum

377 4417 658 4486 exemplo;
690 4418 824 4487 quin
862 4418 1026 4472 etiam
1061 4418 1257 4473 solitus
1287 4435 1395 4472 non
1436 4420 1694 4488 perficere
1724 4421 1957 4476 oblatio-

2047 1942 2384 1997 Sozomenus
2417 1941 2530 2010 (lib.
2568 1956 2665 2002 vn,
2706 1955 2823 2008 cap.
2866 1936 2981 2007 27).
3011 1935 3129 1990 l‘luc
3150 1950 3313 2005 porro
3361 1948 3626 1988 reversus.

2046 2033 2289 2089 lsaacum
2325 2031 2574 2086 Judzeum
2615 2031 2751 2102 legis
2787 2029 3018 2099 peritum
3047 2028 3151 2082 sibi
3186 2025 3516 2096 adjunxerit,
3564 2032 3619 2078 et

2045 2143 2228 2184 coram
2261 2125 2526 2181 Romanis
2557 2125 2786 2185 nuntiis,
2812 2126 2880 2177 ab
2913 2121 3146 2176 Arcadio
3171 2128 3227 2175 et
3250 2118 3492 2174 Honorio
3515 2118 3618 2170 im-

2046 2219 2390 2291 peratoribus
2424 2218 2490 2272 ad
2522 2217 2701 2286 ipsum
2737 2216 2969 2269 Romam
3001 2211 3378 2268 adducendum
3406 2209 3616 2272 missis,

2053 2313 2506 2370 calumniatorem
2547 2325 2706 2365 suum
2742 2307 3183 2372 Fausﬂnianum,
3225 2306 3450 2360 innoxio
3483 2307 3642 2359 alias.

2056 2405 2193 2460 fabri
2240 2404 2475 2472 alicujus
2522 2403 2674 2471 lapsu
2721 2402 3077 2471 oppressum,
3131 2400 3426 2461 suscitans,
3475 2399 3624 2451 mille

2053 2512 2308 2552 nummos
2333 2500 2402 2550 ab
2444 2495 2560 2564 ejus
2591 2509 2760 2548 uxore
2793 2494 3007 2547 oblatos
3036 2492 3237 2546 dicitur
3269 2491 3491 2546 fabricae
3521 2505 3622 2559 ap-

2049 2586 2305 2655 plicasse,
2335 2595 2500 2654 atque
2523 2584 2607 2637 vita
2659 2583 2886 2637 Romam
2939 2581 3245 2652 navigasse,
3277 2596 3402 2635 cum
3439 2581 3639 2636 lsaaco.

2052 2687 2214 2746 atque
2249 2677 2492 2747 Polybio,
2541 2675 2732 2729 relicto
2775 2676 2843 2728 ad
2893 2673 3138 2728 ecclesia:
3185 2671 3622 2727 Constantiensis

2051 2770 2311 2826 vicariam
2344 2785 2530 2824 curam
2566 2768 2814 2833 Philone,
2844 2781 2960 2820 uno
2981 2781 3044 2820 ex
3087 2765 3300 2834 legatis,
3333 2779 3493 2834 quem
3527 2778 3646 2832 pro-

2053 2864 2276 2918 civitate
2337 2861 2582 2931 Carpasii
2630 2862 2944 2931 episcopum
3001 2858 3327 2913 nominarat.
3377 2856 3628 2926 Carpasii

2054 2954 2248 3008 civitas
2278 2969 2443 3023 quam
2490 2953 2668 3007 norim
2708 2952 2858 3005 nulla
2906 2958 2992 3004 est
3023 2967 3037 3003 :
3065 2948 3373 3016 Carpathus
3421 2947 3628 3011 insula,

2057 3046 2351 3118 Cycladum
2385 3047 2586 3100 extima
2629 3045 2767 3098 inter
2809 3043 3026 3098 Cretam
3061 3050 3115 3096 et
3155 3040 3432 3103 Rhodum,
3466 3039 3629 3109 longo

2059 3139 2228 3194 maris
2262 3146 2441 3193 tractu
2474 3138 2644 3191 distat
2680 3151 2712 3190 a
2745 3135 2946 3207 Cypro,
2990 3135 3057 3188 ad
3107 3134 3266 3203 cujus
3315 3132 3630 3201 metropoli-

2057 3239 2168 3285 tam
2195 3246 2537 3299 nequaquam
2580 3229 2859 3299 spectabat
2884 3228 2931 3282 ei
2971 3225 3276 3295 providere.

2129 3323 2216 3377 52.
2253 3320 2362 3377 Sed
2386 3321 2499 3375 inec
2530 3320 2733 3374 leviora
2761 3327 2889 3374 sunt
2924 3337 2937 3372 :
2974 3332 3095 3387 quae
3124 3323 3430 3386 sequuntur
3463 3331 3631 3385 quam

2054 3425 2285 3486 possunt
2327 3413 2561 3484 speciem
2601 3413 2803 3466 habere
2846 3411 2930 3466 vel
2980 3409 3278 3464 tolerabilis
3322 3409 3629 3464 mendacii?

2053 3505 2322 3560 Arcadius
2351 3512 2514 3558 natus
2538 3509 2657 3556 erat
2682 3516 2838 3556 anno
2857 3499 2963 3555 574
2999 3499 3264 3556 decennio
3289 3508 3412 3568 post
3437 3497 3627 3552 l’lono-

2054 3601 2192 3660 rius,
2225 3606 2523 3666 utrumque
2545 3596 2612 3650 de
2635 3594 2908 3663 baptismo
2944 3593 3184 3662 suscepit
3218 3593 3300 3646 vir
3332 3593 3386 3645 in
3416 3591 3628 3646 Palatio

2057 3691 2310 3748 sublimis
2350 3689 2575 3743 nomine
2601 3685 2892 3749 Arsenius,
2939 3693 2994 3739 et
3037 3685 3327 3753 utriusque
3358 3683 3632 3752 juventuti

2057 3783 2417 3840 informanda:
2453 3779 2696 3852 praefuit;
2735 3778 2899 3834 simul
2930 3778 3008 3831 illi
3033 3775 3222 3832 Romae
3249 3775 3468 3831 fuerunt
3495 3791 3634 3829 nun-

2056 3892 2242 3948 quam,
2275 3875 2368 3930 sed
2412 3889 2515 3927 nec
2557 3870 2918 3942 Epiphanius,
2960 3868 3108 3938 quod
3157 3868 3378 3937 quidem
3423 3867 3632 3922 sciatur

2057 3968 2163 4022 nisi
2198 3966 2364 4021 semel
2401 3975 2612 4019 tantum
2654 3977 2799 4017 anno
2842 3961 2968 4016 582.
3014 3961 3236 4014 Illorum
3273 3974 3431 4014 soror
3472 3961 3642 4013 unicae

2058 4059 2210 4115 Galla
2238 4057 2476 4112 Placidia
2527 4056 2642 4126 (sed
2684 4070 2750 4109 ex
2796 4052 3032 4109 secundo
3063 4051 3353 4107 Theodosii
3394 4052 3632 4120 impera-

2061 4152 2198 4206 toris
2227 4151 2505 4220 conjugio,
2525 4148 2626 4203 sub
2652 4162 2857 4201 annum
2885 4146 3150 4201 duntaxat
3170 4144 3274 4200 587
3296 4144 3631 4214 contracto),

2059 4259 2168 4313 quo
2195 4242 2414 4311 quidem
2449 4254 2594 4293 anno
2624 4238 2850 4308 prazcise
2893 4238 2965 4292 sit
3001 4245 3128 4290 nata
3177 4236 3492 4304 ignoratur;
3536 4237 3632 4289 sed

2059 4333 2300 4403 quandiu
2326 4331 2593 4384 Arcadius
2619 4328 2774 4395 vixit,
2815 4326 3001 4381 Roma:
3027 4341 3134 4380 non
3171 4325 3292 4380 fuit.
3331 4325 3409 4380 Eo
3449 4335 3633 4380 autem

2061 4425 2163 4479 sub
2189 4436 2392 4477 annum
2425 4420 2527 4474 408
2579 4425 2818 4484 mortuo,
2863 4417 2931 4472 ad
2971 4416 3193 4471 fratrem
3243 4414 3543 4471 Honorium
3577 4416 3633 4469 in

379 4526 529 4571 nem,
592 4511 769 4566 donec
818 4511 1084 4566 visionem
1136 4512 1401 4578 vidisset;
1455 4529 1581 4567 cum
1635 4529 1695 4568 ea
1754 4524 1953 4584 praeter
1983 4530 2028 4584 ι)
2060 4511 2267 4566 Italiam
2318 4509 2595 4581 profecta,
2635 4508 2764 4562 dum
2822 4505 3008 4561 Roma:
3061 4520 3254 4562 secure
3292 4507 3404 4576 agit
3451 4506 3632 4561 adhuc

379 4619 592 4657 morem
627 4605 960 4668 differretur,
994 4608 1195 4672 jorasse
1223 4614 1278 4659 et
1312 4609 1654 4676 cognovisse,
1698 4608 1750 4660 in
1787 4624 1953 4664 causa

378 4709 551 4749 mora:
593 4711 716 4750 esse
763 4699 1107 4765 praesentiam
1151 4697 1390 4760 diaconi,
1441 4697 1626 4751 eadem
1673 4708 1829 4754 nocte
1873 4701 1958 4754 usi

376 4788 616 4858 conjuge
644 4804 780 4854 sua;
812 4804 983 4858 quare
1021 4789 1168 4846 solos
1215 4791 1432 4846 caelibes
1476 4792 1732 4862 deinceps
1759 4794 1826 4848 ad
1855 4795 1960 4848 mi-

377 4880 667 4934 nisterium
699 4881 890 4936 altaris
924 4881 1216 4936 ordinarit.

979 5015 1212 5073 CAPUT
1250 5016 1357 5072 Vll.

377 5128 606 5192 Cretera,
629 5136 685 5181 ut
718 5145 751 5181 a
780 5127 1001 5198 Polybio
1028 5130 1283 5198 adjuncta
1314 5129 1692 5196 obtrudumur,
1719 5147 1958 5201 expeosa.

454 5241 545 5295 5|.
577 5242 768 5312 Capite
795 5245 1064 5312 superiori
1097 5246 1266 5300 relata
1315 5246 1500 5300 omnia
1526 5246 1837 5315 scripsisse,
1873 5239 1958 5300 in-

379 5329 501 5384 scio
525 5329 808 5399 invitoque
835 5343 1042 5397 sancto,
1074 5334 1294 5402 ﬁngitur
1319 5333 1431 5404 jam
1472 5351 1616 5405 saepe
1644 5337 1959 5393 nominatus

377 5418 646 5486 Joannes,
671 5419 956 5491 Epiphanii
992 5426 1273 5494 presbyter
1308 5434 1362 5480 et
1407 5427 1667 5481 itinerum
1710 5430 1955 5483 omnium

378 5508 598 5574 socius;
630 5510 725 5578 qui
754 5511 1054 5567 moriturus
1083 5513 1350 5568 advocato
1371 5515 1439 5568 ad
1467 5530 1525 5570 se
1552 5515 1775 5588 Polybio
1825 5519 1963 5572 lam-

377 5601 524 5671 pada
555 5601 862 5657 tradiderit.
904 5601 1005 5657 Hic
1044 5619 1174 5672 ergo
1213 5605 1490 5660 inducitur
1513 5623 1764 5674 narrans,
1819 5626 1962 5680 quo-

377 5692 550 5745 modo
597 5703 820 5747 sanctus
874 5695 1202 5764 episcopus,
1259 5696 1520 5754 divinitus
1572 5701 1815 5757 monitus
1861 5719 1958 5772 pro

378 5795 611 5841 eatenus
657 5800 822 5854 parva
868 5801 1120 5859 magnam
1179 5789 1464 5846 ecclesiam
1516 5809 1545 5846 a
1591 5794 1961 5852 fundamentis

2061 4607 2236 4675 virgo,
2268 4619 2412 4658 anno
2451 4601 2556 4656 409
2601 4616 2633 4656 a
2669 4600 2882 4666 Gothis,
2924 4599 2992 4653 ad
3020 4599 3216 4654 Urbem
3268 4609 3395 4654 ante
3425 4615 3632 4654 annum

2062 4706 2274 4765 captam
2299 4709 2365 4748 ex
2395 4693 2693 4762 improviso
2731 4692 3018 4762 regressis,
3052 4693 3212 4746 etiam
3245 4692 3362 4760 ipsa
3393 4693 3649 4761 capitur,

2061 4790 2130 4842 ab
2180 4802 2369 4842 eorum
2392 4801 2519 4856 rege
2560 4784 2834 4854 Ataulpho
2860 4787 2914 4840 in
2951 4800 3179 4840 uxorem
3200 4789 3458 4848 sum-itur,
3495 4785 3632 4839 etin

2061 4878 2377 4948 Hispaniam
2411 4880 2728 4945 abducitur;
2762 4879 2915 4933 fratri
2960 4888 3140 4934 autem
3176 4879 3386 4933 reddita
3413 4888 3467 4932 et
3495 4877 3634 4932 Con-

2062 4971 2264 5026 stantio
2291 4971 2580 5040 desponsa,
2627 4969 3068 5024 Valentinianum
3107 4968 3386 5024 Juniorem
3425 4971 3634 5039 peperit

2062 5078 2208 5118 anno
2237 5063 2363 5130 418,
2415 5079 2517 5117 nec
2563 5063 2730 5116 alium
2778 5063 2950 5116 scitur
2991 5062 3158 5115 filium
3213 5061 3490 5122 habuisse,
3524 5061 3635 5116 nisi

2062 5155 2246 5209 forsan
2277 5170 2344 5209 ex
2372 5170 2497 5225 rege
2537 5155 2766 5209 barbaro
2802 5155 2858 5208 in
2893 5153 3152 5223 Hispania
3211 5154 3310 5209 SS.
3354 5153 3632 5209 Theodul-

2063 5247 2229 5314 phum
2273 5260 2336 5300 ac
2385 5245 2788 5300 Theodoricum
2841 5247 3076 5316 peperit,
3126 5247 3194 5301 de
3241 5247 3438 5315 quibus
3493 5247 3634 5315 apud

2063 5337 2316 5394 Treviros
2354 5340 2587 5395 mortuis
2636 5349 2815 5394 acuun
2869 5355 2899 5394 a
2948 5343 3150 5397 nobisl
3187 5344 3338 5396 Maii.
3371 5343 3644 5410 Quamvis-

2064 5440 2248 5484 aulem‘
2278 5431 2393 5486 hazc
2419 5432 2602 5487 omnia
2647 5433 2952 5488 certissima
3002 5436 3132 5497 sint,
3185 5437 3406 5505 tingitur
3451 5448 3643 5495 tamen-

2064 5521 2401 5592 Epiphanius
2440 5524 2508 5578 ab
2524 5523 2761 5579 Arcadio
2785 5533 2840 5578 et
2871 5524 3132 5592 Honorio,
3162 5538 3219 5582 ut
3247 5530 3379 5587 dixi.
3405 5542 3638 5588 vocatus

2066 5612 2295 5668 [lernam
2327 5613 2394 5668 ad
2412 5630 2599 5672 eorum
2623 5631 2822 5685 aegram
2848 5633 3089 5674 sororem
3117 5623 3414 5691 curandam
3437 5643 3449 5677 :
3471 5625 3636 5695 idque

2066 5721 2174 5758 non
2219 5715 2426 5760 tantum
2455 5708 2803 5774 praestitisse,
2839 5707 2938 5763 sed
2961 5710 3121 5765 etiam
3141 5712 3259 5782 ejus
3283 5714 3453 5768 filium
3485 5731 3636 5770 mor-

2069 5807 2221 5853 tuum
2319 5799 2650 5866 suscitasse,
2704 5801 2795 5856 tali
2884 5803 3040 5874 lege,
3131 5819 3190 5861 ut
3271 5807 3659 5878 imperatores.
