4088 6362
519 356 624 416 “1

1540 355 1600 414 S.
1643 355 1988 413 ΕΡῙΡΒΑΝΙΙ
2029 357 2210 412 ACTA
2251 353 2733 412 BOLLANDIANA

3673 351 3780 413 N3

519 491 646 532 cum
677 487 868 530 sorore
907 480 1070 544 alque
1101 481 1297 544 nepote
1337 471 1496 528 ﬁdem
1550 472 1894 541 susciperent
1930 473 2096 528 Chri-
2127 479 2168 533 Α
2202 481 2350 526 retur
2367 473 2432 527 ad
2451 471 2678 526 fundum
2697 482 2820 526 emo
2841 475 2943 526 sint
2964 466 3780 539 vindicantiumAdditimpera-

519 569 752 626 stianam
799 585 815 624 :
855 568 1002 640 quod
1049 575 1105 622 et
1155 566 1406 630 fecerint,
1473 567 1731 637 baptizati
1783 581 1978 622 omnes
2027 567 2096 621 ab

518 660 857 732 Epiphanio,
913 659 1345 731 suscipientibus
1391 677 1412 711 ι
1473 659 1772 713 Arcadium
1833 657 2096 729 Polybio,

521 753 825 810 Honorium
879 752 1088 816 lsaaco.
1143 772 1163 805 ι
1217 769 1407 808 eorum
1457 772 1476 804 ι
1536 768 1780 807 sororem
1834 750 2098 807 Proclisia

516 842 776 907 Patricia,
813 853 868 899 et
907 845 1078 899 ﬁlium
1123 843 1286 914 hujus
1320 844 1558 913 quodam
1610 844 1884 908 eunucho,
1931 863 1949 895 ι
1987 860 2096 899 non

518 938 638 992 sine
661 937 944 1007 prodigiis.
975 937 1038 992 Et
1061 937 1174 992 haec
1207 937 1426 1005 quidem
1468 937 1648 991 omnia
1679 936 1891 992 vivente
1918 937 2100 992 adhuc

522 1025 834 1085 Theodosio
869 1027 1098 1084 Seniore
1127 1029 1398 1100 Augusto,
1441 1038 1604 1098 atque
1657 1027 1794 1083 adeo
1837 1039 1962 1085 ante
1994 1045 2096 1083 an-

520 1136 653 1175 num
677 1120 802 1185 595,
835 1135 946 1190 quo
977 1121 1066 1176 hic
1099 1134 1130 1175 e
1153 1121 1263 1176 vita
1293 1121 1565 1192 migravit.

591 1211 682 1267 53.
715 1210 890 1267 Roma
925 1211 979 1266 in
1014 1211 1249 1284 Cyprum
1284 1228 1556 1279 reversus,
1595 1223 1653 1268 ut
1698 1213 1939 1284 ﬁngitur,
1973 1211 2100 1283 Epi-

517 1307 757 1378 phanius
802 1322 912 1361 non
965 1305 1280 1360 diuturnam
1326 1307 1397 1360 ibi
1447 1309 1686 1375 quietem
1744 1308 1954 1372 habuit,
2005 1307 2099 1361 sed

518 1408 808 1470 postquam
842 1397 975 1452 fami
1013 1397 1268 1467 publica.
1307 1398 1570 1465 coemptis
1607 1397 1944 1452 Faustiniani
1982 1397 2098 1451 fru-

518 1493 677 1562 gibus
704 1492 1000 1562 prudenter
1027 1493 1422 1557 consuluisset,
1454 1503 1506 1546 et
1540 1493 1764 1547 insidias
1782 1494 1904 1547 vita:
1930 1508 2043 1547 sua:
2066 1507 2098 1547 a

470 1614 476 1621 -
519 1581 721 1638 Ruﬁno
761 1584 997 1638 diacono
1022 1600 1145 1642 suo.
1185 1601 1252 1639 ex
1302 1586 1543 1654 ejusdem
1592 1586 1931 1642 Faustiniaui
1962 1603 2098 1657 sug-

439 1654 478 1735 ς’-
519 1673 786 1745 gestione,
819 1684 1039 1744 paratas
1062 1675 1246 1729 divina
1279 1677 1623 1745 praenotione—
1645 1677 1946 1743 evasisset,
1971 1654 2099 1732 Iavo-

439 1749 446 1763 ’
519 1775 675 1822 catur
717 1766 1276 1837 Constantinopolim,
1321 1771 1386 1823 ad
1428 1771 1744 1838 praedictum
1800 1771 2095 1840 imperato-

519 1874 634 1914 rem
673 1857 1073 1924 Theodosium;
1108 1875 1269 1930 quem
1298 1862 1525 1930 pedibus
1561 1862 1897 1917 laborantem
1934 1879 2098 1919 sana-

519 1948 679 2014 verit,
711 1949 952 2002 laetitiam
991 1949 1200 2006 faciens
1221 1967 1329 2006 non
1365 1961 1572 2005 tantum
1603 1953 1728 2022 ipsi,
1765 1953 1858 2008 sed
1883 1962 1936 2008 et
1971 1954 2097 2009 ﬁliis

519 2041 757 2096 Arcadio
805 2051 978 2112 atque
1027 2041 1288 2108 Honorio,
1335 2060 1430 2114 per
1481 2046 1700 2100 eosdem
1752 2047 1867 2100 dies
1924 2045 2096 2101 Roma

518 2134 1048 2204 Constantinopolim
1083 2137 1334 2191 reversis.
1357 2137 1515 2192 Prius
1548 2148 1724 2192 autem
1749 2156 1911 2208 quam
1945 2140 2012 2193 ab
2034 2141 2101 2195 iis

519 2227 824 2282 discederet
865 2236 1109 2291 sanctus,
1166 2227 1552 2283 Faustinianus
1603 2230 1792 2284 eodem
1833 2231 2098 2285 adductus

521 2319 576 2373 in
611 2320 845 2375 vinculis
874 2321 1013 2374 male
1053 2322 1255 2375 dicitur
1288 2323 1544 2391 periisse;
1595 2323 1934 2392 rcdiisseque
1975 2323 2100 2391 1³ρὶ-

520 2411 762 2479 plianius
795 2411 848 2465 in
879 2412 1124 2484 Cyprum
1153 2430 1276 2468 cum
1306 2415 1599 2478 mandatis,
1647 2423 1704 2468 ut
1758 2429 2099 2484 qumcunque

521 2500 672 2556 illius
697 2500 913 2555 fuerant
945 2503 1202 2558 retineret
1225 2504 1309 2573 pia
1343 2521 1479 2558 uxor
1505 2521 1626 2574 qum
1658 2507 1841 2559 omnia
1874 2507 1937 2559 ad
1968 2521 2100 2560 usus

519 2591 768 2647 ecclesia:
825 2593 1163 2662 consignarit
1209 2593 1462 2648 ordinata
1522 2597 1850 2650 diaconiSsa.
1899 2596 2103 2652 Deinde

519 2682 741 2737 Aetium
799 2683 1308 2740 Valentinianorum
1355 2686 1672 2755 episcopum
1719 2688 2101 2742 obmutescere

522 2772 744 2841 fecerit;
777 2775 872 2830 sed
918 2786 972 2830 et
1007 2787 1196 2832 contra
1245 2777 1494 2848 Ophitas,
1535 2778 1896 2848 Sabellianos,
1936 2780 2099 2837 Nico-

522 2865 708 2934 laitas,
759 2866 1129 2938 Simonianos,
1179 2869 1642 2940 Carpocratianos
1683 2873 1996 2936 haereticos,
2044 2875 2100 2928 in

521 2958 701 3029 Cypro
735 2959 1072 3024 nidulantes,
1107 2963 1431 3033 rescriptum
1466 2963 1760 3019 Theodosii
1806 2968 2096 3036 acceperit,

523 3059 585 3104 ut
617 3051 947 3120 pellerentur
979 3053 1048 3108 ab
1076 3054 1277 3108 insula.
1309 3055 1554 3121 Quorum
1581 3071 1745 3125 quam
1774 3074 1915 3127 zegre
1939 3061 2102 3128 quid-

2130 1833 2178 1887 Β

2201 567 2390 618 tricem
2425 566 2695 620 obtulisse
2732 565 2909 620 viduae
2952 563 3188 634 pretium
3237 563 3424 629 illius;
3471 561 3617 632 quod
3645 577 3779 616 sane

2197 665 2259 711 ut
2295 659 2383 711 illa
2435 666 2745 727 acceptaret
2767 667 2862 712 aut
2889 657 3131 711 oblatum
3171 655 3307 710 alibi
3331 655 3618 725 prandium,
3651 670 3776 708 con-

2201 750 2408 805 sultius
2454 750 2653 804 fuisset
2698 749 2934 804 suadere
2977 751 3141 813 laesa,
3199 763 3366 818 quam
3419 762 3518 816 pro
3559 762 3775 800 summo

2196 844 2322 914 jure
2350 853 2536 898 tantas
2569 843 2758 898 turbas
2801 856 3046 904 movere,
3089 850 3327 910 quantas
3364 838 3627 908 consequi
3675 854 3773 892 ne-

2201 953 2357 992 cesse
2389 944 2528 999 erat,
2563 936 2609 991 si
2641 951 2737 1006 per
2787 932 3370 990 excommunicationis
3409 931 3645 1012 rigorem
3677 944 3774 984 cx-

2200 1028 2516 1085 cluderctur
2542 1027 2612 1080 ab
2641 1025 2876 1080 ecclesia
2914 1021 3258 1093 imperatrix.
3305 1019 3491 1091 itaque
3518 1019 3775 1075 existimo

2202 1134 2380 1190 neque
2411 1119 2518 1173 tale
2550 1115 2848 1187 quidquam
2880 1114 2949 1169 ab
2985 1114 3087 1168 hac
3136 1111 3402 1173 oblatum,
3455 1118 3773 1177 pra'textum

2201 1223 2383 1266 autem
2413 1211 2562 1265 illius
2581 1210 2694 1277 agri
2721 1206 3026 1278 usurpandi
3057 1205 3224 1260 alium
3256 1220 3360 1255 nou
3393 1204 3578 1266 fuisse,
3608 1215 3780 1270 quani

2203 1304 2350 1374 quod
2382 1312 2632 1357 mortuus
2659 1310 2803 1356 esset
2827 1301 2881 1354 in
2914 1299 3110 1353 exsilio
3138 1297 3311 1350 viduae
3331 1292 3692 1361 ejusmarit‘us
3725 1306 3781 1342 et

2201 1397 2343 1451 bona
2387 1397 2517 1451 olim
2572 1397 2706 1450 lisco
2773 1393 3005 1450 addicta.
3045 1389 3232 1458 Neque
3284 1405 3369 1440 me
3407 1393 3586 1440 movet
3629 1383 3775 1453 quod

2199 1491 2450 1546 eamdem
2486 1504 2599 1544 rem
2632 1489 2685 1542 in
2719 1486 2974 1542 encomio
3015 1479 3394 1554 Chrysostomi
3441 1485 3626 1530 narret
3673 1475 3780 1527 leo

2202 1587 2539 1654 imperator;
2577 1587 2801 1651 apparet
2834 1578 2978 1633 enim
3010 1591 3132 1630 eum
3171 1573 3476 1630 inlisas-isse.
3519 1569 3637 1622 sine
3668 1567 3780 1618 ullo

2200 1677 2471 1738 examine,
2509 1674 2635 1728 huic
2666 1681 2772 1726 tam
2810 1676 3140 1740 portentosze
3186 1665 3320 1719 Vita!
3361 1663 3417 1717 S.
3471 1660 3776 1731 Epiplmnii.

2277 1768 2364 1821 55.
2406 1765 2537 1820 Utut
2573 1766 2662 1827 sit,
2700 1762 2921 1834 fmgitur
2957 1776 3023 1814 eo
3077 1773 3252 1828 usque
3287 1759 3422 1812 irata
3459 1755 3780 1822 imperatr'x

2204 1870 2262 1916 t
2303 1863 2366 1915 de
2404 1859 2614 1914 Joanne
2640 1855 2961 1926 deponendo
2999 1852 3229 1922 coeperit
3269 1851 3476 1920 agitare
3522 1846 3776 1903 consilia.

2202 1955 2322 2021 Quo
2387 1956 2609 2023 cognito
2664 1948 3003 2018 Theophilus
3063 1943 3404 2017 persuaserit
3469 1941 3778 2012 Epiphanio

2203 2046 2461 2112 navigare
2521 2039 3080 2110 Constantinopolim.
3140 2035 3252 2092 Huc
3315 2037 3604 2105 appulsum
3653 2051 3778 2088 cum

2203 2138 2426 2209 Polybio
2457 2145 2510 2189 ct
2545 2134 2729 2191 Isaaco
2766 2134 2936 2203 (nulla
2967 2131 3106 2185 facta
3141 2130 3419 2184 mentione
3449 2128 3777 2196 Crispiouis,

2203 2234 2268 2286 de
2287 2247 2394 2298 quo
2420 2227 2566 2299 mox)
2593 2225 2970 2282 sollicitaverit
2992 2221 3332 2292 imperatris,
3362 2229 3421 2274 ut
3447 2220 3499 2272 i’n
3528 2218 3779 2282 Joannis,

2203 2335 2462 2394 tanquam
2511 2321 2907 2392 perturbaloris
2955 2327 3011 2373 et
3063 2317 3325 2379 haeretici,
3379 2314 3779 2384 depositionem

2202 2417 2575 2478 consentiens,
2605 2413 2845 2481 seipsum
2877 2412 2931 2464 in
2957 2410 3078 2479 ejus
3115 2409 3296 2462 locum
3338 2416 3613 2475 pateretur
3644 2405 3778 2458 sub-

2203 2512 2384 2574 stitui;
2417 2507 2662 2561 molliora
2697 2521 2823 2561 vero
2855 2504 3110 2560 suadenti
3152 2502 3460 2572 Epiphanio
3480 2501 3684 2553 miuafa
3711 2499 3782 2552 sit

2202 2602 2422 2656 dicens:
2449 2622 2465 2652 ι
2495 2600 2550 2654 Si
2579 2600 2748 2654 fueris
2775 2597 3162 2668 impedimento
3201 2593 3781 2665 quominusjmittatur
3825 2635 3828 2638 .

2200 2694 2438 2750 Joannes
2483 2694 2536 2747 in
2585 2692 2879 2754 exsilium,
2939 2690 3180 2758 aperiam
3234 2686 3432 2756 templa
3485 2685 3783 2748 idolorum,

2201 2797 2307 2842 etc.
2348 2807 2366 2840 ›
2411 2787 2662 2855 Cumque
2691 2785 2758 2838 ad
2798 2783 2914 2838 hazc
2949 2780 3317 2852 ingemiscens
3356 2777 3698 2848 Epiphanius
3724 2791 3795 2830 se

2203 2879 2287 2938 ab.
2307 2879 2409 2932 hoc
2438 2877 2647 2944 judicio
2686 2876 3032 2929 innocentem
3069 2879 3488 2941 protestaretur,
3539 2884 3648 2922 non
3705 2876 3787 2920 ta-

2203 2985 2328 3023 men
2385 2969 2666 3037 effugisse,
2719 2965 3016 3034 quominus
3067 2965 3348 3016 diceretur
3403 2958 3788 3023 consensisse;

2205 3063 2388 3130 itaque
2425 3059 2689 3113 Joannem
2726 3069 2947 3127 accepta
2971 3056 3160 3110 charta
3187 3055 3236 3109 ei
3271 3053 3592 3122 seripsisse:
3633 3069 3650 3101 ι
3688 3047 3789 3102 Sa-

523 3159 690 3214 quam
720 3146 1035 3214 possitcum
1069 3148 1296 3202 veritate
1326 3150 1649 3213 consistere,
1698 3153 1894 3220 partim
1929 3154 2096 3222 liquet
2129 3173 2172 3234 ε
2207 3157 2359 3224 piens
2383 3152 2671 3222 Epiphani,
2719 3166 2980 3204 assensus
2995 3163 3054 3202 es
3077 3163 3198 3200 meo
3227 3145 3463 3200 exsilio?
3494 3142 3548 3196 ln
3580 3141 3782 3194 throno

524 3252 588 3290 cx
613 3236 796 3303 dictis,
829 3239 1028 3307 partim
1081 3238 1262 3307 quoad
1309 3237 1653 3294 Sabellianos
1683 3241 1887 3294 revinci
1927 3251 2101 3310 potest

523 3343 590 3382 ex
614 3326 917 3398 Epiphanio
948 3330 1042 3398 qui
1076 3330 1266 3384 haeresi
1299 3347 1406 3385 thl
1447 3346 1750 3400 agnoscens
1778 3333 1941 3403 huius
1971 3343 2102 3388 tunc

525 3433 682 3473 nova:
705 3419 885 3474 adhuc
917 3428 1080 3474 secta:
1114 3420 1378 3489 plurimos
1419 3431 1530 3474 tmn
1588 3422 1642 3475 in
1683 3421 2096 3492 Mesopotamia,

525 3520 644 3566 tum
680 3510 868 3567 Romae
913 3512 1144 3579 versari,
1184 3529 1297 3566 non
1343 3515 1698 3583 praateriisset
1745 3516 2005 3586 Cyprum,
2057 3518 2103 3573 si

526 3607 595 3662 ad
629 3621 752 3661 eam
791 3607 1037 3676 ipsorum
1074 3606 1384 3676 pertigisset
1426 3623 1718 3674 venenum,
1757 3609 1900 3664 sicut
1943 3611 1996 3665 id
2037 3611 2105 3665 de

528 3701 929 3758 Valentinianis
955 3701 1170 3756 dixerat
1197 3703 1386 3757 haeresi
1416 3719 1572 3766 xxxi,
1599 3703 1848 3772 Ophitas,
1873 3703 2105 3760 Nicolai-

525 3804 632 3858 tas,
662 3793 1034 3858 Simonianos,
1057 3793 1534 3865 Carpocratianos.
1554 3797 1657 3851 sub
1685 3798 1769 3852 bis
1792 3799 2106 3852 nominibus

525 3886 707 3942 adhuc
741 3886 1079 3957 superfuisse
1127 3889 1329 3943 saeculo
1361 3905 1433 3954 tv,
1463 3899 1694 3944 exeunte
1733 3891 1856 3959 quis
1888 3890 2109 3944 credat?

597 3976 685 4031 54.
720 3975 908 4031 Restat
944 3977 1157 4040 ultima,
1209 3989 1304 4032 aut
1340 3979 1522 4032 verius
1575 3979 1761 4040 unica,
1817 3979 2104 4048 lipiphanii

525 4068 595 4123 ad
645 4069 836 4122 urbem
897 4068 1564 4139 Constantinopolitauam
1619 4070 1906 4138 profectio,
1963 4085 2108 4124 anno

525 4160 632 4214 402
653 4161 720 4215 ad
748 4161 910 4217 finem
937 4172 1212 4232 vergente,
1239 4173 1334 4217 aut
1360 4164 1608 4232 sequenti
1631 4165 1739 4233 jam
1769 4164 1922 4218 inito.
1956 4162 2108 4217 Hanc

526 4255 596 4308 ab
638 4269 745 4309 ovo
789 4255 1081 4310 exordiens
1123 4255 1396 4311 fabulator
1437 4267 1645 4317 noster,
1701 4256 1878 4325 primo
1919 4264 2108 4309 narrat

526 4345 811 4415 Theophili
846 4347 1134 4401 dissidium
1171 4363 1302 4401 cum
1349 4346 1611 4401 fratribus
1653 4345 1876 4414 Longis,
1931 4347 2108 4401 tribus

528 4435 737 4490 scilicet
775 4436 902 4492 liliis
944 4435 1297 4492 Heracleonis
1345 4437 1670 4506 imperantis
1720 4437 2104 4503 Alexandriae,

2206 3253 2302 3299 tuo
2338 3262 2443 3298 non
2474 3243 2690 3298 sedcbis
2734 3229 3006 3311 amplius;
3055 3259 3072 3290 ι
3115 3237 3478 3308 Epiphanium
3515 3246 3644 3287 vero
3699 3244 3790 3284 re-

2206 3339 2495 3407 scripsisse
2527 3355 2537 3391 :
2573 3356 2590 3386 ι
2630 3337 2849 3389 Athleta
2885 3333 3110 3398 Christi,
3147 3333 3459 3393 verberare,
3493 3339 3547 3382 et
3578 3325 3734 3379 vince
3767 3339 3783 3375 :

2208 3430 2262 3483 in
2296 3431 2473 3482 locum
2528 3437 2732 3492 autem,
2788 3427 2853 3480 ad
2903 3440 3066 3495 quem
3122 3422 3274 3477 fuisti
3327 3422 3621 3490 relegatus,
3674 3432 3790 3474 non

2209 3523 2416 3576 venies.
2450 3541 2468 3573 ι
2503 3520 2754 3574 Potuitne
2789 3529 3063 3590 postrema
3093 3518 3212 3571 lucc
3250 3530 3350 3585 pro
3379 3513 3553 3576 falsis,
3588 3522 3647 3568 ut
3687 3528 3786 3568 ne-

2208 3614 2452 3669 cessario
2491 3621 2621 3666 sunt
2656 3611 2974 3675 falsissima,
3010 3609 3212 3663 habere
3256 3606 3553 3670 Baronius;
3581 3615 3636 3659 et
3670 3621 3780 3659 non

2210 3705 2395 3760 videre
2458 3705 2797 3773 colloquium
2866 3700 3156 3771 Epiphanii
3219 3713 3346 3753 cum
3407 3696 3784 3765 imperatrice,

2209 3797 2458 3866 ejusdem
2491 3805 2551 3850 ut
2589 3795 2832 3850 auctoris
2880 3794 2962 3849 sic
3005 3803 3058 3846 ct
3100 3791 3223 3844 fidei
3265 3790 3426 3844 esse?
3471 3788 3582 3841 Cur
3629 3787 3792 3857 igitur

2216 3889 2398 3958 ipsum
2427 3889 2683 3957 opposuit
2725 3885 3032 3939 auctoritati
3079 3883 3368 3937 Sozomeui
3426 3891 3686 3950 tanquam
3734 3879 3790 3932 in

2212 3981 2452 4033 favorem
2497 3978 2928 4047 Origrnistarum
2981 3985 3201 4045 propter
3245 3973 3508 4026 Joannem
3555 3987 3790 4040 prOpcu-

2212 4072 2412 4124 sioris?
2445 4069 2753 4139 Utrumque
2798 4085 2930 4123 sane
2969 4070 3129 4120 velim
3180 4066 3463 4136 aequaliter
3502 4068 3792 4134 rejectnm,

2211 4164 2432 4233 quando
2464 4163 2700 4231 priorem
2730 4160 2992 4214 Eudoxiae
3019 4175 3144 4213 cum
3173 4159 3569 4229 Chrysostomo
3593 4157 3794 4223 rixam,

2212 4272 2336 4328 qua:
2375 4253 2671 4309 Theodosii
2711 4253 2953 4323 junioris
2991 4251 3334 4306 nativitatem
3367 4265 3433 4304 ac
3465 4248 3603 4303 forte
3629 4251 3795 4303 etiam

2214 4366 2304 4404 an.
2342 4348 2468 4410 391,
2517 4346 2831 4408 antecessit,
2881 4353 3101 4399 constat
3168 4343 3341 4397 fuisse
3381 4340 3742 4408 compositam
3780 4357 3792 4392 :

2213 4451 2269 4498 et
2336 4441 2673 4511 posteriores
2729 4437 2984 4507 querelas
3041 4435 3276 4505 primum
3333 4450 3454 4488 esse
3505 4430 3793 4494 subortas,

525 4530 675 4600 quod
703 4529 832 4584 alibi
859 4545 970 4584 non
1023 4530 1250 4600 legitur;
1301 4542 1354 4584 et
1396 4546 1587 4585 eorum
1643 4546 1810 4585 causa
1859 4539 2108 4585 exortam
2146 4526 2187 4578 Ι)
2213 4533 2433 4606 quando
2466 4551 2484 4582 ‹
2522 4533 2770 4600 digresso
2804 4530 2873 4583 ab
2904 4529 3037 4583 urbe
3070 4527 3396 4596 Epiphanio,
3451 4525 3688 4579 Joannes
3740 4525 3792 4577 in

528 4622 672 4674 inter
715 4619 1077 4691 Theophilum
1133 4631 1188 4676 et
1242 4621 1512 4676 Joannem
1556 4622 1926 4690 discordiam;
1991 4632 2104 4677 tum

527 4715 746 4784 longam
777 4714 844 4769 de
872 4730 1004 4786 agro
1029 4715 1230 4781 vidum,
1256 4731 1352 4785 per
1388 4715 1688 4771 Eudoxiam
1723 4725 1997 4785 usurpato
2013 4732 2110 4786 per

527 4806 980 4878 Chrysostomum
1053 4809 1206 4863 reddi
1273 4809 1463 4878 jusso,
1536 4809 1855 4863 relationem
1933 4811 2106 4872 texit;

527 4916 692 4968 quam
719 4915 902 4954 verum
940 4900 993 4953 in
1026 4901 1336 4955 substantia
1366 4917 1487 4956 esse
1525 4902 1775 4955 dubitare
1817 4917 1923 4954 non
1979 4902 2112 4955 sinit

527 4991 746 5046 Marcus
774 4991 1062 5058 diaconus,
1116 4993 1169 5046 in
1229 4992 1352 5046 Vita
1390 4994 1452 5048 S.
1506 4992 1797 5064 Porphyrii
1855 4994 2108 5048 Caseusis

527 5083 599 5138 26
630 5083 790 5138 Febr.
837 5101 892 5138 n.
929 5085 1018 5151 '57,
1078 5087 1171 5140 sed
1225 5096 1546 5155 praetextum
1601 5087 1721 5156 ejus
1776 5089 1887 5157 agri
1945 5104 2110 5140 usur-

533 5177 696 5246 pandi
727 5193 848 5231 eum
883 5179 1106 5232 adducit
1133 5177 1407 5232 fabulator
1433 5188 1640 5240 noster,
1671 5179 1760 5247 qui
1796 5196 1904 5232 non
1936 5181 2112 5247 possit

533 5284 641 5321 non
670 5284 792 5325 esse
813 5270 881 5323 de
915 5270 1152 5326 falsitate
1180 5281 1501 5340 suspectus;
1532 5272 1676 5340 quod
1705 5271 1914 5326 scilicet
1941 5291 1958 5321 ι
1993 5287 2111 5326 mos

533 5369 619 5412 cst
651 5360 1077 5430 imperatoribus
1101 5373 1153 5417 et
1181 5365 1644 5432 imperati-icilius,
1695 5365 1741 5418 si
1783 5366 1867 5417 vel
1917 5366 2107 5433 pedem

534 5453 780 5508 intulerit
811 5455 862 5509 in
895 5465 1095 5509 terram
1129 5458 1383 5523 alienam,
1421 5468 1474 5511 et
1507 5459 1554 5513 si
1599 5458 1838 5512 fructum
1885 5473 2113 5527 accepe-

535 5545 607 5594 rit
635 5559 699 5596 ex
717 5547 902 5614 aliquo
929 5562 1120 5601 eorum
1152 5564 1275 5617 qua:
1301 5548 1535 5603 fructum
1578 5549 1780 5612 ferunt,
1827 5559 1887 5604 ut
1926 5551 2112 5604 nullus

535 5635 675 5689 alius
721 5637 774 5690 in
819 5655 880 5691 ea
939 5649 1264 5710 potestatem
1317 5642 1512 5696 habeat
1572 5643 1675 5696 nisi
1736 5645 2052 5713 imperator.
2089 5661 2108 5693 ι

535 5725 727 5797 Itaque
757 5729 960 5785 factum
998 5735 1093 5799 ait,
1125 5745 1185 5788 ut
1217 5750 1340 5788 cum
1381 5750 1513 5788 casu
1566 5734 1696 5788 illuc
1734 5735 1981 5803 ingressa
2009 5734 2112 5786 im-

537 5823 772 5887 peratrix
806 5825 1018 5880 bonum
1047 5828 1148 5882 sibi
1175 5829 1525 5896 resecuisset,
1549 5829 1650 5884 hoc
1676 5829 1795 5898 ipso
1825 5829 1940 5896 cogi
1973 5829 2114 5884 vide-

2211 4628 2447 4682 ecclesia
2478 4626 2648 4679 verba
2687 4623 2916 4686 faciens,
2963 4636 3312 4675 communem
3365 4619 3631 4674 adversus
3668 4636 3792 4672 tnu-

2212 4723 2374 4778 lieres
2418 4724 2881 4790 vituperationem
2933 4717 3190 4779 instituit,
3234 4730 3400 4783 quam
3445 4715 3678 4782 populus
3721 4717 3793 4768 ita

2213 4815 2444 4884 accepit,
2493 4813 2650 4884 quasi
2693 4812 2958 4864 adversus
3005 4807 3352 4876 imperatoris
3410 4806 3698 4875 conjugcm
3734 4811 3795 4860 li-

2215 4920 2406 4980 gurate
2434 4906 2735 4976 composita
2768 4903 2981 4964 fuisset,
3023 4922 3040 4947 ι
3082 4902 3158 4955 ttti
3193 4901 3387 4955 scribit
3430 4901 3793 4965 Sozomenus,

2217 5003 2270 5056 in
2308 5003 2410 5055 hoc
2432 5000 2736 5055 conformis
2757 4997 2994 5051 Socrati.
3023 4994 3162 5050 Tum
3193 4995 3409 5049 scilicet
3435 4993 3794 5064 Theophilus,

2214 5095 2306 5158 qui
2347 5094 2496 5148 solus
2539 5091 2719 5146 fuerat
2763 5099 2993 5142 vocatus
3027 5087 3082 5141 in
3129 5087 3343 5151 urbem,
3395 5087 3728 5155 judicaudus
3765 5105 3796 5141 a

2216 5186 2426 5240 Joanne
2457 5185 2509 5238 in
2537 5200 2703 5238 causa
2754 5181 3180 5244 monachorum,
3227 5180 3516 5250 agentibus
3564 5177 3794 5234 Joannis

2215 5277 2430 5332 aemulis
2461 5286 2514 5330 et
2564 5277 2829 5330 suadente
2881 5274 3247 5343 imperatrice,
3307 5281 3471 5340 atque
3522 5270 3793 5341 synodum

2217 5382 2407 5426 contra
2437 5385 2556 5424 eam
2591 5367 3001 5421 convocandam
3041 5373 3322 5434 poscente,
3370 5364 3674 5433 permissus
3713 5373 3796 5417 est

2219 5463 2506 5533 Algyptios
2539 5463 2828 5529 episcopos
2859 5475 3045 5514 secum
3077 5459 3329 5526 ducere;
3365 5456 3456 5525 qui
3493 5455 3546 5508 in
3592 5455 3794 5508 subur-

2218 5555 2307 5608 bio
2339 5553 2702 5607 Chalcedonis
2733 5551 2800 5605 ad
2849 5549 3124 5616 Quercum
3163 5545 3476 5616 congregati
3527 5542 3795 5598 Joannem

2216 5645 2524 5715 depositura
2568 5645 2951 5708 declararunt;
2999 5641 3092 5696 sed
3143 5639 3368 5700 frustra,
3413 5637 3617 5706 popqu
3664 5652 3794 5690 eum

2220 5741 2304 5794 vel
2337 5739 2569 5792 invitum
2594 5736 2936 5791 restituente.
2973 5733 3112 5788 Cum
3155 5741 3333 5786 autem
3378 5741 3600 5799 propter
3637 5747 3656 5780 ι
3707 5745 3796 5784 ar-

2224 5839 2471 5894 genteam
2504 5839 2740 5885 statuam
2782 5847 2802 5880 ι
2839 5827 3019 5882 denuo
3047 5838 3274 5880 accensa
3313 5833 3456 5878 esset
3490 5821 3797 5892 indignatio
