4088 6362
386 371 492 427 “.9

1407 377 1477 432 s-
1506 376 1844 433 EPIPHANII
1884 375 2068 432 ACTA
2105 346 2614 430 BOLLANDIANA.

3517 365 3623 422 L50

386 490 782 557 imperatricis,
841 491 896 548 in
939 494 1106 549 altera
1165 504 1356 564 postea
1411 500 1623 572 synodo
1673 501 1957 556 decretum
1988 504 2031 560 Α
2068 497 2313 562 Petavio,
2349 497 2788 568 ψευδεπίγραφον
2821 508 3061 559 creuere,
3098 509 3117 543 ε
3158 499 3377 562 propter
3405 503 3626 544 sexcen-

358 583 563 662 lsancti
618 584 878 638 exsilium
925 595 1044 650 est,
1101 603 1167 642 eo
1227 590 1404 644 solum
1459 602 1741 661 pi-aatextu,
1809 593 1957 662 quod

355 659 367 676 ’
385 673 677 728 damnatus
707 673 762 728 in
785 675 1013 745 synodo,
1033 677 1241 748 absque
1267 659 1661 736 numerosioris
1683 659 1844 752 quam
1869 682 1958 736 illa

387 764 455 819 ad
508 763 781 831 Quercum
827 765 1004 823 fuerat
1035 769 1246 840 synodi
1269 774 1553 838 sententia,
1587 774 1769 830 sedem
1802 788 1959 829 suam

387 856 706 925 recepisset.

377 958 385 1021 ;
461 948 551 1002 56.
586 948 666 1002 Ad
697 958 1004 1005 extremum
1031 951 1085 1006 in
1118 951 1289 1019 Actis,
1331 963 1484 1011 tanto
1510 955 1634 1026 jure
1662 956 1961 1026 reproban-

389 1043 498 1108 dis,
525 1043 725 1100 dicitur
777 1045 1114 1117 Epiphanius
1168 1049 1486 1103 adhortatus
1533 1048 1586 1100 in
1630 1049 1753 1101 navi
1805 1063 1954 1112 suos,

393 1137 617 1193 sedasse
663 1138 916 1207 precibus
968 1147 1346 1209 tempestatem
1407 1140 1738 1205 triduanam,
1798 1147 1961 1207 atque

393 1228 728 1297 exspirasse.
760 1229 928 1299 Cujus
961 1231 1230 1285 demortui
1265 1247 1485 1300 corpus,
1505 1229 1962 1284 circumcisumne

391 1328 559 1382 esset,
587 1319 871 1388 explorare
898 1321 1087 1376 volens
1133 1322 1461 1384 navarclius,
1497 1319 1606 1373 ictu
1677 1315 1830 1388 pedis
1872 1333 1960 1370 re-

393 1417 478 1462 tro
510 1417 666 1464 actus
692 1410 1103 1481 exstinctusque
1153 1412 1220 1467 ad
1261 1412 1480 1466 eosdem
1529 1410 1695 1480 pedes
1750 1409 1962 1478 positus

393 1502 671 1556 revixerit.
717 1503 960 1573 Cumque
1006 1504 1380 1559 Constantiam
1442 1503 1742 1573 appulisset
1783 1500 1958 1566 navis,

396 1592 632 1647 tenebrae
664 1593 883 1662 quidem
931 1595 1027 1648 toti
1071 1595 1420 1649 incubuerint
1463 1592 1704 1659 civitati;
1737 1602 1846 1646 tres
1879 1601 1962 1643 ta-

394 1697 521 1737 men
575 1683 705 1738 caeci
762 1684 976 1738 obviam
1034 1685 1330 1754 progressi,
1391 1699 1518 1738 eum
1568 1683 1794 1752 reliquis
1840 1694 1963 1735 sese

394 1790 560 1828 manu
594 1776 930 1842 tenentibus,
957 1776 1136 1831 visum
1167 1779 1505 1845 receperint;
1545 1788 1744 1842 corpus
1778 1781 1960 1826 autem

2061 597 2147 645 tas
2186 589 2592 644 mendaciorum
2625 601 2816 658 nugas,
2857 586 3057 656 quibus
3084 583 3219 637 liber
3262 581 3350 636 ille
3393 578 3625 634 refertus

2058 687 2167 734 est.
2209 698 2228 730 ι
2253 678 2472 747 Petavio
2501 675 2831 731 Sirmundus
2857 685 2910 729 et
2936 673 3200 727 Labbaaus
3227 669 3624 738 subscripsere,

2062 770 2236 825 sancti
2275 769 2454 825 Patris
2503 769 2696 824 honori
2745 766 3020 830 faventes;
3069 764 3356 819 ethorum
3404 768 3627 817 senten-

2062 862 2194 915 tiam
2227 877 2294 915 ex
2335 862 2522 916 eodem
2566 859 2774 914 motivo
2820 858 3078 912 libentius
3119 867 3294 919 teneo,
3334 853 3458 909 licet
3490 854 3625 908 satis

2061 953 2360 1023 intelligam
2393 967 2520 1007 cum
2556 950 2810 1017 Lahhaeo,
2849 965 2970 1004 esse
3007 948 3100 1018 qui
3144 957 3420 1010 censeant,
3460 965 3480 996 ‹
3521 960 3628 997 non

2063 1043 2242 1096 omnia
2302 1042 2572 1096 veteribus
2622 1039 2876 1094 Patribus
2933 1037 3322 1104 subtrahenda,
3351 1037 3404 1089 in
3432 1035 3629 1104 quibus

2063 1130 2416 1185 Thalinudica
2453 1139 2760 1184 commenta
2792 1137 2846 1184 et
2884 1126 3160 1182 Hebraieae
3210 1125 3461 1196 quaedam
3495 1124 3630 1177 deu-

2065 1233 2270 1277 tcroses
2297 1223 2669 1277 continentur.

2133 1316 2220 1370 58.
2255 1314 2346 1369 Sic
2376 1315 2511 1368 liber
2542 1314 2619 1368 De
2658 1313 2777 1367 Vita
2805 1323 2853 1367 et
2881 1323 3049 1367 morte
3067 1312 3356 1381 justorum,
3393 1307 3644 1362 Baroniov

2065 1405 2117 1458 in
2149 1406 2292 1459 notis
2327 1404 2393 1458 ad
2426 1403 2735 1458 Romanum
2763 1401 3208 1473 Martyrologium
3241 1400 3266 1452 l
3304 1398 3428 1452 Maii
3467 1405 3522 1451 et
3557 1397 3628 1450 25

2070 1515 2088 1546 ε
2125 1496 2428 1565 cujuspiam
2458 1497 2680 1550 alterius
2728 1495 2912 1564 potius
2955 1509 3119 1563 quam
3166 1493 3224 1548 S.
3280 1491 3469 1546 isidori
3509 1504 3630 1544 esse

2064 1585 2298 1650 videtur,
2333 1601 2398 1640 eo
2420 1585 2563 1655 quod
2600 1585 2654 1638 in
2699 1599 2764 1639 eo
2797 1583 3078 1653 complura
3120 1581 3480 1651 reperiantur,
3529 1578 3630 1634 lsi-

2064 1681 2196 1734 doro
2230 1680 2472 1749 indigna,
2507 1686 2882 1749 coagmentata
2931 1675 3210 1732 mendacia
3242 1691 3256 1727 :
3296 1695 3315 1727 ι
3347 1675 3414 1730 de
3449 1690 3515 1728 eo
3557 1683 3625 1728 ta-

2065 1786 2186 1824 men
2213 1785 2320 1824 non
2349 1770 2478 1825 sinit
2508 1785 2607 1824 nos
2643 1770 2890 1824 dubitare
2925 1767 2982 1822 S.
3021 1767 3241 1821 Braulio
3268 1767 3321 1820 in
3361 1775 3627 1836 prienota-

394 1866 674 1920 conditum
713 1868 870 1922 melle
903 1868 1202 1937 prostiterit
1232 1869 1284 1921 in
1317 1868 1547 1922 ecclesia
1581 1865 1776 1920 diebus
1816 1864 1963 1916 mul-
1995 1839 2035 1891 Β
2068 1863 2212 1916 tione
2243 1863 2506 1916 librorum
2536 1862 2656 1932 ejus
2691 1880 2702 1914 :
2740 1862 2810 1914 ita
2847 1870 2908 1914 ut
2954 1860 3080 1914 huic
3119 1858 3432 1913 excusando
3481 1858 3628 1911 aliud

395 1956 488 2018 tis,
519 1971 585 2010 eo
617 1959 762 2026 quod
788 1957 1069 2030 Longinus
1099 1969 1152 2014 et
1170 1957 1460 2013 Petronius
1505 1958 1744 2023 diaconi,
1767 1955 1963 2010 haeresi

397 2045 778 2101 Valentiniana
821 2047 958 2102 clam
1008 2048 1213 2113 infecti,
1249 2047 1403 2102 nefas
1434 2062 1554 2100 esse
1601 2045 1845 2099 dicerent
1883 2049 1966 2099 in-

393 2131 476 2190 td
503 2136 774 2190 civitatem
827 2137 881 2191 in
933 2138 1162 2193 ecclesia
1221 2138 1433 2207 sepeliri
1487 2147 1792 2201 mortuum;
1834 2135 1964 2205 quia

393 2235 574 2280 autem
611 2227 840 2297 sepelire
867 2243 991 2282 eum
1031 2229 1387 2284 nihilominus
1421 2229 1728 2283 volentibus
1781 2228 1858 2282 illi
1907 2225 1966 2282 Se

394 2317 763 2385 apponebant,
792 2319 860 2372 ad
899 2320 1191 2373 venerandi
1221 2319 1436 2373 diaconi
1472 2318 1682 2383 Sabini,
1728 2317 1964 2388 Epipha-

392 2405 546 2460 nium
583 2406 910 2473 invocantis,
935 2423 1159 2478 preces;
1203 2408 1481 2479 Longinus
1512 2409 1731 2478 quidem
1767 2409 1958 2462 conci-

390 2493 536 2548 derit
569 2493 688 2563 ipso
742 2496 863 2550 loco
915 2509 1185 2564 mortuus,
1244 2497 1530 2553 Petronius
1575 2514 1724 2562 vero,
1783 2498 1957 2555 elatus

390 2582 522 2638 inde
556 2585 883 2656 paralyticus
907 2602 970 2641 ac
995 2598 1202 2655 mutus,
1225 2597 1422 2658 quarto
1442 2589 1540 2643 die
1567 2589 1786 2643 obierit.
1821 2588 1959 2643 Tum

388 2689 523 2729 vero
581 2675 783 2731 missos
831 2676 1361 2748 Constantinopolim
1426 2679 1633 2749 legatos
1689 2694 1805 2741 sex,
1864 2680 1958 2748 qui

388 2766 620 2822 Arcadii.
654 2767 998 2838 imperatoris
1054 2771 1388 2826 voluntatem
1431 2771 1818 2841 exquirerent;
1875 2771 1964 2826 hic

388 2879 521 2920 vero
564 2880 658 2920 eos
714 2865 1028 2933 detinuerit,
1071 2868 1246 2922 donec
1284 2883 1470 2932 suum,
1526 2877 1584 2922 ut
1633 2866 1960 2937 appellabat,

386 2965 598 3026 patrem
635 2956 866 3012 luxisset
908 2957 1106 3013 diebus
1139 2959 1529 3029 quadraginta;
1566 2959 1742 3027 iisque
1772 2955 1959 3026 exple-

390 3047 460 3102 tis
491 3047 711 3102 eosdem
745 3049 1016 3103 remiserit
1047 3065 1170 3104 cum
1206 3049 1442 3118 quodam
1480 3047 1738 3112 Maximo,
1785 3049 1957 3103 mole-

389 3142 536 3188 stum
563 3133 668 3188 sibi
703 3133 1004 3188 daemonem
1039 3134 1474 3190 circumferente.
1498 3135 1580 3187 Ab
1612 3135 1714 3188 hoc
1747 3141 1952 3199 autem,

388 3231 514 3278 ante
544 3238 762 3279 sacrum
805 3239 1005 3294 corpus
1053 3233 1328 3294 prostrato
1379 3240 1443 3280 ac
1482 3225 1728 3288 liberato,
1767 3225 1958 3278 lectam

392 3315 726 3384 imperialem
752 3315 1063 3385 epistolam,
1089 3333 1251 3372 versu
1285 3319 1524 3373 secundo
1550 3319 1631 3373 sic
1675 3319 1961 3374 continen-

391 3415 528 3459 tem:
559 3425 578 3457 ‹
607 3403 746 3459 Eum
770 3407 864 3475 qui
891 3407 1026 3461 vixit
1051 3422 1215 3477 supra
1245 3416 1462 3463 nostras
1500 3409 1668 3480 leges,
1697 3411 1957 3467 nolumus

394 3495 578 3565 jacere
637 3497 1024 3552 convenienter
1081 3500 1284 3555 nostris
1329 3501 1570 3570 legibus;
1618 3520 1636 3552 ›
1671 3509 1834 3570 atque
1887 3503 1960 3556 ita

393 3589 612 3643 demum
640 3589 921 3658 depositus
947 3591 1106 3645 fuerit
1133 3603 1356 3647 sanctus
1397 3593 1450 3647 in
1493 3594 1649 3648 theca
1682 3595 1749 3649 ad
1792 3594 1844 3648 id
1878 3592 1961 3647 fa-

391 3679 626 3743 bricata,
661 3699 680 3730 ι
715 3681 833 3750 ipso
860 3682 983 3738 loco
1014 3683 1106 3736 ubi
1143 3699 1309 3752 supra
1342 3674 1759 3740 Faustinianum
1817 3688 1962 3741 ceci-

389 3768 545 3824 derat
575 3768 890 3839 fabricator,
922 3791 940 3824 ι
972 3773 1162 3842 utique
1187 3775 1467 3830 mensibus
1499 3775 1676 3831 tribus
1701 3787 1797 3831 aut
1827 3792 1963 3846 qua-

389 3867 539 3926 tuor,
574 3861 730 3931 juxta
778 3864 920 3918 lianc
975 3863 1238 3930 fabulam,
1298 3875 1421 3934 post
1471 3869 1644 3923 sancti
1702 3885 1958 3926 mortem.

390 3952 518 4009 Haec
543 3961 748 4022 autem,
784 3964 844 4010 ut
871 3954 1110 4009 iudicavi
1138 3973 1190 4008 n.
1229 3957 1282 4020 5,
1319 3958 1540 4026 fingitur
1568 3961 1806 4016 scribere
1834 3963 1960 4030 Epi—

390 4046 579 4117 phanii
615 4061 903 4102 successor
941 4045 1179 4102 Sabinus
1212 4049 1277 4102 ad
1308 4047 1586 4121 Polybium
1635 4063 1827 4107 octavo
1867 4054 1955 4108 die

389 4137 638 4192 durantis
673 4153 770 4207 pro
815 4138 1095 4206 sepultura
1127 4141 1493 4195 contentionis
1536 4141 1842 4213 digressum
1893 4149 1960 4202 ab

391 4229 593 4293 insula,
633 4237 687 4284 et
724 4237 847 4298 post
893 4229 1058 4283 unius
1103 4234 1232 4284 anni
1293 4247 1502 4286 moram
1558 4233 1612 4286 in
1662 4233 1957 4304 Thebaide,

391 4327 608 4387 raptum
677 4319 745 4373 ab
796 4317 1150 4384 Heracleone,
1209 4320 1375 4376 t0tius
1427 4320 1644 4394 Egypti
1710 4327 1958 4394 prmside,

391 4410 788 4466 Rbinoeornris
826 4420 960 4466 tunc
1006 4412 1306 4479 habitante,
1360 4423 1422 4468 ut
1463 4426 1610 4470 esset
1643 4417 1762 4486 ejus
1810 4421 1960 4475 urbis

2066 1970 2174 2007 non
2207 1962 2478 2023 suppetat.
2528 1968 2692 2022 quam
2743 1968 2866 2006 cum
2921 1951 3154 2006 Labbteo
3202 1951 3282 2005 vel
3335 1965 3629 2017 agnoscere

2072 2065 2089 2097 ‹
2129 2047 2198 2100 ab
2230 2047 2412 2116 aliquo
2445 2045 2834 2114 interpolatore
2859 2055 3198 2112 corruptum,
3241 2062 3259 2093 ι
3292 2042 3376 2096 vel
3400 2043 3628 2111 ingenue

2067 2137 2245 2199 fateri,
2278 2138 2421 2207 quod
2461 2157 2478 2188 ι
2522 2137 2684 2192 nimis
2722 2135 3004 2198 credulus,
3032 2150 3153 2204 qua
3183 2133 3252 2188 ab
3283 2134 3404 2188 aliis
3429 2134 3654 2203 scripta;

2068 2230 2294 2299 reperit,
2320 2229 2499 2282 minus
2529 2229 2799 2292 discussa,
2842 2243 2951 2282 non
2999 2236 3107 2279 tam
3138 2240 3236 2279 sua
3262 2238 3424 2294 quam
3455 2223 3658 2276 aliena.

2065 2319 2352 2388 protulerit
2381 2318 2503 2372 ﬁde.
2533 2340 2551 2365 ι
2577 2316 2828 2383 Quandiu
2869 2326 3049 2370 tamen
3079 2314 3401 2367 alterutrum
3428 2310 3629 2365 dicere-

2065 2425 2164 2479 pro
2193 2411 2393 2464 tuendo
2417 2409 2509 2480 qui
2542 2410 2644 2463 sub
2673 2407 2962 2478 Epiphanii
3005 2406 3226 2460 nomine
3261 2401 3637 2458 controvcrtin

2065 2511 2155 2555 tur
2201 2501 2362 2564 libro,
2399 2500 2593 2556 similis
2642 2499 2898 2570 ponderis
2954 2513 3062 2551 non
3112 2497 3256 2568 cogit
3305 2495 3636 2556 auctoritas.

2065 2592 2201 2646 bene
2233 2593 2299 2646 de
2321 2591 2413 2644 illo
2442 2606 2634 2645 omnes
2670 2590 2868 2644 mereri
2913 2589 3190 2649 existimo,
3232 2587 3325 2656 qui
3375 2587 3430 2640 id
3485 2586 3630 2656 quod

2065 2685 2184 2755 ejus
2213 2685 2478 2755 gravitate
2507 2683 2786 2754 indignum
2814 2697 2936 2738 esse
2963 2680 3355 2734 rationabiliter
3383 2687 3627 2743 censent;

2067 2776 2134 2830 ab
2163 2776 2280 2846 ipso
2311 2776 2572 2845 scriptum
2601 2789 2722 2829 esse
2765 2788 2872 2827 non
2926 2773 3153 2826 libenter
3190 2771 3452 2834 credunt;
3492 2771 3627 2823 male

2065 2877 2306 2929 econtra,
2345 2867 2438 2936 qui
2475 2865 2752 2919 mordicus
2787 2863 2839 2918 id
2882 2863 3154 2918 sustinere
3181 2863 3392 2927 volunt,
3427 2869 3487 2916 ut
3512 2861 3626 2930 ejus

2066 2959 2414 3022 auctoritate,
2447 2958 2589 3011 sicut
2639 2963 2694 3009 et
2744 2953 2802 3007 S.
2855 2953 3044 3008 lsidori
3091 2951 3271 3006 fulciri
3324 2952 3626 3015 videantur,

2066 3064 2186 3117 quae
2213 3048 2287 3101 ibi
2319 3048 2386 3101 de
2413 3047 2540 3101 Elia:
2565 3046 2843 3115 propheta:
2866 3045 3137 3100 natalibus
3168 3046 3445 3114 leguntur.
3471 3042 3611 3112 Equi

2066 3140 2184 3194 dem
2199 3127 2462 3194 existimo
2486 3137 2675 3194 Patres
2709 3139 2865 3203 istos,
2900 3137 2946 3190 si
2978 3137 3107 3190 talia
3147 3137 3248 3206 ipsi
3274 3150 3462 3191 revera
3494 3136 3601 3189 seri

2064 3238 2310 3300 pserunt,
2366 3245 2512 3283 mere
2574 3229 2929 3298 interpretum
2976 3237 3028 3282 et
3078 3229 3427 3282 collectorum
3477 3225 3631 3293 fungi

2064 3321 2240 3375 officio
2283 3322 2544 3386 voluisse,
2597 3321 2809 3374 nullum
2858 3329 3039 3374 autem
3080 3320 3147 3374 iis
3194 3333 3260 3372 ex
3311 3332 3370 3372 se
3417 3316 3632 3386 pondus

2064 3409 2304 3464 addere:
2348 3425 2415 3462 an
2476 3418 2656 3463 autem
2715 3423 2904 3464 revera
2961 3423 3141 3478 opera
3187 3407 3420 3478 pretium
3469 3407 3632 3461 fuerit

2067 3500 2437 3555 Rabbinorum
2463 3501 2529 3555 de
2583 3500 2800 3555 sanctis
2830 3500 3103 3554 veteribus
3143 3501 3376 3564 somnia,
3432 3499 3647 3569 quibus-

2066 3593 2142 3646 illi
2177 3608 2368 3648 omnes
2399 3607 2570 3647 sacrae
2597 3590 2893 3660 Scripturae
2929 3591 3188 3646 historias
3209 3591 3627 3660 interpolarunt,

2063 3686 2148 3740 vel
2169 3687 2281 3756 jam
2317 3685 2447 3738 olim
2497 3685 2720 3740 collecta
2753 3684 2939 3739 Graece
2979 3683 3276 3753 Latineque
3311 3682 3627 3748 reddidisse,

2064 3779 2146 3832 vel
2181 3779 2234 3831 in
2287 3777 2504 3832 illorum
2559 3775 2716 3830 libris
2760 3775 3010 3844 pluribus
3061 3775 3303 3844 dispersa
3357 3774 3410 3827 in
3458 3790 3649 3827 unum-

2064 3869 2307 3923 iibellum
2353 3867 2660 3938 collegisse,
2710 3864 3121 3935 prudentiorum
3165 3873 3282 3919 esto
3327 3864 3628 3934 judicium;

2064 3958 2365 4012 curiositati
2403 3966 2550 4012 certe
2593 3966 2647 4011 et
2687 3953 3037 4009 oblectationi
3091 3953 3339 4007 nonnihil
3387 3955 3630 4008 serviunt

2065 4050 2186 4115 ista,
2227 4063 2403 4118 neque
2445 4047 2607 4101 alicui
2657 4061 2854 4100 nocere
2905 4056 3135 4114 possunt
3191 4047 3285 4114 qui
3334 4046 3414 4100 eis
3468 4045 3632 4098 fidem

2065 4156 2170 4192 non
2211 4155 2465 4210 magnam
2510 4138 2782 4199 habuerit,
2831 4137 3134 4207 intelligens
3168 4152 3292 4191 cum
3324 4136 3647 4206 TheophiIO»

2065 4232 2364 4304 Raynaudo
2410 4242 2616 4297 nostro,
2653 4232 2720 4287 de
2749 4231 2907 4286 bonis
2952 4242 3006 4286 et
3042 4231 3200 4285 malis
3231 4229 3383 4284 libris
3412 4246 3466 4284 n.
3499 4229 3626 4291 552,

2063 4339 2252 4379 eorum
2289 4341 2306 4374 ι
2337 4325 2562 4378 multam
2599 4324 3014 4378 mendacitatem
3045 4331 3099 4376 et
3132 4322 3558 4386 fabulositatem,
3604 4341 3622 4371 ι

2063 4413 2315 4483 quodque
2347 4414 2428 4484 (ut
2475 4414 2617 4468 idem
2665 4430 2718 4467 n.
2760 4413 2864 4467 548
2911 4417 3081 4480 notat)
3119 4432 3136 4463 ι
3189 4413 3448 4466 llabbinis
3501 4428 3634 4480 pro-

389 4501 716 4571 episcopus;
775 4517 900 4555 cum
956 4503 1202 4571 petiisset
1245 4504 1312 4558 de
1369 4504 1514 4559 illius
1569 4509 1959 4564 controversia:
1991 4516 2034 4568 ῐ)
2064 4506 2241 4574 prium
2269 4515 2464 4575 quarto
2492 4507 2654 4561 modo
2703 4517 2786 4561 est
2824 4506 3077 4570 fabulari,
3109 4515 3161 4560 et
3187 4521 3307 4576 qua:
3345 4521 3624 4574 nunquam

319 4587 340 4610 '
388 4592 538 4646 exitu
573 4592 757 4646 doceri
797 4609 827 4646 a
878 4592 1105 4659 Sabino,
1161 4594 1290 4664 quia
1339 4611 1405 4650 ex
1457 4596 1686 4667 Calippo
1727 4599 1957 4654 diacono

386 4682 624 4737 audierit
651 4683 800 4736 illum
830 4683 1163 4739 Constantiae
1196 4686 1508 4755 episcopum
1545 4689 1878 4746 ordinatum.

458 4775 546 4828 57.
581 4774 779 4840 llahes,
813 4775 1027 4839 Lector,
1056 4777 1140 4831 his
1171 4778 1385 4833 duobus
1412 4780 1681 4848 capitibus
1707 4797 1956 4851 compre-

383 4865 615 4920 hensam
659 4865 827 4921 totius
860 4867 1085 4935 prolixae
1133 4869 1270 4922 alias
1312 4869 1507 4924 fabulae
1552 4886 1844 4938 summam,
1889 4888 1955 4926 eo

387 4956 518 5023 line,
554 4966 614 5012 ut
648 4958 694 5013 si
724 4958 855 5028 quid
888 4958 1016 5012 alibi
1063 4959 1304 5027 reperias
1352 4976 1382 5013 a
1436 4960 1594 5015 nobis
1618 4963 1953 5030 praeteritum

380 5049 438 5102 in
467 5050 660 5119 primis
691 5049 934 5119 quinque
966 5050 1238 5119 capitibus
1277 5051 1422 5120 quod
1461 5052 1548 5105 hic
1600 5053 1760 5106 etiam
1787 5054 1955 5106 attin-

378 5149 586 5210 gatur;
626 5141 940 5197 discernere
968 5143 1164 5211 possis,
1189 5151 1372 5196 utrum
1403 5143 1454 5197 id
1500 5144 1630 5198 hinc
1669 5157 1949 5214 acceptum

377 5233 638 5288 :estimari
674 5248 784 5288 non
807 5234 1036 5298 debeat;
1068 5249 1140 5288 an
1183 5250 1330 5301 vero,
1377 5245 1437 5290 ut
1477 5251 1544 5290 ex
1593 5237 1803 5290 meliori
1851 5252 1951 5289 au-

377 5332 535 5378 ctore
562 5323 671 5379 huc
698 5325 1048 5392 translatum,
1079 5327 1238 5381 tidem
1271 5336 1550 5382 mercatur
1583 5343 1706 5382 eum
1748 5327 1950 5396 priori~

374 5414 485 5469 bus
513 5415 780 5470 obtinere.
803 5415 1066 5471 Similiter
1084 5418 1311 5472 arbitrio
1334 5428 1426 5472 tuo
1449 5419 1720 5488 relinquo,
1743 5420 1950 5473 velisne

375 5521 482 5576 pro
508 5507 746 5576 genuino
774 5505 832 5561 S.
865 5506 1152 5577 Epiphanii
1193 5508 1302 5562 fetu
1338 5511 1537 5564 habere
1577 5526 1700 5564 cum
1743 5509 1948 5564 Bellar-

374 5597 533 5650 mino
556 5597 753 5651 librum
781 5597 855 5650 De
891 5599 1003 5652 vita
1043 5600 1415 5668 prophetarum
1459 5616 1739 5670 eorumque
1769 5601 1948 5669 sepul-

379 5701 529 5751 tura,
556 5690 807 5757 quamvis
832 5689 1074 5760 ignotum
1104 5689 1298 5745 Photio
1325 5708 1379 5748 η.
1407 5692 1510 5744 122
1565 5700 1621 5746 et
1649 5707 1799 5760 seqq.
1830 5693 1947 5761 ejus

375 5794 546 5849 opera
574 5783 877 5839 recensenti
899 5798 1003 5850 μω]
1028 5799 1150 5840 cum
1176 5784 1470 5841 novissimo
1501 5784 1618 5854 ejus
1652 5783 1944 5855 interprete

2063 4598 2284 4653 fuerunt
2305 4607 2532 4653 eruntve
2561 4615 2830 4667 unquam,
2854 4609 3108 4668 tanquam
3137 4615 3263 4650 vera
3297 4613 3624 4666 proponere,

2061 4692 2196 4746 adeo
2235 4707 2420 4746 crasse
2450 4707 2515 4745 ac
2549 4692 2766 4755 stolide,
2804 4701 2863 4746 ut.
2893 4708 2957 4744 ne
2991 4692 3190 4760 ingenii
3227 4691 3445 4759 quidem
3484 4691 3624 4742 mica

2058 4782 2496 4850 deprehendatur
2529 4782 2581 4835 in
2615 4783 3083 4837 comminiscendo
3126 4782 3316 4835 dcxtre
3365 4792 3418 4834 et
3466 4797 3628 4849 appo-

2058 4874 2179 4935 site,
2217 4873 2576 4942 fingendoque
2607 4874 2959 4942 probabiliter
3007 4883 3060 4926 et
3104 4881 3227 4940 apte
3279 4872 3345 4924 ad
3400 4886 3626 4939 persua-

2056 4963 2314 5018 dendum.
2356 4981 2376 5014 ›
2410 4963 2677 5018 Convenit
2707 4963 2950 5032 profecto
2977 4978 3085 5016 non
3120 4972 3228 5016 tam
3274 4961 3624 5016 considerare

2055 5055 2179 5124 quis
2205 5054 2337 5124 quid
2363 5055 2665 5124 scripserit,
2710 5055 2777 5109 de
2822 5055 2890 5108 iis
2941 5069 3064 5122 qua!
3109 5062 3233 5107 ante
3274 5051 3620 5121 longissimas

2054 5156 2240 5202 aetates
2271 5154 2392 5202 acta
2421 5147 2692 5210 feruntur,
2721 5147 2883 5201 certis
2916 5145 3079 5198 nullis
3107 5156 3389 5198 auctorum
3415 5159 3624 5196 emero-

2053 5255 2176 5293 rnm
2200 5242 2569 5294 monumentis
2603 5247 2828 5303 testata;
2863 5237 2956 5291 sed
2995 5252 3136 5306 quos
3176 5236 3336 5288 fuerit
3364 5236 3532 5288 duces
3565 5235 3619 5287 in

2054 5331 2342 5386 scribendo
2378 5340 2633 5396 secutus;
2666 5331 2951 5392 hiantem,
3001 5329 3053 5380 in
3077 5343 3140 5381 eo
3165 5327 3307 5395 quod
3352 5326 3625 5396 tangimus

2053 5431 2396 5490 argumento,
2418 5420 2505 5474 alii
2526 5435 2688 5489 quam
2708 5418 2938 5472 Rabbini
2961 5433 3066 5472 non
3086 5417 3474 5483 fuerunt,iique
3491 5429 3618 5468 vero

2055 5513 2303 5569 similite‘r
2319 5511 2815 5582 Hierosolymitano
2833 5511 3043 5565 excidio
3065 5510 3392 5579 posteriores
3409 5523 3619 5561 omnes.

2122 5605 2210 5657 59.
2243 5602 2678 5671 Cmterum,quia
2701 5603 2834 5656 liber
2854 5602 3103 5672 vulgatus
3128 5601 3230 5655 sub
3261 5600 3476 5654 nomine
3506 5597 3604 5667 Epi

2055 5693 2258 5763 phanii,
2289 5693 2523 5762 primum
2556 5693 2823 5762 superiori
2859 5693 3058 5748 saeculo
3086 5691 3274 5747 Latine
3300 5690 3404 5761 legi
3435 5692 3619 5759 coepit,

2057 5784 2249 5841 merito
2293 5794 2698 5854 praesumuntur
2752 5785 3045 5856 scriptores
3097 5785 3270 5840 Latini
3317 5785 3650 5853 praesertim.
