4088 6362
428 393 523 450 151
1310 392 1490 449 DION.
1534 390 1808 447 PETAVII
1848 395 2011 447 ΠΡΟΕ

2115 394 2235 445 :PIA
2277 390 2344 445 IN
2385 385 2764 444 PANARIUM.

3586 375 3690 429 15⁸2

428 512 465 567 ii
496 525 636 582 quos
665 509 909 566 Graecam
960 511 1259 567 neseivisse
1309 523 1546 579 constat,
1600 516 1727 571 dum
1791 512 2002 582 aliquid
2038 515 2082 570 Α
2116 507 2410 579 Raynaudo
2438 515 2667 564 taceam.
2703 500 2863 571 cujus
2901 497 3113 569 judicio
3141 495 3280 551 liber
3325 500 3410 547 est
3448 509 3464 542 ι
3507 486 3691 544 infan-

427 602 700 671 ejusmodi
740 604 807 657 de
837 602 970 672 legis
1012 604 1251 670 antiquae
1269 606 1544 675 prophetis
1572 605 1861 659 scribendo
1891 605 2010 658 atti-

429 682 645 765 gerunt,
687 710 793 747 non
829 694 979 747 illum
1026 694 1130 748 sub
1173 696 1389 749 noniine
1425 695 1716 765 Epiphanii
1779 695 2006 759 librum,

431 784 524 839 sed
559 784 727 839 alium
760 784 863 839 sub
902 783 1125 838 nomine
1181 782 1239 837 S.
1292 782 1573 847 Dorothei,
1628 784 1818 839 Latine
1871 784 2011 838 dun-

432 885 581 930 taxat
609 886 935 941 exstantem,
974 892 1084 946 pra?
1116 876 1289 930 oculis
1316 876 1588 941 habuisse,
1630 886 1791 947 prout
1814 877 1867 930 in
1904 888 2011 931 tra-

432 978 581 1022 ctatu
610 968 677 1024 de
724 968 784 1021 Β.
830 969 1054 1022 Alberto
1102 967 1597 1039 llierosolytuitano
1645 970 1708 1023 ad
1746 970 1781 1023 8
1812 970 2011 1039 Aprilis

432 1060 687 1114 iudicavi.
729 1060 825 1115 llic
871 1071 1049 1114 autem
1088 1061 1245 1123 liber,
1300 1062 1469 1115 multo
1514 1064 1667 1131 prius
1706 1072 1761 1115 et
1787 1062 2009 1128 certius,

431 1169 594 1221 quam
654 1155 789 1207 alter
828 1154 917 1208 ille
970 1152 1296 1223 Epiphanio,
1355 1155 1697 1224 adjudicatus
1742 1154 2013 1209 Dorotheo

433 1244 555 1309 fuit,
594 1246 775 1299 statim
810 1241 873 1299 ac
904 1261 997 1314 per
1028 1247 1444 1314 impressionem
1483 1246 1661 1301 factus
1712 1255 1797 1300 est
1839 1247 2013 1316 magis

430 1338 633 1408 publici
680 1338 822 1407 juris
863 1358 875 1392 :
914 1338 1203 1409 Synopsim
1252 1340 1494 1410 intelligo
1526 1338 1598 1392 De
1627 1340 1734 1393 vita
1761 1350 1808 1391 et
1848 1349 2014 1393 morte

432 1431 813 1499 apostolorum,
849 1431 1227 1500 prophetarum
1256 1450 1319 1486 ac
1343 1432 1730 1501 discipulorum
1773 1430 2010 1496 Dommi,

431 1538 554 1590 qua:
583 1522 685 1576 sub
718 1522 971 1576 Dorothei
1001 1525 1223 1579 nomine
1251 1540 1453 1578 excusa
1485 1524 1607 1589 fuit,
1643 1533 1755 1577 tum
1782 1526 2011 1579 Seorsim

433 1622 547 1667 tum
577 1614 626 1667 in
655 1614 1005 1669 Bibliothecis
1028 1625 1271 1670 veterum
1301 1615 1554 1683 Patrum;
1588 1616 1728 1670 hanc
1755 1617 1922 1681 enim,
1956 1625 2015 1669 ut

431 1705 641 1757 notavit
672 1702 965 1768 Labbams,
996 1725 1014 1756 ι
1049 1706 1161 1773 jam
1194 1707 1400 1776 pridem
1437 1721 1496 1760 ut
1528 1706 1725 1760 fabulis
1756 1705 2012 1760 refertam

435 1794 751 1863 nulliusque
782 1796 921 1863 apud
946 1796 1137 1849 doctos
1174 1797 1541 1861 auctoritatis,
1584 1796 1742 1850 obelo
1774 1795 2015 1849 ﬁxerunt

2114 604 2245 663 tilis,
2275 610 2491 656 scatens
2513 595 2782 652 fabulosis
2809 590 3235 647 narrationibus.
3275 605 3293 638 ι
3328 584 3539 650 Quibus
3561 595 3690 636 cum

2114 695 2322 751 similes
2350 694 2461 747 sint
2488 692 2540 744 in
2565 690 2779 743 duobus
2808 687 2919 757 jam
2954 698 3119 752 supra
3155 680 3407 735 indicatis
3454 690 3690 745 opuscu-

2113 786 2202 850 lis,
2232 784 2288 838 S.
2317 783 2557 839 Isidorus
2586 781 2807 851 quidem
2834 778 2911 831 sic
2933 784 3250 836 excusatur,
3279 780 3339 826 ut
3364 781 3543 825 tamen
3576 781 3692 819 me-

2114 878 2219 932 lius
2245 876 2409 931 fuerit
2448 874 2669 946 proprio
2707 872 2899 925 honori
2933 861 3312 927 consultur'us,
3356 864 3401 917 si
3449 870 3692 929 praecau-

2115 969 2260 1022 Iione
2295 968 2487 1022 saltent
2525 966 2708 1034 aliqua
2728 978 2861 1017 usus
2889 961 3184 1015 indicasset
3205 974 3311 1010 non
3341 968 3593 1023 magnam
3626 952 3693 1006 iis

2114 1075 2148 1115 a
2176 1076 2235 1115 se
2272 1060 2432 1113 fidem
2471 1056 2695 1122 haberi;
2725 1052 3062 1123 Epiphanius
3092 1058 3271 1103 autem
3322 1061 3420 1100 nec
3457 1043 3691 1098 ekcusa—

2116 1153 2261 1207 tione
2281 1150 2501 1221 quidem
2530 1156 2671 1219 eget,
2706 1146 2950 1215 quandiu
2977 1143 3129 1197 nullo
3159 1140 3326 1193 veteri
3357 1148 3410 1193 et
3438 1136 3697 1190 inelucta-

2116 1244 2208 1298 bili
2239 1241 2552 1299 testimonio
2590 1241 2873 1309 probatur,
2914 1238 3028 1290 hsce
3064 1249 3189 1288 vere
3225 1232 3371 1285 illius
3402 1243 3523 1284 esse
3554 1226 3694 1281 seri—

2114 1337 2250 1408 ptio.
2286 1335 2438 1389 Adde
2471 1334 2616 1404 quod
2662 1333 2847 1401 plures
2892 1327 3180 1399 Epiphanii
3237 1325 3441 1379 fuerint
3498 1320 3693 1375 subse-

2118 1430 2411 1501 quentibus
2442 1427 2679 1489 sasculis,
2713 1426 2877 1479 etiam
2904 1424 2955 1477 in
2978 1424 3156 1493 Cypro
3174 1420 3431 1489 episcopo
3458 1428 3693 1485 quorum

2119 1523 2301 1592 aliqua
2334 1532 2394 1575 ut
2430 1520 2547 1575 fieri
2582 1520 2744 1589 vulgo
2788 1518 2946 1579 solet,
2981 1512 3356 1587 principaliori
3392 1508 3557 1577 hujus
3596 1522 3695 1559 no-

2115 1612 2281 1667 minis
2334 1611 2586 1681 scriptori
2629 1610 2793 1663 tribui
2844 1615 3160 1678 potuerunt.
3196 1605 3336 1659 sicut
3365 1620 3384 1652 ι
3419 1600 3697 1655 orationes

2116 1707 2220 1761 illa:
2265 1721 2408 1777 quae,
2474 1703 2761 1774 Epiphanii
2816 1701 3037 1756 nomine
3085 1698 3269 1753 fucum
3319 1696 3433 1765 jam
3485 1692 3699 1762 pridem

2118 1798 2345 1863 faciunt,
2383 1797 2607 1852 Petavio
2648 1796 2854 1867 judice,
2906 1794 3040 1848 satis
3076 1808 3196 1846 cum
3244 1789 3383 1859 slylo
3424 1789 3543 1856 ipso
3584 1794 3696 1867 tum

438 1883 707 1950 Molanus,
748 1884 1036 1949 Baronius,
1075 1885 1439 1942 Bellarminus
1488 1898 1541 1943 et
1587 1887 1679 1941 alii
1719 1888 2007 1951 Catholici,
2045 1879 2086 1933 Β
2119 1888 2240 1943 aliis
2274 1889 2602 1958 quibusdam
2638 1864 2874 1949 indiciis,
2916 1884 3140 1939 alterius
3174 1880 3259 1935 vel
3292 1877 3579 1949 Epipltauii
3616 1864 3701 1926 νῦι

431 1978 631 2047 quibus
650 1977 965 2033 lteterodosi
989 1980 1434 2047 subscripserunt
1458 1998 1471 2035 :
1499 2000 1517 2031 ι
1544 1989 1601 2036 ttt
1621 1981 1687 2035 de
1707 1978 2010 2049 Theophilo

2121 1982 2362 2037 auctoris
2391 1998 2450 2034 se
2473 1996 2595 2035 esse
2619 1979 2920 2034 declarant.

441 2260 3687 2297 Wa:

1500 2523 2069 2618 DIONYSII
2145 2526 2635 2620 PETAVIl

1788 2808 1819 2846 Ε
1862 2806 2160 2848 εοςιετΑτε
2200 2806 2324 2847 JESU

915 3000 1301 3055 ΠΡΟΘΕΩΡΙΑ
1338 2997 1405 3052 ΙΝ
1445 2997 1792 3054 EPlPllANll
1834 2996 2011 3052 OPUS

2115 2995 2248 3053 UOD
2289 2996 2488 3050 ΡΑΝΑ
2506 2995 2701 3051 RIUM
2744 2996 3206 3053 INSCRIBITUR.

498 3358 559 3414 Si
596 3375 716 3413 cum
754 3360 1022 3430 exquisita
1070 3374 1270 3421 rerum,
1313 3373 1430 3423 qua:
1471 3357 1526 3409 in
1567 3356 1663 3409 hoc
1706 3356 1873 3426 Opere
1924 3367 2249 3424 tractantur,
2310 3359 2565 3412 varietate
2613 3375 2674 3411 ac
2723 3358 2875 3426 copia
2913 3357 3193 3426 adsequare
3235 3366 3701 3411 commentationes

430 3466 640 3511 nostras
690 3456 1064 3519 instituissem,
1120 3473 1226 3511 non
1274 3452 1514 3510 brevibus
1570 3454 1707 3507 notis
1756 3463 1806 3505 et
1850 3453 2425 3518 animaduersionibus,
2489 3454 2580 3506 sed
2643 3455 2939 3523 ingentibus
2996 3452 3145 3506 libris
3205 3452 3581 3506 committenda
3619 3470 3702 3505 res

430 3550 625 3620 fuerat.
664 3550 931 3617 Quoniam
960 3560 1136 3604 autent
1175 3567 1337 3622 neque
1371 3565 1452 3604 me
1487 3550 1993 3603 commentariorum
2028 3551 2190 3605 moles
2244 3552 2343 3604 illa
2390 3550 2642 3613 delectat,
2686 3560 2735 3601 et
2780 3547 3114 3601 eruditorum
3157 3546 3413 3600 lectorum
3470 3546 3702 3615 fastidiis

431 3644 807 3699 occurrendum
837 3646 1012 3713 potius
1038 3645 1134 3697 hoc
1178 3645 1233 3697 in
1270 3660 1453 3715 genere
1482 3654 1560 3699 est
1593 3661 1753 3711 quam
1786 3644 2019 3697 aliorum
2056 3646 2304 3698 tarditati
2337 3643 2740 3707 consulendum,
2771 3642 2922 3695 nulla
2951 3651 3028 3694 est
3060 3639 3357 3693 obtinenda:
3390 3657 3422 3692 a
3448 3655 3527 3691 me
3558 3641 3701 3691 ratio

430 3738 789 3805 prartermissa
820 3738 1115 3793 brevitatis.
1139 3738 1221 3792 Ea
1249 3756 1367 3793 vero
1401 3741 1512 3793 visa
1538 3749 1615 3793 est
1656 3740 1709 3792 in
1746 3741 1934 3808 primis
1966 3741 2251 3809 ejusmodi,
2289 3752 2343 3794 ut
2375 3741 2621 3794 diversas
2653 3754 2718 3793 ea:
2753 3749 2981 3793 veterum
3009 3736 3389 3804 exemplarium
3416 3750 3703 3800 compara-

430 3831 592 3893 tione,
624 3839 717 3882 aut
754 3845 819 3884 ex
858 3831 1163 3900 conjectura
1191 3831 1441 3887 lectiones
1476 3832 1546 3885 ad
1586 3849 1737 3885 oram
1765 3844 2044 3888 contextus
2070 3836 2426 3889 ascriberem:
2452 3834 2586 3888 Tum
2628 3842 2684 3885 ut
2716 3835 2915 3886 leviora
2948 3847 3186 3902 quisque,
3224 3848 3286 3883 ac
3315 3830 3590 3899 faciliora,
3624 3830 3704 3882 vel

430 3921 700 3976 commode
722 3920 787 3974 ab
819 3922 942 3976 aliis
964 3922 1258 3992 explicata,
1283 3939 1347 3977 ne
1376 3926 1692 3994 attingerem
1718 3926 1958 3990 omnino,
1993 3936 2087 3979 aut
2117 3928 2344 3996 carptim
2373 3927 2693 3995 breviterque
2715 3925 3139 3993 perstringerem.
3178 3922 3534 3987 Quamobrem
3556 3932 3702 3976 certa

430 4015 765 4078 potissimum
805 4023 1119 4084 argumenta
1146 4014 1457 4085 delegimus,
1491 4017 1547 4069 in
1577 4017 1766 4087 quibus
1795 4016 2138 4071 elaborandis
2166 4030 2321 4089 atque
2352 4018 2692 4071 illustrandis
2735 4017 3038 4084 plusculum
3080 4031 3253 4081 opera:
3291 4014 3702 4081 disputationis-

430 4126 525 4180 que
557 4120 924 4178 consumptum
953 4120 1031 4163 est
1057 4125 1074 4163 :
1099 4126 1216 4181 qua:
1255 4112 1507 4165 nimirum
1540 4113 1674 4165 talia
1698 4129 1812 4166 esse
1848 4114 2266 4178 consideremus,
2291 4125 2343 4167 at
2372 4113 2440 4166 ad
2464 4131 2647 4167 eorum
2682 4113 3019 4166 minuendam
3050 4113 3427 4166 obscuritatem
3458 4112 3699 4165 nonnihil

430 4222 589 4274 opera
621 4215 808 4260 nostra
841 4215 1018 4273 posset
1052 4206 1321 4262 accedere.
1354 4206 1561 4261 Fuerat
1587 4208 1914 4277 jamdudum
1952 4211 2185 4276 animus,
2235 4211 2470 4263 omnium
2507 4210 2771 4263 hatreseon
2806 4225 2923 4277 qua:
2968 4210 3023 4262 in
3059 4210 3154 4260 hoc
3196 4224 3346 4276 opere
3385 4223 3705 4260 commemo-

432 4310 643 4367 rantur,
682 4299 753 4353 τὰ
780 4302 1179 4372 ἱστορούμενα
1210 4304 1466 4370 primum,
1497 4303 1685 4358 deinde
1713 4306 1984 4373 opiniones
2016 4323 2079 4359 ac
2112 4308 2365 4376 dogmata
2393 4307 2575 4359 omnia
2619 4316 2868 4373 separato
2902 4304 3083 4359 libello
3118 4305 3381 4374 persequi,
3418 4313 3467 4357 et
3494 4319 3613 4356 cum
3635 4303 3702 4355 iis

430 4408 548 4461 qua:
576 4392 906 4462 Epiphanius
940 4400 1271 4467 perscripsit,
1301 4417 1417 4470 qua:
1450 4400 1515 4453 ab
1549 4401 1673 4453 aliis
1704 4410 1830 4455 sunt
1872 4399 2130 4456 Patribus
2165 4404 2431 4472 exposita,
2467 4403 2707 4471 conferre
2738 4416 2756 4454 :
2785 4401 2874 4456 sed
2905 4403 2969 4454 ab
2994 4418 3053 4456 eo
3080 4402 3304 4454 consilio
3328 4400 3565 4453 revocavi
3593 4400 3705 4467 ipse

431 4502 531 4551 me,
562 4487 700 4555 quod
731 4504 851 4540 eum
891 4489 1025 4543 mihi
1069 4491 1308 4545 laborem
1352 4493 1669 4557 iamdudum
1715 4496 1947 4547 aliorum
1988 4496 2259 4549 industria
2304 4498 2651 4552 sublevasset.
2701 4495 2914 4549 Etenim
2945 4506 3137 4563 prwter
3170 4505 3361 4548 veteres
3403 4492 3547 4556 illos,
3591 4489 3705 4544 Ire.

430 4592 627 4642 nazum,
658 4579 1033 4650 Augustinum,
1089 4583 1466 4648 Pliilastrium,
1520 4584 1938 4650 Damascenum,
1977 4586 2390 4654 Tertullianum,
2427 4588 2749 4642 Clementem
2789 4586 3233 4651 Alexandrinum,
3286 4586 3701 4655 Hieronymum;

431 4691 494 4727 ac
524 4685 763 4740 crateras,
803 4679 893 4745 qui
936 4689 1029 4732 aut
1074 4678 1137 4733 de
1172 4679 1462 4735 lueresibus
1497 4684 1816 4737 nominatim
1855 4685 2206 4753 scripserunt,
2254 4697 2347 4738 aut
2385 4702 2569 4739 earum
2611 4688 2664 4739 in
2705 4686 2854 4739 libris
2899 4687 3010 4739 suis
3042 4696 3303 4753 utcunque
3333 4688 3701 4746 meminerunt,

431 4768 744 4822 recentiores
775 4771 977 4840 aliquot
1004 4770 1183 4825 eodem
1215 4774 1269 4826 in
1303 4786 1616 4843 argumento
1646 4793 1856 4830 summa
1878 4794 1998 4830 cum
2030 4780 2189 4831 laude
2222 4790 2459 4832 versatos
2493 4781 2869 4842 memineram;
2900 4779 2955 4831 in
2988 4779 3174 4847 primis
3200 4789 3375 4831 autem
3403 4777 3703 4832 Gabrielen:

431 4859 761 4928 Prateolum,
792 4872 947 4933 atque
973 4864 1396 4919 illustrissimum
1422 4885 1738 4938 magnorum
1762 4872 2054 4925 Annalium
2086 4874 2429 4928 conditorem.
2464 4872 2700 4937 Quorum
2730 4874 2819 4926 ille
2840 4876 3103 4929 Itwreseon
3135 4876 3369 4929 omnium
3396 4874 3706 4928 luculentis-

433 4958 626 5010 simum
665 4958 970 5028 catalogum
1006 4960 1245 5015 litterato
1278 4962 1463 5017 ordine
1497 4967 1769 5019 contexuit
1795 4981 1812 5019 :
1838 4966 1923 5020 hic
1949 4968 2003 5020 in
2034 4968 2334 5021 Annalibus
2367 4986 2463 5021 suo
2496 4986 2756 5040 quamque
2790 4980 3017 5038 tempore
3044 4975 3412 5043 consignatam
3450 4973 3703 5042 reliquit;

434 5059 645 5122 uterque
685 5069 790 5107 uno
821 5055 876 5107 in
912 5066 1192 5124 conspectu
1225 5073 1342 5125 qua:
1376 5059 1518 5127 apud
1560 5070 1754 5115 veteres
1788 5060 1910 5114 illos
1940 5060 2186 5130 dispersa
2230 5072 2384 5115 erant
2431 5079 2493 5115 ac
2521 5064 2784 5131 dissipata
2820 5067 3113 5133 proposuit.
3148 5065 3264 5118 Ilac
3304 5067 3467 5136 igitur
3497 5081 3624 5118 cura
3655 5074 3705 5117 et

435 5146 752 5213 cogitatione
780 5147 1007 5213 solutus,
1039 5150 1175 5202 hunc
1207 5166 1371 5203 unum
1400 5151 1469 5204 ad
1500 5169 1717 5221 scopum
1748 5154 2144 5206 commentandi
2174 5154 2407 5206 laborem
2441 5156 2601 5207 istum
2642 5156 2933 5223 conferam,
2984 5168 3039 5209 ut
3083 5160 3173 5226 qui
3207 5157 3398 5212 Latine
3432 5158 3574 5227 jam,
3608 5158 3704 5209 hoc

436 5248 509 5289 est
536 5240 734 5304 minus,
769 5250 825 5293 ut
858 5258 1029 5311 spero,
1059 5242 1285 5299 barbare
1306 5248 1486 5301 stadio
1523 5258 1706 5303 nostro
1737 5251 1974 5320 loquitur
2005 5249 2363 5319 Epiphanius,
2401 5252 2539 5305 idem
2571 5253 2710 5304 notis
2744 5263 2793 5305 et
2827 5254 3392 5309 Animadversionibus
3415 5272 3521 5325 qua
3542 5256 3704 5308 casti-

440 5338 613 5397 gatus,
638 5348 743 5400 qua
774 5333 1041 5390 illustrior
1070 5335 1268 5404 factus,
1301 5338 1534 5393 dilucide
1568 5352 1723 5411 atque
1758 5340 2109 5410 intelligenter
2146 5341 2202 5393 id
2238 5341 2427 5410 faciat,
2464 5346 2609 5397 omni
2636 5347 2956 5399 obscuritate
2978 5345 3205 5399 detersa.

1109 5552 1177 5593 DE
1210 5554 1584 5595 INSCBIPTIONE
1626 5558 1840 5613 OPEBIS,
1871 5560 1933 5599 AC
1978 5560 2049 5597 XX
2088 5559 2325 5600 PRIORUI
2356 5563 2652 5603 IIxEBESEON
2687 5566 3038 5607 PARTITIONE.

510 5684 642 5736 Cum
676 5688 924 5745 adversus
960 5709 1103 5747 Lux
1138 5696 1385 5760 Ita'rcses,
1415 5714 1531 5767 qua:
1562 5699 1631 5751 ad
1668 5717 1822 5753 suam
1855 5711 2063 5753 attatem
2088 5703 2427 5766 exstiterant,
2470 5717 2769 5774 susceptum
2802 5727 2833 5761 a
2868 5728 2922 5763 se
2950 5712 3044 5763 hoc
3074 5730 3203 5781 opus
3232 5713 3551 5781 proﬁteatur
3581 5711 3703 5781 Ερὶ·

442 5776 685 5845 Manius,
730 5782 831 5835 duo
861 5787 1104 5853 qua'dam
1140 5801 1423 5843 occurrunt
1468 5794 1521 5845 in
1562 5810 1619 5846 eo
1665 5796 1871 5864 ncgotio
1904 5796 2315 5853 consideranda.
2347 5798 2614 5867 Alterum,
2643 5802 2859 5857 ha’rcsis
2884 5820 3070 5857 nomen
3103 5805 3364 5859 latissime
3396 5806 3447 5859 in
3477 5804 3703 5862 auibus-
