4088 6362
409 329 514 384 153
1116 358 1124 367 -
1282 319 1466 374 DION.
1507 317 1786 372 PETAV‘II
1825 317 2023 372 ΠΡΟΘΙ

2059 317 2213 370 ΩΡῙΑ
2251 315 2319 371 ΙΝ
2360 313 2746 373 PANARIUM.
3568 318 3673 374 154

407 448 533 500 dam
561 439 848 502 usurpari;
874 454 966 493 nec
998 435 1066 490 ad
1101 433 1462 504 theologorum
1495 451 1740 488 normam
1767 431 2010 488 vocabuli
2042 449 2198 486 usum
2226 433 2380 486 istius
2407 433 2570 502 exigi,
2596 450 2630 486 a
2659 434 2847 504 quibus
2879 433 3006 503 quid
3037 433 3246 501 proprie
3269 433 3336 485 sit
3359 431 3598 492 hwresis.
3624 442 3675 486 et

406 546 660 606 quantum
710 531 926 602 reliquis
975 527 1040 582 ab
1089 527 1244 580 sectis
1287 526 1541 594 differat,
1586 524 1834 577 subtilius
1882 533 2038 594 atque
2080 523 2412 578 enucleatius
2448 525 2715 578 declarari
2749 523 2900 578 solet.
2948 522 3092 577 Nam
3140 540 3300 592 neque
3338 525 3537 591 priores
3568 523 3677 577 illa:

407 637 582 692 secta,
612 627 1012 688 Barbarismus,
1038 621 1392 692 Scythismus,
1418 620 1758 685 Judaismus,
1800 629 2062 690 quatenus
2093 617 2297 674 Christi
2321 629 2498 674 ortum
2531 621 2836 682 antecessit,
2857 621 3002 674 “inter
3025 621 3250 674 hazreses
3283 620 3468 673 merito
3499 635 3678 672 recen-

406 734 624 786 sentur;
651 739 812 792 neque
842 721 968 774 ulla:
988 720 1197 788 proprie
1229 727 1386 772 secta:
1416 715 1805 777 Barbarorum,
1842 725 1934 768 aut
1966 713 2285 785 Scytharum
2321 715 2556 785 fuerunt.
2595 716 2785 786 Atque,
2818 725 2875 768 ut
2919 716 3222 785 diligentius
3253 715 3308 766 in
3341 713 3675 776 llcllenismi,

404 815 698 878 Judaismi,
728 831 790 868 ac
815 813 1183 869 Samaritismi
1212 811 1404 879 species
1441 811 1764 872 inquiratur,
1795 809 2057 878 pleneque
2084 809 2314 878 forsitan
2346 827 2374 863 e
2402 827 2620 862 numero
2653 820 2939 874 sectarum,
2967 812 3073 862 sive
3100 809 3366 861 qureseon
3391 807 3678 860 eximenda:

406 916 590 969 erunt;
619 903 682 958 de
712 921 818 975 qua
853 919 910 956 re
940 903 1196 970 sparsim,
1233 915 1297 953 ac
1334 900 1446 954 suis
1481 900 1612 953 locis
1649 901 1999 968 opportunius
2033 911 2240 970 agetur.
2284 899 2352 953 In
2400 899 2732 954 Hellenismo
2767 900 3000 970 quidem,
3033 918 3153 954 cum
3183 913 3412 970 quatuor
3443 909 3677 952 tantum-

407 998 560 1054 modo
592 1007 760 1052 sectas
788 997 1117 1066 Epiphanius
1147 1003 1382 1049 numeret
1406 1011 1425 1058 ;
1452 995 1678 1063 inﬁnita:
1711 993 1932 1064 adjungi
1961 994 2085 1048 alite
2114 1003 2436 1064 potuerunt;
2467 1011 2694 1064 quorum
2718 995 2996 1063 plerasque
3029 996 3082 1048 in
3112 998 3256 1047 calce
3291 993 3449 1060 hujus
3481 993 3676 1061 operis,

405 1090 460 1143 in
490 1089 614 1160 ﬁdei
642 1088 934 1143 Catholica:
974 1086 1295 1158 Compendio
1335 1097 1645 1156 prosecutus
1673 1099 1774 1143 est.
1827 1087 2070 1141 Alterum
2104 1088 2202 1143 hoc
2249 1089 2305 1142 in
2343 1089 2550 1157 negotio
2597 1088 3044 1142 considerandum
3089 1097 3198 1152 est;
3232 1093 3468 1158 quamvis
3503 1101 3678 1140 omnes

405 1174 515 1236 ξιιω
535 1192 691 1236 secta:
727 1183 863 1235 inter
911 1183 1135 1235 haereses
1185 1179 1326 1233 haud
1371 1181 1633 1234 immerito
1672 1192 2008 1246 censeantur,
2049 1199 2382 1252 nequaquam
2417 1191 2591 1237 tamen
2623 1181 2923 1251 Epiphanio
2955 1184 3354 1252 octogenarium
3377 1183 3530 1235 illum
3556 1198 3678 1233 con-

404 1284 550 1327 stare
576 1290 871 1328 numerum.
907 1271 1119 1326 Etenim
1163 1272 1219 1324 in
1267 1271 1554 1338 partitione
1580 1271 1693 1338 ipsa
1726 1281 1916 1324 contra
1959 1270 2228 1325 dividendi
2257 1282 2522 1340 prwcepta
2558 1289 2664 1325 non
2714 1272 3058 1325 mediocriter
3098 1282 3376 1340 peccatum
3407 1282 3485 1324 est
3516 1289 3679 1326 :cum

405 1367 662 1436 principio
697 1367 924 1436 quinque
958 1374 1080 1418 ante
1123 1361 1396 1418 Christum
1435 1375 1702 1417 sectarum
1728 1365 1952 1435 fastigia
1983 1376 2396 1436 proponuntur;
2431 1365 2836 1427 Barbarismus,
2889 1364 3247 1435 Scythismus,
3295 1365 3678 1432 llellenismus,

405 1458 740 1524 Judaismus,
780 1459 1194 1515 Samaritismus
1222 1473 1240 1511 :
1271 1474 1333 1512 ac
1367 1456 1570 1512 deinde-
1603 1459 1900 1527 posteriora
1949 1461 2054 1513 tria
2097 1477 2292 1529 genera
2333 1477 2390 1514 in
2431 1461 2570 1514 alius
2619 1460 2816 1528 species
2867 1460 3193 1512 tribuuntur.
3231 1457 3298 1509 Et
3331 1457 3679 1513 nihilominus

403 1567 592 1623 genera
620 1568 739 1605 cum
783 1550 1038 1620 subjectis
1082 1551 1186 1604 sibi
1227 1551 1473 1620 partibus
1502 1551 1744 1606 eumdem
1775 1553 1829 1605 in
1870 1569 2148 1606 numerum
2187 1569 2552 1624 summamque
2600 1553 2972 1621 conferuntur.
3022 1551 3176 1619 Quod
3219 1561 3298 1605 est
3330 1551 3385 1604 in
3419 1551 3680 1605 divisione

406 1651 834 1705 vitiosissimum.
856 1647 1038 1717 Neque
1061 1649 1203 1702 enim
1237 1665 1399 1719 genus
1431 1649 1582 1717 πρὸς
1605 1648 1678 1702 τὰ
1700 1647 1832 1716 εἴδη
1857 1649 2020 1702 dune

2065 1649 2323 1718 πιρεῖται.
2371 1647 2438 1704 Ut
2468 1650 2516 1704 si
2566 1650 2749 1703 anima
2776 1650 2984 1719 vitaque
3011 1649 3296 1716 praeditum
3337 1663 3524 1715 corpus
3569 1649 3679 1716 pri-

414 1764 556 1802 mum
580 1747 635 1800 in
659 1746 863 1800 animal
891 1762 953 1799 ac
978 1745 1219 1814 plantam
1249 1747 1490 1814 partiare
1521 1761 1539 1800 :
1573 1755 1683 1798 tum
1715 1746 1919 1798 animal
1960 1747 2014 1800 in
2046 1755 2314 1812 terrestre,
2341 1747 2598 1814 aquatile,
2625 1745 2872 1824 volatile;
2905 1745 3149 1814 plantam
3171 1745 3224 1796 in
3250 1742 3486 1807 herbam,
3513 1744 3680 1812 fruti-

407 1861 513 1899 cem
534 1853 584 1898 et
609 1841 892 1898 arborem:
927 1858 989 1894 ac
1019 1841 1206 1895 deinde
1261 1841 1496 1896 collectis
1528 1842 1793 1906 omnibus,
1825 1851 1943 1896 octo
1990 1843 2227 1911 corporis
2268 1843 2494 1896 animati
2534 1852 2712 1911 partes
2752 1858 2866 1896 esse
2911 1843 3206 1896 constituas
3228 1857 3247 1894 :
3279 1844 3528 1896 nimirum
3561 1843 3677 1894 ani-

407 1941 538 2003 mal,
573 1937 852 2006 plantam;
889 1945 1132 1989 terrestre
1163 1937 1388 1997 animal,
1421 1937 1676 2004 aquatile,
1708 1937 1922 1991 volatile
1947 1952 1966 1990 :
1997 1938 2236 2003 herbam,
2263 1939 2511 2006 fruticem
2537 1950 2586 1992 et
2635 1938 2900 1993 arborem.
2935 1937 3023 1991 Ita
3050 1939 3190 1991 enim
3220 1939 3356 1993 inter
3391 1939 3674 1992 divisionis

403 2042 582 2100 partes
615 2020 811 2100 genera
843 2031 982 2099 ipsa,
1015 2043 1134 2098 qua:
1166 2027 1502 2091 dividuntur,
1541 2044 1816 2098 perperam
1843 2029 2064 2098 referas.
2101 2029 2256 2095 Quod
2299 2031 2353 2083 in
2396 2030 2495 2083 illa
2533 2034 2802 2083 Iiwreseon
2840 2029 3217 2084 distributione
3249 2032 3513 2085 commisit
3546 2027 3677 2101 Epi-

402 2124 650 2192 phanius.
685 2122 886 2190 Quippe
920 2130 1025 2175 tres
1052 2121 1180 2184 ειιω,
1209 2137 1341 2191 quas
1376 2121 1513 2184 dixi,
1546 2121 1927 2187 llellenismus,
1960 2120 2300 2186 Judaismus,
2342 2123 2760 2177 Samaritismus
2793 2139 2914 2176 cum
2954 2124 3066 2176 suis
3100 2123 3344 2192 partibus
3377 2124 3677 2193 conjuncta:

403 2238 667 2276 summam
689 2219 1003 2288 conﬁciunt.
1044 2215 1193 2272 Unde
1224 2217 1498 2272 subductis
1525 2229 1663 2273 recte
1693 2219 1957 2282 omnibus,
1984 2235 2104 2273 xvn
2145 2221 2408 2272 duntaxat
2447 2229 2568 2273 ante
2608 2219 2900 2281 Christum,
2934 2219 3172 2272 universe
3198 2234 3317 2272 vero
3346 2235 3530 2272 Lxxvn
3566 2219 3677 2272 ha:-

403 2334 567 2381 reses,
594 2332 700 2370 non
727 2330 873 2370 Lxxx
906 2321 1274 2368 numerantur.
1301 2311 1572 2368 Praeterea
1598 2330 1664 2367 xx
1689 2315 1929 2383 priorum
1971 2314 2237 2369 Itwreseon
2273 2315 2438 2368 alium
2472 2316 2525 2367 in
2553 2313 2796 2384 Epistola
2827 2315 2892 2366 ad
2924 2313 3184 2366 Acacium
3218 2321 3270 2367 et
3295 2311 3525 2366 Paulum
3556 2327 3678 2381 pre-

405 2412 680 2482 sbyteros,
715 2418 767 2463 et
807 2409 864 2462 in
903 2406 1373 2478 Anacuphalmosi,
1403 2425 1563 2478 quam
1606 2407 1660 2460 in
1699 2408 1812 2474 ipso
1852 2408 2078 2462 decursu
2120 2411 2292 2477 cperis
2335 2407 2572 2461 ordinem
2594 2407 2849 2462 instituit.
2913 2403 3203 2474 Utrumque
3234 2422 3328 2460 nos
3359 2405 3415 2459 in
3444 2404 3678 2463 sequenti

405 2506 593 2560 tabula
618 2507 1012 2576 proposuimus.
1265 2495 1268 2498 ’

1251 2657 1351 2712 XX
1393 2657 1648 2711 Priorum
1705 2657 1989 2714 hmrcseon
2944 2655 3042 2710 XX
3093 2656 3346 2712 Priorum
3392 2660 3675 2712 lim-reseca

1322 2730 1460 2784 ordo
1484 2729 1538 2782 in
1567 2728 1886 2796 Anacephal.
2968 2727 3106 2783 ordo
3127 2745 3192 2783 ex
3217 2745 3382 2791 Opere
3400 2729 3651 2783 Panarii.

1290 2872 1313 2924 1
1361 2872 1745 2926 Barbarismus
2979 2867 3004 2918 1
3046 2867 3430 2926 Barbarismus

1289 2943 1325 2996 2
1360 2943 1709 3012 Scythismus
1985 2971 1987 2973 ι
2973 2937 3011 3012 ἓ
3047 2937 3398 3012 ξογίιιιίεηιυε

1291 3013 1326 3067 5
1363 3006 1729 3068 He'lleuisnius
2976 3007 3011 3060 5
3046 3006 3416 3066 Hellenismus

1293 3083 1328 3135 4
1363 3081 1684 3137 Judaisnms
2981 3078 3016 3130 4
3052 3076 3369 3135 Judaismus

1294 3153 1328 3207 5
1367 3153 1782 3206 Smnaritisnms
2119 3203 2122 3206 .
2865 3166 2886 3207 ι
2978 3147 3010 3200 5
3051 3148 3220 3203 Stoici

1296 3224 1328 3315 (πὶ
1364 3222 1690 3315 gitimam“
2241 3255 2559 3315 llcllcnismi
2865 3219 2888 3315 1
3055 3219 3326 3315 ξιῗξίίῃὶοί

1296 3237 1328 3276 υ
1364 3237 1690 3303 Pythagorei

554 3331 878 3388 Hellenismi
1181 3237 1206 3492 ἕ
1296 3293 1330 3418 ἕ
1368 3293 1636 3418 axz?“

1296 3433 1330 3488 9
1368 3433 1618 3492 Epicurei

2241 3255 2559 3316 llcllcnismi
2861 3237 2888 3419 ξ
2983 3237 3017 3340 Si
3055 3237 3379 3360 gﬁigggi'ci

2984 3359 3017 3412 8
3056 3357 3310 3428 Epicurei

2982 3431 3015 3482 9
3059 3429 3362 3486 Samaritw.

1296 3433 1330 3488 9
1368 3433 1625 3504 Epicurei
3055 3429 3362 3504 _S_amarita3.

1266 3505 1332 3558 10
1365 3498 1632 3558 Gbrtheni
2949 3499 3015 3552 10
3053 3498 3245 3555 Esseni

1265 3575 1326 3628 11
1370 3575 1585 3628 ὅθι)ῃωὶ
2949 3569 3008 3620 11
3052 3569 3245 3624 Selium

601 3603 920 3634 θωπί-ςαρηά
1186 3569 1209 3634 1
1265 3575 1326 3628 Η
1370 3575 1585 3630 561)υωὶ

2949 3569 3008 3620 11
3052 3569 3267 3624 Sebumi

556 3600 923 3658 Samaritismi
1185 3516 1209 3772 Ξ
1365 3516 1632 3630 ξὲὗὶιξίῃ

1266 3644 1335 3698 12
1373 3646 1570 3700 Esseni

1268 3716 1337 3770 15
1377 3715 1621 3770 Dosithci

2949 3516 3015 3552 1U
3053 3516 3245 3555 nssem

2949 3569 3008 3620 11
3052 3569 3268 3624 Sebumi

2953 3639 3018 3692 12
3056 3641 3322 3696 Gortheni

2952 3711 3018 3762 15
3057 3708 3300 3766 Dosilhci

1268 3716 1337 3770 15
1377 3715 1621 3770 Dosithci
2952 3711 3018 3762 15
3057 3708 3300 3766 Dosilhci

1267 3786 1334 3840 14
1368 3783 1574 3840 Scriba:
2879 3829 2881 3840 .

2879 3807 2896 3840 ι
2957 3780 3022 3832 14
3064 3781 3352 3836 Sadducazi

1270 3856 1336 3909 15
1371 3855 1646 3910 Ρὴτιΐίείεὶἲ
2873 3849 2884 3910 Ι

2873 3849 2894 3910 ι
2955 3851 3020 3901 15
3061 3849 3269 3906 Scriba:

1268 3927 1334 3981 16
1375 3925 1662 3979 Sadducmi
2878 3920 2882 3938 ‘

2878 3920 2900 3981 1
2956 3923 3020 3974 16
3062 3920 3319 3976 Phariszci

556 4004 832 4062 Judaismi
1185 3991 1213 4066 ζ
1267 3995 1337 4049 17
1375 3994 1861 4066 Hemerobaptislan
2245 3992 2513 4049 Judaismi
2877 3991 2898 4066 <
3056 3991 3546 4066 yelllcrobaptislaa

1269 4068 1336 4122 18
1371 4066 1541 4120 Ossari
1683 4060 1700 4066 ⁷
2884 4060 2902 4122 1
2958 4061 3024 4113 18
3056 4060 3299 4115 Nazarwi

1269 4137 1335 4191 19
1374 4135 1614 4190 Nazaraai
2875 4131 2898 4191 1
2959 4132 3025 4183 19
3064 4131 3260 4187 Osseni

1266 4207 1338 4261 20
1375 4204 1677 4263 Herodiani
2877 4201 2898 4254 \
2955 4201 3026 4255 20
3063 4201 3359 4258 Herodiani

487 4363 554 4420 In
583 4364 864 4434 posteriori
893 4365 1034 4422 serie
1069 4362 1235 4420 Stoici
1270 4373 1392 4418 ante
1422 4371 1643 4417 cwteras
1673 4357 2105 4430 philosophorum
2149 4367 2320 4410 sectas
2356 4355 2720 4420 collocantur;
2753 4356 2909 4410 aliter
2951 4366 3106 4428 atque
3155 4359 3208 4412 in
3250 4361 3419 4428 priori
3465 4361 3683 4430 fecerat,

410 4474 530 4528 qua:
570 4457 721 4527 longe
764 4475 826 4510 ac
859 4458 914 4511 in
953 4466 1104 4528 parte
1151 4456 1484 4511 tolerabilior
1534 4463 1634 4510 est.
1675 4453 1815 4506 Ilinc
1846 4462 1948 4515 est,
1983 4468 2024 4520 qi

2066 4449 2120 4502 9d
2152 4449 2452 4504 Stoicorum
2500 4458 2642 4503 secta
2689 4450 2854 4517 τρίτη
2889 4451 3008 4504 ἀπὸ
3055 4451 3458 4522 Ἑλληνισμοῦ
3500 4455 3570 4506 sit
3603 4455 3680 4508 in-

412 4549 636 4619 scripta.
672 4545 817 4600 Nam
854 4549 1066 4601 tertium
1098 4545 1162 4600 ab
1191 4545 1520 4600 llellenismo
1548 4545 1721 4598 locum
1745 4543 1897 4596 habet
1928 4543 1984 4596 in
2014 4541 2172 4605 serie,
2204 4549 2261 4592 ut
2293 4539 2560 4594 Platonici
2587 4551 2858 4609 quartum,
2893 4551 3047 4612 atque
3076 4543 3153 4596 ita
3180 4546 3458 4616 deinceps;
3490 4563 3593 4600 non
3626 4554 3683 4601 ut

412 4646 470 4701 in
492 4645 840 4700 inscriotione
868 4643 1065 4700 Latina
1098 4652 1215 4707 est;
1246 4645 1406 4699 tertia
1434 4641 1758 4699 llellcnismi
1784 4645 1938 4696 secta
1967 4657 2006 4715 ς.
2017 4654 2115 4709 pro
2148 4653 2251 4692 auo
2282 4636 2453 4690 scribe
2482 4650 2500 4690 :
2531 4634 2716 4692 Tertia
2744 4637 2814 4693 ab
2839 4637 3174 4695 Hcllenismo
3213 4650 3383 4696 scuta.
