4204 6370
515 306 628 367 186

1329 307 1560 366 ACACII
1599 306 1688 364 ET
1725 306 1939 364 PAULI
1977 305 2326 364 EPISTULA
2360 304 2455 360 AD
2487 303 2935 363 EPIPHANJUII.

3699 293 3800 352 150

549 506 3745 535 mm

1348 689 1979 852 ACACII
2057 693 2307 847 ET
2388 690 2966 854 PAULI

1851 959 2467 1023 PRESBYTERORUM

1065 1143 1844 1279 EPISTOLA
1938 1141 2150 1273 AD
2245 1143 3282 1274 EPIPHANIUM.

524 1542 762 1612 Epistoia
789 1559 928 1597 anno
957 1541 1280 1598 Diocletiani
1306 1559 1439 1609 xc",
1484 1543 1844 1599 Valentiniani
1887 1552 1938 1598 et
1976 1542 2087 1598 Va-
2118 1547 2163 1605 Α
2205 1540 2220 1558 ⁹

2208 1536 2532 1605 Ἐπιστολὴ
2580 1535 2871 1606 γραφεῖσα
2899 1533 2969 1586 ὲν
2992 1533 3092 1600 ῖτῷ
3127 1530 3504 1598 ἐνενηκοστῷ
3533 1531 3788 1599 δευτέρῳ

602 1659 755 1714 lentis
785 1673 888 1722 xu,
923 1659 1168 1716 Gratiani
1212 1675 1337 1722 vIII,
1371 1659 1439 1712 ad
1479 1658 1826 1727 Epiphaniam
1861 1659 2107 1713 Palwsti-

591 1787 719 1824 num
753 1770 1335 1839 Eleutlteropolitanum
1378 1770 1613 1839 scripta,
1661 1770 1750 1840 qui
1809 1787 1928 1822 cum
1973 1770 2100 1823 olim

581 1887 915 1954 monasterii,
946 1885 1084 1956 quod
1127 1887 1184 1939 in
1219 1883 1746 1954 Eleutheropolitano
1786 1901 1912 1955 agro
1941 1884 2103 1937 situm

586 2007 685 2067 est,
733 1997 898 2053 Pater
935 1997 1144 2068 fuisset,
1183 1999 1279 2052 hoc
1324 2010 1550 2066 tempore
1593 1997 1949 2063 Coustantire,
1989 2015 2106 2069 qua:

587 2111 713 2166 urbs
733 2121 810 2166 est
831 2113 1111 2183 provincia:
1137 2111 1322 2182 Cypri,
1351 2113 1618 2181 episcopus
1642 2123 1719 2167 est
1751 2129 1768 2166 :
1801 2115 1864 2166 ab
1909 2113 2103 2166 Aracio

586 2236 636 2282 et
673 2226 846 2281 Paulo
872 2227 1188 2298 presbyteris
1211 2238 1260 2283 et
1287 2229 1650 2282 arcltimaudri
1661 2231 1746 2294 tis,
1771 2229 1868 2282 Ito:
1891 2239 1967 2283 est
1992 2246 2104 2283 mo-

589 2340 946 2393 nasteriorum
973 2341 1296 2409 prrcpositis,
1331 2340 1382 2393 in
1410 2340 1616 2409 regione
1651 2339 2030 2404 Carchedonis,
2052 2349 2101 2394 et

590 2453 808 2516 Beraere,
839 2452 1003 2507 Cocles
1037 2451 1210 2522 Syria:
1239 2468 1256 2505 :
1291 2468 1396 2522 qua
1433 2452 1723 2520 postulunt,
1758 2461 1814 2504 ut
1851 2450 2100 2506 adversus

589 2568 812 2621 haereses
857 2564 1054 2619 scribat
1090 2579 1108 2617 :
1140 2579 1259 2616 cum
1313 2563 1433 2633 jam
1473 2581 1504 2616 a
1555 2564 1738 2617 multis
1778 2564 1994 2632 insuper
2017 2579 2102 2616 ro-

589 2690 766 2752 gatus,
793 2688 849 2732 ut
869 2680 965 2734 hoc
987 2682 1296 2749 susciperet,
1329 2689 1505 2750 atque,
1538 2688 1593 2730 ut
1640 2678 1714 2730 ita
1743 2677 1916 2730 dicam
1938 2717 1954 2741 ,
2005 2693 2098 2730 co-

595 2809 746 2851 actus
781 2797 992 2864 fuisset.

592 2931 822 2984 Domino
870 2944 990 2982 meo
1043 2928 1497 2992 honoratissimo,
1546 2935 1710 2997 atque
1749 2927 1802 2981 in
1846 2926 2100 2981 omnibus

523 3021 936 3089 religiosissimo
981 3017 1129 3070 Patri
1175 3016 1480 3087 Epiphanio
1522 3018 1814 3086 episcopo,
1867 3014 2102 3069 Aeacius

522 3121 574 3166 et
599 3111 797 3164 Paulus
851 3108 1188 3180 presbyteri,
1239 3106 1719 3172 archimandritze,
1763 3107 1819 3161 in
1871 3105 2104 3159 Domino

522 3204 776 3259 salutem.

596 3295 822 3351 Pietatis
853 3294 1074 3365 quidem
1107 3301 1233 3360 tuae,
1269 3291 1451 3357 Pater,
1493 3298 1747 3362 aspectus
1802 3291 1921 3362 ipse
1972 3291 2105 3346 satis

522 3402 648 3443 esse
681 3393 927 3457 poterat;
959 3385 1055 3456 qui
1095 3399 1197 3440 nos
1247 3384 1586 3454 spiritalibus
1629 3384 1974 3438 sermonibus
2006 3383 2108 3436 im~

529 3477 732 3548 plevit;
771 3491 836 3530 ac
874 3483 984 3529 tam
1027 3475 1322 3530 vehemens
1355 3477 1514 3530 nobis
1542 3477 1619 3528 tui
1652 3473 1983 3529 desiderium
2018 3473 2106 3526 in-

525 3567 704 3632 didit,
746 3574 1038 3637 postquam
1090 3574 1184 3620 tuo
1223 3565 1391 3620 semel
1437 3567 1542 3620 frui
1595 3574 1894 3634 conspectu
1932 3565 2103 3617 licuit.

527 3657 733 3714 Verum
795 3656 1058 3726 quoniam
1138 3657 1337 3726 praevia
1395 3656 1647 3727 discipuli
1708 3656 1912 3710 Christi
1969 3656 2108 3708 fama

526 3750 822 3805 verborum
869 3749 1023 3816 ejus,
1058 3746 1440 3818 factorumque
1500 3748 1854 3818 fragrantiam
1906 3748 2109 3816 ubique

528 3841 811 3912 praedicat,
847 3840 997 3910 angit
1022 3853 1158 3905 nos,
1200 3847 1255 3894 et
1283 3841 1565 3903 sollicitat,
1599 3850 1656 3894 ut
1690 3841 1839 3893 illius
1869 3855 1970 3894 nos
1995 3854 2111 3893 ser-

529 3934 788 3989 monibus
817 3947 881 3988 ae
918 3931 1102 3987 sensis
1148 3932 1367 4001 explere
1409 3931 1748 3986 studeamus.
1785 3933 1979 3986 Coram
2011 3930 2112 4000 igi-

529 4037 622 4082 tur
642 4027 904 4082 adeuntes
935 4041 1034 4096 par
1063 4032 1203 4091 erat,
1237 4025 1358 4094 ejus
1375 4040 1497 4094 qua:
1528 4025 1580 4078 in
1607 4034 1676 4089 te,
1703 4025 1926 4094 perinde
1949 4033 2111 4094 atque

531 4122 589 4177 in
615 4119 881 4190 apostolis
917 4127 1024 4182 est,
1058 4119 1250 4188 gratia:
1277 4117 1662 4172 communione
1691 4117 1969 4188 perfundi.
2001 4115 2108 4171 Sed

2132 2895 2175 2950 Β

2279 1633 2397 1684 ἔτει
2448 1629 2560 1698 τῆς
2601 1626 3024 1694 Διοκλητιανοῦ
3067 1625 3422 1690 βασιλείας,
3467 1626 3783 1676 Οὐαλεντι-

2277 1722 2508 1787 νιανοῦ,
2553 1722 2650 1774 καὶ
2695 1720 3031 1784 Οὐάλεντος
3069 1719 3244 1783 ἔτους
3291 1715 3647 1780 δωδεκάτου,
3685 1715 3782 1768 καὶ

2276 1821 2326 1872 Γ
2322 1815 2608 1886 ρατιανοῦ
2637 1814 2812 1878 ἔτους
2845 1813 3080 1881 ὀγδόου,
3112 1811 3260 1878 πρὸς
3287 1808 3639 1876 Ἐπιφάνιον
3670 1810 3783 1859 Παο

2275 1906 2608 1973 λαιστηνὸν
2657 1901 3227 1970 Ἐλευθεροπολίτην
3250 1939 3264 1963 ,
3308 1899 3634 1968 γενόμενον
3665 1899 3783 1949 Πα-

2276 1994 2414 2062 τέρα
2440 1991 2852 2062 μοναστηρίου
2876 1989 2945 2042 ἐν
2982 1987 3054 2056 τῇ
3084 1985 3195 2054 τῆς
3217 1985 3408 2052 αὐτῆς
3446 1986 3782 2054 Ἐλευθερο-

2276 2087 2506 2150 πόλεως
2528 2083 2842 2151 περιοικίᾳ,
2859 2082 3198 2135 ἐπίσκοπον
3227 2079 3370 2133 ὄντα
3392 2078 3529 2133 νυνὶ
3555 2078 3784 2142 πόλεως

2274 2177 2727 2238 Κωνσταντείας
2769 2173 3060 2240 ἐπαρχίας
3096 2175 3373 2238 Κύπρου,
3418 2169 3576 2237 παρὰ
3615 2171 3785 2223 Ἀκα-

2273 2266 2407 2318 κίου
2453 2265 2551 2317 καὶ
2600 2264 2842 2316 Παύλου
2907 2261 3323 2328 πρεσϐυτέρων
3371 2259 3468 2311 καὶ
3503 2259 3785 2326 άρχιμαν-

2275 2349 2511 2418 δριτῶν,
2541 2350 2818 2403 τουτέστι
2847 2350 3118 2417 πατέρων
3149 2349 3566 2417 μοναστηρίων
3588 2348 3785 2415 μερῶν

2276 2442 2661 2511 Καρχηδόνος
2689 2443 2786 2495 καὶ
2836 2441 3116 2509 Βερῤοίας
3149 2440 3258 2508 τῆς
3299 2442 3509 2506 κοίλης
3545 2441 3783 2507 Συρίας,

2273 2536 2405 2603 περὶ
2455 2535 2562 2588 τοῦ
2618 2534 2768 2588 κατὰ
2817 2533 3105 2601 αἱρέσεων
3144 2531 3359 2586 πασῶν
3408 2532 3661 2600 ’γράψαι-
3712 2535 3784 2585 οὺ

2267 2623 2394 2692 μὴν
2433 2623 2596 2676 ἀλλὰ
2637 2623 2734 2676 καὶ
2771 2621 3018 2674 πολλῶν
3056 2620 3592 2690 προτρεψαμένων,
3649 2620 3780 2683 καί,

2271 2715 2354 2780 ὡς
2417 2714 2651 2782 εἰπεῖν,
2703 2713 3177 2784 ἀναγκασάντων
3221 2714 3408 2768 αὐτὸν
3457 2715 3544 2779 είς
3611 2713 3785 2766 τοῦτο

2275 2822 2469 2874 ηκειν.

2283 2938 2374 3010 Τῷ
2407 2939 2582 3010 κυρίῳ
2622 2956 2724 3010 μου
2763 2938 2856 2992 καὶ
2885 2937 3198 3009 τιμιωτάτῳ
3229 2936 3371 2990 κατὰ
3411 2936 3589 2989 πάντα
3631 2935 3787 2988 εὐλα-

2206 3032 2450 3103 ϐεστάτῳ
2477 3032 2650 3103 Πατρὶ
2687 3032 2990 3102 Ἐπιφανίῳ
3031 3031 3315 3101 ὲπισκόπῳ
3358 3029 3613 3091 Ἀκάκιος
3656 3045 3785 3097 πρε-

2207 3122 2468 3192 σϐύτερος
2507 3121 2600 3174 καὶ
2654 3119 2864 3184 Παῦλος
2911 3119 3314 3192 πρεσϐύτερος,
3351 3118 3785 3190 ἀρχιμανδρῖται,

2206 3217 2264 3267 ὲν
2290 3213 2482 3285 Κυρίῳ
2519 3213 2754 3283 χαίρειν.

2280 3307 2476 3375 Ἤρκει
2523 3305 2620 3374 μὲν
2670 3305 2704 3373 ή
2749 3302 2845 3354 θέα
2888 3302 2987 3373 τῆς
3039 3301 3140 3370 σῆς
3182 3301 3527 3367 θεοσεϐείας,
3572 3301 3785 3368 Πάτερ,

2205 3397 2538 3467 ἐμπλήσασα
2569 3394 2956 3464 πνευματικῶν
2979 3395 3260 3465 ῥημάτων,
3279 3393 3374 3446 καὶ
3397 3392 3786 3463 ὲμφυτεύσασα

2205 3488 2298 3540 τὸν
2354 3485 2606 3538 τοσοῦτον
2653 3485 2788 3555 πρὸς
2826 3486 2974 3554 ἡμᾶς
3016 3485 3212 3548 πόθον,
3257 3484 3513 3552 γεγονότα
3550 3482 3648 3551 τῆς
3689 3482 3785 3551 σῆς

2208 3577 2472 3646 αὐτοψίας
2509 3574 2908 3646 μεταλαϐοῦσιν
2933 3591 2944 3602 ·
2975 3573 3090 3628 ἀλλ’
3126 3575 3315 3646 ἐπειδὴ
3349 3573 3650 3644 πρόδρομος
3688 3573 3785 3642 φή-

2213 3689 2287 3742 μη
2333 3668 2572 3741 μαθητοῦ
2595 3667 2689 3720 τοῦ
2722 3667 2972 3736 Σλυτῆρος
3001 3665 3260 3737 κηρύττει
3293 3665 3391 3736 τὴν
3420 3666 3517 3735 τῆς
3564 3664 3786 3726 εὐωδίας

2211 3761 2318 3813 τῶν
2351 3761 2610 3830 ῥημάτων
2648 3759 2741 3810 καὶ
2771 3757 3021 3828 πράξεων
3047 3756 3244 3827 ὁρμὴν,
3273 3757 3431 3827 ἄγχει
3466 3757 3556 3808 καὶ
3593 3753 3788 3819 λέξεων

2209 3852 2302 3903 καὶ
2321 3849 2412 3901 νοῦ
2439 3849 2796 3918 κορεσθῆναι·
2829 3848 2935 3899 ἔδει
2965 3847 3062 3916 μὲν
3086 3848 3315 3917 αὐτοψίᾳ
3344 3846 3594 3908 ἐλθόντας
3623 3861 3788 3915 μετα-

2208 3940 2392 3993 λαϐεῖν
2433 3942 2530 4010 τῆς
2578 3940 2642 3990 ὲκ
2682 3936 2818 3989 Θεοῦ
2861 3936 3110 4006 δοθείσης
3147 3954 3226 3989 σοι
3276 3937 3528 4007 χάριτος,
3570 3935 3644 3998 ὡς
3677 3936 3788 3998 τοῖς

2210 4031 2556 4093 ἀποστόλοις·
2622 4028 2736 4082 ἀλλ’
2785 4029 2908 4080 ἐπεὶ
2962 4031 2994 4098 ἡ
3043 4027 3157 4091 ὁδὸς
3208 4026 3475 4096 ἐπεσχέθη
3525 4026 3630 4078 ὑπὸ
3693 4025 3790 4096 τῆς

2211 4122 2522 4195 ἀρρωστίας
2571 4120 2672 4190 τῆς
2734 4120 3052 4189 σωματικῆς
3099 4121 3192 4172 καὶ
3248 4119 3654 4189 ταλαιπωρίας,
3692 4119 3790 4170 οὐκ

532 4228 660 4268 cum
692 4213 796 4267 iter
828 4211 962 4265 illud
991 4211 1149 4265 nobis
1179 4209 1429 4279 corporis
1468 4210 1758 4280 aegritudo,
1789 4217 1844 4265 et
1880 4211 2109 4280 languor
2136 4231 2177 4288 ο
2215 4216 2220 4265 i

2215 4214 2550 4284 ἰσχύσαμεν,
2604 4213 2756 4266 αὐτοὶ
2802 4211 3083 4280 γενόμενοι
3127 4210 3262 4281 πρὸς
3315 4211 3440 4273 τοὺς
3483 4211 3648 4272 πόδας
3697 4226 3788 4261 σου

535 4304 940 4368 intercluserit;
967 4303 1190 4356 minime
1228 4301 1330 4369 ipsi
1363 4303 1643 4371 potuimus
1681 4303 1748 4356 ad
1795 4303 1960 4372 pedes
1989 4311 2112 4356 tuos
2214 4325 2220 4340 ι

2214 4305 2752 4378 προκαλινδούμενοι,
2793 4303 3025 4356 ἀκοῦσαί
3060 4321 3120 4355 τε
3153 4305 3246 4356 καὶ
3288 4302 3479 4374 μαθεῖν
3508 4302 3576 4354 τὰ
3623 4303 3789 4354 ἐκπο-

534 4395 805 4466 provoluti
836 4394 1112 4464 spiritales
1143 4405 1478 4462 sanctosque
1510 4380 1881 4448 sermones\ex
1901 4410 1996 4448 ore
2016 4401 2112 4447 tuo

535 4492 821 4539 manantes
873 4485 1087 4547 audire,
1112 4499 1176 4537 ac
1209 4483 1440 4538 discere.
1481 4483 1592 4537 [loc
1623 4485 1767 4538 enim
1791 4499 2112 4553 persuasum

539 4576 832 4639 habemus,
867 4574 912 4627 si
944 4575 1165 4644 quidem
1207 4590 1456 4630 essemus
1502 4574 1682 4645 digni,
1731 4576 2016 4628 venientes
2046 4575 2114 4628 ad

539 4676 613 4731 te,
651 4674 705 4721 et
733 4665 1016 4720 audientes
1042 4681 1163 4727 nos,
1196 4665 1250 4718 in
1300 4681 1367 4719 eo
1404 4667 1700 4721 sanctioris
1732 4667 1857 4719 vit-.e
1887 4682 2110 4736 genere,

539 4756 684 4828 quod
716 4754 1073 4825 arripuimus,
1107 4755 1491 4809 conﬁrmatum
1539 4757 1640 4822 iri;
1693 4756 1991 4810 dummodo
2019 4772 2114 4810 ex-

542 4859 774 4904 tremum
829 4846 979 4900 illius
1033 4861 1097 4899 ae
1157 4862 1433 4900 summum
1501 4863 1807 4900 mercamur
1871 4849 2114 4918 assequi.

540 4935 995 5006 Quandoquidem
1016 4934 1179 5004 igitur
1205 4935 1764 4998 adversayalctudine
1795 4937 2112 5004 premimur,

544 5029 798 5100 pietatem
822 5034 971 5080 tuam
1002 5027 1350 5080 vehementer
1370 5042 1624 5091 oramus,
1657 5035 1717 5080 ut
1739 5043 1927 5082 eorum
1960 5029 2119 5083 nobis

545 5119 981 5175 communionem
1011 5133 1078 5171 ne
1105 5119 1370 5181 invideas,
1401 5133 1521 5186 quae
1546 5119 1599 5171 in
1627 5127 1678 5172 te
1710 5133 1897 5173 revera
1932 5125 2061 5172 sunt
2089 5135 2118 5172 a

550 5213 833 5268 Salvatore
862 5212 1081 5267 collata.
1128 5211 1336 5266 Etenim
1371 5229 1478 5266 nou
1511 5228 1613 5266 nos
1643 5213 1745 5283 ipsi
1773 5215 1946 5269 solum
1973 5232 1986 5278 ;
2023 5213 2121 5268 sed

547 5309 604 5357 et
630 5301 867 5356 universi
897 5341 912 5365 ,
961 5302 1054 5370 qui
1099 5301 1426 5366 audierunt,
1483 5319 1683 5358 novum
1720 5315 1771 5358 te
1811 5307 2120 5374 apostolum

549 5407 963 5462 prteconemque
984 5391 1312 5447 conﬁtentur
1342 5409 1372 5446 a
1397 5393 1614 5449 Christo
1649 5395 1808 5450 nobis
1840 5397 1941 5450 hac
1964 5403 2122 5450 aetate

550 5482 896 5552 productum,
946 5483 1094 5536 velut
1126 5482 1356 5537 alterum
1390 5486 1680 5553 quemdam
1727 5483 1992 5539 Joannem
2015 5523 2029 5548 ,
2061 5492 2122 5538 ut

2217 4397 2483 4468 ρευόμενα
2517 4394 2863 4465 πνευματικὰ
2895 4395 3027 4464 am
3067 4397 3287 4465 ῥήματα
3315 4395 3379 4446 ἐκ
3411 4394 3506 4446 τοῦ
3548 4393 3640 4446 σοῦ
3673 4393 3788 4446 στό-

2219 4505 2406 4558 ματος.
2442 4485 2778 4555 Πιστεύομεν
2804 4485 2931 4554 γὰρ,
2981 4487 3098 4549 ὅτι,
3144 4488 3192 4538 εἰ
3239 4481 3379 4555 ἦμεν
3421 4485 3592 4548 ἄξιοι,
3633 4483 3790 4536 ἀνελ-

2217 4578 2402 4640 θόντες
2437 4594 2495 4629 τε
2533 4577 2628 4629 καὶ
2672 4576 3023 4640 ἀκούσαντες,
3071 4576 3468 4646 ὲστηριζὸμεθα
3501 4574 3597 4646 τὴν
3638 4575 3790 4627 πολι-

2216 4670 2386 4730 τείαν,
2428 4669 2494 4740 ἢν
2539 4669 2978 4740 προϐεϐλήμεθα,
3012 4669 3064 4720 εί
3122 4670 3286 4736 ἐσμεν
3326 4667 3464 4732 ἄξιοι
3511 4667 3572 4718 τὸ
3613 4667 3790 4737 τέρμα

2216 4761 2420 4828 ταύτης
2464 4759 2807 4812 καταλαϐεῖν.
2841 4759 2952 4827 Τῆς
2989 4754 3080 4811 οῦν
3120 4759 3428 4829 ἀρρωστίας
3459 4757 3790 4811 καταλαϐού-

2221 4867 2318 4920 σης
2357 4848 2595 4918 θεόμεθα
2625 4850 2723 4918 τῆς
2761 4849 3030 4918 τοσαύτης
3073 4865 3165 4900 σου
3200 4847 3529 4911 θεοσεϐείας,
3564 4848 3638 4919 μὴ
3668 4848 3790 4918 φθο-

2219 4943 2389 5012 νήσῃς
2415 4940 2733 5010 μεταδοῦναι
2764 4941 2871 4992 ἀπὸ
2898 4940 3004 4992 τῶν
3043 4941 3246 5010 δεδωρη
3257 4940 3432 5009 μένων
3471 4957 3552 4992 σοι
3582 4941 3792 5006 ἀληθῶς

2220 5034 2326 5086 ὑπὸ
2376 5032 2470 5085 τοῦ
2539 5032 2808 5102 Σωτῆρος.
2882 5030 3280 5101 Ὀμολογοῦμεν
3350 5031 3458 5101 γὰρ
3518 5031 3580 5082 ού
3638 5031 3793 5100 μόνον

2222 5127 2402 5196 ἡμεῖς,
2437 5123 2574 5178 ἀλλὰ
2605 5126 2699 5177 καὶ
2741 5123 2939 5185 πάντες
2976 5123 3024 5174 οἱ
3073 5123 3386 5186 ἀκούοντες,
3418 5124 3499 5175 ὅτι
3535 5125 3591 5174 ἐν
3625 5121 3792 5192 ταύτῃ

2221 5221 2286 5288 τῇ
2311 5218 2473 5287 γενεᾷ
2501 5217 2618 5269 νέον
2642 5233 2700 5268 σε
2723 5214 3018 5267 ἀπόστολον
3045 5214 3270 5284 ἤγειρεν
3300 5216 3432 5282 ἡμῖν
3463 5214 3555 5265 καὶ
3582 5213 3791 5282 κήρυκα

2221 5311 2249 5361 ὁ
2291 5308 2544 5382 Χριστὸς,
2597 5308 2852 5377 Ἰωάννην
2899 5307 3042 5370 νέον,
3077 5305 3172 5358 καὶ
3205 5305 3500 5376 κηρύσσειν
3539 5304 3607 5356 τὰ
3647 5305 3783 5371 ὀφει-

2222 5397 2424 5468 λόμενα
2450 5397 2817 5466 φυλάσσεσθαι
2845 5398 2949 5451 ὑπὸ
2980 5397 3087 5449 τῶν
3112 5398 3202 5449 τὸν
3223 5397 3420 5467 δρόμον
3445 5394 3632 5447 τοῦτον
3667 5409 3779 5462 προ

2225 5489 2588 5560 ϐαλλομένων.
2615 5489 2721 5542 Τοῦ
2754 5485 2848 5544 οὖν
2883 5489 3062 5543 κοινοῦ
3091 5487 3322 5556 ἀδελφοῦ
3358 5485 3676 5558 Μαρκέλλου
3707 5484 3796 5536 ἐπὶ

550 5583 615 5624 ea
635 5569 984 5640 przeciperes,
1017 5585 1140 5640 quae
1169 5571 1238 5624 ab
1271 5571 1340 5625 iis
1383 5573 1648 5626 servanda
1680 5582 1829 5637 sunt,
1874 5575 1968 5644 qui
2000 5589 2121 5630 sese
2153 5569 2196 5625 Ι)

2224 5585 2291 5654 τῇ
2325 5582 2560 5653 τοσαύτῃ
2597 5585 2757 5655 φήμῃ
2795 5582 3119 5653 ἀγχομένου,
3153 5581 3248 5634 καὶ
3274 5579 3564 5650 ἑλκομένου
3597 5579 3665 5648 τῇ
3703 5592 3798 5627 πο-

551 5657 607 5712 in
645 5659 775 5713 illud
805 5661 1138 5715 curriculum
1163 5663 1556 5718 commiserint.
1600 5664 1963 5729 Quamobrem
1995 5681 2120 5720 cum

553 5753 842 5812 Marcellus
865 5756 1172 5813 communis
1201 5766 1450 5815 nostrum
1483 5761 1726 5815 omnium
1754 5762 1920 5818 frater
1957 5773 2117 5820 tanta:

2230 5675 2384 5745 θῆσει
2410 5677 2510 5746 τῆς
2539 5674 2636 5744 σῆς
2659 5675 2988 5737 θεοσεϐείας,
3019 5674 3169 5737 ὄντος
3192 5691 3251 5725 τε
3287 5672 3382 5725 καὶ
3405 5671 3504 5739 τῆς
3524 5669 3798 5740 ἡμετέρας

2231 5769 2488 5840 μάνδρας,
2533 5767 2781 5844 αὐτόντε
2810 5767 3088 5840 υπηρέτην
3125 5764 3420 5831 ἐσχηκότες
3465 5763 3566 5828 τῆς
3605 5758 3798 5818 τοσαύ-
