4204 6370
543 361 649 420 159

1295 364 1639 423 ΕΡΙΡῙΙΑΝΙΙ
1680 365 2133 421 RESCRIPTUM
2173 365 2263 418 AD
2304 362 2611 418 ACACIUM
2653 361 2739 415 ET
2779 362 3089 417 PAULUM.

3700 368 3802 420 160

538 495 752 545 eorum,
785 481 878 552 qui
913 496 945 535 a
971 485 1320 553 serpentibus
1355 486 1447 540 icti
1480 494 1629 549 sunt,
1668 486 1968 540 remedium
1997 485 2103 553 juri

2221 479 2313 536 οὖν
2347 482 2592 552 ἑρπετῶν
2618 481 2914 549 αἰνίγματα
2940 479 3037 546 (1).
3077 478 3190 530 Μία
3223 477 3280 531 δὲ
3304 477 3442 548 μετὰ
3475 477 3576 541 τὰς
3613 479 3804 550 ὀγδοή-

536 585 677 640 opus
707 571 862 635 illud,
891 589 956 628 ae
999 575 1199 629 librum
1245 575 1763 645 interpretabimur;
1800 577 1892 644 qui
1927 577 1978 628 in
2008 584 2120 630 tres

537 667 719 728 partes
741 662 975 726 divisus,
999 664 1236 718 haereses
1264 667 1542 734 octoginta
1567 666 1969 734 complectitur,
1997 681 2120 733 qua:

533 762 849 821 serpentum
910 770 975 810 ac
1028 757 1307 824 reptilium
1349 757 1559 812 similes
1601 766 1750 810 sunt.
1803 756 2117 810 Secundum

533 858 670 911 quas
700 845 944 902 veritatis
989 847 1417 911 firmamentum,
1450 857 1505 902 et
1537 850 1794 904 salutaris
1844 849 2118 910 doctrina,

533 932 768 1002 fideique
809 936 1039 990 formula
1077 939 1326 1005 subjecta
1380 948 1497 1004 est,
1535 955 1599 993 ae
1641 939 1844 993 Christi
1894 955 2118 1008 sponsa,

531 1033 720 1077 sancta
748 1027 999 1083 videlicet
1051 1019 1295 1084 Ecclesia
1331 1030 1631 1084 declarata.
1676 1030 1808 1095 Qua.-
1835 1048 1959 1084 cum
2004 1031 2117 1098 jam

530 1122 644 1167 tum
667 1116 737 1170 ab
761 1119 894 1173 orbe
916 1119 1138 1173 condito
1159 1137 1283 1176 esse
1307 1125 1558 1190 coeperit,
1601 1131 1788 1192 postea
1813 1131 1993 1175 tamen
2020 1138 2116 1191 per

528 1205 730 1262 Christi
756 1209 965 1265 Domini
985 1210 1416 1268 lncarnationem
1433 1223 1738 1285 temporum
1761 1215 2114 1269 successione

528 1309 654 1354 ante
679 1314 1137 1361 commemoratas
1165 1322 1356 1362 omnes
1390 1307 1629 1362 Ιιαδνοεοε
1675 1309 1914 1376 vulgata,
1950 1318 2116 1376 atque

530 1393 820 1459 patefacta,
854 1397 1154 1467 eademque
1199 1414 1228 1451 a
1279 1400 1440 1454 nobis
1493 1401 1546 1453 in
1590 1400 2016 1453 commentarios
2049 1416 2113 1453 ex

527 1483 730 1538 Christi
760 1489 1145 1554 praedicatione
1188 1491 1356 1545 relata
1388 1510 1400 1545 :
1435 1507 1499 1545 ac
1530 1509 1748 1546 rursum
1782 1505 1901 1562 post
1939 1494 2114 1563 expli-

526 1589 703 1630 catam
741 1597 956 1637 omnem
993 1585 1220 1639 istarqu
1257 1586 1534 1641 luet-eseou
1582 1588 2020 1656 improbitatem,
2049 1601 2116 1639 ex

2231 594 2426 638 κοντα,
2455 578 2488 644 ἡ
2526 575 2626 642 τῆς
2676 573 2931 642 ἀληθείας
2980 571 3133 641 βάσις
3167 572 3283 641 ἃμα
3325 573 3417 624 καὶ
3461 572 3800 639 διδασκαλία,

2227 666 2320 718 καὶ
2347 664 2612 733 σωτήριος
2643 661 3018 732 πραγματεία,
3051 662 3145 712 καὶ
3181 659 3417 728 Χριστοῦ
3460 659 3643 730 νύμφη
3672 662 3804 728 ἁγία

2237 755 2554 826 Ἐκκλησία,
2591 750 2727 807 οὖσα
2761 754 2859 824 μὲν
2892 754 2984 805 ἀπ’
3020 751 3234 815 αἰῶνος,
3268 752 3356 804 διὰ
3387 753 3443 805 δὲ
3472 754 3569 822 τῆς
3601 754 3798 824 ἐνσάρ-

2223 868 2320 903 κου
2347 845 2583 918 Χριστοῦ
2620 846 2922 916 παρουσίας
2951 844 3091 898 κατά
3118 843 3216 914 τὴν
3255 843 3504 914 διαδοχὴν
3545 845 3638 896 τοῦ
3672 845 3803 914 χρότ

2222 959 2313 992 νου
2347 940 2510 1010 μέσον
2559 939 2666 990 τῶν
2711 938 3123 1008 προειρημένων
3167 935 3647 1005 ἀποκαλυφθείσα,
3706 937 3801 990 καὶ

2223 1034 2310 1101 ὑφ’
2359 1031 2514 1101 ἡμῶν
2558 1034 2614 1083 ὲν
2649 1032 2952 1100 ὑπομνήσει
3001 1029 3088 1082 διὰ
3137 1029 3230 1082 τοῦ
3272 1030 3625 1099 κηρύγματος
3669 1031 3803 1098 Χρι-

2225 1121 2351 1175 στοῦ
2406 1120 2702 1191 ταχθεῖσα,
2750 1121 2845 1172 καί
2897 1119 3058 1173 πάλιν
3111 1118 3248 1189 μετά
3302 1118 3481 1181 πάσας
3541 1119 3640 1182 τὰς
3692 1119 3804 1171 τῶν

2222 1215 2487 1284 αἱρέσεων
2531 1213 2736 1266 τούτων
2785 1212 3086 1282 μοχθηρίας
3127 1213 3206 1273 εἰς
3252 1211 3533 1281 ἀναψυχὴν
3563 1211 3669 1263 τῶν
3713 1213 3802 1264 τὸν

2220 1307 2468 1377 κάματον
2507 1305 2616 1358 τῶν
2674 1305 2942 1374 αἱρέσεων
2997 1304 3086 1356 διὰ
3129 1304 3226 1373 τῆς
3267 1303 3621 1370 ἀναγνώσεως
3665 1303 3804 1354 διελ-

2222 1399 2459 1459 θόντων,
2510 1399 2598 1464 ὑφ’
2638 1395 2796 1467 ἡμῶν
2845 1397 2963 1466 μετ’
3000 1396 3268 1464 ἐπιτομῆς
3317 1394 3410 1446 τοῦ
3440 1394 3630 1462 λόγου,
3664 1395 3804 1446 κατὰ

2219 1491 2318 1561 τὴν
2371 1490 2479 1542 τῶν
2524 1489 2841 1543 ἀποστόλων
2881 1487 3260 1553 διδασκαλίαν,
3299 1486 3488 1556 σαφῶς
3522 1485 3802 1554 ἀπαγγελ-

2221 1584 2396 1636 θεῖσα.

527 1673 897 1738 apostolorum
924 1675 1211 1746 disciplina
1242 1687 1500 1734 accurate
1527 1695 1592 1733 ac
1650 1680 1936 1749 perspicue
1959 1680 2105 1732 brevi
2145 1677 2381 1747 quodam
2413 1683 2498 1731 est
2555 1675 2884 1745 compendio
2930 1674 3208 1742 subjecta;
3255 1674 3331 1727 uti
3357 1687 3422 1727 ea
3467 1689 3529 1727 re
3585 1673 3802 1726 illorum

526 1777 845 1822 recreentur
874 1787 938 1826 ac
968 1774 1284 1828 reficiantur
1305 1777 1494 1837 animi,
1523 1777 1616 1846 qui
1647 1777 1792 1830 hunc
1821 1777 2102 1830 hazreseon
2145 1771 2636 1843 percurrendarum
2665 1771 2904 1823 laborem
2941 1770 3304 1837 susceperint.

599 1862 637 1915 1.
674 1861 848 1920 Porro
877 1883 974 1922 vos
1003 1883 1217 1933 oumes,
1264 1869 1618 1926 honestarum
1658 1888 1841 1926 rerum
1872 1871 2103 1927 studiosi

2281 1870 2360 1923 A'.
2398 1867 2795 1938 Παρακλήθητε
2837 1866 2915 1931 δὲ,
2955 1866 3157 1927 πάντες
3190 1861 3578 1931 οί-ιριλοκάλως
3607 1863 3800 1928 ἐντυγ-

527 1951 782 2016 lectores,
814 1965 1033 2026 rogatos
1063 1957 1336 2026 volumus,
1377 1961 1788 2028 utetprooemiu
1818 1985 1840 1995 --
1879 1963 2100 2030 ipsum,

524 2051 578 2094 et
603 2043 1009 2114 insequentiqu
1046 2047 1322 2103 hwreseon
1360 2051 1781 2120 expositionem,
1815 2066 1879 2105 ac
1907 2051 2106 2106 verita-

524 2137 595 2189 tis
627 2139 1044 2205 prolessionem,
1077 2149 1130 2195 et
1161 2140 1491 2205 doctrinam,
1542 2159 1607 2197 ac
1657 2152 1862 2197 sanctze
1919 2151 1973 2198 et
2017 2159 2108 2197 ca-

523 2229 742 2283 tholicae
773 2231 1029 2284 Ecclesia-
1059 2233 1215 2288 fidem
1253 2249 1282 2286 a
1321 2235 1479 2288 nobis
1532 2251 1849 2303 expressam
1878 2251 2106 2304 percur-

522 2330 729 2385 rentes,
767 2324 1083 2379 condonare
1121 2327 1322 2393 velitis,
1355 2336 1545 2396 utpote
1583 2329 1919 2390 homiuihus,
1958 2337 2011 2383 et
2034 2329 2110 2381 ita

521 2415 871 2484 potissimum
908 2417 1142 2480 allectis,
1183 2429 1238 2472 ut
1269 2435 1391 2472 cum
1430 2422 1636 2481 labore,
1674 2437 1738 2473 ac.
1771 2420 1955 2474 divino
1989 2423 2106 2476 zelo

518 2504 743 2573 pietatis
771 2515 953 2575 partes
980 2524 1324 2579 propugnare
1347 2525 1613 2565 conemur
1654 2527 1666 2561 :
1699 2512 1830 2565 illud
1865 2527 2104 2582 unquam

519 2595 843 2665 ignoscatis,
881 2600 924 2653 si
959 2601 1090 2669 quid
1145 2603 1306 2669 paulo
1336 2604 1572 2671 amplius
1630 2619 1693 2657 ac
1752 2605 2105 2674 praestantius

521 2687 588 2739 ad
616 2689 951 2743 sanctissimi
986 2701 1039 2746 et
1067 2694 1216 2747 omni
1272 2699 1625 2749 veneratione
1655 2697 1968 2765 dignissimi
2003 2713 2104 2766 pa-

521 2782 812 2834 trocinium
865 2787 1104 2841 nominis
1156 2803 1425 2856 usurpare
1474 2789 1677 2842 divinis
1715 2789 1835 2844 freti
1894 2790 2104 2845 viribus

519 2875 638 2928 ausi
675 2875 969 2940 fuerimus,
1019 2871 1254 2948 idipsum
1295 2881 1634 2936 concedente
1667 2881 1811 2944 Deo,
1847 2883 2098 2953 quando-

516 2966 737 3032 quidem
761 2982 846 3028 ea.
867 2985 987 3038 quae
1014 2969 1323 3026 facultatem
1353 2985 1594 3028 nostram
1626 2985 1908 3044 superant,
1932 2976 2106 3045 inqui-

517 3059 714 3113 rimus.
774 3059 908 3113 Nam
953 3070 1007 3116 et
1061 3079 1162 3133 pro
1211 3068 1437 3121 veritate
1487 3069 1666 3121 oratio
1704 3069 1842 3133 ista,
1895 3079 1950 3122 ct
2002 3083 2104 3137 pro

519 3149 720 3217 pietate
751 3150 1062 3206 lucubratio
1109 3157 1436 3225 suscipitur.
1472 3158 1554 3212 Ad
1611 3159 1724 3212 luce
1749 3160 2104 3214 vehementer

517 3257 546 3291 a
574 3242 728 3296 vobis
763 3246 1002 3311 postulo,
1053 3254 1112 3299 ut
1144 3249 1188 3302 si
1217 3250 1347 3318 quid
1405 3250 1544 3305 forte
1576 3253 1866 3320 reperiatis
1905 3253 2102 3321 (quan-

2211 1963 2467 2034 κάνοντες
2498 1961 2576 2030 τῷ
2613 1978 2671 2012 τε
2705 1959 2978 2029 προοιμίῳ
3021 1958 3115 2010 καὶ
3160 1958 3277 2018 ταῖς
3320 1957 3617 2025 μετέπειτα
3645 1956 3799 2024 αἱρέ-

2214 2071 2351 2117 σεσι,
2391 2053 2484 2106 καὶ
2513 2055 2579 2122 τῇ
2626 2051 2754 2122 περὶ
2787 2049 3044 2120 ἀληθείας
3100 2047 3366 2117 ἀπολογίᾳ
3397 2064 3457 2098 τε
3489 2050 3583 2098 καὶ
3615 2045 3800 2098 διδασ-

2209 2146 2374 2214 καλία
2402 2144 2502 2212 τῆς
2528 2142 2807 2212 ἀληθείας,
2841 2141 2932 2193 καὶ
2963 2140 3145 2192 πίστει
3178 2139 3278 2208 τῆς
3312 2139 3474 2205 ἁγίας
3505 2137 3801 2207 καθολικῆς

2221 2237 2570 2305 Ἐκκλησίας,
2628 2233 2934 2302 συγγνῶναι
2990 2233 3120 2301 ἡμῖν
3167 2231 3478 2302 ἀνθρώποις
3515 2225 3668 2293 οὖσι,
3705 2231 3801 2283 καὶ

2211 2331 2349 2397 μετά
2399 2327 2562 2379 πόνου
2598 2326 2694 2376 καὶ
2725 2324 2885 2394 ζήλου
2931 2322 3114 2375 θεῖκοῦ
3151 2321 3625 2391 φιλοτιμουμένοις
3659 2321 3800 2391 ὑπὲρ

2208 2417 2518 2480 θεοσεϐείας
2554 2415 2959 2482 ἀπολογεῖσθαι,
2996 2414 3096 2485 [εἰς
3129 2413 3180 2485 ὃ]
3209 2415 3262 2466 εἴ
3289 2432 3340 2467 τι
3373 2414 3679 2483 ὑπέρογκον
3720 2415 3798 2475 εἰς

2206 2511 2338 2563 αὐτὸ
2372 2511 2432 2562 τὸ
2465 2511 2730 2576 πανάγιον
2787 2508 2883 2560 καὶ
2937 2507 3344 2576 πανσεϐάσμιον
3375 2507 3544 2576 δνομα
3576 2506 3798 2576 θελήσοο

2210 2617 2310 2670 μεν
2370 2599 2513 2654 κατά
2571 2599 2668 2670 τὴν
2722 2598 2799 2668 (2)
2853 2598 3017 2666 ἁγίαν
3073 2597 3304 2667 δύναμιν
3366 2597 3798 2668 ὑπεραπολογεῖ-

2208 2678 2487 2756 σθαιίτοῦ
2523 2693 2659 2745 Θεοῦ
2697 2693 3107 2763 συγχωροῦντος
3123 2692 3204 2744 .τά
3237 2692 3377 2763 ὑπὲρ
3395 2691 3625 2758 δύναμιν
3663 2692 3798 2760 ἡμῖν

2205 2785 2546 2854 ἐκζητοῦσιν,
2581 2784 2771 2854 ἐπειδὴ
2823 2784 2890 2836 δι’
2923 2784 3180 2854 ἀλήθειαν
3237 2785 3370 2854 ἡμῖν
3415 2786 3443 2836 ὁ
3483 2783 3659 2851 λόγος,
3705 2783 3798 2835 καὶ

2203 2878 2270 2930 δι’
2305 2879 2584 2931 εὐσέϐειαν
2616 2880 2648 2947 ἡ
2687 2877 3056 2948 πραγματεία.
3111 2878 3221 2930 Καὶ
3252 2877 3332 2928 ἔτι
3386 2875 3796 2947 παρακλήθητε,

2205 2972 2292 3036 ἵν’,
2322 2973 2374 3024 εἴ
2401 2989 2504 3024 που
2539 2970 2769 3041 εὕροιτε,
2801 2971 3002 3037 (καίτοι
3033 2987 3096 3039 γε
3136 2971 3208 3039 μὴ
3251 2970 3311 3021 ἐν
3341 2969 3447 3020 ἔθει
3483 2969 3640 3029 ὂντας
3681 2969 3800 3017 ἐπι-

2205 3065 2469 3135 σκήπτειν
2491 3063 2662 3126 τινὰς,
2687 3063 2719 3133 ἢ
2748 3062 3279 3132 ὲπισκωμματίζειν)
3307 3084 3316 3093 ·
3350 3062 3438 3115 διά
3469 3063 3526 3114 δὲ
3548 3063 3642 3114 τὸν
3663 3061 3798 3131 πρὸς

2201 3155 2300 3218 τὰς
2330 3155 2569 3225 αἱρέσεις
2623 3154 2802 3225 ζῆλον,
2841 3154 2935 3206 καὶ
2973 3155 3052 3216 εἰς
3093 3152 3411 3224 ἀποτροπὴν
3449 3152 3558 3205 τῶν
3605 3154 3795 3219 ἐντυγ-

2202 3246 2494 3317 χανόντων,
2545 3246 2700 3298 εἵπου
2752 3245 3183 3317 παροξυνόμενοι
3235 3244 3544 3315 λέξομεν,ἢ
3593 3245 3798 3297 ἀπατε-

515 3348 678 3399 quam
741 3351 850 3387 non
912 3337 1042 3391 illud
1104 3338 1241 3393 adeo
1273 3341 1443 3396 moris
1484 3350 1568 3396 est
1602 3343 1783 3405 nobis,
1840 3344 2098 3396 vellicare

2207 3339 2346 3402 ῶνάς
2393 3356 2547 3401 τινας
2591 3337 2907 3401 καλοῦντες,
2934 3337 2966 3407 ἢ
2996 3337 3261 3406 ἀγύρτας,
3293 3337 3325 3406 ἢ
3357 3337 3573 3399 ἀθλίους
3598 3353 3611 3365 ο
3656 3336 3795 3406 αὐτὴ

516 3426 850 3493 quempiam,
888 3437 980 3480 aut
1013 3429 1065 3482 in
1111 3447 1235 3485 eum
1272 3433 1664 3503 dictajacere),
1693 3451 1882 3489 verum
1918 3437 1962 3490 si
2002 3451 2098 3505 pro

518 3514 908 3571 ardentissimo
934 3528 1125 3575 nostro
1159 3522 1426 3578 adversus
1454 3524 1691 3579 Ιιωτοεοε
1722 3524 1925 3584 studio.
1956 3535 2010 3579 et
2041 3534 2101 3579 ut

518 3604 750 3662 lectores
803 3609 873 3663 ab
921 3609 990 3664 iis
1037 3611 1445 3679 deterreamus,
1495 3617 1828 3671 concitatius
1891 3619 2099 3687 aliquid

521 3696 826 3754 diXerimus
860 3718 872 3754 :
910 3711 1102 3772 utputa
1134 3707 1178 3759 si
1213 3707 1568 3775 impostores,
1605 3710 1966 3764 circulatores
2001 3727 2098 3779 ap-

521 3790 814 3859 pellemus,
845 3794 898 3847 id
931 3798 1113 3852 velitis
1162 3799 1467 3868 ignoscere.
1528 3800 1661 3854 Nam
1692 3810 1744 3855 et
1775 3803 1891 3872 ipsa
1920 3811 2102 3857 certa-

515 3881 680 3936 minis
727 3899 790 3936 ac
835 3883 1227 3954 disputationis
1277 3891 1587 3945 necessitas
1641 3891 1913 3960 ejusmodi
1949 3894 2101 3946 labo-

515 3988 628 4027 rem
665 3976 824 4032 nobis
877 3979 1172 4049 imposuit,
1209 3999 1319 4053 quo
1365 3986 1433 4037 ab
1463 3985 1572 4038 illis
1607 3985 1841 4040 lectores
1901 4002 2092 4039 avoca-

514 4074 732 4133 rentur,
768 4079 933 4141 utque
969 4074 1184 4128 illorum
1236 4075 1572 4140 functiones,
1599 4077 1861 4148 mysteria
1898 4093 1960 4130 ac
1996 4079 2098 4130 do-

514 4166 695 4222 gmata
727 4158 797 4212 ab
824 4162 1077 4216 instituto
1125 4171 1316 4218 nostro
1372 4165 1549 4219 aliena
1579 4181 1702 4220 esse
1736 4174 1899 4235 atque
1931 4167 2100 4220 inter-

485 4244 661 4300 .dicta
723 4260 1002 4307 constaret
1066 4264 1282 4307 :atoue
1342 4267 1400 4307 ut
1451 4275 1516 4307 ex
1573 4261 1824 4307 nmtimm
1873 4245 1905 4307 ii

511 4338 800 4396 ederemus
843 4359 855 4394 :

513 4446 704 4484 revoca
713 4448 771 4487 re
808 4451 1110 4503 pOSSBIIllIS.

2201 3433 2307 3503 γὰρ
2334 3433 2651 3502 ἠάνάγκηή
2679 3432 2814 3502 πρὸς
2839 3432 2965 3494 τοὺς
3005 3431 3195 3498 λόγους
3231 3429 3324 3483 τοῦ
3373 3430 3582 3498 ἀγῶνος
3621 3446 3794 3499 παρα-

2201 3524 2458 3588 σκευάζει
2489 3527 2618 3595 ἡμῖν
2656 3524 2746 3576 τὸν
2788 3523 3025 3578 τοιοῦτον
3073 3523 3291 3594 ἱδρῶτα,
3346 3522 3412 3575 δι’
3473 3522 3794 3592 ἀποτροπὴν

2202 3618 2310 3670 τῶν
2362 3617 2821 3687 ἐντυγχανόντων,
2878 3618 2971 3669 καὶ
3021 3618 3169 3679 ὅπως
3226 3618 3473 3688 δείξομεν
3514 3616 3792 3678 παντελῶς

2200 3710 2654 3781 ἀπηγορευμένας
2694 3711 2786 3762 τοῦ
2829 3711 3096 3782 ἡμετέρου
3133 3713 3478 3784 φρονήματος
3506 3710 3604 3772 τὰς
3635 3709 3780 3761 ὲκεί-

2200 3821 2305 3855 νων
2357 3803 2639 3873 ἐργασίας,
2677 3803 2770 3855 καὶ
2811 3805 3108 3874 μυστήρια,
3167 3805 3262 3856 καὶ
3295 3803 3644 3865 διδασκαλίας
3673 3817 3687 3829 ⁸
3727 3801 3792 3855 ἶν’

2199 3896 2307 3948 ἀπὸ
2360 3895 2468 3948 τῶν
2522 3895 2718 3962 λόγων,
2769 3897 2863 3948 καὶ
2904 3896 3002 3965 τῆς
3033 3896 3291 3966 ὀξύτητος
3325 3897 3422 3966 τῆς
3461 3894 3790 3962 ἀντιλογίας,

2200 3987 2295 4038 καὶ¹
2343 3986 2402 4038 τὸ
2445 3987 2710 4056 ἡμέτερον
2743 3987 3050 4058 ἐλευθέριον
3093 3989 3491 4058 ἀποδείξωμεν,
3519 3989 3611 4040 καί
3642 4005 3792 4049 τινας

2201 4077 2306 4130 ἀπὸ
2341 4077 2451 4130 τῶν
2495 4078 2675 4130 αὐτῶν
2720 4077 3059 4150 ὲκκλίνωμεν
3095 4081 3190 4132 καλ¹
3226 4080 3314 4132 διὰ
3354 4080 3464 4132 τῶν
3491 4079 3793 4133 δοκούντων

2205 4168 2520 4240 βαρυτέρων
2543 4168 2738 4238 λόγων.

1066 4264 1282 4326 :atque
1342 4267 1400 4312 ut
1451 4275 1516 4314 ex
1573 4261 1824 4316 oratione
1873 4263 2010 4332 ipsa,
2063 4271 2117 4317 et
2167 4267 2420 4320 acumine
2472 4267 2857 4335 disputationis
2911 4266 3179 4322 libertatis
3223 4268 3471 4336 ingenuae
3513 4267 3790 4335 specimen

906 4354 1017 4398 tum
1068 4357 1127 4401 ut
1172 4349 1410 4420 denique
1459 4353 1653 4423 majori
1714 4355 1805 4407 illa
1856 4357 2148 4408 verborum
2204 4362 2498 4426 asperitate
2549 4359 2763 4428 aliquos
2814 4361 3006 4414 saltem
3062 4361 3130 4413 ab
3190 4361 3406 4414 illorum
3467 4360 3789 4428 contagione

584 4523 645 4577 ll.
683 4525 814 4591 Qua:
837 4531 1057 4597 quidem
1083 4535 1267 4587 omnia
1292 4535 1397 4590 hoc
1429 4538 1482 4590 in
1507 4553 1673 4608 opere
1689 4540 2090 4608 comprehensa

2269 4533 2344 4585 B’.
2369 4533 2477 4585 Καὶ
2499 4532 2643 4585 ἔστιν
2667 4535 2724 4586 ὲν
2744 4536 2810 4604 τῇ
2836 4535 2981 4604 πάσῃ
3003 4535 3355 4605 πραγματείᾳ
3374 4533 3460 4586 διὰ
3474 4534 3580 4587 τῶν
3603 4553 3788 4606 προει-

511 4617 688 4672 tribus
719 4620 874 4674 libris
903 4625 1270 4693 eXplicantur,
1308 4630 1521 4696 primo,
1574 4617 1818 4686 secundo
1868 4647 1932 4686 ac
1983 4644 2093 4687 ter-

508 4711 608 4765 tio.
648 4712 812 4766 Iidem
851 4729 1017 4783 porro
1064 4717 1186 4772 libri
1223 4729 1430 4790 septem
1485 4724 1538 4777 in
1589 4733 1769 4780 tomos
1813 4727 2093 4780 distributi

508 4814 641 4858 sunt
678 4819 692 4855 :
729 4819 965 4872 quorum
1022 4807 1227 4877 singuli
1257 4820 1466 4864 certum
1517 4813 1796 4868 luereseou
1833 4831 1896 4869 ac
1947 4817 2095 4871 schi-

508 4904 746 4951 smatum
779 4913 1069 4953 numerum
1117 4902 1428 4957 continent.
1472 4903 1605 4969 Quae
1651 4907 1815 4961 simul
1863 4911 2093 4964 collecta

509 5003 648 5042 Lxxx
694 4990 1016 5044 conficiunt.
1052 4991 1297 5058 Quorum
1329 4999 1729 5066 appellationes
1764 5001 1846 5055 hee
1875 5013 2005 5055 sunt
2029 5018 2093 5057 ac

507 5084 854 5152 dogmatazl,
891 5084 1303 5153 Barbarismus;
1343 5107 1398 5155 ιι,
1432 5090 1813 5162 Scythismus;
1849 5111 1932 5159 ιιι,
1966 5097 2091 5150 llel-

509 5174 810 5241 lenismus;
847 5191 922 5241 tv,
946 5176 1294 5247 Judaismus;
1350 5198 1406 5247 v,
1443 5181 1884 5241 Samaritismus.
1921 5187 2002 5241 Ab
2025 5189 2092 5243 iis

509 5263 773 5336 deinceps
830 5269 1060 5338 reliquae
1107 5283 1273 5326 secta:
1330 5272 1732 5342 profluxerunt,
1786 5292 1913 5331 nam
1965 5287 2095 5335 ante

508 5353 715 5410 Christi
751 5355 1055 5413 Salvatoris
1086 5360 1381 5416 adventum
1401 5372 1524 5432 post
1551 5363 1847 5418 Barbaram
1877 5375 1931 5422 et
1959 5366 2093 5440 Scy-

510 5447 681 5502 thiam
741 5453 1183 5520 superstitionem
1234 5469 1269 5508 e-
1323 5453 1513 5509 Graeca
1571 5457 1689 5511 ista:
1741 5459 2088 5527 prodierunt.

509 5554 589 5604 vl,
644 5540 1141 5613 Pythagoreorum,
1177 5546 1275 5616 qui
1321 5554 1376 5600 et
1436 5546 1809 5617 Peripatetici,
1866 5561 2092 5608 auctore

511 5631 802 5688 divisionis
834 5637 1162 5706 Aristotele;
1199 5655 1296 5704 vn,
1322 5639 1766 5708 Platonicorum;
1791 5659 1911 5710 vui,
1945 5644 2094 5700 Stoi-

588 5789 606 5850 ί
615 5789 667 5852 1)
702 5790 864 5850 Forte
887 5794 1165 5865 δήγματα.
1209 5796 1286 5869 (2)
1317 5796 1445 5854 For.
1485 5797 1670 5858 ίδείαν.
1709 5799 1871 5873 (5)(1.
1901 5804 2058 5879 ἕκτη.

2205 4626 2456 4698 ρημένων
2492 4625 2658 4696 τριῶν
2691 4625 2932 4695 βιϐλίων,
2969 4625 3208 4696 πρώτου,
3255 4627 3348 4678 καὶ
3381 4626 3656 4696 δευτέρου,
3691 4631 3788 4682 καὶ

2197 4722 2382 4789 τρίτου
2403 4735 2416 4747 °
2442 4719 2599 4772 ἅτινα
2633 4719 2759 4789 τρία
2791 4718 2973 4787 βιϐλία
2998 4720 3077 4780 εἰς
3101 4719 3239 4770 ἐπτά
3271 4719 3468 4788 τόμους
3493 4718 3782 4789 διείλομεν.

2210 4812 2300 4863 Ἐν
2331 4810 2388 4862 δὲ
2420 4809 2636 4880 ἑκάστῳ
2686 4809 2838 4879 τόμῳ
2872 4810 3102 4880 ἀριθμός
3130 4827 3214 4871 τις
3245 4810 3511 4878 αἱρέσεων
3545 4813 3639 4864 καὶ
3670 4830 3787 4882 σχι-

2200 4902 2421 4970 σμάτων
2471 4900 2734 4966 ἔγκειται.
2797 4899 2961 4968 Ὁμοῦ
3007 4899 3063 4951 δὲ
3116 4900 3173 4950 αί
3236 4901 3402 4951 πᾶσαί
3453 4901 3590 4953 εἰσιν
3629 4902 3755 4968 ὀγδο

2198 4994 2435 5062 ήκοντα·
2472 4990 2548 5050 ὧν
2580 4992 2638 5044 αἱ
2681 4992 2968 5061 ὀνομασίαι
3001 4993 3094 5043 καὶ
3136 4995 3190 5044 αἱ
3237 4994 3542 5062 προφάσεις
3585 4991 3781 5049 αὗται·

2197 5085 2394 5156 Πρώτη
2456 5084 2868 5156 Βαρϐαρισμόςο
2937 5084 3163 5154 δευτέρα
3227 5084 3568 5156 Σκυθισμός·
3624 5089 3780 5159 τρίτη

2211 5177 2592 5248 Ἑλληνισμός’
2630 5176 2868 5247 τετάρτη
2917 5177 3283 5246 Ἰουδαϊσμός·
3327 5179 3553 5250 πέμπτη
3598 5180 3783 5249 Σαμα-

2199 5270 2494 5340 ρειτισμός.
2573 5269 2666 5322 Ἐκ
2701 5269 2906 5322 τούτων
2941 5271 2996 5322 αἱ
3059 5270 3329 5342 καθεξῆς’
3387 5271 3494 5342 πρὸ
3543 5270 3779 5342 Χριστοῦ

2198 5362 2296 5433 μὲν
2337 5361 2473 5432 μετὰ
2521 5361 2908 5432 Βαρὸαρισμὺν
2961 5364 3054 5415 καὶ
3091 5363 3189 5434 τὴν
3226 5363 3492 5435 Σκυτικὴν
3524 5363 3778 5416 δεισιδαι-

2198 5453 2386 5524 μονίαν
2411 5455 2467 5506 αἱ
2497 5453 2714 5507 ἀπὸτοῦ
2743 5454 3096 5525 Ἑλληνισμοῦ
3117 5447 3552 5522 φύσασαιαῦται.
3572 5454 3646 5524 (5)
3661 5453 3776 5518 Ἓξ,

2160 5544 2584 5615 ,Πυθαγόρειοι,
2626 5545 2803 5597 εἴτουν
2867 5547 3313 5617 Περιπατητικοὶ,
3359 5546 3446 5598 διὰ
3497 5545 3602 5597 τῶν
3651 5547 3778 5612 περὶ

2208 5635 2584 5708 Ἀριστοτέλην
2603 5635 2963 5709 διαιρεθεῖσα·
2988 5637 3190 5708 ἑϋδόμη
3219 5637 3554 5690 Πλατωνικοί
3575 5652 3586 5666 ⁸
3615 5635 3776 5706 ὀγδόη
