4204 6370
409 340 505 393 161

1146 339 1494 397 ΕΡΙΡΙΙΑΝΙΙ
1546 341 1996 400 RESCRIPTUM
2048 344 2143 399 AD
2183 345 2504 404 ACACIUM
2544 347 2632 403 ET
2668 348 2975 406 PAULUM.

3583 356 3686 414 169.

406 457 675 512 Στωϊκοί·
731 458 896 531 ένάτη
969 461 1356 534 Ἐπικούρειοι.
1435 457 1569 515 Εἶτα
1626 462 2000 534 Σαμαρειτικὴ

2103 480 2326 530 corum;
2359 483 2436 527 ix,
2489 465 2907 537 Epicureorum.
2941 467 3078 522 Tum
3115 468 3459 526 Samaritana
3511 484 3683 537 sci-ta,

405 552 636 622 αἵρεσις,
672 548 808 606 οὖσα
839 553 903 605 ἐκ
936 553 1030 605 τοῦ
1080 553 1441 623 Ἰουδαῖσμοῦ.
1482 555 1592 606 Καὶ
1639 554 1840 622 ταύτης
1873 555 1998 606 τέσ-

407 665 548 718 σαρα
581 647 732 718 ἔθνη.
790 647 1002 717 Δεκάτη
1050 648 1342 719 ΓορΟηνοίο
1385 648 1646 717 ἑνδεκάτη
1686 648 1994 700 Σεδουαῖοι·

404 739 684 809 δωδεκάτη
739 742 1024 809 Ἑσσηνοί·
1071 741 1496 812 τρισκαιδεκάτη
1543 740 1803 793 ΔοσίΟεοι.
1864 736 1998 793 Εἶτα

405 832 435 882 ὁ
463 830 624 888 αὐτὸς
659 833 1061 901 προειρημένος
1089 832 1445 902 Ἰουδαϊσμὸς,
1481 832 1588 886 ἀπὸ
1612 833 1710 884 τοῦ
1750 832 2000 903 Ἀϐραὰμ

406 923 499 974 τὸν
528 924 853 994 χαρακτῆρα
895 924 1153 993 εἰληφὼς,
1180 924 1274 977 καὶ⁹
1301 924 1390 976 διὰ
1433 925 1528 977 τοῦ
1559 923 1806 987 δοθέντος
1831 925 1998 996 νόμου

406 1012 486 1082 τῷ
525 1012 727 1085 Μωῦσῇ
775 1014 1137 1078 πλατυνοεὶς,
1193 1015 1290 1069 καὶ⁹
1338 1015 1446 1068 ἀπὸ
1503 1014 1598 1068 τοῦ
1660 1015 1828 1069 Ἰούδα
1879 1015 1998 1068 υίοῦ

422 1104 616 1158 Ἰακὼϐ
644 1105 737 1158 τοῦ
769 1107 863 1158 καὶ
910 1105 1142 1176 Ἰσραὴλ,
1173 1106 1260 1160 διὰ
1298 1106 1590 1169 Δα6“ιδ,τοῦ
1622 1107 1716 1160 καὶ
1751 1106 2002 1176 βασιλεύ-

412 1215 626 1263 σαντος,
665 1199 838 1268 ἐκτῆς
873 1203 1064 1252 τούτου
1096 1200 1271 1268 φυλῆς
1317 1199 1377 1252 τὸ
1409 1199 1698 1269 ἐπώνυμον
1731 1200 1825 1252 τοῦ
1871 1201 2001 1252 Ἰου-

407 1289 639 1359 δαῖσμοῦ
680 1291 1000 1361 κληρωθεὶς.
1054 1294 1162 1344 Καὶ
1188 1293 1283 1344 ἀπ’
1329 1292 1494 1344 αὑτοῦ
1530 1292 1622 1344 τοῦ
1665 1291 1997 1362 Ἰουδαῖσμοῦ

408 1382 550 1434 ἑπτά
597 1384 838 1452 αἱρέσεις
866 1376 1025 1435 αὗται
1051 1400 1064 1414 ο
1105 1384 1692 1455 τεσσαρεσκαιδεκάτη,
1730 1385 1999 1454 Γραμμα-

408 1475 577 1525 τέων·
647 1475 1142 1545 πεντεκαιδεκάτη,
1205 1477 1548 1547 Φαρισαίωνο
1613 1476 1997 1544 έκκαιδεκάτη,

410 1567 814 1620 Σαδδουκαίων·
896 1568 1334 1640 ἑπτακαιδεκάτη
1361 1609 1375 1630 ,
1423 1568 1947 1638 ἸΙμεροϐαπ-τιστὼν
1981 1583 1995 1597 °

408 1659 872 1731 ὀκτωκαιδεκάτη,
931 1661 1236 1713 Ὀσσαίων·
1284 1659 1762 1729 ἐννεακαιδεκάτη,
1809 1661 1994 1712 Νασα-

413 1751 602 1821 ραίων·
632 1753 871 1822 εἰκοστὴ,
921 1752 1288 1823 Ἡρωδιανῶν.

497 1845 590 1896 Ἐκ
626 1845 833 1898 τούτων
887 1846 995 1898 τῶν
1052 1847 1318 1915 αἱρέσεων
1374 1846 1467 1898 καὶ
1513 1845 1804 1914 μετέπειτα
1855 1843 1996 1897 κατὰ

412 1937 658 2008 διαδοχὴν
703 1937 810 1990 τῶν
844 1938 1050 2007 χρόνων
1100 1939 1344 2006 ἐπεφάνη
1393 1939 1424 2007 ή
1463 1938 1727 2006 σωτήριος
1760 1934 1994 2006 Χριστοῦ

409 2029 506 2081 τοῦ
543 2029 745 2098 Κυρίου
799 2029 956 2098 ἡμῶν
1001 2031 1264 2100 ἕνσαρκος
1297 2027 1588 2098 παρουσία,
1627 2028 1717 2080 καὶ
1768 2029 1998 2095 εὐαγγε-

410 2120 534 2191 λικὴ
595 2121 913 2174 διδασκαλία
955 2139 1040 2180 τε,
1092 2122 1186 2174 καὶ
1235 2122 1503 2191 κήρυγμα
1548 2119 1846 2188 βασιλείας,
1876 2119 1997 2187 ἥτις

414 2212 549 2280 μόνη
581 2212 698 2262 ἐστὶ
736 2211 887 2280 πηγὴ
939 2210 1214 2280 σωτηρίας
1260 2210 1354 2263 καὶ¹
1407 2211 1587 2271 πίστις
1619 2209 1874 2276 ἀληθείας
1898 2207 1998 2276 τῆς

411 2302 707 2371 καθολικῆς
725 2301 1201 2369 καὶάποστολικῆς
1229 2301 1323 2352 καὶ
1343 2299 1623 2370 δρΟοδὸξου
1659 2296 1995 2366 Ἐκκλησίας.

425 2395 519 2447 Ἐκ
557 2395 614 2446 δὲ
655 2393 860 2463 ταύτης
908 2392 1383 2464 περιεκλάσθησάν
1419 2409 1500 2453 τε,
1536 2393 1629 2443 καὶ
1672 2390 1998 2460 ἐσχίσθησαν

409 2486 581 2556 δνομα
623 2487 783 2556 μόνον
811 2486 1050 2556 Χριστοῦ
1085 2485 1326 2555 ἔχουσαι,
1355 2483 1495 2536 ἀλλὰ
1526 2484 1644 2552 οὐχὶ
1667 2483 1763 2552 τὴν
1795 2483 1997 2544 πίστιν,

410 2578 650 2648 αἱρέσεις
684 2573 841 2631 αὗται
864 2594 878 2606 ’
909 2577 1102 2650 πρώτη
1145 2576 1497 2647 Σιμωνιανοί’
1525 2575 1752 2644 δευτέρα
1789 2576 2001 2626 Μεναν-

409 2667 616 2738 δριανοί
634 2683 647 2696 ·
673 2668 830 2738 τρίτη
849 2667 1253 2739 Σατορνιλιανοί
1277 2687 1288 2697 ·
1315 2667 1551 2738 τετάρτη
1582 2663 1995 2718 Ιῖασιλειδιανοί·

410 2758 639 2830 πέμπτη
694 2757 1013 2812 Νικολαῖται
1036 2777 1050 2789 ·
1097 2760 1230 2830 ἓκτη
1267 2759 1582 2822 Γνωστικοὶ,
1621 2759 1670 2810 οἰ
1705 2760 1797 2811 καὶ
1829 2759 2003 2828 Στρα-

411 2849 678 2910 τιωτικοὶ,
729 2850 778 2901 οἱ
823 2849 978 2901 αὐτοὶ
1004 2847 1322 2908 Φιϐιονίται,
1352 2848 1501 2917 παρὰ
1543 2847 1598 2899 δέ
1631 2865 1738 2899 τισι
1774 2848 2002 2899 Σεκουν-

410 2941 601 3000 διανοὶ,
647 2939 799 3010 παρὰ
827 2939 1010 3001 ἄλλοις
1037 2937 1094 2990 δὲ
1135 2939 1495 3007 Σωκρατῖται,
1542 2936 1669 3006 παρ’
1703 2935 1912 3004 ἑτέροις
1943 2935 2000 2988 δὲ

412 3035 692 3102 Σακχαῖοι,
749 3031 902 3102 παρὰ
957 3031 1012 3083 δέ
1060 3047 1168 3084 τισι
1204 3029 1485 3081 Κοδδιανοὶ
1529 3027 1876 3098 καλούμενοι,
1909 3031 2002 3081 καὶ

414 3124 756 3196 Βορϐορῖται,
791 3123 886 3176 καὶ
936 3121 1294 3192 Βαρϐηὶὶται.
1348 3120 1582 3190 Ἑϐδόμη
1611 3120 1999 3190 Καρποκρατῐ-

411 3234 504 3269 ται
523 3234 535 3246 ·
564 3215 725 3284 ὀγδόη
749 3214 1127 3284 Κηρινοιανοὶ,
1153 3214 1204 3264 οἱ
1244 3212 1338 3264 καὶ
1373 3213 1738 3282 Μηρινοιανοί
1757 3227 1771 3241 ⁸
1801 3214 1994 3283 ἐννάτη

415 3309 753 3379 Ναζωραίοι·
793 3307 992 3377 δεκάτη
1062 3305 1402 3358 Ἐὗιωναῖοι’
1455 3305 1714 3376 ἑνδεκάτη
1763 3306 1999 3358 Οὐαλεν-

413 3401 549 3452 τῐνοι
575 3417 586 3429 ·
627 3397 904 3464 δωδεκάτη
935 3396 1328 3455 Σεκουνδιανοὶ,
1359 3389 1438 3458 οἷς
1475 3395 1800 3448 συνάπτεται
1847 3397 1998 3449 Ἐπι-

417 3489 588 3559 φανὴς
636 3489 729 3542 καὶ
784 3488 1092 3558 Ἰσίδωρος⁶
1161 3487 1582 3558 τρισκαιδεκάτη
1642 3487 1995 3558 Πτολεμαῖον

415 3577 982 3648 τεσσαρεσκαιδεκάτη
1075 3576 1432 3648 Μαρκώσιοι·
1537 3577 2000 3648 πεντεκαιδεκάτη

418 3671 799 3742 Κολορϐάσιοι·
835 3669 1196 3740 έκκαιδεκάτη
1240 3669 1696 3739 Ἡρακλεωνῖται·
1739 3671 2000 3723 ἑπτακαιε

417 3763 616 3834 δεκάτη
661 3764 871 3830 Ὀφῖται
898 3778 912 3792 ⁸
960 3762 1398 3832 ὀκτωκαιδεκάτη
1433 3763 1659 3815 Καῖανοί
1682 3780 1694 3792 ·
1724 3763 2001 3816 ἐνακσιδε-

420 3856 558 3926 κάτη
587 3855 840 3925 Σηθιανοί
860 3871 872 3883 ·
906 3853 1123 3922 εἰκοστὴ
1165 3854 1530 3923 Ἀρχοντικοίο
1562 3855 1782 3925 εἰκοστὴ
1810 3855 1999 3926 πρώτη

421 3946 804 4018 Κερδωνιανοί·
846 3945 1066 4016 εἰκοστὴ
1111 3943 1338 4014 δευτέρα
1377 3945 1738 4008 Μαοκίωνες³
1780 3949 1998 4019 εἰκοστὴ

2100 573 2224 627 qua:
2275 575 2342 613 ex
2389 557 2618 614 Judaica
2670 562 3086 630 pullulavit:ea
3125 579 3288 632 porro
3340 575 3580 634 quatuor
3628 569 3684 621 iu

2104 651 2371 705 factiones
2403 653 2558 708 abiit.
2606 669 2660 716 x,
2685 652 3126 718 Gorthenorum;
3183 671 3262 717 xl,
3290 654 3681 725 Sebnaeorum;

2101 758 2202 802 χιι,
2265 745 2632 808 Essenoruin;
2668 760 2793 805 xm,
2851 743 3259 800 Dositlicorum.
3296 746 3557 818 Sequitur
3585 747 3686 802 Ju-

2103 833 2376 899 daismus,
2431 835 2500 890 de
2555 851 2668 904 quo
2718 837 2924 892 dictum
2958 848 3064 903 est,
3120 840 3213 908 qui
3275 841 3555 910 propriam
3614 842 3686 896 ab

2101 923 2414 979 Abrahamo
2440 927 2668 996 liguram
2735 943 2799 981 ac
2845 939 3027 982 notam
3060 931 3292 998 accepit.
3331 930 3537 986 Deinde
3586 947 3684 1002 per

2100 1015 2306 1087 Moysis
2366 1017 2536 1087 legem
2572 1019 2830 1075 dilatatns
2883 1020 2951 1073 ab
2984 1018 3123 1073 Jnila
3155 1019 3344 1074 Jacobi
3381 1021 3525 1085 lilio,
3589 1023 3682 1093 qui

2102 1110 2269 1165 Israel
2300 1113 2601 1180 appellatus
2635 1126 2739 1175 est,
2771 1128 2866 1182 per
2886 1111 3142 1166 Davidein
3176 1113 3358 1182 populi
3397 1114 3579 1174 istius,
3615 1129 3680 1168 ex

2101 1203 2291 1257 eadem
2350 1205 2434 1255 illa
2475 1204 2641 1264 tribu,
2679 1220 2884 1273 regem,
2929 1201 3197 1258 Judaismi
3259 1204 3680 1273 appellationem

2100 1295 2359 1348 obtinuit.
2392 1296 2475 1348 Ab
2511 1295 2612 1349 hoc
2645 1305 2852 1365 septem
2897 1295 2978 1349 hac
3030 1296 3350 1364 prodierunt
3401 1296 3677 1349 limreses:

2100 1404 2214 1448 xw,
2246 1388 2598 1452 Scribarum;
2629 1406 2716 1448 xv,
2741 1388 3175 1453 Pharisacornm;
3206 1403 3316 1448 χιιι,
3351 1386 3675 1441 Saddncaeo-

2101 1497 2254 1544 rum;
2290 1497 2401 1532 xvn
2427 1520 2440 1541 ,
2481 1479 3118 1550 llenierohaplistarum;
3146 1498 3298 1538 χνιιι.
3331 1480 3643 1535 Ossa-orum
3665 1522 3679 1546 ,

2102 1587 2215 1635 χιχ,
2247 1570 2663 1638 Nasarazoruni;
2698 1589 2789 1636 xx,
2828 1572 3289 1627 llerodianorum.

2027 1823 2072 1880 Β
2175 1836 2491 1892 Secundum
2525 1837 2626 1891 has
2655 1846 2836 1890 sectas
2865 1835 3215 1890 successione
3245 1843 3548 1902 temporum
3579 1832 3682 1884 Do-

2101 1927 2235 1982 mini
2273 1929 2448 1982 nostri
2483 1926 2611 1981 Jcsu
2645 1927 2849 1980 Christi
2908 1926 3220 1978 lncarnatio
3251 1925 3346 1977 toti
3379 1925 3495 1978 orhi
3534 1926 3682 1978 salu-

2100 2020 2234 2075 taris
2273 2021 2470 2079 illuxit,
2506 2029 2559 2074 et
2613 2035 2738 2072 cum
2795 2019 2897 2072 hac
2931 2019 3207 2088 Evangelii
3244 2017 3527 2080 doctrina,
3565 2032 3681 2070 cuc-

2099 2113 2368 2182 lcstisque
2398 2114 2548 2184 regni
2578 2112 2918 2182 praedicatio.
2964 2112 3066 2177 Qui
3115 2111 3336 2180 quidem
3371 2111 3568 2164 unicus
3599 2121 3683 2163 est

2102 2207 2224 2262 fons
2255 2207 2452 2261 salutis
2509 2213 2564 2260 et
2618 2205 2903 2259 catholica:
2936 2206 3361 2274 apostolicacqnc
3422 2203 3683 2256 Ecclesia:

2099 2313 2228 2351 vera
2280 2297 2434 2350 lides.
2480 2296 2523 2349 Α
2555 2311 2662 2364 qua
2693 2296 3046 2364 insequentes
3094 2310 3287 2350 onmes
3345 2302 3528 2357 sectae,
3561 2310 3684 2362 qua:

2102 2391 2279 2467 solum
2311 2389 2518 2445 Christi
2545 2405 2768 2452 nomen,
2802 2406 2909 2442 non
2944 2388 3101 2442 (idem
3136 2388 3453 2458 pralcrnnt.
3488 2402 3684 2454 ampu-

2103 2492 2228 2536 tatae
2254 2490 2405 2544 sunt,
2437 2491 2490 2536 et
2525 2483 2729 2536 avulsa:
2763 2498 2776 2532 :
2804 2499 2843 2544 ι,
2874 2481 3210 2540 Simoniani:
3248 2495 3309 2543 ιι,
3339 2478 3684 2533 Menandria-

2103 2576 2188 2639 ni;
2226 2590 2307 2636 ιιι,
2345 2573 2744 2640 Saturniliani;
2773 2591 2846 2634 iv,
2883 2572 3234 2632 Basilidiani;
3286 2588 3338 2633 v,
3367 2569 3680 2633 Nicolaitic;

2100 2681 2177 2728 vi,
2204 2665 2473 2730 Gnostici,
2502 2665 2594 2734 qni
2623 2673 2676 2718 et
2707 2664 3030 2726 Stratiotici,
3050 2661 3459 2727 etPhibionitaa,
3495 2677 3524 2714 a
3553 2661 3681 2729 qui-

2102 2757 2728 2819 busdain-Secundiani;
2765 2757 2835 2810 ab
2882 2756 3006 2809 aliis
3063 2753 3372 2816 Socratitm,
3406 2753 3489 2807 vel
3548 2751 3684 2804 Zac-

2103 2850 2277 2915 chmi;
2310 2851 2379 2903 ab
2413 2851 2536 2904 aliis
2559 2866 2691 2904 vero
2720 2849 2986 2903 Coddiani
3040 2847 3408 2918 appellantur,
3460 2861 3526 2900 ac
3551 2845 3685 2897 Bor-

2104 2941 2342 3001 boriani,
2375 2943 2458 2996 vel
2488 2941 2811 3005 Barbeliim;
2847 2957 2942 3002 vn,
2973 2939 3399 3010 Carpocralitie;
3431 2953 3552 3001 viti,
3581 2938 3684 2990 Ce-

2103 3034 2388 3099 rinthiani,
2451 3037 2543 3104 qui
2601 3043 2655 3087 et
2714 3031 3096 3096 lllerinthiani;
3157 3047 3234 3092 ιχ,
3287 3029 3564 3088 Nazoraei;
3626 3045 3682 3089 χ,

2105 3125 2390 3188 Ebionaai;
2431 3143 2506 3184 χι,
2545 3124 2855 3188 Valentini;
2899 3140 2997 3184 χιι,
3056 3121 3412 3176 Secundiani.
3471 3120 3684 3186 Quibus

2104 3221 2315 3274 accedit
2350 3219 2656 3288 Epiphanes
2698 3226 2750 3270 ct
2775 3217 3044 3270 Isidorus.
3083 3230 3205 3278 χιιι,
3236 3213 3540 3275 Ptolemaei;
3569 3228 3682 3272 xiv,

2106 3312 2395 3377 Marcosii;
2436 3328 2524 3370 xv,
2550 3310 2887 3371 Colorbasii;
2933 3323 3047 3370 xvt,
3078 3305 3510 3369 lleraclconitte;
3544 3319 3681 3365 xm,

2052 3470 2054 3472 τ
2105 3401 2345 3470 Ophitae;
2385 3415 2544 3462 xvm,
2573 3399 2802 3468 Cajani;
2840 3414 2952 3460 χιχ,
2992 3395 3277 3460 Scthiani;
3312 3411 3400 3458 xx,
3430 3393 3686 3446 Archon-

2107 3494 2236 3558 tici;
2272 3509 2385 3556 χχι,
2419 3491 2785 3556 Cerdoniani;
2823 3507 2960 3552 χχιι,
2990 3488 3332 3551 Marciones;
3391 3501 3547 3546 χχιιι,
3585 3483 3689 3537 Ln-

2107 3587 2446 3651 cinianistm;
2507 3601 2678 3648 xxiv,
2735 3583 3114 3654 Appelleiani;
3172 3597 3309 3645 xxv,
3371 3577 3685 3643 Severiani;

2104 3693 2272 3741 χχιιι,
2317 3675 2572 3742 Tatiani;
2625 3692 2798 3737 xxvn,
2862 3675 3194 3739 Encratitm;
3254 3687 3459 3734 xxvm,
3519 3670 3684 3723 Cata-

2106 3767 2361 3838 phryges,
2394 3768 2483 3836 qni
2509 3765 2930 3836 eﬁlllontanistzc
2953 3776 3006 3818 et
3036 3762 3470 3830 Tascodrugitw,
3507 3760 3599 3828 qui
3629 3767 3686 3812 et

2109 3859 2216 3928 ipsi
2251 3860 2412 3912 divisi
2446 3867 2597 3919 sunt,
2621 3875 2752 3912 χχιχ
2775 3898 2790 3921 ,
2823 3857 3145 3928 Pepuziani,
3173 3853 3268 3925 qui
3297 3862 3351 3908 et
3378 3851 3682 3906 Priscillia-

2109 3955 2186 4015 ni,
2227 3968 2289 4005 ac
2320 3952 2668 4017 Quintiliani.

420 4044 576 4113 τρίτη
613 4040 994 4095 Λουκιανισταί
1019 4056 1032 4069 ·
1061 4040 1280 4109 εἰκοστὴ
1315 4053 1552 4110 τετάρτη
1604 4040 1954 4113 ’Λπελληανοί
1982 4059 1995 4072 ·
2037 4047 2258 4118 εἰκοστὴ
2289 4047 2518 4117 πέμπτη
2554 4043 2902 4116 Σευηριανοί·
2973 4040 3193 4110 εἰκοστὴ
3222 4039 3358 4109 ἕκτη
3408 4034 3685 4090 Τατιανοίο

419 4135 636 4205 εἰκοστὴ
685 4133 886 4203 ἑϐδόμη
957 4132 1334 4199 Ἐγκρατῖταιο
1388 4134 1608 4192 εἰκοστὴ
1648 4134 1808 4202 ὀγδόη
1853 4135 1994 4188 κατὰ
2031 4137 2385 4206 Φρυγαστῶν,
2436 4137 2532 4189 καὶ
2581 4133 2988 4195 Μοντανιστῶν,
3053 4132 3148 4185 καὶ
3181 4125 3684 4199 Τασκοδρουγιτῶν.

421 4227 577 4283 Οὗτοι
613 4228 668 4280 δὲ
729 4227 891 4280 πάλιν
937 4226 986 4278 οἱ
1039 4225 1499 4297 Τασκοδρουγῖται
1544 4230 1874 4300 διῃρέθησαν
1921 4230 2000 4293 είς
2039 4230 2284 4294 ἑαυτούς.
2322 4232 2554 4304 Εἰκοστὴ
2599 4230 2794 4300 ὲννάτη
2833 4225 3216 4290 Πεπουξιανοὶ,
3268 4226 3317 4277 οἱ
3368 4221 3462 4275 καὶ
3516 4221 3686 4292 Πρισ-

421 4327 700 4385 κιλλιανοὶ,
729 4325 823 4378 καὶ
849 4325 1266 4378 Κυϊντιλλιανοί.

493 4415 587 4481 Οἷς
616 4420 976 4474 συνάπτονται
1011 4419 1415 4489 Ἀρτοτυρῖται·
1461 4420 1755 4491 τριακοστὴ
1795 4420 2003 4473 Τεσσα-

2181 4419 2393 4486 Quibus
2449 4417 2786 4485 adjiciuntur
2859 4412 3210 4483 Artotyritac;
3277 4428 3428 4473 xxx,
3483 4409 3684 4467 Tessa-

427 4511 928 4581 ρεσκαιδεκατῖται,
994 4510 1042 4560 οί
1096 4509 1159 4562 τὸ
1209 4510 1400 4580 Πάσχα
1461 4512 1590 4581 μίαν
1647 4513 1858 4584 ἡμέραν
1899 4511 1993 4566 τοῦ

2100 4511 2540 4570 rescmdecatitzc,
2576 4509 2668 4577 qui
2691 4506 2975 4560 Paschalis
3008 4505 3314 4560 celebritati
3341 4520 3503 4559 unam
3528 4515 3690 4575 quot-

424 4602 576 4666 ἔτους
617 4602 924 4665 ποιοῦντες·
970 4601 1266 4672 τριακοστὴ
1318 4601 1509 4673 πρώτη
1553 4605 1794 4672 Ἀλογοι,
1854 4606 1902 4657 οἱ
1945 4603 2008 4656 τὸ

425 4693 751 4762 Εὑαγγέλιον
799 4693 896 4747 καὶ
926 4695 1025 4766 τὴν
1057 4695 1422 4763 Ἀποκάλυψιν
1461 4695 1703 4748 Ἰωάννου
1749 4697 1824 4766 μὴ
1855 4695 2007 4766 δεχό-

428 4804 612 4855 μενοι·
674 4788 970 4858 τριακοστὴ
1015 4788 1242 4859 δευτέρα
1290 4788 1643 4858 Ἀδαμιαναί·
1709 4787 2007 4860 τριακοστὴ

423 4879 582 4950 τρίτη
624 4880 926 4950 Σαμψαίοι,
964 4883 1012 4933 οἱ
1055 4882 1148 4934 καὶ
1205 4880 1542 4935 Ἑλκεσαίοιο
1577 4882 1876 4953 τριακοστὴ
1922 4899 2009 4935 τε·

424 4973 600 5043 τάρτη
639 4973 1012 5028 Θεοδοτιανοίν
1066 4975 1365 5046 τριακοστὴ
1421 4975 1648 5046 πέμπτη
1683 4976 2010 5046 Μελχισεδε-

427 5061 634 5114 κιανοί·
666 5062 962 5131 τριακοστὴ
1009 5062 1142 5133 ’έκτη
1190 5064 1642 5135 Βαρδησιανισταί
1671 5081 1684 5094 ·
1711 5065 2008 5136 τριακοστὴ

428 5151 630 5222 ἑϐδόμη
690 5153 1010 5222 Νοητιανοί’
1073 5156 1370 5226 τριακοστὴ
1443 5157 1602 5226 ὀγδόη
1678 5156 2004 5226 Οὑαλήσιοιο

425 5243 725 5312 τριακοστὴ
783 5243 976 5311 ἐννάτη
1029 5245 1292 5315 ΚαΟαροὶ,
1334 5247 1382 5298 οἱ
1434 5247 1528 5299 καὶ
1570 5247 1843 5299 Ναυδὶτοισ
1887 5263 2012 5300 τεσ-

430 5334 740 5404 σαρακοστὴ
790 5335 1124 5402 Ἀγγελικοί·
1171 5338 1584 5408 τεσσαρακοστὴ
1619 5338 1812 5408 πρώτη
1853 5339 2012 5392 Ἀπο-

430 5426 686 5488 στολικοὶ,
732 5427 782 5480 οἰ
827 5427 920 5480 καὶ
962 5428 1376 5498 Ἀποτακτικοί·
1431 5430 1843 5500 τεσσαρακοστὴ
1893 5431 2012 5484 δευ·

429 5519 562 5590 τέρα
608 5518 951 5572 Σαϐελλιανοί
977 5535 988 5546 “
1017 5521 1430 5591 τεσσαρακοστὴ
1465 5521 1624 5593 τρίτη
1675 5523 2008 5592 Ὠριγένειοι,

428 5611 480 5663 οἱ
522 5610 861 5681 αὶσχροποιοί
885 5628 898 5640 ·
947 5615 1353 5683 τεσσαρακοστὴ
1396 5614 1630 5686 τετάρτη
1673 5614 2008 5686 Ὠριγένειοι,

429 5701 524 5754 τοῦ
547 5703 640 5756 καὶ
682 5703 1035 5774 ’Δδαμαντίου
1055 5723 1067 5733 ’
1096 5707 1508 5776 τεσσαρακοστὴ
1539 5707 1765 5778 πέμπτη
1797 5707 2010 5760 Παύλου

427 5792 524 5848 τοῦ
564 5794 952 5863 Σαμοσατέως·
998 5796 1411 5869 τεσσαρακοστὴ
1459 5797 1590 5868 ’έκτη
1624 5797 1928 5868 διανιχαῖοι,
1961 5801 2009 5852 οἱ

2111 4605 2272 4658 annis
2321 4604 2465 4657 diem
2492 4600 2838 4670 przeﬁniunt;
2891 4613 3049 4662 xxxi,
3098 4598 3253 4668 Alogi
3287 4597 3381 4668 qui
3441 4597 3689 4667 Evange-

2110 4697 2243 4750 lium
2283 4702 2337 4749 et
2361 4691 2726 4763 Apocalypsin
2757 4689 2986 4744 Joannis
3016 4690 3274 4760 rejicinnt
3297 4707 3312 4756 ;
3339 4706 3514 4750 χχχιι.
3546 4690 3691 4743 Ada—

2111 4786 2276 4841 miani
2305 4802 2320 4850 ;
2352 4801 2548 4848 xxxiii,
2577 4782 2864 4853 Sampszei,
2895 4783 2987 4851 qui
3021 4789 3076 4836 et
3135 4780 3431 4845 llclcesaai;
3488 4797 3686 4843 xxxiv,

2112 4876 2709 4941 Theodotiani;xxxv,
2742 4874 3258 4940 Mclchisedeciani;
3314 4889 3498 4934 xxxVi,
3557 4873 3686 4927 Bar-

2111 4968 2465 5032 dcsianistae;
2529 4983 2741 5031 xxxv",
2805 4965 3096 5030 Noctiani;
3155 4980 3387 5030 xxxviii,
3445 4962 3688 5028 Valcsii;

2113 5077 2304 5120 χχχιχ,
2355 5060 2605 5121 Cathari,
2660 5059 2752 5130 qui
2803 5069 2858 5114 et
2908 5057 3240 5124 Novatiani;
3277 5071 3368 5115 χι,
3399 5055 3690 5125 Angelici;

2115 5171 2230 5220 χιι,
2264 5153 2592 5223 Apostolici.
2617 5153 2710 5223 qui
2738 5161 2793 5207 et
2820 5151 3128 5221 Apotaclici
3152 5168 3166 5213 ;
3198 5165 3332 5212 χιιι,
3360 5148 3690 5210 Sabelliani;

2113 5262 2268 5309 XLIII,
2303 5244 2626 5314 Origcnista:
2662 5243 2925 5298 foeditatis
2974 5250 3264 5307 auctores:
3317 5257 3463 5301 xuv,
3499 5241 3692 5309 Orige-

2113 5339 2293 5398 nislae,
2323 5337 2391 5390 ah
2423 5337 2680 5405 Origene,
2715 5337 2811 5405 qni
2849 5335 3012 5389 etiam
3039 5333 3405 5388 Adamantius
3446 5333 3690 5402 appella-

2115 5438 2244 5495 tur;
2305 5446 2429 5492 χιν,
2489 5428 2647 5483 Pauli
2686 5427 3131 5489 Samosatensis;
3193 5442 3339 5487 χινι,
3384 5424 3687 5488 Manichari,

2113 5524 2207 5593 qui
2244 5529 2298 5576 et
2329 5522 2650 5583 Acnanitaz;
2709 5537 2877 5579 van,
2933 5519 3260 5582 llieracitm;
3293 5533 3486 5580 vauI,
3523 5517 3690 5571 Mele-

2115 5615 2274 5678 tiani,
2320 5617 2412 5684 qui
2451 5613 2504 5667 in
2565 5612 2802 5683 Egypto
2852 5611 3092 5666 schisma
3137 5610 3480 5676 conﬂarunt;
3538 5626 3687 5671 χιιχ,

2115 5708 2306 5761 Ariani
2342 5709 2435 5777 qui
2467 5706 2932 5770 etA’riomanitzc;
2974 5721 3026 5770 ι,
3071 5703 3446 5759 Audianornm
3501 5713 3687 5764 secta;

2116 5815 2191 5865 ιι,
2225 5798 2576 5861 Photiniani;
2607 5814 2702 5865 ιιι,
2734 5797 3067 5853 Marcclliani
3094 5814 3108 5864 ;
3147 5813 3258 5863 ιιιι¹
3320 5795 3690 5860 Scmiariani;
