4204 6370
529 309 634 365 16⁵5

1279 307 1624 364 EPIPHANII
1663 306 2112 364 RESCRIPTUM
2152 307 2243 362 AD
2281 308 2586 364 ACACIUM
2620 309 2709 364 ET
2747 308 3056 366 PAULUM.

3695 312 3801 368 164

527 467 644 515 LIV,
677 446 1170 504 Pneumatomachi
1200 447 1319 504 sive
1367 448 1783 514 Macedoniani;
1820 456 1876 503 et
1909 447 2101 503 Eleusii

2219 447 2312 499 καὶ
2358 447 2699 501 Ἀκουανῖται
2723 464 2738 479 ·
2769 445 3184 519 τεσσαρακοστὴ
3217 415 3418 519 έϐδόμη
3465 447 3754 519 Ἱερακῖται
3778 465 3796 484 ο

527 543 778 613 discipuli
803 542 895 613 qui
940 541 994 596 in
1019 548 1269 596 sanctum
1293 540 1385 596 Dei
1420 542 1682 611 Spiritum
1722 540 2110 596 contumeliosi

525 641 672 699 sunt;
685 648 774 697 Lv,
789 631 1005 687 Aeriani
1023 630 1100 703 [et
1116 630 1312 686 Eleusii
1330 629 1624 701 discipuli];
1641 645 1748 695 LVI,
1765 629 1996 695 Aetiani,
2017 629 2110 699 qui

524 725 866 789 etAnomaei,
889 724 1092 795 quibus
1119 723 1435 793 adjungitur
1464 721 1805 788 Eunomius;
1847 738 1979 784 Lvn,
2020 721 2111 775 Di-

523 817 871 888 mceritze,qui
892 816 1189 887 perfectam
1207 814 1411 869 Christi
1432 815 1864 868 Incarnationem
1887 814 2110 868 minime

525 910 878 972 conﬁtentur,
905 908 996 978 qui
1022 915 1077 961 et
1113 905 1521 977 Apollinaristze
1561 906 1951 971 nominantur;
1974 920 2107 959 Lvut

523 1019 736 1067 eorum,
769 1003 864 1073 qui
924 1001 1151 1055 Mariam
1207 1015 1425 1069 semper
1464 999 1753 1069 virginem,
1814 1007 2103 1068 postquam

526 1094 865 1150 Salvatorem
905 1095 1114 1164 genuit,
1152 1107 1277 1146 cum
1315 1091 1557 1160 Josepho
1612 1092 1968 1146 consuevisse
2022 1089 2100 1145 di-

523 1197 675 1252 cunt,
737 1202 879 1257 quos
936 1183 1523 1240 Antidicomarianitas
1563 1183 1946 1253 appellamus;
1983 1199 2101 1251 ιιιι,

519 1295 732 1343 eorum,
769 1279 864 1349 qui
894 1279 948 1332 in
1002 1293 1203 1332 nomen
1238 1276 1484 1347 ejusdem
1540 1275 1725 1330 Maria:
1776 1276 2098 1348 collyridem

518 1373 777 1440 oﬂ‘erunt,
810 1380 865 1426 et
887 1371 1248 1442 Collyridiani
1275 1379 1584 1436 vocantur;
1636 1386 1727 1438 ιιι,
1757 1369 2093 1437 Massaliani,

519 1464 585 1517 ad
617 1479 755 1532 quos
782 1462 1159 1532 adjunguntur
1177 1460 1518 1533 Martyriani,
1552 1477 1583 1517 e
1611 1462 1896 1533 gentilium
1920 1470 2097 1526 secta,

516 1566 571 1611 et
603 1556 962 1625 Euphernitae,
999 1569 1064 1610 ac
1089 1554 1355 1609 Satanici.

2212 541 2622 612 τεσσαρακοστὴ
2649 540 2807 611 ὀγδόη
2863 540 3216 611 Μελητιανοὶ,
3251 541 3302 594 οἱ
3348 540 3473 595 κατ’
3499 541 3797 612 Αἵγυπτιον

2214 633 2419 703 σχίσμα
2467 632 2647 696 δντεςο
2674 631 3086 704 τεσσαρακοστὴ
3135 633 3330 704 ἐννάτη
3386 635 3685 706 Ἀρειαναὶ,
3745 639 3796 691 οἱ

2213 726 2308 778 καὶ
2344 725 2399 777 Ἀ
2411 726 2750 795 ρειομανῖται
2768 741 2782 754 ·
2810 724 3157 795 πεντηκοστὴ
3179 724 3454 778 Αὒδιανῶν
3475 726 3537 778 τὸ
3559 727 3762 798 σχίσμα
3778 747 3793 761 ο

2211 818 2551 887 πεντηκοστὴ
2580 815 2771 888 πρώτη
2791 818 3135 870 Φωτεινιανοί
3157 835 3172 848 ο
3201 819 3542 891 πεντηκοστὴ
3565 820 3795 892 δευτέρα

2211 908 2612 979 Μαρκελλιανοί
2632 926 2644 938 ·
2692 908 3034 980 πεντηκοστὴ
3054 909 3212 980 τρίτη
3229 910 3537 982 Ἠμιάρειοι
3557 928 3568 940 ·
3597 929 3795 984 πεντη-

2211 999 2378 1070 κοστὴ
2396 1001 2629 1071 τετάρτη
2658 1000 3134 1071 Πνευματομάχοι,
3159 1001 3210 1052 οἱ
3253 1001 3350 1053 καὶ
3384 1002 3792 1069 Μακεδονιανοὶ,

2209 1094 2304 1146 καὶ
2350 1093 2623 1146 Ἐλευσίου
2657 1092 2981 1162 μαθηταὶ,οἱ
3010 1093 3069 1145 τὸ
3090 1093 3244 1161 ἅγιον
3270 1092 3364 1146 τοῦ
3397 1093 3532 1147 Θεοῦ
3569 1095 3795 1166 Πνεῦμα

2208 1185 2693 1256 βλασφημοῦντες·
2749 1185 3092 1256 πεντηκοστὴ
3169 1186 3436 1257 πέμπτη,
3528 1188 3797 1258 Ἀεριανοὶ

2206 1277 2326 1350 [καὶ
2353 1279 2624 1332 Ἑλευσίου
2645 1277 2906 1349 μαθηταί]
2929 1295 2943 1310 ·
2972 1278 3314 1349 πεντηκοστὴ
3342 1279 3476 1350 ἕκτη
3504 1279 3793 1341 ’Λετιανο“ι,

2204 1372 2253 1422 οἱ
2285 1370 2378 1422 καὶ
2416 1371 2661 1440 ’Λνομοι,
2684 1366 2764 1430 οἷς
2804 1369 3134 1422 συνάπτεται
3185 1369 3470 1440 Εὐνόμιος,
3515 1370 3715 1440 μᾶλλον
3739 1369 3794 1421 δὲ

2205 1466 2234 1517 ὁ
2281 1464 2549 1533 Ἀνομος·
2601 1463 2942 1534 πεντηκοστὴ
2993 1463 3193 1534 ὲϐδόμη
3241 1464 3572 1534 Διμοιρῖται,
3620 1465 3670 1516 οἱ
3721 1463 3794 1533 μὴ

2205 1553 2416 1608 τελείαν
2449 1552 2684 1624 Χριστοῦ
2717 1553 2815 1624 τὴν
2845 1553 3263 1625 ὲνανθρώπησιν
3295 1553 3712 1623 ὁμολογοῦντες,
3743 1555 3793 1604 οἱ

517 1651 611 1704 καὶ
671 1650 1108 1723 Ἀπολλιναρῖται
1133 1666 1148 1682 ο
1201 1648 1545 1721 πεντηκοστὴ
1584 1649 1770 1720 ὀγδόη,
1797 1651 1892 1704 καὶ
1923 1651 1972 1703 οἱ
2002 1649 2102 1719 τὴν
2140 1649 2301 1717 ἁγίαν
2333 1648 2551 1720 Μαρίαν
2576 1649 2678 1718 τὴν
2709 1649 2798 1701 ἀεὶ
2823 1647 3092 1721 παρθένον
3146 1647 3396 1717 λέγοντες
3433 1647 3574 1719 μετὰ
3603 1647 3662 1699 τὸ
3703 1646 3794 1698 τὸν

515 1747 743 1817 Σωτῆρα
766 1743 1276 1816 γεγεννηκέναι,τῷ
1313 1745 1513 1816 Ἰωσὴφ
1548 1744 1836 1816 συνῆφθαι,
1895 1743 2150 1808 οὕστινας
2211 1743 2550 1814 ἐκαλέσαμεν
2621 1741 3248 1812 Ἀντιδικομαριανίτας⁸
3301 1738 3642 1810 πεντηκοστὴ
3707 1740 3794 1790 ὲν-

513 1839 670 1910 νάτη,
697 1838 790 1890 γαὶ
817 1839 865 1890 οἱ
893 1838 972 1900 είς
1004 1836 1173 1907 ὄνομα
1210 1836 1311 1906 τῆς
1349 1835 1522 1905 αὐτῆς
1577 1836 1798 1906 Μαρίας
1853 1835 2140 1901 κολλυρίδα
2178 1835 2604 1905 προσφέροντες,
2652 1832 2701 1884 οἱ
2730 1830 3022 1884 καλοῦνται
3046 1831 3453 1901 Κολλυριδιανοί
3474 1846 3489 1860 ·
3524 1817 3793 1902 έξηκοστὴ

512 1927 908 1992 Μασσαλιανοὶ,
960 1920 1044 1990 οἷς
1085 1926 1448 1980 συνάπτονται
1479 1927 1878 1996 Μαρτυριανοὶ,
1920 1929 1968 1980 οἱ
1997 1926 2105 1980 ἀπὸ
2149 1925 2440 1995 Ἑλλήνων,
2481 1925 2575 1978 καὶ
2601 1924 2938 1994 Εὑφημῖται,
2976 1924 3069 1976 καὶ
3098 1923 3438 1978 Σατανιανοί.

581 2024 740 2080 Nune
775 2023 1008 2095 repetita
1037 2025 1380 2090 narratione,
1439 2033 1492 2078 et
1522 2023 1578 2078 in
1609 2023 1862 2094 singulos
1919 2024 2093 2078 libros
2125 2031 2169 2086 Β

512 2117 828 2174 distributis
852 2116 1178 2183 baresibus,
1211 2117 1317 2171 hoc
1341 2117 1398 2171 in
1446 2116 1600 2171 brevi
1640 2116 1966 2186 compendio
1999 2116 2097 2171 de-

511 2211 763 2275 clarabo,
785 2218 1051 2280 quotnam
1077 2224 1144 2264 ex
1168 2209 1280 2264 illis
1308 2209 1614 2264 haeresibus
1640 2209 1696 2264 in
1726 2210 1909 2280 priore
1933 2209 2094 2272 libro,

509 2309 643 2372 quot
693 2301 750 2356 in
777 2299 1020 2356 secundo
1070 2315 1137 2354 ac
1184 2301 1349 2356 tertio
1396 2301 1818 2367 contineantur;
1879 2312 1991 2354 tum
2041 2300 2098 2354 in

509 2391 740 2464 reliquis
775 2393 1036 2448 omnibus
1065 2400 1392 2448 caeterorum
1449 2393 1717 2448 librorum
1750 2393 1914 2448 tomis
1965 2401 2099 2462 quot

512 2485 812 2554 unicuique
846 2483 1088 2540 haereses
1141 2485 1424 2540 attributae
1459 2493 1611 2539 sunt.
1666 2483 1874 2539 llarum
1911 2485 2098 2554 itaque

510 2574 754 2628 omnium
786 2575 959 2628 series
989 2580 1076 2628 est
1118 2572 1414 2642 ejusmodi.
1465 2573 1525 2627 in
1556 2573 1734 2644 primo
1770 2573 1910 2629 libro
1964 2573 2097 2628 tomi

513 2680 626 2723 tres
661 2675 813 2735 sunt,
854 2668 1092 2723 hzereses
1120 2684 1268 2735 ιινι,
1299 2669 1416 2725 suis
1438 2669 1753 2723 nominibus
1776 2677 2092 2738 conceptze:

509 2759 890 2815 Barbarismus
944 2760 1216 2824 videlicet,
1281 2775 1345 2813 ac
1397 2759 1789 2830 Scythismus;
1850 2756 2096 2813 Helleni-

511 2867 685 2916 smus,
717 2849 1057 2915 Judaismus,
1115 2865 1178 2904 ac
1224 2849 1665 2906 Samaritismus.
1733 2849 1792 2904 ln
1852 2849 2096 2905 secundo

511 2943 651 2997 libro
678 2943 810 2998 tonii
839 2944 947 2996 duo
1003 2951 1152 3005 sunt,
1193 2942 1432 2998 hmreses
1473 2959 1631 2998 xxiii.
1668 2941 1726 2997 ln
1754 2944 1920 2997 tertio
1955 2941 2095 2995 libro

507 3033 644 3085 tonui
673 3032 804 3095 duo,
852 3033 1094 3087 haereses
1125 3050 1203 3087 xu.
1236 3032 1292 3086 In
1343 3035 1544 3102 prioris
1584 3034 1765 3103 itaque
1797 3034 1919 3086 libri
1949 3042 2096 3087 tonio

511 3124 686 3190 primo
710 3123 947 3178 interese-5
979 3141 1045 3177 xx
1080 3130 1231 3186 sunt,
1275 3123 1686 3189 Burbarismus,
1723 3124 2092 3195 Scythismus,

509 3213 862 3280 Graecismus,
879 3215 1220 3270 Judaismus.
1245 3214 1558 3270 Graecorum
1583 3232 1747 3286 porro
1772 3216 2094 3270 discrimina

509 3317 612 3361 ista
638 3317 767 3362 sunt
801 3323 816 3359 :
849 3307 1198 3379 Pythagorei,
1236 3309 1351 3364 sive
1382 3308 1759 3378 Peripatetici,
1800 3309 2090 3374 Platonici,
2133 3379 2148 3383 __

510 3397 704 3462 Stoici,
759 3399 1037 3469 Epicurei,
1098 3399 1429 3454 Samaritica
1468 3401 1716 3462 haeresis,
1759 3417 1883 3471 quae
1929 3417 1959 3454 a
1997 3401 2091 3454 Ju-
2123 3380 2162 3432 (ί

509 3492 726 3545 daisuio
755 3493 1020 3546 manavit.
1062 3491 1399 3547 Samaritani
1434 3501 1672 3563 quatuor
1701 3493 1755 3547 in
1786 3501 1971 3563 partes
1996 3495 2098 3547 tri-

509 3583 780 3649 buuntur,
809 3583 1143 3648 Gorthenos,
1167 3586 1450 3650 Sebuzeos,
1474 3585 1754 3652 Esseuios,
1779 3585 2091 3641 Dusitbcos.

506 3673 820 3728 Judmorum
884 3677 1120 3732 hmrcses
1177 3686 1445 3746 septem:
1510 3677 1738 3744 Scribaa,
1800 3677 2091 3740 Pharisaei,

511 3765 820 3830 Sadduczei,
869 3767 1378 3838 llemerobaptistm,
1416 3769 1612 3834 Ossaei,
1657 3772 1900 3826 Nasarzei
1932 3812 1946 3837 ,
1989 3770 2096 3825 lle-

506 3857 742 3912 rodiani.
780 3858 833 3910 In
862 3860 1107 3913 secundo
1137 3868 1290 3913 tonio
1341 3861 1465 3914 libri
1501 3863 1663 3931 primi
1698 3863 1936 3917 brereses
1991 3879 2091 3916 xm

507 3957 638 4005 sunt
659 3955 688 4003 ':
728 3949 1059 4014 Simoniaui,
1093 3951 1491 4016 Menaudriani,
1524 3952 1912 4017 Saturniliani,
1942 3954 2096 4009 Basi-

507 4043 718 4106 litliani,
751 4041 1058 4108 Nicolaitte,
1085 4042 1359 4108 Gnostici,
1409 4046 1504 4115 qui
1548 4053 1602 4101 et
1647 4044 1975 4108 Stratiotici,
2031 4062 2096 4100 ac

508 4133 875 4202 Phibiouitze;
910 4137 978 4190 ab
1003 4137 1128 4190 aliis
1178 4153 1308 4193 vero
1335 4138 1692 4204 Secundiani,
1725 4141 1793 4194 ab
1817 4140 1940 4194 aliis
1965 4139 2096 4195 Zac-

507 4225 664 4290 chvei,
693 4241 794 4280 nec
836 4242 946 4280 non
987 4226 1278 4292 Coddiaui,
1321 4239 1374 4284 et
1408 4231 1737 4294 Borboritae,
1792 4247 1856 4285 ae
1888 4231 2094 4287 Barbe-

507 4316 629 4387 lytac
676 4317 960 4384 dicuntur;
1022 4319 1451 4390 Carpocratitaa,
1491 4321 1859 4390 Cerinthiani,
1913 4326 2096 4394 quiet

508 4406 894 4473 Merinthiani,
923 4409 1193 4474 Nazormi,
1250 4413 1514 4479 Ebiouaei,
1551 4413 1842 4480 Valentini,
1893 4417 2098 4470 Secun-

506 4498 718 4552 diniani
746 4518 757 4552 :
788 4501 989 4570 quibus
1040 4505 1312 4558 accedunt
1349 4505 1662 4576 Epiphanes
1714 4516 1768 4562 et
1823 4509 2091 4574 Isidorus,

508 4588 812 4644 Ptolemaei.
847 4591 900 4646 In
939 4595 1102 4649 tertio
1140 4607 1322 4651 autem
1365 4607 1513 4652 tomo
1550 4601 1755 4668 prioris
1811 4601 1936 4655 libri
1985 4601 2097 4655 ha:-

2281 2020 2549 2076 Ἐπανιὼν
2599 2021 2657 2073 δὲ
2709 2016 2886 2086 αὖθις,
2939 2019 3035 2074 καὶ
3071 2017 3260 2075 διελὼν
3304 2019 3511 2084 ταύτας
3545 2021 3687 2074 κατὰ
3713 2021 3796 2092 βί-

2200 2113 2346 2178 ϐλον,
2401 2111 2668 2178 ὑποδείξω
2719 2113 2778 2165 έν
2831 2112 3005 2184 ταύτῃ
3045 2130 3147 2184 μου
3181 2115 3246 2185 τῇ
3295 2114 3791 2184 ἀνακεφαλαιώσει,

2201 2203 2364 2256 πόσαι
2389 2201 2595 2255 τούτων
2621 2201 2728 2254 τῶν
2749 2201 3081 2274 ὀγδοήκοντα
3102 2203 3369 2274 αἱρέσεων
3399 2206 3456 2258 ὲν
3476 2205 3554 2276 τῷ
3591 2206 3793 2278 πρώτῳ

2202 2295 2414 2366 βιϐλίῳ,
2457 2295 2549 2348 καὶ
2566 2293 2801 2365 καθεξῆς
2833 2296 2891 2348 ὲν
2918 2294 2997 2365 τῷ
3019 2294 3280 2366 δευτέρῳ,
3315 2295 3422 2361 ἕως
3452 2297 3546 2352 τοῦ
3578 2300 3787 2370 τρίτου·

2199 2387 2334 2440 ἀλλὰ
2365 2386 2458 2440 καὶ
2479 2385 2602 2440 καθ’
2625 2387 2857 2441 ἕκαστον
2890 2388 3000 2442 τῶν
3031 2389 3171 2443 ἑπτὰ
3203 2389 3388 2461 τόμων
3407 2431 3423 2456 ,
3451 2390 3561 2444 τῶν
3595 2393 3652 2445 ὲν
3681 2394 3794 2457 τοὶς

2198 2480 2343 2550 τρισὶ
2369 2479 2593 2549 βιϐλίοις
2620 2481 3085 2551 συντεταγμένων,
3123 2482 3286 2539 πόσαι
3309 2484 3445 2536 εἰσὶν
3468 2484 3525 2535 αἱ
3559 2484 3617 2538 ὲν
3641 2485 3793 2554 αὑτῷ

2199 2569 2535 2641 χωρηθεῖσαι
2586 2569 2850 2640 αἱρέσεις.
2905 2572 3016 2626 Καὶ
3079 2572 3226 2627 ἔστιν
3277 2573 3450 2639 οὕτως
3497 2575 3557 2629 ὲν
3592 2575 3693 2644 μὲν
3712 2574 3793 2646 τῷ

2200 2660 2403 2734 πρώτῳ
2444 2662 2635 2735 βιϐλίῳ
2655 2663 2813 2735 τόμοι
2857 2667 3028 2735 τρεῖς,
3061 2665 3303 2736 αἱρέσεις
3331 2664 3386 2718 δὲ
3420 2683 3793 2738 τεσσαρακον-

2197 2754 2328 2818 ταὲξ
2361 2757 2457 2808 σὺν
2489 2759 2610 2820 ταῖς
2652 2757 2972 2828 ὀνομασίαις
3019 2756 3254 2810 τούτων·
3297 2758 3442 2828 φημὶ
3487 2759 3543 2811 δὲ
3576 2759 3794 2833 Βαρϐα-

2202 2847 2419 2918 ρισμοῦ,
2479 2847 2574 2901 καὶ
2613 2849 2945 2919 Σκυθισμοῦ,
2987 2849 3083 2903 καὶ
3119 2849 3497 2921 Ἑλληνισμοῦ,
3528 2852 3624 2905 καὶ
3661 2853 3794 2906 Ἰου-

2197 2939 2426 3008 δαῖσμοῦ
2459 2939 2550 2993 καὶ
2569 2939 3016 3011 Σαμαρειτισμοῦ
3035 2957 3049 2970 ο
3068 2943 3125 2993 ὲν
3148 2940 3206 2993 δὲ
3238 2939 3316 3011 τῷ
3339 2941 3576 3013 δευτέρῳ
3603 2942 3793 3013 βιϐλίῳ

2197 3033 2350 3102 τόμοι
2373 3032 2485 3095 δύο,
2507 3033 2749 3102 αἱρέσεις
2767 3035 3126 3105 είκοσιτρεῖςέ·
3155 3035 3216 3087 έν
3235 3035 3292 3087 δὲ
3315 3035 3392 3105 τῷ
3415 3034 3581 3106 τρίτῳ
3602 3034 3794 3106 βιϐλίῳ

2197 3125 2352 3194 τόμοι
2374 3124 2487 3189 δύο,
2524 3126 2764 3198 αἱρέσεις
2789 3125 3002 3179 ἕνδεκα.
3041 3127 3129 3179 Ἐν
3149 3125 3227 3197 τῷ
3244 3121 3339 3179 οὖν
3369 3124 3570 3197 πρώτῳ
3599 3125 3792 3196 βιϐλίῳ

2199 3216 2416 3288 πρώτου
2446 3217 2613 3286 τόμου
2639 3217 2881 3288 αἱρέσεις
2929 3219 3155 3280 εἴκοσιν,
3186 3218 3248 3271 αἴ
3281 3220 3419 3271 εἰσιν
3443 3219 3572 3272 ἀἵδε
3594 3233 3613 3251 ο
3648 3218 3793 3289 Βαρ-

2198 3309 2487 3379 ϐαρισμὸς,
2545 3309 2880 3378 Σκυθισμὸς,
2963 3309 3351 3380 Ἑλληνισμὸς,
3423 3309 3790 3380 Ἰουδαῖσμός·

2209 3401 2479 3472 Ἑλλήνων
2513 3400 2789 3469 διαφοραὶ,
2825 3399 3213 3472 Πυθαγόρειοι,
3248 3402 3424 3454 εῖτουν
3470 3402 3791 3473 Περιπατη-

2196 3493 2358 3552 τικοὶ,
2396 3492 2756 3555 Πλατωνικοὶ,
2788 3491 3040 3556 Στωϊκοὶ,
3074 3491 3441 3563 Ἐπικούρειοι
3469 3506 3484 3522 ⁶
3520 3493 3793 3562 Σαμαρει-

2196 3586 2342 3657 τικὴ,
2391 3581 2527 3640 οὖσα
2579 3588 2643 3639 ἐκ
2699 3584 2794 3638 τοῦ
2841 3584 3202 3656 Ἰουδα’ίσμοῦ.
3255 3584 3612 3658 Σαμαρειτῶν
3653 3584 3788 3655 ἔθνη

2195 3679 2458 3749 τέσσαρα,
2512 3677 2727 3743 οὕτως·
2773 3679 3079 3750 Γορθηνοὶ,
3136 3679 3456 3744 Σεϐουαῖοι,
3519 3680 3789 3750 Ἐσσηνοὶ,

2197 3770 2457 3824 Δοσίθεοι.
2506 3770 2778 3823 Ἰουδαίων
2803 3770 3046 3841 αἱρέσεις
3084 3770 3246 3836 ἑπτὰ,
3277 3769 3450 3834 οὕτως
3475 3787 3488 3802 ·
3526 3771 3793 3841 Γραμμα-

2202 3865 2356 3926 τεῖς,
2409 3864 2731 3933 Φαρισαῖοι,
2809 3863 3197 3927 Σαδδουκαῖοι,
3251 3861 3789 3935 Ἦμεροϐαπτισταὶ,

2211 3953 2476 4016 Ὀσσαῖοι,
2513 3955 2842 4026 Νασαραῖοι,
2872 3955 3217 4026 Ἠρωδιανοί.
3245 3955 3334 4008 Ἐν
3356 3955 3412 4008 δὲ
3441 3955 3520 4026 τῷ
3550 3956 3792 4028 δευτέρῳ

2196 4045 2348 4116 τόμῳ
2402 4045 2497 4099 τοῦ
2557 4046 2773 4119 πρώτου
2823 4047 3030 4118 βιϐλίου
3058 4047 3322 4112 ὡσαύτως
3362 4048 3606 4120 αἱρέσεις
3633 4049 3794 4102 δεκα-

2196 4141 2365 4208 τρεῖς,
2415 4137 2622 4200 οῦτως·
2673 4141 3022 4210 Σιμωνιανοὶ,
3057 4141 3471 4212 Μενανδριανοὶ,
3538 4143 3794 4214 Σατόρνι-

2196 4230 2390 4296 λιανοὶ,
2420 4231 2813 4285 Βασιλειδιανοὶ
2836 4273 2850 4296 ,
2886 4231 3237 4299 Νικολαῗται,
3271 4231 3590 4295 Γνωστικοὶ,
3620 4235 3670 4287 οἱ
3696 4235 3793 4288 καὶ

2199 4323 2613 4393 Στρατιωτικοὶ,
2652 4324 2747 4376 καὶ
2775 4323 3086 4378 Φιϐιωνῖται
3120 4328 3168 4378 οἱ
3185 4325 3362 4392 αὐτοὶ,
3395 4325 3548 4397 παρὰ
3585 4325 3644 4379 δέ
3682 4343 3792 4379 τισι

2199 4415 2591 4478 Σεκουνδιανοὶ,
2636 4419 2788 4487 παρὰ
2829 4417 2887 4469 δὲ
2916 4416 3096 4480 ἄλλοις
3126 4419 3408 4488 Ζακχαῖοι,
3442 4419 3491 4470 οἱ
3523 4416 3793 4488 καλούμε-

2200 4525 2280 4560 νοι
2308 4508 2405 4561 καὶ
2442 4508 2746 4574 Κοδδιανοὶ,
2775 4509 2888 4562 ἕκαὶ
2922 4509 3269 4581 Βορϐορῖται,
3305 4511 3397 4564 καὶ
3433 4511 3789 4582 Βαρϐηλῖται,

2199 4601 2677 4669 Καρποκρατῖται,
2694 4601 3069 4671 Κηρινθιανοὶ,
3087 4602 3136 4654 οἱ
3161 4602 3254 4655 καὶ
3282 4603 3660 4674 Μηρινθιανοί’
3681 4605 3791 4659 Να-

505 4695 657 4736 reses
683 4683 866 4736 itidem
898 4701 994 4738 xm
1032 4694 1160 4740 sunt
1198 4705 1211 4739 :
1251 4687 1527 4753 Marcosii,
1561 4692 1888 4758 Colorbasii,
1925 4693 2096 4748 llera-

2202 4690 2447 4762 ζωραῖοι,
2502 4692 2828 4758 Ἐϐιωναῖοι,
2871 4694 3240 4759 Οὑαλεντῖνοι,
3272 4695 3671 4763 Σεκουνδιανοὶ,
3711 4693 3792 4764 οἷς

505 4771 790 4839 οΙοοηὶιιε,
846 4773 1082 4846 Ophitae,
1141 4778 1353 4844 Caiani,
1418 4779 1686 4850 Sethiani,
1751 4784 2093 4854 Archontici,

503 4865 873 4934 Cerdoniani,
923 4869 1264 4937 Marciones,
1323 4873 1688 4942 Lucianistae,
1737 4878 2096 4948 Appelleiani,

509 4958 826 5027 Severiani,
887 4959 1130 5019 Tatiani.
1193 4964 1320 5020 Haec
1392 4977 1478 5023 est
1547 4985 1760 5024 summa
1824 4979 2096 5026 tomorum

505 5051 671 5106 trium
730 5055 886 5124 primi
943 5055 1093 5110 libri.
1153 5055 1391 5113 Secundi
1446 5075 1578 5116 vero
1634 5062 1755 5117 libri
1813 5063 1943 5118 tomi
1988 5063 2099 5118 duo

504 5151 659 5209 sunt,
697 5145 858 5212 cujus
901 5147 955 5201 in
1001 5149 1185 5218 priore
1240 5157 1413 5216 tomo,
1471 5155 1564 5223 qui
1609 5164 1839 5225 quartus
1885 5167 1988 5221 est,
2053 5157 2099 5212 si

509 5243 688 5290 tomos
715 5236 974 5311 deinceps
1021 5241 1089 5297 ab
1129 5241 1288 5297 initio
1331 5260 1623 5312 numeres,
1664 5248 1899 5302 haereses
1962 5263 2099 5304 xvm

511 5327 866 5384 continentur
921 5331 1027 5388 hoc
1083 5333 1245 5388 modo
1279 5352 1292 5388 :
1322 5333 1636 5402 Encratitaz,
1701 5336 2099 5409 Cataphrygcs,

505 5413 606 5482 qui
655 5423 709 5471 et
753 5417 1118 5484 Montanistaa.
1177 5438 1240 5479 ac
1293 5425 1726 5498 Taseodrugitaa,
1783 5428 2098 5499 Pepuziani,

509 5503 602 5593 qui
635 5514 689 5559 et
720 5506 1066 5578 Quintiliani,
1103 5515 1305 5585 quibus
1347 5517 1722 5590 adjunguntur
1758 5520 2097 5593 Artotyritaa,

513 5591 1124 5665 'l‘essaresczedecatitre.
1171 5607 1264 5674 qui
1315 5606 1524 5663 Pascha
1573 5612 1627 5665 in
1677 5591 1938 5668 eamdem—
1969 5591 2098 5670 anni

513 5678 656 5772 diem
685 5687 987 5755 conjiciunt
1019 5711 1030 5746 :
1061 5694 1236 5764 Alogi,
1271 5697 1365 5765 qui
1398 5707 1451 5752 et
1483 5697 1835 5771 Evangelium
1870 5711 1924 5756 et
1953 5701 2097 5772 Apo-

511 5771 757 5842 calypsin
799 5779 1025 5843 Joannis
1075 5788 1384 5858 repudiant,
1448 5792 1756 5862 Adamiani,
1808 5793 2094 5868 Sampsazi,

2205 4785 2564 4840 συνάπτονται
2580 4787 2882 4859 Ἐπιφανὴς
2899 4787 2994 4840 καὶ
3023 4789 3314 4860 Ἰσίδωρος,
3335 4789 3685 4863 Πτολεμαῖοι.
3705 4794 3792 4847 Ἐν

2203 4876 2349 4947 δὲτῷ
2380 4877 2550 4950 τρίτῳ
2577 4878 2730 4950 τόμῳ
2748 4879 2843 4932 τοῦ
2876 4880 3042 4934 αὐτοῦ
3059 4879 3279 4952 πρώτου
3305 4880 3513 4951 βιϐλίου
3548 4885 3792 4957 αἱρέσεις

2201 4968 2503 5038 δεκατρεῖς,
2547 4970 2751 5034 οὕτως’
2809 4971 3153 5043 Μαρκώσιοι,
3198 4973 3581 5046 Κολορϐάσιοι,
3629 4979 3792 5048 Ἦρα-

2203 5061 2513 5129 κλεωνῖται,
2553 5064 2787 5132 Ὀφῖται,
2828 5066 3081 5132 Καῖανοὶ,
3116 5066 3390 5137 Σηθιανοὶ,
3435 5069 3788 5141 Ἀρχοντικοὶ,

2204 5157 2283 5208 Κε
2293 5157 2592 5226 ρδωνιανοὶ,
2607 5159 2899 5230 Μαρκίωνε
2907 5177 2954 5225 ς,
2970 5160 3373 5226 Λουκιανισταὶ,
3392 5160 3791 5230 ’Δπελληῖανοὶ,

2204 5249 2544 5320 Σευηριανοὶ,
2584 5248 2861 5304 Τατιανοί.
2920 5249 3069 5324 Αὕτη
3107 5254 3142 5323 ὴ
3183 5251 3660 5322 ἀνακεφαλαίωσις
3695 5250 3789 5304 τοῦ

2206 5339 2424 5411 πρώτου
2459 5339 2663 5410 βιϐλίου
2705 5341 2814 5396 τῶν
2863 5343 3030 5415 τριῶν
3052 5343 3254 5415 τόμων.
3309 5343 3417 5396 Τοῦ
3459 5343 3516 5396 δὲ
3537 5342 3791 5414 δευτέρου

2207 5431 2412 5500 βιϐλίου
2437 5433 2594 5504 τόμοι
2619 5433 2733 5490 δύο.
2782 5435 2870 5488 Ἐν
2895 5434 3098 5506 πρώτῳ
3127 5436 3227 5506 μὲν
3253 5434 3406 5506 τόμῳ
3426 5433 3518 5487 τοῦ
3541 5433 3791 5504 δευτέρου

2206 5522 2434 5592 βιϐλίου,
2480 5525 2727 5597 τετάρτῳ
2758 5525 2815 5579 δὲ
2845 5526 2958 5580 δντι
2986 5525 3144 5597 κατὰ]
3167 5527 3267 5598 τὴν
3312 5526 3408 5580 ἀπ’
3439 5527 3614 5598 ἀρχῆς
3657 5526 3790 5578 ἀκο-

2206 5615 2424 5670 λουθίαν
2441 5617 2535 5670 τοῦ
2551 5618 2675 5686 ἀριθ
2685 5618 2805 5690 μοῦ,
2821 5619 3060 5691 αἱρέσεις
3070 5618 3368 5684 δεκαοκτὼ,
3381 5619 3553 5680 οὕτως
3570 5617 3790 5687 Ἐγκρα-

2204 5711 2366 5774 τῖται,
2383 5710 2523 5762 κατὰ
2539 5711 2887 5782 Φρυγαστῶν,
2914 5711 3317 5776 Μοντανιστῶν,
3343 5712 3436 5764 καὶ
3454 5708 3790 5778 Τασκοδρου-

2204 5799 2371 5869 γιτῶν
2388 5817 2400 5831 ’
2427 5803 2474 5855 οἱ
2496 5801 2550 5854 δὲ
2575 5802 2616 5856 Τ
2620 5802 3032 5874 ασκοδρουγῖται
3054 5801 3382 5874 διῃρέθησαν
3404 5801 3512 5856 ἀπὸ
3533 5799 3641 5856 τῶν
3657 5814 3789 5870 προ-
