4204 6370
402 324 504 383 165

1123 325 1470 382 EPIPIIAMI
1509 324 1962 383 RESCRII'TUM
2006 326 2099 382 AD
2139 325 2448 381 ACACIUM
2492 326 2580 379 ET
2622 326 2938 383 PAULUM.

3552 335 3655 391 168

377 442 705 513 ειρημένων,
747 442 1130 506 Πεπουζιανοὶ,
1161 443 1254 494 καὶ
1279 441 1705 504 Κυϊντιλλιανοὶ,
1733 435 1815 503 οἷς
1843 457 1967 493 συν-

2073 442 2163 510 qui
2192 448 2247 495 et
2272 441 2551 506 Hclcesaei,
2584 441 2968 507 Theodotiani,
2998 441 3501 512 Melchisedeciani,
3531 449 3660 506 Bar-

377 540 645 598 ἀνίενται
675 536 1066 605 ’Δρτοτυρῖται,
1104 532 1784 604 Τεσσαρεσκαιδεκατῖται,
1823 534 1872 584 οἱ
1900 532 1961 584 τὸ

378 628 570 697 Πάσχα
597 635 723 695 μίαν
754 626 964 697 ἡμέραν
984 625 1080 678 τοῦ
1105 624 1258 687 ἔτους
1292 624 1574 687 ποιοῦντες
1594 641 1607 653 ·
1643 623 1879 691 Ἀλογοι,
1912 624 1960 675 οἱ

376 717 438 771 τὸ
457 718 784 785 Εύαγγέλιον
823 716 1073 769 Ἰωάννου
1096 716 1193 768 καὶ
1226 714 1323 785 τὴν
1365 713 1733 783 Ἀποκάλυῲιν
1776 715 1848 784 μὴ
1878 713 1960 766 δεμ

378 806 622 875 χόμενοι·
687 805 1022 875 Ἀδαμιανοὶ,
1075 803 1367 874 Σαμψαίοι,
1412 805 1460 855 οἱ
1496 804 1589 856 καὶ
1639 803 1960 865 Ἑλκεσαῖοι,

377 898 735 958 Θεοδοτιανοὶ,
771 896 1270 967 Μελχισεδεκιανοὶ,
1321 895 1799 966 Βαρδησιανισταὶ,
1826 895 1964 963 Νοη-

373 988 569 1052 τιανοὶ,
585 988 895 1058 Ούαλήσιοι,
912 986 1181 1059 Καθαροί,
1212 986 1537 1054 Ἀγγελικοὶ,
1569 986 1960 1049 Ἀποστολικοὶ,

374 1080 426 1130 οἱ
469 1078 563 1131 καὶ
601 1079 1001 1142 Ἀποτακτικοὶ,
1038 1074 1118 1142 οἷς
1170 1078 1532 1131 συνάπτονται
1564 1079 1612 1130 oi
1640 1075 1964 1146 καλούμενοι

377 1168 716 1238 Σακκοφόροι
732 1184 747 1196 ·
771 1168 1141 1230 Σαϐελλιανοὶ,
1170 1166 1522 1237 Ὠριγενιανοὶ
1538 1167 1586 1218 οἱ
1603 1162 1962 1234 αἰσχροποιοὶ,

388 1261 743 1332 Ὠριγενιανοὶ
770 1262 820 1313 οἱ
854 1259 944 1313 τοῦ
985 1259 1367 1331 Ἀδαμαντίου.
1413 1259 1504 1311 Ἑν
1532 1258 1589 1310 δὲ
1622 1256 1700 1328 τῷ
1726 1256 1965 1325 δευτέρῳ

374 1354 527 1425 τόμῳ
565 1352 658 1406 τοῦ
702 1352 866 1405 αὑτοῦ
914 1352 1170 1423 δευτέρου
1205 1352 1431 1422 βιϐλίου,
1466 1350 1700 1421 πέμπτῳ
1746 1366 1805 1401 τε
1850 1348 1966 1401 ὄντι

373 1446 467 1498 τὸν
490 1444 723 1516 ἀριθμὸν
750 1446 1087 1516 τὸνπροειρη
1098 1445 1279 1515 μένον,
1301 1444 1543 1515 αἱρέσεις
1564 1443 1747 1507 πέντε,
1766 1440 1958 1504 οὕτως·

375 1536 786 1601 Παυλιανισταὶ,
815 1538 1128 1608 Μανιχαὶοι,
1158 1540 1205 1589 οί
1233 1537 1327 1590 καὶ
1390 1537 1754 1599 ’Λκουανῖται,
1797 1534 1966 1606 Ἱερα-

375 1632 552 1695 κίται,
586 1629 937 1693 Μελετιανοὶ,
980 1629 1185 1699 σχίσμα
1231 1630 1287 1680 ἐν
1326 1626 1614 1697 Αἰγύπτῳ,
1677 1624 1962 1696 Ἀρειανοί.

375 1721 526 1791 Αὕτη
554 1722 649 1774 καί¹
754 1720 849 1774 τοῦ
891 1721 1147 1791 δευτέρου
1180 1719 1387 1790 βιϐλίου
1424 1717 1532 1771 τῶν
1559 1718 1741 1787 τόμων
1769 1717 1968 1769 ἀνακεο

2070 533 2414 598 desianistae,
2462 532 2747 599 Noetiani,
2795 533 3025 601 Valesii,
3084 537 3331 596 Cathari.
3389 540 3657 613 Angelici,

2067 625 2391 695 Apostolici,
2440 626 2535 695 qui
2590 627 2755 680 etiam
2814 626 3144 696 Apotactici,
3193 632 3395 699 quibus
3458 637 3660 690 annexi

2071 725 2200 771 sunt
2246 715 2599 788 Saccophori,
2653 718 2974 784 Sabelliani,
3019 719 3344 789 Origenista:
3393 724 3661 783 fuaditatis

2071 818 2348 876 auctores,
2378 810 2700 881 Origenista:
2731 811 3068 884 ab‘Origene
3106 814 3453 873 Adamantio.
3486 818 3544 872 ln
3577 836 3661 874 se-

2071 901 2249 953 cundo
2292 910 2472 956 autem
2508 910 2655 956 tomo
2699 902 2946 971 ejusdem
2992 905 3140 969 libri,
3194 907 3289 976 qui
3337 909 3523 978 priore
3572 911 3663 965 illa

2070 992 2397 1047 numerandi
2452 995 2664 1049 ratione
2707 996 2939 1064 quintus
2976 1006 3090 1060 est,
3141 998 3379 1053 hmreses
3421 1002 3663 1071 quinque

2072 1091 2202 1139 sunt
2233 1103 2247 1139 :
2285 1083 2441 1139 Pauli
2470 1084 2898 1153 Samosatensis,
2930 1086 3237 1154 Manichaei,
3269 1090 3363 1161 qui
3401 1101 3457 1146 et
3494 1093 3664 1147 Acua-

2071 1176 2220 1240 nitae,
2255 1176 2564 1240 Hieracitm,
2596 1177 2870 1233 Meletiani
2892 1220 2907 1244 ,
2940 1181 3033 1250 qui
3070 1183 3126 1235 in
3155 1180 3394 1253 [Egypto
3423 1184 3664 1239 schisma

2072 1263 2351 1331 fecerunt;
2385 1267 2596 1321 Ariani.
2636 1268 2815 1337 Atque
2854 1269 2971 1324 ι]ωο
3008 1279 3093 1325 est
3132 1259 3403 1327 tomortim
3431 1274 3561 1329 libri
3587 1291 3665 1330 se-

2073 1356 2239 1410 cundi
2268 1372 2502 1411 summa.
2546 1347 2889 1413 Similiter'et
2924 1359 2979 1413 in
3017 1362 3178 1415 tertio
3217 1362 3359 1417 libro
3393 1364 3525 1418 tomi
3554 1364 3666 1418 duo

2073 1452 2221 1499 sunt.
2260 1444 2318 1499 ln
2353 1446 2531 1515 primo
2586 1453 2735 1501 tomo
2775 1448 2924 1501 tertii
2966 1448 3117 1513 libri,
3155 1456 3313 1504 sexto
3353 1460 3534 1505 autem
3579 1465 3667 1514 eo,

2073 1552 2235 1604 quem
2269 1537 2510 1591 diximus
2536 1537 2764 1605 ordine,
2800 1539 3037 1595 haereses
3070 1556 3167 1604 vn,
3203 1549 3336 1597 sunt
3363 1559 3378 1596 :
3409 1541 3666 1609 Audiani,

2072 1625 2411 1691 Photiniani,
2455 1628 2815 1695 Marcelliani,
2857 1629 3206 1696 Semiariani,
3248 1632 3665 1689 Pneumatoma-

2074 1720 2186 1783 chi,
2232 1720 2326 1790 qui
2375 1719 2605 1791 Spiritui
2659 1730 2852 1777 sancto
2903 1725 3297 1780 contumeliose
3350 1725 3667 1789 detrahunt,

376 1811 700 1879 φαλαίωσις.
744 1812 975 1883 Ὁμοίως
992 1813 1086 1865 καὶ
1101 1814 1159 1865 ὲν
1182 1811 1260 1883 τῷ
1280 1811 1448 1883 τρίτω
1468 1809 1656 1881 βιϐλίῳ
1680 1809 1785 1861 είσὶ
1811 1809 1967 1879 τόμοι

2073 1812 2310 1876 Aeriani,
2347 1812 2585 1879 Aetiani,
2612 1814 2680 1869 ab
2702 1814 2860 1869 Aetio
2890 1814 3193 1883 Anomaeo;
3222 1816 3426 1886 quibus
3447 1818 3665 1872 accedit

374 1902 490 1957 δύο.
558 1904 647 1957 Ἐν
690 1904 787 1975 μὲν
828 1904 907 1974 τῷ
947 1904 1149 1976 πρώτῳ
1181 1906 1349 1975 τόμῳ)
1373 1901 1468 1956 τοῦ
1515 1903 1699 1975 τρίτου
1740 1901 1968 1972 βιϐλίου,

376 1995 536 2048 ἕκτου
561 1996 617 2048 δὲ
636 1997 805 2067 τόμου
840 1997 961 2050 καθ’
992 1996 1050 2050 ὃν
1072 1996 1307 2068 ἀριθμὸν
1332 1997 1690 2067 προείπομεν,
1729 1996 1970 2066 αἱρέσεις

377 2085 534 2150 ἑπτὰ,
572 2085 745 2151 οὕτως
770 2102 783 2114 °
840 2087 1114 2152 Αύδιανοὶ,
1155 2087 1360 2158 σχίσμα
1396 2087 1571 2149 ὄντες,
1603 2085 1965 2149 Φωτεινιανοὶ,

378 2178 802 2251 Μαρκελλιανοὶ,
875 2179 1208 2251 Ἦμιάρειοι,
1268 2179 1745 2249 Πνευματομάχοι,
1806 2178 1854 2230 οἱ
1910 2177 1970 2230 τὸ

378 2273 604 2344 Πνεῦμα
629 2273 721 2326 τοῦ
749 2272 885 2326 Θεοῦ
911 2273 972 2325 τὸ
998 2273 1153 2342 ἆγιον
1176 2272 1646 2343 βλασφημοῦντες,
1679 2270 1967 2341 Ἀεριανοὶ,

391 2365 677 2433 Ἀετιανοὶ,
721 2366 830 2419 ἀπὺ
881 2366 1089 2418 Ἀετίου
1136 2366 1233 2419 τοῦ
1277 2366 1579 2437 Ἀνομοίου,
1623 2357 1668 2431 ᾧ
1722 2362 1966 2434 συνῆφθη

379 2457 667 2527 Εὐνόμιος,
702 2458 731 2510 ὁ
767 2457 862 2511 κα.)⁸
907 2456 1208 2528 Ἀνόμοιος,
1251 2459 1307 2510 ὲν
1349 2458 1405 2509 δὲ
1443 2456 1522 2528 τῷ
1542 2456 1777 2526 δευτέρῳ
1817 2454 1969 2525 τόμῳ

378 2545 473 2599 τοῦ
527 2546 694 2601 αὑτοῦ
734 2548 922 2620 τρίτου
969 2547 1216 2617 βιϐλίου,
1272 2548 1485 2618 ἑϐδόμῳ
1535 2546 1591 2600 δὲ
1636 2547 1787 2616 τόμῳ
1832 2544 1966 2612 ὄντι,

379 2636 502 2691 καθ’
546 2639 613 2709 ἣν
671 2638 898 2709 εἴπομεν
941 2637 1049 2691 τῶν
1092 2638 1274 2708 τόμων
1327 2638 1420 2691 τοῦ
1475 2634 1712 2708 ἀριθμοῦ
1766 2634 1970 2706 διαίρε-

382 2745 489 2792 σιν,
536 2730 595 2791 ὅς
643 2732 759 2782 ἐστι
792 2730 956 2800 τόμος
988 2729 1238 2800 ἕϐδομος,
1267 2730 1361 2783 καὶ
1390 2729 1543 2792 τέλος
1578 2729 1679 2800 τῆς
1706 2744 1969 2799 πραγμα-

380 2820 551 2883 τείας,
598 2820 837 2890 αἱρέσεις
882 2808 1168 2891 τέσσαρες,
1201 2819 1379 2872 οὕτω·
1436 2821 1766 2889 Διμοιρίται,
1814 2820 1863 2870 οἱ
1894 2818 1969 2890 μὴ

379 2912 591 2965 τελείαν
624 2913 722 2983 τὴν
751 2911 988 2983 Χριστοῦ
1024 2911 1435 2983 ὲνανθρώπησιν
1481 2908 1892 2980 ὁμολογοῦντες,
1919 2911 1967 2961 oi

381 3005 477 3059 καὶ
503 3004 925 3076 Ἀπολιναρῖται,
954 3006 1003 3057 οἱ
1026 3004 1119 3058 καὶ
1138 3004 1432 3074 τὴνηάγίαν
1456 3002 1555 3072 τὴν
1585 3000 1968 3073 Ἀειπάρθενον

385 3096 524 3167 μετὰ
551 3096 612 3150 τὸ
627 3097 717 3149 τὸν
739 3097 970 3168 Σωτῆρα
993 3097 1350 3167 γεγενηκέναι
1374 3094 1452 3165 τῷ
1478 3094 1675 3165 Ἰωσὴφ
1698 3092 1969 3164 συνῆφθαι

2068 1914 2123 1960 et
2150 1905 2450 1960 Eunomius
2472 1908 2794 1963 Anomteus.
2822 1907 2880 1961 ln
2906 1909 3152 1962 secundo
3180 1924 3312 1963 vero
3339 1916 3489 1963 torno
3517 1910 3666 1980 ejus-

2072 1998 2192 2051 dem
2234 1999 2384 2052 tertii
2428 1999 2573 2065 libri,
2621 2000 2856 2067 septimo
2898 2010 3079 2054 autem
3128 2015 3192 2053 ex
3240 2000 3511 2056 divisione
3551 2002 3666 2065 illa,

2072 2106 2236 2160 quam
2289 2090 2553 2155 diximus,
2614 2094 2818 2162 quique
2872 2091 3067 2162 Operis
3124 2093 3293 2148 totius
3353 2102 3667 2164 postremus

2071 2190 2176 2247 est,
2230 2183 2470 2238 haereses
2524 2196 2761 2254 quatuor
2812 2194 2939 2239 sunt
2984 2205 2996 2239 :
3042 2184 3355 2250 Dimazritaa,
3416 2188 3510 2256 qui
3554 2204 3666 2243 non

2070 2275 2373 2343 perfectam
2423 2274 2627 2331 Christi
2674 2276 3109 2331 incarnationem
3160 2279 3515 2345 conﬁtentur,
3571 2280 3666 2348 qui

2073 2365 2239 2419 etiam
2268 2364 2645 2435 Apollinaritae
2682 2367 3040 2420 nominantur
3074 2385 3087 2421 :
3117 2376 3230 2420 tum
3287 2369 3377 2436 qui
3420 2376 3667 2424 sanctam

2072 2456 2297 2510 Mariam
2350 2473 2566 2527 semper
2618 2458 2914 2527 virginem,
2966 2468 3257 2528 postquam
3328 2460 3666 2514 Salvatorcm

2072 2546 2282 2615 genuit,
2315 2560 2440 2600 cum
2476 2546 2714 2617 Josepho
2746 2548 3109 2603 consuevisse
3136 2550 3349 2612 dicunt,
3386 2566 3529 2620 quos
3560 2559 3668 2604 An-

2071 2637 2568 2693 tidicomarianitas
2632 2641 2983 2696 nominamus
3028 2659 3043 2697 :
3088 2649 3142 2696 et
3200 2641 3291 2711 qui
3357 2642 3412 2695 in
3469 2656 3668 2697 nomen

2070 2729 2320 2798 ejusdem
2368 2728 2553 2784 Maria:
2607 2731 2902 2802 collyridas
2953 2731 3208 2798 oﬂerunt,
3254 2736 3347 2804 qui
3401 2743 3669 2789 vocantur

2071 2820 2452 2891 Collyridiani,
2486 2821 2826 2877 Massaliani.
2856 2824 3069 2888 Quibus
3101 2824 3361 2893 adjuncta
3388 2835 3670 2894 postremo

2073 2917 2159 2963 est
2192 2910 2479 2964 catholicae
2553 2912 2677 2965 ﬁdei
2724 2927 2789 2965 ac
2836 2912 3085 2966 veritatis
3129 2914 3537 2982 compendiaria
3571 2913 3670 2968 tle—

2074 3002 2270 3057 fcnsio.
2318 3003 2373 3056 In
2420 3019 2525 3073 qua
2574 3012 2764 3059 sancta
2818 3005 3089 3059 catholica
3128 3016 3185 3059 et
3225 3004 3527 3075 apostolica
3567 3003 3671 3059 Ec-

2072 3095 2250 3151 clesia
2285 3096 2562 3167 consistit.

382 3188 649 3257 λέγοντες,
683 3190 776 3253 οὒς
806 3190 1146 3260 ἐκαλέσαμεν
1186 3187 1779 3258 ’Λντιδικομαριανίτας
1804 3202 1817 3215 ·
1869 3188 1963 3239 καὶ
1999 3187 2048 3238 οἱ
2072 3189 2152 3249 εἱς
2176 3185 2347 3256 ὄνομα
2372 3188 2471 3257 τῆς
2494 3188 2664 3258 αὐτῆς
2722 3189 2941 3259 Μαρία-ς
2964 3188 3267 3261 ίκολλυρίδα
3326 3189 3667 3263 προσφέρον-

381 3303 493 3350 τες,
536 3287 729 3346 οἵτινες
758 3283 1048 3337 καλοῦνται
1087 3280 1514 3352 Κολλυριδιανοὶ,
1553 3278 1962 3332 Μασσαλιανοί⁸
2000 3278 2096 3331 καὶ
2129 3279 2258 3347 περ)⁵
2312 3280 2411 3349 τῆς
2456 3280 2621 3350 ὀρθῆς
2676 3281 2913 3345 πίστεως
2979 3283 3072 3336 καὶ
3105 3282 3362 3355 ἀληθείας
3404 3284 3671 3354 ἀπολογία

386 3381 504 3449 μετ’
534 3377 799 3447 ἐπιτομῆς
821 3374 916 3428 τοῦ
944 3374 1126 3442 λόγου,
1174 3374 1297 3444 ἥτις
1327 3374 1474 3426 ἐστὶν
1501 3374 1534 3444 ἡ
1560 3374 1690 3441 ἀγία
1712 3373 1974 3443 καθολικὴ
2014 3373 2109 3426 καὶ
2137 3373 2466 3444 ἀποστολικὴ
2510 3374 2805 3447 Ἐκκλησία

452 3468 602 3539 Λῦτη
633 3470 667 3538 ή
714 3466 1189 3539 ἀνακεφαλαίωσις
1223 3465 1317 3519 καὶ
1354 3456 1635 3537 ἐπιγραφὴ
1665 3466 1764 3535 τῆς
1796 3465 1967 3535 πάσης

2155 3463 2441 3532 Ejusmodi
2491 3474 2574 3519 est
2626 3481 2839 3520 summa
2888 3467 3330 3537 comprehensio,
3380 3482 3446 3524 ac
3498 3471 3670 3527 totius

384 3558 528 3613 κατὰ
567 3558 831 3631 αἱρέσεων
876 3558 1204 3628 ὀγδοήκοντα
1256 3558 1663 3628 πραγματείας,
1716 3559 1812 3611 καὶ
1870 3560 1970 3629 μία

382 3653 483 3723 τῆς
504 3652 642 3721 ὑπὲρ
662 3650 915 3720 ἀληθείας
932 3650 1227 3717 ἀπολογίας
1250 3649 1351 3718 τῆς
1379 3649 1566 3719 μόνης,
1598 3650 1849 3702 τουτέστι
1873 3650 1972 3719 τῆς

385 3743 679 3815 καθολικῆς
724 3743 817 3796 καὶ
862 3742 1142 3814 ὀρθοδόξου
1198 3740 1545 3810 Ἐκκλησίας,
1582 3744 1640 3794 ὲν
1676 3742 1824 3811 τρισὶ
1872 3742 1969 3811 μὲν

388 3835 614 3905 βιϐλίοις
637 3837 1018 3907 ὑποκειμένοις
1052 3835 1480 3905 συντεταγμένη,
1525 3835 1584 3887 ὲν
1621 3834 1761 3888 ἑπτὰ
1802 3834 1857 3887 δὲ
1880 3836 1970 3887 τό-

388 3945 513 3999 μοις
533 3926 973 3999 διαιρεθεῖσα,τὰ
1003 3927 1059 3979 δὲ
1088 3926 1295 3978 ἔνεστιν
1320 3926 1791 3994 ἀνακεφαλαίωσις
1822 3926 1972 3997 πρώ-

384 4037 481 4073 του
505 4020 670 4090 τόμου
701 4019 794 4072 τοῦ
827 4018 1045 4090 πρώτου
1077 4017 1304 4089 βιϐλίου,
1336 4017 1427 4071 τοῦ
1462 4017 1603 4070 κατά
1627 4017 1735 4069 τῶν
1769 4018 1970 4070 εἴκοσιν

386 4113 653 4183 αἱρέσεων
674 4112 897 4182 ἐλέγχου
919 4112 1059 4164 οὕτω
1077 4127 1090 4141 ⁸
1125 4110 1342 4180 πρῶτον
1373 4110 1470 4180 μὲν
1495 4111 1551 4161 αἱ
1579 4108 1686 4164 τῶν
1703 4109 1970 4180 αἱρέσεων

387 4205 580 4259 πασῶν
608 4204 839 4276 μητέρες
867 4222 928 4257 τε
958 4205 1051 4257 καὶ
1082 4202 1427 4274 πρωτότυποι
1454 4203 1545 4255 καὶ
1570 4202 1879 4273 ὀνομασίαι,
1912 4201 1970 4267 ἐξ

387 4294 463 4352 ὧν
488 4300 722 4373 μητέρες
751 4299 910 4351 πέντε
944 4298 1000 4350 αἱ
1030 4296 1184 4351 ἄλλαι
1218 4295 1484 4367 ἐφύησαν,
1518 4295 1610 4349 καί
1643 4296 1780 4348 εἰσιν
1810 4286 1970 4349 αὗται

389 4394 603 4465 πρῶται
630 4394 919 4463 τέσσαρες.

460 4484 660 4557 Πρώτη
692 4484 1096 4556 Βαρϐαρισμὸς,
1126 4484 1247 4554 ἥτις
1274 4484 1395 4537 καθ’
1424 4484 1620 4554 ἑαυτήν
1648 4483 1785 4548 ἐστι,
1820 4482 1971 4552 διαρ⁹

391 4576 600 4629 κέσασα
619 4578 713 4646 ἀφ’
736 4576 958 4647 ἡμερῶν
978 4576 1070 4629 τοῦ
1102 4576 1274 4646 Ἀδὰμ
1294 4576 1385 4629 ἐπὶ
1400 4576 1531 4655 δέκα
1547 4576 1738 4644 γενεὰς
1754 4575 1859 4638 ἓως
1876 4574 1968 4628 τοῦ

390 4667 532 4721 Νῶε.
573 4669 953 4741 Βαρϐαρισμὸς
972 4667 1029 4721 δὲ
1044 4667 1306 4736 κέκληται
1334 4668 1441 4721 ἀπὸ
1464 4667 1557 4720 τοῦ
1596 4666 1671 4738 μὴ
1696 4668 1823 4730 τοὺς
1847 4666 1969 4720 τότε

389 4759 711 4831 ἀνθρώπους
749 4760 991 4831 ἀρχηγόν
1025 4778 1146 4813 τινα
1183 4759 1349 4830 ἔχειν,
1397 4758 1429 4829 ἦ
1464 4759 1591 4829 μίαν
1624 4759 1965 4829 συμφωνίαν,

2078 3558 2261 3627 operis
2292 3558 2556 3613 adversus
2588 3558 2866 3627 octoginta
2913 3559 3170 3618 haereses.
3192 3561 3502 3631 inscriptio,
3541 3577 3668 3616 cum

2078 3650 2238 3702 unica
2286 3664 2351 3703 ac
2395 3650 2660 3720 singulari
2716 3649 3035 3706 defensione
3090 3652 3362 3718 veritatis,
3420 3653 3524 3708 hoc
3585 3663 3671 3709 est

2081 3741 2243 3796 unius
2274 3742 2555 3806 Ecclesiae,
2592 3753 2755 3812 atque
2790 3743 3094 3798 catholicae.
3127 3742 3283 3809 Quod
3316 3760 3454 3815 opus
3487 3745 3671 3799 distri-

2080 3834 2268 3888 butum
2312 3834 2367 3888 in
2405 3843 2589 3905 partes
2630 3846 2762 3901 tres,
2803 3844 2984 3889 tomos
3026 3843 3232 3905 septem
3260 3839 3667 3906 complectitur.

2077 3924 2235 3979 Nunc
2279 3926 2437 3979 aliam
2478 3927 2740 3996 deinceps
2785 3926 2917 3981 tomi
2964 3926 3167 3996 prioris
3206 3927 3335 3981 libri
3369 3943 3666 3993 summam,

2079 4032 2143 4071 ac
2183 4018 2572 4088 compendium
2608 4020 2999 4085 instituemus,
3034 4035 3144 4090 quo
3180 4020 3401 4089 quidem
3435 4020 3492 4074 in
3527 4021 3669 4075 libro

2078 4107 2269 4176 viginti
2307 4109 2545 4163 haereses
2578 4108 2953 4162 continentur.
2990 4107 3046 4160 In
3079 4109 3273 4177 primis
3306 4110 3452 4163 enim
3490 4109 3667 4165 haire-

2079 4214 2211 4255 seon
2242 4200 2486 4253 onmium
2517 4210 2742 4263 matres,
2777 4214 2842 4253 ac
2884 4199 3161 4269 primariae
3198 4201 3614 4271 appellationes,
3637 4217 3669 4257 a

2078 4293 2277 4363 quibus
2305 4299 2517 4346 (κείαται
2550 4292 3071 4361 dimanarunt,_sunt
3093 4292 3366 4363 ejusmodi
3408 4302 3667 4364 quatuor.

2145 4474 2365 4530 Primus
2421 4482 2507 4528 est
2555 4471 2976 4536 Barbarismus,
3026 4472 3119 4543 qui
3166 4487 3263 4543 per
3311 4471 3554 4543 seipsum
3601 4473 3673 4530 ab

2075 4566 2287 4621 Adamo
2332 4565 2399 4619 ad
2434 4566 2623 4619 decem
2673 4566 3055 4634 generationes
3090 4571 3145 4619 et
3185 4562 3374 4619 Noemi
3424 4573 3672 4635 tempora

2076 4657 2467 4728 perseveravit.
2520 4656 2625 4722 Qui
2677 4656 3069 4713 Barbarismus
3118 4664 3405 4727 prapterea
3444 4656 3670 4723 dicitur,

2075 4752 2221 4822 quod
2255 4749 2619 4805 vetustissimi
2655 4748 2735 4803 illi
2766 4748 3081 4802 mortalium
3107 4763 3284 4818 neque
3323 4755 3537 4802 certum
3577 4749 3672 4803 ali-

390 4853 508 4906 ἀλλ’
539 4854 619 4906 ὅτι
672 4854 780 4915 πᾶς
820 4871 904 4916 τις
942 4852 1121 4923 ἐαυτῷ
1153 4852 1410 4923 ὲστοίχει,
1450 4853 1543 4905 καὶ
1586 4852 1748 4922 νόμος
1794 4851 1967 4922 ἑαυτῷ

2076 4859 2239 4914 quem
2287 4850 2567 4897 auctorem
2605 4840 2903 4904 habebant,
2942 4855 3042 4896 nec
3084 4840 3227 4895 inter
3268 4855 3329 4894 se
3368 4840 3672 4896 consertie-

392 4944 535 4997 κατά
554 4943 651 4998 τὴν
693 4943 1023 5016 προτίμησιν
1062 4944 1157 4998 τοῦ
1187 4944 1316 4998 ἱδίου
1348 4944 1683 5016 βουλήματος
1702 4943 1929 5011 ἐγίνετο.

464 5209 701 5280 Δευτέρα
728 5207 1033 5279 Σκυθισμος
1077 5206 1186 5259 απὸ
1218 5205 1327 5258 τῶν
1359 5206 1581 5277 ἡμέρων
1603 5207 1694 5258 του
1726 5205 1850 5259 Νῶε
1876 5205 1971 5258 καὶ

395 5303 689 5372 μετέπειτα
718 5300 958 5370 ἀχριτῆς
983 5298 1078 5351 τοῦ
1102 5297 1312 5371 πύργου
1336 5297 1648 5367 οἰκοδομῆς,
1680 5298 1773 5350 καὶ
1790 5296 1969 5350 Βαϐυ-

396 5394 580 5458 λῶνος,
623 5394 718 5446 καὶ⁹
760 5392 898 5463 μετὰ
936 5392 1028 5445 τὸν
1056 5392 1150 5444 τοῦ
1188 5393 1399 5463 πύργου
1426 5390 1617 5461 χρόνον
1644 5389 1736 5442 ἐπὶ
1769 5388 1971 5458 ὀλίγοις

396 5486 558 5550 ἔτεσι,
600 5484 845 5538 τουτέστι
877 5482 1055 5535 Φαλὲκ
1096 5481 1189 5535 καὶ
1226 5480 1483 5549 Ῥαγαοῦ,
1526 5480 1741 5542 οἵτινες,
1776 5479 1870 5532 ἐπὶ
1912 5479 1973 5532 τὸ

390 5577 493 5645 τῆς
532 5574 801 5646 Εὐρώπης
840 5574 1010 5644 κλίμα
1050 5571 1362 5635 νενευκότες
1391 5570 1468 5639 τῷ
1489 5569 1592 5639 τῆς
1615 5569 1852 5633 Σκυθίας
1878 5570 1975 5639 μέ·-

396 5687 501 5741 ρει,
532 5672 624 5722 καὶ⁴
653 5674 766 5731 τοῖς
804 5668 982 5721 αὐτῶν
1015 5666 1191 5718 ἔθνεσι
1231 5662 1690 5736 προσεκρίθησαν,
1726 5662 1835 5714 ἀπὸ
1875 5663 1975 5733 τῆς

394 5761 485 5813 τοῦ
511 5760 588 5831 Θή
601 5778 695 5830 ρας
723 5759 936 5829 ἡλικίας
964 5759 1058 5811 καὶ
1085 5756 1362 5821 ἐπέκεινα,
1402 5756 1459 5819 ἐξ
1489 5750 1658 5825 οὗπερ
1682 5756 1728 5807 οἱ
1755 5754 1968 5825 Θρᾶκες

392 5852 664 5920 γεγόνασι.

2078 4935 2244 5002 bant;
2298 4934 2395 4989 sed
2445 4934 2827 5003 unusquisque
2874 4947 2973 5003 pro
3018 4948 3117 4988 sua
3165 4932 3448 4987 voluntate
3500 4932 3669 4984 vitam

2079 5027 2421 5103 instituebat,
2458 5040 2523 5079 ac
2554 5041 2654 5095 pro
2684 5024 2803 5095 lege
2832 5040 2993 5079 suum
3025 5024 3259 5096 quisque
3285 5032 3477 5078 nutum
3502 5034 3670 5095 atque

2077 5119 2364 5173 arbitrium
2395 5118 2496 5173 sibi
2523 5117 2883 5188 proponebat.
3650 5166 3655 5171 .

2090 5260 2093 5263 .
2152 5209 2459 5273 Secundus,
2512 5207 2859 5279 Scythismus
2897 5222 2928 5260 a
2966 5205 3160 5261 Noemi
3205 5206 3547 5276 temporibus
3595 5209 3663 5263 ad

2077 5319 2255 5372 usque
2309 5303 2482 5357 turris
2547 5309 2602 5357 et
2662 5300 2957 5372 Babylonis
3019 5298 3544 5364 exaediﬁcationem,
3603 5314 3669 5354 ac

2080 5401 2205 5464 post
2234 5394 2429 5446 turrim
2472 5392 2663 5462 paucis
2705 5391 2887 5446 adhuc
2931 5392 3094 5446 annis
3134 5391 3393 5458 obtinuit,
3436 5391 3540 5446 hoc
3582 5402 3670 5449 est

2079 5499 2255 5555 usque
2304 5483 2371 5538 ad
2428 5481 2631 5536 Phalac
2693 5490 2748 5538 et
2794 5480 3042 5554 Rhagau,
3115 5482 3207 5552 qui
3267 5481 3337 5536 ad
3394 5480 3667 5553 Europam

2081 5581 2428 5629 transeuntes
2457 5575 2509 5628 in
2542 5572 2831 5645 .Scythiam
2851 5617 2865 5640 ,
2897 5589 2961 5629 ac
2992 5575 3244 5630 nationes
3268 5574 3538 5644 ejusmodi
3575 5591 3670 5645 pe-

2036 5730 2039 5733 Α
2080 5676 2367 5721 netrarunt
2398 5667 2466 5720 ab
2493 5664 2675 5721 Tharc
2700 5668 3039 5737 temporibus
3067 5674 3119 5722 et
3147 5668 3278 5735 vita,
3303 5683 3333 5722 a
3357 5681 3467 5737 quo
3499 5665 3668 5721 Thra-

2080 5774 2170 5816 ces
2198 5760 2412 5815 oriundi
2453 5769 2598 5813 sunt.
