4204 6370
565 288 667 344 167

634 430 873 494 Tertius,
930 431 1298 488 llcllenismus
1350 433 1519 502 coepit
1568 451 1598 485 a
1659 433 1886 488 Seruchi
1939 445 2150 504 tempo-
2183 443 2223 496 Α

563 525 737 579 ribus.
773 523 926 579 Unde
975 525 1246 579 idolorum
1277 525 1460 581 cultus
1497 524 1708 578 initium
1753 526 1960 579 habuit.
1993 526 2153 580 Cum-

563 631 670 687 que
707 623 839 670 tunc
875 616 1138 686 temporis
1179 616 1313 669 falsa
1356 616 1588 685 quisque
1627 619 2016 685 superstitione
2054 616 2153 670 du-

563 715 809 771 ceretur,
837 708 1097 778 deinceps
1128 708 1432 762 civiliorem
1467 708 1532 761 ad
1571 724 1750 770 usum,
1787 718 1840 763 et
1870 710 1934 762 ad
1970 718 2150 765 certas

563 801 733 871 leges,
774 799 1308 870 simulacrorumque
1354 795 1499 854 ritus
1541 800 1792 855 homines
1827 817 1949 854 sese
1979 810 2151 856 trans-

562 893 824 946 tulerunt.
867 890 1108 956 Quorum
1155 907 1223 946 ex
1276 891 1598 961 praescripto
1665 892 1767 946 sibi
1809 893 1940 946 deos
1985 892 2152 946 tinxe-

565 989 710 1034 runt.
756 980 834 1034 Ac
879 981 1112 1050 primum
1161 995 1276 1041 eos,
1325 995 1466 1049 quos
1514 981 1566 1032 in
1620 980 1826 1034 honore
1875 982 2149 1050 quondam

567 1071 916 1134 habuissent,
953 1071 1066 1124 sive
1103 1057 1402 1140 tyrannos,
1437 1077 1532 1122 aut
1564 1070 2019 1139 przestigiatores,
2054 1071 2150 1139 qui

565 1161 920 1214 memorabile
947 1160 1206 1229 quiddam
1237 1162 1290 1214 iu
1327 1163 1437 1215 vita
1473 1162 1735 1225 fecerant,
1774 1177 1838 1214 ac
1885 1161 2151 1216 fortitudi-

567 1255 672 1316 nis,
708 1261 762 1308 et
793 1253 1004 1308 roboris
1043 1253 1255 1307 illustre
1295 1255 1571 1322 specimen
1614 1253 1924 1312 ediderant,
1963 1254 2150 1324 depin-

567 1359 693 1412 gere
725 1345 1001 1398 coloribus
1037 1353 1092 1399 et
1135 1345 1442 1399 assimilare
1486 1345 1754 1400 solebant.
1791 1344 1986 1399 Postea
2023 1360 2150 1399 vero

566 1437 633 1489 ab
671 1437 849 1490 'l‘hare
892 1437 1063 1504 patris
1110 1435 1368 1487 Ahraami
1423 1443 1667 1504 tempore
1710 1435 2026 1488 simulacris
2085 1449 2150 1489 ac

568 1527 768 1580 statuis
826 1527 1078 1579 eumdem
1107 1539 1350 1578 errorem
1377 1523 1700 1577 idololatriae
1758 1532 2148 1594 propagarunt.

564 1617 777 1687 Quippe
833 1618 1068 1686 majores
1117 1632 1248 1670 suos
1307 1615 1619 1670 simulacris
1671 1616 2041 1681 honestantes,
2085 1630 2151 1670 ac

564 1717 830 1771 mortuos,
874 1707 1108 1775 primum
1150 1716 1266 1761 arte
1309 1705 1489 1776 ﬁglina
1537 1714 1751 1762 statuas
1787 1705 2146 1773 cllinxcrunt;

1301 287 1650 344 EPIPHANII
1689 283 2136 344 RESCRIPTUM
2177 290 2268 344 AD
2308 290 2619 346 ACACIUM
2662 291 2750 346 ET
2791 290 3099 348 PAULUM.

3732 296 3833 349 168

2324 437 2494 508 Τρίτη
2543 437 2914 507 Ἑλληνισμὸς,
2963 437 3071 489 ἀπὸ
3116 434 3224 488 τῶν
3257 435 3464 505 χρόνων
3509 433 3602 488 τοῦ
3633 435 3834 506 Σεροὺχ

2257 529 2644 600 ἐναρξάμενος.
2660 530 2747 582 διά
2760 547 2842 581 τοι
2858 529 2958 598 τῆς
2981 529 3438 600 εἰδωλολατρείας,
3461 530 3555 582 καὶ
3571 529 3646 590 ὼς
3666 531 3838 584 ἑστώς

2254 636 2382 688 χουν
2409 619 2470 670 τὸ
2492 619 2791 688 τηνικαῦτα
2811 619 3040 678 ἕκαστος
3071 619 3212 671 κατά
3235 636 3359 672 τινα
3391 619 3834 690 δεισιδαιμονίαν,

2255 710 2349 762 ἐπὶ
2368 711 2429 762 τὸ
2452 709 2651 780 μᾶλλον
2669 708 3110 779 πολιτικώτερον,
3127 710 3220 763 xal.
3242 710 3334 762 ἐπὶ
3355 710 3450 779 ἔθη
3469 710 3562 762 καὶ
3579 710 3833 780 θεσμούς.

2256 802 2710 872 Εἰδώλωνιμέντοι
2731 819 2794 869 γε
2817 800 3160 874 ἑναρξάμενα
3193 802 3480 856 τάττεσθαι
3516 802 3583 854 τά
3607 803 3716 856 τῶν
3743 804 3837 856 ἀν-

2256 895 2489 968 θρώπων
2523 895 2678 965 γένη,
2707 889 2788 958 οἷς
2817 895 2937 947 τότε
2967 896 3354 966 στοιχήσαντες
3382 894 3715 960 ἐθεοποίουν,
3745 877 3837 949 ’διὰ

2260 988 2358 1056 μὲν
2389 989 2693 1057 χρωμάτων
2717 987 3109 1056 διαγράφοντες
3137 986 3234 1056 τὴν
3260 987 3455 1058 ἀρχὴν,
3484 988 3579 1039 καὶ
3610 989 3836 1041 ἀπεικο-

2256 1080 2493 1144 νίζοντες
2523 1082 2646 1142 τοὺς
2676 1081 2843 1134 πάλαι
2874 1081 3001 1151 παρ’
3031 1081 3211 1142 αὐτοῖς
3236 1079 3652 1150 τετιμημένους,
3679 1082 3710 1151 ἦ
3739 1099 3836 1133 τυ-

2259 1175 2506 1246 ράννους.
2545 1175 2578 1244 ἢ
2609 1173 2832 1244 γόητας,
2864 1174 2896 1244 ἢ
2925 1173 3078 1235 τινάς
3102 1191 3156 1224 τι
3185 1173 3490 1244 δράσαντας
3521 1175 3578 1225 ὲν
3609 1174 3686 1243 τῷ
3715 1174 3834 1245 βίῳ,

2259 1270 2479 1337 μνήμης
2515 1283 2567 1318 τι
2595 1265 2785 1319 δοκοῦν
2829 1266 3008 1329 ἄξιον,
3050 1265 3117 1317 δι’
3146 1264 3318 1334 ἀλκῆς
3359 1281 3448 1329 τε,
3497 1264 3530 1334 ἢ
3569 1266 3836 1334 σωμάτων

2257 1359 2578 1430 εύρωστίας,
2609 1358 2800 1411 ἔπειτα
2828 1357 2885 1410 δὲ
2915 1357 3022 1409 ἀπὸ
3047 1356 3155 1408 τῶν
3187 1355 3513 1426 χρόνωντώ
3530 1356 3717 1426 Θὰρῤα
3738 1356 3834 1430 τοῦ

2256 1451 2462 1521 πατρὸς
2501 1450 2750 1522 Ἀϐραάμ
2783 1436 2876 1502 καὶ
2910 1449 2978 1502 δι’
3013 1448 3344 1518 ἀγαλμάτων
3369 1447 3468 1517 τὴν
3503 1447 3710 1516 πλάνην
3737 1448 3836 1516 τῆς

2257 1541 2699 1611 εἰδωλολατρεὶας
2741 1541 3186 1611 εἰσηγησάμενοι,
3221 1539 3348 1600 τοὺς
3379 1538 3588 1591 ἑαυτῶν
3630 1539 3836 1608 προπά-

2255 1650 2420 1703 τορας
2465 1633 2531 1686 δι’
2567 1632 2971 1702 ἀπεικονισμῶν
3015 1631 3387 1701 τετιμηκότες,
3431 1630 3683 1693 καὶτοὺς
3729 1631 3836 1700 πρὸ

2257 1725 2434 1776 αὐτῶν
2465 1724 2919 1794 τετελευτηκότας
2947 1722 3362 1792 τεχνησάμενοι,
3399 1721 3462 1773 ἐκ
3497 1722 3834 1792 κεραμεικῆς

563 1809 678 1852 tum
726 1799 790 1852 ad
833 1813 1027 1852 omnes
1067 1803 1214 1850 artes
1266 1796 1515 1850 imitandi
1559 1796 1804 1866 pervenit
1850 1797 2145 1850 industria.

2251 1812 2562 1883 ἐπιστήμης
2585 1814 2643 1865 τὸ
2676 1811 2910 1882 πρῶτον,
2939 1811 3127 1863 ἔπειτα
3161 1810 3398 1879 ἑκάστης
3425 1809 3622 1880 τέχνης
3659 1826 3834 1880 μιμη-

563 1892 696 1944 Nam
765 1901 820 1945 et
864 1890 1150 1944 architecti
1199 1890 1364 1945 sectis
1412 1889 1704 1959 lapidibus,
1751 1889 2048 1959 argentarii
2095 1895 2150 1942 et

563 1983 858 2046 auritices,
917 1997 1017 2036 nec
1059 1997 1169 2035 non
1208 1981 1348 2036 labri
1395 1996 1494 2036 sua
1540 1982 1742 2050 quique
1790 1981 2041 2040 materia,
2085 1995 2150 2033 ac

561 2079 757 2148 rel-iqui
798 2078 1057 2147 deinceps
1083 2077 1286 2146 etligies
1319 2076 1490 2131 moliti
1523 2085 1674 2131 sunt.
1710 2074 1874 2128 Primi
1903 2073 2148 2129 omnium

561 2177 801 2247 {Egyptii
844 2191 908 2229 ac
937 2173 1254 2246 Babylonii,
1308 2190 1410 2229 nec
1443 2190 1551 2228 non
1613 2172 1856 2242 Phryges
1902 2186 1966 2224 ac
1995 2169 2149 2225 Phot-

561 2271 714 2323 nices
789 2270 1161 2338 superstitiosi
1227 2269 1431 2331 cultus,
1488 2275 1544 2321 et
1603 2266 2029 2322 simulacrorum
2083 2278 2148 2317 ac

561 2363 942 2432 mysteriorum
986 2370 1240 2415 auctores
1279 2361 1624 2417 exstiterunt.
1653 2362 1695 2412 Α
1732 2359 1932 2428 quibus
1978 2358 2149 2428 plera-

560 2470 667 2523 que
711 2461 838 2508 sunt
877 2455 944 2508 ad
982 2453 1202 2508 Graecos
1248 2455 1512 2508 translata
1545 2471 1558 2507 :
1589 2453 1702 2522 jam
1737 2460 1851 2506 tum
1887 2451 1956 2504 ab
1987 2458 2146 2504 :etate

561 2535 842 2616 Cecropis,
879 2556 934 2602 et
986 2548 1262 2617 deinceps.
1308 2546 1504 2602 Postea
1551 2561 1680 2601 vero
1727 2548 1889 2616 longo
1925 2545 2144 2599 demum

563 2639 847 2691 intervallo
876 2637 1194 2698 Saturnum,
1229 2637 1457 2702 Rheam,
1483 2634 1691 2701 Jovem,
1719 2636 2048 2705 Apollinem,
2081 2649 2145 2689 ac

563 2730 802 2797 reliquos
840 2729 971 2783 deos
999 2729 1277 2782 celebrare
1303 2731 1620 2796 cmperuntJ

630 2822 803 2876 Graeci
819 2837 1014 2876 nomen
1037 2821 1105 2873 ab
1119 2820 1339 2875 Hellene
1360 2819 1957 2890 quodamIsortiti'sunt,
1972 2818 2064 2888 qui
2088 2819 2142 2872 in

561 2906 770 2961 Grzecia
796 2908 999 2978 degens
1012 2908 1059 2962 ei
1092 2907 1300 2975 regioni
1319 2908 1735 2978 appellationem
1764 2908 1979 2961 indidit.
2003 2906 2144 2961 Sunt

562 3001 653 3069 qui
684 3002 750 3053 ah
778 3001 930 3061 elaea,
960 3001 1063 3053 hoc
1095 3008 1180 3055 est
1213 3001 1372 3066 oliva,
1407 3016 1529 3069 qua:
1566 3000 1793 3053 Athenis
1815 3007 2004 3052 exorta
2034 3006 2139 3061 est,

563 3102 906 3161 nuncupatos
951 3108 1073 3146 esse
1115 3093 1303 3146 velint.
1337 3091 1511 3160 Hujus
1543 3092 1760 3160 generis
1797 3099 2050 3145 auctores
2079 3105 2142 3144 ac

563 3183 872 3238 conditores
901 3182 1055 3238 Iones
1082 3184 1414 3237 fueruutzut
1436 3199 1502 3238 ex
1541 3184 1882 3236 accuratiore
1920 3181 2146 3236 historia

562 3273 1176 3344 constat,quiab.lavan
1206 3273 1440 3344 quodam
1473 3275 1725 3344 appellati
1759 3282 1910 3334 sunt,
1943 3289 2052 3326 uno
2082 3288 2148 3327 ex

563 3367 650 3428 iis,
683 3370 773 3437 qui
800 3368 993 3420 turrim
1013 3374 1428 3432 exstruxerunt,
1447 3367 1667 3436 quando
1690 3366 2146 3436 linguaeomnlum

563 3458 754 3512 divisa:
784 3467 933 3512 Sunt.
966 3457 1137 3522 Quam
1165 3459 1232 3512 ob
1251 3473 1473 3512 causam
1495 3457 1740 3527 Meropes
1762 3474 1952 3512 omnes
1971 3458 2148 3512 vocati

563 3561 694 3608 sunt
718 3552 786 3604 ab
811 3551 1079 3605 divisione
1101 3551 1430 3620 linguarum.
1446 3549 1641 3604 Postea
1677 3565 1804 3603 vero
1830 3549 2150 3602 recentiori-

564 3644 668 3697 bus
692 3642 1030 3712 temporibus
1057 3641 1242 3696 Gra'ca
1269 3643 1585 3711 superstitio
1610 3650 1788 3696 certas
1819 3642 1870 3694 in
1892 3641 2146 3704 hiereses,

566 3749 630 3786 ac
659 3741 836 3786 sectas
869 3732 1002 3786 abiit
1032 3751 1044 3786 :
1083 3741 1271 3802 utputa
1304 3731 1790 3802 Pythagoreorum,-
1813 3731 2146 3795 Stoicorum,

566 3823 1013 3885 Platonicorum,
1061 3821 1487 3891 Epicureorum,
1545 3830 1633 3876 etc
1710 3820 1913 3876 Eodem
1984 3835 2150 3890 porro

565 3924 812 3983 tempore
871 3914 1091 3983 propria
1132 3912 1303 3967 forma
1354 3929 1417 3968 ac
1459 3921 1586 3967 nota
1641 3930 1782 3967 verae
1829 3913 2046 3982 pietatis
2094 3919 2150 3967 et

566 4007 847 4075 religionis
885 4006 1116 4067 exstitit,
1161 4019 1266 4058 una
1298 4020 1422 4058 cum
1478 4007 1593 4075 lege
1630 4014 1872 4065 naturae;
1915 4019 2037 4074 qua:
2080 4003 2151 4058 ab

567 4101 778 4169 origine
833 4098 1020 4152 mundi
1079 4113 1201 4152 sese
1244 4098 1313 4152 ab
1363 4098 1472 4152 illis
1519 4098 1836 4152 nationibus
1887 4105 2150 4168 perpetuo

567 4192 891 4262 segregavit,
933 4191 1000 4244 ad
1037 4189 1178 4243 hanc
1213 4205 1387 4259 usque
1427 4190 1592 4253 diem,
1641 4190 1781 4244 inter
1829 4189 2146 4252 Barbaram,

569 4284 882 4354 Scythicam
928 4280 1282 4349 Graccamque
1344 4281 1792 4349 superstitionem
1836 4279 2145 4349 interjecta,

569 4375 743 4428 donec
795 4390 919 4428 cum
977 4373 1233 4427 Abraami
1295 4373 1494 4441 pietate
1544 4373 1766 4426 coaluit.
1820 4369 1958 4423 Tum
2020 4385 2147 4424 vero

2254 1906 2518 1976 σαμένης,
2547 1905 2817 1974 οἰκοδόμοι
2851 1904 2949 1974 μὲν
2977 1903 3122 1955 λίθον
3155 1903 3430 1969 ξέσαντες,
3458 1903 3835 1972 ἀργυροκόποι

2251 1997 2326 2057 δὲ,
2362 1999 2456 2051 καὶ
2493 1997 2778 2068 χρυσοχόοι
2816 1996 2904 2048 διὰ
2953 1995 3050 2064 τῆς
3096 1994 3229 2056 ἰδίας
3270 1993 3400 2063 ὕλης
3427 1994 3831 2063 τεκτονάμενοι,

2250 2089 2394 2142 οὕτω
2411 2089 2506 2141 καὶ
2523 2088 2795 2149 τέκτονες,
2821 2085 2915 2138 καὶ
2936 2086 2984 2137 οἱ
3001 2085 3257 2154 καθεξῆς.
3293 2084 3578 2153 Αἰγύπτιοι
3599 2083 3652 2136 δὲ
3673 2083 3830 2154 ὁμοῦ,

2252 2179 2346 2233 xa‘t
2391 2176 2741 2237 Βαϐυλώνιοι,
2793 2174 2886 2226 καὶ
2922 2174 3152 2243 Φρύγες,
3203 2173 3295 2224 καὶ
3318 2173 3562 2234 Φοίνικες
3600 2169 3833 2239 ταυτησὶ

2250 2271 2350 2340 τῆς
2379 2270 2676 2340 θρησκείας
2701 2268 2904 2337 πρῶτοι
2933 2264 3220 2335 εἰσηγηταὶ
3252 2264 3556 2331 γεγόνασιν,
3583 2261 3830 2332 ἀγαλμα-

2205 2361 2226 2378 “
2249 2365 2494 2426 τοποιξας
2521 2379 2578 2414 τε
2629 2363 2721 2413 καὶ
2766 2359 3077 2429 μυστηρίων
3103 2374 3116 2386 ο
3170 2357 3259 2426 ἀφ’
3286 2350 3359 2409 ὧν
3394 2355 3460 2407 τὰ
3492 2355 3718 2406 πλεῖστα
3751 2354 3831 2415 εἰς

2253 2454 2518 2522 Ἕλληνας
2545 2451 2848 2520 μετηνέχθη
2881 2448 2988 2500 ἀπὸ
3016 2448 3112 2517 τῆς
3142 2446 3425 2518 Κέκροπος
3469 2445 3705 2515 ἡλικίας,
3741 2443 3834 2494 καὶ

2250 2544 2487 2614 καθεξῆς
2510 2563 2522 2575 ’
2572 2543 2869 2613 μετέπειτα
2899 2543 2954 2595 δὲ
2987 2541 3083 2593 καὶ
3123 2540 3333 2610 ὑστέρῳ
3371 2537 3505 2590 πολὺ
3550 2538 3677 2598 τοὺς
3707 2536 3835 2604 περὶ

2249 2642 2456 2710 Κρόνον
2476 2641 2568 2690 καὶ
2613 2637 2790 2697 Ῥέαν,
2826 2636 2924 2688 Δία
2953 2652 3010 2687 τε
3044 2635 3140 2687 καὶ
3183 2631 3512 2695 Ἀπόλλωνα,
3582 2629 3675 2682 καὶ
3703 2627 3835 2681 καθ-

2248 2734 2376 2802 εξῆς
2402 2733 2554 2795 θεοὺς
2574 2729 3058 2800 ἀναγορεύσαντες.

2321 2825 2579 2895 Ἕλληνες
2610 2823 2666 2874 δὲ
2697 2822 2991 2892 κέκληνται
3037 2819 3145 2872 ἀπὸ
3173 2816 3433 2888 ’Έλληνός
3471 2831 3615 2876 τινος
3642 2812 3836 2883 ἀνδρὸς

2247 2917 2354 2970 τῶν
2377 2918 2432 2969 έν
2464 2917 2532 2985 τῇ
2559 2913 2768 2966 Ἑλλάδι
2795 2911 3227 2982 κατῳκηκότων·
3259 2908 3334 2971 ὡς
3363 2909 3417 2960 δὲ
3445 2906 3622 2978 ἕτεροί
3650 2922 3836 2974 φασιν,

2247 3008 2354 3062 ἀπὸ
2378 3006 2477 3075 τῆς
2503 3005 2689 3065 ἐλαίας
2711 3003 2808 3073 τῆς
2842 3004 2899 3054 ὲν
2933 3003 3184 3072 Ἀθήναις
3214 2999 3612 3071 βλαπησάσης.
3651 2999 3836 3060 Ἴωνες

2248 3099 2306 3150 δὲ
2347 3097 2553 3149 τούτων
2587 3096 2822 3166 ἀρχηγοὶ
2868 3094 3173 3160 γεγόνασιν,
3221 3091 3297 3153 ὡς
3342 3089 3455 3160 ἔχει
3495 3091 3526 3159 ὴ
3561 3087 3835 3160 ἀκρίϐεια,

2249 3190 2358 3242 ἀπὸ
2382 3187 2476 3241 τοῦ
2514 3189 2733 3250 Ἰουνᾶν,
2768 3187 2884 3248 ἐνὸς
2911 3184 3102 3255 ἀνδρὸς
3133 3183 3240 3236 τῶν
3270 3182 3360 3234 τὸν
3395 3181 3601 3250 πύργον
3633 3179 3836 3232 οἰκοδο-

2253 3283 2564 3353 μησάντων,
2581 3281 2669 3332 ὅτε
2692 3280 2746 3331 αἱ
2768 3277 3009 3346 γλῶσσαι
3030 3274 3449 3345 διεμερίσθησαν
3471 3272 3579 3324 τῶν
3594 3271 3832 3323 πάντων.

2249 3380 2327 3430 Δι’
2353 3377 2419 3448 ἢν
2450 3375 2630 3428 αἰτίαν
2659 3373 2755 3426 καὶ
2771 3371 3024 3437 Μέροπες
3057 3370 3258 3431 πάντες
3288 3367 3599 3435 κέκληνται,
3629 3365 3716 3417 διὰ
3736 3364 3834 3433 τὴν

2253 3466 2664 3541 μεμερισμένην
2697 3468 2902 3535 φωνήν.
2946 3463 3209 3532 ’Ὕστερον
3239 3460 3294 3511 δὲ
3317 3461 3345 3512 ὁ
3383 3456 3733 3528 Ἑλληνισμὸς
3755 3457 3835 3517 εἰς

2250 3560 2490 3629 αἱρέσεις
2522 3555 2756 3617 κατέστη
2785 3553 3082 3623 κατωτέρω
3107 3550 3184 3621 τῷ
3212 3551 3389 3620 χρόνῳ
3416 3565 3430 3578 ·
3465 3564 3536 3617 φη
3548 3550 3608 3617 μὶ
3632 3547 3688 3599 δὲ
3723 3548 3835 3598 Πυ-

2252 3649 2572 3720 θαγορείων,
2603 3649 2697 3700 καὶ
2723 3646 2994 3710 Στωϊκῶν,
3021 3644 3113 3697 xal.
3136 3641 3518 3705 Πλατωνικῶν,
3553 3639 3646 3692 καὶ
3682 3639 3834 3689 Ἑπι-

2250 3758 2346 3794 κου
2356 3740 2534 3810 ρείων,
2550 3738 2644 3791 καὶ
2654 3736 2877 3790 λοιπῶν.
2891 3733 3210 3795 Θεοσεὸείας
3221 3732 3275 3784 δὲ
3289 3730 3574 3802 χαρακτὴρ
3591 3729 3836 3798 ὑπῆρχεν

2252 3835 2369 3904 ἅμα
2398 3834 2490 3885 καὶ
2521 3831 2548 3883 ὁ
2585 3830 2722 3901 μετά
2744 3829 2906 3897 φύσιν
2934 3827 3117 3895 νόμος,
3142 3824 3555 3893 πολιτευόμενος
3579 3821 3686 3874 ἀπὺ
3715 3821 3834 3872 τού-

2249 3944 2357 3980 των
2387 3926 2495 3978 τῶν
2519 3923 2712 3987 ἐθνῶν,
2740 3921 2930 3974 ἑαυτὸν
2957 3917 3232 3989 ἀφορίζων
3261 3916 3368 3971 ἀπὸ
3387 3917 3486 3987 τῆς
3511 3915 3604 3966 τοῦ
3628 3915 3833 3984 κόσμου

2250 4015 2556 4085 καταϐολῆς
2589 4013 2685 4066 καὶ
2710 4012 2891 4082 δεῦρο,
2925 4009 3088 4080 μέσος
3119 4008 3402 4079 τυγχάνων
3431 4003 3832 4077 βαρϐαρισμοῦ,

2251 4109 2347 4160 καὶ
2375 4103 2708 4175 Σκυθισμοῦ,
2743 4103 2837 4156 καὶ
2878 4099 3254 4171 Ἑλληνισμοῦ,
3304 4098 3410 4160 Eu);
3435 4099 3560 4151 ὅτου
3588 4094 3834 4166 συνῆφθη

2251 4204 2318 4272 τῇ
2364 4201 2618 4271 Ἀϐραὰμ
2643 4196 2943 4266 θεοσεϐείᾳ.
2991 4195 3101 4248 Kal.
3135 4192 3430 4263 μετέπειτα
3479 4187 3832 4260 ἰουδαῖσμὺς,
3869 4205 3871 4216 ε

2250 4291 2359 4345 ἀπὸ
2399 4290 2508 4343 τῶν
2551 4290 2759 4360 χρόνων
2807 4285 3060 4358 Ἀϐραὰμ
3099 4286 3190 4338 τὸν
3234 4283 3558 4355 χαρακτῆρα
3599 4277 3834 4350 εἰληφὼς

2252 4387 2346 4438 καὶ
2391 4385 2449 4436 ἐν
2489 4385 2694 4453 Μωῦσῇ
2733 4381 2946 4450 ἑϐδόμῳ
2986 4379 3095 4433 ἀπὸ
3127 4378 3396 4449 Ἀϐραὰμ,
3433 4375 3520 4428 διὰ
3554 4373 3646 4426 τοῦ
3686 4373 3833 4442 αύτῴ

520 4457 523 4460 ’
566 4467 884 4521 Judaismus
919 4467 987 4520 ab
1023 4465 1318 4519 Abrahami
1355 4464 1694 4532 temporibus
1729 4463 2005 4532 pr0priam
2045 4461 2148 4516 for-

2251 4475 2496 4538 δοθέντος
2523 4475 2688 4545 νόμου
2715 4473 2818 4526 ὑπὸ
2847 4473 2940 4526 τοῦ
2959 4471 3094 4524 Θεοῦ
3121 4457 3464 4530 πλατυ’νθείς.
3505 4467 3635 4519 Ἀπὸ
3657 4467 3713 4519 δὲ
3739 4466 3830 4518 τοῦ

570 4572 714 4610 mam
750 4555 981 4626 adeptus
1003 4595 1016 4620 ,
1050 4571 1114 4609 ac
1144 4571 1239 4624 per
1269 4553 1488 4625 Moysen
1531 4554 1597 4608 ab
1630 4554 1944 4606 Abrahamo
1984 4553 2152 4623 septi-

571 4664 741 4714 mum,
771 4663 835 4702 ac
869 4648 1038 4717 legem
1069 4661 1099 4700 a
1134 4647 1242 4701 Deo
1278 4647 1534 4724 traditam
1571 4644 1970 4714 antplilicatus,
2001 4645 2152 4699 etab

569 4739 708 4794 Juda
747 4749 943 4809 quarto
979 4737 1167 4793 Jacobi
1214 4737 1344 4801 tilio,
1387 4737 1482 4806 qui
1527 4745 1582 4790 et
1628 4733 1790 4789 Israel
1837 4735 2153 4790 nominatus

569 4843 677 4892 est,
708 4847 802 4901 per
833 4830 1085 4884 Davidem
1111 4870 1125 4895 ,
1153 4829 1246 4898 qui
1279 4831 1487 4898 primus
1517 4843 1547 4881 e
1579 4827 1722 4880 tribu
1748 4824 1887 4878 Juda
1924 4842 2150 4894 regnum

571 4933 858 4978 assecutus
894 4931 997 4986 est,
1033 4922 1335 4992 perlectum
1361 4918 1630 4974 Judaismi
1664 4933 1861 4972 nomen
1890 4918 2150 4971 obtinuit.

572 5015 866 5085 Perspicue
907 5015 1054 5069 enim
1087 5014 1385 5083 Apostolus
1419 5011 1486 5066 de
1523 5021 1761 5080 quatuor
1791 5010 1900 5063 illis
1932 5009 2154 5063 hazresi-

573 5106 677 5160 bus
711 5105 1022 5159 summatim
1060 5103 1289 5172 loquens
1320 5103 1425 5157 ista
1455 5102 1593 5155 dixit
1627 5120 1640 5155 :
1673 5099 1740 5153 In
1769 5099 1981 5152 Christo
2011 5103 2151 5152 enim

570 5195 701 5251 Jesu
733 5212 893 5260 neque
923 5195 1194 5249 Barbarus
1221 5237 1234 5259 ,
1265 5211 1426 5265 neque
1453 5193 1650 5264 Scytha
1670 5234 1684 5257 ,
1713 5209 1870 5262 neque
1898 5191 2113 5245 ercus
2134 5232 2148 5256 ,

574 5306 735 5360 neque
757 5288 1001 5353 Juda’us,
1037 5288 1126 5342 sed
1149 5305 1280 5342 nova
1309 5297 1554 5341 creatura
1581 5288 1620 5338 ⁸.
1655 5284 1965 5340 Graecorum
1989 5300 2154 5355 porro

574 5382 677 5434 ista
711 5391 837 5434 sunt
861 5381 1200 5435 discrimina.

646 5471 988 5542 Pythagorei,
1023 5472 1139 5531 sive
1170 5470 1516 5540 Peripatetici
1560 5469 1847 5525 monadem
1885 5479 1941 5523 et
1979 5471 2156 5538 provi-

577 5557 814 5614 dentiam
861 5571 1248 5628 asseruerunt;
1283 5562 1389 5617 diis
1430 5561 1524 5630 qui
1564 5562 1727 5630 vulgo
1766 5561 2036 5615 habentur
2067 5574 2156 5613 sa-

577 5652 856 5716 criﬁcare,
913 5654 1163 5710 animatis
1210 5654 1393 5719 vesci,
1446 5669 1508 5708 ac
1565 5653 1692 5709 vino
1745 5655 1822 5708 uti
1873 5652 2155 5722 prohibuit

654 5767 912 5837 ‘_Coloss.
947 5784 1042 5834 ni;
1075 5752 1116 5822 ll
1142 5767 1268 5824 Cor.
1296 5785 1347 5834 v,
1387 5768 1475 5822 t7.

2265 4567 2433 4621 Ἰούδα
2467 4567 2728 4637 τετάρτου
2767 4565 2884 4617 υἱοῦ
2917 4563 3012 4616 τοῦ
3054 4560 3270 4625 Ἰακὼϐ,
3309 4560 3402 4613 τοῦ
3449 4558 3832 4628 ἐπικληθέντος

2264 4658 2503 4731 Ἰσραὴλ,
2533 4657 2620 4710 διά
2641 4655 2806 4709 Δαϐὶδ
2824 4655 2915 4708 τοῦ
2934 4652 3150 4724 πρώτου
3177 4651 3593 4722 βασιλεύσαντος
3609 4649 3718 4700 ἀπὸ
3735 4648 3834 4717 τῆς

2250 4751 2344 4804 τοῦ
2383 4749 2547 4803 αὑτοῦ
2587 4748 2755 4802 Ἰούδα
2796 4746 3000 4815 φυλῆς,
3044 4745 3106 4797 τὸ
3131 4743 3333 4796 τέλειον
3373 4741 3465 4794 τοῦ
3506 4740 3833 4808 Ἰουδαῖσμοῦ

2251 4841 2421 4911 όνομα
2462 4838 2902 4910 κεκληρωμένος.
2956 4833 3151 4903 Σαφῶς
3195 4832 3302 4904 γὰρ
3333 4832 3462 4902 περὶ
3497 4829 3702 4883 τούτων
3725 4830 3835 4881 τῶν

2251 4934 2532 5003 τεσσάρων
2561 4931 2825 5002 αἱρέσεων
2850 4930 2878 4980 ὁ
2905 4925 3224 4988 Ἀπόστολος
3246 4921 3520 4993 ἐπιτεμὼν
3555 4922 3659 4991 ἔφη
3678 4937 3693 4950 ·
3735 4921 3836 4973 Ἐν

2254 5029 2364 5096 γὰρ
2392 5022 2621 5092 Χριστῷ
2658 5021 2850 5088 Ἰησοῦ
2879 5022 2950 5074 οὐ
2983 5018 3306 5088 Βάρϐαρος.
3335 5018 3407 5069 οὐ
3440 5015 3696 5080 Σκύθης,
3721 5014 3830 5078 οὐχ

2258 5118 2515 5182 Ἕλλην,
2539 5117 2652 5168 οὐκ
2686 5112 2986 5177 Ἰουδαῖος,
3014 5110 3177 5164 ἀλλὰ
3204 5107 3381 5176 καινὴ
3407 5107 3625 5170 κτίσις.
3649 5103 3834 5171 Ἐλλή-

2255 5226 2360 5261 νων
2386 5206 2660 5278 διαφοραί.

2326 5464 2704 5535 Πυθαγόρειοι,
2762 5461 2940 5515 εῖτουν
3002 5456 3461 5530 Περιπατητικοί·
3505 5454 3602 5514 ,τὸν
3629 5450 3830 5523 μονάδα

2257 5560 2351 5611 καὶ
2376 5559 2650 5630 πρόνοιαν,
2675 5559 2767 5609 καὶ
2787 5556 2845 5608 τὸ
2867 5554 3098 5607 κωλύειν
3123 5551 3342 5604 θύεσθαι
3359 5553 3469 5612 τοῖς
3486 5548 3643 5617 δῆθεν
3663 5545 3827 5607 θεοῖς,

2259 5651 2578 5720 Πυθαγόρας
2610 5648 2979 5719 ἐδογμάτισεν,
3006 5645 3260 5715 ἐμψύχων
3282 5661 3336 5695 τε
3373 5643 3446 5712 μὴ
3477 5637 3830 5710 μεταλαμόάο
