4204 6370
428 314 534 371 169

1192 315 1547 375 EPIPHANII
1574 317 2019 377 BIES'CRIPTUM
2055 322 2147 379 AD
2172 324 2482 382 ACACIUM
2521 324 2613 382 ET
2644 323 2956 383 PAULUM.

3586 324 3613 379 Ι
3624 322 3692 379 70

423 447 556 491 νειν,
584 426 693 482 ἀπὸ
715 427 858 480 αἴνου
883 427 939 480 δὲ
972 430 1423 501 ἐγκρατεύεσθαι.
1461 429 1690 502 Διώριζε
1718 431 1775 484 δὲ
1806 433 1923 502 ἅμα
1943 434 2007 485 τὰ

2114 434 2470 507 Pythagoras.
2506 438 2651 493 Idem
2684 453 2805 509 quia
2837 437 2907 492 ab
2941 438 3069 491 luna
3104 451 3323 494 sursum
3347 444 3568 509 patent,
3600 439 3697 493 im-

400 522 532 593 νάπὸ
564 519 813 589 σελήνης,
839 521 933 572 καὶ
956 522 1023 573 τὰ
1050 522 1163 575 ἄνω
1190 523 1436 576 ἀθάνατα
1464 523 1660 591 λέγων,
1691 522 1760 576 τὰ
1786 524 1843 576 δὲ
1880 526 2011 577 ὐπο-

422 614 574 667 κάτω
614 610 803 680 θνητά,
856 613 1267 681 μεταγγισμούς
1308 630 1367 665 τε
1396 612 1583 684 ψυχῶν
1609 613 1717 665 ἀπὸ
1746 615 2011 684 σωμάτων

420 708 501 766 είς
524 703 771 772 σώματα,
797 702 923 773 ἄχρι
951 701 1104 765 ζώων
1130 705 1225 757 καὶ
1246 705 1553 758 κνωδάλων.
1581 705 1796 777 Σιωπήν
1818 706 1873 759 δὲ
1895 707 2013 775 ἆμα

421 797 609 848 ἀσκεῖν
633 795 728 846 ἐπὶ
752 794 942 864 χρόνον
965 793 1127 848 πέντε
1145 795 1282 849 ἐτῶν
1314 796 1579 851 ἐδίδασκε,
1608 798 1681 850 Τὸ
1706 798 2011 851 τελευταῖον

419 886 475 938 δὲ
501 882 693 939 ἑαυτὸν
721 886 840 938 θεὸν
884 884 1155 957 ὠνόμασε.

494 978 833 1031 Πλατωνικοὶ
861 978 1015 1043 Θεὸν,
1043 979 1138 1032 καὶ
1163 973 1326 1042 εἶδος,
1353 980 1444 1033 καὶ
1470 980 1562 1033 τὸν
1590 980 1794 1050 κόσμον
1821 997 2011 1051 γεννη-

419 1071 511 1123 τὸν
540 1071 635 1123 καὶ
665 1070 906 1143 φθαρτὸν
940 1072 1207 1144 ὑπάρχον,
1256 1073 1357 1143 τὴν
1389 1073 1567 1146 ψυχὴν
1604 1073 1661 1126 δὲ
1693 1073 2008 1143 ἀγέννητον,

420 1162 517 1216 καὶ
545 1162 834 1229 ἀθάνατον,
875 1164 968 1218 καὶ
1009 1164 1177 1219 θείαν.
1214 1161 1367 1237 Εἶναι
1392 1166 1450 1219 δὲ
1493 1166 1665 1237 αὐτῆς
1687 1166 1815 1238 τρία
1846 1166 2008 1236 μέρη,

420 1253 668 1321 λογικὸν,
708 1254 968 1326 θυμικὸν,
1012 1255 1430 1329 ἐπιθυμητικόν.
1486 1259 1598 1321 Τὰς
1644 1258 1702 1311 δὲ
1747 1263 2011 1328 γυναῖκας

421 1348 604 1411 κοινὰς
636 1351 750 1411 τοῖς
773 1350 908 1402 πᾶσι
942 1349 1210 1418 γίνεσθαι,
1237 1351 1332 1403 καὶ
1362 1350 1565 1421 μηδένα
1588 1351 1716 1421 μίαν
1740 1350 1885 1421 ἔχειν
1915 1368 2012 1419 γα-

424 1442 593 1511 μετὴν
637 1440 793 1505 ὶδίαν,
833 1441 970 1495 ἀλλὰ
1020 1443 1148 1506 τοὺς
1186 1442 1443 1507 θέλοντας
1488 1446 1611 1506 ταῖς
1658 1443 2012 1514 βουλομέναις

422 1535 679 1586 συνεῖναι.
728 1534 1122 1604 Μεταγγισμὸν
1167 1533 1224 1586 δὲ
1257 1533 1521 1598 ὡσαύτως
1562 1534 1749 1605 ψυχῶν
1794 1536 1874 1598 είς
1907 1533 2010 1586 σώ-

424 1642 573 1696 ματα
600 1624 856 1695 διάφορα,
896 1626 1024 1697 ἄχρι
1055 1625 1363 1679 κνωδάλων.
1431 1626 1599 1697 Ὁμοῦ
1627 1626 1684 1679 δὲ
1726 1626 1821 1679 καὶ
1854 1625 2011 1690 θεοὺς

422 1717 487 1772 ἐκ
509 1717 602 1771 τοῦ
624 1716 743 1781 ἑνὸς
766 1717 993 1783 πολλοὺς
1017 1718 1363 1789 ἐδογμάτισε.

491 2006 722 2060 Στωϊκοὶ
756 2006 914 2079 σῶμα
953 2007 1015 2060 τὸ
1040 2008 1150 2061 πᾶν
1182 2004 1621 2077 δογματίζοντες,
1658 2006 1752 2059 καὶ
1793 2005 1884 2059 τὸν
1923 2006 2008 2058 αὶ-

421 2095 618 2168 σθητδν
636 2096 825 2151 τοῦτον
841 2097 1046 2168 κόσμον
1061 2096 1196 2149 Θεὸν
1214 2096 1544 2166 νομίζοντες.
1568 2096 1723 2158 Τινὲς
1743 2094 1798 2147 δὲ
1824 2096 1889 2146 ὲκ
1909 2094 2008 2165 τῆς

417 2186 514 2242 τοῦ
545 2188 716 2259 πυρὸς
742 2188 929 2252 οὐσίας
951 2188 1050 2260 τὴν
1084 2187 1246 2258 φύσιν
1273 2188 1418 2258 ἔχειν
1441 2188 1605 2242 αὑτὸν
1637 2187 2003 2259 ἀπεφήναντο.

419 2280 531 2333 Καὶ
560 2279 650 2332 τὸν
676 2280 775 2350 μὲν
791 2279 922 2332 Θεὸν
944 2278 1068 2333 νοῦν
1085 2280 1347 2351 ὁρίζουσι,
1379 2279 1475 2331 καὶ
1498 2277 1573 2341 ὡς
1599 2277 1776 2349 ψυχὴν
1808 2276 2009 2340 παντὸς

416 2370 514 2424 τοῦ
544 2372 697 2435 ὄντος
726 2371 943 2437 κύτους,
987 2370 1219 2443 ούρανοῦ
1246 2372 1342 2424 καὶ
1371 2370 1476 2440 γῆς
1497 2387 1510 2401 ⁸
1551 2371 1711 2439 σῶμα
1752 2370 1809 2424 δὲ
1840 2369 2027 2425 αὐτοῦ’

418 2463 480 2517 τὸ
512 2466 643 2528 πᾶν,
686 2464 761 2527 ὡς
797 2463 961 2535 ἔφην,
1020 2465 1116 2517 καὶ
1154 2464 1467 2534 ὀφθαλμοὺς
1512 2465 1639 2527 τοὺς
1692 2465 2003 2535 φωστῆρας.

418 2555 532 2626 Τὴν
547 2556 605 2609 δὲ
627 2556 806 2627 σάρκα
824 2556 1042 2609 πάντων
1064 2553 1419 2617 ἀπόλλυσθαι,
1444 2557 1537 2609 καὶ
1556 2556 1654 2626 τὴν
1673 2555 1848 2627 ψυχὴν
1873 2556 2009 2608 πάν-

415 2664 527 2702 των
558 2647 988 2719 μεταγγίζεσθαι
1015 2646 1123 2703 ἀπὸ
1150 2647 1400 2718 σώματος
1426 2649 1506 2711 εἰς
1533 2645 1709 2717 σῶμα.

503 2822 868 2894 Ἐπικούρειοι
898 2825 1077 2895 ἄτομα
1106 2825 1200 2877 καὶ
1225 2824 1405 2895 ἀμερῆ
1438 2823 1687 2893 σώματα,
1709 2822 2009 2893 ὁμοιομερῆ

416 2932 477 2968 τε
508 2916 603 2969 καὶ
630 2916 832 2989 ἄπειρα
865 2917 965 2987 τὴν
994 2916 1170 2988 ἀρχὴν
1206 2913 1347 2969 εἶναι
1375 2915 1483 2968 τῶν
1523 2914 1740 2969 πάντων
1768 2915 2005 2983 ὑπεστή-

404 3026 602 3073 σαντο,
644 3010 739 3062 καὶ
771 3010 923 3073 τέλος
956 3004 1096 3062 εἶναι
1135 3008 1482 3079 εὐδαιμονίας
1524 3008 1622 3077 τὴν
1659 3006 1851 3079 ἡδονὴν
1898 3006 2010 3060 ἐδο-

417 3101 711 3170 γμάτισαν,
734 3102 829 3155 καὶ
853 3103 992 3174 μήτε
1009 3102 1141 3156 Θεὸν
1165 3103 1303 3173 μήτε
1326 3102 1589 3172 Πρόνοιαν
1616 3098 1687 3152 τὰ
1710 3101 2010 3171 πράγματα

415 3193 659 3247 διοικεῖν.

489 3283 948 3354 Σαμαρειτισμὸς,
992 3284 1085 3337 καὶ
1126 3283 1174 3337 οί
1214 3284 1308 3338 ἀπ’
1354 3283 1519 3337 αὐτοῦ
1563 3284 1924 3354 Σαμαρεῖται,
1978 3282 2007 3335 ὅ

416 3372 567 3427 ἐστιν
599 3376 707 3428 ἀπὸ
743 3375 1103 3445 Ἰουδαῖσμοῢ,
1128 3373 1234 3446 πρὸ
1260 3375 1358 3446 μὲν
1376 3374 1470 3429 τοῦ
1494 3374 1830 3443 καταστῆναι
1856 3372 2009 3443 αἱρέ-

418 3484 532 3529 σεις
566 3470 647 3530 εἰς
677 3467 965 3537 Ἕλληνας,
998 3468 1090 3520 καὶ
1139 3467 1244 3539 πρὸ
1275 3467 1369 3520 τοῦ
1405 3468 1672 3538 συστῆναι
1715 3466 1895 3522 αὐτῶν
1940 3466 2009 3523 τὰ

416 3557 663 3628 δόγματα
685 3574 699 3588 ο
740 3557 877 3629 μετά
903 3558 959 3611 δὲ
985 3558 1078 3611 τοῦ
1102 3555 1241 3612 εἶναι
1272 3560 1541 3630 Ἐλλήνων
1565 3559 1663 3631 τὴν
1690 3559 2004 3631 θρησκείαν,

416 3650 512 3701 καὶ
554 3650 717 3720 μέσον
761 3649 857 3701 τοῦ
917 3650 1254 3720 Ἰουδαϊσμοῦ
1303 3651 1403 3720 τὴν
1443 3650 1715 3721 πρόφασιν
1746 3649 2004 3720 εἰληφὼς,

416 3740 524 3793 ἀπὸ
571 3739 679 3792 τῶν
709 3739 917 3810 χρόνων
952 3739 1428 3813 Ναϐουχοδονόσορ
1468 3741 1562 3794 καὶ
1601 3742 1700 3812 τῆς
1733 3740 1841 3793 τῶν
1874 3741 2005 3794 Ίου-

416 3832 581 3885 δαίων
604 3832 1000 3903 αἰχμαλωσίας.
1036 3832 1295 3886 Μέτοικοι
1317 3832 1371 3886 δὲ
1393 3833 1545 3897 ὄντες
1574 3833 1682 3887 ἀπὸ
1709 3832 2005 3905 Ἀσσυρίων

418 3926 497 3988 εἰς
527 3925 625 3994 τὴν
662 3925 941 3987 Ἰουδαίαν,
974 3925 1067 3977 καὶ
1101 3923 1358 3987 λαϐόντες
1392 3925 1489 3996 τὴν
1520 3926 1888 3994 Πεντάτευχον
1922 3926 2009 3995 μό·

416 4032 515 4085 νην
559 4016 858 4081 Μωῦσέως,
898 4016 992 4069 τοῦ
1036 4015 1303 4086 βασιλέως
1356 4016 1541 4079 αὐτοῖς
1590 4014 2008 4078 ἀποστείλαντος

416 4107 527 4161 ἀπὸ
565 4108 885 4173 Βαϐυλῶνος
922 4108 1011 4161 διά
1062 4109 1251 4180 ἱερέως
1288 4107 1494 4179 Ἔσδρα
1538 4107 1893 4177 καλουμένου,
1939 4106 2009 4161 τά

420 4198 597 4252 πάντα
617 4198 833 4269 ἔχοντές
860 4200 997 4251 εἰσιν
1021 4198 1314 4261 Ἰουδαίων,
1339 4198 1479 4269 πλὴν
1498 4198 1594 4249 τοῦ
1629 4195 2007 4268 βδελύττεσθαι

416 4291 487 4344 τά
513 4292 662 4362 ἔθνη,
709 4291 806 4344 καὶ⁷
856 4292 993 4361 μήτε
1035 4291 1371 4362 προσψαύειν
1403 4289 1585 4353 τινῶν,
1621 4291 1715 4343 καὶ
1737 4289 1874 4360 πλὴν
1911 4288 2005 4340 τοῦ

418 4383 702 4454 ἀρνεῖσθαι
738 4382 949 4454 νεκρῶν
988 4383 1305 4449 ἀνάστασιν,
1342 4381 1441 4444 τὰς
1480 4381 1647 4444 ἄλλας
1673 4379 2008 4453 προφητείας

418 4475 516 4539 τὰς
570 4475 709 4546 μετά
750 4474 1009 4528 Μωῦσέα.
1066 4473 1423 4545 Σαμαρειτῶν
1456 4472 1512 4525 δὲ
1566 4472 1693 4543 ἔθνη
1742 4472 2006 4542 τέσσαρα,

420 4567 701 4638 Γορθηνοὶ,
739 4568 788 4619 οἱ
836 4569 892 4619 ὲν
931 4566 1110 4630 ἄλλοις
1137 4569 1350 4637 καιροῖς
1394 4566 1494 4629 τὰς
1542 4566 1736 4636 ἑορτὰς
1782 4564 2006 4633 ἄγοντες

420 4660 568 4731 παρά
590 4662 714 4724 τοὺς
745 4659 1029 4729 Ἑϐραίους
1048 4677 1059 4688 ·
1099 4659 1398 4721 Σεῦουαῖοι,
1424 4659 1474 4710 οἰ
1507 4658 1595 4711 διά
1627 4656 1795 4726 αὐτὴν
1823 4657 2004 4709 αἰτίαν

417 4751 528 4804 τῶν
553 4751 756 4821 ἑορτῶν
778 4751 915 4821 πρὸς
946 4751 1072 4815 τοὺς
1092 4751 1397 4823 Γορθηνοὺς
1431 4748 1839 4819 διαφέρομενοιο
1884 4749 2005 4800 Ἐσ-

421 4845 596 4914 σηνοὶ,
627 4844 748 4914 μηδ’
770 4845 1053 4916 ὁποτέροις
1074 4842 1318 4897 ὲναντιού
1327 4859 1498 4913 μενοι,
1517 4844 1629 4905 τοῖς
1646 4841 1702 4893 δὲ
1725 4858 2000 4911 παρατυγι

420 4938 642 5006 χάνουσι
691 4937 1143 5011 συνεορτάζοντες
1191 4937 1527 5007 ἀδιαφόρως
1582 4935 1855 5000 Δοσίθεοι,
1895 4938 2007 4997 τοῖς

418 5031 602 5092 αὐτοῖς
639 5029 838 5094 ἔθεσιν,
881 5028 969 5084 οἷα
995 5031 1061 5101 δὴ
1103 5032 1460 5102 Σαμαρεῖται,
1500 5014 2001 5100 ἐμπολιτευόμενοι,

420 5124 689 5191 περιτομῇ
721 5140 779 5174 τε
814 5122 911 5175 καὶ
939 5121 1206 5192 Σαϐϐάτῳ
1237 5122 1332 5174 καὶ
1358 5124 1471 5184 τοῖς
1500 5121 1700 5183 ἄλλοις,
1731 5118 2004 5190 χρώμενοί

416 5227 477 5262 τε
513 5213 578 5281 τῇ
616 5212 973 5282 Πεντατεύχῳ
995 5229 1011 5243 υ
1061 5210 1444 5282 περιττότερον
1477 5210 1533 5263 δὲ
1560 5210 1667 5262 τῶν
1700 5210 1873 5264 ἄλλων
1901 5227 2004 5278 φυ-

420 5302 700 5367 λάττοντες
730 5304 790 5356 τὸ
830 5305 1132 5375 ἀπέχεσθαι
1182 5301 1463 5374 ἐμψύχων,
1501 5302 1592 5355 καὶ
1631 5303 1685 5354 ἐν
1729 5302 2004 5368 νηστείαις

417 5400 467 5451 δὲ
506 5399 874 5469 συνεχέστατα
907 5398 1055 5469 βιοῦν
1077 5416 1089 5426 ·
1128 5399 1309 5469 έχουσι
1330 5396 1388 5450 δὲ
1419 5396 1515 5449 καὶ
1538 5395 1833 5466 παρθενίαν
1862 5393 2005 5454 τινὲς

418 5492 620 5555 αὐτῶν,
644 5490 1069 5561 ἐγκρατεύονται
1091 5490 1149 5542 δὲ
1175 5488 1346 5555 ἄλλοι,
1372 5484 1690 5540 πιστεύουσί
1709 5502 1767 5537 τε
1797 5484 2004 5554 νεκρῶν

418 5586 733 5650 ἀνάστασιν,
766 5585 903 5655 ὅπερ
934 5581 1081 5647 ξένον
1102 5582 1218 5635 ἐστὶ
1242 5580 1630 5652 Σαμαρείταις.

2110 530 2394 595 mortalia;
2455 546 2576 599 qua:
2626 530 2884 585 inferiora
2940 539 3088 592 sunt.
3156 531 3409 585 morta‘lia
3456 532 3692 587 dicebat.

2110 622 2336 676 Animas
2362 637 2393 677 e
2420 622 2747 691 corporibus
2786 623 2839 676 in
2871 622 2977 676 alia
3007 637 3262 693 corpora,
3294 624 3458 677 etiam
3490 626 3695 678 anima-

2110 715 2242 768 lium
2257 729 2321 769 ac
2334 714 2658 780 bestiarum,
2681 715 3013 769 transfundi.
3038 715 3116 769 Ad
3141 716 3254 769 base
3283 716 3694 785 quinquennale

2110 802 2328 858 interim
2366 805 2640 859 silentium
2680 805 2959 860 observari
2996 807 3281 876 praacepit;
3318 822 3381 860 ac
3416 817 3694 876 postremo

2110 897 2268 951 deum
2303 897 2488 950 haberi
2522 913 2581 952 se
2612 898 2807 951 voluit.

2180 988 2447 1042 Platonici
2477 988 2666 1053 Deum,
2697 996 2751 1042 et
2786 989 3064 1043 materiam
3086 1028 3100 1053 ,
3135 1003 3199 1042 ac
3226 988 3460 1042 formam
3493 990 3674 1044 consti

2110 1090 2352 1137 tuerunt.
2368 1082 2628 1138 Mundum
2644 1083 2911 1154 genitum,
2926 1097 2989 1137 ac
3002 1082 3343 1152 corruptioni
3359 1081 3656 1137 obnoxium
3676 1118 3691 1135 .-

2111 1175 2348 1229 animam
2397 1176 2728 1246 ingenitam,
2777 1184 2832 1231 et
2888 1175 3280 1241 immortalem,
3341 1188 3406 1229 ac
3453 1173 3694 1229 divinam

2110 1267 2362 1322 arbitrati
2400 1276 2551 1322 sunt.
2599 1266 2776 1337 Hujus
2820 1277 2933 1324 tres
2975 1282 3100 1323 esse
3143 1275 3327 1337 partes
3360 1284 3375 1320 :
3409 1280 3575 1320 unam
3613 1279 3695 1320 ra—

2110 1361 2260 1415 tione
2298 1362 2614 1431 praeditam;
2664 1362 2891 1415 alteram
2933 1375 3041 1429 qua
3082 1358 3411 1427 irascimur;
3452 1359 3692 1425 tertiam,

2109 1470 2218 1525 qua
2266 1454 2732 1525 concupiscimus.
2788 1453 3122 1508 Communes
3182 1452 3438 1509 omnibus
3496 1465 3697 1506 uxores

2110 1560 2233 1602 esse
2265 1546 2470 1612 voluit;
2508 1561 2665 1600 nemo
2695 1553 2755 1599 ut
2785 1548 3051 1615 privatam
3085 1543 3379 1607 obtineret,
3413 1558 3477 1597 ac
3508 1542 3698 1613 praeci-

2110 1650 2309 1703 puam;
2345 1633 2438 1690 sed
2473 1643 2527 1688 ut
2566 1636 2798 1704 quilibet
2828 1650 3059 1703 quarum
3092 1634 3252 1689 vellet
3281 1634 3495 1703 copiam
3533 1623 3697 1688 babe-

2112 1739 2214 1784 ret.
2240 1727 2384 1784 Idem
2411 1730 2718 1783 animarum
2747 1730 2799 1782 iu
2828 1729 2977 1781 varia
3008 1743 3262 1798 corpora,
3296 1727 3461 1782 etiam
3492 1728 3695 1782 bestiaa

2041 1822 2085 1879 B
2114 1836 2257 1884 rum,
2284 1822 2548 1876 transitus
2578 1819 2897 1874 afﬁrmabat.
2942 1820 3081 1875 Deos
3119 1820 3355 1889 denique
3383 1819 3697 1889 complures

2115 1913 2183 1967 ab
2214 1928 2323 1968 uno
2348 1928 2473 1968 esse
2506 1913 2824 1983 productos.

2189 2002 2360 2059 Stoici
2388 2019 2590 2075 corpus
2624 2007 2940 2061 universum
2994 2020 3116 2061 esse
3151 2004 3438 2070 deﬁniunt,
3466 2011 3521 2059 et
3544 2018 3697 2073 aspe-

2114 2095 2367 2151 ctabilem
2389 2096 2537 2151 hunc
2566 2098 2827 2151 mundum
2864 2096 3033 2152 Deum
3073 2112 3197 2153 esse
3240 2104 3506 2152 statuunt.
3546 2095 3695 2151 Non-

2116 2188 2249 2243 nulli
2284 2188 2449 2243 etiam
2490 2204 2555 2243 ex
2596 2189 2719 2260 igne
2756 2198 3006 2244 naturam
3039 2189 3184 2245 illius
3220 2201 3473 2243 constare
3507 2187 3697 2243 defen-

2114 2281 2273 2336 dunt.
2306 2280 2476 2336 Deum
2507 2282 2708 2353 quippe
2734 2291 2972 2338 mentem
3005 2298 3128 2338 esse
3159 2288 3370 2352 putant,
3396 2296 3461 2336 ac
3491 2281 3695 2336 vastis.

2115 2375 2267 2430 simae
2299 2374 2466 2429 totius
2493 2375 2673 2438 molis,
2702 2375 2827 2429 coeli
2850 2384 3119 2445 terraeque
3138 2375 3408 2437 videlicet,
3432 2373 3692 2427 animam.

2115 2460 2288 2529 Cujus
2315 2476 2517 2531 corpus
2539 2502 2554 2527 ,
2596 2469 2654 2516 ut
2696 2462 2810 2516 dixi
2833 2503 2847 2525 ,
2887 2472 3063 2517 totum
3102 2463 3207 2517 boc
3238 2463 3309 2519 sit
3339 2463 3654 2518 universum
3674 2499 3694 2527 ,

2114 2554 2262 2609 oculi
2311 2570 2442 2609 vero
2491 2555 2692 2610 sidera.
2767 2555 3024 2612 Omnium
3076 2556 3303 2612 interire
3351 2570 3597 2624 carnem,
3641 2562 3698 2611 et

2115 2646 2357 2701 animam
2392 2649 2449 2702 in
2491 2648 2707 2705 diversa
2744 2650 2981 2705 transire
3025 2663 3256 2721 corpora
3315 2649 3419 2705 sibi
3454 2650 3696 2719 'persua—

2114 2736 2265 2793 dent.

2188 2821 2443 2895 Epicurei
2482 2835 2696 2882 atomos
2731 2835 2786 2883 et
2828 2826 3105 2882 individua
3151 2844 3379 2899 corpora
3428 2828 3698 2885 similibus

2116 2915 2423 2969 constantia
2478 2918 2748 2986 partibus,
2810 2928 2862 2971 et
2917 2919 3151 2986 inﬁnita,
3207 2934 3391 2975 rerum
3450 2920 3696 2974 omnium

2114 3004 2464 3074 principium,
2518 3023 2640 3062 esse
2696 3009 3019 3063 docuerunt.
3078 3008 3364 3063 Summum
3404 3008 3608 3064 bonum
3636 3010 3697 3061 in

2116 3097 2394 3167 voluptate
2417 3108 2721 3168 posuerunt
2748 3117 2765 3155 :
2794 3099 2962 3155 Deum
2997 3116 3062 3155 ac
3089 3100 3493 3156 Providentiam
3517 3101 3588 3156 ab
3607 3116 3695 3155 re-

2116 3205 2237 3244 rum
2259 3189 2731 3246 administratione
2754 3193 3116 3248 sustulerunt.

2189 3280 2637 3349 Samaritismus,
2674 3290 2729 3339 et
2763 3282 3069 3339 Samaritae.
3110 3281 3287 3353 Hujus
3320 3282 3389 3337 ab
3413 3282 3696 3340 Judaismo

2108 3372 2262 3442 origo
2301 3372 2611 3439 deducitur,
2661 3389 2782 3443 quae
2829 3382 3104 3429 sectarum
3152 3372 3296 3443 apud
3344 3372 3563 3429 Graecos
3609 3373 3695 3429 di-

2107 3463 2321 3526 vortiis,
2348 3471 2402 3518 et
2433 3478 2621 3518 earum
2652 3463 2888 3519 decretis
2931 3460 2996 3519 ac
3027 3465 3377 3535 dogmatibus
3420 3466 3694 3536 antiquior

2106 3564 2211 3611 est.
2248 3554 2563 3610 Graecorum
2609 3571 2771 3626 porro
2815 3556 3261 3627 superstitionem
3302 3558 3606 3627 complexa,
3641 3566 3698 3614 et

2108 3662 2232 3701 cum
2272 3646 2517 3704 Judaicis
2548 3648 2890 3718 dogmatibus
2923 3649 3105 3719 aliqua
3150 3657 3393 3719 exparte
3431 3650 3688 3715 miscens,

2109 3733 2201 3786 illa
2233 3744 2382 3788 secta
2418 3734 2566 3787 circa
2597 3733 3127 3789 Nabuchodonozori
3167 3743 3220 3790 et
3250 3732 3492 3789 Judaicae
3514 3735 3691 3805 capti-

2108 3824 2292 3879 vitatis
2333 3834 2577 3894 tempora
2611 3825 2841 3895 prodiit.
2880 3823 3049 3878 Primi
3086 3834 3248 3879 sectae
3277 3823 3590 3879 conditores
3626 3838 3695 3878 ex

2107 3916 2350 3988 Assyriis
2379 3917 2431 3970 in
2470 3914 2712 3970 Judazam
2759 3916 3118 3987 transportati
3155 3916 3399 3986 quinque
3426 3915 3697 3970 duntaxat

2109 4008 2312 4081 Moysis
2340 4009 2510 4063 libros
2535 4018 2886 4079 acceperunt,
2928 4026 3068 4079 quos
3106 4025 3201 4080 per
3238 4007 3468 4061 Esdram
3514 4021 3695 4062 sacer-

2109 4097 2291 4152 dotem
2319 4113 2411 4151 rex
2439 4097 2508 4150 ad
2554 4099 2676 4151 illos
2709 4097 2984 4169 Babylone
3014 4097 3363 4153 submiserat.
3385 4094 3571 4165 Itaque
3590 4110 3696 4149 cae-

2110 4196 2226 4244 tera
2265 4189 2469 4244 habent
2499 4205 2624 4243 cum
2652 4189 2860 4244 Judaeis
2889 4189 3200 4243 communia
3231 4206 3244 4242 :
3297 4188 3344 4244 si
3390 4187 3496 4242 hoc
3522 4203 3695 4241 unum

2109 4282 2372 4351 excipias,
2409 4280 2554 4351 quod
2572 4290 2625 4335 et
2647 4289 2834 4351 gentes
2870 4281 3276 4346 abominentur,
3311 4296 3488 4351 neque
3504 4295 3693 4350 quem-

2110 4388 2272 4440 quam
2314 4372 2629 4441 contingcre
2671 4372 2840 4423 velint
2875 4390 2886 4423 :
2922 4371 3174 4439 quodque
3216 4378 3557 4424 mortuorum
3605 4384 3694 4424 re-

2112 4464 2541 4527 surreCtionem,
2589 4478 2651 4517 ac
2700 4474 2926 4517 caeteras
2957 4472 3080 4532 post
3115 4460 3337 4532 Moysen
3376 4460 3694 4532 prophetias

2112 4558 2388 4628 rejiciunt.
2420 4556 2887 4610 Samaritanorum
2913 4565 2997 4611 est
3028 4557 3192 4611 factio
3217 4556 3391 4612 divisa
3422 4556 3477 4610 in
3510 4564 3693 4626 partes

2113 4662 2371 4722 quatuor.
2404 4650 2571 4705 Primi
2603 4660 2732 4705 sunt
2760 4648 3047 4716 Gortheni,
3084 4648 3177 4719 qui
3206 4647 3377 4703 festos
3403 4647 3519 4703 dies
3546 4647 3691 4711 aliis,

2113 4760 2275 4816 quam
2329 4743 2559 4805 Hebr-aii,
2593 4741 2930 4810 temporibus
2980 4739 3249 4794 indicunt.
3302 4737 3409 4791 Alii
3461 4736 3696 4800 Sebuali,

2114 4837 2209 4905 qui
2259 4835 2330 4890 ob
2381 4836 2626 4890 eamdem
2682 4834 2944 4888 festorum
2997 4833 3210 4886 dierum
3272 4828 3619 4884 occasionem
3666 4842 3698 4878 a

2113 4927 2412 4982 Gorthenis
2475 4925 2829 5001 dissentiunt.
2893 4923 3064 4978 Tertii
3119 4930 3247 4979 sunt
3310 4920 3539 4983 Esseni,
3603 4918 3693 4986 qui

2116 5018 2294 5073 neutri
2324 5018 2466 5087 parti
2508 5027 2836 5086 repugnant.
2873 5015 2968 5071 sed
3004 5029 3128 5068 cum
3171 5014 3261 5077 iis,
3297 5013 3353 5068 in
3385 5026 3524 5080 quos
3561 5010 3697 5063 inci-

2114 5110 2317 5176 derint,
2362 5111 2480 5165 sine
2539 5110 2649 5162 ullo
2710 5108 3030 5163 discrimine
3078 5107 3215 5160 festa
3260 5109 3544 5174 peragunt.
3592 5099 3699 5152 Po-

2115 5202 2301 5255 stremi
2328 5209 2456 5254 sunt
2476 5199 2713 5254 Dosithei
2735 5218 2747 5253 :
2769 5198 2862 5267 qui
2881 5197 3095 5260 iisdem,
3115 5195 3316 5265 quibus
3337 5190 3697 5255 Samaritani,

2115 5293 2379 5345 institutis
2407 5298 2637 5344 utuntur
2675 5308 2686 5342 :
2716 5287 3194 5342 circumcisionem
3215 5326 3231 5352 ,
3262 5284 3593 5346 Sabbatum,
3632 5297 3699 5337 ac

2111 5392 2329 5448 caetera,
2387 5384 2683 5452 itidemque
2732 5378 3160 5435 Pentateucbum
3210 5376 3490 5431 adhibent.
3545 5372 3695 5427 Prae-

2112 5479 2272 5548 cipue
2308 5492 2460 5544 vero,
2500 5490 2562 5530 ac
2606 5490 2718 5545 pra:
2768 5473 2996 5544 reliquis
3039 5472 3297 5529 omnibus
3327 5469 3430 5525 sibi
3470 5468 3539 5523 ab
3577 5468 3696 5519 ani-

2113 5571 2273 5624 matis
2311 5576 2636 5639 temperant,
2679 5582 2743 5621 ac
2780 5572 3043 5636 perpetuo
3084 5565 3198 5621 fere
3240 5562 3514 5633 jejunant.
3553 5557 3696 5612 Sunt

418 5678 562 5732 inter
599 5679 744 5743 illos,
789 5679 883 5748 qui
919 5677 1287 5749 virginitatem
1333 5677 1542 5743 colunt,
1594 5673 1686 5729 alii
1732 5670 2143 5728 continentiam.
2174 5668 2603 5724 Resurrecturos
2663 5679 2787 5720 esse
2838 5672 3083 5721 mortuos
3118 5662 3387 5726 credunt;
3451 5655 3598 5727 quod
3666 5665 3700 5708 a

423 5769 895 5827 Samaritanorum
925 5771 1179 5842 dOgmate
1214 5770 1495 5825 abhorret.

744 5868 1014 5928 PATBOL.
1050 5866 1165 5924 Gn.
1206 5863 1368 5923 XLI.

3378 5838 3418 5897 6
