4204 6370
520 336 615 392 171

517 546 651 617 legis
679 546 859 615 periti,
884 555 938 600 et
965 547 1320 601 traditionum
1341 591 1356 614 ,
1381 564 1517 618 quas
1540 563 1571 602 a
1617 549 1918 618 majoribus
1941 563 2096 603 acce-

517 643 710 704 perant
741 634 1114 707 (δευτερὼσεις
1155 639 1464 708 vocabant),
1503 637 1884 694 observatores
1923 638 2097 705 fuere,

518 739 582 778 ac
611 726 748 781 ritus
777 741 970 783 omnes
1012 730 1449 798 superstitiosius
1479 730 1690 785 caeteris
1711 770 1724 794 ,
1760 731 2102 801 diligentius-

515 831 624 886 que
656 827 994 873 tenueruut:
1043 835 1182 890 quos
1230 835 1339 874 non
1390 837 1420 875 ει
1468 821 1582 890 lege
1621 821 1954 888 didiceram,
2006 823 2099 877 sed

517 908 897 980 sibimetipsis,
928 919 1187 981 tanquam
1213 913 1443 981 justitia:
1478 914 1613 984 legis
1645 914 1953 985 singulares
1981 918 2100 971 cul-

517 1011 627 1070 tus,
662 1019 727 1059 ac
756 1007 1111 1061 cmremonias
1141 1007 1467 1062 indixerant.

586 1095 869 1161 Pharisaei,
893 1111 1034 1167 quos
1059 1108 1356 1168 segregatos
1402 1100 1748 1170 interpretari
1777 1101 1976 1171 possis,
2007 1101 2102 1171 qui

516 1187 924 1243 sanctissimam
948 1189 1069 1243 vitae
1102 1191 1366 1246 rationem
1399 1191 1653 1260 professi,
1691 1194 1960 1263 probitate
1992 1210 2100 1248 cae-

515 1278 650 1333 teris
679 1279 1002 1334 antecellere
1031 1279 1377 1334 videbantur.
1422 1280 1758 1336 Mortuorum
1806 1283 1947 1352 apud
1980 1284 2102 1337 illos

516 1372 878 1437 resurrectio,
906 1380 966 1427 ut
992 1380 1044 1428 et
1080 1373 1224 1442 apud
1257 1373 1508 1439 Scr-ibas,
1547 1373 1858 1429 defenditur
1888 1394 1901 1430 :
1939 1376 2100 1431 iidem

517 1464 776 1534 angelos,
831 1479 895 1519 ac
927 1463 1189 1535 Spiritum
1240 1474 1491 1519 sanctum
1549 1482 1673 1522 esse
1725 1485 1831 1522 non
1878 1476 2097 1538 negant.

516 1553 654 1611 Vita:
676 1557 937 1612 eximium
973 1558 1284 1614 institutum
1317 1574 1427 1628 prae
1460 1574 1519 1614 se
1555 1559 1754 1614 ferunt.
1801 1560 2103 1616 Continen-

514 1649 648 1702 tiam
693 1655 905 1704 certum
951 1650 1019 1704 ad
1075 1659 1322 1719 tempus,
1354 1665 1418 1704 ac
1468 1651 1832 1720 virginitatem
1884 1669 2102 1723 quoque

517 1740 846 1811 suscipiunt.
882 1740 970 1797 Bis
998 1741 1334 1797 hebdomade
1352 1757 1569 1812 quaque
1589 1743 1859 1813 jejunare.
1885 1762 2099 1811 urceos,

1257 329 1594 393 EPIPHANII
1621 331 2062 394 RESCRIPTUM
2087 335 2514 394 -AD.AC1\CIUM
2553 334 2642 395 ET
2677 333 2960 395 PAULUM

587 453 898 509 Iudaeorum
915 461 1076 510 secta:
1095 470 1324 511 numero
1346 465 1552 527 septem
1588 459 1666 512 Ac
1684 458 1857 528 primo
1877 455 2100 522 Scribat,
2134 462 2180 518 Α

3674 343 3775 402 ΙἹΞ

2292 457 2559 510 Ἰουδαίων
2590 458 2828 529 αἱρέσεις
2860 457 3029 510 ἑπτά’
3057 458 3425 530 Γραμματεῖς,
3465 457 3658 522 οἵτινες
3691 479 3776 513 νο-

2211 551 2361 620 μικοὶ
2396 550 2502 620 ,μὲν
2534 546 2713 621 ἦσαν,
2769 551 2862 603 καὶ
2910 551 3239 620 δευτερωταὶ
3284 551 3632 622 παραδόσεων
3667 551 3776 604 τῶν

2207 643 2337 712 παρ’
2368 641 2548 704 αὐτοῖς
2581 642 2988 712 πρεσϐυτέριον,
3020 645 3083 712 τῇ
3112 642 3463 713 περιττοτέρᾳ
3493 643 3776 714 ἐθελοθρη-

2209 731 2364 802 σκείᾳ
2386 732 2482 802 ἔθη
2515 732 2895 800 φυλάττοντες,
2937 733 2972 785 ὃ.
3000 730 3059 784 όύ
3091 732 3180 784 διὰ
3211 733 3303 785 τοῦ
3332 734 3494 804 νόμου
3532 734 3779 804 μεμαθή-

2207 842 2386 890 κασιν,
2419 825 2534 878 ἀλλ’
2563 827 2774 889 ἑαυτοῖς
2808 825 3095 878 ὲτύπωσαν
3131 826 3449 896 σεϐάσματα
3471 825 3776 896 δικαιώμα-

2207 933 2298 980 τος
2326 916 2422 987 τῆς
2456 917 2795 988 νομοθεσίας.

2276 1102 2589 1173 Φαρισαῖοι,
2644 1104 3070 1175 ἐρμηνευόμενοι
3131 1103 3549 1172 ἀρωρισμένοι,
3609 1104 3657 1155 οἱ
3716 1101 3778 1156 τὸ

2207 1195 2508 1264 ἀκρότατον
2545 1195 2804 1264 βιοῦντες,
2846 1197 2939 1248 καὶ
2963 1195 3121 1266 δῆθεν
3147 1197 3252 1248 τῶν
3284 1195 3457 1248 ἄλλων
3485 1195 3778 1265 δοκιμώτε-

2212 1303 2314 1356 ροι·
2344 1285 2474 1356 παρ’
2511 1283 2592 1348 οἷς
2633 1287 2725 1340 καὶ
2764 1287 2975 1357 νεκρῶν
3017 1288 3330 1350 ἀνάστασις,
3376 1289 3451 1350 ὡς
3493 1288 3585 1340 καὶ
3629 1286 3779 1357 παρά

2208 1377 2317 1439 τοῖς
2349 1377 2775 1446 Γραμματεῦσι,
2815 1379 2908 1431 καὶ
2940 1380 2972 1448 ὴ
3008 1379 3132 1448 περὶ
3167 1378 3430 1446 ἀγγέλων,
3476 1380 3569 1430 καὶ
3605 1379 3777 1430 Πνεύ-

2213 1485 2378 1536 ματος
2425 1470 2605 1538 ἀγίου,
2654 1472 2735 1523 ὅτι
2786 1470 2922 1533 ἔστι,
2969 1471 3385 1539 συγκατάθεσις,
3434 1469 3679 1522 πολιτεία
3721 1487 3780 1522 τε

2207 1561 2482 1632 διάφορος,
2526 1563 2822 1635 ἐγκράτεια
2859 1563 2962 1626 ’έως
2998 1564 3209 1634 χρόνου,
3247 1564 3340 1617 καὶ
3371 1562 3654 1632 παρθενίοι⁹
3683 1579 3779 1631 νη-

2210 1652 2359 1705 στεία
2391 1653 2447 1706 δὲ
2484 1653 2562 1717 δὶς
2601 1653 2694 1706 τοῦ
2726 1653 3027 1718 Σαϐόάτου,
3074 1653 3274 1717 ξεστῶν
3307 1654 3656 1723 καθαρισμοὶ,
3687 1653 3780 1704 καὶ
3830 1639 3831 1649 ί

2219 1743 2462 1796 πινάκων
2490 1745 2584 1797 καὶ
2616 1744 2910 1815 ποτηρίων,
2942 1745 3017 1807 ὡς
3047 1745 3140 1797 καὶ
3166 1747 3214 1796 οἱ
3242 1745 3611 1816 Γραμματεῖς,
3648 1745 3780 1796 ἀπο-

517 1845 584 1886 ac
612 1831 823 1897 discos,
849 1841 902 1887 et
934 1833 1126 1903 pocula
1173 1835 1370 1904 saepius
1415 1835 1628 1899 eluere',
1678 1845 1734 1890 ut
1788 1845 1839 1892 et
1875 1839 2100 1905 Scribae,

2172 1834 2180 1886 ἰ
2208 1832 2554 1898 δεκατώσεις,
2604 1836 2694 1888 καὶ
2725 1835 2990 1906 ἀπαρχαὶ,
3027 1839 3118 1890 καὶ
3157 1837 3450 1906 ἐνδελεχεῖς
3483 1836 3656 1906 εὐχαὶ,
3687 1817 3779 1888 καὶ

515 1922 685 1978 soliti.
713 1923 795 1979 Ad
818 1924 934 1980 haec
977 1925 1215 1980 decimas
1251 1936 1305 1981 et
1331 1927 1598 1998 primitias
1627 1929 1853 1984 olferre:
1886 1932 2106 1987 assidue

515 2017 730 2086 precari
765 2033 778 2070 :
814 2025 994 2072 certos
1032 2018 1214 2075 cultus
1243 2034 1308 2074 ac
1339 2024 1720 2090 superstitiosa
1745 2025 2103 2080 vestimento-

515 2123 641 2163 rum
669 2124 867 2179 genera
889 2110 1163 2167 curiosius
1187 2112 1439 2168 aﬂectare
1473 2133 1484 2166 :
1513 2114 1819 2183 cujusmodi
1839 2126 1966 2172 sunt
1987 2119 2105 2171 dal-

515 2197 753 2262 maticae,
800 2212 865 2253 ac
900 2199 1134 2265 colobia,
1167 2209 1222 2255 et
1256 2203 1446 2255 latiora
1478 2205 1722 2274 quaedam
1755 2205 2102 2277 phylacteria,

517 2287 624 2344 hoc
655 2298 740 2346 est
773 2300 1072 2362 segmenta,
1106 2292 1440 2365 [imbriazque
1471 2311 1791 2366 purpureai,
1828 2315 1892 2354 ac
1929 2302 2106 2355 malo-

518 2390 747 2453 granata
776 2383 845 2438 ad
885 2385 1115 2440 vestium
1141 2401 1269 2440 oras
1297 2401 1536 2456 appensa
1558 2427 1573 2447 .
1605 2404 1726 2459 quae
1765 2392 2106 2460 temporaria:

518 2475 666 2530 illius
699 2477 1053 2533 continentiae
1095 2479 1250 2548 signa
1283 2477 1660 2547 praeferebant.
1694 2478 1862 2536 Iidem
1895 2491 2104 2553 postre-

518 2577 609 2618 mo
637 2580 864 2635 geneses
900 2581 964 2620 ac
998 2565 1168 2622 fatum
1202 2568 1641 2623 iutroducebaut.

591 2655 914 2714 Sadducaeis
940 2659 1009 2713 ab
1042 2659 1393 2713 exactissima
1411 2659 1623 2729 justitia
1643 2675 1842 2717 nomen
1859 2671 1962 2718 est.
1996 2661 2105 2728 Qui

520 2764 550 2803 e
583 2746 1051 2804 Samaritanorum
1081 2766 1276 2821 genere
1303 2766 1333 2804 a
1364 2748 1647 2808 sacerdote
1669 2753 1905 2822 quodam
1925 2752 2108 2808 Sadoc

518 2848 700 2896 ortum
729 2841 1058 2899 habuerunt.
1097 2840 1436 2897 Mortuorum
1466 2845 1922 2900 resurrectionem
1954 2845 2108 2900 dam-

521 2941 688 2998 nant,
729 2934 978 3004 angelum
1030 2951 1094 2990 ac
1142 2935 1395 3005 spiritum
1444 2935 1690 2991 funditus
1740 2946 1969 3008 negant;
2002 2951 2108 2992 cae-

521 3034 638 3081 tera
666 3025 976 3082 Judaeorum
1010 3028 1240 3082 similes.

593 3116 1080 3188 Hemerobaptistae
1103 3119 1239 3174 nihil
1267 3121 1336 3177 ab
1367 3120 1572 3177 Judmis
1605 3130 1969 3191 praeterquam
2001 3120 2106 3174 hoc

523 3226 634 3266 uno
668 3211 1074 3282 discreparunt,
1097 3212 1245 3283 quod
1265 3215 1538 3270 neminem
1561 3223 1777 3270 aeterna:
1809 3217 1930 3268 vita
1961 3228 2109 3268 com-

523 3314 705 3374 potem
736 3320 859 3360 esse
890 3320 1052 3375 posse
1079 3305 1342 3367 dicerent,
1367 3309 1471 3363 nisi
1503 3307 1746 3378 quotidie
1776 3307 2000 3361 lavaret.

594 3394 814 3459 Osseni,
864 3412 1098 3468 quorum
1138 3413 1336 3453 nomen
1384 3401 1786 3468 procacissimos
1818 3396 2107 3468 signiﬁcat.

525 3485 629 3554 Qui
661 3503 726 3542 ex
762 3492 1084 3559 praescripto
1113 3490 1246 3561 legis
1270 3492 1453 3545 omnia
1503 3489 1807 3556 faciebant;
1839 3489 1936 3544 sed
1969 3504 2107 3558 prae-

522 3584 678 3634 terea
730 3577 1044 3650 Scripturas
1086 3580 1412 3637 adhibebant
1447 3601 1460 3637 :
1496 3590 1551 3639 et
1589 3598 1653 3638 ex
1711 3581 2108 3654 posterioribus

525 3670 806 3740 prophetis
838 3671 1127 3742 plerosque
1152 3673 1494 3742 rejiciebant.

597 3761 882 3820 Nasaraaos
941 3765 1282 3818 exstinctores
1343 3765 1690 3836 interpretari
1743 3764 1958 3836 possis,
2014 3767 2108 3836 qui

527 3855 714 3911 carnis
751 3871 856 3911 usu
885 3870 1106 3925 prorsus
1145 3856 1499 3913 interdicunt.
1533 3857 1618 3911 Ab
1664 3857 1919 3912 animatis
1945 3857 2110 3912 absti-

530 3955 662 4002 nent
693 3964 706 4000 :
739 3947 1080 4018 patriarchas
1123 3963 1343 4016 omnes,
1379 3948 1471 4019 qui
1524 3949 1580 4002 in
1625 3947 2000 4004 Pentateucho
2040 3949 2108 4005 ad

531 4035 734 4112 Moysis
797 4049 852 4096 et
899 4038 1029 4096 Jcsu
1086 4040 1182 4094 lilii
1213 4039 1356 4095 Nave
1409 4049 1654 4111 tempora
1719 4042 2106 4107 continentur,

531 4131 833 4194 asciscuut,
865 4139 919 4185 et
948 4131 1015 4186 iis
1065 4129 1223 4186 ﬁdem
1251 4130 1510 4186 adhibent
1543 4148 1558 4186 :
1600 4130 1906 4200 cujusmodi
1958 4141 2107 4198 sunt,

531 4221 789 4284 Abraam,
828 4221 979 4277 Isaac
1010 4229 1063 4278 et
1083 4221 1286 4287 Iacob,
1317 4222 1495 4293 iisque
1540 4222 1853 4292 superiores
1891 4238 2105 4287 omnes,

533 4329 749 4369 necnon
797 4313 1011 4385 Moyses
1050 4317 1167 4386 ipse
1198 4331 1322 4370 cum
1358 4320 1595 4378 Aarone,
1625 4323 1788 4384 atque
1818 4313 1970 4372 Jesu.
1993 4315 2111 4372 Cae-

531 4412 709 4459 terum
746 4405 985 4476 quinque
1011 4407 1102 4460 illa
1143 4406 1416 4460 volumina
1460 4405 1664 4477 Moysis
1703 4422 1826 4462 esse
1871 4422 1980 4461 non
2008 4423 2111 4478 pu-

2209 1928 2466 1996 σχήματα
2518 1926 3042 1998 ὲθελοΘρησκευτικά
3083 1929 3182 1998 τῆς
3223 1929 3558 1999 ἐνδυμενίας,
3606 1929 3778 1982 διάτοι

2205 2015 2305 2086 τῆς
2345 2017 2678 2087 ἀμπεχόνης,
2721 2018 2813 2070 καὶ
2854 2017 2963 2070 τῶν
2994 2017 3360 2087 δαλματικῶν.
3397 2017 3429 2087 ἢ
3475 2017 3583 2069 τῶν
3626 2018 3779 2069 κολο-

2208 2107 2359 2174 6ίων,
2418 2110 2512 2161 καὶ
2569 2108 2887 2179 πλατυσμοῦ
2929 2110 3037 2162 τῶν
3084 2109 3488 2180 φυλακτηρίων,
3533 2111 3779 2162 τουτέστι

2209 2196 2468 2266 σημάτων
2491 2197 2589 2267 τῆς
2614 2197 2916 2270 πορφύρας,
2944 2199 3038 2250 καὶ
3061 2197 3404 2267 κρασπέδων,
3429 2199 3521 2249 καὶ
3547 2200 3782 2268 ῥοΐσκων

2209 2287 2301 2340 ἐπὶ
2338 2288 2405 2339 τὰ
2445 2287 2711 2359 πτερύγια
2741 2289 2841 2360 τῆς
2875 2289 3209 2360 ἀμπεχόνης,
3245 2289 3400 2342 άτινα
3427 2289 3598 2341 ταῦτα
3623 2288 3782 2356 ἐτύγ-

2203 2380 2337 2446 χανε
2369 2382 2570 2447 σημεῖα
2595 2380 2692 2448 τῆς
2718 2380 2850 2450 παρ’
2877 2380 3057 2442 αὐτοῖς
3081 2381 3185 2443 ἓως
3213 2379 3407 2450 καιροῦ
3432 2381 3775 2450 ἐγκρατείας,

2206 2468 2255 2521 οἳ
2287 2471 2380 2522 καὶ
2410 2472 2804 2541 παρεισέφερον
2836 2473 3046 2540 γένεσιν
3075 2473 3169 2525 καὶ
3195 2472 3552 2542 εἱμαρμένην,

2281 2655 2651 2719 Σαδδουκαῖοι,
2685 2658 2732 2708 οἱ
2762 2655 3185 2727 ὲρμηνευόμενοι
3215 2655 3591 2720 δικαιότατοι,
3627 2658 3675 2709 οἳ
3714 2660 3779 2710 ἐκ

2206 2749 2394 2818 γένους
2426 2748 2523 2818 μὲν
2545 2745 2686 2819 ἦσαν
2719 2749 3069 2819 Σαμαρειτῶν
3094 2748 3226 2818 ὁμοῦ
3251 2749 3341 2800 καὶ
3371 2749 3553 2818 ἱερέως
3578 2749 3780 2802 Σαδοὺκ

2135 2839 2177 2871 ⁵
2207 2843 2489 2911 ὀνόματος,
2526 2841 2732 2911 νεκρῶν
2766 2843 2864 2911 μὲν
2894 2841 3187 2894 ἀνάστασιν
3212 2841 3556 2911 ἀρνούμενοι,
3587 2843 3680 2893 καὶ
3707 2842 3781 2912 μὴ

2209 2933 2637 3004 παραδεχόμενοι
2679 2933 2905 3001 ἄγγελον
2953 2935 3091 3004 μήτε
3131 2932 3367 3004 πνεῦμα·
3418 2933 3486 2987 τά
3515 2934 3571 2986 δὲ
3605 2936 3782 2988 πάντα

2208 3025 2359 3088 ὅντες
2398 3025 2654 3080 Ἰουδαῖοι.

2293 3117 2812 3189 Ἦμεροϐαπτισταί.
2849 3110 3006 3172 Οὗτοι
3037 3119 3134 3190 μὲν
3164 3119 3306 3172 κατά
3329 3121 3503 3174 πάντα
3541 3121 3782 3176 Ἰουδαῖοι

2209 3205 2369 3281 ἦσαν’
2398 3211 2635 3280 ἔφασκον
2663 3211 2719 3263 δὲ
2751 3210 2954 3281 μηδένα
2983 3210 3124 3280 ζωῆς
3147 3211 3437 3281 τυγχάνειν
3463 3212 3704 3278 αἰωνίου,
3731 3215 3780 3265 εί

2212 3305 2287 3374 μή
2318 3322 2370 3357 τι
2397 3304 2461 3359 ἂν
2497 3304 2617 3358 καθ’
2646 3303 2878 3373 ἑκάστην
2905 3301 3234 3372 βαπτίζοιτο.

2295 3395 2564 3464 Ὀσσηνοὶ,
2602 3394 2650 3447 οἳ
2690 3393 2753 3464 δὴ
2779 3393 3120 3462 ὶταμώτατοι
3150 3392 3562 3465 ἑρμηνεύονται.
3593 3389 3776 3447 Ἦσαν

2207 3489 2263 3542 δὲ
2293 3484 2437 3542 οὗτοι
2464 3487 2530 3541 τά
2555 3487 2730 3539 πάντα
2757 3485 2897 3538 κατὰ
2919 3486 3080 3555 νόμον
3102 3486 3403 3548 τελοῦντες.
3433 3487 3697 3555 Ἐχρῶντο
3723 3488 3781 3540 δὲ

2210 3582 2304 3634 καὶ
2327 3581 2571 3651 Γραφαῖς
2594 3578 2808 3649 ἑτέραις
2842 3577 2980 3646 μετά
2997 3577 3086 3629 τὴν
3107 3576 3289 3646 νόμον.
3327 3578 3463 3640 Τοὺς
3483 3577 3540 3628 δὲ
3563 3576 3781 3640 πλείους

2204 3673 2314 3727 τῶν
2342 3672 2633 3742 μετέπειτα
2666 3667 2961 3740 προφητῶν
2987 3668 3372 3721 ἁπεὸάλλοντο.

2277 3765 2616 3833 Νασαραῖοι,
2666 3759 3093 3832 ἐρμηνευόμενοι
3146 3759 3476 3827 ἀφανισταί
3507 3760 3544 3810 ’.
3593 3759 3781 3811 Πᾶσαν

2210 3852 2586 3925 σαρκοφαγίαν
2641 3847 3099 3919 ἀπαγορεύουσιν·
3165 3847 3424 3918 ἐμψύχων
3481 3847 3590 3900 οὐδ’
3644 3847 3782 3910 ὅλως

2211 3944 2740 4017 μεταλαμϐάνουσινο
2788 3940 2915 4012 ᾶχρι
2971 3939 3028 3992 δὲ
3083 3939 3382 4001 Μωῦσέως,
3445 3940 3538 3992 καὶ
3606 3939 3779 4010 Ἰησοῦ

2206 4035 2301 4089 τοῦ
2342 4035 2500 4104 Ναυῆ
2546 4036 2658 4096 τοῖς
2698 4034 2755 4084 ὲν
2792 4035 2861 4103 τῇ
2903 4030 3259 4101 Πεντατεύχῳ
3325 4031 3499 4099 ἁγίοις
3551 4030 3778 4101 ὀνόμασι

2209 4126 2561 4198 πατριαρχῶν
2615 4123 2946 4195 κεχρημένοι
2989 4139 3050 4175 τε
3092 4123 3187 4175 καὶ
3235 4122 3600 4183 πιστεύοντες*
3639 4124 3782 4191 φημὶ

2209 4219 2266 4273 δὲ
2323 4217 2605 4292 Ἀϐραὰμ,
2670 4217 2763 4270 καὶ
2824 4215 3038 4280 Ἰσαὰκ,
3089 4215 3183 4269 καὶ
3244 4213 3461 4279 Ἰακὼϐ,
3522 4216 3615 4268 καὶ
3672 4215 3781 4267 τῶν

2210 4312 2490 4376 ἀνωτάτω,
2541 4312 2637 4364 καὶ
2685 4308 2849 4363 αὐτοῦ
2899 4307 3199 4371 Μωῦσέως,
3251 4307 3344 4360 καὶ
3406 4306 3635 4376 Ἀαρὼν,
3689 4307 3782 4356 καὶ

2223 4405 2419 4477 Ἰησοῦ.
2467 4403 2578 4467 Τάς
2615 4403 2671 4456 δὲ
2715 4401 2817 4472 τῆς
2864 4398 3235 4470 Πεντατεύχου
3264 4398 3481 4469 γραφάς
3513 4399 3611 4449 οὐκ
3641 4391 3779 4448 εἶναι

535 4503 672 4562 tant,
707 4505 761 4552 et
788 4497 893 4552 alia
926 4498 996 4553 ab
1031 4497 1099 4553 iis
1138 4499 1353 4553 diversa
1382 4513 1552 4569 penes
1589 4513 1648 4554 se
1681 4514 1803 4555 esse
1831 4499 2108 4570 jactitaut.

2172 4494 2491 4574 ,Μωῦσέως
2523 4489 2961 4562 δογματίζουσιν,
2991 4487 3152 4551 ἄλλας
3189 4486 3245 4538 δὲ
3279 4488 3410 4556 παρ’
3437 4484 3605 4547 αύτάς
3638 4483 3781 4554 ἔχειν

608 4678 901 4735 llerodiani
938 4694 1061 4733 cum
1100 4677 1316 4737 Judteos
1344 4682 1400 4736 in
1439 4685 1695 4739 omnibus
1730 4699 1850 4739 sese
1882 4690 2108 4754 prasta-

535 4778 692 4834 rent,
739 4767 1007 4825 Herodem
1037 4769 1316 4825 Christum
1350 4788 1472 4828 esse
1504 4775 1916 4844 profitebantur,
1950 4775 2109 4847 eique

535 4861 737 4918 Christi
769 4859 1084 4931 dignitatem
1123 4875 1186 4916 ac
1211 4876 1407 4918 nomen
1432 4864 1777 4934 allingebant.

606 4955 825 5011 Primus
862 4956 962 5010 iste
995 4963 1175 5010 tomus
1198 4964 1323 5022 est,
1354 4958 1449 5027 qui
1483 4959 1716 5015 haereses
1746 4975 1814 5013 xx
1845 4958 2106 5013 continet.

535 5045 598 5102 In
623 5047 816 5104 eodem
846 5047 914 5102 de
940 5044 1318 5106 lncarnatione
1349 5049 1577 5116 Christi,
1615 5066 1678 5107 ac
1710 5049 1958 5106 veritatis
1983 5063 2111 5118 p-ro-

541 5138 781 5196 fessione
799 5146 1074 5208 postremo
1115 5139 1232 5196 loco
1261 5139 1572 5198 disseritur.

618 5373 637 5405 ⁸
674 5375 784 5443 Γρ.
809 5376 1159 5448 ἀφηνιασται.

2215 4579 2664 4637 διαϐεϐαιοῦνται.

2293 4672 2629 4744 Ἦρωδιανοὶ,
2665 4671 2714 4723 οἳ
2759 4671 3002 4723 Ἰουδαῖοι
3054 4667 3150 4738 μὲν
3188 4662 3332 4737 ἦσαν
3385 4678 3526 4718 κατα
3581 4664 3777 4728 πάντα,

2225 4762 2470 4833 Ἡρώδην
2497 4761 2554 4814 δὲ
2589 4759 2821 4831 Χριστὸν
2860 4757 3220 4828 προσεδόκων,
3261 4756 3354 4808 καὶ
3393 4753 3568 4825 τούτῳ
3598 4754 3657 4808 τὸ
3685 4755 3780 4808 τοῦ

2215 4853 2450 4925 Χριστοῦ
2481 4853 2801 4906 ἀπεδίδοσαν
2823 4849 2989 4920 γέρας
3015 4848 3109 4902 καὶ
3136 4849 3324 4918 ὄνομα.

2284 4942 2450 5008 Οὗτος
2481 4945 2508 4996 ὁ
2534 4943 2747 5016 πρῶτος
2767 4942 2954 5011 τόμος,
2984 4940 3252 5011 περιέχων
3286 4937 3426 4992 κατά
3451 4937 3641 4991 πασῶν
3672 4936 3781 4990 τῶν

2214 5039 2385 5093 εἴκοσι
2413 5036 2616 5090 τούτων
2645 5035 2928 5106 αἱρέσεων.
2967 5034 3053 5086 Ἐν
3083 5030 3230 5102 αὐτῷ
3256 5031 3313 5084 δὲ
3342 5031 3436 5084 καὶ
3463 5032 3498 5102 ὴ
3531 5029 3658 5101 περὶ
3678 5030 3778 5099 τῆς

2214 5127 2450 5202 Χριστοῦ
2479 5126 2734 5198 ὲνδημίας
2759 5124 3033 5189 ὑπόθεσις,
3069 5123 3162 5177 καὶ
3189 5124 3222 5194 ή
3249 5122 3348 5194 τῆς
3371 5120 3629 5194 ἀληθείας
3650 5121 3780 5192 ὀμο-

2215 5221 2391 5290 λογία.
