  <div class='ocr_page' id='page_1' title='image "/cluster/home/n/w/nwhite01/storage/ocr_20150623/41/nnc1.0046978747/112.png"; bbox 0 0 4204 6370; ppageno 0'>
   <div class='ocr_carea' id='block_1_1' title="bbox 457 363 560 421">
    <p class='ocr_par' dir='ltr' id='par_1_1' title="bbox 457 363 560 421">
     <span class='ocr_line' id='line_1_1' title="bbox 457 363 560 421; baseline 0.019 -2"><span class='ocrx_word' id='word_1_1' title='bbox 457 363 560 421; x_wconf 75' lang='lat' dir='ltr'><strong>I73</strong></span> 
     </span>
    </p>
   </div>
   <div class='ocr_carea' id='block_1_2' title="bbox 3575 371 3680 426">
    <p class='ocr_par' dir='ltr' id='par_1_2' title="bbox 3575 371 3680 426">
     <span class='ocr_line' id='line_1_2' title="bbox 3575 371 3680 426; baseline 0.019 -2"><span class='ocrx_word' id='word_1_2' title='bbox 3575 371 3680 426; x_wconf 76' lang='grc'><strong>174</strong></span> 
     </span>
    </p>
   </div>
   <div class='ocr_carea' id='block_1_3' title="bbox 993 493 3683 531">
    <p class='ocr_par' dir='ltr' id='par_1_3' title="bbox 993 493 3683 531">
     <span class='ocr_line' id='line_1_3' title="bbox 993 493 3683 531; baseline 0.008 -21"><span class='ocrx_word' id='word_1_3' title='bbox 993 493 3683 531; x_wconf 53' lang='lat' dir='ltr'><strong>Wm—_</strong></span> <span class='ocrx_word' id='word_1_4' title='bbox 1382 508 1401 519; x_wconf 85' lang='grc'><strong>,,</strong></span> <span class='ocrx_word' id='word_1_5' title='bbox 1408 510 3187 530; x_wconf 75' lang='lat'><strong>__.____—.._._.___._—_—_____________</strong></span> 
     </span>
    </p>
   </div>
   <div class='ocr_carea' id='block_1_4' title="bbox 1199 736 2934 832">
    <p class='ocr_par' dir='ltr' id='par_1_4' title="bbox 1199 736 2934 832">
     <span class='ocr_line' id='line_1_4' title="bbox 1199 736 2934 832; baseline 0.005 -9"><span class='ocrx_word' id='word_1_6' title='bbox 1199 740 1427 825; x_wconf 89' lang='grc' dir='ltr'><strong>ΤΟΥ</strong></span> <span class='ocrx_word' id='word_1_7' title='bbox 1477 742 1619 826; x_wconf 87' lang='grc' dir='ltr'><strong>ΕΝ</strong></span> <span class='ocrx_word' id='word_1_8' title='bbox 1684 736 2047 827; x_wconf 88' lang='grc' dir='ltr'><strong>ΑΓΙΟΙΣ</strong></span> <span class='ocrx_word' id='word_1_9' title='bbox 2103 743 2534 831; x_wconf 90' lang='grc' dir='ltr'><strong>ΠΑΤΡΟΣ</strong></span> <span class='ocrx_word' id='word_1_10' title='bbox 2608 745 2934 832; x_wconf 89' lang='grc' dir='ltr'>ΗΜΩΝ</span> 
     </span>
    </p>
   </div>
   <div class='ocr_carea' id='block_1_5' title="bbox 1084 949 3050 1189">
    <p class='ocr_par' dir='ltr' id='par_1_5' title="bbox 1084 949 3050 1189">
     <span class='ocr_line' id='line_1_5' title="bbox 1084 949 3050 1189; baseline 0.002 -10"><span class='ocrx_word' id='word_1_11' title='bbox 1084 949 3050 1189; x_wconf 76' lang='grc' dir='ltr'><strong>ΕΠΙΦΑΝΙΟΥ</strong></span> 
     </span>
    </p>
   </div>
   <div class='ocr_carea' id='block_1_6' title="bbox 1345 1273 2804 1330">
    <p class='ocr_par' dir='ltr' id='par_1_6' title="bbox 1345 1273 2804 1330">
     <span class='ocr_line' id='line_1_6' title="bbox 1345 1273 2804 1330; baseline 0.003 -6"><span class='ocrx_word' id='word_1_12' title='bbox 1345 1273 1744 1327; x_wconf 80' lang='grc' dir='ltr'><strong>ΕΠΙΣΚΟΠΟΥ</strong></span> <span class='ocrx_word' id='word_1_13' title='bbox 1775 1273 2302 1329; x_wconf 87' lang='grc' dir='ltr'><strong>ΚΩΝΣΤΑΝΤΕΙΑΣ</strong></span> <span class='ocrx_word' id='word_1_14' title='bbox 2352 1275 2486 1327; x_wconf 83' lang='grc' dir='ltr'><strong>ΤΗΣ</strong></span> <span class='ocrx_word' id='word_1_15' title='bbox 2517 1276 2804 1330; x_wconf 85' lang='grc' dir='ltr'><strong>ΚΥΠΡΟΥ</strong></span> 
     </span>
    </p>
   </div>
   <div class='ocr_carea' id='block_1_7' title="bbox 773 1436 3382 1583">
    <p class='ocr_par' dir='ltr' id='par_1_7' title="bbox 773 1436 3382 1583">
     <span class='ocr_line' id='line_1_7' title="bbox 773 1436 3382 1583; baseline 0.004 -12"><span class='ocrx_word' id='word_1_16' title='bbox 773 1436 1235 1573; x_wconf 85' lang='grc' dir='ltr'><strong>ΚΑΤΑ</strong></span> <span class='ocrx_word' id='word_1_17' title='bbox 1305 1442 2106 1575; x_wconf 86' lang='grc' dir='ltr'><strong>ΑΙΡΕΣΕΩΝ</strong></span> <span class='ocrx_word' id='word_1_18' title='bbox 2150 1552 2153 1553; x_wconf 40' lang='grc' dir='ltr'><em>κ</em></span> <span class='ocrx_word' id='word_1_19' title='bbox 2205 1445 3382 1583; x_wconf 83' lang='grc' dir='ltr'><strong>ΟΓΔΟΗΚΟΝΤΑ</strong></span> 
     </span>
    </p>
   </div>
   <div class='ocr_carea' id='block_1_8' title="bbox 1804 1679 2363 1733">
    <p class='ocr_par' dir='ltr' id='par_1_8' title="bbox 1804 1679 2363 1733">
     <span class='ocr_line' id='line_1_8' title="bbox 1804 1679 2363 1733; baseline 0.007 -4"><span class='ocrx_word' id='word_1_20' title='bbox 1804 1681 1890 1730; x_wconf 89' lang='lat' dir='ltr'><strong>T0</strong></span> <span class='ocrx_word' id='word_1_21' title='bbox 1927 1679 2363 1733; x_wconf 81' lang='grc' dir='ltr'><strong>ΕΠῙΚΛΗΘΕΝ</strong></span> 
     </span>
    </p>
   </div>
   <div class='ocr_carea' id='block_1_9' title="bbox 1352 1841 2827 1933">
    <p class='ocr_par' dir='ltr' id='par_1_9' title="bbox 1352 1841 2827 1933">
     <span class='ocr_line' id='line_1_9' title="bbox 1352 1841 2827 1933; baseline 0.003 -5"><span class='ocrx_word' id='word_1_22' title='bbox 1352 1841 1900 1928; x_wconf 79' lang='grc' dir='ltr'><strong>ΠΑΝΑΡΙΟΣ</strong></span> <span class='ocrx_word' id='word_1_23' title='bbox 1948 1868 2077 1919; x_wconf 87' lang='lat' dir='ltr'><strong>ElT’</strong></span> <span class='ocrx_word' id='word_1_24' title='bbox 2114 1867 2254 1921; x_wconf 80' lang='lat' dir='ltr'><strong>orN</strong></span> <span class='ocrx_word' id='word_1_25' title='bbox 2290 1844 2827 1933; x_wconf 73' lang='grc' dir='ltr'><strong>ΚΙΒΩΤΙΟΣ.</strong></span> 
     </span>
    </p>
   </div>
   <div class='ocr_carea' id='block_1_10' title="bbox 1092 2208 3089 2395">
    <p class='ocr_par' dir='ltr' id='par_1_10' title="bbox 1092 2208 3089 2395">
     <span class='ocr_line' id='line_1_10' title="bbox 1092 2208 3089 2395; baseline 0.002 -10"><span class='ocrx_word' id='word_1_26' title='bbox 1092 2208 1261 2385; x_wconf 87' lang='lat' dir='ltr'><strong>S.</strong></span> <span class='ocrx_word' id='word_1_27' title='bbox 1369 2215 1564 2383; x_wconf 88' lang='grc' dir='ltr'><strong>Ρ.</strong></span> <span class='ocrx_word' id='word_1_28' title='bbox 1669 2216 1866 2387; x_wconf 90' lang='grc' dir='ltr'><strong>Ν.</strong></span> <span class='ocrx_word' id='word_1_29' title='bbox 1973 2210 3089 2395; x_wconf 87' lang='grc' dir='ltr'><strong>ΕΡΙΡΗΑΝΙΙ</strong></span> 
     </span>
    </p>
   </div>
   <div class='ocr_carea' id='block_1_11' title="bbox 1298 2504 2851 2574">
    <p class='ocr_par' dir='ltr' id='par_1_11' title="bbox 1298 2504 2851 2574">
     <span class='ocr_line' id='line_1_11' title="bbox 1298 2504 2851 2574; baseline 0.006 -19"><span class='ocrx_word' id='word_1_30' title='bbox 1298 2504 1765 2562; x_wconf 70' lang='grc' dir='ltr'><strong>(ἸΟΝΞΤΑΝΤΙᾹΞ</strong></span> <span class='ocrx_word' id='word_1_31' title='bbox 1806 2507 1971 2574; x_wconf 72' lang='lat' dir='ltr'><strong>QUAE</strong></span> <span class='ocrx_word' id='word_1_32' title='bbox 2007 2508 2071 2561; x_wconf 84' lang='lat' dir='ltr'><strong>IN</strong></span> <span class='ocrx_word' id='word_1_33' title='bbox 2102 2508 2327 2565; x_wconf 79' lang='lat' dir='ltr'><strong>CYPRO</strong></span> <span class='ocrx_word' id='word_1_34' title='bbox 2367 2508 2498 2566; x_wconf 87' lang='lat' dir='ltr'><strong>EST</strong></span> <span class='ocrx_word' id='word_1_35' title='bbox 2538 2508 2851 2565; x_wconf 77' lang='lat' dir='ltr'><strong>EPISCOI’!</strong></span> 
     </span>
    </p>
   </div>
   <div class='ocr_carea' id='block_1_12' title="bbox 732 2679 3423 2820">
    <p class='ocr_par' dir='ltr' id='par_1_12' title="bbox 732 2679 3423 2820">
     <span class='ocr_line' id='line_1_12' title="bbox 732 2679 3423 2820; baseline 0.004 -13"><span class='ocrx_word' id='word_1_36' title='bbox 732 2679 1569 2815; x_wconf 82' lang='lat' dir='ltr'><strong>ADVERSUS</strong></span> <span class='ocrx_word' id='word_1_37' title='bbox 1664 2688 2575 2816; x_wconf 85' lang='lat' dir='ltr'><strong>OCTOGINTA</strong></span> <span class='ocrx_word' id='word_1_38' title='bbox 2669 2690 3423 2820; x_wconf 55' lang='lat' dir='ltr'><strong>HjERESES</strong></span> 
     </span>
    </p>
   </div>
   <div class='ocr_carea' id='block_1_13' title="bbox 1598 2921 2563 2989">
    <p class='ocr_par' dir='ltr' id='par_1_13' title="bbox 1598 2921 2563 2989">
     <span class='ocr_line' id='line_1_13' title="bbox 1598 2921 2563 2989; baseline 0.002 -12"><span class='ocrx_word' id='word_1_39' title='bbox 1598 2921 1783 2977; x_wconf 81' lang='lat' dir='ltr'><strong><em>OPUS</em></strong></span> <span class='ocrx_word' id='word_1_40' title='bbox 1823 2922 2025 2989; x_wconf 85' lang='lat' dir='ltr'><strong>QUOD</strong></span> <span class='ocrx_word' id='word_1_41' title='bbox 2079 2922 2563 2980; x_wconf 80' lang='lat' dir='ltr'><strong>INSCRIBITUR</strong></span> 
     </span>
    </p>
   </div>
   <div class='ocr_carea' id='block_1_14' title="bbox 1297 3095 2861 3206">
    <p class='ocr_par' dir='ltr' id='par_1_14' title="bbox 1297 3095 2861 3206">
     <span class='ocr_line' id='line_1_14' title="bbox 1297 3095 2861 3206; baseline 0.003 -8"><span class='ocrx_word' id='word_1_42' title='bbox 1297 3095 1975 3201; x_wconf 82' lang='lat' dir='ltr'><strong>PANARIUM</strong></span> <span class='ocrx_word' id='word_1_43' title='bbox 2071 3148 2223 3203; x_wconf 77' lang='lat' dir='ltr'><strong>sm:</strong></span> <span class='ocrx_word' id='word_1_44' title='bbox 2316 3099 2861 3206; x_wconf 79' lang='lat' dir='ltr'><strong>ARCULA.</strong></span> 
     </span>
    </p>
   </div>
   <div class='ocr_carea' id='block_1_15' title="bbox 1353 3303 2806 3385">
    <p class='ocr_par' dir='ltr' id='par_1_15' title="bbox 1353 3303 2806 3385">
     <span class='ocr_line' id='line_1_15' title="bbox 1353 3303 2806 3385; baseline 0.003 -22"><span class='ocrx_word' id='word_1_45' title='bbox 1353 3303 1644 3383; x_wconf 79' lang='lat' dir='ltr'><strong>Dionysio</strong></span> <span class='ocrx_word' id='word_1_46' title='bbox 1663 3304 1913 3364; x_wconf 86' lang='lat' dir='ltr'><strong>Petavio</strong></span> <span class='ocrx_word' id='word_1_47' title='bbox 1937 3305 2260 3366; x_wconf 84' lang='lat' dir='ltr'><strong>Societatis</strong></span> <span class='ocrx_word' id='word_1_48' title='bbox 2282 3308 2315 3367; x_wconf 79' lang='grc' dir='ltr'>,Ι</span> <span class='ocrx_word' id='word_1_49' title='bbox 2319 3324 2429 3367; x_wconf 90' lang='lat' dir='ltr'><strong>esu</strong></span> <span class='ocrx_word' id='word_1_50' title='bbox 2449 3306 2806 3385; x_wconf 79' lang='lat' dir='ltr'><strong>interprete.</strong></span> 
     </span>
    </p>
   </div>
   <div class='ocr_carea' id='block_1_16' title="bbox 1556 3642 2605 3734">
    <p class='ocr_par' dir='ltr' id='par_1_16' title="bbox 1556 3642 2605 3734">
     <span class='ocr_line' id='line_1_16' title="bbox 1556 3642 2605 3734; baseline -0.001 -6"><span class='ocrx_word' id='word_1_51' title='bbox 1556 3643 1877 3729; x_wconf 80' lang='lat' dir='ltr'><strong>LIBRI</strong></span> <span class='ocrx_word' id='word_1_52' title='bbox 1959 3644 1992 3728; x_wconf 92' lang='grc' dir='ltr'>Ι</span> <span class='ocrx_word' id='word_1_53' title='bbox 2052 3642 2455 3734; x_wconf 92' lang='lat' dir='ltr'><strong>TOMUS</strong></span> <span class='ocrx_word' id='word_1_54' title='bbox 2527 3643 2605 3728; x_wconf 91' lang='grc' dir='ltr'><strong>Ι.</strong></span> 
     </span>
    </p>
   </div>
   <div class='ocr_carea' id='block_1_17' title="bbox 532 3830 2192 3909">
    <p class='ocr_par' dir='ltr' id='par_1_17' title="bbox 532 3831 2104 3906">
     <span class='ocr_line' id='line_1_17' title="bbox 532 3831 2104 3906; baseline -0.004 -16"><span class='ocrx_word' id='word_1_55' title='bbox 532 3838 610 3890; x_wconf 79' lang='lat' dir='ltr'><strong>A&#39;.</strong></span> <span class='ocrx_word' id='word_1_56' title='bbox 653 3834 974 3906; x_wconf 83' lang='grc' dir='ltr'>Ἀρχόμενος</span> <span class='ocrx_word' id='word_1_57' title='bbox 995 3832 1176 3885; x_wconf 84' lang='grc' dir='ltr'>πίστιν</span> <span class='ocrx_word' id='word_1_58' title='bbox 1202 3848 1261 3883; x_wconf 88' lang='grc' dir='ltr'><strong>τε</strong></span> <span class='ocrx_word' id='word_1_59' title='bbox 1284 3831 1377 3884; x_wconf 75' lang='grc' dir='ltr'><strong>καὶ</strong></span> <span class='ocrx_word' id='word_1_60' title='bbox 1406 3832 1678 3895; x_wconf 78' lang='grc' dir='ltr'>ἀπιστίαν,</span> <span class='ocrx_word' id='word_1_61' title='bbox 1699 3831 1937 3895; x_wconf 81' lang='grc' dir='ltr'>εὐδοξίαν</span> <span class='ocrx_word' id='word_1_62' title='bbox 1969 3848 2027 3884; x_wconf 87' lang='grc' dir='ltr'><strong>τε</strong></span> <span class='ocrx_word' id='word_1_63' title='bbox 2056 3847 2104 3903; x_wconf 69' lang='grc' dir='ltr'><strong>Α</strong></span> 
     </span>
    </p>
   </div>
   <div class='ocr_carea' id='block_1_18' title="bbox 2038 3830 3698 3909">
    <p class='ocr_par' dir='ltr' id='par_1_18' title="bbox 2056 3830 3698 3909">
     <span class='ocr_line' id='line_1_18' title="bbox 2056 3830 3698 3909; baseline 0.009 -26"><span class='ocrx_word' id='word_1_64' title='bbox 2056 3847 2104 3903; x_wconf 68' lang='grc' dir='ltr'>Α</span> <span class='ocrx_word' id='word_1_65' title='bbox 2205 3832 2248 3900; x_wconf 83' lang='grc' dir='ltr'><strong>ι</strong></span> <span class='ocrx_word' id='word_1_66' title='bbox 2277 3830 2317 3886; x_wconf 92' lang='lat' dir='ltr'><strong>I.</strong></span> <span class='ocrx_word' id='word_1_67' title='bbox 2337 3832 2645 3886; x_wconf 90' lang='lat' dir='ltr'><strong>Instituenti</strong></span> <span class='ocrx_word' id='word_1_68' title='bbox 2684 3832 2817 3887; x_wconf 91' lang='lat' dir='ltr'><strong>mihi</strong></span> <span class='ocrx_word' id='word_1_69' title='bbox 2837 3832 2905 3888; x_wconf 92' lang='lat' dir='ltr'><strong>de</strong></span> <span class='ocrx_word' id='word_1_70' title='bbox 2922 3832 3025 3888; x_wconf 86' lang='lat' dir='ltr'><strong>ﬁde</strong></span> <span class='ocrx_word' id='word_1_71' title='bbox 3042 3835 3265 3904; x_wconf 87' lang='lat' dir='ltr'><strong>pariter,</strong></span> <span class='ocrx_word' id='word_1_72' title='bbox 3288 3845 3344 3892; x_wconf 80' lang='lat' dir='ltr'><strong>et</strong></span> <span class='ocrx_word' id='word_1_73' title='bbox 3364 3837 3698 3909; x_wconf 82' lang='lat' dir='ltr'><strong>inﬁdelitate,</strong></span> 
     </span>
    </p>
   </div>
   <div class='ocr_carea' id='block_1_19' title="bbox 461 3922 2027 3998">
    <p class='ocr_par' dir='ltr' id='par_1_19' title="bbox 461 3922 2027 3998">
     <span class='ocr_line' id='line_1_19' title="bbox 461 3922 2027 3998; baseline -0.004 -16"><span class='ocrx_word' id='word_1_74' title='bbox 461 3928 556 3983; x_wconf 77' lang='grc' dir='ltr'>καὶ</span> <span class='ocrx_word' id='word_1_75' title='bbox 584 3926 914 3998; x_wconf 76' lang='grc' dir='ltr'>ὲτεροδοξίαν</span> <span class='ocrx_word' id='word_1_76' title='bbox 944 3923 1292 3992; x_wconf 83' lang='grc' dir='ltr'>ἀναγγέλλειν</span> <span class='ocrx_word' id='word_1_77' title='bbox 1312 3940 1370 3974; x_wconf 88' lang='grc' dir='ltr'><strong>τε</strong></span> <span class='ocrx_word' id='word_1_78' title='bbox 1396 3923 1488 3975; x_wconf 73' lang='grc' dir='ltr'><strong>καὶ</strong></span> <span class='ocrx_word' id='word_1_79' title='bbox 1504 3922 1697 3991; x_wconf 81' lang='grc' dir='ltr'>λέγειν,</span> <span class='ocrx_word' id='word_1_80' title='bbox 1726 3923 2027 3995; x_wconf 83' lang='grc' dir='ltr'>μνησθήσο-</span> 
     </span>
    </p>
   </div>
   <div class='ocr_carea' id='block_1_20' title="bbox 465 4013 2029 4089">
    <p class='ocr_par' dir='ltr' id='par_1_20' title="bbox 465 4013 2029 4089">
     <span class='ocr_line' id='line_1_20' title="bbox 465 4013 2029 4089; baseline -0.004 -18"><span class='ocrx_word' id='word_1_81' title='bbox 465 4036 561 4089; x_wconf 86' lang='grc' dir='ltr'><strong>μαι</strong></span> <span class='ocrx_word' id='word_1_82' title='bbox 595 4018 694 4086; x_wconf 82' lang='grc' dir='ltr'>τῆς</span> <span class='ocrx_word' id='word_1_83' title='bbox 727 4016 897 4087; x_wconf 82' lang='grc' dir='ltr'>ἀρχῆς</span> <span class='ocrx_word' id='word_1_84' title='bbox 937 4015 1035 4085; x_wconf 83' lang='grc' dir='ltr'>τῆς</span> <span class='ocrx_word' id='word_1_85' title='bbox 1067 4014 1160 4066; x_wconf 91' lang='grc' dir='ltr'><strong>τοῦ</strong></span> <span class='ocrx_word' id='word_1_86' title='bbox 1204 4014 1406 4083; x_wconf 83' lang='grc' dir='ltr'>κόσμου</span> <span class='ocrx_word' id='word_1_87' title='bbox 1446 4013 1747 4082; x_wconf 75' lang='grc' dir='ltr'>καταϐολῆς</span> <span class='ocrx_word' id='word_1_88' title='bbox 1778 4014 1870 4067; x_wconf 80' lang='grc' dir='ltr'><strong>καὶ</strong></span> <span class='ocrx_word' id='word_1_89' title='bbox 1901 4015 2029 4066; x_wconf 82' lang='grc' dir='ltr'>ἁκο-</span> 
     </span>
    </p>
   </div>
   <div class='ocr_carea' id='block_1_21' title="bbox 461 4103 2028 4174">
    <p class='ocr_par' dir='ltr' id='par_1_21' title="bbox 461 4103 2028 4174">
     <span class='ocr_line' id='line_1_21' title="bbox 461 4103 2028 4174; baseline -0.004 -13"><span class='ocrx_word' id='word_1_90' title='bbox 461 4108 705 4171; x_wconf 81' lang='grc' dir='ltr'>λουθίας,</span> <span class='ocrx_word' id='word_1_91' title='bbox 766 4107 826 4160; x_wconf 79' lang='grc' dir='ltr'><strong>οὐ</strong></span> <span class='ocrx_word' id='word_1_92' title='bbox 865 4105 953 4158; x_wconf 77' lang='grc' dir='ltr'>διὰ</span> <span class='ocrx_word' id='word_1_93' title='bbox 1030 4108 1128 4173; x_wconf 81' lang='grc' dir='ltr'>τῆς</span> <span class='ocrx_word' id='word_1_94' title='bbox 1195 4103 1388 4156; x_wconf 81' lang='grc' dir='ltr'>ἑαυτοῦ</span> <span class='ocrx_word' id='word_1_95' title='bbox 1464 4104 1480 4135; x_wconf 76' lang='grc'><strong>⁸</strong></span> <span class='ocrx_word' id='word_1_96' title='bbox 1538 4104 1848 4174; x_wconf 86' lang='grc' dir='ltr'>δυνάμεως,</span> <span class='ocrx_word' id='word_1_97' title='bbox 1909 4104 2028 4156; x_wconf 82' lang='grc' dir='ltr'>οὐδὲ</span> 
     </span>
    </p>
   </div>
   <div class='ocr_carea' id='block_1_22' title="bbox 462 4195 2028 4266">
    <p class='ocr_par' dir='ltr' id='par_1_22' title="bbox 462 4195 2028 4266">
     <span class='ocr_line' id='line_1_22' title="bbox 462 4195 2028 4266; baseline -0.006 -11"><span class='ocrx_word' id='word_1_98' title='bbox 462 4203 566 4255; x_wconf 83' lang='grc' dir='ltr'><strong>ὑπὸ</strong></span> <span class='ocrx_word' id='word_1_99' title='bbox 635 4203 655 4232; x_wconf 86' lang='grc'>¹</span> <span class='ocrx_word' id='word_1_100' title='bbox 726 4200 867 4252; x_wconf 81' lang='grc' dir='ltr'>ἰδίων</span> <span class='ocrx_word' id='word_1_101' title='bbox 932 4196 1209 4266; x_wconf 80' lang='grc' dir='ltr'>λογισμῶν</span> <span class='ocrx_word' id='word_1_102' title='bbox 1284 4195 1634 4265; x_wconf 80' lang='grc' dir='ltr'>ὁρμώμενος,</span> <span class='ocrx_word' id='word_1_103' title='bbox 1702 4195 1815 4249; x_wconf 86' lang='grc' dir='ltr'>ἀλλ’</span> <span class='ocrx_word' id='word_1_104' title='bbox 1875 4196 1949 4258; x_wconf 83' lang='grc' dir='ltr'>ὡς</span> <span class='ocrx_word' id='word_1_105' title='bbox 2000 4196 2028 4246; x_wconf 87' lang='grc' dir='ltr'>ὁ</span> 
     </span>
    </p>
   </div>
   <div class='ocr_carea' id='block_1_23' title="bbox 461 4286 2028 4357">
    <p class='ocr_par' dir='ltr' id='par_1_23' title="bbox 461 4286 2028 4357">
     <span class='ocr_line' id='line_1_23' title="bbox 461 4286 2028 4357; baseline -0.004 -13"><span class='ocrx_word' id='word_1_106' title='bbox 461 4292 594 4357; x_wconf 65' lang='grc' dir='ltr'>Θεὸς</span> <span class='ocrx_word' id='word_1_107' title='bbox 642 4291 669 4342; x_wconf 86' lang='grc' dir='ltr'><strong>ό</strong></span> <span class='ocrx_word' id='word_1_108' title='bbox 719 4290 933 4342; x_wconf 85' lang='grc' dir='ltr'>πάντων</span> <span class='ocrx_word' id='word_1_109' title='bbox 979 4287 1242 4356; x_wconf 79' lang='grc' dir='ltr'><strong>δεσπότης</strong></span> <span class='ocrx_word' id='word_1_110' title='bbox 1286 4288 1378 4339; x_wconf 79' lang='grc' dir='ltr'><strong>καὶ</strong></span> <span class='ocrx_word' id='word_1_111' title='bbox 1424 4288 1667 4357; x_wconf 79' lang='grc' dir='ltr'><strong>ἐλεήμων</strong></span> <span class='ocrx_word' id='word_1_112' title='bbox 1715 4286 2028 4355; x_wconf 69' lang='grc' dir='ltr'>ἁπεκὰλυψε</span> 
     </span>
    </p>
   </div>
   <div class='ocr_carea' id='block_1_24' title="bbox 462 4377 2027 4455">
    <p class='ocr_par' dir='ltr' id='par_1_24' title="bbox 462 4377 2027 4455">
     <span class='ocr_line' id='line_1_24' title="bbox 462 4377 2027 4455; baseline -0.003 -21"><span class='ocrx_word' id='word_1_113' title='bbox 462 4385 574 4445; x_wconf 84' lang='grc' dir='ltr'>τοῖς</span> <span class='ocrx_word' id='word_1_114' title='bbox 608 4381 798 4434; x_wconf 80' lang='grc' dir='ltr'>ἑαυτοῦ</span> <span class='ocrx_word' id='word_1_115' title='bbox 832 4382 1157 4450; x_wconf 68' lang='grc' dir='ltr'>προφήταις,</span> <span class='ocrx_word' id='word_1_116' title='bbox 1195 4379 1286 4455; x_wconf 77' lang='grc' dir='ltr'><strong>καὶ</strong></span> <span class='ocrx_word' id='word_1_117' title='bbox 1318 4378 1386 4431; x_wconf 80' lang='grc' dir='ltr'>δι’</span> <span class='ocrx_word' id='word_1_118' title='bbox 1418 4378 1596 4431; x_wconf 79' lang='grc' dir='ltr'>αὐτῶν</span> <span class='ocrx_word' id='word_1_119' title='bbox 1631 4380 1779 4448; x_wconf 83' lang='grc' dir='ltr'>ἡμᾶς</span> <span class='ocrx_word' id='word_1_120' title='bbox 1811 4379 1907 4448; x_wconf 81' lang='grc' dir='ltr'><strong>τῆς</strong></span> <span class='ocrx_word' id='word_1_121' title='bbox 1934 4377 2027 4429; x_wconf 91' lang='grc' dir='ltr'><strong>τοῦ</strong></span> 
     </span>
    </p>
   </div>
   <div class='ocr_carea' id='block_1_25' title="bbox 462 4468 2027 4539">
    <p class='ocr_par' dir='ltr' id='par_1_25' title="bbox 462 4468 2027 4539">
     <span class='ocr_line' id='line_1_25' title="bbox 462 4468 2027 4539; baseline -0.003 -14"><span class='ocrx_word' id='word_1_122' title='bbox 462 4473 660 4534; x_wconf 77' lang='grc' dir='ltr'>παντὸς</span> <span class='ocrx_word' id='word_1_123' title='bbox 688 4470 938 4538; x_wconf 84' lang='grc' dir='ltr'>γνώσεως</span> <span class='ocrx_word' id='word_1_124' title='bbox 969 4470 1107 4522; x_wconf 85' lang='grc' dir='ltr'>κατὰ</span> <span class='ocrx_word' id='word_1_125' title='bbox 1132 4469 1193 4521; x_wconf 87' lang='grc' dir='ltr'>τὸ</span> <span class='ocrx_word' id='word_1_126' title='bbox 1224 4468 1500 4539; x_wconf 76' lang='grc' dir='ltr'><strong>ἐγχωροῦν</strong></span> <span class='ocrx_word' id='word_1_127' title='bbox 1525 4468 1839 4539; x_wconf 73' lang='grc' dir='ltr'>ἀνθρωπεία</span> <span class='ocrx_word' id='word_1_128' title='bbox 1870 4470 2027 4538; x_wconf 71' lang='grc' dir='ltr'>φύσει</span> 
     </span>
    </p>
   </div>
   <div class='ocr_carea' id='block_1_26' title="bbox 462 4558 2031 4646">
    <p class='ocr_par' dir='ltr' id='par_1_26' title="bbox 462 4558 2031 4646">
     <span class='ocr_line' id='line_1_26' title="bbox 462 4558 2031 4646; baseline -0.001 -31"><span class='ocrx_word' id='word_1_129' title='bbox 462 4562 787 4633; x_wconf 81' lang='grc' dir='ltr'>κατηξίωσε.</span> <span class='ocrx_word' id='word_1_130' title='bbox 838 4562 947 4613; x_wconf 74' lang='grc' dir='ltr'>Καὶ</span> <span class='ocrx_word' id='word_1_131' title='bbox 978 4561 1275 4646; x_wconf 78' lang='grc' dir='ltr'>ἀρχόμενος</span> <span class='ocrx_word' id='word_1_132' title='bbox 1304 4560 1432 4627; x_wconf 80' lang='grc' dir='ltr'>περὶ</span> <span class='ocrx_word' id='word_1_133' title='bbox 1472 4558 1674 4611; x_wconf 85' lang='grc' dir='ltr'>τούτων</span> <span class='ocrx_word' id='word_1_134' title='bbox 1716 4559 1877 4622; x_wconf 84' lang='grc' dir='ltr'>εὐθὺς</span> <span class='ocrx_word' id='word_1_135' title='bbox 1918 4560 2031 4613; x_wconf 88' lang='grc' dir='ltr'>δια-</span> 
     </span>
    </p>
   </div>
   <div class='ocr_carea' id='block_1_27' title="bbox 466 4648 2031 4722">
    <p class='ocr_par' dir='ltr' id='par_1_27' title="bbox 466 4648 2031 4722">
     <span class='ocr_line' id='line_1_27' title="bbox 466 4648 2031 4722; baseline -0.003 -16"><span class='ocrx_word' id='word_1_136' title='bbox 466 4652 707 4715; x_wconf 86' lang='grc' dir='ltr'>σκοπεῖν,</span> <span class='ocrx_word' id='word_1_137' title='bbox 741 4650 955 4722; x_wconf 86' lang='grc' dir='ltr'>πρῶτον</span> <span class='ocrx_word' id='word_1_138' title='bbox 986 4652 1082 4720; x_wconf 85' lang='grc' dir='ltr'><strong>μὲν</strong></span> <span class='ocrx_word' id='word_1_139' title='bbox 1113 4652 1210 4703; x_wconf 82' lang='grc' dir='ltr'><strong>οὐκ</strong></span> <span class='ocrx_word' id='word_1_140' title='bbox 1243 4652 1299 4701; x_wconf 81' lang='grc' dir='ltr'><strong>ἐν</strong></span> <span class='ocrx_word' id='word_1_141' title='bbox 1347 4648 1525 4719; x_wconf 83' lang='grc' dir='ltr'>μικρῷ</span> <span class='ocrx_word' id='word_1_142' title='bbox 1569 4650 1740 4716; x_wconf 85' lang='grc' dir='ltr'>ἀγῶνι</span> <span class='ocrx_word' id='word_1_143' title='bbox 1780 4649 2031 4703; x_wconf 84' lang='grc' dir='ltr'>καθίστα-</span> 
     </span>
    </p>
   </div>
   <div class='ocr_carea' id='block_1_28' title="bbox 466 4740 2030 4815">
    <p class='ocr_par' dir='ltr' id='par_1_28' title="bbox 466 4740 2030 4815">
     <span class='ocr_line' id='line_1_28' title="bbox 466 4740 2030 4815; baseline -0.003 -18"><span class='ocrx_word' id='word_1_144' title='bbox 466 4763 583 4815; x_wconf 90' lang='grc' dir='ltr'>μαι,</span> <span class='ocrx_word' id='word_1_145' title='bbox 633 4744 767 4797; x_wconf 80' lang='grc' dir='ltr'>ἀλλὰ</span> <span class='ocrx_word' id='word_1_146' title='bbox 809 4744 903 4795; x_wconf 74' lang='grc' dir='ltr'>καὶ</span> <span class='ocrx_word' id='word_1_147' title='bbox 952 4742 1152 4810; x_wconf 74' lang='grc' dir='ltr'>σφόδρα</span> <span class='ocrx_word' id='word_1_148' title='bbox 1202 4740 1369 4806; x_wconf 83' lang='grc' dir='ltr'>δέδια,</span> <span class='ocrx_word' id='word_1_149' title='bbox 1416 4740 1833 4810; x_wconf 81' lang='grc' dir='ltr'>ἐπιϐαλλόμενος</span> <span class='ocrx_word' id='word_1_150' title='bbox 1886 4741 2030 4812; x_wconf 75' lang='grc' dir='ltr'>ἔργῳ</span> 
     </span>
    </p>
   </div>
   <div class='ocr_carea' id='block_1_29' title="bbox 462 4833 2029 4906">
    <p class='ocr_par' dir='ltr' id='par_1_29' title="bbox 462 4833 2029 4906">
     <span class='ocr_line' id='line_1_29' title="bbox 462 4833 2029 4906; baseline -0.002 -17"><span class='ocrx_word' id='word_1_151' title='bbox 462 4838 521 4889; x_wconf 81' lang='grc' dir='ltr'><strong>οὐ</strong></span> <span class='ocrx_word' id='word_1_152' title='bbox 551 4836 630 4906; x_wconf 82' lang='grc' dir='ltr'>τῷ</span> <span class='ocrx_word' id='word_1_153' title='bbox 656 4836 890 4906; x_wconf 85' lang='grc' dir='ltr'>τυχόντι.</span> <span class='ocrx_word' id='word_1_154' title='bbox 939 4835 1050 4886; x_wconf 80' lang='grc' dir='ltr'>Καὶ</span> <span class='ocrx_word' id='word_1_155' title='bbox 1078 4833 1445 4903; x_wconf 82' lang='grc' dir='ltr'>ἐπικαλοῦμαι</span> <span class='ocrx_word' id='word_1_156' title='bbox 1492 4834 1653 4886; x_wconf 78' lang='grc' dir='ltr'>αὐτὸν</span> <span class='ocrx_word' id='word_1_157' title='bbox 1693 4834 1782 4886; x_wconf 87' lang='grc' dir='ltr'><strong>τὸν</strong></span> <span class='ocrx_word' id='word_1_158' title='bbox 1817 4833 1971 4901; x_wconf 78' lang='grc' dir='ltr'>ἅγιον</span> <span class='ocrx_word' id='word_1_159' title='bbox 2009 4836 2029 4865; x_wconf 81' lang='grc'><strong>³</strong></span> 
     </span>
    </p>
   </div>
   <div class='ocr_carea' id='block_1_30' title="bbox 462 4922 2029 4994">
    <p class='ocr_par' dir='ltr' id='par_1_30' title="bbox 462 4922 2029 4994">
     <span class='ocr_line' id='line_1_30' title="bbox 462 4922 2029 4994; baseline -0.003 -15"><span class='ocrx_word' id='word_1_160' title='bbox 462 4928 556 4979; x_wconf 74' lang='grc' dir='ltr'><strong>καὶ</strong></span> <span class='ocrx_word' id='word_1_161' title='bbox 585 4926 674 4977; x_wconf 81' lang='grc' dir='ltr'><strong>τὸν</strong></span> <span class='ocrx_word' id='word_1_162' title='bbox 710 4924 971 4994; x_wconf 80' lang='grc' dir='ltr'>μονογενῆ</span> <span class='ocrx_word' id='word_1_163' title='bbox 1007 4922 1170 4976; x_wconf 85' lang='grc' dir='ltr'>αὐτοῦ</span> <span class='ocrx_word' id='word_1_164' title='bbox 1204 4922 1370 4976; x_wconf 81' lang='grc' dir='ltr'>παῖδα</span> <span class='ocrx_word' id='word_1_165' title='bbox 1415 4922 1617 4993; x_wconf 78' lang='grc' dir='ltr'>Ἰησοῦν</span> <span class='ocrx_word' id='word_1_166' title='bbox 1655 4922 1907 4993; x_wconf 75' lang='grc' dir='ltr'>Χριστὸν,</span> <span class='ocrx_word' id='word_1_167' title='bbox 1937 4924 2029 4975; x_wconf 73' lang='grc' dir='ltr'><strong>καὶ</strong></span> 
     </span>
    </p>
   </div>
   <div class='ocr_carea' id='block_1_31' title="bbox 460 5013 2030 5087">
    <p class='ocr_par' dir='ltr' id='par_1_31' title="bbox 460 5013 2030 5087">
     <span class='ocr_line' id='line_1_31' title="bbox 460 5013 2030 5087; baseline 0 -21"><span class='ocrx_word' id='word_1_168' title='bbox 460 5016 522 5066; x_wconf 76' lang='grc' dir='ltr'><strong>τὸ</strong></span> <span class='ocrx_word' id='word_1_169' title='bbox 561 5016 714 5081; x_wconf 81' lang='grc' dir='ltr'>ἆγιον</span> <span class='ocrx_word' id='word_1_170' title='bbox 757 5013 921 5068; x_wconf 83' lang='grc' dir='ltr'>αὐτοῦ</span> <span class='ocrx_word' id='word_1_171' title='bbox 956 5014 1198 5085; x_wconf 86' lang='grc' dir='ltr'>Πνεῦμα,</span> <span class='ocrx_word' id='word_1_172' title='bbox 1236 5015 1383 5076; x_wconf 84' lang='grc' dir='ltr'>ὅπως</span> <span class='ocrx_word' id='word_1_173' title='bbox 1428 5015 1745 5087; x_wconf 85' lang='grc' dir='ltr'>καταυγάσῃ</span> <span class='ocrx_word' id='word_1_174' title='bbox 1775 5015 1871 5084; x_wconf 84' lang='grc' dir='ltr'><strong>τῆς</strong></span> <span class='ocrx_word' id='word_1_175' title='bbox 1897 5015 2030 5084; x_wconf 84' lang='grc' dir='ltr'>ἡμε-</span> 
     </span>
    </p>
   </div>
   <div class='ocr_carea' id='block_1_32' title="bbox 460 5105 2027 5179">
    <p class='ocr_par' dir='ltr' id='par_1_32' title="bbox 460 5105 2027 5179">
     <span class='ocr_line' id='line_1_32' title="bbox 460 5105 2027 5179; baseline 0 -21"><span class='ocrx_word' id='word_1_176' title='bbox 460 5107 626 5176; x_wconf 78' lang='grc' dir='ltr'>τέρας</span> <span class='ocrx_word' id='word_1_177' title='bbox 661 5105 930 5168; x_wconf 78' lang='grc' dir='ltr'>εὐτελείας</span> <span class='ocrx_word' id='word_1_178' title='bbox 969 5106 1058 5159; x_wconf 76' lang='grc' dir='ltr'><strong>τὸν</strong></span> <span class='ocrx_word' id='word_1_179' title='bbox 1091 5105 1214 5159; x_wconf 90' lang='grc' dir='ltr'>νοῦν</span> <span class='ocrx_word' id='word_1_180' title='bbox 1245 5105 1380 5179; x_wconf 77' lang='grc' dir='ltr'>πρὸς</span> <span class='ocrx_word' id='word_1_181' title='bbox 1414 5106 1689 5175; x_wconf 75' lang='grc' dir='ltr'>φωτισμὸν</span> <span class='ocrx_word' id='word_1_182' title='bbox 1715 5107 1810 5174; x_wconf 84' lang='grc' dir='ltr'>τῆς</span> <span class='ocrx_word' id='word_1_183' title='bbox 1841 5106 2027 5159; x_wconf 84' lang='grc' dir='ltr'>τούτου</span> 
     </span>
    </p>
   </div>
   <div class='ocr_carea' id='block_1_33' title="bbox 2129 3922 3700 3996">
    <p class='ocr_par' dir='ltr' id='par_1_33' title="bbox 2129 3922 3700 3996">
     <span class='ocr_line' id='line_1_33' title="bbox 2129 3922 3700 3996; baseline 0.008 -19"><span class='ocrx_word' id='word_1_184' title='bbox 2129 3922 2303 3993; x_wconf 87' lang='lat' dir='ltr'><strong>deque</strong></span> <span class='ocrx_word' id='word_1_185' title='bbox 2330 3924 2497 3978; x_wconf 84' lang='lat' dir='ltr'><strong>rectis</strong></span> <span class='ocrx_word' id='word_1_186' title='bbox 2529 3938 2593 3978; x_wconf 89' lang='lat' dir='ltr'><strong>ac</strong></span> <span class='ocrx_word' id='word_1_187' title='bbox 2615 3925 2889 3993; x_wconf 86' lang='lat' dir='ltr'><strong>perversis</strong></span> <span class='ocrx_word' id='word_1_188' title='bbox 2915 3925 3260 3996; x_wconf 82' lang='lat' dir='ltr'><strong>dogmatibus</strong></span> <span class='ocrx_word' id='word_1_189' title='bbox 3285 3946 3591 3988; x_wconf 85' lang='lat' dir='ltr'><strong>sermonem</strong></span> <span class='ocrx_word' id='word_1_190' title='bbox 3617 3934 3700 3989; x_wconf 90' lang='lat' dir='ltr'><strong>in-</strong></span> 
     </span>
    </p>
   </div>
   <div class='ocr_carea' id='block_1_34' title="bbox 2128 4013 3700 4094">
    <p class='ocr_par' dir='ltr' id='par_1_34' title="bbox 2128 4013 3700 4094">
     <span class='ocr_line' id='line_1_34' title="bbox 2128 4013 3700 4094; baseline 0.01 -29"><span class='ocrx_word' id='word_1_191' title='bbox 2128 4013 2300 4084; x_wconf 85' lang='lat' dir='ltr'><strong>gredi,</strong></span> <span class='ocrx_word' id='word_1_192' title='bbox 2332 4014 2576 4068; x_wconf 92' lang='lat' dir='ltr'><strong>omnium</strong></span> <span class='ocrx_word' id='word_1_193' title='bbox 2606 4015 2783 4084; x_wconf 87' lang='lat' dir='ltr'><strong>primo</strong></span> <span class='ocrx_word' id='word_1_194' title='bbox 2811 4015 2877 4069; x_wconf 92' lang='lat' dir='ltr'><strong>de</strong></span> <span class='ocrx_word' id='word_1_195' title='bbox 2899 4018 3086 4071; x_wconf 90' lang='lat' dir='ltr'><strong>mundi</strong></span> <span class='ocrx_word' id='word_1_196' title='bbox 3107 4022 3499 4091; x_wconf 88' lang='lat' dir='ltr'><strong>procreatione,</strong></span> <span class='ocrx_word' id='word_1_197' title='bbox 3525 4023 3700 4094; x_wconf 87' lang='lat' dir='ltr'><strong>deque</strong></span> 
     </span>
    </p>
   </div>
   <div class='ocr_carea' id='block_1_35' title="bbox 2127 4105 3699 4176">
    <p class='ocr_par' dir='ltr' id='par_1_35' title="bbox 2127 4105 3699 4176">
     <span class='ocr_line' id='line_1_35' title="bbox 2127 4105 3699 4176; baseline 0.006 -16"><span class='ocrx_word' id='word_1_198' title='bbox 2127 4107 2197 4160; x_wconf 91' lang='lat' dir='ltr'><strong>iis</strong></span> <span class='ocrx_word' id='word_1_199' title='bbox 2227 4121 2346 4176; x_wconf 74' lang='lat' dir='ltr'><strong>qua:</strong></span> <span class='ocrx_word' id='word_1_200' title='bbox 2385 4105 2643 4176; x_wconf 79' lang='lat' dir='ltr'><strong>deinceps</strong></span> <span class='ocrx_word' id='word_1_201' title='bbox 2679 4115 2808 4161; x_wconf 88' lang='lat' dir='ltr'><strong>sunt</strong></span> <span class='ocrx_word' id='word_1_202' title='bbox 2854 4119 3180 4175; x_wconf 82' lang='lat' dir='ltr'><strong>consecuta,</strong></span> <span class='ocrx_word' id='word_1_203' title='bbox 3211 4110 3457 4167; x_wconf 86' lang='lat' dir='ltr'><strong>facienda</strong></span> <span class='ocrx_word' id='word_1_204' title='bbox 3494 4117 3699 4171; x_wconf 89' lang='lat' dir='ltr'><strong>mentio</strong></span> 
     </span>
    </p>
   </div>
   <div class='ocr_carea' id='block_1_36' title="bbox 2128 4197 3698 4271">
    <p class='ocr_par' dir='ltr' id='par_1_36' title="bbox 2128 4197 3698 4271">
     <span class='ocr_line' id='line_1_36' title="bbox 2128 4197 3698 4271; baseline 0.005 -19"><span class='ocrx_word' id='word_1_205' title='bbox 2128 4205 2231 4252; x_wconf 89' lang='lat' dir='ltr'><strong>est.</strong></span> <span class='ocrx_word' id='word_1_206' title='bbox 2265 4197 2432 4266; x_wconf 88' lang='lat' dir='ltr'><strong>quue</strong></span> <span class='ocrx_word' id='word_1_207' title='bbox 2459 4211 2558 4265; x_wconf 90' lang='lat' dir='ltr'><strong>ego</strong></span> <span class='ocrx_word' id='word_1_208' title='bbox 2588 4212 2695 4251; x_wconf 92' lang='lat' dir='ltr'><strong>non</strong></span> <span class='ocrx_word' id='word_1_209' title='bbox 2730 4199 2865 4252; x_wconf 88' lang='lat' dir='ltr'><strong>meis</strong></span> <span class='ocrx_word' id='word_1_210' title='bbox 2894 4199 3119 4264; x_wconf 85' lang='lat' dir='ltr'><strong>viribus,</strong></span> <span class='ocrx_word' id='word_1_211' title='bbox 3154 4209 3246 4255; x_wconf 87' lang='lat' dir='ltr'><strong>aut</strong></span> <span class='ocrx_word' id='word_1_212' title='bbox 3271 4203 3495 4271; x_wconf 84' lang='lat' dir='ltr'><strong>privatis</strong></span> <span class='ocrx_word' id='word_1_213' title='bbox 3524 4207 3698 4260; x_wconf 88' lang='lat' dir='ltr'><strong>ratio-</strong></span> 
     </span>
    </p>
   </div>
   <div class='ocr_carea' id='block_1_37' title="bbox 2130 4284 3698 4362">
    <p class='ocr_par' dir='ltr' id='par_1_37' title="bbox 2130 4284 3698 4362">
     <span class='ocr_line' id='line_1_37' title="bbox 2130 4284 3698 4362; baseline 0.009 -27"><span class='ocrx_word' id='word_1_214' title='bbox 2130 4284 2497 4339; x_wconf 81' lang='lat' dir='ltr'><strong>cinationibus</strong></span> <span class='ocrx_word' id='word_1_215' title='bbox 2528 4284 2698 4339; x_wconf 80' lang='lat' dir='ltr'><strong>fretus</strong></span> <span class='ocrx_word' id='word_1_216' title='bbox 2727 4285 3031 4355; x_wconf 79' lang='lat' dir='ltr'><strong>aggrediar;</strong></span> <span class='ocrx_word' id='word_1_217' title='bbox 3063 4288 3155 4341; x_wconf 85' lang='lat' dir='ltr'><strong>sed</strong></span> <span class='ocrx_word' id='word_1_218' title='bbox 3180 4297 3449 4357; x_wconf 87' lang='lat' dir='ltr'><strong>quatenus</strong></span> <span class='ocrx_word' id='word_1_219' title='bbox 3478 4293 3698 4362; x_wconf 88' lang='lat' dir='ltr'><strong>quidem</strong></span> 
     </span>
    </p>
   </div>
   <div class='ocr_carea' id='block_1_38' title="bbox 2130 4373 3699 4453">
    <p class='ocr_par' dir='ltr' id='par_1_38' title="bbox 2130 4373 3699 4453">
     <span class='ocr_line' id='line_1_38' title="bbox 2130 4373 3699 4453; baseline 0.01 -26"><span class='ocrx_word' id='word_1_220' title='bbox 2130 4373 2392 4429; x_wconf 90' lang='lat' dir='ltr'><strong>Dominus</strong></span> <span class='ocrx_word' id='word_1_221' title='bbox 2419 4375 2661 4429; x_wconf 89' lang='lat' dir='ltr'><strong>omnium</strong></span> <span class='ocrx_word' id='word_1_222' title='bbox 2684 4390 2748 4431; x_wconf 93' lang='lat' dir='ltr'><strong>ac</strong></span> <span class='ocrx_word' id='word_1_223' title='bbox 2776 4378 3088 4434; x_wconf 86' lang='lat' dir='ltr'><strong>misericors</strong></span> <span class='ocrx_word' id='word_1_224' title='bbox 3117 4377 3258 4435; x_wconf 89' lang='lat' dir='ltr'><strong>Deus</strong></span> <span class='ocrx_word' id='word_1_225' title='bbox 3287 4384 3566 4453; x_wconf 88' lang='lat' dir='ltr'><strong>prophetis</strong></span> <span class='ocrx_word' id='word_1_226' title='bbox 3585 4388 3699 4442; x_wconf 91' lang='lat' dir='ltr'><strong>suis</strong></span> 
     </span>
    </p>
   </div>
   <div class='ocr_carea' id='block_1_39' title="bbox 2131 4464 3699 4534">
    <p class='ocr_par' dir='ltr' id='par_1_39' title="bbox 2131 4464 3699 4534">
     <span class='ocr_line' id='line_1_39' title="bbox 2131 4464 3699 4534; baseline 0.01 -18"><span class='ocrx_word' id='word_1_227' title='bbox 2131 4464 2361 4533; x_wconf 80' lang='lat' dir='ltr'><strong>aperuit,</strong></span> <span class='ocrx_word' id='word_1_228' title='bbox 2401 4479 2700 4534; x_wconf 86' lang='lat' dir='ltr'><strong>eorumque</strong></span> <span class='ocrx_word' id='word_1_229' title='bbox 2724 4466 2882 4520; x_wconf 92' lang='lat' dir='ltr'><strong>nobis</strong></span> <span class='ocrx_word' id='word_1_230' title='bbox 2917 4466 3181 4522; x_wconf 79' lang='lat' dir='ltr'><strong>beneﬁcio</strong></span> <span class='ocrx_word' id='word_1_231' title='bbox 3209 4471 3589 4529; x_wconf 89' lang='lat' dir='ltr'><strong>universarum</strong></span> <span class='ocrx_word' id='word_1_232' title='bbox 3612 4492 3699 4532; x_wconf 87' lang='lat' dir='ltr'><strong>re-</strong></span> 
     </span>
    </p>
   </div>
   <div class='ocr_carea' id='block_1_40' title="bbox 2131 4557 3699 4630">
    <p class='ocr_par' dir='ltr' id='par_1_40' title="bbox 2131 4557 3699 4630">
     <span class='ocr_line' id='line_1_40' title="bbox 2131 4557 3699 4630; baseline 0.008 -21"><span class='ocrx_word' id='word_1_233' title='bbox 2131 4572 2251 4609; x_wconf 90' lang='lat' dir='ltr'><strong>rum</strong></span> <span class='ocrx_word' id='word_1_234' title='bbox 2285 4557 2555 4619; x_wconf 85' lang='lat' dir='ltr'><strong>notitiam,</strong></span> <span class='ocrx_word' id='word_1_235' title='bbox 2608 4567 2870 4627; x_wconf 85' lang='lat' dir='ltr'><strong>quantum</strong></span> <span class='ocrx_word' id='word_1_236' title='bbox 2904 4558 3183 4614; x_wconf 90' lang='lat' dir='ltr'><strong>hominum</strong></span> <span class='ocrx_word' id='word_1_237' title='bbox 3221 4573 3415 4618; x_wconf 87' lang='lat' dir='ltr'><strong>natura</strong></span> <span class='ocrx_word' id='word_1_238' title='bbox 3446 4567 3568 4630; x_wconf 80' lang='lat' dir='ltr'><strong>fert,</strong></span> <span class='ocrx_word' id='word_1_239' title='bbox 3598 4569 3699 4622; x_wconf 86' lang='lat' dir='ltr'><strong>itn-</strong></span> 
     </span>
    </p>
   </div>
   <div class='ocr_carea' id='block_1_41' title="bbox 2131 4647 3697 4728">
    <p class='ocr_par' dir='ltr' id='par_1_41' title="bbox 2131 4647 3697 4728">
     <span class='ocr_line' id='line_1_41' title="bbox 2131 4647 3697 4728; baseline 0.006 -27"><span class='ocrx_word' id='word_1_240' title='bbox 2131 4647 2332 4716; x_wconf 88' lang='lat' dir='ltr'><strong>pertire</strong></span> <span class='ocrx_word' id='word_1_241' title='bbox 2354 4647 2607 4717; x_wconf 86' lang='lat' dir='ltr'><strong>dignatus</strong></span> <span class='ocrx_word' id='word_1_242' title='bbox 2636 4657 2740 4703; x_wconf 90' lang='lat' dir='ltr'><strong>est.</strong></span> <span class='ocrx_word' id='word_1_243' title='bbox 2777 4648 2861 4704; x_wconf 82' lang='lat' dir='ltr'><strong>Me</strong></span> <span class='ocrx_word' id='word_1_244' title='bbox 2881 4665 3009 4705; x_wconf 88' lang='lat' dir='ltr'><strong>vero</strong></span> <span class='ocrx_word' id='word_1_245' title='bbox 3030 4651 3142 4719; x_wconf 90' lang='lat' dir='ltr'><strong>jam</strong></span> <span class='ocrx_word' id='word_1_246' title='bbox 3170 4663 3282 4707; x_wconf 90' lang='lat' dir='ltr'><strong>tum</strong></span> <span class='ocrx_word' id='word_1_247' title='bbox 3312 4655 3429 4723; x_wconf 91' lang='lat' dir='ltr'><strong>ipso</strong></span> <span class='ocrx_word' id='word_1_248' title='bbox 3452 4656 3697 4728; x_wconf 88' lang='lat' dir='ltr'><strong>disputa-</strong></span> 
     </span>
    </p>
   </div>
   <div class='ocr_carea' id='block_1_42' title="bbox 2132 4737 3702 4816">
    <p class='ocr_par' dir='ltr' id='par_1_42' title="bbox 2132 4737 3702 4816">
     <span class='ocr_line' id='line_1_42' title="bbox 2132 4737 3702 4816; baseline 0.009 -26"><span class='ocrx_word' id='word_1_249' title='bbox 2132 4737 2295 4792; x_wconf 90' lang='lat' dir='ltr'><strong>tionis</strong></span> <span class='ocrx_word' id='word_1_250' title='bbox 2341 4738 2495 4792; x_wconf 89' lang='lat' dir='ltr'><strong>initio</strong></span> <span class='ocrx_word' id='word_1_251' title='bbox 2545 4740 2696 4810; x_wconf 80' lang='lat' dir='ltr'><strong>angit</strong></span> <span class='ocrx_word' id='word_1_252' title='bbox 2752 4739 2896 4796; x_wconf 84' lang='lat' dir='ltr'><strong>haud</strong></span> <span class='ocrx_word' id='word_1_253' title='bbox 2936 4741 3283 4798; x_wconf 88' lang='lat' dir='ltr'><strong>mediocriter</strong></span> <span class='ocrx_word' id='word_1_254' title='bbox 3319 4754 3480 4816; x_wconf 91' lang='lat' dir='ltr'><strong>atque</strong></span> <span class='ocrx_word' id='word_1_255' title='bbox 3533 4757 3702 4804; x_wconf 86' lang='lat' dir='ltr'><strong>terret</strong></span> 
     </span>
    </p>
   </div>
   <div class='ocr_carea' id='block_1_43' title="bbox 2131 4829 3699 4899">
    <p class='ocr_par' dir='ltr' id='par_1_43' title="bbox 2131 4829 3699 4899">
     <span class='ocr_line' id='line_1_43' title="bbox 2131 4829 3699 4899; baseline 0.006 -18"><span class='ocrx_word' id='word_1_256' title='bbox 2131 4830 2366 4897; x_wconf 88' lang='lat' dir='ltr'><strong>suscepti</strong></span> <span class='ocrx_word' id='word_1_257' title='bbox 2432 4829 2612 4898; x_wconf 87' lang='lat' dir='ltr'><strong>operis</strong></span> <span class='ocrx_word' id='word_1_258' title='bbox 2672 4830 3007 4899; x_wconf 82' lang='lat' dir='ltr'><strong>magnitudo.</strong></span> <span class='ocrx_word' id='word_1_259' title='bbox 3066 4830 3245 4897; x_wconf 87' lang='lat' dir='ltr'><strong>Quare</strong></span> <span class='ocrx_word' id='word_1_260' title='bbox 3289 4836 3699 4891; x_wconf 88' lang='lat' dir='ltr'><strong>sanctissimum</strong></span> 
     </span>
    </p>
   </div>
   <div class='ocr_carea' id='block_1_44' title="bbox 2131 4919 3699 4992">
    <p class='ocr_par' dir='ltr' id='par_1_44' title="bbox 2131 4919 3699 4992">
     <span class='ocr_line' id='line_1_44' title="bbox 2131 4919 3699 4992; baseline 0.004 -20"><span class='ocrx_word' id='word_1_261' title='bbox 2131 4919 2281 4973; x_wconf 90' lang='lat' dir='ltr'><strong>illum</strong></span> <span class='ocrx_word' id='word_1_262' title='bbox 2344 4922 2545 4983; x_wconf 87' lang='lat' dir='ltr'><strong>Deum,</strong></span> <span class='ocrx_word' id='word_1_263' title='bbox 2605 4921 2655 4989; x_wconf 79' lang='grc'>2</span> <span class='ocrx_word' id='word_1_264' title='bbox 2705 4921 2933 4992; x_wconf 84' lang='lat' dir='ltr'><strong>ejusque</strong></span> <span class='ocrx_word' id='word_1_265' title='bbox 2991 4922 3188 4977; x_wconf 88' lang='lat' dir='ltr'><strong>Filium</strong></span> <span class='ocrx_word' id='word_1_266' title='bbox 3237 4927 3459 4979; x_wconf 90' lang='lat' dir='ltr'><strong>unicum</strong></span> <span class='ocrx_word' id='word_1_267' title='bbox 3511 4925 3699 4982; x_wconf 86' lang='lat' dir='ltr'><strong>Jesum</strong></span> 
     </span>
    </p>
   </div>
   <div class='ocr_carea' id='block_1_45' title="bbox 2131 5010 3701 5086">
    <p class='ocr_par' dir='ltr' id='par_1_45' title="bbox 2131 5010 3701 5086">
     <span class='ocr_line' id='line_1_45' title="bbox 2131 5010 3701 5086; baseline 0.004 -23"><span class='ocrx_word' id='word_1_268' title='bbox 2131 5010 2434 5075; x_wconf 86' lang='lat' dir='ltr'><strong>Christum,</strong></span> <span class='ocrx_word' id='word_1_269' title='bbox 2486 5027 2585 5064; x_wconf 92' lang='lat' dir='ltr'><strong>nec</strong></span> <span class='ocrx_word' id='word_1_270' title='bbox 2622 5027 2734 5066; x_wconf 86' lang='lat' dir='ltr'><strong>non</strong></span> <span class='ocrx_word' id='word_1_271' title='bbox 2762 5021 2816 5067; x_wconf 92' lang='lat' dir='ltr'><strong>et</strong></span> <span class='ocrx_word' id='word_1_272' title='bbox 2849 5022 3097 5068; x_wconf 89' lang='lat' dir='ltr'><strong>sanctum</strong></span> <span class='ocrx_word' id='word_1_273' title='bbox 3137 5016 3256 5083; x_wconf 89' lang='lat' dir='ltr'><strong>ejus</strong></span> <span class='ocrx_word' id='word_1_274' title='bbox 3298 5014 3558 5084; x_wconf 88' lang='lat' dir='ltr'><strong>Spiritum</strong></span> <span class='ocrx_word' id='word_1_275' title='bbox 3602 5033 3701 5086; x_wconf 87' lang='lat' dir='ltr'><strong>ap-</strong></span> 
     </span>
    </p>
   </div>
   <div class='ocr_carea' id='block_1_46' title="bbox 2134 5102 3696 5179">
    <p class='ocr_par' dir='ltr' id='par_1_46' title="bbox 2134 5102 3696 5179">
     <span class='ocr_line' id='line_1_46' title="bbox 2134 5102 3696 5179; baseline 0.006 -27"><span class='ocrx_word' id='word_1_276' title='bbox 2134 5102 2274 5170; x_wconf 84' lang='lat' dir='ltr'><strong>pello</strong></span> <span class='ocrx_word' id='word_1_277' title='bbox 2294 5142 2308 5165; x_wconf 92' lang='lat'><strong>,</strong></span> <span class='ocrx_word' id='word_1_278' title='bbox 2360 5114 2417 5155; x_wconf 91' lang='lat' dir='ltr'><strong>ut</strong></span> <span class='ocrx_word' id='word_1_279' title='bbox 2449 5102 2515 5155; x_wconf 88' lang='lat' dir='ltr'><strong>ad</strong></span> <span class='ocrx_word' id='word_1_280' title='bbox 2549 5103 2778 5172; x_wconf 89' lang='lat' dir='ltr'><strong>hujusce</strong></span> <span class='ocrx_word' id='word_1_281' title='bbox 2808 5106 2886 5159; x_wconf 89' lang='lat' dir='ltr'><strong>rei</strong></span> <span class='ocrx_word' id='word_1_282' title='bbox 2916 5106 3298 5160; x_wconf 89' lang='lat' dir='ltr'><strong>illustrandam</strong></span> <span class='ocrx_word' id='word_1_283' title='bbox 3329 5109 3696 5179; x_wconf 85' lang='lat' dir='ltr'><strong>cognitionem</strong></span> 
     </span>
    </p>
   </div>
   <div class='ocr_carea' id='block_1_47' title="bbox 459 5194 2119 5267">
    <p class='ocr_par' dir='ltr' id='par_1_47' title="bbox 459 5194 2103 5267">
     <span class='ocr_line' id='line_1_47' title="bbox 459 5194 2103 5267; baseline 0.001 -21"><span class='ocrx_word' id='word_1_284' title='bbox 459 5194 733 5263; x_wconf 85' lang='grc' dir='ltr'>γνώσεως.</span> <span class='ocrx_word' id='word_1_285' title='bbox 783 5197 845 5248; x_wconf 85' lang='grc' dir='ltr'><strong>Οἱ</strong></span> <span class='ocrx_word' id='word_1_286' title='bbox 893 5197 990 5266; x_wconf 83' lang='grc' dir='ltr'><strong>μὲν</strong></span> <span class='ocrx_word' id='word_1_287' title='bbox 1042 5197 1149 5267; x_wconf 89' lang='grc' dir='ltr'>γὰρ</span> <span class='ocrx_word' id='word_1_288' title='bbox 1198 5196 1306 5249; x_wconf 85' lang='grc' dir='ltr'><strong>τῶν</strong></span> <span class='ocrx_word' id='word_1_289' title='bbox 1366 5195 1630 5265; x_wconf 86' lang='grc' dir='ltr'>Ἑλλήνων</span> <span class='ocrx_word' id='word_1_290' title='bbox 1677 5200 2028 5265; x_wconf 77' lang='grc' dir='ltr'>συγγραφεῖς,</span> <span class='ocrx_word' id='word_1_291' title='bbox 2060 5196 2103 5248; x_wconf 89' lang='grc' dir='ltr'>Β</span> 
     </span>
    </p>
   </div>
   <div class='ocr_carea' id='block_1_48' title="bbox 2034 5194 3694 5267">
    <p class='ocr_par' dir='ltr' id='par_1_48' title="bbox 2060 5194 3694 5265">
     <span class='ocr_line' id='line_1_48' title="bbox 2060 5194 3694 5265; baseline 0.002 -17"><span class='ocrx_word' id='word_1_292' title='bbox 2060 5196 2103 5248; x_wconf 89' lang='grc' dir='ltr'>Β</span> <span class='ocrx_word' id='word_1_293' title='bbox 2135 5200 2367 5247; x_wconf 86' lang='lat' dir='ltr'><strong>mentem</strong></span> <span class='ocrx_word' id='word_1_294' title='bbox 2414 5204 2657 5247; x_wconf 86' lang='lat' dir='ltr'><strong>nostram</strong></span> <span class='ocrx_word' id='word_1_295' title='bbox 2702 5194 2885 5248; x_wconf 86' lang='lat' dir='ltr'><strong>divina</strong></span> <span class='ocrx_word' id='word_1_296' title='bbox 2929 5196 3049 5249; x_wconf 89' lang='lat' dir='ltr'><strong>luce</strong></span> <span class='ocrx_word' id='word_1_297' title='bbox 3083 5198 3394 5265; x_wconf 80' lang='lat' dir='ltr'><strong>perfundat.</strong></span> <span class='ocrx_word' id='word_1_298' title='bbox 3428 5198 3499 5252; x_wconf 88' lang='lat' dir='ltr'><strong>Ut</strong></span> <span class='ocrx_word' id='word_1_299' title='bbox 3552 5200 3694 5252; x_wconf 86' lang='lat' dir='ltr'><strong>enim</strong></span> 
     </span>
    </p>
   </div>
   <div class='ocr_carea' id='block_1_49' title="bbox 461 5286 2030 5358">
    <p class='ocr_par' dir='ltr' id='par_1_49' title="bbox 461 5286 2030 5358">
     <span class='ocr_line' id='line_1_49' title="bbox 461 5286 2030 5358; baseline 0 -21"><span class='ocrx_word' id='word_1_300' title='bbox 461 5288 681 5357; x_wconf 81' lang='grc' dir='ltr'>ποιηταί</span> <span class='ocrx_word' id='word_1_301' title='bbox 724 5303 783 5338; x_wconf 91' lang='grc' dir='ltr'><strong>τε</strong></span> <span class='ocrx_word' id='word_1_302' title='bbox 828 5289 923 5341; x_wconf 82' lang='grc' dir='ltr'><strong>καὶ</strong></span> <span class='ocrx_word' id='word_1_303' title='bbox 966 5286 1311 5358; x_wconf 80' lang='grc' dir='ltr'>λογογράφοι,</span> <span class='ocrx_word' id='word_1_304' title='bbox 1348 5286 1754 5356; x_wconf 81' lang='grc' dir='ltr'>ὲπιϐαλλόμενοί</span> <span class='ocrx_word' id='word_1_305' title='bbox 1795 5303 1896 5338; x_wconf 86' lang='grc' dir='ltr'>τινι</span> <span class='ocrx_word' id='word_1_306' title='bbox 1930 5303 2030 5356; x_wconf 91' lang='grc' dir='ltr'>μυ-</span> 
     </span>
    </p>
   </div>
   <div class='ocr_carea' id='block_1_50' title="bbox 463 5377 2028 5450">
    <p class='ocr_par' dir='ltr' id='par_1_50' title="bbox 463 5377 2028 5450">
     <span class='ocr_line' id='line_1_50' title="bbox 463 5377 2028 5450; baseline -0.001 -20"><span class='ocrx_word' id='word_1_307' title='bbox 463 5377 619 5430; x_wconf 83' lang='grc' dir='ltr'>Θὼδει</span> <span class='ocrx_word' id='word_1_308' title='bbox 659 5380 1069 5450; x_wconf 84' lang='grc' dir='ltr'>συγγράμματι,</span> <span class='ocrx_word' id='word_1_309' title='bbox 1098 5380 1320 5433; x_wconf 77' lang='grc' dir='ltr'>Μοῦσαν</span> <span class='ocrx_word' id='word_1_310' title='bbox 1379 5396 1500 5431; x_wconf 87' lang='grc' dir='ltr'>τινα</span> <span class='ocrx_word' id='word_1_311' title='bbox 1532 5378 1888 5430; x_wconf 78' lang='grc' dir='ltr'>ἐπεκαλοῦντο</span> <span class='ocrx_word' id='word_1_312' title='bbox 1949 5379 2028 5447; x_wconf 84' lang='grc' dir='ltr'><strong>(οὺ</strong></span> 
     </span>
    </p>
   </div>
   <div class='ocr_carea' id='block_1_51' title="bbox 461 5466 2028 5537">
    <p class='ocr_par' dir='ltr' id='par_1_51' title="bbox 461 5466 2028 5537">
     <span class='ocr_line' id='line_1_51' title="bbox 461 5466 2028 5537; baseline 0 -19"><span class='ocrx_word' id='word_1_313' title='bbox 461 5466 567 5536; x_wconf 80' lang='grc' dir='ltr'>γὰρ</span> <span class='ocrx_word' id='word_1_314' title='bbox 600 5467 731 5518; x_wconf 85' lang='grc' dir='ltr'>Θεόν</span> <span class='ocrx_word' id='word_1_315' title='bbox 752 5482 766 5496; x_wconf 89' lang='grc'><strong>·</strong></span> <span class='ocrx_word' id='word_1_316' title='bbox 800 5466 1155 5537; x_wconf 78' lang='grc' dir='ltr'>δαιμονιώδης</span> <span class='ocrx_word' id='word_1_317' title='bbox 1190 5466 1298 5537; x_wconf 82' lang='grc' dir='ltr'>γὰρ</span> <span class='ocrx_word' id='word_1_318' title='bbox 1327 5469 1459 5537; x_wconf 82' lang='grc' dir='ltr'>παρ’</span> <span class='ocrx_word' id='word_1_319' title='bbox 1504 5467 1670 5536; x_wconf 83' lang='grc' dir='ltr'>αὐτῆς</span> <span class='ocrx_word' id='word_1_320' title='bbox 1710 5466 1731 5497; x_wconf 78' lang='grc'><strong>’⁵</strong></span> <span class='ocrx_word' id='word_1_321' title='bbox 1770 5470 1801 5537; x_wconf 83' lang='grc' dir='ltr'><strong>ἡ</strong></span> <span class='ocrx_word' id='word_1_322' title='bbox 1848 5468 2028 5534; x_wconf 81' lang='grc' dir='ltr'>σοφία,</span> 
     </span>
    </p>
   </div>
   <div class='ocr_carea' id='block_1_52' title="bbox 2130 5284 3696 5356">
    <p class='ocr_par' dir='ltr' id='par_1_52' title="bbox 2130 5284 3696 5356">
     <span class='ocr_line' id='line_1_52' title="bbox 2130 5284 3696 5356; baseline 0.001 -18"><span class='ocrx_word' id='word_1_323' title='bbox 2130 5284 2360 5353; x_wconf 79' lang='lat' dir='ltr'><strong>gentiles</strong></span> <span class='ocrx_word' id='word_1_324' title='bbox 2394 5284 2691 5353; x_wconf 90' lang='lat' dir='ltr'><strong>scriptores</strong></span> <span class='ocrx_word' id='word_1_325' title='bbox 2722 5293 2834 5338; x_wconf 91' lang='lat' dir='ltr'><strong>tam</strong></span> <span class='ocrx_word' id='word_1_326' title='bbox 2865 5294 3056 5354; x_wconf 79' lang='lat' dir='ltr'><strong>poetae,</strong></span> <span class='ocrx_word' id='word_1_327' title='bbox 3088 5301 3249 5355; x_wconf 88' lang='lat' dir='ltr'><strong>quam</strong></span> <span class='ocrx_word' id='word_1_328' title='bbox 3278 5285 3503 5340; x_wconf 89' lang='lat' dir='ltr'><strong>alterius</strong></span> <span class='ocrx_word' id='word_1_329' title='bbox 3536 5302 3696 5356; x_wconf 85' lang='lat' dir='ltr'><strong>gene-</strong></span> 
     </span>
    </p>
   </div>
   <div class='ocr_carea' id='block_1_53' title="bbox 2129 5374 3695 5444">
    <p class='ocr_par' dir='ltr' id='par_1_53' title="bbox 2129 5374 3695 5444">
     <span class='ocr_line' id='line_1_53' title="bbox 2129 5374 3695 5444; baseline 0 -17"><span class='ocrx_word' id='word_1_330' title='bbox 2129 5375 2205 5428; x_wconf 90' lang='lat' dir='ltr'><strong>ris</strong></span> <span class='ocrx_word' id='word_1_331' title='bbox 2231 5374 2440 5439; x_wconf 88' lang='lat' dir='ltr'><strong>solent,</strong></span> <span class='ocrx_word' id='word_1_332' title='bbox 2473 5389 2595 5427; x_wconf 89' lang='lat' dir='ltr'><strong>cum</strong></span> <span class='ocrx_word' id='word_1_333' title='bbox 2625 5374 2931 5428; x_wconf 85' lang='lat' dir='ltr'><strong>fabulosum</strong></span> <span class='ocrx_word' id='word_1_334' title='bbox 2963 5375 3180 5443; x_wconf 86' lang='lat' dir='ltr'><strong>aliquod</strong></span> <span class='ocrx_word' id='word_1_335' title='bbox 3216 5390 3352 5444; x_wconf 90' lang='lat' dir='ltr'><strong>opus</strong></span> <span class='ocrx_word' id='word_1_336' title='bbox 3382 5376 3695 5438; x_wconf 87' lang='lat' dir='ltr'><strong>instituunt,</strong></span> 
     </span>
    </p>
   </div>
   <div class='ocr_carea' id='block_1_54' title="bbox 2131 5466 3695 5537">
    <p class='ocr_par' dir='ltr' id='par_1_54' title="bbox 2131 5466 3695 5537">
     <span class='ocr_line' id='line_1_54' title="bbox 2131 5466 3695 5537; baseline 0.001 -18"><span class='ocrx_word' id='word_1_337' title='bbox 2131 5466 2408 5520; x_wconf 85' lang='lat' dir='ltr'><strong>Musarum</strong></span> <span class='ocrx_word' id='word_1_338' title='bbox 2436 5466 2729 5535; x_wconf 86' lang='lat' dir='ltr'><strong>implorare</strong></span> <span class='ocrx_word' id='word_1_339' title='bbox 2768 5467 3081 5536; x_wconf 89' lang='lat' dir='ltr'><strong>quampiam</strong></span> <span class='ocrx_word' id='word_1_340' title='bbox 3117 5470 3315 5537; x_wconf 89' lang='lat' dir='ltr'><strong>(neque</strong></span> <span class='ocrx_word' id='word_1_341' title='bbox 3352 5468 3496 5521; x_wconf 88' lang='lat' dir='ltr'><strong>enim</strong></span> <span class='ocrx_word' id='word_1_342' title='bbox 3529 5467 3695 5522; x_wconf 87' lang='lat' dir='ltr'><strong>Deum</strong></span> 
     </span>
    </p>
   </div>
   <div class='ocr_carea' id='block_1_55' title="bbox 462 5557 2122 5628">
    <p class='ocr_par' dir='ltr' id='par_1_55' title="bbox 462 5558 2032 5628">
     <span class='ocr_line' id='line_1_55' title="bbox 462 5558 2032 5628; baseline 0.003 -20"><span class='ocrx_word' id='word_1_343' title='bbox 462 5558 557 5609; x_wconf 80' lang='grc' dir='ltr'><strong>καὶ</strong></span> <span class='ocrx_word' id='word_1_344' title='bbox 589 5559 865 5627; x_wconf 74' lang='grc' dir='ltr'>ἐπίγειος,</span> <span class='ocrx_word' id='word_1_345' title='bbox 898 5560 993 5613; x_wconf 80' lang='grc' dir='ltr'>καὶ</span> <span class='ocrx_word' id='word_1_346' title='bbox 1026 5563 1136 5613; x_wconf 83' lang='grc' dir='ltr'>οὐκ</span> <span class='ocrx_word' id='word_1_347' title='bbox 1178 5560 1406 5615; x_wconf 81' lang='grc' dir='ltr'><strong>ἄνωθεν</strong></span> <span class='ocrx_word' id='word_1_348' title='bbox 1440 5560 1862 5628; x_wconf 80' lang='grc' dir='ltr'>κατερχομένη,</span> <span class='ocrx_word' id='word_1_349' title='bbox 1890 5559 2032 5612; x_wconf 78' lang='grc' dir='ltr'>κατὰ</span> 
     </span>
    </p>
   </div>
   <div class='ocr_carea' id='block_1_56' title="bbox 2036 5557 3696 5628">
    <p class='ocr_par' dir='ltr' id='par_1_56' title="bbox 2130 5557 3696 5627">
     <span class='ocr_line' id='line_1_56' title="bbox 2130 5557 3696 5627; baseline 0.001 -18"><span class='ocrx_word' id='word_1_350' title='bbox 2130 5558 2382 5611; x_wconf 84' lang='lat' dir='ltr'><strong>invocant</strong></span> <span class='ocrx_word' id='word_1_351' title='bbox 2407 5557 2465 5620; x_wconf 90' lang='lat' dir='ltr'><strong>ii,</strong></span> <span class='ocrx_word' id='word_1_352' title='bbox 2486 5572 2719 5625; x_wconf 90' lang='lat' dir='ltr'><strong>quorum</strong></span> <span class='ocrx_word' id='word_1_353' title='bbox 2739 5558 2918 5611; x_wconf 88' lang='lat' dir='ltr'><strong>omnis</strong></span> <span class='ocrx_word' id='word_1_354' title='bbox 2946 5572 3013 5611; x_wconf 82' lang='lat' dir='ltr'><strong>ex</strong></span> <span class='ocrx_word' id='word_1_355' title='bbox 3037 5557 3341 5613; x_wconf 69' lang='lat' dir='ltr'><strong>daemonum</strong></span> <span class='ocrx_word' id='word_1_356' title='bbox 3364 5558 3544 5613; x_wconf 81' lang='lat' dir='ltr'><strong>aillatu</strong></span> <span class='ocrx_word' id='word_1_357' title='bbox 3572 5575 3696 5627; x_wconf 86' lang='lat' dir='ltr'><strong>pro-</strong></span> 
     </span>
    </p>
   </div>
   <div class='ocr_carea' id='block_1_57' title="bbox 459 5641 2030 5718">
    <p class='ocr_par' dir='ltr' id='par_1_57' title="bbox 459 5641 2030 5718">
     <span class='ocr_line' id='line_1_57' title="bbox 459 5641 2030 5718; baseline 0.004 -23"><span class='ocrx_word' id='word_1_358' title='bbox 459 5641 521 5695; x_wconf 78' lang='grc' dir='ltr'><strong>τδ</strong></span> <span class='ocrx_word' id='word_1_359' title='bbox 554 5644 990 5715; x_wconf 75' lang='grc' dir='ltr'>γεγραμμένον)ο</span> <span class='ocrx_word' id='word_1_360' title='bbox 1038 5649 1195 5717; x_wconf 81' lang='grc' dir='ltr'>ἡμεῖς</span> <span class='ocrx_word' id='word_1_361' title='bbox 1237 5647 1293 5699; x_wconf 83' lang='grc' dir='ltr'>δὲ</span> <span class='ocrx_word' id='word_1_362' title='bbox 1343 5646 1745 5718; x_wconf 78' lang='grc' dir='ltr'>ἐπικαλούμεθα</span> <span class='ocrx_word' id='word_1_363' title='bbox 1790 5648 1879 5700; x_wconf 84' lang='grc' dir='ltr'><strong>τὸν</strong></span> <span class='ocrx_word' id='word_1_364' title='bbox 1924 5648 2030 5701; x_wconf 82' lang='grc' dir='ltr'><strong>τῶν</strong></span> 
     </span>
    </p>
   </div>
   <div class='ocr_carea' id='block_1_58' title="bbox 534 5786 989 5855">
    <p class='ocr_par' dir='ltr' id='par_1_58' title="bbox 534 5786 989 5855">
     <span class='ocr_line' id='line_1_58' title="bbox 534 5786 989 5855; baseline 0.004 -6"><span class='ocrx_word' id='word_1_365' title='bbox 534 5797 549 5825; x_wconf 81' lang='grc'>⁸</span> <span class='ocrx_word' id='word_1_366' title='bbox 588 5794 702 5852; x_wconf 72' lang='grc' dir='ltr'>νει.</span> <span class='ocrx_word' id='word_1_367' title='bbox 731 5786 968 5855; x_wconf 74' lang='grc' dir='ltr'>ἐμαυτοῦ</span> <span class='ocrx_word' id='word_1_368' title='bbox 976 5839 989 5851; x_wconf 90' lang='grc'>.</span> 
     </span>
    </p>
   </div>
   <div class='ocr_carea' id='block_1_59' title="bbox 2129 5648 3697 5721">
    <p class='ocr_par' dir='ltr' id='par_1_59' title="bbox 2129 5648 3697 5721">
     <span class='ocr_line' id='line_1_59' title="bbox 2129 5648 3697 5721; baseline -0.001 -17"><span class='ocrx_word' id='word_1_369' title='bbox 2129 5664 2313 5718; x_wconf 82' lang='lat' dir='ltr'><strong>gressa</strong></span> <span class='ocrx_word' id='word_1_370' title='bbox 2357 5649 2623 5717; x_wconf 87' lang='lat' dir='ltr'><strong>sapientia</strong></span> <span class='ocrx_word' id='word_1_371' title='bbox 2669 5655 2775 5714; x_wconf 86' lang='lat' dir='ltr'><strong>est,</strong></span> <span class='ocrx_word' id='word_1_372' title='bbox 2810 5648 3109 5721; x_wconf 86' lang='lat' dir='ltr'><strong>eademque</strong></span> <span class='ocrx_word' id='word_1_373' title='bbox 3146 5659 3375 5717; x_wconf 84' lang='lat' dir='ltr'><strong>terrena,</strong></span> <span class='ocrx_word' id='word_1_374' title='bbox 3415 5668 3504 5705; x_wconf 75' lang='lat' dir='ltr'><strong>nec</strong></span> <span class='ocrx_word' id='word_1_375' title='bbox 3551 5667 3578 5704; x_wconf 89' lang='lat' dir='ltr'><strong>e</strong></span> <span class='ocrx_word' id='word_1_376' title='bbox 3606 5666 3697 5704; x_wconf 77' lang='lat' dir='ltr'><strong>su-</strong></span> 
     </span>
    </p>
   </div>
   <div class='ocr_carea' id='block_1_60' title="bbox 1070 5800 2647 5875">
    <p class='ocr_par' dir='ltr' id='par_1_60' title="bbox 1070 5800 2647 5875">
     <span class='ocr_line' id='line_1_60' title="bbox 1070 5800 2647 5875; baseline 0.005 -22"><span class='ocrx_word' id='word_1_377' title='bbox 1070 5810 1084 5832; x_wconf 78' lang='grc'><strong><em>⁸</em></strong></span> <span class='ocrx_word' id='word_1_378' title='bbox 1107 5800 1285 5857; x_wconf 83' lang='lat' dir='ltr'><strong>Forte.</strong></span> <span class='ocrx_word' id='word_1_379' title='bbox 1315 5803 1439 5856; x_wconf 85' lang='grc' dir='ltr'>ἀπό.</span> <span class='ocrx_word' id='word_1_380' title='bbox 1520 5803 1549 5875; x_wconf 42' lang='grc'><strong>³,</strong></span> <span class='ocrx_word' id='word_1_381' title='bbox 1564 5804 1723 5858; x_wconf 88' lang='lat' dir='ltr'><strong>Deest</strong></span> <span class='ocrx_word' id='word_1_382' title='bbox 1758 5804 1897 5858; x_wconf 82' lang='lat' dir='ltr'><strong>forte</strong></span> <span class='ocrx_word' id='word_1_383' title='bbox 1930 5806 2167 5874; x_wconf 74' lang='grc' dir='ltr'>Πατέρα.</span> <span class='ocrx_word' id='word_1_384' title='bbox 2250 5808 2411 5864; x_wconf 70' lang='lat' dir='ltr'><strong>‘Cor.</strong></span> <span class='ocrx_word' id='word_1_385' title='bbox 2446 5808 2647 5869; x_wconf 80' lang='grc' dir='ltr'>αὐτοῖς.</span> 
     </span>
    </p>
   </div>
  </div>
