4204 6370
512 342 614 399 175
1362 364 1392 406 ο

1936 344 1994 401 S.
2038 344 2384 401 EPIPHANII

3675 351 3701 405 1
3712 349 3779 406 76

510 457 818 520 nemoribus,
852 463 911 511 ut
953 459 1224 529 scriptum
1260 469 1343 514 est
1378 460 1441 525 δ’,
1489 460 1861 529 descendens):
1894 462 1966 517 ita
2006 478 2084 515 no:

2205 462 2340 514 ὅλων
2369 462 2522 530 ἆγιον
2558 463 2831 533 Δεσπότην
2877 463 3254 519 ἀντιλαϐέσθαι
3300 465 3397 534 τῆς
3427 461 3584 535 ἡμῶν
3631 481 3778 517 πτω-

510 568 691 607 rerum
744 552 989 607 omnium
1038 553 1436 609 moderatorem
1491 569 1555 608 ac
1598 554 1883 609 Dominum
1937 572 2093 626 roga-

510 661 649 712 mus,
683 653 741 699 ut
771 645 962 700 adesse
993 646 1242 701 tenuitati
1289 655 1487 702 nostrae
1534 647 1700 713 velit,
1734 664 1799 702 ac
1841 657 2089 702 sanctum

508 738 667 793 nobis
702 737 965 808 Spiritum
996 738 1324 804 immittere;
1357 754 1425 793 ne
1452 738 1581 807 quid
1618 740 1672 793 in
1700 755 1865 809 opere
1890 755 2093 810 propo—

508 830 616 883 sito
636 828 976 884 contexendo
1010 828 1206 883 falsum
1232 838 1284 884 et
1320 829 1691 883 adulterinum
1735 831 2089 886 misceamus.

507 920 679 987 Quem
727 937 827 977 nos
874 921 1166 992 Spiritum,
1196 922 1586 977 imbecillitatis
1628 930 1830 978 nostra:
1862 924 2088 989 conscii,

509 1031 608 1086 pro
644 1014 765 1072 ﬁdei
799 1016 961 1071 modo
993 1030 1056 1069 ac
1089 1015 1303 1070 ratione
1336 1015 1528 1069 donari
1563 1015 1724 1071 nobis
1766 1030 2092 1086 magnopere

547 1124 818 1163 recamur.

507 1122 818 1180 precamur.

579 1197 642 1251 ll.
664 1197 932 1253 Caeterum
957 1197 1047 1268 qui
1077 1197 1191 1251 Iure
1220 1206 1406 1251 nostra
1433 1197 1816 1267 cujuscunque
1844 1199 2092 1267 qumstio-

507 1291 595 1346 nis
630 1291 806 1361 gratia
832 1292 1030 1361 legent,
1072 1289 1123 1343 id
1152 1298 1278 1344 ante
1306 1290 1496 1344 oculos
1527 1290 1761 1344 habeant
1787 1290 1970 1354 velim,
1994 1307 2090 1357 pro

507 1390 813 1450 temporum
849 1382 1313 1450 occasionumque
1357 1382 1513 1452 copia
1555 1382 1776 1435 inventa
1820 1384 1934 1436 haec
1970 1398 2091 1438 esse

505 1484 535 1522 a
578 1470 737 1525 nobis
776 1471 982 1533 omnia,
1014 1486 1358 1542 quaecunque
1387 1487 1486 1539 pro
1525 1473 1691 1541 hujus
1722 1472 1980 1543 ingenioli
2012 1471 2090 1525 fa-

505 1563 710 1616 cultate
744 1562 1074 1633 investigare
1103 1564 1420 1632 potuimus;
1476 1580 1655 1633 neque
1702 1566 1944 1619 omnium
1970 1579 2117 1635 quae,

504 1654 561 1707 in
597 1654 801 1709 mundo
832 1663 958 1709 sunt
989 1657 1367 1710 tractationem
1398 1656 1503 1709 hoc
1540 1658 1594 1709 in
1627 1671 1792 1726 opere
1824 1656 2085 1726 proﬁteri.

503 1744 636 1799 Nam
657 1762 833 1816 neque
855 1748 1165 1816 percenseri
1198 1747 1450 1812 dicendo,
1482 1734 1909 1818 nequenumero
1938 1763 2088 1802 com-

2196 553 2368 622 χεὶας,
2418 555 2513 605 καὶ¹
2561 553 2865 623 ἐμπνεῦσαι
2904 555 2964 607 τὸ
3012 556 3167 623 ἆγιον
3210 556 3373 609 αὑτοῦ
3422 553 3664 625 Πνεῦμα,
3700 559 3779 618 εἰς

2192 643 2254 696 τὸ
2290 643 2458 714 μηδὲν
2492 661 2844 715 παραπεποιη
2858 645 3015 714 μένον
3048 649 3128 709 είς
3169 646 3266 715 τὴν
3313 646 3411 715 τῆς
3450 645 3778 713 ἐπαγγελίας

2193 737 2414 807 γραφὴν
2461 736 2738 799 συντάξαι.
2776 737 2885 789 Καὶ
2920 738 3050 789 αὐτὸ
3083 737 3241 791 τοῦτο
3278 738 3648 807 αἰτησάμενοι,
3680 735 3778 805 τὴν

2193 826 2401 879 ἑαυτῶν
2449 828 2812 899 ἀνικανότητα
2849 828 3229 898 γινώσκοντες,
3266 831 3406 883 κατά
3451 828 3646 899 μέτρον
3678 827 3777 900 τῆς

2193 919 2429 983 πίστεως
2496 922 2588 973 καὶ
2632 922 2774 975 κατὰ
2805 922 3094 991 ἀναλογίαν
3124 922 3467 993 δωρήσασθαι
3499 923 3588 974 τὸν
3616 920 3778 972 αὑτὸν

2193 1012 2226 1082 ὴ
2234 1015 2323 1082 μῖν
2346 1013 2662 1083 παρακαλοῦ
2672 1032 2790 1085 μεν.

2262 1193 2338 1247 B'.
2384 1193 2567 1246 Ἔστω
2617 1193 2673 1245 δὲ
2720 1194 2748 1245 ὁ
2799 1192 2998 1255 σκοπὸς
3053 1192 3217 1245 παντὶ
3268 1190 3345 1260 τῷ
3396 1191 3774 1261 ἐντυγχάνοντι

2193 1290 2322 1360 περὶ
2371 1287 2573 1349 παντὸς
2619 1284 2715 1338 τοῦ
2765 1283 3097 1356 ζητήματος,
3144 1283 3218 1345 ὼς
3264 1283 3369 1335 τῶν
3406 1280 3611 1351 καιρῶν
3659 1283 3777 1332 ἐστι

2192 1382 2287 1435 καὶ
2332 1383 2536 1451 χρόνων
2568 1378 2636 1433 τά
2681 1380 3069 1449 ὑφευρήματα,
3114 1379 3213 1430 ὅσα
3248 1376 3485 1447 ἠδυνήθη
3518 1376 3545 1426 ό
3583 1373 3775 1443 μικρὸς

2191 1473 2346 1545 ἡμῶν
2381 1472 2504 1536 νοῦς
2554 1470 2877 1542 ἐξασκηθεὶς
2911 1470 3334 1522 καταλαϐέσθαι.
3374 1467 3483 1519 Καὶ
3530 1466 3589 1518 οὑ
3640 1466 3774 1517 πάν-

2188 1583 2299 1629 τως
2344 1583 2445 1619 που
2476 1563 2923 1634 ἐπαγγελλόμεθα
2967 1564 3179 1617 πάντων
3210 1562 3318 1614 τῶν
3351 1564 3407 1614 ἐν
3452 1560 3527 1630 τῷ
3562 1559 3769 1628 κόσμῳ.

2194 1659 2411 1725 ’Λφατα
2460 1659 2569 1727 γάρ
2612 1659 2728 1709 ἐστι
2763 1657 2855 1709 καὶ
2891 1656 3033 1724 φατά
3068 1656 3180 1724 (1),
3219 1653 3473 1725 ἀμύθητά
3512 1670 3567 1705 τε
3594 1652 3685 1703 καὶ
3715 1652 3772 1703 ἐν

2190 1750 2407 1821 ἀριθμῷ
2445 1750 2520 1821 μὴ
2571 1750 2968 1819 καθιστάμενα,
3011 1750 3104 1802 καὶ
3146 1749 3267 1801 ὅσον
3302 1748 3400 1817 μὲν
3438 1747 3516 1808 είς
3564 1742 3773 1815 ἀνθρώ-

504 1838 764 1909 prehendi
821 1848 1100 1907 possunt;
1150 1848 1314 1909 atque
1364 1850 1421 1893 ut
1477 1839 1843 1893 humanarum
1885 1840 2081 1894 virium

2186 1860 2319 1906 πους
2351 1838 2485 1913 ἧκεν
2512 1843 2798 1910 ἀνέφικτα,
2837 1842 2983 1911 μόνῳ
3018 1840 3073 1892 δέ
3118 1839 3193 1910 τῷ
3223 1838 3330 1890 τῶν
3359 1838 3494 1890 ὅλων
3527 1835 3773 1905 Δεσπότῃ

504 1939 727 2001 captum
760 1940 1126 1999 exsuperant:
1168 1933 1240 1983 ita
1266 1932 1367 1986 soli
1412 1932 1655 1986 omnium
1709 1930 1939 1985 Domino
1968 1947 2089 2001 per-

504 2031 690 2092 specta
714 2032 862 2085 sunt,
897 2029 950 2077 et
974 2022 1211 2093 cognita.
1239 2021 1342 2077 Sed
1371 2038 1436 2078 ea
1465 2022 1683 2077 demum
1719 2023 1954 2078 instituti
1989 2039 2089 2077 no-

504 2114 602 2169 stri
635 2114 777 2167 ratio
809 2122 913 2177 est,
961 2122 1019 2167 ut
1056 2114 1343 2184 opiniones
1401 2116 1845 2186 cognitionesque
1886 2117 2084 2180 varias,

503 2219 569 2259 ac
603 2213 713 2258 tam
767 2203 890 2258 ﬁdei
931 2220 1093 2275 quam
1125 2205 1459 2261 inﬁdelitatis
1492 2208 1884 2277 professiones,
1918 2210 2086 2265 haere-

504 2306 593 2347 ses
615 2292 743 2346 item
774 2306 839 2346 ac
881 2308 1050 2363 prava
1084 2294 1333 2372 dogmata
1364 2298 1720 2366 complectar,
1752 2314 1881 2368 qua!
1900 2314 2089 2355 errore

502 2383 864 2439 circumventi
902 2386 1154 2441 homines
1190 2396 1303 2442 toto
1350 2389 1484 2443 orbe
1511 2390 1977 2457 disseminarunt;
2020 2407 2087 2446 ex

501 2492 611 2548 quo
640 2479 872 2550 primum
906 2479 1202 2534 humanum
1236 2498 1409 2551 genus
1433 2483 1485 2536 in
1514 2493 1658 2538 terra
1692 2484 1973 2539 conditum
2004 2494 2088 2539 est

502 2568 570 2623 ad
601 2570 921 2626 hodiernum
974 2588 1145 2642 usque
1174 2581 1411 2643 tempus,
1455 2579 1549 2644 qui
1582 2586 1667 2630 est
1719 2574 2084 2631 Valentiniani

499 2667 556 2718 et
582 2659 828 2718 Valentis
852 2678 1031 2719 annus
1059 2680 1109 2718 xu
1130 2705 1145 2726 ,
1174 2663 1421 2720 Gratiani
1453 2683 1550 2721 vu.
1599 2668 1778 2737 Atque
1831 2668 1923 2722 illa
1961 2671 2088 2739 qui-

501 2751 645 2819 dem,
679 2768 801 2825 quae
827 2754 894 2810 de
923 2754 1244 2821 haeresibus,
1286 2765 1381 2810 aut
1411 2756 1604 2812 haeresi
1636 2759 1784 2812 omni
1836 2761 2087 2829 superio-

499 2844 653 2901 ribus
680 2846 943 2901 institutis
977 2847 1281 2911 disserere,
1337 2864 1402 2903 ac
1438 2849 1743 2906 lectoribus
1778 2866 2087 2921 pr0ponere

499 2934 877 3004 aggredimur,
908 2945 1036 2989 sunt
1081 2952 1110 2989 a
1157 2938 1314 2993 nobis
1365 2938 1562 3009 partim
1617 2939 1871 2994 doctrina
1904 2955 1970 2994 ac
2010 2942 2087 2996 le-

497 3028 678 3083 ctione
709 3026 949 3098 cognita,
983 3029 1181 3098 partim
1231 3029 1513 3084 auditione
1561 3042 1817 3101 percepta
1839 3072 1854 3099 ,
1885 3033 2083 3102 partim

496 3119 659 3172 etiam
695 3120 919 3174 auribus
955 3120 1125 3189 ipsis,
1183 3123 1464 3192 oculisque
1515 3123 1779 3193 subjecta.
1834 3125 1916 3180 Ad
1970 3126 2085 3180 haec

498 3212 885 3267 nonnullarum
917 3221 1191 3269 sectarum
1234 3217 1475 3288 origines
1497 3259 1511 3281 ,
1569 3235 1693 3275 cum
1731 3221 2083 3292 dogmatibus
2110 3232 2151 3289 ο
2186 3218 2447 3286 νομένων-

495 3301 655 3371 ipsis,
684 3304 1024 3358 accurateita
1048 3306 1124 3359 uti
1151 3307 1383 3376 professi
1415 3325 1629 3375 sumus,
1658 3313 1957 3368 tradituros
1976 3329 2075 3369 nos

494 3409 619 3450 esse
665 3395 996 3453 conﬁdimus
1028 3415 1041 3450 :
1080 3398 1134 3451 in
1190 3400 1312 3455 aliis
1353 3410 1561 3470 partem
1592 3418 1781 3457 eorum
1815 3403 2078 3459 duntaxat

494 3486 855 3563 attingemus,
889 3505 1011 3558 qua:
1046 3490 1115 3545 ab
1144 3491 1253 3546 illis
1300 3492 1433 3561 ipsis
1472 3503 1661 3548 exorta
1712 3503 1871 3562 sunt;
1904 3511 2078 3565 quan-

492 3586 609 3633 tum
634 3579 853 3650 quidem
886 3584 968 3637 vel
991 3600 1056 3639 ex
1092 3584 1445 3639 monimentis
1478 3593 1747 3650 veterum,
1773 3589 1856 3642 vel
1883 3605 1947 3643 ex
1981 3589 2078 3643 ho-

493 3673 700 3728 minum
735 3676 1052 3732 narratione
1099 3678 1190 3745 qui
1227 3678 1602 3746 plenissimam
1633 3682 1793 3736 nobis
1824 3683 1981 3737 ﬁdem
2002 3683 2072 3736 fe-

493 3767 1011 3838 cerant,3baurire
1041 3769 1336 3837 potuimus.
1370 3770 1476 3825 Sed
1508 3772 1561 3824 in
1579 3787 1697 3826 eam
1733 3781 1902 3828 totam
1928 3774 2080 3830 lucu-

493 3856 794 3913 brationem
829 3860 911 3913 sic
963 3860 1334 3924 incubuimus,
1379 3876 1488 3916 non
1541 3870 1602 3917 ut
1636 3879 1731 3933 per
1779 3880 1881 3920 nos
1928 3867 2078 3936 ipsos

493 3953 685 4013 sponte
708 3962 1140 4018 capesseremus,
1170 3957 1263 4003 aut
1293 3950 1347 4003 ill
1375 3965 1436 4005 ea
1466 3966 1568 4006 nos
1601 3962 1922 4023 argumenta
1951 3971 2077 4025 per—

490 4050 677 4105 peram
727 4038 1141 4094 immitteremus
1163 4080 1176 4103 ,
1209 4056 1330 4110 qua:
1362 4043 1560 4097 virium
1610 4051 1923 4099 nostrarum
1963 4046 2080 4101 exi-

489 4128 754 4197 guitatem
788 4138 1052 4201 superant
1086 4150 1098 4185 :
1130 4148 1307 4203 neque
1343 4134 1488 4188 enim
1521 4134 1741 4190 aliunde
1766 4137 2078 4206 opusillud,

492 4219 638 4288 quod
676 4235 787 4290 pra:
818 4222 1070 4277 manibus
1095 4231 1199 4286 est,
1231 4225 1475 4295 aggressi
1503 4240 1716 4289 sumus,
1738 4241 1904 4295 quam
1935 4228 2081 4296 quod

489 4312 705 4367 volente
731 4311 842 4367 Deo
874 4315 1041 4369 variis
1072 4315 1209 4370 locis
1249 4331 1313 4370 ac
1344 4316 1683 4386 temporibus
1708 4325 1899 4372 nostra
1928 4317 1996 4371 ad
2027 4318 2082 4374 id

490 4402 755 4470 agendum
786 4404 1084 4458 sollicitata
1121 4419 1152 4457 a
1192 4406 1530 4475 sapientibus
1560 4408 1692 4461 viris
1732 4408 2082 4466 imbecillitas

488 4505 612 4558 est,
654 4495 764 4549 imo
821 4496 984 4551 etiam
1044 4500 1439 4568 propemodum
1498 4510 1715 4556 coacta.
1767 4501 2015 4568 Quorum
2051 4520 2082 4558 e

557 4650 600 4685 “
630 4649 745 4703 Jac.
772 4666 858 4715 Ill,
895 4651 980 4705 15.
1080 4654 1100 4683 ⁵
1132 4651 1291 4707 Forte
1318 4654 1508 4710 ἄλλων.

2189 1934 2584 2004 γινωσκόμενα.
2622 1934 2695 1986 Τὸ
2739 1934 2796 1986 δὲ
2832 1933 3156 2002 ἐπάγγελμα
3203 1931 3315 2002 ἔχει
3354 1931 3481 2001 περὶ
3512 1929 3773 1998 διαφορᾶς

2188 2024 2355 2091 δοξῶν
2400 2042 2459 2076 τε
2494 2024 2586 2077 καὶ
2630 2024 2905 2092 γνώσεων,
2954 2022 3385 2092 ὲπαγγελμάτων
3427 2038 3483 2073 τε
3537 2020 3771 2081 πίστεως

2190 2116 2253 2167 ὲκ
2298 2116 2431 2167 Θεοῦ
2479 2116 2574 2168 καὶ
2620 2116 2901 2179 ἀπιστίας,
2951 2112 3211 2186 αἱρέσεων
3245 2131 3301 2166 τε
3348 2115 3440 2166 καί
3480 2109 3771 2173 κακοδόξω

2188 2206 2413 2277 γνώμης
2456 2205 2803 2279 ἀνθρωπείας
2837 2207 2942 2260 ὑπὸ
2992 2206 3424 2277 πεπλανημένων
3470 2202 3675 2274 ἀνδρῶν
3712 2203 3771 2253 ἐν

2190 2300 2378 2370 κόσμῳ
2423 2300 2793 2370 ἐσπαρμένης,
2854 2298 3002 2363 ἐξότε
3052 2299 3333 2369 ἄνθρωπος
3383 2298 3475 2350 ἐπὶ
3520 2298 3623 2366 γῆς
3676 2296 3771 2347 πέ-

2190 2392 2444 2453 πλασται,
2479 2393 2606 2463 ἄχρι
2634 2392 2728 2444 τοῦ
2756 2393 3022 2463 ἡμετέρου
3071 2390 3283 2462 χρόνου,
3336 2389 3579 2443 τουτέστι
3623 2387 3764 2457 βασι-

2196 2483 2345 2547 λείας
2388 2483 2839 2537 υὺαλεντινιανοῦ
2892 2482 2986 2534 καὶ
3032 2482 3330 2543 υύάλεντος
3380 2480 3455 2550 (2)
3486 2480 3772 2532 ἑνδεκάτου

2188 2574 2362 2636 ἔτους,
2398 2572 2492 2625 καὶ
2516 2571 2837 2642 Γρατιανοῦ.
2861 2571 2981 2623 Τῶν
3001 2572 3056 2623 δὲ
3074 2572 3159 2639 ὑφ’
3186 2570 3343 2641 ἡμῶν
3369 2569 3665 2639 μελλόντων
3692 2571 3770 2631 εἰς

2187 2664 2388 2733 γνῶσιν
2422 2663 2530 2717 τῶν
2578 2662 3014 2734 ἐντυγχανόντων
3062 2662 3218 2731 ἣκειν
3262 2660 3523 2733 αἱρέσεων
3574 2677 3632 2711 τε
3679 2662 3770 2711 καὶ

2188 2756 2295 2808 τῶν
2326 2756 2587 2809 ἀνωτάτω
2632 2755 2699 2807 τά
2748 2756 2845 2825 μὲν
2888 2756 2953 2808 ἐκ
2984 2754 3339 2823 φιλομαθείας
3384 2755 3560 2823 ἴσμεν,
3612 2752 3679 2805 τά
3712 2751 3769 2803 δὲ

2189 2847 2248 2911 ἐξ
2276 2848 2446 2918 ἀκοῆς
2482 2846 2910 2917 κατειλήφαμεν,
2944 2850 3054 2911 τοῖς
3093 2848 3147 2899 δέ
3174 2865 3316 2899 τισιν
3364 2846 3512 2909 ἰδίοις
3543 2846 3645 2898 ὠσὶ
3678 2846 3771 2897 καὶ

2186 2940 2487 3009 ὀφθαλμοῖς
2520 2938 2919 3009 παρετύχομεν.
2959 2940 3067 2992 Καὶ
3092 2939 3201 2991 τῶν
3239 2939 3335 3008 μὲν
3370 2939 3466 3001 τὰς
3500 2938 3653 3010 ῥίζας
3680 2938 3770 2989 καὶ

2186 3034 2254 3086 τά
2305 3034 2613 3103 διδάγματα
2665 3032 2723 3097 ἐξ
2780 3031 3042 3100 ἀκριϐοῦς
3099 3032 3429 3099 ἐπαγγελίας
3480 3031 3770 3083 ἀποδοῦναι

2189 3124 2657 3194 πεπιστεύκαμεν,
2687 3120 2795 3174 τῶν
2828 3122 2886 3174 δέ
2920 3123 3083 3193 μέρος
3123 3141 3175 3175 τι
3214 3122 3322 3174 τῶν
3358 3122 3451 3175 ἀπ’
3483 3122 3649 3191 αὐτῆς
3680 3138 3767 3189 γι-

2514 3215 2602 3281 ἘΞ
2652 3206 2726 3266 ὧν
2774 3212 2932 3265 τοῦτο
2968 3214 3065 3284 μὲν
3094 3212 3179 3265 διά
3226 3212 3614 3282 συνταγμάτων
3660 3229 3766 3263 πα-

2181 3308 2346 3361 λαιῶν
2403 3306 2787 3378 συγγραφέων,
2847 3305 3004 3358 τοῦτο
3048 3305 3105 3358 δέ
3144 3305 3209 3357 δι’
3252 3307 3421 3375 ἀκοῆς
3468 3304 3768 3375 ἀνθρώπων

2179 3401 2423 3472 ἀκριϐῶς
2459 3401 2890 3469 πιστωσαμένων
2930 3397 3025 3468 τὴν
3059 3398 3214 3469 ἡμῶν
3253 3398 3459 3451 ἔννοιαν
3483 3397 3763 3467 ἔγνωμενο

2177 3495 2332 3547 τοῦτο
2382 3494 2440 3546 δὲ
2492 3493 2551 3545 τὸ
2599 3494 2706 3545 πᾶν
2767 3490 3151 3562 συνηγάγομεν
3205 3490 3530 3559 φρόντισμα,
3575 3491 3635 3541 οὺ
3693 3489 3764 3541 δι’

2180 3586 2391 3639 ἑαυτῶν
2446 3585 2889 3655 ἐπιϐαλλόμενοι,
2935 3584 3033 3635 οῦκ
3082 3582 3490 3652 ἐπεντριὸέντες
3528 3585 3766 3651 ἐπαγγει

2178 3676 2321 3740 λίαις
2368 3675 2823 3747 ὑπερϐαινούσαις
2874 3676 2971 3743 τὴν
3010 3674 3167 3743 ήμῶν
3222 3672 3602 3744 βραχυλογίαν.
3653 3674 3765 3726 Καὶ

2180 3769 2289 3839 γὰρ
2333 3770 2427 3821 καὶ
2459 3769 2619 3821 αὐτὸν
2650 3769 2835 3822 τοῦτον
2864 3770 2954 3822 τὸν
2986 3769 3162 3837 λόγον,
3206 3770 3264 3821 ὃν
3305 3768 3575 3822 συνθεῖναι
3606 3768 3763 3837 ηὐδο-

2181 3861 2429 3930 κήσαμεν
2483 3860 2616 3912 Θεοῦ
2667 3861 2913 3932 βουλήσει
2963 3862 3021 3926 ἐξ
3070 3863 3277 3933 ἀνδρῶν
3318 3860 3640 3931 φιλοσόφων,
3670 3861 3763 3914 άλ-

2182 3950 2295 4003 λοθι
2364 3948 2559 4014 ’ἄλλως
2581 3953 2636 4017 ⁵,
2714 3953 2807 4005 καὶ
2860 3952 3049 4005 ἄλλοτε
3100 3953 3273 4016 ἄλλως
3321 3952 3592 4017 νυξάντων
3662 3950 3763 4023 την

2182 4046 2339 4115 ἡμῶν
2382 4044 2690 4106 ἀσθένειαν,
2746 4045 2839 4097 καὶ
2867 4044 3208 4114 βιασαμένων
3243 4046 3409 4115 ἡμᾶς,
3450 4044 3524 4106 ὡς
3565 4045 3761 4107 εἰπεῖν,

2183 4135 2471 4205 παρελθεῖν
2501 4138 2580 4198 είς
2622 4134 2798 4198 τοῦτο,
2831 4136 2905 4199 ὡς
2945 4138 2978 4206 ἡ
3011 4136 3165 4206 ὑμῶν
3193 4136 3443 4206 τιμιότης
3469 4135 3759 4205 γράφουσα

2181 4226 2270 4280 διὰ
2324 4227 2679 4298 προφητικῶν
2738 4229 2758 4259 ⁶
2808 4230 3151 4299 γραμμάτων
3200 4230 3419 4301 ᾔτησεν,
3483 4222 3527 4282 ὦ
3568 4228 3760 4300 τιμιώ-

2181 4320 2333 4373 τατοί
2371 4337 2473 4391 μου
2521 4321 2741 4388 ἀδελφοὶ
2791 4323 2884 4374 καὶ
2938 4322 3347 4390 φιλοκαλότατοι
3391 4324 3610 4376 Ἀκάκιε
3666 4323 3760 4375 καὶ

2185 4413 2365 4467 Παῦλε
2418 4415 2913 4487 συμπρεσὸύτεροι.
2973 4417 3125 4468 Ἐπεὶ
3164 4412 3254 4468 οὖν
3285 4414 3617 4484 πανταχόθεν
3658 4415 3757 4467 οὐν

2184 4505 2335 4559 ἀθεεὶ
2349 4507 2615 4576 διασκοπή
2625 4526 2821 4572 σαντας
2841 4510 2915 4577 (5}
2926 4508 3137 4579 ψήφους
3160 4508 3265 4560 τῶν
3281 4509 3545 4578 αἰτήσεων
3560 4507 3648 4560 διὰ
3657 4506 3759 4578 τὴν

1632 4657 1667 4687 ⁶ι
1683 4656 1743 4713 L.
1778 4660 2263 4728 προσφωνητικῶν.

556 4805 631 4877 (1)
659 4807 1025 4891 “Asparem-dp
1053 4809 1185 4862 ἐστι
1224 4811 1322 4863 καὶ
1352 4810 1527 4891 sparti.
1566 4813 1833 4891 Expuﬂngo
1876 4824 2058 4891 poste—

2182 4814 2380 4891 Ihristi
2396 4826 2479 4871 est
2501 4818 2630 4891 574.
2657 4817 2901 4891 Gratiani
2935 4834 3110 4891 annos
3145 4821 3513 4887 praetermisit,
3548 4828 3609 4876 ut
3638 4821 3755 4891 opi-

485 4878 659 4932 riorcs
678 4878 840 4932 hasce
866 4881 1109 4941 voculas,
1142 4896 1263 4947 quae
1288 4883 1613 4935 sententiam
1650 4878 1944 4947 infuscant,
1967 4887 2061 4937 καὶ

488 4947 651 5016 φατά.
686 4947 832 5020 Dixit
871 4949 1089 5020 quidem
1117 4948 1388 5005 Hesiodus
1420 4952 1578 5006 initio
1607 4951 1857 5020 Ἔργων,

487 5019 599 5091 ’ζων-
611 5035 672 5070 τε
685 5018 1017 5091 *διᾲρροτοῖ
1030 5019 1246 5087 ἄνδρες
1261 5021 1438 5090 ὁμῶς,
1460 5018 1687 5091 ἄφατοί
1705 5040 1767 5076 τε
1787 5026 1964 5091 φατοί
1979 5042 2063 5087 τε,

496 5088 694 5154 Ῥητοί
718 5088 769 5140 τ’
803 5087 1047 5156 ἄρῤητοι
1071 5107 1135 5143 τε
1154 5108 1168 5122 ·

487 5158 581 5233 sed
631 5158 738 5211 alio
765 5174 1145 5233 seusu,_quam
1184 5168 1243 5215 ut
1272 5161 1403 5216 huic
1436 5163 1556 5217 loco
1595 5174 1882 5233 congruat.
1926 5164 2062 5218 Nam

486 5226 591 5302 hoc
617 5244 784 5302 unum
816 5226 1161 5302 Epiphanius
1185 5232 1478 5302 signiﬁcat.
1500 5249 1559 5289 se
1581 5250 1687 5287 non
1706 5226 1892 5287 omnia
1922 5251 2066 5287 com-

488 5297 649 5362 plecti
685 5298 786 5370 hoc
815 5297 1064 5369 inrepere
1079 5297 1297 5370 cupere,
1322 5317 1445 5356 cum
1479 5305 1900 5359 innumerabilia
1926 5306 2059 5369 sint,

488 5369 878 5442 ncc‘oratione
898 5369 1285 5439 comprehendi
1326 5375 1558 5442 possint.

531 5434 634 5511 .(2)
699 5440 969 5511 TovaéO't
1003 5434 1343 5509 ,Βασιλείαςδ
1385 5445 1907 5499 Οὐαλεντινιανοῦ.
1934 5500 1937 5503 ι
1964 5445 2060 5501 Est

490 5499 579 5587 hic
610 5499 787 5587 annus
822 5499 1040 5587 Christi
1072 5513 1197 5587 37d,
1226 5499 1348 5587 quo
1375 5531 1535 5570 suum
1580 5531 1718 5584 opus
1763 5499 2055 5587 θεετθὲξξιίε

489 5570 967 5655 est‘lipiphanius;
1000 5570 1261 5655 Gratiano
1309 5584 1396 5647 ΙΙΙ,
1431 5595 1485 5640 et
1514 5570 1728 5655 Equitio
1753 5570 2047 5642 casus—Va;

490 5638 817 5728 [υῃιῆηἶξξψξ
834 5638 1053 5728 enim-et
1084 5650 1281 5728 Valens
1312 5638 1899 5728 ίφβέτιιῖιῇαιίέρίέᾱῐί
1921 5638 2049 5712 sunt

492 5719 635 5790 antu}
672 5712 775 5765 564
804 5715 1189 5790 bisextiliLqui
1229 5712 1439 5778 Joviani
1477 5738 1529 5780 et
1567 5712 1893 5781 Varroniani
1923 5744 2049 5783 con-

495 5776 675 5833 sulatu
706 5792 924 5841 notatur
965 5789 1021 5843 in
1062 5776 1281 5846 Fastis;
1310 5776 1438 5852 Ideo
1468 5776 2048 5863 anuus-utriusque}:

2173 4901 2294 4951 nor,
2328 4886 2602 4962 librarius.
2647 4888 2826 4962 Quare
2866 4886 3305 4962 substitueudum
3366 4900 3449 4962 est
3495 4893 3588 4945 καὶ
3617 4886 3754 4962 Γρα-

2172 4955 2356 5009 τιανοῦ
2396 4957 2602 5024 ὀγδόου.
2637 4959 2953 5016 Gratianus.
2988 4957 3252 5027 Lupicino
3282 4967 3337 5015 et
3357 4959 3550 5016 Jovino
3580 4955 3750 5027 coss,

2175 5034 2234 5079 ut
2265 5035 2457 5103 auctor
2492 5036 2576 5082 est
2626 5027 2881 5083 Socrates
2913 5029 3003 5081 lib.
3039 5046 3111 5103 Iv,
3152 5045 3272 5100 cap.
3308 5031 3393 5094 lt),
3452 5033 3751 5103 imperator

2174 5106 2229 5148 et
2270 5100 2545 5167 Augustus
2591 5112 2621 5150 a
2683 5106 2837 5167 patre
2878 5102 3222 5154 renuntiatus
3260 5112 3380 5165 est,
3419 5100 3563 5156 anno
3593 5104 3750 5157 Chri-

2176 5167 2247 5220 sti
2276 5168 2399 5237 567.
2446 5165 2627 5237 Itaque
2652 5165 2971 5224 undecimus
3005 5169 3369 5225 Valentiniani
3400 5184 3454 5227 et
3490 5173 3747 5236 Valentis,

2164 5244 2249 5290 est
2270 5236 2516 5291 Gratiani
2540 5236 2797 5293 octavus.
2838 5241 2892 5292 In
2920 5239 3342 5295 Manichaeorum
3376 5244 3567 5297 haeresi
3597 5260 3745 5305 uvr,

2164 5322 2393 5380 ntimero
2418 5307 2511 5369 “20,
2551 5324 2725 5363 annos
2758 5308 3000 5364 Gratiani
3030 5323 3445 5367 commemorat.
3481 5313 3653 5380 Quem
3689 5315 3747 5368 in

2162 5377 2342 5430 locum
2383 5387 2576 5433 uetera
2605 5396 2973 5435 reservamus.

2230 5448 2307 5517 (5)
2341 5451 2463 5502 Οὐκ
2479 5450 3233 5522 ἀθεεὶ-διασκοπήσαντας.
3280 5453 3379 5508 Hic
3419 5454 3745 5522 conjectura:

2159 5517 2314 5591 locus
2348 5531 2449 5574 est.
2477 5520 2615 5574 Nam
2641 5520 2710 5574 de
2740 5523 2869 5591 vitio
2892 5517 3128 5578 constat.
3157 5522 3346 5579 Scribe
3369 5517 3743 5591 Staciortﬁca;

2156 5588 2256 5664 τὰς
2285 5588 2497 5659 ψήφους
2525 5611 2534 5619 ·
2562 5598 2616 5645 et
2655 5591 2785 5664 εἴσω
2818 5588 3125 5662 παρελθεῖν.
3153 5592 3253 5664 Vel
3279 5595 3535 5664 διεσκόπη
3548 5588 3741 5657 una;

2156 5658 2392 5729 ψήφους,
2438 5670 2492 5714 et
2528 5662 2869 5716 retinendum
2902 5658 2998 5725 εἰς
3058 5665 3104 5716 ὅ.
3138 5663 3272 5717 Cum
3311 5666 3378 5718 ad
3422 5658 3741 5732 susceptum

2159 5745 2297 5801 opus
2328 5732 2756 5801 aggrediendum
2785 5734 3185 5790 consentientia
3218 5744 3458 5791 vestrum
3491 5735 3741 5791 omnium

2158 5799 2419 5869 suffragia
2450 5800 2707 5858 viderem.
