4204 6370
448 372 545 426 177

1116 373 1485 430 ADVERSUS
1527 375 1868 434 IIASRESES
1905 377 2034 438 LIB.
2068 377 2106 433 I.
2151 376 2313 433 TOM.
2357 379 2399 434 l.
2439 408 2508 418 —
2544 376 2816 433 HrERES.
2856 376 2994 434 I-IV.

3593 377 3699 436 I78

445 490 886 561 ὑπερϐάλλουσαν
912 493 1019 547 τῶν
1062 495 1157 548 τοῦ
1190 497 1325 550 Θεοῦ
1368 499 1567 553 δούλων
1593 500 1835 572 ἀγάπην,
1883 504 1961 564 εἰς
2000 502 2024 554 ὃ

2132 516 2360 556 numero
2389 515 2489 555 vos
2518 500 2621 570 ipsi
2646 516 2892 570 quoque,
2930 499 3093 554 Aeaci
3126 513 3188 553 ac
3219 499 3381 555 Paule
3408 488 3709 556 venerandi
3768 476 3773 484 ’

446 582 741 653 παρελθεῖν
788 584 1153 656 κατηξίωμαι,
1207 589 1268 641 οὐ
1312 591 1378 641 δι’
1432 592 1686 656 εὐεπείας
1718 593 1910 660 λόγων,
1959 594 2020 647 οὐ

445 672 747 742 στωμύλοις
791 675 901 727 τισὶ
945 675 1231 744 φθογγαῖς,
1280 679 1394 731 ἀλλ’
1439 682 1580 751 άπλῇ
1625 684 1691 751 τῇ
1736 682 2019 752 διαλέκτῳ,

445 760 600 830 ἁπλῷ
628 760 892 832 τῷλόγῳ,
932 764 1189 836 ἀκριϐείᾳ
1211 767 1267 819 δὲ
1300 769 1406 821 τῶν
1444 771 1501 823 ὲν
1539 770 1616 841 τῷ
1645 772 1787 841 λόγῳ
1835 771 2025 842 δηλου-

447 853 621 923 μένων
650 853 880 924 ἄρξομαι
906 854 998 908 τοῦ
1025 856 1222 924 λέγειν..

2129 591 2348 656 fratres,
2378 601 2431 647 et
2475 592 2851 647 honestissimi
2904 592 3195 647 sacerdotii
3230 594 3469 663 collegae,
3497 592 3637 648 idem
3666 609 3697 647 a

2131 699 2217 737 me
2265 682 2594 754 propheticis
2642 683 2841 737 litteris
2875 684 3213 752 postulastis.
3242 683 3409 754 Igitur
3439 684 3699 754 quoniam

2136 789 2241 828 non
2273 774 2391 827 sine
2423 772 2608 826 divino
2636 770 2884 835 Numine,
2915 787 2979 826 ex
3015 774 3277 826 immensa
3298 773 3388 827 Dei
3416 786 3701 828 servorum

2137 867 2405 920 charitate
2434 872 2512 919 tot
2545 865 2602 918 in
2631 880 2797 917 unum
2829 865 2985 919 video
3009 865 3204 919 collata
3236 865 3559 935 petitionum
3586 861 3704 918 suf-

446 946 641 1016 fragia,
676 948 821 1016 quod
849 963 879 1001 a
914 964 1000 1003 me
1031 956 1141 1003 tam
1180 951 1343 1006 enixe
1396 950 1692 1022 ﬂagitatum
1722 962 1837 1016 est,
1873 955 2025 1009 nullo
2071 973 2249 1027 neque
2286 957 2552 1011 orationis
2575 957 2749 1023 cultu,
2790 971 2965 1025 neque
3000 971 3194 1011 vocum
3241 956 3559 1020 lenociniis,
3605 952 3705 1010 sed

444 1038 789 1108 simplicibus
842 1040 1060 1106 verbis,
1090 1041 1321 1113 rudique
1377 1059 1661 1109 sermone,
1716 1047 2023 1101 certissima
2064 1055 2244 1104 tamen
2273 1049 2517 1103 omnium
2550 1064 2670 1104 qua:
2721 1047 3073 1117 proponenda
3122 1055 3251 1102 sunt
3297 1048 3434 1112 fide,
3485 1046 3701 1101 initium

443 1129 661 1184 dicendi
700 1130 918 1186 faciam.

513 1223 590 1281 I".
627 1226 736 1278 Καὶ
763 1227 1061 1298 Νίκανδρος
1098 1228 1195 1298 μὲν
1226 1230 1255 1281 6
1284 1232 1632 1302 συγγραφεὺς
1648 1230 1828 1303 θηρῶν
1848 1247 1907 1283 τε
1928 1232 2023 1285 καὶ

444 1318 691 1389 ἑρπετῶν
736 1320 1028 1390 ἐποιήσατο
1064 1321 1170 1375 τῶν
1202 1321 1415 1391 φύσεων
1461 1324 1559 1393 τὴν
1595 1325 1795 1392 γνῶσιν
1816 1341 1828 1354 ⁸
1874 1324 2023 1378 ἄλλοι

443 1408 501 1461 δὲ
532 1412 865 1481 συγγραφεῖς
911 1410 1077 1481 ῥιζῶν
1109 1429 1169 1464 τε
1211 1413 1305 1465 καὶ
1350 1412 1588 1482 βοτανῶν
1621 1414 1720 1477 τάς
1753 1414 1882 1477 ὔλας
1904 1430 1917 1443 ·
1949 1413 2024 1478 ὡς

444 1502 829 1572 Διοσκουρίδης
868 1486 965 1572 μέν
994 1503 1024 1555 6
1068 1503 1348 1573 ὑλοτόμος,
1392 1505 1675 1576 Πάμφιλός
1717 1523 1777 1558 τε
1817 1507 1893 1577 (4)
1928 1506 2023 1559 καὶ

442 1591 782 1663 Μιθριδάτης
819 1596 847 1647 6
880 1594 1150 1664 βασιλεὺς,
1188 1595 1552 1668 Καλλισθένης
1585 1615 1644 1650 τε
1695 1599 1790 1651 καὶ
1827 1598 2019 1661 Φίλων,

458 1682 655 1747 Ἰόλαός
699 1701 760 1736 τε
791 1686 820 1737 6
849 1684 1097 1749 Βιθυνὸς,
1135 1688 1229 1739 καὶ
1290 1687 1645 1759 Ἡρακλείδης
1682 1689 1710 1740 6
1756 1689 2020 1758 Τάραντι-

442 1774 705 1845 νὸς⁷(5),
761 1778 1048 1848 Κρατεύας
1092 1780 1121 1831 6
1167 1780 1471 1851 ῥιζοτόμος,
1529 1780 1779 1850 Ἀνδρέας
1824 1797 1885 1832 τε
1932 1780 2024 1833 καὶ⁵

444 1866 656 1929 Βάσσος
685 1870 714 1921 6
747 1867 939 1931 Τύλιος
971 1868 1067 1940 (6),
1098 1871 1429 1941 Νικήρατος,
1465 1872 1559 1923 καὶ⁸
1597 1871 1899 1942 Πετρώνιος
1927 1870 2023 1923 Νί-

443 1974 546 2029 γερ
571 1958 672 2029 (7),
716 1960 811 2012 καὶ
853 1960 1118 2025 Διόδοτος,
1150 1963 1243 2014 καὶ⁴
1287 1962 1434 2015 ἄλλοι
1459 1963 1621 2026 τινές.
1670 1962 1761 2033 Τῷ
1789 1963 1845 2015 δὲ
1875 1962 2023 2032 αὐτῷ

442 2051 633 2121 τρόπῳ
681 2052 775 2104 καὶ
819 2054 981 2122 ἡμεῖς
1028 2053 1126 2117 τὰς
1172 2053 1280 2106 τῶν
1323 2054 1587 2125 αἱρέσεων
1639 2054 1793 2127 ῥίζας
1837 2071 1895 2107 τε
1930 2056 2024 2107 καὶ

443 2142 668 2213 γνώμας
698 2143 1025 2213 πειρώμενοι
1054 2145 1481 2207 ἀποκαλύπτειν,
1513 2147 1573 2198 οὐ
1615 2145 1815 2217 βλάϐης
1840 2145 2024 2199 ἕνεκεν

441 2237 555 2299 τοῖς
599 2236 1033 2306 ἐντυγχάνουσιν,
1079 2237 1216 2290 ἀλλά
1249 2237 1497 2309 καθάπερ
1536 2241 1647 2301 τοῖς
1688 2239 2020 2309 προειρημέ-

444 2344 556 2390 νοις
586 2326 961 2399 συγγραφεῦσι
1000 2327 1089 2380 διά
1130 2329 1361 2397 σπουδῆς
1407 2327 1622 2395 ἐγένετο
1655 2327 1713 2379 οὐ
1758 2326 1816 2379 τὸ
1856 2328 2025 2380 κακὸν

446 2422 708 2490 σημᾶναι,
758 2418 893 2472 ἀλλά
926 2420 1061 2490 πρὸς
1104 2419 1266 2488 φόϐον
1310 2420 1404 2473 καὶ
1452 2419 1749 2488 ἀσφάλειαν
1791 2419 1893 2488 τῆς
1933 2420 2025 2472 άν-

444 2510 726 2581 θρωπείας
776 2511 1011 2578 φύσεως,
1061 2512 1141 2573 εἰς
1183 2511 1244 2563 τὸ
1293 2511 1581 2579 γινώσκειν
1624 2510 1695 2563 τὰ
1740 2509 1886 2563 δεινὰ
1931 2510 2026 2562 καὶ

442 2603 719 2673 ὀλετήρια,
768 2603 863 2655 καὶ
910 2601 1434 2674 προασφαλίζεσθαι,
1487 2603 1581 2655 καὶ
1625 2601 2025 2672 διαδιδράσκειν

447 2696 545 2747 σὺν
576 2697 643 2763 τῇ
682 2692 775 2745 τοῦ
808 2692 942 2746 Θεοῦ
970 2693 1218 2764 δυνάμει,
1249 2693 1335 2746 διὰ
1371 2693 1464 2746 τοῦ
1496 2693 1784 2764 προσέχειν
1822 2694 1916 2746 καλ¹
1952 2694 2025 2765 μὴ

445 2786 895 2857 συναμιλλᾶσθαι.
946 2786 1070 2849 Τοῖς
1121 2785 1177 2838 δὲ
1220 2786 1313 2838 καὶ
1360 2787 1621 2850 τοιούτοις
1654 2785 2023 2856 περιτυχοῦσι,

444 2880 542 2933 καὶ
574 2879 678 2932 ὑπὸ
707 2878 816 2931 τῶν
857 2879 1111 2931 τοιούτων
1143 2878 1625 2939 ὲπιὸουλευθεῖσιν,
1670 2879 1703 2949 ἢ
1746 2879 1813 2931 δι’
1853 2881 2026 2949 ἐμφυ-

446 2973 712 3043 σήματος,
763 2972 795 3041 ἢ
845 2972 1142 3042 δήγματος,
1194 2970 1514 3041 ἢθεωρίας,
1556 2973 1604 3023 οἱ
1655 2971 1807 3023 αὐτοὶ
1852 2970 2024 3023 ταῦτα

450 3063 904 3133 μεριμνήσαντες,
948 3064 1042 3115 καὶ
1083 3062 1414 3135 ἀλεξητήρια
1445 3061 1611 3133 ῥιζῶν
1651 3079 1712 3114 τε
1742 3062 1836 3115 καὶ
1869 3061 2024 3132 βοτα-

2202 1227 2290 1282 III.
2326 1230 2404 1282 Ac
2432 1227 2703 1283 Nicander
2735 1227 2953 1297 quidem
2983 1235 3143 1298 poeta
3176 1228 3245 1283 de
3278 1228 3610 1299 serpentium
3640 1242 3704 1283 ac

2129 1320 2401 1389 reptilium
2433 1328 2627 1373 natura
2656 1320 2937 1374 disseruit.
2986 1321 3091 1374 Alii
3141 1334 3270 1374 vero
3309 1321 3606 1389 scriptores
3637 1321 3707 1376 de

2129 1412 2375 1465 radicum
2410 1412 2809 1481 herbarumque
2834 1411 3042 1466 viribus
3074 1411 3498 1466 commentarios
3520 1411 3707 1467 edide-

2130 1512 2277 1569 runt,
2310 1512 2369 1557 ιιι
2409 1502 2755 1558 Dioscorides
2801 1504 3091 1558 herbarius
3113 1545 3126 1569 ,
3156 1512 3211 1557 et
3260 1502 3607 1573 Pamphilus.
3640 1518 3706 1558 ac

2130 1593 2469 1648 Iﬁthridates
2502 1610 2619 1656 rex,
2644 1602 2697 1649 et
2727 1594 3115 1659 Callisthenes,
3172 1608 3236 1649 ac
3268 1593 3456 1661 Philo,
3489 1610 3705 1650 necnon

2130 1693 2184 1740 et
2210 1685 2387 1740 Iolaus
2412 1684 2698 1756 Bithynus,
2719 1697 2771 1741 et
2788 1684 3100 1742 Heraclides
3121 1684 3478 1749 Tarentinus,
3498 1694 3554 1743 et
3578 1688 3706 1742 Cra-

2131 1791 2281 1835 tevas
2337 1780 2644 1843 herbarius,
2672 1787 2728 1834 et
2766 1779 3032 1846 Andreas,
3063 1794 3127 1836 ac
3159 1780 3362 1837 Bassus
3414 1780 3625 1852 Tylius,
3652 1790 3707 1836 et

2124 1870 2432 1935 Niceratus,
2469 1887 2533 1926 ac
2566 1872 2854 1927 Petronius
2882 1873 3066 1942 Niger,
3098 1880 3151 1929 et
3182 1872 3465 1937 Diodotus,
3502 1873 3707 1943 aliique

2125 1963 2392 2017 nonnulli.
2442 1963 2685 2029 Quorum
2720 1964 2970 2032 exemplo
3029 1980 3131 2018 nos
3180 1965 3459 2019 htereseon
3494 1964 3706 2020 radices

2124 2063 2177 2109 et
2208 2054 2494 2123 Opiniones
2528 2054 2838 2125 patefacere
2879 2056 3226 2117 conabimur,
3256 2070 3363 2109 non
3416 2063 3476 2109 ut
3527 2054 3705 2108 fraudi

2124 2145 2424 2199 lectoribus
2453 2146 2555 2200 ista
2585 2144 2845 2200 sintzsed
2871 2145 3328 2215 quemadmodum
3357 2162 3496 2215 quos
3522 2146 3709 2217 proxi-

2125 2254 2210 2292 me
2238 2239 2658 2293 couttnetnoravi
2702 2241 3034 2309 scriptores,
3068 2256 3175 2294 non
3225 2249 3286 2294 ut
3319 2242 3521 2295 malum
3563 2240 3705 2294 indi-

2126 2337 2313 2384 carent
2350 2330 2455 2383 ista
2488 2330 2869 2394 tradiderunt,
2919 2332 3013 2387 sed
3049 2338 3107 2385 ut
3142 2331 3440 2385 humanum
3472 2331 3577 2386 sibi
3609 2346 3705 2402 ge-

2126 2438 2229 2475 nus
2254 2429 2491 2486 caveret,
2523 2438 2587 2476 ac
2623 2423 2907 2477 securitati
2942 2438 3054 2477 suae
3076 2423 3423 2485 consuleret,
3469 2422 3597 2476 dum
3638 2421 3711 2477 iis

2127 2529 2247 2584 quae
2278 2514 2583 2583 perniciosa
2628 2529 2689 2567 ac
2726 2513 2944 2567 lethalia
2975 2511 3151 2566 forent
3199 2513 3489 2582 cognitis,
3516 2513 3702 2581 Opitu-

2128 2605 2272 2658 Iatrt-e
2320 2605 2426 2659 Deo
2469 2604 2732 2659 adversus
2781 2603 2894 2657 haec
2928 2603 3139 2657 munire
3193 2617 3285 2664 se,
3327 2616 3391 2657 ac
3430 2601 3710 2657 declinare

2128 2706 2369 2765 possent,
2398 2694 2611 2765 sibique
2652 2695 3005 2765 providerent
3037 2694 3179 2763 ipsi,
3227 2708 3329 2747 nec
3371 2708 3493 2746 cum
3525 2693 3709 2749 noxiis

2128 2790 2236 2843 iit‘is
2275 2789 2440 2844 rebus
2490 2788 2728 2858 eiperiri
2769 2788 2991 2843 vellent.
3040 2787 3217 2856 Atque
3258 2794 3319 2840 ut
3350 2788 3596 2841 omnium
3652 2787 3710 2841 in

2125 2883 2355 2954 gratiam
2390 2882 2481 2951 qui
2515 2882 2571 2935 in
2608 2889 2892 2951 serpentes
2927 2880 3313 2943 incurrissent,
3345 2887 3438 2932 aut
3461 2892 3710 2948 quoquo-

2130 2974 2290 3029 modo
2322 2973 2620 3044 perniciem
2648 2973 2717 3027 ab
2747 2973 2815 3028 iis
2845 2971 3276 3033 contraxissent,
3304 2970 3418 3024 sive
3450 2966 3710 3038 pestifta'o

2128 3067 2366 3137 quodam
2401 3064 2605 3131 afﬂatu,
2644 3065 2760 3120 sive
2793 3080 2982 3119 morsu
3004 3104 3018 3126 ,
3052 3064 3167 3118 sive
3198 3070 3423 3131 aspectu
3476 3061 3710 3130 denique

446 3155 554 3208 νῶν
588 3152 984 3224 προετύπωσαν
1028 3154 1164 3224 πρὸς
1202 3153 1460 3223 ἀθέτησιν
1487 3153 1587 3222 τῆς
1619 3151 1727 3204 τῶν
1769 3169 2024 3223 προειρη-

2128 3161 2249 3230 ipso
2274 3159 2469 3225 vitiati,
2497 3160 2660 3213 iidem
2690 3158 2768 3211 illi
2796 3157 2890 3227 qui
2921 3156 2978 3229 in
3004 3153 3274 3225 ejusmodi
3297 3151 3711 3207 lucubrationes

449 3246 629 3316 μένων
672 3245 919 3316 ἑρπετῶν
957 3244 1288 3316 μοχθηρίας·
1334 3243 1477 3297 οὕτω
1519 3244 1611 3297 καὶ⁴
1645 3246 1779 3314 ἡμῖν
1824 3244 1884 3296 τὸ
1930 3244 2024 3297 πό-

2127 3251 2507 3314 incubuerant,
2544 3257 2736 3305 contra
2767 3250 2980 3302 illarum
3010 3247 3161 3301 virus
3192 3244 3436 3315 quaedam
3467 3259 3530 3298 ex
3562 3243 3709 3296 radi-

445 3356 598 3410 νημα
650 3338 737 3391 διὰ
783 3339 884 3408 τῆς
932 3337 1040 3389 τῶν
1096 3336 1509 3409 προειρημένων
1562 3337 1879 3407 προτροπῆς
1932 3338 2024 3390 καὶ

2127 3344 2281 3398 cibus
2314 3354 2476 3413 atque
2506 3343 2688 3397 herbis
2733 3342 2971 3397 remedia
3003 3349 3431 3413 compararunt:
3471 3342 3553 3396 sic
3604 3356 3709 3395 nos

447 3428 626 3498 ἡμῶν,
661 3425 1050 3485 ποθεινότατοι,
1082 3429 1162 3489 εἰς
1204 3426 1263 3479 τὸ
1305 3425 1653 3495 ἀποκαλύψαι
1698 3425 1805 3479 τῶν
1842 3426 2024 3480 δεινῶν

2127 3434 2368 3504 ejusdem
2402 3434 2637 3487 instituti
2660 3447 2802 3503 opus
2841 3434 2989 3489 istud
3019 3449 3145 3488 cum
3179 3447 3371 3487 eorum
3410 3446 3549 3502 quos
3582 3441 3711 3485 ante

447 3518 695 3589 ἑρπετῶν
721 3518 815 3571 καὶ
848 3516 1053 3587 θηρίων
1080 3517 1290 3587 μορφάς
1319 3534 1378 3568 τε
1404 3516 1632 3587 ἀνιαράς
1657 3515 1751 3569 καὶ
1775 3515 2024 3587 δήγματα

2127 3524 2260 3587 dixi,
2294 3530 2408 3577 tum
2437 3530 2639 3589 vestro,
2667 3522 2722 3594 4
2745 3522 2942 3578 fratres
2974 3522 3309 3585 charissimi,
3343 3522 3565 3576 hortatu
3586 3536 3711 3577 sus-

447 3610 721 3680 ὀλετήρια.
769 3607 913 3678 Πρὸς
957 3607 1230 3660 ἀντίθεσιν
1264 3606 1320 3659 δὲ
1363 3606 1587 3671 τούτων,
1636 3607 1841 3677 ὅσαπερ
1876 3606 2024 3661 δυνά-

2128 3616 2411 3685 cepimus,
2450 3624 2510 3668 ut
2555 3614 2858 3669 exitialium
2917 3622 3229 3683 serpentum
3286 3629 3350 3667 ac
3408 3614 3708 3669 bestiarum

452 3700 592 3772 μεθα
640 3702 697 3753 ὲν
748 3700 995 3770 συντόμῳ
1047 3699 1230 3751 εἵπου
1260 3699 1317 3749 ἒν
1357 3697 1391 3767 ἢ
1436 3696 1529 3750 δύο
1582 3699 1802 3768 ῥήματα
1850 3700 1930 3762 εἰς
1972 3698 2024 3751 τὲ

2137 3707 2400 3761 molestas
2454 3706 2666 3776 species
2712 3720 2775 3761 ac
2822 3704 3071 3760 letiferos
3131 3720 3349 3759 morsus
3399 3704 3711 3774 explicare—-

446 3792 893 3863 ἀνακρούσασθὰι
960 3793 1060 3863 μὲν
1103 3792 1284 3845 αὐτῶν
1328 3790 1419 3843 τὸν
1466 3791 1564 3855 ἱὸν,
1613 3790 1784 3844 σῶσαι
1832 3790 1890 3843 δὲ
1940 3790 2024 3843 τὸν

2133 3812 2278 3852 mus.
2308 3796 2365 3851 In
2394 3812 2505 3867 quo
2546 3797 2766 3867 quidem
2800 3798 2903 3852 hoc
2934 3812 3043 3852 una
3078 3797 3478 3867 praestabimus,
3516 3802 3576 3848 ut
3614 3794 3709 3849 ad-

450 3884 776 3953 βουλόμενον
808 3883 949 3953 μετά
979 3887 1068 3935 τὸν
1095 3882 1321 3953 Κύριον,
1342 3882 1437 3935 καὶ
1454 3882 1593 3936 κατά
1617 3883 1869 3935 ἑκουσίαν
1894 3882 2024 3951 γνώ-

2130 3904 2323 3943 versus
2358 3890 2451 3943 illa
2485 3888 2751 3959 quidquid
2793 3890 2849 3941 in
2894 3890 3054 3944 nobis
3081 3889 3245 3943 situm
3304 3889 3442 3951 erit,
3501 3886 3709 3956 paucis,

452 3992 563 4045 μην
588 3977 680 4027 καὶ
723 3975 983 4027 ἀκουσίαν
1018 3976 1098 4037 εἰς
1128 3973 1198 4025 τὰ
1241 3974 1381 4025 αὐτὰ
1428 3971 1706 4043 ὲρπετώδη
1736 3972 1844 4026 τῶν
1877 3972 2024 4043 αἶρέ-

2130 3997 2239 4036 uno
2272 3982 2483 4037 scilicet
2528 3990 2693 4052 atque
2745 3982 2922 4035 altero
2954 3982 3152 4047 verbo,
3208 3981 3358 4034 velut
3405 3979 3711 4032 antidotum

451 4086 589 4122 σεων
643 4069 948 4139 διδάγματα
1006 4065 1487 4137 παραπεπτωκότα
1534 4063 1823 4117 ἁντιδότων
1870 4063 2024 4135 δίκην

2127 4083 2491 4138 opponamus,
2522 4086 2630 4140 quo
2679 4080 2733 4125 et
2768 4071 2985 4124 illorum
3035 4085 3243 4125 venena
3288 4070 3708 4139 propulsemus,

450 4160 903 4231 παραθησόμεθα.

2127 4167 2181 4213 et
2210 4161 2508 4217 secundum
2541 4160 2732 4228 Deum,
2772 4162 3100 4231 quemlibet,
3130 4162 3223 4231 qui
3272 4162 3353 4217 vel
3386 4168 3579 4230 sponte
3623 4158 3701 4213 vel

451 4255 659 4309 invitus
694 4256 746 4308 in
780 4254 1039 4309 Itmretica
1083 4253 1175 4307 illa
1204 4252 1491 4322 dogmata,
1525 4250 1671 4306 velut
1721 4261 2036 4321 serpentum
2077 4255 2226 4311 virus
2293 4257 2562 4322 inciderit,
2633 4258 2921 4328 siquidem
2963 4258 3092 4312 velit
3122 4258 3267 4327 ipse,
3300 4258 3533 4312 liberare
3588 4270 3712 4326 pos-

449 4349 644 4405 simus.

522 4449 595 4496 A’.
639 4444 745 4496 Καὶ
778 4444 885 4514 γὰρ
911 4442 1166 4513 ἀπαρχῆς
1210 4439 1382 4511 Ἀδὰμ
1410 4443 1476 4512 τῇ
1511 4440 1643 4511 ἕκτῃ
1669 4428 1851 4512 ἡμέρᾳ
1889 4439 2024 4493 πλα-

2205 4437 2294 4495 IV.
2320 4440 2533 4495 Etenim
2556 4441 2797 4495 Adamus
2815 4441 2973 4495 initio
2987 4456 3167 4495 rerum
3188 4442 3433 4495 omnium
3448 4448 3601 4494 sexta
3618 4441 3709 4498 die

451 4534 599 4597 σθεὶς
629 4536 737 4587 ἀπὸ
760 4536 882 4605 γῆς,
911 4535 1005 4587 καὶ
1035 4533 1215 4587 λαϐὼν
1245 4532 1305 4585 τὸ
1332 4532 1631 4603 ἐμφύσημα
1661 4531 2026 4603 ὲζωογονήθη.

451 4630 527 4681 0-6
554 4629 681 4700 γὰρ,
708 4628 781 4691 ῶς
815 4645 956 4690 τινες
989 4626 1210 4689 οἴονται,
1242 4625 1350 4678 ἀπὸ
1388 4625 1647 4695 πέμπτης
1674 4623 1898 4695 ἤρξατο,
1937 4624 2030 4677 καὶ

449 4720 509 4770 ὲν
550 4722 615 4789 τῇ
645 4720 775 4789 ἕκτῃ
820 4719 1063 4787 ἐπλάσθη
1085 4735 1098 4748 ο
1130 4716 1392 4785 ἔσφαλται
1418 4717 1526 4787 γὰρ
1559 4717 1592 4786 ἡ
1619 4715 1728 4767 τῶν
1765 4714 2030 4783 λεγόντων

448 4810 609 4863 τοῦτο
659 4811 883 4863 διάνοια.
944 4809 1176 4872 Ἀπλοῦς
1220 4810 1241 4841 ⁸
1296 4827 1355 4861 τε
1401 4805 1468 4878 ἦν
1516 4808 1609 4860 καὶ
1655 4806 1879 4870 ἄκακος,
1930 4807 2032 4860 οὐκ

449 4902 623 4971 ὄνομά
666 4919 717 4954 τι
752 4902 1086 4970 κεκτημένος
1131 4901 1336 4972 ἕτερον,
1384 4902 1445 4954 οὐ
1490 4900 1666 4971 δόξης,
1694 4900 1752 4953 οὐ
1782 4898 2030 4971 γνώμης,

520 5063 541 5095 ⁷
572 5060 691 5116 Vet.
725 5063 1070 5132 Ταραιγινός.
1144 5064 1165 5093 ⁸
1194 5064 1300 5130 Γρ.
1342 5060 1542 5125 ἁπλοῦς
1565 5056 1676 5145 οῦν.

523 5180 601 5251 (ιι)
630 5178 939 5249 Πάμφιλός
993 5198 1078 5234 τε.
1116 5179 1210 5235 Rei
1264 5180 1527 5234 herbaria:
1573 5180 1875 5251 scriptores
1915 5181 2016 5233 ali-

450 5249 599 5321 quot;
643 5258 911 5313 recenset,
951 5266 1182 5321 quorum
1234 5251 1524 5321 plerosque
1571 5249 2020 5321 Dioscoridesin

454 5318 781 5375 Praefatione
824 5318 1252 5381 commemorat,—
1289 5329 1343 5373 et
1394 5319 1534 5374 Plin.
1592 5319 1688 5373 lib.
1732 5337 1769 5374 I.
1830 5319 1890 5372 In
1936 5319 2023 5374 his

456 5389 773 5459 Pamphilus
812 5392 901 5445 ille
952 5391 1068 5460 ipse
1105 5390 1318 5444 videtur
1352 5406 1492 5450 eSse,
1524 5391 1592 5444 de
1627 5406 1735 5459 quo
1788 5389 2020 5460 Suidas;

457 5462 553 5531 qui
583 5464 723 5514 inter
763 5459 1391 5528 cattera’Georgicorum
1432 5468 1543 5513 tres
1613 5461 1782 5531 libros
1829 5459 2018 5519 edidit,

497 5533 630 5585 atria
684 5532 1072 5600 Amphipolim,
1114 5532 1198 5583 vel
1242 5531 1553 5600 Sicyonius.
1582 5532 1663 5585 vel
1697 5529 2021 5599 Nicopolita.

497 5547 630 5585 atria
684 5547 1072 5600 Atnpntpottta,
1114 5547 1198 5583 vet
1243 5547 1553 5600 atcyomus.
1582 5547 1663 5585 vet
1697 5547 2021 5599 mcoponta.

454 5547 531 5655 ἓν(
563 5618 671 5670 quo
701 5604 960 5655 nonnulla
984 5602 1185 5670 passim
1214 5613 1469 5669 excerpta
1505 5602 1762 5669 leguntur
1779 5601 1857 5670 _in
1891 5600 2029 5653 Con-

456 5668 680 5727 stantini
731 5668 1035 5729 (ἱευνοηίὁισ
1065 5712 1077 5724 ,
1137 5668 1395 5724 Μοιιιίιιίιί
1432 5678 1486 5723 et
1535 5668 1736 5725 alicubi
1777 5668 2028 5723 Photius.

534 5742 611 5810 (5)
663 5743 768 5794 Καὶ
813 5741 1195 5808 Ἡρακλείδης
1236 5743 1268 5793 ὀ
1332 5742 1701 5807 Ταραντινός.
1746 5739 1958 5793 Citatur
2001 5753 2031 5791 a

464 5811 668 5867 Caleno
698 5812 752 5866 in
788 5812 942 5865 libris
972 5810 1049 5864 De
1083 5828 1310 5880 compos.
1334 5812 1609 5865 medicam.
1632 5810 1781 5864 κατά
1811 5810 2032 5874 τόπους

2126 4528 2194 4584 de
2230 4538 2377 4583 terra
2407 4529 2695 4597 formatus,
2725 4531 2911 4585 aﬂlatu
2944 4530 3037 4584 Dei
3062 4531 3211 4584 vitali
3241 4532 3435 4600 spiritu
3460 4529 3712 4600 perfusus

2128 4629 2232 4679 est.
2260 4621 2448 4691 Neque
2476 4623 2620 4677 enim
2646 4663 2661 4686 ,
2718 4631 2777 4676 ut
2812 4610 3091 4678 nonnullis
3136 4624 3346 4691 placet,
3389 4626 3575 4693 quinta
3624 4625 3709 4679 die

2128 4714 2423 4770 inchoatus
2448 4755 2463 4781 ,
2513 4724 2665 4769 sexta
2697 4714 2916 4768 detnunt
2953 4715 3241 4769 absolutus
3270 4724 3354 4769 est
3385 4735 3396 4768 :
3434 4716 3579 4786 quod
3617 4716 3712 4784 qui

2130 4817 2407 4873 asserunt,
2451 4822 2779 4877 magnopere
2809 4807 3096 4861 falluntur.
3135 4805 3274 4860 Tum
3316 4822 3446 4862 vero
3485 4807 3713 4877 simplex

2131 4909 2297 4971 atque
2335 4900 2540 4970 integer
2568 4908 2723 4963 erat,
2758 4916 2936 4969 neque
2964 4901 3137 4955 altero
3176 4900 3431 4969 quopiam
3471 4901 3711 4964 nomine,

2122 5181 2219 5232 καὶ
2255 5178 2421 5249 γένη,
2482 5193 2710 5249 necnon_
2735 5186 2817 5249 _et
2873 5178 2940 5231 ab
2970 5175 3231 5249 Athenaeo
3260 5176 3357 5249 lib.
3399 5192 3491 5249 ⁸ιιι,
3542 5174 3715 5249 [lern-

2124 5245 2285 5303 clides
2316 5245 2656 5302 Tarentinus.
2695 5246 2839 5302 Idem
2880 5253 2935 5301 et
2965 5245 3199 5299 Andreae
3220 5245 3414 5299 medici
3444 5245 3712 5299 meminit.

2197 5319 2274 5389 (6)
2318 5316 2565 5382 Βᾶσσος
2588 5321 2654 5389 _¢5_
2692 5318 2920 5389 Τύλιος.
2961 5335 2980 5367 ι
3021 5314 3189 5389 Tylus
3220 5315 3528 5389 Messeniae
3560 5315 3713 5380 urbs,

2168 5384 2288 5442 nam
2310 5388 2554 5441 nonnulli
2578 5386 2830 5452 OEtylum
2854 5384 3104 5447 vocant,»
3142 5385 3217 5438 ait
3252 5384 3449 5439 Strabo
3474 5385 3570 5438 lib.
3591 5399 3712 5439 vm.

2168 5405 2288 5442 nam
2310 5405 2554 5441 ηοιιηιιιιι
2578 5405 2830 5452 ωιγιυιη
2855 5405 3104 5447 γοοδηι,›
3142 5405 3217 5438 all.
3252 5405 3449 5439 διωυο
3475 5405 3570 5438 III).
3591 5405 3712 5439 VIII.

2128 5405 2242 5513 (θεά
2283 5466 2539 5527 corrupta
2595 5459 2697 5509 hoc
2756 5458 2877 5508 loco
2914 5472 3022 5527 vox
3063 5463 3169 5518 est,
3214 5455 3614 5524 legendumque
3647 5470 3715 5508 ex

2137 5526 2463 5584 Dioscoride’
2507 5528 2714 5588 Βᾶσσος
2756 5527 2783 5577 6
2809 5526 3043 5587 Ἰούλιος.

2209 5599 2285 5666 (Ἰ)
2318 5598 2427 5652 Καὶ
2466 5596 2792 5663 Πετρώνιος
2813 5598 3021 5666 Νίγερ.
3035 5593 3396 5666 Dioscorides
3413 5594 3712 5666 _Petrom'us

2142 5664 2306 5738 Niger
2355 5667 2691 5738 coniunctim
2739 5665 2918 5720 habet.
2947 5664 3178 5738 _I’linius
3211 5680 3342 5738 vero
3401 5664 3711 5738 Petronium

2142 5734 2426 5792 Diodotum
2455 5734 2694 5807 copulat,
2720 5740 2876 5805 quasi
2909 5734 3155 5808 ejusdem
3186 5735 3297 5791 sint
3329 5736 3713 5807 appellationes

2139 5810 2329 5864 atnhaa.
