4204 6370
504 300 606 356 179

1885 298 1943 353 S.
1986 296 2324 353 EPIPHANII

3630 305 3733 360 180

504 422 602 469 aut
626 413 905 484 opinione,
938 426 1003 466 ac
1036 412 1328 472 sententia,
1360 419 1454 465 aut
1483 409 1721 482 diSparis
1744 413 1863 465 vita:
1889 414 2074 483 appel—
2099 415 2149 473 Α

2099 415 2149 473 Α
2176 416 2236 467 ού
2272 414 2385 485 βίου
2419 417 2737 489 διακρίσεως
2769 420 3050 489 ἐπίκλησιν
3096 421 3446 491 κεκτημένος,
3490 420 3521 489 ἢ
3567 422 3735 490 Ἀδάμ

505 506 709 560 latione
739 504 1100 569 censebatur;
1145 518 1247 559 nec
1295 502 1442 556 aliud
1486 518 1647 572 quam
1692 503 1880 556 Adami
1913 519 2075 558 voca-

507 598 696 653 bulum
727 597 775 651 ei
799 595 1111 665 impositum
1148 602 1287 657 erat,
1318 596 1462 664 quod
1509 594 1767 647 hominem
1812 595 2075 664 interpre-

507 702 707 746 tamur.
740 688 821 743 Ex
854 690 1088 759 ipsomet
1126 703 1291 758 porro
1330 687 1523 742 similis
1558 687 1607 741 ei
1642 688 1855 752 mulier,
1885 687 2075 742 eodem

509 783 736 852 inquam
764 795 796 836 e
836 795 1103 849 corpore,
1147 787 1311 851 atque
1361 794 1427 834 ex
1471 779 1662 835 eodem
1723 778 1903 831 afﬂatu
1950 794 2076 847 pro-

509 884 729 940 creata;
759 873 918 929 liberi
948 874 1239 942 utriusque
1264 886 1429 928 sexus
1454 872 1619 941 geniti
1649 878 1796 926 sunt.
1832 870 2077 939 Cumque

510 980 685 1020 annos
717 964 945 1019 vixisset
978 962 1081 1018 930
1103 964 1147 1027 ’,
1185 977 1251 1017 ex
1286 961 1389 1017 hac
1426 963 1534 1015 vita
1567 960 1841 1015 discessit.
1884 957 2076 1012 Adami

512 1053 660 1109 filius
709 1050 910 1108 Sethus
960 1052 1204 1116 exstitit,
1261 1051 1426 1120 hujus
1469 1049 1647 1117 Eoos;
1707 1064 1771 1103 ac
1819 1049 2076 1117 deinceps

510 1144 811 1210 Cainanus,
840 1143 1152 1198 Malaleelus
1190 1149 1245 1198 et
1267 1140 1518 1197 Jaredus.
1551 1140 1689 1195 llinc
1710 1181 1724 1202 ,
1761 1148 1873 1194 uta
1906 1140 2077 1210 majo-

513 1234 668 1290 ribus
701 1234 1045 1304 accepimus,
1093 1233 1245 1288 fraus
1277 1249 1341 1288 ac
1372 1234 1552 1288 scelus
1594 1233 1647 1287 in
1688 1233 1875 1286 orbem
1906 1240 2080 1286 terra-

514 1339 635 1378 rum
675 1324 915 1393 grassari
950 1324 1136 1393 erepit,
1166 1324 1309 1393 quod
1342 1324 1575 1392 primum
1621 1323 1690 1375 ab
1727 1321 1915 1375 Adami
1946 1337 2079 1375 con-

514 1415 752 1471 tumacia
784 1423 988 1478 natum,
1010 1413 1137 1469 inde
1165 1414 1321 1469 Caini
1346 1414 1635 1483 parricidio
1667 1413 2079 1467 corroboratum

514 1506 713 1561 fuerat.
744 1505 927 1561 Jaredi
958 1520 1086 1560 vero
1113 1513 1359 1576 tempore
1395 1520 1457 1558 ac
1490 1505 1748 1575 deinceps
1780 1513 1964 1573 postea
1986 1521 2079 1558 ve-

516 1598 732 1661 neﬁcia,
776 1598 932 1651 malae
965 1605 1142 1661 artes,
1185 1598 1514 1667 petulantia,
1569 1596 1870 1660 adulteria,
1920 1604 2082 1665 atque

522 1692 844 1762 improbitas
875 1694 1053 1746 omnis
1082 1693 1279 1761 erupit.
1327 1690 1565 1746 Necdum
1637 1701 1815 1746 tamen
1868 1692 2081 1747 diversa

517 1786 628 1837 ulla
660 1793 779 1839 erat
807 1785 1011 1855 opinio,
1046 1800 1225 1855 neque
1252 1784 1444 1854 dogma
1473 1785 1831 1847 contrarium,
1867 1784 1959 1839 sed
1980 1800 2084 1838 una

516 1878 785 1930 duntaxat
819 1877 1033 1946 lingua,
1060 1877 1282 1945 perinde
1320 1892 1383 1931 ac
1409 1893 1578 1947 genus
1610 1892 1778 1931 unum
1812 1876 1916 1931 sub
1945 1876 2084 1930 idem

517 1975 730 2038 tempus
755 1969 809 2021 in
839 1977 982 2021 terra
1005 1968 1356 2037 dissipatum.
1384 1967 1515 2023 Post
1543 1969 1654 2023 haec
1683 1967 1912 2023 Jaredus
1945 1967 2088 2022 Eno-

516 2060 680 2113 chum
716 2059 885 2113 filium
914 2059 1124 2122 habuit,
1158 2061 1251 2129 qui
1282 2059 1392 2115 Deo
1420 2070 1606 2130 gratus
1633 2060 1768 2127 fuit;
1802 2076 1977 2130 neque
2005 2061 2088 2115 in-

517 2158 714 2204 ventus
734 2157 839 2206 est.
879 2148 1035 2205 Hunc
1057 2153 1201 2205 enim
1236 2153 1515 2206 transtulit
1544 2152 1706 2216 Deus,
1737 2168 1837 2207 nec
1861 2161 2087 2207 mortem

517 2241 675 2297 obiit.
701 2240 908 2297 Enochi
945 2242 1087 2298 ﬁlius
1114 2244 1445 2299 Mathusalas
1469 2243 1569 2298 fuit
1598 2264 1609 2298 :
1642 2245 1733 2314 qui
1764 2244 2087 2299 Lamechum

518 2334 739 2404 genuit;
763 2333 1066 2391 Lameclius
1084 2334 1367 2391 Noemum.
1399 2336 1512 2391 Sub
1530 2353 1639 2406 quo
1661 2336 1841 2391 divina
1874 2337 2088 2392 tandem

516 2429 730 2498 justitia
762 2429 1013 2483 eluvione
1036 2443 1299 2498 aquarum
1335 2430 1387 2482 in
1418 2428 1677 2483 mundum
1704 2430 1970 2495 immissa,
1994 2445 2088 2499 ge-

520 2535 626 2575 nus
666 2520 1023 2574 animantium
1058 2536 1220 2576 omne
1259 2522 1504 2576 funditus
1529 2522 1808 2577 exstinxit.
1849 2522 1996 2577 Unus
2036 2524 2091 2577 in

521 2627 649 2667 arca
675 2610 913 2667 Noemus
944 2611 1035 2666 Dei
1063 2612 1220 2681 jussu
1249 2626 1497 2668 servatus
1539 2624 1651 2681 est,
1688 2623 1873 2682 utpote
1918 2616 2089 2669 eidem

522 2709 815 2772 acceptus,
859 2710 913 2758 et
962 2718 1085 2756 cum
1117 2704 1308 2772 primis
1365 2704 1506 2774 apud
1563 2705 1711 2758 illum
1769 2706 2087 2775 gratiosus:

523 2795 613 2850 hic
660 2796 916 2866 inquam,
963 2809 1086 2849 cum
1130 2796 1305 2850 tribus
1344 2797 1565 2858 liberis,
1604 2795 1797 2863 Semo,
1853 2796 2089 2862 Chamo,

523 2886 575 2956 5
600 2900 665 2940 ac
693 2883 941 2954 Japbeto,
974 2900 1184 2940 necnon
1216 2893 1270 2940 et
1302 2901 1468 2940 uxore
1489 2893 1596 2939 tam
1626 2902 1725 2941 sua
1757 2903 1919 2956 quam
1954 2889 2093 2940 filio-

523 2993 645 3032 rum
684 2986 905 3047 ereptus
942 2986 1061 3043 est;
1111 2979 1248 3032 adeo
1279 2988 1336 3031 ut
1366 2988 1487 3031 octo
1518 2994 1626 3032 non
1660 2980 1892 3049 amplius
1916 2981 2093 3050 capita

2178 508 2336 577 μόνον
2364 507 2600 577 κληθεὶς,
2645 509 2703 560 τὸ
2738 510 3163 579 ἑρμηνευόμενον
3190 508 3515 577 ἄνθρωπος.
3552 512 3736 580 Τούτῳ

2175 598 2470 652 πλάσσεται
2514 600 2573 663 ἐξ
2601 600 2763 652 αὐτοῦ
2792 601 2949 669 ὁμοία
2990 599 3135 669 αύτῷ
3161 600 3314 671 γυνὴ,
3344 602 3405 651 ὲκ
3445 601 3535 652 τοῦ
3572 600 3734 653 αὐτοῦ

2178 690 2443 760 σώματος,
2468 691 2559 743 καὶ
2585 691 2678 743 τοῦ
2698 692 2858 743 αὑτοῦ
2886 694 2910 743 ὲ
2919 693 3098 761 μφυσή
3108 709 3290 761 ματος.
3322 691 3514 753 Παῖδες
3538 691 3593 742 δὲ
3617 708 3737 758 γεν-

2174 784 2368 838 νῶνται
2412 785 2584 855 τούτῳ
2620 785 2847 854 ἇρῤενές
2897 801 2955 836 τε
2986 787 3077 836 καὶ
3117 783 3346 854 θήλειαι.
3387 784 3493 834 Καὶ
3537 782 3736 851 βιώσας

2176 877 2271 946 ἐτη
2296 876 2580 928 ἐννακόσια
2596 876 2907 947 τριάκοντα,
2933 874 2995 926 τὸ
3026 873 3198 943 χρέων
3225 874 3493 926 ἀπέδωκε.
3535 874 3734 925 Τούτου

2178 971 2306 1031 παῖς
2337 968 2464 1038 Σήθ.
2490 966 2615 1030 Υἱὸς
2656 966 2712 1018 δὲ
2756 966 2943 1018 τούτου
2977 964 3173 1028 Ἐνώς·
3209 965 3302 1017 καὶ
3334 966 3473 1018 κατὰ
3491 965 3734 1034 διαδοχὴν

2178 1062 2405 1124 Καϊνὰν,
2428 1059 2738 1128 Μαλαλεὴλ,
2770 1059 2955 1130 Ἰάρεδ.
2994 1059 3079 1121 Ὠς
3102 1057 3157 1109 δὲ
3199 1060 3231 1129 ὴ
3275 1059 3623 1129 παράδοσιςὴ
3657 1059 3737 1119 εἰς

2179 1156 2325 1224 ἡμᾶς
2353 1154 2598 1220 ἐλθοῦσα,
2626 1153 2870 1206 ἐντεῦθεν
2886 1151 3136 1223 ἤρξατοή
3163 1152 3535 1222 κακομηχανία
3570 1155 3626 1202 ὲν
3656 1152 3739 1203 κός

2182 1258 2303 1311 σμῳ
2338 1242 2600 1310 γίνεσθαι,
2634 1243 2725 1295 καί⁵
2755 1243 2848 1297 ἀπ’
2882 1244 3053 1313 ἀρχῆς
3085 1243 3182 1311 μὲν
3211 1241 3295 1293 διὰ
3313 1242 3410 1310 τῆς
3434 1242 3526 1294 τοῦ
3567 1242 3739 1311 Ἀδὰμ

2185 1331 2469 1401 παρακοῆς
2485 1370 2499 1393 ,
2529 1331 2716 1384 ἔπειτα
2734 1331 2788 1383 δὲ
2810 1331 2896 1383 διὰ
2916 1333 3013 1401 τῆς
3037 1331 3129 1384 τοῦ
3151 1333 3287 1383 Κάῖν
3310 1330 3736 1397 ἀδελφοκτονίας.

2180 1422 2293 1475 Νῦν
2327 1421 2382 1473 δὲ
2415 1424 2472 1473 ἐν
2512 1423 2722 1492 χρόνοις
2753 1422 2844 1474 τοῦ
2893 1421 3061 1492 Ἰάρεδ
3102 1421 3194 1473 καὶ
3227 1420 3483 1472 ἐπέκεινα
3531 1436 3741 1491 φαρμα-

2183 1514 2302 1567 κεία
2344 1514 2437 1566 καὶ
2488 1514 2705 1584 μαγεία,
2747 1514 3021 1581 ἀσέλγεια,
3063 1512 3271 1582 μοιχεία
3315 1529 3372 1564 τε
3416 1512 3507 1563 καὶ
3538 1511 3740 1565 ἀδικία.

2183 1607 2256 1657 UO
2288 1607 2478 1675 γνώμη
2521 1623 2605 1668 τις
2645 1605 2824 1673 ἑτέρα,
2859 1606 2919 1656 ού
2965 1604 3089 1667 δόξα
3140 1603 3569 1674 μετηλλαγμένη,
3610 1601 3744 1654 ἀλλὰ

2190 1700 2286 1770 μία
2317 1699 2532 1765 γλῶσσα
2565 1700 2656 1750 καὶ
2686 1699 2838 1767 γένος
2868 1700 2923 1749 ἓν
2956 1697 3047 1749 ἐπὶ
3070 1698 3172 1767 γῆς
3200 1697 3317 1749 κατ’
3346 1698 3517 1748 ἐκεῖνο
3552 1694 3741 1765 καιροῦ

2191 1788 2551 1859 ἐσπαρμένον.
2588 1788 2771 1858 Τούτῳ
2808 1788 2863 1839 δὲ
2892 1787 2968 1857 τῷ
3005 1787 3172 1857 Ἰάρεδ
3203 1788 3409 1853 γίνεται
3443 1789 3572 1848 παῖς
3622 1783 3744 1837 τοῦ-

2188 1898 2328 1950 νομα
2372 1878 2559 1949 Ἑνὼχ,
2587 1880 2644 1940 ὃς
2679 1881 3008 1951 εὐηρέστησε
3041 1878 3116 1948 τῷ
3161 1878 3297 1947 Θεῷ,
3332 1879 3423 1931 καὶ
3449 1878 3544 1947 ούχ
3586 1877 3745 1947 ηὑρί-

2191 1990 2365 2025 σκετο.
2418 1972 2696 2043 Μετέθηκε
2737 1973 2842 2043 γὰρ
2891 1971 3050 2022 αὑτὸν
3091 1972 3119 2021 6
3155 1970 3307 2035 Θεὸς,
3354 1970 3447 2020 καὶ
3491 1969 3588 2020 οὐκ
3639 1964 3745 2021 εἶδε

2189 2062 2435 2114 θάνατον.
2496 2061 2666 2130 Ἑνὼχ
2705 2060 2760 2112 δὲ
2806 2060 2967 2129 γεννᾷ
3010 2060 3100 2110 τὸν
3147 2058 3495 2121 Μαθουσάλα,
3541 2056 3748 2109 Μαθου-

2192 2154 2331 2208 σάλα
2361 2154 2450 2206 τὸν
2490 2154 2698 2223 Λάμεχ,
2736 2153 2926 2221 Λάμεχ
2962 2151 3052 2203 τὸν
3096 2150 3236 2202 Νῶε.
3275 2151 3382 2202 Καὶ
3417 2152 3449 2219 ἡ
3493 2148 3584 2201 τοῦ
3613 2148 3749 2200 Θεοῦ

2189 2244 2549 2316 δικαιοκρισία
2603 2243 2982 2312 κατακλυσμὸν
3049 2242 3236 2305 ὓδατος
3291 2240 3628 2306 ὲπενέγκασα
3680 2242 3747 2308 τῇ

2190 2336 2495 2407 οίκουμένῃ,
2541 2337 2720 2388 πᾶσαν
2756 2334 2932 2404 σάρκα
2960 2332 3258 2402 ἀνθρώπων
3290 2348 3347 2382 τε
3386 2331 3478 2383 καὶ
3515 2328 3621 2381 τῶν
3657 2327 3750 2381 ἆλ-

2191 2429 2295 2481 λων
2330 2428 2626 2497 ἐξήλειψεν.
2676 2425 2934 2495 Ἐφύλαξὲ
2966 2441 3024 2476 τε
3079 2424 3136 2476 ἐν
3184 2422 3413 2493 λάρνακι
3453 2421 3539 2473 διὰ
3584 2436 3750 2491 προσ-

2190 2522 2465 2590 τάγματος
2512 2518 2601 2571 τὸν
2638 2519 2781 2580 Νῶε,
2833 2518 3268 2587 εῦαρεστήσαντα
3300 2512 3525 2566 ἐνώπιον
3564 2511 3749 2575 αὐτοῦ,

2192 2614 2286 2667 καὶ
2347 2612 2571 2682 εὑρόντα
2629 2612 2822 2681 χάριν-
2884 2607 3040 2661 αὑτὸν
3093 2607 3147 2659 δὲ
3202 2606 3290 2659 τὸν
3342 2604 3751 2677 προδεδηλωμέ-

2190 2722 2279 2758 νον
2325 2703 2464 2765 Νῶε,
2507 2703 2601 2755 καὶ
2641 2702 2766 2764 τοὺς
2810 2704 2954 2770 τρεῖς
3000 2700 3145 2761 υἱοὺς
3197 2697 3381 2760 αὑτοῦ,
3422 2696 3559 2766 Σὴμ,
3602 2695 3752 2764 Χαμ,

2206 2794 2402 2863 Ίάφεθ,
2443 2794 2537 2862 τήν
2562 2809 2620 2843 τε
2654 2791 2786 2843 ἰδίαν
2841 2790 3089 2855 σύζυγον,
3132 2791 3225 2841 καὶ
3266 2785 3373 2838 τῶν
3418 2784 3582 2855 τριῶν
3625 2783 3754 2836 υἱῶν

2191 2887 2289 2949 τὰς
2314 2887 2460 2956 τρεῖς
2479 2887 2741 2951 γυναῖκας
2768 2899 2779 2911 ·
2811 2880 2948 2933 ὥστε
2992 2878 3291 2949 ἀνθρώπων
3325 2877 3498 2945 ψυχὰς
3522 2873 3663 2927 ὀκτὼ
3699 2876 3756 2926 ὲν

2193 2981 2257 3048 τῇ
2289 2977 2408 3029 τότε
2445 2976 2672 3045 λάρνακι
2696 2972 3059 3025 διασώσασθαι
3082 2970 3187 3023 ἀπὸ
3212 2968 3304 3021 τοῦ
3335 2968 3519 3029 ῦδατος
3544 2967 3636 3018 τοῦ
3658 2983 3757 3017 κα-

523 3069 595 3123 ab
621 3069 723 3123 hoc
756 3068 963 3124 diluvio
994 3070 1048 3123 in
1084 3084 1209 3123 arca
1247 3078 1458 3125 servata
1489 3069 1722 3136 fuerint;
1756 3072 1991 3140 itemque
2018 3087 2081 3125 ex
2116 3073 2156 3129 ϐ

2116 3073 2156 3129 C
2190 3065 2521 3136 τακλυσμοῦ,
2567 3067 2660 3117 καὶ
2702 3064 2811 3117 άπὸ
2850 3062 3047 3124 παντὸς
3098 3060 3282 3129 γένους
3332 3059 3512 3129 θηρῶν
3553 3075 3614 3110 τε
3661 3057 3757 3109 καὶ

523 3161 673 3213 οηιηί
718 3160 1015 3215 bestiarum
1059 3168 1113 3215 et
1158 3161 1517 3216 animantium
1551 3177 1769 3231 genere,
1801 3164 1948 3217 velut
1995 3179 2089 3233 pe-

525 3250 748 3314 cudum,
781 3257 835 3305 et
880 3250 1108 3305 aliorum
1140 3250 1441 3319 ejusmodi,
1476 3252 1544 3307 ad
1583 3254 1916 3308 restituenda
1944 3264 2093 3323 post-

526 3340 749 3395 modum
805 3341 860 3394 in
899 3341 1170 3411 integrum
1199 3342 1412 3409 omnia,
1444 3358 1509 3398 ex
1557 3346 1834 3399 nonnullis
1865 3346 1994 3411 duo,
2026 3362 2093 3401 ex

529 3432 653 3485 aliis
679 3440 899 3502 septena
936 3433 1161 3488 liberata
1190 3434 1319 3489 sint.
1348 3433 1463 3489 Hoc
1490 3436 1652 3489 modo
1672 3437 1880 3492 decima
1911 3447 2094 3494 trans-

529 3531 648 3579 acta
682 3524 960 3594 generatio
988 3532 1072 3579 est
1097 3539 1240 3579 anno
1268 3525 1334 3579 ab
1356 3526 1490 3580 orbe
1516 3527 1737 3582 condito
1766 3528 1928 3582 2262.
1968 3528 2097 3585 lnde

528 3623 781 3670 cessante
817 3614 1021 3669 diluvio
1062 3630 1226 3685 penes
1270 3615 1533 3671 Noemum
1584 3632 1708 3672 cum
1764 3618 1967 3673 familia
1997 3635 2096 3674 sua

530 3702 851 3759 resederunt
878 3705 1091 3774 generis
1137 3704 1358 3757 humani
1390 3705 1630 3775 reliquiaa
1657 3709 1699 3738 ³ο
1739 3727 1750 3761 :
1792 3723 1915 3760 cum
1948 3710 2097 3763 nulla

531 3795 713 3851 adhuc
753 3803 898 3851 esset
924 3795 1233 3866 dogmatum
1280 3797 1514 3851 varietas
1536 3837 1550 3860 ,
1588 3814 1687 3852 nec
1733 3800 1839 3853 ulla
1872 3816 2003 3870 gens
2029 3802 2115 3855 ab-

533 3888 641 3943 alia
672 3888 1027 3959 discreparet,
1054 3889 1263 3943 nullum
1292 3890 1513 3945 hazresis
1544 3906 1760 3958 nomen,
1791 3892 2097 3947 idololatria

534 3978 684 4031 nulla
715 3978 927 4048 uspiam
957 3988 1124 4034 esset.
1159 3978 1225 4033 Et
1249 3980 1502 4049 quoniam
1536 3996 1635 4035 suo
1675 3984 1906 4051 quisque
1944 3970 2100 4039 arbi-

534 4069 642 4123 trio
671 4068 837 4122 vitam
868 4068 1189 4125 instituebat
1214 4070 1440 4141 {(neque
1472 4072 1613 4125 enim
1664 4088 1770 4126 una
1812 4074 1898 4128 lex
1926 4075 2100 4129 omni-

533 4159 639 4213 bus
658 4158 835 4213 adhuc
863 4161 1177 4229 praescripta
1211 4159 1414 4224 fuerat,
1438 4163 1530 4216 sed
1562 4165 1934 4234 unusquisque
1965 4166 2098 4236 legis

535 4249 642 4305 sibi
674 4249 846 4305 vicem
874 4252 1185 4320 praestabat,
1218 4260 1378 4322 atque
1408 4270 1472 4307 ex
1503 4256 1780 4309 voluntate
1810 4272 1908 4311 sua
1940 4258 2101 4326 dege-

537 4340 664 4407 bat;
697 4356 797 4411 pro
835 4356 901 4397 eo
951 4358 1014 4398 ac
1046 4344 1403 4408 barbarismi,
1458 4345 1797 4418 aliorumque
1830 4350 2099 4419 ejusmodi

607 4540 630 4571 ’
658 4543 792 4595 ben.
826 4554 881 4607 ν,
906 4542 962 4596 3.
1038 4544 1083 4573 ¹⁰
1115 4542 1249 4599 Gen.
1278 4560 1394 4611 vni,
1434 4547 1459 4599 1
1489 4562 1609 4616 sqq.

2198 3160 2370 3225 ζώων,
2402 3158 2612 3227 κτηνῶν
2650 3173 2708 3208 τε
2736 3154 2828 3208 καὶ
2856 3154 2961 3206 τῶν
2999 3153 3170 3207 ἄλλων
3206 3152 3314 3205 τῶν
3345 3151 3437 3203 ἐπὶ
3465 3151 3587 3219 γῆς,
3622 3149 3757 3218 πρὸς

2200 3252 2455 3306 σύστασιν
2486 3250 2644 3301 πάλιν
2682 3248 2778 3316 τῆς
2822 3248 2877 3299 ὲν
2911 3246 3098 3315 κόσμῳ
3139 3245 3351 3297 πάντων
3391 3242 3756 3303 ὑποστάσεως,

2199 3346 2307 3399 ἀπό
2331 3362 2491 3396 τινων
2511 3342 2608 3412 μὲν
2639 3341 2732 3392 δύο
2750 3338 2863 3403 δύο,
2882 3339 2987 3390 ἀπὸ
3014 3338 3069 3389 δὲ
3096 3337 3267 3388 ἄλλων
3297 3335 3435 3387 ἑπτὰ
3462 3333 3619 3385 ἑπτά.
3650 3333 3760 3385 Καὶ

2199 3435 2340 3488 οῦτω
2372 3433 2611 3505 παρῆλθε
2655 3430 2853 3500 δεκάτη
2897 3428 3058 3497 γενεὰ
3097 3428 3161 3480 δι’
3190 3425 3324 3478 ἑτῶν
3380 3423 3649 3493 δισχιλίων
3682 3421 3758 3490 (8)

2199 3529 2483 3583 διακοσίων
2523 3523 2897 3597 ἑξηκονταδύο.
2930 3522 3095 3575 Καὶὸ
3134 3517 3510 3588 κατακλυσμὸς
3548 3515 3759 3568 πέπαυ-

2201 3640 2310 3685 ται,
2346 3622 2438 3675 καὶ
2466 3618 2612 3681 Νῶε,
2646 3618 2740 3671 καὶ
2771 3620 2800 3670 6
2828 3615 2989 3669 αὐτοῦ
3018 3608 3163 3675 οἶκος
3191 3611 3439 3679 λείψανον
3470 3607 3548 3678 τῷ
3573 3607 3762 3676 κόσμῳ

2201 3713 2541 3781 γεγέννηται.
2574 3708 2739 3761 Οῦπω
2766 3707 2821 3760 δὲ
2849 3702 3169 3774 ὲτεροδοξία,
3208 3702 3306 3753 οῦκ
3333 3700 3481 3761 ἔθνος
3503 3714 3555 3749 τι
3580 3697 3763 3762 διαφε-

2205 3804 2448 3877 ρόμενον,
2475 3802 2575 3853 οὐκ
2620 3799 2792 3869 ὖνομα
2833 3795 3113 3867 αἱρέσεως,
3154 3791 3267 3845 ἀλλ’
3312 3790 3432 3844 οὐδὲ
3482 3785 3763 3840 εἰδωλολα-

2202 3894 2376 3965 τρεία.
2442 3890 2656 3960 Ἐπειδὴ
2694 3890 2749 3942 δὲ
2792 3887 3019 3950 ἕκαστος
3062 3883 3358 3955 ἀνθρώπων
3421 3880 3524 3950 ἰδίᾳ
3573 3877 3764 3948 γνώμῃ

2205 3986 2435 4055 ἐστοίχει
2466 3983 2647 4055 (νόμος
2671 3980 2779 4050 γὰρ
2824 3976 2903 4041 εἷς
2930 3975 3164 4046 οὐδαμοῦ
3191 3974 3506 4042 ἐτύγχανεν·
3535 3971 3766 4029 ἕκαστος

2205 4079 2311 4148 γὰρ
2358 4075 2533 4145 ἑαυτῷ
2564 4074 2725 4143 νόμος
2758 4071 2983 4139 ἐγίνετο,
3018 4068 3111 4121 καὶ
3134 4068 3198 4137 τῇ
3241 4065 3344 4135 ἰδίᾳ
3372 4062 3565 4134 γνώμῃ
3598 4060 3768 4113 ἐστοί-

2204 4186 2310 4240 χει,
2349 4166 2531 4229 καθὼς
2562 4164 2711 4236 παρὰ
2750 4161 2828 4232 τῷ
2862 4159 3164 4228 Ἀποστόλῳ
3194 4159 3228 4228 ἡ
3272 4157 3462 4228 χρῆσις
3496 4155 3557 4206 οὐ
3611 4153 3768 4223 μόνον

2208 4254 2608 4329 βαρϐαρισμοῦ,
2645 4252 2780 4305 ἀλλὰ
2816 4249 3043 4304 καὶτῶν
3096 4247 3290 4302 ἄλλων.
3328 4244 3463 4314 Φησὶ
3494 4245 3633 4313 γάρ·
3675 4242 3769 4290 Ἑν

2208 4351 2317 4420 γὰρ
2348 4347 2577 4418 Χριστῷ
2612 4344 2815 4413 Ἰησοῦ
2838 4345 2907 4396 οὺ
2925 4338 3246 4408 βάρϐαρος,
3276 4339 3347 4392 οὐ
3376 4336 3627 4401 Σκύθης,
3655 4332 3765 4399 οὐχ

608 4718 790 4795 (8)At‘
815 4719 966 4795 agor
993 4720 1351 4795 δισχιλ-ζιειν.Δ
1376 4722 1491 4795 Non
1529 4724 1695 4792 igitur
1731 4726 2002 4795 vulgatam
2050 4726 2103 4780 in
2137 4730 2183 4785 D
2212 4729 2268 4783 L:

2137 4730 2183 4785 D
2212 4726 2486 4783 Lameclio
2502 4738 2632 4795 vero
2649 4722 2770 4795 l_88,
2786 4722 3049 4795 conligant,
3059 4717 3260 4795 additis
3277 4714 3462 4795 Noemi
3476 4714 3766 4795 sexcentis,

538 4790 748 4845 nostris
782 4790 1114 4846 editionibus
1147 4790 1289 4844 LXX
1321 4790 1608 4847 Senioruin
1641 4790 1909 4849 rationem
1947 4812 2106 4852 secu-

536 4868 629 4914 tus
653 4868 757 4924 est,
789 4875 1056 4935 annorum
1093 4861 1253 4922 1242,
1276 4863 1371 4916 sed
1405 4864 1851 4935 castigatampac
1894 4881 2109 4935 germa-

538 4944 690 4993 nam,
718 4929 923 5004 quaiad
961 4930 1194 4999 priorem
1231 4945 1404 5004 annos
1437 4929 1585 5004 addit
1617 4934 1707 4988 20.
1763 4929 1955 5004 Magna
1997 4936 2108 5004 jam

540 5010 655 5069 tum
685 5001 812 5052 olim
830 4998 1141 5054 Grazcorum
1168 5003 1557 5069 exemplarium
1579 5019 1685 5056 non
1713 5020 1836 5057 cum
1856 4998 2111 5059 llebraais

542 5067 861 5138 Latinisque
912 5071 1108 5130 modo,
1137 5071 1232 5123 sed
1262 5067 1446 5125 secum
1478 5072 1641 5125 etiam
1675 5073 1949 5127 discordia
1982 5075 2105 5128 fuit.

542 5136 619 5191 De
648 5136 818 5208 priori
847 5139 1067 5208 disserit
1095 5139 1432 5207 Augustinus
1476 5141 1569 5194 lib.
1604 5141 1680 5194 De
1711 5145 1851 5197 civit.
1880 5143 1978 5197 Dei
2019 5161 2109 5207 xv,

541 5207 665 5273 cap.
726 5208 812 5281 l3;
862 5207 1083 5281 Hieron.
1150 5210 1367 5281 Quwst.
1407 5210 1843 5281 Ilebr.,aliique,
1875 5214 2111 5267 maxime

545 5277 897 5351 recentiores.
956 5277 1044 5351 De
1071 5280 1372 5351 posteriori
1416 5280 1537 5333 vide
1569 5277 1789 5335 Eusebii
1831 5277 2114 5351 'Eazcerpla

546 5346 949 5422 chronologica;
995 5348 1106 5422 ubi
1134 5351 1282 5402 varie
1310 5364 1575 5422 annorum
1613 5367 1825 5422 summa
1864 5346 2108 5422 concipi-

547 5420 675 5489 ιρι-,-
698 5415 774 5467 Ac
800 5426 1058 5489 _propler_
1094 5419 1384 5473 immanem
1437 5420 1846 5483 absurditalem,
1876 5438 1996 5489 qua:
2031 5415 2112 5475 ἐχ

552 5478 903 5538 Mathusalem
926 5478 1094 5539 'annis
1120 5490 1314 5549 oritur,
1370 5489 1585 5543 animus
1619 5499 1702 5543 est
1754 5478 2112 5545 adn-nmero-

554 5562 672 5599 rum
723 5555 1153 5610 emendationem
1203 5557 1467 5625 adjectus.
1498 5557 1631 5610 Nam
1674 5561 1719 5612 si
1757 5558 1895 5612 LXX
1937 5560 2110 5614 Inter—

595 5626 764 5698 rctum
803 5636 1143 5698 communem
1172 5626 1465 5698 editionem
1504 5643 1755 5696 sequare,
1779 5645 1899 5698 quae
1940 5645 2112 5683 annos

645 5685 943 5746 thusalemo
967 5702 1092 5750 ante
1126 5697 1364 5760 genitum
1391 5685 1720 5754 Lamechum
1745 5685 1963 5770 arrogat
1986 5700 2106 5766 167,

2210 4798 2338 4855 anni
2378 4806 2501 4849 ante
2533 4793 2797 4847 diluvium
2852 4790 2977 4845 955.
3010 4788 3156 4842 Vixit
3206 4795 3383 4839 autem
3415 4784 3766 4838 Matlmsalem

2210 4872 2264 4925 in
2297 4876 2465 4919 totum
2500 4879 2674 4917 annos
2698 4861 2822 4915 969.
2860 4860 3030 4929 Igitur
3062 4859 3128 4911 l4
3149 4857 3479 4929 _annis_p_ost
3501 4856 3760 4929 diluvium

2212 4923 2513 5005 superfuit;
2554 4931 2698 5001 quod
2723 4940 2806 4986 est
2838 4923 3104 5005 in'eptum.
3136 4926 3315 4992 Quare
3335 4923 3769 5005 Africanus-Ma:

2211 4994 2479 5062 thusalem
2502 4994 2678 5055 annos
2710 5011 2833 5053 ante
2866 4994 3189 5051 Lamechum
3233 5002 3541 5062 susceptum
3584 4994 3770 5047 tribuit

2216 5077 2341 5140 185,
2371 5073 2461 5143 qui
2490 5073 2554 5126 ad
2582 5070 2835 5143 Lamechi
2866 5066 3164 5143 Noemique
3200 5065 3441 5126 totidem,
3477 5073 3614 5143 quot
3643 5079 3768 5143 pro:

2212 5134 2359 5201 xime
2388 5134 2845 5203 'numoravimus,
2887 5134 3129 5203 adjuncti
3178 5149 3443 5189 summam
3480 5134 3773 5203 conficiunt

2211 5228 2475 5269 annorum
2506 5211 2630 5264 972.
2668 5201 2851 5278 Itaque
2883 5201 3082 5278 tribus,
3116 5213 3416 5278 quatuorve
3445 5205 3600 5278 annis
3629 5201 3769 5253 dilu—

2212 5286 2359 5338 vium
2388 5296 2534 5335 mors
2564 5281 2708 5333 illius
2722 5273 3034 5333 antecessit.
3059 5273 3287 5329 Atvero
3311 5273 3771 5345 idenrAfrieanus

2215 5355 2285 5408 ab
2311 5353 2442 5406 orbe
2470 5349 2693 5403 condito
2745 5348 2810 5400 ad
2859 5346 3122 5400 diluvium
3171 5358 3344 5397 annos
3371 5342 3573 5409 colligit
3608 5338 3767 5409 “22677.

2214 5423 2421 5491 Quippe
2474 5418 2756 5491 Enos_l95
2791 5415 3019 5491 confert,
3048 5413 3345 5491 cum._l_._xx
3376 5408 3636 5491 duntaxat
3671 5408 3769 5461 190

2210 5482 2521 5545 numerent.
2558 5489 2863 5560 Subtractis
2898 5487 3155 5560 quinque
3178 5483 3283 5537 illis
3313 5482 3613 5560 stiperlluis,
3650 5493 3769 5557 cre-

2211 5561 2441 5615 diderim
2493 5560 2545 5611 in
2613 5558 2837 5625 reliquis
2897 5550 3253 5623 Epiplianium
3304 5550 3587 5625 Africani,
3657 5550 3770 5601 sive

2208 5630 2369 5695 LXX,
2400 5630 2539 5698 apud
2587 5620 2900 5680 Africanum
2930 5620 3285 5698 interpretum
3309 5620 3573 5676 calculum
3616 5631 3774 5675 secu—

2208 5693 2363 5770 tum,
2380 5693 2553 5754 annos
2582 5705 2925 5768 computassc
2953 5693 3112 5747 2262.
