4204 6370
461 325 559 381 181

1171 337 1303 393 AD"
1320 339 1545 398 ERSUS
1584 343 1928 403 ".‘ERESES
1965 347 2035 405 Ι..ιῖ

2132 349 2172 405 1.
2222 351 2391 412 ΤΟΜ.
2424 355 2463 408 Ι.
2505 383 2572 396 —-
2614 357 2891 416 HIERES.
2932 363 3075 419 Ην.

3612 375 3727 432 I82.

455 447 715 517 Ἕλλην,
739 453 850 506 οὐκ
887 453 1219 528 Ἰουδαῖος),
1242 460 1618 535 βαρϐαρισμὸς
1643 465 1765 522 τότε
1795 470 2035 524 ἐκαλεῖτο

2144 476 2599 545 appellationibus
2633 495 2765 536 usus
2793 490 2878 536 est
2914 482 3212 552 Apostolus
3252 500 3376 542 cum
3409 488 3482 544 ita
3528 490 3714 563 loqui-

354 578 357 581 .
453 539 512 591 ὲν
544 543 665 604 ταῖς
691 541 822 595 δέκα
850 549 1066 612 γενεαῖς
1096 547 1190 600 τοῦ
1225 551 1415 621 χρόνου
1450 553 1510 606 τὸ
1546 555 1852 628 ἐπώνυμον.
1880 560 2037 614 Μετὰ

454 631 512 686 δὲ
532 633 620 686 τὸν
645 637 1025 709 κατακλυσμὸν
1052 642 1351 714 ἐπιστάσης
1375 646 1472 715 τῆς
1501 647 1767 718 λάρνακος
1789 651 1883 704 τοῦ
1912 654 2035 708 Νῶε

453 725 513 778 ὲν
543 729 656 789 τοῖς
687 726 836 798 ὄρεσι
863 732 974 793 τοῖς
1021 732 1259 804 Ἀραράτ
1291 736 1388 807 (9),
1408 737 1509 790 ἀνά
1531 740 1694 809 μέσον
1738 744 2034 816 Ἀρμενίων

451 816 548 868 καὶ
581 817 873 888 Καρδυέων
901 822 958 872 ἐν
986 821 1062 892 τῷ
1093 825 1313 897 Λουϐἀρ
1341 828 1456 899 ὄρει
1491 831 1827 906 καλουμένῳ,
1856 840 2034 892 ἐκεῖσε

451 908 670 980 πρῶτον
707 913 1028 984 κατοίκησις
1082 917 1291 984 γίνεται
1332 921 1470 990 μετὰ
1510 924 1598 977 τὸν
1652 929 2034 1000 κατακλυσμὸν

449 1001 558 1053 τῶν
582 1002 902 1075 ἀνθρώπων.
928 1008 1108 1062 Κάκεῖ
1130 1012 1352 1078 φυτεύει
1374 1015 1673 1085 ἀμπελῶνα
1700 1020 1823 1073 Νῶε
1851 1023 1880 1074 ὁ
1903 1040 2036 1095 προ-

451 1095 650 1165 φήτης,
691 1099 936 1170 οἰκιστής
986 1118 1047 1154 τε
1077 1102 1286 1170 γίνεται
1315 1104 1408 1158 τοῦ
1446 1108 1634 1162 τόπου.
1689 1112 1933 1168 Γίνονται
1975 1116 2033 1170 δὲ

449 1188 563 1248 τοῖς
589 1187 754 1240 αὑτοῦ
784 1192 972 1244 παισὶν
1019 1192 1102 1262 (οὐ
1136 1192 1246 1266 γὰρ
1290 1195 1369 1250 ἔτι
1417 1199 1578 1251 αὐτὸν
1625 1201 1879 1272 ἐμφαίνει
1916 1204 2030 1280 [10]

450 1280 856 1351 γεγεννηκέναι)
918 1285 1106 1348 παῖδες
1144 1289 1238 1341 καὶ
1279 1291 1483 1346 παίδων
1507 1295 1716 1360 παῖδες,
1755 1298 1860 1363 ἕως
1889 1301 2032 1372 πέμ-

449 1384 590 1439 πτης
611 1372 804 1438 γενεᾶς
832 1372 968 1426 ἐτῶν
991 1373 1290 1439 ἑξακοσίων
1314 1388 1832 1453 πεντηκονταεννέα,
1858 1390 2032 1461 πάρεξ

447 1459 541 1512 τοῦ
578 1462 716 1533 Σήμ.
745 1465 879 1516 Κατ’
906 1466 1224 1521 ἀκολουθίαν
1241 1471 1297 1523 δὲ
1327 1473 1420 1526 τοῦ
1451 1474 1628 1543 λόγου,
1657 1478 1830 1550 ἔξειμι
1866 1483 1906 1513 ¹¹
1933 1459 2032 1554 τὴν

449 1551 802 1620 γενεαλογίαν
861 1555 955 1607 τοῦ
1002 1558 1120 1621 ἐνὸς
1162 1559 1300 1614 υίοῦ.
1347 1562 1468 1634 Σήμ
1513 1566 1690 1619 τοίνυν
1741 1573 1905 1642 γεννᾷ
1942 1551 2033 1626 τδν

461 1640 754 1731 έΑρφαξάδ,
822 1645 1096 1716 Ἀρφαξάδ
1146 1649 1238 1702 τὸν
1277 1653 1460 1722 Κηνᾶ,
1517 1656 1676 1725 Κηνᾶ
1717 1659 1808 1712 τὸν
1866 1640 2030 1731 Σαλᾶ,

453 1728 598 1825 Σαλά
636 1735 727 1788 τὸν
781 1737 970 1810 Ἔϐερ,
1016 1739 1216 1812 εὐλαϐῆ
1263 1745 1357 1798 καὶ
1409 1745 1667 1820 Οεοσεϐῆ·
1710 1751 1876 1825 Ἔϐερ
1938 1728 2029 1810 τι.

449 1823 644 1879 Φαλέκ.

520 2004 598 2058 Ε’.
644 2007 754 2060 Καὶ
783 2007 933 2060 οὐδὲν
980 2004 1048 2080 ἦν
1085 2011 1178 2064 ἐπὶ
1225 2013 1326 2082 τῆς
1369 2015 1492 2086 γῆς,
1541 2017 1638 2088 οὐχ
1687 2019 1914 2092 αἵρεσις,
1967 2025 2027 2077 οὺ

451 2096 643 2168 γνώμη
679 2100 841 2173 ἑτέρα
865 2101 958 2153 καὶ
997 2102 1179 2174 ἑτέρα,
1217 2104 1383 2176 ἀλλ’ἢ
1409 2107 1566 2175 μόνον
1594 2107 1868 2180 ἄνθρωποι
1903 2113 2030 2166 ἐκα-

451 2190 661 2252 λοῦντο,
690 2191 806 2255 ἐνὸς
840 2192 1051 2261 χείλους
1081 2193 1175 2245 καὶ
1207 2196 1336 2265 μιᾶς
1361 2197 1626 2267 γλώττης.
1656 2195 1764 2252 Ἦν
1784 2201 1840 2253 δὲ
1870 2202 2029 2272 μόνον

451 2280 672 2333 ἀσέϐεια
696 2283 788 2334 καὶ
817 2283 1068 2336 εὐσέϐεια
1093 2286 1122 2337 ό
1144 2286 1286 2339 κατά
1314 2287 1474 2356 φύσιν
1496 2289 1679 2359 νόμος,
1709 2292 1800 2345 καὶ
1827 2295 1859 2364 ἡ
1890 2295 2031 2348 κατὰ

451 2372 612 2440 φύσιν
654 2374 773 2438 ἑνὸς
807 2376 1036 2430 ἑκάστου
1079 2378 1398 2450 προαίρεσις
1443 2380 1535 2434 τοῦ
1575 2381 1896 2454 Θελήματος,
1938 2388 2030 2440 καὶ

452 2465 548 2517 οὐκ
575 2464 682 2517 ἀπὸ
708 2465 1076 2529 διδασκαλίας,
1121 2467 1244 2520 οὕτε
1278 2469 1384 2522 ἀπὸ
1426 2473 1873 2543 συγγραμμάτων
1904 2493 2030 2546 συγο

454 2557 705 2626 γραφέων
750 2557 964 2628 πλάνη’
1008 2559 1108 2611 οὐκ
1148 2560 1497 2631 Ἰουδαϊσμὸς,
1554 2564 1652 2635 οὐχ
1695 2565 1906 2634 αἵρεσίς
1949 2585 2032 2631 τις

449 2647 635 2718 ἑτέρα,
655 2649 790 2712 ἀλλ’,
807 2649 881 2712 ὼς
898 2651 1092 2714 εἰπεῖν,
1123 2653 1156 2721 ή
1185 2651 1280 2704 νῦν
1297 2652 1476 2717 πίστις
1494 2656 1952 2730 ἐμπολιτευομένη
1975 2661 2032 2714 ὲν

453 2741 516 2811 τῇ
545 2741 666 2809 ἄρτι
693 2740 825 2812 ἁγία
841 2741 932 2793 τοῦ
956 2741 1089 2794 Θεοῦ
1104 2742 1363 2815 καθολικῇ
1407 2746 1720 2818 Ἐκκλησία,
1740 2749 1834 2802 ἀπ’
1860 2751 2033 2822 ἀρχῆς

452 2826 606 2894 οὖσα,
638 2832 730 2884 καὶ
753 2831 978 2907 ὕστερον
998 2835 1159 2888 πάλιν
1178 2837 1640 2906 ἀποκαλυφθεῖσα.
1667 2840 1757 2910 Τῷ
1779 2841 1887 2913 γὰρ
1905 2842 2031 2912 βου-

452 2925 667 2998 λομένῳ
695 2926 1004 2999 φιλαλήθως
1047 2928 1173 2983 ίδεῖν
1205 2930 1346 3001 ἀρχὴ
1378 2931 1597 2985 πάντων
1627 2934 1774 2986 ἐστὶν
1803 2937 1836 3006 ἡ
1869 2935 2033 2990 καθο-

452 3016 576 3090 λική
603 3019 693 3070 καὶ
712 3019 840 3088 ἀγία
879 3019 1175 3092 Ἐκκλησία
1198 3021 1258 3085 ἐξ
1286 3022 1452 3077 αὑτοῦ
1477 3023 1571 3076 τοῦ
1601 3026 1824 3080 σκοποῦ.
1867 3026 2036 3100 Ἀδάμ

452 3110 559 3180 γὰρ
609 3112 1032 3182 πρωτόπλοιστος
1087 3115 1427 3180 πέπλασται,
1475 3117 1576 3170 οὐκ
1629 3118 2031 3192 ἐμπερίτομος,

452 3203 569 3256 ἀλλ’
596 3204 943 3277 ἀκροϐὑστης
975 3207 1072 3276 μὲν
1112 3211 1180 3278 τῇ
1208 3209 1393 3279 σαρκί*
1421 3209 1520 3263 οὐκ
1547 3210 1940 3283 εἰδωλολάτρης
1973 3212 2032 3264 δὲ

452 3291 541 3368 ἦν·
566 3299 659 3350 καὶ
673 3298 789 3368 ᾔδει
812 3299 1032 3370 Πατέρα
1049 3298 1202 3363 Θεὸν,
1223 3301 1316 3353 καὶ
1334 3301 1587 3366 Υίὸν,καὶ
1603 3302 1754 3371 ἅγιον
1773 3303 1996 3374 Πνεῦμα
2015 3321 2029 3335 ’

453 3391 742 3462 προφήτης
771 3392 880 3462 γὰρ
911 3387 999 3462 ἦν.
1045 3393 1158 3446 Οὐκ
1189 3391 1328 3468 ἔχων
1373 3395 1553 3448 τοίνυν
1584 3395 1904 3467 περιτομὴν,
1934 3397 2034 3450 οὑκ

451 3475 523 3552 ἦν
563 3480 813 3544 Ἰουδαῖος
833 3499 846 3512 ·
883 3481 1047 3549 ξόανα
1073 3482 1130 3535 δὲ
1159 3483 1234 3555 μὴ
1264 3483 1584 3555 προσκυνῶν
1616 3485 1650 3554 ἢ
1681 3486 1810 3540 ἄλλο
1834 3505 1908 3554 τι,
1935 3487 2034 3540 οὐκ

455 3570 522 3646 ῆν
557 3574 969 3646 εἰδωλολάτρης.
1001 3576 1294 3647 Προφήτης
1335 3576 1442 3648 γὰρ
1471 3578 1500 3628 ὁ
1545 3577 1738 3648 Ἀδὰμ,
1765 3580 1858 3632 καὶ
1896 3579 2032 3650 ᾔδει,

454 3669 537 3720 ὅτι
567 3668 595 3719 ὁ
623 3667 772 3738 Πατὴ
783 3684 811 3738 ρ
839 3660 960 3719 εἶπε
1008 3665 1087 3737 τῷ
1129 3665 1272 3737 Υἱῴ·
1316 3666 1667 3737 Ποιήσωμεν
1700 3670 2033 3738 ἄνθρωπον.

454 3758 521 3811 Τί
555 3754 648 3811 οὖν
671 3753 738 3828 ἦν
774 3760 912 3830 μήτε
939 3759 1240 3830 περιτομὴν
1265 3759 1422 3830 ἔχων,
1451 3763 1584 3832 μήτε
1619 3762 1813 3815 εἴδωλα
1840 3763 2034 3828 σέϐων,

455 3850 594 3905 ἀλλά
629 3851 725 3932 τοῦ
761 3851 1190 3922 Χριστιανισμοῦ
1213 3853 1304 3905 τὸν
1332 3853 1654 3923 χαρακτῆρα
1687 3853 2034 3922 ὑποφαίνων;
2069 3913 2076 3922 _

456 3945 615 4000 Οὕτω
651 3945 745 3998 καὶ
777 3946 868 3998 ἐπὶ
891 3944 984 3997 τοῦ
1024 3944 1207 4008 Ἀϐελ,
1243 3945 1336 3998 καὶ
1372 3945 1464 3997 ἐπὶ
1495 3944 1591 3998 τοῦ
1641 3945 1771 4016 Σὴθ,
1807 3948 1898 4000 καὶ
1944 3949 2038 4001 ἐπὶ

456 4039 550 4092 τοῦ
590 4037 776 4104 Ἐνὼς,
809 4039 904 4091 καὶ
943 4038 1035 4090 ἐπὶ
1071 4038 1166 4091 τοῦ
1210 4037 1399 4108 Ἑνὼχ,
1429 4039 1523 4090 καὶ
1552 4040 1646 4092 ἐπὶ
1675 4039 1769 4094 τοῦ
1818 4040 2036 4104 Μαθου-

458 4133 618 4196 σάλα,
653 4132 746 4184 καὶ
775 4131 869 4183 ἐπὶ
907 4129 1000 4183 τοῦ
1029 4129 1176 4196 Νῶε,
1207 4131 1301 4182 καὶ
1325 4130 1419 4183 ἐπὶ
1447 4130 1538 4184 τοῦ
1563 4132 1756 4201 Ἔϐερ,
1790 4131 1918 4202 ἄχρι
1943 4133 2037 4185 τοῦ

469 4225 724 4296 Ἀϐραάμ
761 4223 1103 4295 διαληπτέον.
1147 4224 1398 4295 Ἐνήργει
1443 4225 1500 4278 δὲ
1547 4225 1667 4278 τότε
1702 4226 1949 4281 εὐσέϐειά
1979 4243 2038 4280 τε

458 4316 554 4368 καὶ
589 4315 834 4376 ἀσέϐεια,
879 4313 1060 4376 πίστις
1105 4312 1200 4366 καὶ
1246 4313 1504 4366 ἀπιστία·
1552 4315 1733 4378 πίστις
1792 4315 1891 4384 μὲν
1944 4317 2041 4366 ὲπ-

457 4408 659 4478 έχουσα
675 4406 770 4459 τοῦ
797 4403 1226 4475 Χριστιανισμοῦ
1252 4404 1352 4476 τήν
1379 4405 1582 4469 εἰκόνα,
1611 4407 1836 4458 ἀπιστία
1857 4406 1914 4458 δὲ
1940 4407 2039 4459 ὲπ-

459 4503 582 4570 έχου
591 4517 657 4553 σα
677 4499 933 4562 ἀσεϐείας
951 4498 1041 4551 τὸν
1057 4498 1379 4568 χαρακτῆρα
1392 4499 1487 4550 καὶ
1501 4498 1863 4570 παρανομίας,
1881 4501 2033 4552 ἐναν-

459 4596 546 4648 τία
572 4593 665 4647 τοῦ
697 4593 839 4646 κατά
870 4591 1029 4662 φύσιν
1060 4591 1247 4661 νόμου,
1287 4589 1390 4652 ἓως
1428 4588 1618 4642 τούτου
1650 4589 1742 4642 τοῦ
1771 4591 2031 4664 προδεδη-

533 4709 574 4738 “
610 4704 771 4761 Forte
791 4705 1038 4775 διέξειμι.
1119 4705 1162 4734 ¹²
1193 4702 1405 4758 Coloss.
1437 4718 1518 4768 ιιι,
1553 4702 1662 4780 Η.-
1718 4703 1763 4736 ¹³
1790 4705 1928 4761 Gen,
1961 4724 2077 4775 νιιι,
2109 4710 2143 4762 4
2171 4725 2291 4778 sqq.

2141 573 2229 619 tur
2263 585 2274 619 :
2304 565 2369 621 In
2399 567 2609 624 Christo
2637 569 2765 624 Jesu
2797 590 2958 643 neque
2993 575 3271 644 barbarus,
3305 598 3466 652 neque
3493 582 3714 654 Scytha,

2139 672 2298 727 neque
2324 658 2563 724 Graccus,
2586 679 2746 732 neque
2777 662 3003 720 ludam:
3035 679 3112 722 est
3143 670 3230 740 ¹²),
3256 671 3472 728 illorum
3503 683 3716 746 tempo-

2139 762 2260 801 rum
2311 757 2522 815 status,
2577 755 2668 820 qui
2724 757 2828 810 sub
2873 757 3058 812 decem
3115 766 3553 831 generationibus
3587 767 3714 841 fuit,

2137 838 2465 897 barbarismi
2507 860 2642 900 voce
2671 849 3088 917 cognominatus
3117 863 3220 908 est.
3271 855 3400 912 Post
3446 838 3713 918 diluvium

2137 947 2259 984 cum
2296 934 2350 986 in
2387 934 2600 990 Ararati
2637 939 2944 1006 montibus,
2979 941 3290 1000 Armeniam
3325 949 3468 1005 inter
3491 962 3546 1007 et
3577 953 3709 1009 Car-

2136 1022 2303 1094 dyeos
2336 1025 2388 1078 in
2416 1025 2630 1082 Lubare
2651 1029 2789 1085 colle
2807 1029 2996 1087 Noemi
3029 1049 3155 1089 arca
3185 1027 3527 1097 constitisset
3553 1044 3618 1105 ¹³,
3640 1045 3706 1100 il-

2133 1115 2205 1168 lic
2254 1118 2429 1185 prima
2455 1117 2739 1174 hominum
2800 1123 3103 1178 secundum
3148 1127 3413 1183 diluvium
3447 1131 3714 1190 habitatio

2134 1205 2256 1262 fuit.
2307 1207 2619 1280 Ibidemque
2649 1211 2888 1269 Noemus
2939 1217 3200 1286 propheta
3249 1221 3412 1276 vitem
3443 1225 3712 1290 consevit,

2133 1313 2196 1352 ac
2213 1299 2544 1355 domicilium
2573 1306 2880 1361 constituit.
2922 1307 3095 1378 Cujus
3131 1311 3320 1368 liberis
3368 1315 3539 1384 (hunc
3565 1317 3714 1371 enim

2133 1390 2309 1460 ipsum
2338 1408 2598 1462 generare
2627 1396 2856 1452 desiisse
2889 1414 3064 1454 sacrm
3114 1401 3334 1459 Littera:
3377 1405 3709 1478 signiﬁcant)

2135 1482 2226 1536 ﬁlii
2285 1499 2350 1538 ac
2389 1494 2612 1555 nepotes
2660 1487 2728 1540 ad
2786 1491 3034 1558 quintam
3083 1509 3255 1564 usque
3306 1501 3713 1566 generationem

2133 1570 2246 1622 nati
2293 1580 2442 1635 sunt,
2479 1573 2546 1627 ad
2601 1589 2776 1631 annos
2818 1579 3027 1635 scilicet
3063 1581 3200 1648 669,
3235 1594 3428 1652 praeter
3468 1586 3710 1646 Semum.

2132 1661 2302 1729 Cujus
2351 1663 2514 1720 unius
2562 1667 2772 1736 prolem
2831 1670 3095 1742 deinceps
3141 1679 3711 1735 commetnorabimus.

2132 1751 2300 1824 lgitttr
2350 1754 2544 1813 Semus
2587 1757 2972 1828 Arphaxadum
3024 1766 3246 1835 genuit;
3309 1768 3412 1823 iste
3463 1771 3711 1836 Caiuam.

2062 1838 2105 1892 B
2133 1843 2332 1901 Cainas
2370 1846 2589 1916 Salam;
2625 1847 2781 1907 Salas
2814 1851 3074 1920 Eberum,
3116 1859 3263 1926 piutn
3313 1859 3487 1912 virum
3523 1877 3586 1915 ac
3618 1860 3712 1917 Dei

2126 1938 2431 2003 cultorem;
2464 1939 2552 1994 hic
2586 1941 2894 1997 Phalerum.

2206 2027 2268 2083 V.
2303 2029 2458 2084 Nulla
2483 2047 2580 2102 per
2610 2034 2662 2088 id
2697 2043 2910 2106 tempus
2939 2037 2995 2091 in
3030 2040 3195 2093 terris
3225 2039 3481 2107 haeresis;
3504 2044 3713 2114 opinio-

2134 2135 2262 2172 num
2311 2122 2458 2175 nulla
2491 2123 2806 2192 dissensio;
2847 2141 2972 2179 cum
3025 2128 3264 2184 universi
3304 2131 3419 2184 sola
3477 2132 3714 2190 hominis

2134 2213 2492 2280 appellatione
2513 2225 2872 2270 censerentur
2899 2219 3089 2283 ;‘.lahio
3119 2236 3250 2285 uno,
3281 2238 3496 2293 unaque
3531 2225 3714 2296 lingua

2135 2305 2367 2375 pra-diti.
2402 2305 2582 2363 Pietas
2605 2324 2769 2378 porro
2796 2321 2957 2382 atque
2991 2313 3243 2382 impietas
3275 2316 3389 2369 sola
3418 2325 3537 2371 erat
3561 2327 3714 2371 natu-

2132 2412 2208 2450 rae
2243 2399 2377 2468 lege,
2409 2407 2502 2454 aut
2533 2401 2965 2474 uniuscujusque
3000 2405 3065 2457 ad
3116 2414 3368 2460 naturam
3403 2421 3714 2462 accommo-

2131 2489 2257 2542 data
2289 2492 2568 2546 voluntate
2619 2493 2864 2552 deﬁnita.
2903 2495 3138 2550 necdum
3182 2513 3338 2552 error
3389 2507 3711 2567 emerserat,

2134 2578 2248 2634 sive
2279 2579 2568 2650 disciplina
2600 2593 2953 2654 comparatus
2974 2626 2992 2647 .
3033 2586 3148 2642 sive
3179 2589 3527 2645 monimentis
3575 2591 3713 2645 scri-

2132 2679 2350 2740 ptortun
2393 2674 2650 2730 traditus.
2685 2675 2871 2745 Neque
2925 2678 3090 2747 igitur
3121 2677 3478 2747 Judaisutus,
3533 2698 3714 2752 neque

2135 2764 2240 2816 alia
2269 2765 2378 2817 ulla
2422 2776 2569 2820 secta
2606 2765 2881 2836 prodierat
2921 2787 2934 2821 ε
2968 2769 3086 2831 sed,
3146 2777 3206 2823 ut
3253 2771 3326 2824 ita
3368 2771 3584 2834 dicam,
3621 2773 3714 2827 illa

2133 2852 2322 2905 eadem
2361 2853 2662 2918 obtinebat,
2707 2869 2828 2924 qua:
2859 2855 3019 2910 hodie
3041 2857 3097 2927 θ
3130 2857 3184 2912 in
3235 2869 3424 2914 sancta
3481 2859 3576 2915 Dei
3607 2863 3714 2916 Ec-

2135 2942 2301 2996 clesia
2341 2957 2405 2996 ac
2438 2944 2706 2999 catholica
2752 2954 3066 3013 perseverat
3108 2945 3276 3011 ﬁdes,
3329 2963 3451 3016 quae
3478 2963 3601 3003 cum
3645 2949 3715 3004 ab

2137 3032 2273 3102 ipsis
2298 3047 2479 3086 rerum
2517 3033 2832 3102 primordiis
2864 3034 3150 3103 viguisset,
3183 3051 3380 3090 rursus
3411 3045 3497 3092 est
3525 3046 3714 3107 postea

2137 3123 2428 3196 patefacta.
2461 3123 2674 3178 Etenim
2713 3126 2759 3178 si
2796 3125 2921 3195 quis
2951 3127 3055 3180 ista
3087 3128 3205 3181 solo
3242 3129 3488 3184 veritatis
3529 3130 3714 3184 studio

2137 3215 2404 3285 impulsus
2457 3216 2583 3268 velit
2621 3216 2926 3284 expendere
2950 3257 2965 3282 ,
3001 3233 3108 3273 non
3143 3217 3415 3273 dubitabit
3462 3228 3714 3274 sanctam

2135 3317 2298 3377 atque
2318 3305 2640 3362 catholicam
2670 3304 2971 3361 Ecclesiam
3007 3307 3236 3376 primam
3271 3309 3515 3362 omnium
3543 3310 3712 3365 exsu-

2135 3400 2289 3464 tisse,
2316 3397 2611 3451 dummodo
2648 3413 2875 3468 scopum
2933 3399 3110 3468 ipsum
3157 3399 3493 3454 consideret.
3540 3399 3713 3455 Adam

2135 3490 2277 3543 enim
2309 3489 2587 3542 hominum
2639 3487 2892 3557 princeps
2946 3503 2976 3541 a
3013 3487 3120 3543 Deo
3155 3483 3445 3554 conditus,
3463 3504 3573 3542 non
3607 3489 3712 3542 cir-

2136 3583 2430 3639 cutucisus.
2466 3580 2558 3635 sed
2577 3581 2842 3649 praeputio
2871 3579 3132 3650 praeditus
3157 3579 3280 3634 fuit.
3318 3579 3502 3651 Neque
3533 3589 3713 3635 tamen

2136 3675 2279 3728 idola
2317 3683 2600 3744 propterea
2631 3672 2822 3736 coluit,
2856 3679 2910 3726 et
2946 3658 3116 3726 Deum
3142 3669 3359 3726 Patrem
3395 3685 3522 3724 cum
3555 3670 3713 3734 Filio,

2136 3782 2200 3820 ac
2233 3764 2438 3835 Spiritu
2478 3772 2671 3819 sancto
2696 3770 2881 3832 utpote
2908 3762 3172 3832 propheta
3203 3762 3479 3832 cognovit.
3510 3759 3714 3826 Quam-

2136 3860 2324 3915 obrem
2369 3857 2516 3927 quod
2565 3857 2990 3912 circumcisione
3045 3855 3259 3917 caruit,
3308 3852 3531 3907 Judaeus
3592 3867 3714 3906 esse

2137 3967 2246 4007 non
2277 3951 2454 4020 potuit
2495 3965 2509 4002 :
2547 3950 2832 4004 idololatra
2875 3963 3003 4003 vero
3036 3947 3260 4001 minime
3291 3945 3425 4008 fuit,
3458 3961 3581 4000 cum
3617 3961 3714 3999 ne-

2137 4060 2242 4114 que
2272 4045 2590 4105 simulacra,
2621 4057 2796 4112 neque
2841 4042 2948 4094 alia
2978 4039 3033 4094 id
3081 4056 3253 4111 genus
3285 4041 3555 4094 adoraret.
3588 4037 3714 4092 Fuit

2138 4135 2280 4189 enim
2313 4134 2401 4188 ille
2434 4133 2716 4202 propheta,
2748 4144 2800 4188 et
2834 4133 2938 4186 hoc
2955 4131 3097 4186 Filio
3121 4148 3150 4184 a
3174 4134 3336 4185 Patre
3365 4130 3570 4184 dictum
3591 4145 3714 4188 esse

2140 4228 2368 4290 sciebat,
2388 4224 2677 4279 Faciamus
2703 4226 2965 4278 hominem
2993 4225 3054 4277 “.
3071 4223 3336 4289 Quidnam
3367 4222 3530 4294 igitur
3556 4223 3712 4276 erat?

2140 4316 2374 4372 Omnino
2402 4332 2575 4384 neque
2620 4317 2981 4372 circumcisus
3002 4355 3017 4380 ,
3052 4331 3229 4384 neque
3271 4316 3432 4371 idolis
3460 4314 3711 4370 addictus

2139 4410 2465 4466 Christianae
2484 4409 2762 4478 religionis
2783 4409 3072 4477 imaginem
3093 4408 3383 4463 referebat.
3413 4407 3518 4460 Par
3536 4407 3709 4462 ident-

2139 4517 2246 4571 que
2279 4501 2346 4555 de
2393 4500 2601 4561 Abelo,
2659 4499 2856 4563 Setho,
2894 4499 3074 4564 Euos,
3116 4499 3324 4566 Enoch,
3383 4499 3708 4562 Mathusala,

2139 4593 2373 4653 Noemo,
2400 4589 2629 4653 Hebere,
2655 4592 2720 4644 ad
2750 4590 3026 4646 Abraham
3063 4607 3256 4662 usque,
3286 4592 3554 4662 judicium
3587 4605 3712 4651 esse

2373 4704 2416 4734 ¹¹⁵
2441 4703 2574 4756 Gctt.
2601 4719 2637 4766 ι,
2659 4703 2748 4756 26.

537 4823 612 4894 (9)
639 4825 736 4877 Ἑν
759 4823 885 4889 τοῖς
909 4823 1075 4894 ὄρεσι
1100 4818 1227 4894 τοῖς
1241 4821 1502 4890 Ἁραράτ.
1526 4821 1812 4878 Chaldaeus
1842 4823 2035 4890 Cordu1

2156 4821 2515 4894 Epiphanium
2558 4820 2629 4894 in“
2654 4820 3029 4894 Arioman‘itis.
3082 4820 3206 4894 Sed
3225 4821 3315 4894 de
3335 4821 3486 4894 labra
3512 4892 3522 4894 μ
3545 4830 3711 4878 θεειο-

459 4894 515 4949 ιι1
539 4891 623 4949 εει
649 4895 942 4966 Γορδιαῖος.
973 4891 1263 4966 Josephus,
1289 4894 1382 4966 lib.
1420 4909 1457 4952 t.
1489 4895 1676 4966 cap}
1703 4911 1718 4948 :
1749 4895 2052 4966 ’ᾼποϐατή-

464 4982 578 5035 ριον
620 4963 911 5035 τὸν’τόπον
940 4963 1130 5016 τοῦτον
1176 4963 1452 5035 Ἀρμένιοι
1479 4963 1723 5035 καλοῦσι.
1766 4964 1885 5018 Mox
1949 4965 2048 5021 Be-

462 5027 652 5090 rosum
680 5034 996 5089 Chaldaeum
1027 5035 1164 5087 citat
1190 5052 1202 5087 :
1229 5027 1460 5100 Κέγεται
1489 5033 1545 5086 δὲ
1581 5034 1676 5086 καὶ
1723 5035 1817 5087 τοῦ
1856 5035 2042 5088 πλοίου

458 5106 522 5160 ἐν
551 5109 615 5177 τῇ
633 5107 894 5177 ’Λρμενία
918 5104 1060 5177 πρδς
1072 5105 1149 5173 τῷ
1172 5105 1286 5177 ὄρει
1314 5103 1422 5156 τῶν
1444 5104 1757 5177 Κορδυαίων
1781 5105 1860 5157 ἔτι
1876 5106 2040 5175 μέρος

461 5194 516 5229 τι
547 5161 710 5230 sitiat:
735 5161 976 5230 itetn'ex'
1000 5161 1224 5229 Nicolao
1261 5161 1599 5245 Dantasceiio
1624 5192 1636 5227 :
1672 5176 1856 5228 Ἔστιν
1876 5161 2040 5245 ’ὑπὲρ

460 5248 563 5318 τὴν
592 5247 839 5318 Μινυάδα
873 5246 1015 5318 μέγα
1039 5246 1165 5314 ὅρος
1196 5244 1347 5318 κατὰ.
1378 5245 1667 5318 Ἀρμενίαν
1693 5246 1858 5318 Ιξάρις
1889 5244 2044 5318 λεγόὲ

464 5315 647 5388 μενον,
669 5319 747 5380 εἰς
776 5317 804 5370 ὃ
836 5316 1062 5378 πολλοὺς
1095 5315 1603 5388 συμφυγόντας-ἐπὶ
1648 5315 1740 5388 τοῦ
1776 5315 2044 5388 κατακλυ-

465 5384 606 5458 ἔτμοῦ
655 5387 812 5456 λόγος
869 5388 982 5458 ἔχει
1028 5384 1421 5458 περισωθῆναι.
1470 5385 1798 5458 Franciscus
1840 5384 2037 5440 Junius

464 5455 566 5529 pro
594 5455 782 5529 Βάρις,
806 5455 1216 5529 rescribendum
1241 5457 1512 5529 existimat
1543 5455 1816 5529 ᾼοόϐαρις
1839 5476 1850 5510 :
1876 5472 2038 5529 aquo

463 5526 576 5583 iton
608 5526 894 5583 abhorreo.
922 5526 1026 5581 Sed
1059 5527 1200 5580 idetn
1233 5527 1496 5581 solemnia
1527 5526 1755 5590 delirat,
1779 5543 1902 5580 cum
1924 5526 2036 5580 Lit-

465 5599 568 5654 bar
587 5600 867 5660 Armenio,
889 5607 944 5650 et
968 5596 1290 5668 Aclgyptiaeo
1319 5613 1571 5668 sermone
1591 5598 1722 5668 dicit
1745 5598 1885 5651 idem
1914 5613 2037 5652 esse

466 5678 635 5739 atque
658 5669 1024 5732 ἀποϐατικόν,
1065 5666 1178 5721 Sive
1202 5666 1574 5739 ἀποϐατήριον
1598 5709 1611 5730 ,
1641 5667 1692 5720 id
1715 5677 1819 5732 cst,
1855 5669 2033 5739 locum

467 5736 857 5803 editissimum,
911 5755 978 5793 ex
1027 5754 1135 5806 quo
1183 5736 1482 5807 desectisus
1526 5745 1700 5807 patet,
1771 5752 1801 5790 a
1870 5737 2037 5791 verbo

465 5809 644 5871 labar.
669 5811 1017 5867 descendere.
1048 5808 1202 5866 Unde
1231 5817 1284 5865 et
1324 5806 1593 5877 labarum,
1631 5817 1683 5864 et
1713 5807 1860 5864 labra
1895 5807 2036 5878 apud

2154 4889 2336 4964 risque
2385 4891 2543 4964 nugis
2580 4889 2824 4964 dicemus
2855 4892 2921 4945 ad
2978 4892 3128 4964 illum
3171 4891 3453 4961 Epiphanii
3511 4892 3708 4964 locum.

2146 4961 2302 5032 Quod
2321 4961 2538 5032 quidem
2579 4961 2646 5013 ad
2681 4975 2919 5028 pra'sens
2947 4962 3223 5031 negotium
3247 4970 3459 5032 attinet,
3505 4963 3711 5032 ἀποϐατ

2143 5030 2597 5106 τήριονξιιοεερίιρ
2629 5040 2976 5106 nuncupatur
3021 5030 3172 5086 locus
3215 5031 3326 5106 ille,
3358 5033 3411 5084 itt
3440 5046 3549 5100 quo
3572 5031 3711 5086 Noe-

2142 5100 2266 5159 miis
2303 5102 2399 5172 τήν
2442 5100 2738 5172 ἀπόϐασιν,
2789 5103 2891 5156 huc
2917 5114 2999 5156 est
3026 5104 3433 5157 exsceusionetn
3467 5117 3532 5154 ex
3582 5117 3710 5155 arca

2144 5177 2305 5239 fecit;
2339 5171 2453 5242 sive
2481 5171 2625 5240 quod
2668 5171 2867 5227 ibidem
2907 5173 2977 5226 τὰ
3008 5172 3351 5242 ἀποϐατήρια
3390 5185 3546 5226 sacra
3586 5187 3727 5240 per—-

2118 5247 2327 5299 ‘solvit.
2363 5241 2486 5295 Haec
2512 5242 2658 5294 enim
2687 5243 2771 5298 vis
2797 5251 2880 5297 cst
2907 5243 3098 5298 horum
3133 5241 3541 5303 vocabulorum,
3569 5242 3708 5294 ἀπο-

2145 5316 2426 5387 ϐατήριαη
2455 5311 2822 5387 διαϐατήρια,
2845 5322 2898 5366 et
2923 5322 3284 5387 ⁸(καθίει-οῖἰιιιι.
3341 5310 3507 5365 Valde.
3544 5312 3710 5381 igitur

2145 5381 2366 5439 aberrat
2400 5381 2620 5453 Junius,
2641 5381 2761 5435 cunt
2800 5383 3167 5453 ἀποϐατήριον
3200 5382 3591 5450 interpretatur
3619 5397 3709 5434 ar-

2138 5455 2302 5508 duum
2352 5463 2405 5506 et
2453 5451 2734 5512 excelsum,
2792 5469 2854 5507 ex
2898 5455 3020 5522 [quo
3037 5451 3382 5507 descendere
3407 5461 3706 5520 oporteat:

2143 5527 2312 5596 quod“
2334 5539 2362 5576 a
2394 5523 2599 5596 Graeca:
2627 5526 2778 5596 vocis
2800 5539 2911 5596 usu
2941 5524 3254 5596 alie_num_et
3287 5523 3562 5596 absonum
3599 5531 3706 5596 est.

2211 5593 2414 5665 (10)οὐ
2437 5593 2543 5663 γὰρ
2565 5593 2650 5665 ἐτι
2673 5593 3163 5663 αὐτὸν-ἐμφαίνει.
3186 5590 3706 5646 Putidissimiludai

2138 5663 2479 5734 Noetn'utuia
2515 5663 2723 5716 Chamo
2777 5677 3056 5718 exsectum
3116 5671 3512 5734 nuganturzut
3559 5665 3708 5734 ire!

2140 5738 2280 5809 alios
2310 5733 2375 5809 Β.
2403 5733 2640 5800 ὃυιυιιιυ,
2660 5735 2827 5806 quiet
2855 5735 2959 5790 alia
2975 5732 3224 5809 quaedam
3244 5733 3435 5805 adjicit
3474 5732 3708 5791 nefanda

2139 5815 2192 5862 et
2221 5806 2452 5876 ἄρρητα,
