4204 6370
464 382 567 437 135

1172 388 1543 447 ADVERSUS
1577 393 1919 454 HAZRESES
1956 401 2083 455 LIB.
2122 401 2161 459 Ι.
2204 402 2366 459 ΤΟΜ.
2408 403 2451 459 1.
2492 437 2560 446 —-
2601 403 2873 459 ll/ERES.
2917 403 3053 460 l-lV.

3619 403 3725 463 186

459 502 710 571 ϐήκασιν,
752 503 901 557 ἄλλοι
929 503 987 557 δὲ
1031 505 1125 559 ἐπὶ
1156 507 1222 560 τὰ
1253 510 1439 579 πρόσω
1468 512 1566 581 τῆς
1590 513 1853 583 ἀνατολῆς
1877 534 2022 586 κεχω

2154 520 2364 574 illorum
2393 522 2596 591 linguis
2635 521 2979 590 septuaginta
3022 520 3162 575 duas
3191 536 3257 575 ex
3298 534 3403 574 una
3440 519 3589 585 fecit,
3624 538 3725 593 pro

457 594 707 664 ρηκότες.
743 594 959 663 ’Έτεροι
1006 597 1063 650 δὲ
1108 598 1206 669 τὴν
1252 600 1457 671 Λιϐύην
1499 606 1911 675 κατειλήφασιν,
1960 607 2034 671 ὡς

456 688 549 738 καὶ
581 686 709 758 περὶ
745 686 951 741 τούτων
979 690 1077 760 τὴν
1106 691 1390 761 ἀκρίϐειαν
1412 693 1467 746 εἴ
1491 712 1575 758 τις
1600 696 1771 750 ἐθέλοι
1802 699 2036 751 καταλα-

455 773 665 838 ϐέσθαι,
710 774 861 847 εὖροι
893 776 937 829 δ’
985 776 1049 831 ἂν
1093 779 1323 834 ἕκαστον
1352 782 1461 835 τῶν
1496 788 2033 857 προσκεχωρηκότων

454 865 575 917 καθ’
616 868 851 939 ἑκάστην
883 870 1004 923 τινὰ
1048 872 1279 942 πατρίδα
1319 874 1436 937 πῶς
1469 877 1652 947 εἴληχε
1682 878 1771 930 τὸν
1807 879 2029 950 κλῆρον.

464 958 552 1020 Ὠς
571 957 599 1008 ὁ
629 956 880 1029 Μιστρὲμ
912 960 1011 1029 μὲν
1038 960 1337 1031 διαδέχεται
1358 966 1448 1017 τὸν
1471 967 1568 1037 τῆς
1595 968 1871 1036 Αἰγύπτου
1905 971 2032 1040 κλῆ-

452 1064 566 1119 ρον,
588 1050 730 1113 Χοῦς
747 1050 802 1102 δὲ
820 1051 917 1121 τὴν
931 1052 1162 1106 Αἰθίοπα
1188 1055 1249 1086 ⁸⁷·
1271 1055 1422 1121 Ψοῦς
1437 1059 1504 1111 τὰ
1531 1060 1897 1131 Ἀξιωματικὰ
1918 1062 2029 1134 (l5)

452 1141 629 1211 μέρη·
677 1142 886 1214 Ῥεγμᾶ
915 1147 1006 1198 καὶ
1040 1146 1211 1210 Σαϐἅ,
1239 1148 1382 1202 καθὰ
1409 1151 1520 1220 (16)
1553 1154 1645 1204 καὶ
1681 1153 1902 1225 Θωῦδὴν
1930 1155 2022 1207 καὶ

2144 612 2425 665 hominum
2474 628 2736 673 numero,
2791 612 2881 681 qui
2922 612 3015 664 illo
3064 618 3307 681 tempore
3339 621 3588 681 repertus
3612 624 3719 671 est.

2144 699 2297 755 Unde
2343 710 2399 756 et
2433 702 2679 771 Meropes
2712 703 2762 771 7
2812 717 2840 753 a
2878 701 3029 755 vocis
3086 702 3354 757 divisione
3395 705 3720 772 nuncupati.

2142 788 2335 844 Turris
2376 791 2492 859 ipsa
2528 791 2763 860 denique
2793 798 3078 843 ventorum
3112 790 3315 859 impetu
3344 789 3597 859 disjecta.
3623 790 3723 846 Se-

2141 882 2378 935 cundum
2433 883 2546 935 haec
2604 882 2679 935 illi
2714 898 2809 951 per
2850 883 3165 935 universum
3206 882 3394 936 orbem
3439 882 3628 936 dextra
3656 895 3722 938 ac

2138 975 2362 1030 sinislra
2394 975 2648 1045 dispersi,
2685 976 2776 1029 alii
2810 991 2875 1030 eo
2908 975 3117 1030 rediere
3148 974 3292 1029 unde
3315 974 3707 1043 discesserant,

2136 1064 2227 1119 alii
2254 1066 2467 1134 longius
2502 1066 2567 1119 ad
2597 1065 2877 1121 Orientem
2911 1066 3186 1137 progressi
3211 1074 3358 1121 sunt.
3385 1066 3442 1120 ln
3468 1066 3713 1121 Africam

2136 1158 2385 1211 nonnulli
2417 1167 2804 1227 pervenerunt.
2845 1157 3000 1224 Quod
3024 1159 3069 1213 si
3097 1158 3224 1228 quis
3252 1158 3356 1214 ista
3390 1158 3709 1228 diligentius

461 1231 666 1296 Ἐλοὺδ,
696 1232 765 1284 τὰ
796 1233 929 1303 πρὸς
962 1238 1026 1305 τῇ
1057 1236 1329 1308 Γαράμων
1366 1240 1519 1313 χώρᾳ
1546 1244 1679 1311 (17).

2136 1249 2395 1318 indagare
2426 1250 2689 1315 voluerit,
2738 1266 2846 1320 quo
2884 1252 3099 1305 illorum
3147 1252 3383 1321 quisque
3422 1251 3494 1306 sit
3524 1250 3711 1321 profe-

450 1334 592 1391 ctus,
626 1344 857 1398 quamve
881 1333 1073 1387 sortito
1095 1349 1158 1387 ex
1190 1336 1445 1391 omnibus
1513 1341 1788 1409 regionem
1850 1344 2155 1411 occuparit,
2218 1348 2376 1400 lacile
2439 1347 2828 1416 deprehendet.
2872 1346 2948 1401 lta
2972 1346 3210 1401 Mistrem
3238 1346 3293 1399 in
3320 1345 3538 1415 IEgypti
3580 1361 3711 1416 pos-

448 1423 749 1478 sessionem
785 1426 1021 1491 invadit,
1067 1428 1214 1484 Cbus
1250 1429 1583 1503 Ethiopiam
1619 1437 1852 1491 obtinet:
1888 1437 2025 1493 Psus
2064 1440 2429 1495 Axumiticum
2456 1450 2727 1497 tractum:
2767 1442 3030 1512 Rhegma,
3093 1440 3417 1506 Sabacatlta,
3455 1439 3721 1494 I‘houdim

446 1526 499 1574 et
528 1519 665 1574 Elud
695 1519 1054 1577 Garamorum
1084 1524 1141 1578 in
1169 1527 1389 1596 regione
1425 1532 1817 1587 constiterunt.

519 1616 609 1681 ς’.
644 1614 755 1668 Καὶ
793 1614 881 1668 ἵνα
917 1616 992 1685 μὴ
1028 1618 1109 1679 είς
1150 1618 1284 1671 πολὺ
1331 1618 1531 1683 πλάτος
1580 1624 1894 1693 ποιήσωμαι
1929 1624 2026 1693 τὴν

2208 1618 2295 1675 Vl.
2332 1619 2534 1675 Verum
2587 1637 2655 1677 ne
2688 1622 2894 1677 diutius
2927 1636 3091 1691 quam
3127 1637 3352 1676 necesse
3381 1622 3452 1676 sit
3474 1623 3529 1676 in
3556 1622 3720 1692 hujus

449 1704 683 1759 ἐνταῦθα
737 1704 986 1770 σύνταξιν
1037 1706 1131 1760 τοῦ
1180 1709 1487 1780 προοιμίου,
1525 1711 1815 1782 ἐλεύσομαι
1868 1714 2026 1767 πάλιν

2135 1710 2317 1778 cperis
2362 1710 2679 1779 praefatione
2722 1725 3162 1772 commoremur,
3211 1718 3458 1764 nostrum
3502 1728 3606 1767 nos
3649 1713 3719 1767 ad

450 1797 547 1849 ἐπὶ
587 1795 648 1849 τὸ
695 1795 1077 1867 προκείμενον,
1110 1801 1205 1853 καὶ
1242 1801 1381 1853 κατὰ
1430 1802 1529 1872 τὴν
1584 1803 1830 1875 διαδοχὴν
1876 1802 2026 1868 αὖθις

2136 1800 2445 1854 institutum
2490 1799 2826 1866 referemus,
2882 1809 3045 1870 atque
3094 1799 3402 1855 inchoatam
3443 1803 3716 1871 originum

450 1886 787 1958 ἐπιλήψομαι
812 1888 913 1957 τῆς
939 1889 1279 1955 ἀκολουθίας.
1317 1893 1536 1957 Μεταξὺ
1570 1893 1701 1963 γοῦν
1733 1895 1828 1949 τοῦ
1861 1897 2026 1967 Ἔϐερ

2132 1892 2538 1946 successionem
2574 1890 2754 1946 denuo
2808 1900 3176 1962 pertexemus.
3222 1891 3394 1961 Igitur
3434 1892 3576 1947 inter
3610 1891 3718 1948 He-

450 1978 547 2031 καὶ
573 1977 668 2031 τοῦ
696 1977 875 2032 Φαλὲκ
897 1980 991 2032 καὶ
1024 1982 1122 2052 τῆς
1145 1983 1525 2053 πυργοποιίας,
1556 1986 1649 2037 καὶ
1680 1986 1777 2056 τῆς
1806 1984 2026 2056 πρώτης

2131 1984 2278 2039 beris
2310 2000 2373 2038 ac
2428 1984 2651 2039 Pbaleci
2682 1995 2950 2054 tempora,
2984 2001 3109 2038 cum
3142 1993 3195 2039 et
3226 1985 3493 2039 azdiﬁcata
3524 1986 3716 2051 turris,

442 2068 654 2131 πόλεως
687 2068 825 2138 μετὰ
857 2069 948 2123 τὸν
974 2071 1359 2142 κατακλυσμὸν
1404 2074 1738 2145 κτισθείσης,
1774 2076 1864 2128 ὑπ’
1888 2076 2025 2147 αὐτῇ

440 2159 507 2228 τῇ
542 2159 799 2231 οἰκοδομῇ
834 2160 976 2231 ἀρχὴ
1014 2160 1200 2213 λοιπὸν
1237 2163 1571 2233 συμϐουλίας
1602 2164 1900 2236 ἀθροισμοῦ
1933 2167 2027 2220 καὶ

441 2248 758 2318 τυραννίδος
820 2250 1031 2317 γίνεται
1089 2251 1340 2324 Νεϐρώθ.
1408 2253 1639 2324 Νεϐρὼο
1707 2254 1816 2326 γὰρ
1875 2255 2029 2326 βασι-

440 2337 586 2391 λεύει
612 2337 726 2409 (18)
757 2340 872 2404 υίὸς
908 2340 999 2394 τοῦ
1016 2341 1157 2407 Χοῦς
1172 2342 1267 2396 τοῦ
1300 2345 1576 2410 Αἰθίοπος,
1602 2347 1661 2411 ἐξ
1686 2340 1747 2400 οὗ
1795 2350 2025 2421 Ἀσσοὺρ

441 2434 786 2504 γεγέννηται.
815 2435 1017 2488 Τούτου
1058 2438 1092 2507 ή
1118 2437 1366 2507 βασιλεία
1402 2441 1460 2493 ὲν
1498 2442 1656 2512 Ὀρὲχ
1686 2443 1796 2513 (19)
1837 2445 2027 2513 γεγέν-

439 2539 621 2592 νηται,
654 2524 751 2577 καὶ
771 2525 833 2577 ὲν
866 2525 1074 2597 Ἀρφὰλ
1102 2528 1197 2581 καὶ
1220 2530 1488 2601 Χαλάννη.
1520 2533 1707 2597 Κτίζει
1731 2534 1787 2587 δὲ
1812 2536 1905 2588 καὶ
1927 2536 2026 2607 τήν

438 2613 639 2685 Θειρὰς
662 2614 795 2687 (20),
826 2617 922 2670 καὶ
945 2616 1045 2688 τὴν
1070 2618 1257 2681 Θόϐελ,
1299 2623 1391 2675 καὶ
1422 2624 1594 2677 Λόϐον
1633 2627 1691 2679 ἐν
1725 2629 1790 2697 τῇ
1828 2628 2024 2680 Ἀσσυ-

444 2704 575 2775 ρίων
608 2704 779 2777 χώρᾳ.
811 2706 1012 2761 Τοῦτόν
1043 2727 1174 2778 φασι
1219 2712 1410 2776 παῖδες
1450 2714 1718 2785 Ἑλλήνων
1757 2711 1894 2769 εἶναι
1932 2717 2024 2770 τὸν

441 2798 829 2869 Ζωροάστρην,
860 2800 941 2865 ὃς,
974 2802 1162 2873 πρόσω
1201 2806 1458 2875 χωρήσας
1503 2807 1595 2859 ἐπὶ
1627 2806 1695 2860 τὰ
1730 2808 2023 2863 ἀνατολικὰ

443 2887 607 2958 μέρη,
631 2890 880 2962 οἰκιστὴς
910 2892 1117 2961 γίνεται
1155 2895 1436 2968 Βάκτρων.
1483 2898 1762 2952 Ἐντεῦθεν
1790 2899 1859 2952 τὰ
1882 2900 2023 2954 κατὰ

438 2975 538 3047 τὴν
560 2978 665 3048 γῆν
690 2982 983 3054 παράνομα
1006 2983 1407 3057 διανενέμηται.
1452 2989 1783 3061 Ἐφευρέτης
1805 2990 1913 3061 γὰρ
1941 2983 2023 3043 οὗ·

439 3086 531 3133 τος
568 3071 861 3145 γεγένηται
903 3076 1082 3146 κακῆς
1119 3077 1342 3148 διδαχῆς
1386 3079 1743 3150 ἀστρολογίας
1776 3083 1869 3134 καὶ
1911 3100 2018 3152 μα-

2130 2076 2386 2144 etprima
2437 2077 2682 2129 omnium
2730 2075 2862 2128 urbs
2919 2084 3044 2144 post
3075 2074 3341 2127 diluvium
3392 2084 3538 2129 esset
3568 2076 3719 2130 exci-

2128 2172 2279 2229 tata,
2317 2167 2370 2219 in
2407 2166 2526 2235 ipsa
2571 2167 2755 2235 operis
2800 2166 3177 2219 exstructione
3214 2166 3386 2235 prima
3434 2164 3714 2219 hominum

2128 2258 2297 2312 coitio
2331 2274 2395 2311 ac
2427 2259 2748 2328 tyrannicus
2796 2258 3116 2312 dominatus
3147 2267 3377 2311 auctore
3414 2256 3715 2311 Neinbrotlt

2128 2350 2462 2403 constitutus
2494 2355 2599 2403 est.
2626 2346 2848 2400 Primus
2881 2348 2984 2401 iste
3008 2362 3234 2416 regnum
3259 2346 3517 2408 obtinuit,
3545 2345 3716 2399 Chusi

2128 2440 2405 2509 IEthiopis
2439 2439 2607 2502 ﬁlius,
2656 2454 2722 2492 ex
2753 2454 2864 2507 quo
2894 2445 3057 2491 natus
3088 2438 3265 2492 Assur
3297 2456 3309 2490 :
3354 2437 3447 2505 qui
3493 2435 3711 2500 Orechi,

2127 2531 2396 2600 Arphale,
2450 2538 2504 2583 et
2552 2527 2836 2582 Chalanne
2887 2542 3114 2596 regnum
3154 2528 3420 2581 exercuit.
3472 2526 3616 2591 Quin
3660 2534 3715 2581 et

2126 2620 2324 2676 Thiras
2358 2621 2548 2675 urbem
2577 2618 2844 2680 condidit,
2873 2628 2926 2672 et
2956 2617 3291 2682 Thobelem‘,
3334 2626 3386 2672 et
3415 2616 3623 2671 Lobum
3655 2617 3710 2670 in

2124 2711 2373 2782 Assyria.
2402 2708 2576 2763 Graeci
2614 2708 2959 2763 Zoroastretn
3004 2708 3147 2761 hunc
3178 2708 3349 2762 fuisse
3384 2715 3710 2774 memorant;

2124 2806 2218 2874 qui
2266 2800 2509 2858 Orientis
2555 2802 2817 2856 interiora
2848 2807 3143 2873 penetrans
3188 2798 3509 2852 Bactrorum
3557 2801 3713 2867 oppi-

2124 2897 2255 2951 dum
2288 2896 2485 2950 erexit.
2524 2892 2765 2963 lndeque
2789 2894 2996 2956 omnia,
3030 2907 3151 2962 quae
3182 2893 3235 2945 in
3262 2892 3448 2945 orbem
3496 2893 3712 2945 invecta

2124 2995 2254 3043 sunt
2284 2987 2490 3042 scelera
2513 3026 2529 3050 ,
2558 2995 2854 3055 propagata
2896 2984 3175 3037 dicuntur.
3235 2980 3512 3052 Siquidem
3557 2982 3713 3036 malae

2124 3084 2291 3139 artes,
2325 3075 2621 3145 astrologia
2652 3075 2901 3129 videlicet
2927 3088 2991 3128 ac
3019 3074 3218 3144 magia,
3240 3080 3464 3126 auctore
3494 3072 3588 3125 illo
3620 3087 3706 3126 re-

441 3161 615 3229 γείας,
650 3162 726 3228 ὥς
757 3165 901 3230 τινές
935 3184 1066 3235 φασι
1113 3170 1239 3239 περὶ
1281 3170 1471 3222 τούτου
1515 3171 1609 3224 τοῦ
1645 3173 2021 3245 Ζωροάστρου.

2130 3174 2294 3237 perta:
2320 3175 2468 3232 sunt;
2498 3167 2549 3220 id
2574 3166 2718 3235 quod
2738 3165 3018 3220 Zoroastri
3043 3181 3073 3218 a
3102 3166 3383 3220 nonnullis
3407 3164 3668 3217 tribuitur
3687 3205 3704 3229 ,

442 3250 589 3323 Πλὴν
610 3255 686 3317 ώς
710 3255 744 3325 ἡ
775 3255 1027 3327 ἀκρίϐεια
1052 3259 1315 3329 περιέχει,
1346 3258 1439 3311 τοῦ
1464 3259 1690 3330 Νεϐρὼθ
1717 3260 1811 3313 τοῦ
1834 3263 2021 3329 γίγαν-

438 3363 533 3409 τος
565 3337 719 3409 οὖτος
737 3341 805 3417 ἦν
831 3349 858 3399 ὁ
894 3347 1105 3419 χρόνος.
1133 3351 1205 3402 Οὐ
1236 3350 1369 3403 πολὺ
1392 3350 1447 3403 δὲ
1475 3350 1718 3420 ἀλλήλων
1746 3350 1823 3420 τῷ
1846 3351 2022 3421 χρόνῳ

439 3434 789 3508 διεστήκασιν
821 3438 933 3509 (21)
972 3440 1157 3509 ἄμφω,
1205 3442 1233 3493 ὅ
1265 3459 1323 3494 τε
1357 3440 1584 3513 Νεϐρὼθ
1620 3442 1711 3497 καὶ
1738 3443 1767 3495 ὁ
1808 3442 2024 3513 Ζωροά-

514 3593 556 3624 ¹⁷
589 3595 693 3660 Γρ.
730 3593 1033 3649 Αἰθιοπίαν.

517 3748 630 3825 (15)
668 3750 834 3817 Ψοῦς
870 3752 943 3825 τὰ
983 3752 1384 3825 Ἀξιωματικά.
1409 3753 1667 3810 Mendose
1710 3770 1811 3825 pro
1847 3752 2032 3819 Ἀξου-

445 3821 637 3891 μιτικά
660 3862 675 3885 ,
715 3830 887 3875 ut.est
920 3824 974 3875 in
1008 3823 1392 3878 Sethianorum
1423 3827 1617 3879 haeresi
1645 3845 1657 3880 :
1694 3821 1795 3880 nec
1844 3826 2028 3880 minus

439 3892 843 3946 emendandum
888 3892 1038 3956 Ψούς
1067 3908 1172 3963 pro
1219 3910 1327 3964 quo
1371 3894 1509 3947 Φούθ
1549 3896 1854 3966 legendum.
1900 3896 2030 3951 Sive

442 3988 504 4034 ιιι
519 3989 623 4059 _est_
633 3979 713 4059 _lV
747 3978 880 4059 Beg.
905 3997 996 4045 xv,
1035 3982 1125 4047 19,
1155 3967 1248 4043 ’τω
1292 3983 1452 4037 Φούλ.
1485 3984 1557 4040 De
1589 3986 1858 4040 Axumitis
1888 3986 2026 4041 alius

450 4049 557 4104 erit
593 4049 806 4103 dicendi
840 4049 1016 4106 locus.

517 4119 630 4188 (16)
675 4119 911 4190 Ῥεγμᾶ,
948 4122 1046 4177 καὶ
1078 4122 1257 4188 Σαϐᾶ,
1297 4124 1471 4179 καθά.
1505 4124 1660 4179 Corr.
1694 4125 2020 4179 Σαϐαθακά·

452 4191 545 4259 qui
570 4190 708 4244 inter
726 4192 867 4246 lilios
886 4192 1036 4246 Chus
1060 4205 1401 4248 recensetur.
1431 4194 1535 4248 Pro
1574 4195 1778 4256 Ἐλούδ,
1800 4197 2031 4251 fortasse

446 4260 609 4314 Λούδ.
648 4258 861 4332 Quippe
882 4263 1139 4335 Λουδιείμ
1169 4266 1313 4320 inter
1346 4266 1488 4320 tilios
1522 4264 1798 4320 Mestraint
1840 4282 2034 4321 nume-

438 4338 655 4384 rantur.

514 4400 738 4475 (l7)_T&
769 4401 936 4475 έτρός
977 4401 1052 4475 τῇ
1084 4404 1379 4475 Γαρᾴμων
1408 4404 1585 4474 χώρᾳ.
1622 4405 1701 4458 An
1747 4406 2029 4475 Ἀράϐων,

442 4485 515 4544 att
548 4472 730 4544 potius
768 4471 1180 4544 Γαραμᾴντωνῖ
1206 4471 1340 4544 Nam
1384 4471 1499 4529 haec
1543 4477 1687 4529 vicit:

442 4542 615 4615 t_nin_a_.
664 4540 777 4615 Est“
813 4540 1260 4615 qitiZBegamam
1310 4543 1615 4615 Ptolemwi,
1664 4564 1695 4615 q

438 4611 639 4664 Arabia
671 4610 849 4666 Felice
879 4611 945 4666 ad
964 4610 1166 4682 Regina
1202 4616 1499 4671 transferat
1536 4634 1548 4670 :
1591 4614 1661 4669 de
1682 4610 1796 4685 qua
1827 4615 2025 4672 Ezech.

440 4717 615 4765 xxv",
640 4702 712 4757 22
745 4720 760 4757 :
794 4714 985 4767 mare
1019 4713 1152 4763 N1?!
1188 4688 1315 4763 #5:")

514 4773 633 4843 (18)
669 4774 907 4846 Νεϐρὼθ
937 4774 1046 4843 γὰρ
1066 4776 1425 4846 βασιλεύειε
1440 4774 1609 4841 Quem
1644 4777 1886 4846 plerique
1910 4792 2028 4830 om-

2129 3274 2319 3314 revera
2373 3258 2440 3312 ad
2494 3257 2797 3313 Nembroth
2867 3258 3129 3329 gigantis=
3161 3266 3404 3328 tempora
3441 3259 3714 3327 pertinere

2130 3350 2431 3419 putandum
2460 3359 2564 3405 est.
2594 3350 2917 3419 Quanquam
2948 3350 3089 3403 inter
3114 3355 3406 3419 utrumque
3430 3364 3539 3400 non
3564 3346 3707 3399 mulq

2131 3452 2244 3496 tum
2270 3443 2535 3511 temporis
2571 3442 2921 3512 interjectum
2952 3448 3055 3497 est.
3088 3439 3196 3495 Sed
3225 3442 3295 3496 iis
3323 3439 3544 3495 omissis
3571 3437 3715 3495 Pha~

2140 3755 2459 3823 expiscatus
2484 3753 2591 3823 sit,
2624 3767 2746 3822 quae
2775 3752 2829 3805 in
2873 3752 3147 3807 Geneseos
3186 3769 3221 3805 κ
3265 3752 3358 3807 illo
3385 3754 3561 3821 capite
3602 3770 3713 3813 non

2138 3822 2418 3894 leguntur.
2458 3822 2557 3877 Ubi
2595 3824 2700 3894 hoc
2738 3824 3007 3894 duntaxat
3052 3823 3319 3877 habetur:
3375 3824 3709 3894 Principium

2136 3892 2299 3965 regni
2324 3893 2625 3965 Nembroth
2669 3894 2839 3965 fuisse
2875 3892 3225 3965 Babqunem,
3264 3892 3574 3965 xat__‘Opéx,
3617 3896 3713 3953 καὶ

2150 3961 2367 4035 Ἀρχὰδ,
2401 3964 2496 4035 καὶ
2517 3964 2767 4035 Χαλάννη
2794 3964 2848 4035 in
2874 3961 3019 4035 terra
3054 3961 3318 4035 sennaar.
3351 3961 3712 4035 Unde'Assur

2133 4032 2391 4101 egreSSus
2436 4032 2763 4104 ᾠκοδόμησε
2799 4032 2899 4104 τὴν
2940 4033 3157 4104 Νινευῒ,
3193 4033 3285 4104 καὶ
3314 4033 3422 4104 (τὴν
3453 4033 3709 4104 Ῥοωϐὼθ

2134 4104 2309 4167 πόλιν,
2339 4105 2434 4157 καὶ
2454 4102 2556 4173 τὴν
2575 4103 2783 4156 Χαλάκ,
2817 4102 2923 4155 Pro
2966 4102 3212 4173 Ῥοωϐῲο
3239 4102 3415 4169 πόλιν,
3448 4103 3711 4160 Hebraice

2133 4175 2400 4243 scriptum
2457 4172 2541 4226 est
2586 4182 2689 4237 '17::
2722 4184 2908 4235 nam,
2958 4173 3103 4241 quod
3138 4172 3497 4243 Hieronymus
3526 4175 3709 4238 vertit,

2134 4245 2341 4313 plateas
2390 4243 2646 4307 civitatis,
2694 4250 2748 4297 et
2789 4258 2887 4310 pro
2923 4244 3249 4311 appellativo
3302 4244 3513 4309 habuit,
3561 4245 3709 4311 quod

2134 4314 2307 4368 erci
2360 4315 2638 4382 proprium
2698 4313 2962 4382 fecerant.
3009 4314 3266 4382 lntelligit
3324 4322 3503 4367 autem
3556 4316 3710 4370 urbis

2131 4382 2357 4439 Ninives
2398 4381 2627 4454 plateas,
2675 4381 3032 4454 qltastinus
3077 4381 3429 4437 exst’ruxerit.
3472 4383 3547 4437 De
3584 4383 3710 4454 Epi-

1695 4451 1722 4527 ξ,
2061 4492 2106 4546 D
2136 4451 2504 4546 pltanigquitl
2541 4454 2759 4546 αἱρθὲιέ
2780 4451 2926 4546 ἒξιὶυὲ
2943 4454 3371 4546 occurrit'nihil,
3408 4454 3514 4508 nisi
3547 4451 3709 4546 voces

1707 4562 1786 4599 ua:
1837 4556 1921 4600 est
1973 4547 2026 4600 in

2135 4521 2293 4588 istas,
2316 4521 2615 4600 ρείιράςηοι
2654 4521 3091 4600 Θόϐελ-ιιιίειιιιιιι
3118 4524 3171 4577 in
3200 4525 3375 4600 locum
3410 4526 3708 4600 translatas

2134 4610 2280 4650 esse.
2313 4591 2445 4647 Nam
2493 4591 2692 4648 Thiras
2729 4602 2785 4647 et
2825 4591 3036 4646 Thuhal
3076 4595 3217 4647 inter
3241 4592 3492 4663 Japbethi
3524 4603 3708 4662 poste-

2134 4679 2227 4720 ros
2254 4672 2614 4719 numerantur
2643 4678 2783 4716 com.
2806 4664 2863 4727 2,
2900 4663 3124 4726 Thubal,
3155 4676 3203 4717 et
3234 4664 3472 4728 Mosoch,
3504 4674 3553 4718 et
3580 4664 3707 4719 Thi-

2133 4750 2243 4788 νας.
2279 4734 2553 4789 Fortassis
2597 4734 2742 4787 enim
2777 4748 2902 4787 cum
2945 4732 3173 4803 Regma,
3230 4734 3559 4796 Sabatacha.
3602 4749 3706 4787 ca:-

2133 4805 2399 4883 terisque,
2435 4804 2701 4883 qqosdatn
2756 4805 2916 4883 alios“
2942 4805 3217 4883 recensuit
3249 4804 3605 4883 Epighanius,
3647 4812 3704 4857 et

514 4792 563 4871 Kl
579 4792 633 4843 δ)
669 4792 907 4854 λνεθρωᾳ
937 4792 1046 4856 Ta?
1066 4792 1404 4857 pao"‘§vs."
1440 4792 1609 4872 “"9"
1641 4792 1886 4899 E'er'q‘"?
1910 4792 2028 4876 ΨΥ·
2133 4805 2399 4875 terisque,
2435 4804 2701 4874 quosdam
2756 4805 2895 4858 alios
2942 4792 3217 4858 recEnsuit
3249 4792 3605 4883 Epighanius,
3647 4812 3704 4857 et

444 4845 1619 4943 93?.£3350“31?§‘.3..l§'3‘13£3333911131Pi‘ﬂff:
1656 4850 1825 4943 ηῗίῖῗῗῖῗ
1859 4850 2030 4943 1¹ῗ¹ῗῗῗ
2132 4874 2276 4928 inter
2323 4877 2444 4929 illos
2489 4873 2702 4927 Τιιυυιιι
2756 4884 2810 4927 ει
2856 4873 3072 4928 Thiras-
3104 4875 3218 4929 Nisi
3255 4876 3369 4930 haec
3387 4874 3704 4943 Coniectura

446 4921 695 4985 censent,
727 4914 1024 4985 Babylonis
1045 4914 1407 4970 conditorem.
1446 4916 1622 4984 Hujus
1655 4918 1821 4971 tilimn
1855 4919 2028 4972 Assur

2170 4946 2361 5005 laceat.
2398 4960 2495 5014 pro
2521 4944 2718 5015 Θειρὰς
2762 4954 2816 4998 et
2845 4944 3034 5004 Θόϐελ,
3069 4959 3134 4997 ac
3154 4945 3344 5009 Λόϐος,
3370 4945 3588 5015 propria
3610 4958 3704 4995 ur-

450 4959 1024 4996 "':“"".-"J'.'""'
1049 4959 1407 4998 ""“"‘":’""
1446 4959 1622 5001 “‘3.”
1855 4959 2018 4972 “W‘”
2170 4959 2361 5005 taceat,
2398 4960 2495 5014 pro
2521 4959 2718 5015 υειρας
2762 4959 2816 4998 et
2845 4959 3034 5004 voosA,
3069 4959 3134 4997 ac
3154 4959 3344 5009 Λοοος,
3370 4959 3588 5013 proprta
3610 4959 3704 4995 ur-

445 4983 997 5083 EB'pE?n,L‘ii“E_clr
1024 5000 1191 5083 3‘12"
2129 4959 2279 5067 ﬂium
2309 5015 2524 5068 illarum
2552 5016 2774 5068 nomina
2795 5016 3175 5070 substituenda
3200 5025 3346 5073 sunt.
3370 5030 3509 5083 quas
3526 5014 3704 5066 Assur

445 5062 552 5117 est,
595 5055 642 5109 si
681 5054 983 5110 Nembrotb
1024 5056 1167 5110 idem
1207 5054 1330 5110 cum
1360 5055 1492 5113 Belo
1525 5057 1706 5111 fuerit.
1746 5059 1808 5110 Et
1834 5054 2025 5112 eadem

446 5124 738 5199 utrobique
783 5126 1292 5199 col_l_igendi__ratio;
1335 5142 1460 5181 nam
1494 5126 1655 5181 Belus
1699 5128 2024 5199 Babylonem

445 5197 742 5267 exstruxit,
775 5194 1029 5253 et'Ninus
1057 5194 1330 5253 Ninivem.
1354 5198 1516 5265 Atqui
1547 5200 1782 5267 priorem
1811 5194 1840 5250 Et
1865 5198 2025 5251 Nem-

445 5264 632 5337 broth,
668 5268 1034 5337 posteriorem
1084 5268 1154 5321 ab
1202 5269 1381 5321 Assur
1414 5264 1689 5321 civitatem
1745 5269 2023 5323 conditam

451 5334 955 5407 Moyses—afﬁrmat.
991 5335 1189 5409 Verum
1223 5339 1397 5409 Assur
1438 5339 1573 5393 Gen.
1624 5354 1679 5401 χ,
1714 5339 1797 5403 11,
1847 5339 2023 5409 gentis

447 5421 654 5478 nomen
702 5422 849 5478 esse,
899 5422 1010 5462 non
1067 5408 1170 5463 viri
1217 5408 1498 5478 proprium
1532 5408 2021 5473 existimantalii;

448 5476 650 5545 quibus
683 5477 921 5532 libenter
965 5476 1413 5548 subscripserirn.
1446 5477 1553 5532 Sed
1600 5480 1713 5531 haec
1744 5480 2022 5533 annalium

446 5562 512 5620 ac
538 5548 1026 5619 chronologiarum
1064 5549 1292 5620 paginas
1325 5550 1573 5620 implent,
1610 5564 1709 5602 nec
1736 5558 1865 5604 sunt
1896 5550 2023 5619 plu-

447 5617 601 5689 ribus
629 5620 730 5689 hoc
761 5617 880 5672 loco
905 5617 1282 5689 disceptanda.

514 5686 1287 5762 (l9)h’l‘ozi_t_ov__1§ﬁdet.1£la
1328 5688 1398 5743 ἐν
1440 5688 1627 5759 Ὀρέχ.
1652 5688 1755 5744 Pro
1797 5690 2020 5762 Ἀρφάλ,

448 5754 615 5828 ΙιΧΧί
631 5759 849 5828 Ἀρχὰδ,
886 5754 1096 5815 Hebraei
1131 5771 1259 5819 "DN.

522 5827 635 5900 (20)
669 5827 857 5896 Krt’é’et
880 5829 949 5884 δὲ
978 5830 1077 5887 καὶ
1114 5830 1228 5903 τὴν
1262 5829 1489 5903 Θειράς.
1521 5828 1717 5891 Nescio
1745 5831 1888 5893 unde
1915 5832 1998 5889 ha:

2128 5085 2437 5147 aulilicavit.
2468 5084 2627 5138 Certe
2649 5085 2701 5154 in
2730 5084 2899 5154 Αόϐος
2923 5085 3209 5154 vestigium
3239 5086 3511 5154 quoddam
3542 5097 3704 5152 appa-

2131 5163 2215 5208 ret
2246 5155 2496 5210 vocabuli
2538 5152 2806 5213 Ῥοωϐὼθ,
2848 5164 2901 5206 et
2933 5155 2985 5208 in
3017 5152 3211 5207 'l‘hiras
3240 5152 3390 5207 vocis
3424 5162 3546 5215 "W,
3579 5166 3702 5220 qua)

2129 5224 2407 5278 civitatem
2461 5226 2753 5295 signiticet.
2810 5222 2966 5279 Unde
3012 5225 3087 5278 ita
3131 5223 3419 5295 depravari
3458 5237 3562 5279 vox
3594 5227 3699 5277 ista

2127 5296 2303 5364 potuit
2342 5294 2705 5365 Ῥοωϐωθίρα.

2198 5410 2423 5479 (⁸21)οὺ
2462 5408 2621 5463 πολὺ
2670 5406 2739 5461 δὲ
2781 5407 3070 5476 ἀλλήλων
3106 5408 3186 5473 τῷ
3458 5403 3698 5473 διεστή-

2130 5476 2332 5534 κασιν.
2370 5478 2781 5533 Bactrianorum
2816 5494 2911 5532 rex
2946 5480 3056 5540 ille,
3102 5476 3539 5547 quocumNinus
3562 5492 3698 5530 con-

2131 5550 2289 5613 ﬂixit,
2320 5549 2586 5619 Oxyartes
2619 5565 2648 5601 a
2672 5547 2927 5619 Diodoro
2968 5546 3229 5619 vocatur;
3263 5563 3292 5599 a
3322 5546 3559 5619 Justino,
3587 5546 3696 5619 Ατ-

2128 5622 2294 5676 nobio
2312 5636 2375 5673 ac
2394 5615 2626 5683 caeteris,
2648 5617 3177 5684 Zoroastres.Neque
3196 5618 3442 5671 dissentlt
3464 5615 3694 5678 Plinius.

2131 5702 2192 5745 ut
2222 5690 2498 5758 Scaligero
2533 5691 2761 5742 videtur.
2788 5687 2974 5757 Neque
3000 5689 3144 5742 enim
3168 5688 3383 5741 dubitat
3413 5688 3521 5749 ille,
3550 5689 3695 5758 sitne

2130 5761 2319 5831 Magus
2349 5757 2486 5815 idem
2508 5775 2630 5813 cum
2645 5775 2768 5828 rege
2781 5758 3067 5812 Bactriano
3096 5778 3108 5812 :
3131 5758 3421 5831 sed‘utrum
3438 5772 3579 5810 unus
3603 5757 3693 5810 hie

2122 5828 2318 5901 fuerit;
2356 5846 2424 5887 an
2458 5838 2510 5887 et
2558 5831 2698 5885 alius
2734 5839 2961 5906 postea:
3017 5833 3161 5905 quod
3209 5828 3461 5884 Saliauus
3500 5834 3686 5885 noster
