4204 6370
460 430 561 486 189

1164 426 1532 484 ADVERSUS
1570 425 1910 484 HERESES
1947 426 2072 480 LIB.
2105 429 2142 483 Ι.
2186 425 2347 481 ΤΟΜ.
2391 423 2431 477 l.
2472 455 2540 464 —-
2580 423 2856 478 IIIERES.
2894 423 3022 478 l-lV.

3594 419 3699 474 190

459 549 552 600 σία
578 546 686 600 ἀπὸ
728 545 1062 616 πηλουργίας
1095 546 1200 598 ’καὶ
1247 546 1553 617 κεραμικῆς
1600 546 1908 615 ἐπιστήμης
1939 544 2024 596 διὰ

2129 545 2444 598 institutum
2481 543 2720 604 redeam,
2752 540 2995 594 Serucho
3030 545 3192 592 natus
3225 545 3309 591 est
3351 533 3599 600 Nachor;
3631 533 3701 588 ab

459 637 557 706 τῆς
586 637 677 689 τοῦ
695 638 884 708 Θάρῤα
909 635 1094 688 τούτου
1117 637 1329 707 τέχνης.
1349 636 1615 706 Περιέστη
1642 636 1697 688 δὲ
1715 636 1743 686 ὁ
1759 635 1904 702 ἀγὼν
1924 636 2031 705 (24)

461 732 540 792 είς
591 729 837 798 εἰκοστὴν
884 728 1076 796 γενεὰν
1120 728 1223 790 ’έως
1274 727 1488 793 τούτου,
1533 727 1669 780 ἐτῶν
1722 727 2034 796 τρισχιλίων

460 821 786 892 τριακοσίων
835 818 1238 890 τριακονταδύο.
1274 818 1384 871 Καὶ
1437 818 1610 880 οὐδεὶς
1667 817 1882 870 πώποτε
1926 817 2034 879 τῶν

463 913 743 984 προτέρων
767 910 1064 982 ἀνθρώπων
1085 911 1190 980 πρὸ
1213 910 1417 980 πατρὸς
1446 909 1556 972 υίὸς
1583 909 1834 962 ἐτελεύτα
1853 927 1866 939 ·
1900 910 2036 963 ἀλλὰ

463 1003 698 1074 πατέρες
735 1003 840 1074 πρὸ
878 1002 1080 1054 παίδων
1122 1001 1474 1065 τελευτῶντες
1502 1004 1630 1064 τοὺς
1665 1002 1815 1063 υἱοὺς
1858 1001 2032 1055 διαδό-

462 1113 590 1165 χους
639 1094 1057 1164 κατελίμπανον.
1101 1095 1212 1147 Καὶ
1257 1095 1329 1164 μή
1378 1111 1461 1157 τις
1513 1093 1715 1161 λεγέτω
1767 1093 1895 1164 περὶ
1940 1094 2032 1146 τοῦ

468 1185 634 1238 Ἀϐελ
663 1203 676 1214 ·
743 1185 804 1237 ού
866 1186 972 1256 γάρ
1038 1184 1252 1256 θανάτῳ
1328 1185 1441 1256 ἰδίῳ
1497 1186 1775 1256 τέθνηκεν.
1857 1185 2034 1250 Ἐξότε

458 1278 652 1348 Θάῤῥα
684 1276 794 1346 (25)
829 1276 1112 1347 ἀντίζηλον
1138 1277 1215 1347 τῷ
1253 1276 1372 1347 Θεῷ
1404 1280 1795 1348 προεπήσατο,
1827 1277 1916 1330 διὰ
1937 1280 2034 1349 τῆς

465 1370 601 1431 ιδίας
643 1369 977 1440 πηλουργίας
1013 1370 1431 1440 τεχνησάμενος,
1463 1369 1531 1422 τὰ
1562 1372 1720 1440 ὅμοια
1754 1365 1834 1433 οἷς
1866 1371 2035 1442 ἔπρα-

466 1459 554 1523 ξεν
583 1461 688 1512 ἀπὸ
723 1461 820 1527 τῆς
861 1460 1016 1531 δίκης
1048 1461 1340 1530 ἀπείληφε,
1389 1461 1482 1514 καὶ
1521 1462 1679 1524 αὐτὸς
1713 1461 2035 1532 παραζηλω-

464 1550 577 1614 θεὶς
606 1550 691 1602 διὰ
732 1550 824 1602 τοῦ
861 1551 990 1602 ἰδίου
1039 1550 1250 1603 τέκνου.
1290 1549 1448 1601 ’Ὀθεν
1494 1549 1818 1619 θαυμάσασα
1849 1553 1880 1620 ἡ
1918 1551 2033 1604 θεία

459 1642 649 1712 Γραφὴ
679 1644 1084 1712 ἐπεσημήνατο,
1133 1642 1396 1709 λέγουσα·
1433 1641 1539 1693 Καὶ
1584 1641 1882 1694 ἀπέθανεν
1917 1641 2036 1708 Ἆῤ-

459 1731 573 1799 ρὰν
603 1730 858 1785 ἐνώπιον
900 1731 1134 1800 Θάῤῥαν
1185 1732 1291 1786 τοῦ
1336 1731 1558 1798 πατρὸς
1593 1731 1664 1783 ἐν
1702 1731 1775 1801 τῇ
1807 1731 1883 1801 γῇ
1926 1731 2034 1801 τῆς

460 1820 799 1890 γεννήσεως
826 1821 1036 1875 αὐτοῦ.

2132 653 2198 691 eo
2229 635 2438 689 Tharra
2469 636 2684 704 genitus
2715 642 2817 687 est.
2868 631 2944 684 Ex
2967 648 3073 700 quo
3121 637 3362 697 tempore
3409 626 3699 681 simulacra

2133 729 2365 798 primmn
2398 743 2462 781 ex
2505 726 2718 796 argilla,
2753 725 3046 794 figliuoque
3093 736 3255 791 opere
3301 725 3510 788 reperta
3538 726 3697 781 sunt,

2133 819 2339 874 artiﬁce
2367 817 2577 870 Tharra
2601 856 2614 879 ,
2649 815 2716 869 ad
2746 831 2903 884 quem
2947 823 3028 866 ter
3063 812 3208 865 mille
3251 809 3470 864 circiter
3509 816 3558 862 et
3593 815 3700 860 tre-

2132 919 2414 966 centorum
2445 925 2508 962 ac
2552 908 2774 978 triginta
2823 906 3053 958 duorum
3101 917 3378 955 annorum
3410 889 3586 969 spatio
3631 897 3700 951 ad

2132 1018 2304 1071 usque
2332 1001 2646 1054 vicesimam
2688 1005 2900 1051 aetatem
2941 993 3162 1049 humani
3210 992 3426 1064 generis
3455 998 3702 1059 tempora

2132 1100 2425 1162 prapagata
2455 1098 2600 1144 sunt.
2631 1088 2739 1142 Nec
2771 1090 2825 1141 in
2855 1095 3010 1140 tanto
3044 1086 3326 1138 hominum
3367 1096 3592 1136 numero
3615 1081 3700 1132 ul-

2133 1185 2218 1238 lus
2251 1183 2425 1237 adhuc
2455 1182 2599 1236 ﬁlius
2631 1188 2754 1234 ante
2780 1189 3051 1249 parentem
3090 1177 3300 1232 obierat
3339 1193 3353 1228 :
3383 1175 3476 1228 sed
3510 1187 3704 1241 supero

2134 1276 2354 1328 stitibus
2385 1273 2587 1327 relictis
2617 1271 2799 1325 liberis
2827 1280 3006 1338 patres
3023 1285 3087 1323 ex
3116 1269 3216 1321 hac
3241 1267 3349 1320 vita
3375 1266 3697 1335 migrabant.

2131 1365 2266 1417 Nam
2294 1361 2437 1433 quod
2466 1362 2684 1415 Abelem
2712 1361 2946 1428 obiicere
2970 1358 3238 1428 quispiam
3269 1364 3472 1426 posset,
3499 1371 3704 1424 nequa-

2132 1473 2293 1526 quam
2326 1455 2604 1524 procedit,
2647 1469 2768 1506 eum
2823 1453 2869 1506 is
2901 1453 3138 1504 violenta
3188 1457 3362 1502 morte
3405 1454 3703 1516 praereptus

2135 1549 2316 1602 fuerit.
2355 1547 2712 1614 Posteaquam
2758 1558 2883 1598 vero
2911 1542 3120 1594 Tharra
3157 1542 3339 1609 ﬁglina
3379 1549 3496 1594 arte
3535 1537 3703 1591 Deum

2133 1641 2279 1694 velut
2323 1638 2518 1693 aemulo
2569 1636 2802 1706 quodam
2856 1635 3109 1704 opposito
3167 1647 3462 1700 provocare
3517 1630 3704 1700 cmpit,

2135 1733 2352 1802 dignam
2405 1729 2563 1784 factis
2596 1728 2710 1783 suis
2756 1726 3056 1781 mercedem
3103 1726 3430 1795 reportavit,
3481 1739 3604 1778 cum
3653 1733 3706 1776 et

2136 1824 2250 1892 ipse
2279 1823 2374 1876 ﬁlii
2408 1823 2491 1876 sui
2524 1823 2740 1890 jactura
2770 1819 3013 1873 vicissim
3053 1817 3453 1886 quodammodo
3505 1828 3702 1884 provo-

459 1925 616 1972 catus
661 1925 768 1972 est.
806 1915 963 1982 Quod
1005 1916 1223 1986 quidem
1268 1915 1363 1971 Dei
1410 1917 1704 1972 consilium
1749 1917 2024 1972 admirans
2067 1916 2351 1986 Scriptura
2380 1917 2705 1970 nominatim
2764 1914 2849 1968 his
2880 1914 3060 1967 verbis
3089 1913 3356 1981 expressit
3390 1929 3404 1966 :
3440 1909 3508 1962 Et
3559 1923 3702 1962 mor-

461 2018 581 2062 tuus
602 2018 680 2062 est
709 2011 884 2061 Arran
919 2025 1099 2062 coram
1130 2009 1333 2062 Tharra
1375 2019 1523 2078 patre
1558 2011 1611 2062 in
1651 2019 1793 2063 terra
1837 2012 2131 2065 nativitatis
2157 2027 2267 2065 sine
2301 2012 2364 2065 ¹⁸.

531 2105 605 2156 Z'.
639 2103 784 2166 Ἕως
821 2103 1011 2156 τούτου
1059 2103 1218 2174 ἔμενε
1262 2104 1499 2176 Σκυθική
1543 2122 1628 2169 τις
1673 2106 1891 2178 διαδοχὴ
1943 2110 2035 2160 καὶ

2211 2106 2322 2160 Vll.
2365 2105 2660 2175 Hucusque
2692 2102 2947 2173 Scythica
2989 2102 3234 2170 quaedam
3272 2099 3579 2161 successio,
3609 2113 3706 2168 ap-

459 2194 764 2264 ὲπίκλησις.
795 2194 960 2247 Οὔπω
983 2195 1038 2248 δέ
1060 2191 1126 2264 ἦν
1153 2213 1234 2258 τις
1258 2195 1488 2266 αἵρεσις,
1517 2195 1669 2249 ούπω
1708 2199 1920 2269 μηχανή
1953 2217 2035 2262 τις

463 2285 648 2356 ἑτέρα,
676 2285 710 2346 ἦ
747 2286 903 2356 μόνον
931 2287 1172 2357 πορνεία,
1218 2287 1425 2339 ἐπίνοια
1465 2287 1713 2342 εἰδώλων.
1759 2289 1868 2340 Καὶ
1910 2306 2037 2358 μετ-

461 2374 648 2427 έπειτα
660 2374 908 2446 ὲθεοποιή
917 2392 1076 2429 σαντο
1097 2375 1278 2446 (25“)ἢ
1308 2377 1704 2447 κακοδαίμονας
1724 2380 2031 2449 τυράννους,

464 2464 494 2536 ἢ
519 2466 721 2535 γόητας
755 2466 1133 2535 φαντάσαντας
1150 2467 1248 2538 τὴν
1264 2469 1941 2540 οἱκουμένην,τιμήσαντες
1969 2471 2036 2524 τὰ

470 2557 664 2610 τούτων
714 2560 1000 2629 μνήματα·
1055 2558 1149 2610 καὶ
1188 2559 1480 2627 μετέπειτα
1527 2559 1705 2629 πολλῷ
1753 2560 1830 2630 τῷ
1862 2563 2036 2632 χρόνῳ

466 2650 585 2712 τοὺς
623 2650 754 2720 περὶ
783 2651 992 2721 Κρόνον
1031 2651 1124 2703 καὶ
1158 2649 1276 2712 Δία,
1320 2651 1473 2704 Ῥέαν
1504 2668 1562 2703 τε
1600 2653 1692 2705 καὶ
1719 2653 1916 2724 Ἵῐραν,
1943 2657 2036 2708 καὶ

467 2741 584 2803 τοὺς
607 2741 743 2811 ἀμφ’
769 2742 965 2804 αὐτούς
982 2759 995 2773 ·
1021 2741 1211 2794 ἔπειτα
1250 2741 1307 2794 δέ
1346 2743 1615 2812 ἀκινάκην
1649 2743 1896 2809 σέϐοντες
1924 2747 2033 2816 (26)

464 2833 512 2885 δῖ
545 2849 604 2885 τε
655 2833 762 2886 τῶν
820 2834 1042 2887 Σκυθῶν
1094 2835 1464 2905 Σαυρομάται,
1525 2837 1777 2907 Ὀδρυσὸν
1814 2855 1871 2890 τε
1926 2839 2034 2891 τῶν

464 2923 690 2994 Θρᾳκῶν
728 2927 1081 2998 προπάτορα·
1112 2925 1171 2990 ἐξ
1203 2918 1264 2978 οὗ
1294 2926 1355 2978 τὸ
1397 2928 1550 2994 γένος
1580 2929 1874 2996 κατάγεται
1897 2931 2035 3000 Φρυ-

472 3017 574 3084 τῶν
604 3015 738 3087 (27),
783 3017 904 3070 ὅθεν
938 3017 1032 3070 καὶ
1065 3016 1277 3088 Θρᾷκες
1318 3018 1426 3070 άπὸ
1467 3019 1560 3071 τοῦ
1587 3021 1768 3090 Θήρας
1807 3021 2034 3092 ἐπίκλην

472 3105 557 3158 τοῦ
595 3109 652 3160 ἐν
681 3110 745 3178 τῇ
791 3108 1122 3178 πυργοποιία
1153 3111 1548 3179 γεγεννημένου
1582 3111 1888 3165 καλοῦνται.
1927 3114 2033 3166 Πε-

466 3195 652 3267 ριέστη
681 3196 737 3249 δὲ
769 3199 879 3260 πᾶς
910 3199 938 3250 ὁ
964 3197 1153 3267 χρόνος
1189 3196 1437 3250 ἐντεῦθεν
1467 3199 1733 3271 λαϐούσης
1772 3204 1872 3272 τῆς
1899 3203 2028 3256 πλά-

468 3303 558 3356 In;
591 3287 766 3359 ἀρχὴν
795 3290 872 3352 εἰς
899 3289 989 3340 τὸν
1021 3287 1451 3359 προδηλούμενον
1475 3291 1685 3361 καιρὸν,
1715 3292 1900 3363 φύρων
1928 3293 2035 3346 λοι-

469 3375 562 3428 πὸν
595 3377 693 3440 τὰς
717 3378 887 3442 ὁδούς.
923 3379 1266 3448 Συγγραφεῖς
1291 3395 1349 3430 τε
1383 3379 1629 3432 ἐντεῦθεν
1678 3383 1770 3432 καὶ
1806 3384 2035 3454 ἱστοριο-

471 3466 684 3536 τράφοι,
713 3468 821 3520 ἀπὸ
857 3467 952 3538 τῆς
977 3465 1084 3518 τῶν
1131 3466 1441 3533 Αἰγυπτίων
1469 3468 1847 3540 ἐρανισάμενοι
1881 3474 2033 3526 ἐθνο-

535 3621 580 3652 η
611 3619 748 3676 Gen.
777 3637 855 3686 χι,
889 3621 978 3677 98.

536 3731 647 3816 (24)
666 3730 954 3816 ηερςέστῃ
983 3731 1050 3784 δὲ
1361 3733 1550 3788 Scribe
1578 3741 1636 3788 ιιι
1653 3743 1737 3816 est
1764 3733 2040 3816 inRegio,

469 3801 636 3874 αἰών.
677 3803 992 3874 Ab'Adamo
1027 3804 1090 3856 ad
1144 3801 1330 3858 Thare
1375 3820 1441 3874 xx
1486 3805 1669 3872 γενεαί
1723 3814 1870 3867 stitit,
1919 3801 2043 3874 quia

470 3871 719 3943 Chainan
746 3873 800 3925 in
843 3887 1139 3943 numerum
1171 3875 1336 3926 venit.
1387 3873 1472 3926 liae
1501 3871 1800 3943 colligunt,
1851 3884 1909 3928 ut
1937 3871 2044 3927 'hic

472 3942 810 4013 Epiphanius
840 3942 1066 4005 indicat,
1099 3958 1272 3997 annos
1311 3943 1470 3996 5552.
1509 3942 1709 4013 ReipSa
1750 3954 1950 4004 autem,
1979 3960 2044 3997 ex

470 4012 612 4066 LXX
662 4012 950 4066 Seniorum
998 4014 1257 4074 editione,
1310 4029 1482 4066 annos
1526 4012 1684 4067 356i.
1731 4015 1812 4068 Ab
1841 4015 2045 4067 Adamo

472 4083 540 4135 ad
588 4083 851 4136 diluvium
907 4097 1071 4150 supra
1116 4084 1387 4135 nuntiet-ali
1435 4091 1561 4136 sunt
1593 4085 1751 4137 2262.
1811 4083 1947 4137 Hine
1979 4083 2045 4135 ad

471 4151 653 4207 Thare
673 4161 850 4205 ortum
877 4154 1002 4204 anni
1035 4161 1162 4206 sunt
1186 4151 1356 4216 “02;
1385 4154 1520 4207 ﬁunt
1540 4156 1667 4207 anni
1688 4155 1846 4208 ⁵5564.
1869 4154 2046 4219 Quare

473 4222 632 4276 annis
674 4221 856 4275 minus
885 4222 954 4275 '52
983 4223 1120 4275 dixit
1154 4221 1517 4290 Epiphanius.
1557 4221 1690 4278 Vide
1733 4234 2046 4293 sequentem

471 4307 779 4346 numerum.

700 4361 903 4434 Ἐξότε
936 4359 1150 4434 Θάῤῥα.
1186 4361 1719 4434 διιίιιθεᾷἱηλΣερούχο
1771 4361 2046 4434 Ἐντεῦθεν

471 4429 698 4504 εἰσήχθη
733 4433 766 4499 ὴ
810 4429 1088 4504 πολυθεῖα,
1134 4434 1226 4504 καὶ
1265 4435 1296 4502 ή
1342 4429 1770 4504 είδωλολατρεία·
1790 4432 1954 4504 τοῦτο
1990 4431 2046 4504 δέ

471 4499 706 4574 διέμεινε
731 4502 878 4574 παρ’
910 4501 1094 4574 αύτοξς
1139 4499 1300 4574 μέχρὶ
1329 4502 1438 4574 τῶν
1477 4499 1684 4574 χρόνων
1727 4503 1915 4574 Θάρρα
1938 4499 2043 4574 ⁸τοῦ

472 4567 1011 4642 πατρὸςήᾉὸραάμο
1042 4567 1111 4642 ἦν
1291 4567 1745 4642 ἀγαλματοποιὸς,
1791 4567 1897 4626 ἀπὸ
1932 4571 2046 4624 δια-

475 4639 657 4710 φόρων
685 4639 1074 4710 ὑλῶνἐἱκόνας
1101 4639 1488 4710 ἐργαζόμενος,
1517 4654 1622 4697 etc.

546 4709 683 4832 825‘)
724 4709 834 4762 Καὶ
855 4709 1170 4778 μετέπειτα
1201 4709 1686 4775 ἑθεοποιήσαντο.
1717 4711 1872 4766 Haud
1901 4710 2049 4764 absi-

546 4794 658 4832 lem
701 4779 993 4832 idolorum.
1037 4795 1337 4832 eorumaue
1382 4783 1562 4832 cultus
1598 4783 1864 4832 originem
1896 4782 2048 4832 disce

475 4779 658 4851 milem
701 4779 993 4851 idolorum,
1037 4795 1337 4851 eorumque
1382 4783 1562 4836 cultus
1598 4783 1864 4851 originem
1896 4782 2048 4835 disce

477 4865 542 4904 ex
577 4850 671 4902 lib.
709 4848 1001 4917 Sapientiae
1029 4864 1078 4902 ε.
1109 4867 1218 4910 xiv,
1245 4848 1532 4904 Lactantio
1561 4852 1596 4903 l.
1630 4848 1752 4915 t,'c.
1791 4852 1877 4904 Μ.

547 4919 657 4989 (26)
687 4920 934 4972 Ἔπειτα
953 4919 1021 4971 δὲ
1047 4919 1343 4986 ἀκινάκην
1361 4921 1663 4986 σέϐοντες.
1720 4920 1944 4973 Martem
1995 4920 2048 4973 in

478 4991 671 5060 primis
705 4989 926 5060 coluere
960 4989 1194 5060 Scyllae.
1229 4991 1614 5060 cujusetligies
1644 5000 1763 5045 erat
1794 4991 2044 5044 acinaces

480 5057 713 5124 ferreus,
745 5059 822 5129 ait
858 5057 1165 5113 Herodotus
1192 5060 1227 5114 Ι.
1263 5057 1333 5112 tv.
1367 5057 1522 5113 Huic'
1544 5061 1802 5129 templum
1830 5075 1894 5113 ex
1927 5061 2045 5112 vir-

479 5130 750 5199 gultorum
800 5127 1078 5199 fasciculis
1127 5129 1502 5192 exstruebant,
1557 5127 1673 5182 ubi
1702 5141 1754 5184 et
1802 5132 2046 5197 captivos

478 5198 808 5252 mactabam.
842 5198 948 5252 Sed
995 5202 1252 5268 quoniam
1301 5202 1352 5252 in
1391 5215 1513 5252 eum
1565 5199 1819 5254 Herodoti
1867 5204 2045 5252 locum

480 5268 796 5338 incidimus,
844 5268 1019 5322 obiter
1045 5269 1151 5338 hic
1197 5284 1228 5322 a
1277 5269 1438 5322 nobis
1480 5270 1854 5323 emendandus
1885 5278 2046 5338 atque

479 5337 838 5408 illustrandus
870 5338 996 5392 erit.
1028 5337 1164 5392 Cum
1186 5339 1446 5407 templum
1479 5338 1607 5392 illud
1635 5340 1898 5393 describit
1920 5337 2044 5408 pag.

481 5407 605 5472 152,
638 5409 712 5460 ait
761 5417 1160 5462 sarmentorum
1204 5409 1273 5462 ab
1317 5409 1424 5462 illis
1473 5408 1649 5463 fasces
1694 5407 2048 5476 comportari,

480 5479 907 5549 eitaggerarique
936 5479 1028 5530 ἐπὶ
1056 5477 1286 5549 σταδίοις
1321 5480 1487 5549 τρεῖς.
1514 5479 1705 5549 μῆκος,
1739 5474 1835 5530 καῖ
1858 5474 2015 5548 εὖρος
2035 5493 2050 5508 ⁶

483 5545 702 5615 ὓψοςδὲ
737 5545 960 5600 ἔλασσον
983 5564 996 5576 ·
1049 5545 1389 5616 longitudinis
1419 5547 1488 5599 ad
1516 5545 1715 5600 'st'adia
1749 5549 1890 5611 tria;
1922 5545 2051 5602 loti-

481 5617 598 5669 dem
622 5617 920 5670 latitudinis
942 5633 961 5670 :
988 5617 1211 5670 altitudo
1232 5634 1348 5671 vero
1375 5619 1564 5671 minor.
1599 5618 1788 5672 Nonne
1813 5620 2049 5673 otiosum

482 5697 566 5740 est
615 5688 909 5741 admonere
952 5689 1218 5742 minorem
1253 5689 1430 5742 tribus
1473 5689 1666 5742 stadiis
1705 5688 2047 5742 altitudinem

483 5754 690 5811 fuisse?
723 5757 857 5822 Quis
902 5765 1012 5811 tam
1045 5759 1152 5812 alte
1192 5769 1434 5813 erectum
1467 5758 1746 5811 cuumlum
1781 5758 2050 5827 suspicari

485 5828 708 5895 posset?
736 5827 904 5882 Plane
956 5827 1121 5899 igitur
1162 5827 1458 5885 mendosus
1501 5827 1591 5883 hic
1649 5828 1800 5884 locus
1833 5836 1934 5895 est,
1994 5835 2048 5882 ει

2137 2200 2468 2270 pellatioque
2500 2199 2723 2253 mansit.
2764 2195 2921 2249 Nulla
2957 2209 3084 2248 vero
3117 2192 3294 2246 adhuc
3319 2191 3540 2244 hagresis
3565 2198 3704 2251 erat,

2135 2306 2235 2344 nec
2266 2291 2435 2344 ullum
2490 2288 2637 2343 aliud
2685 2294 3054 2342 commentum
3107 2291 3300 2353 przrter
3349 2282 3704 2334 idololatriam

2103 2395 2105 2398 '
2135 2381 2447 2451 irrepserat.
2474 2381 2673 2436 Postea
2698 2395 2831 2434 vero
2863 2378 3108 2433 infelices
3133 2385 3416 2446 tyrannos,
3458 2381 3550 2426 aut
3575 2388 3710 2441 prae-

2136 2474 2468 2543 stigiatores,
2510 2473 2603 2542 qtti
2635 2470 3102 2525 incantationibus
3131 2468 3246 2522 suis
3279 2481 3340 2518 ac
3375 2465 3600 2518 fallaciis
3631 2473 3711 2516 to-

2135 2573 2248 2618 tum
2279 2567 2466 2620 orbem
2491 2564 2840 2634 deceperant,
2870 2561 3066 2616 divinis
3093 2557 3394 2612 honoribus
3422 2571 3712 2610 consecra-

2135 2663 2296 2718 runt,
2352 2671 2651 2724 eorumque
2694 2660 3049 2709 monumenta
3093 2651 3332 2704 venerati
3378 2657 3526 2702 sunt.
3585 2645 3712 2700 Inde

2132 2749 2296 2818 longo
2326 2756 2448 2816 post
2477 2756 2721 2816 tempore
2755 2745 3051 2799 Saturnum
3097 2751 3150 2796 et
3182 2740 3390 2802 Jovem,
3417 2740 3607 2808 Opem,
3650 2753 3713 2790 ac

2133 2839 2782 2907 Junonem,czeterosque
2824 2838 3017 2892 horum
3049 2837 3310 2890 asseclas.
3349 2833 3488 2886 Tum
3530 2833 3709 2883 acina-

2133 2947 2251 2986 cem
2288 2929 2552 2984 Sarmataz
2582 2929 2821 2999 Scythici
2855 2929 3071 2999 generis
3118 2941 3215 2996 pro
3258 2926 3360 2995 deo
3401 2924 3577 2977 colere
3601 2936 3714 2976 co:-

2134 3027 2353 3090 perunt,
2385 3029 2442 3073 ut
2469 3027 2522 3074 et
2544 3020 2838 3090 Odrysum,
2864 3035 2893 3071 a
2933 3033 3043 3087 quo
3071 3015 3314 3069 Thraces
3345 3013 3594 3076 oriundi;
3616 3011 3713 3065 .in-

2134 3112 2424 3183 didemque
2460 3120 2513 3166 et
2544 3111 2818 3183 Phrygum
2851 3125 3024 3182 genus
3055 3108 3319 3178 originem
3357 3105 3564 3172 accepit
3599 3121 3611 3155 :
3645 3115 3712 3154 ex

2134 3215 2243 3270 quo
2275 3203 2436 3254 etiam
2489 3201 2722 3264 accidit,
2757 3211 2814 3253 ut
2863 3217 2891 3252 a
2944 3198 3154 3263 Thera,
3193 3198 3284 3265 qui
3318 3196 3370 3248 in
3422 3195 3510 3246 illa
3544 3193 3714 3245 turris

2133 3293 2490 3347 aediﬁcatione
2529 3302 2691 3347 natus
2727 3301 2834 3355 est,
2862 3291 3136 3345 Thracum
3169 3287 3460 3358 appellatio
3483 3285 3711 3338 deducta

2137 3384 2227 3437 sit.
2259 3381 2525 3454 Deinceps
2554 3401 2741 3439 errore
2773 3385 2828 3438 in
2857 3385 3156 3437 humanum
3188 3395 3359 3450 genus
3385 3377 3713 3440 introducto,

2140 3473 2209 3527 ad
2250 3475 2401 3530 illum
2433 3492 2608 3546 usque
2641 3492 2804 3547 quem
2851 3475 3131 3544 attigimus
3160 3472 3486 3534 terminum,
3517 3469 3714 3537 depra-

2069 3741 2112 3798 C
2146 3737 2342 3806 pedum
2373 3733 2749 3788 cubitorumve
2797 3741 2982 3790 certus
3019 3733 3172 3806 deest
3212 3735 3427 3798 modus,
3461 3753 3570 3806 quo
3611 3737 3714 3789 mi-

2154 3804 2339 3862 norem
2368 3806 2536 3858 l'uisse
2581 3807 3054 3876 exaggerationem
3106 3804 3250 3856 illam
3286 3804 3600 3876 scripserat.
3637 3807 3718 3860 Ad

2154 3877 2266 3930 hate
2300 3876 2458 3945 paulo
2479 3882 2624 3936 ante,
2656 3891 2779 3928 cum
2827 3874 3218 3929 sacriﬁciorum
3250 3874 3510 3929 rationem
3543 3878 3718 3941 expli-

2153 3959 2259 4008 cat,
2299 3961 2364 3999 ac
2409 3945 2865 4013 quemadmodum
2906 3945 3109 4015 hostias
3148 3945 3511 4006 immolarent,
3571 3963 3720 4015 quae-

2152 4017 2275 4069 dam
2331 4017 2602 4085 leguntur,
2650 4015 2847 4085 partim
2875 4014 2943 4067 ab
2992 4015 3376 4085 interpretibus
3424 4014 3715 4085 ignorata,

2155 4086 2350 4155 partim
2379 4083 2652 4155 corrupta.
2685 4084 2757 4136 Τὸ
2796 4083 2894 4155 μὲν
2935 4084 3106 4154 ἱρήιον
3142 4083 3279 4155 ⁸αὐτὸ
3316 4083 3720 4155 ἐμπεποδισμέ-

2153 4152 2240 4207 νον
2263 4157 2388 4217 τοὺς
2432 4153 2523 4205 δύο
2553 4153 2716 4215 πόδας
2749 4154 2874 4215 τοὺς
2917 4152 3282 4223 ἐμπροσθίους
3319 4152 3546 4223 ἕστηκε·
3592 4152 3633 4207 δ
3662 4154 3721 4208 δὲ

2155 4225 2296 4304 θύων
2321 4223 2540 4307 ὄπισθεν
2579 4223 2671 4274 τοῦ
2699 4224 2932 4310 ’κτήνεος
2954 4221 3153 4310 ἐστ-ῶς,
3190 4225 3399 4310 σπάσαὲ
3426 4221 3520 4303 τὴν
3543 4225 3720 4310 άρχὴν

2153 4296 2245 4348 τοῦ
2272 4295 2525 4364 στρόφου,
2554 4292 2880 4364 καταῦάλλει
2901 4309 2990 4364 μιν
3010 4309 3038 4364 '_
3051 4292 3336 4364 πίπτοντος
3352 4294 3405 4346 δέ
3421 4292 3512 4347 τοῦ
3543 4292 3719 4364 ἱρηίου

2154 4361 2430 4416 ἐπικαλέει
2472 4363 2562 4414 τὸν
2608 4362 2764 4433 θεὸν,
2793 4362 2870 4433 τῷ
2909 4361 3148 4433 ἂνῃθύῃο
3190 4363 3281 4414 καὶ
3324 4365 3512 4416 ἔπειτα
3547 4361 3722 4433 βρόχῳ

2156 4433 2360 4504 περιὼν
2381 4433 2538 4504 ἔϐαλε
2583 4432 2674 4483 τὸν
2701 4429 3200 4504 καύχέναᾈνξειιηια
3241 4434 3356 4500 ipsa
3401 4429 3720 4501 primoribus

2155 4501 2380 4572 alligata
2417 4503 2634 4570 pedibus
2665 4503 2896 4556 sistitur.
2939 4501 3104 4568 Cujus
3134 4518 3166 4554 a
3202 4511 3341 4568 tergo
3373 4514 3520 4556 stans
3550 4506 3721 4557 δαενέν

2155 4571 2368 4642 βειίίαε,
2406 4575 2546 4643 {unis
2587 4571 3114 4643 extremumtrahens
3139 4574 3383 4639 pecudem
3411 4575 3716 4643 prosternit.

2156 4641 2286 4697 Mox
2321 4661 2383 4696 ea
2405 4641 2620 4696 cadente
2669 4642 2820 4694 deum
2847 4641 2999 4693 illum
3031 4644 3345 4695 nominatim
3378 4645 3605 4706 invocat,
3634 4642 3721 4696 cui

2156 4731 2312 4767 sacra
2330 4715 2479 4782 facit.
2507 4711 2637 4765 Inde
2660 4712 2844 4782 laqueo
2866 4710 3058 4763 collum
3075 4712 3384 4782 circumdat.
3412 4713 3534 4766 Haec
3558 4714 3720 4766 verba

2158 4780 2371 4861 σπάσας
2390 4783 2486 4853 τὴν
2515 4783 2688 4861 ἀρχὴν
2712 4780 2805 4861 τού
2832 4780 3411 4861 στρόφουιιιεμτειιιίυε
3440 4796 3719 4861 perperam

2155 4858 2319 4907 vertit
2352 4872 2365 4907 :
2424 4849 2688 4905 amota'in
2719 4849 2909 4915 primis
2944 4850 3133 4918 infula.
3169 4851 3270 4903 Ista
3301 4849 3470 4918 verm;
3510 4849 3720 4918 περιὼν

2157 4922 2315 4976 ἔϐαλε
2340 4921 2430 4975 τὸν
2453 4922 2673 4986 αὐχένα,
2694 4914 2885 4974 vitiosa
2910 4914 3054 4974 sunt.
3078 4919 3266 4974 Scribe
3283 4921 3410 4986 περὶ
3435 4914 3508 4974 ὧν
3539 4914 3720 4978 ἔϐαλε.

2159 5009 2258 5084 pro
2291 4988 2578 5084 περιέϐαλε
2602 5033 2616 5054 ,
2655 4993 2800 5060 quod
2847 4991 3280 5084 lonicu’mcest.n
3296 4991 3384 5043 Sic
3428 4990 3556 5043 alibi
3599 4988 3720 5084 καθ’

2226 5065 2352 5084 νιμὶ.
2392 5080 2432 5084 ..-
2468 5079 2487 5084 -
2542 5069 2585 5084 ,ι
2622 5062 2759 5084 --.._.’.
2788 5077 2848 5084 η-
2880 5059 3094 5084 1.-.'.-....
3137 5077 3194 5084 μ-
3288 5077 3311 5084 ,ι
3354 5060 3572 5084 ..Λζηηηη
3601 5060 3666 5084 ..2.
3694 5073 3720 5084 η

2078 5102 2124 5152 D
2157 5057 2231 5152 ᾢν
2255 5057 2512 5152 ἐκάλυψε,
2537 5069 2590 5116 ει
2622 5057 2763 5152 κατὰ
2786 5057 3213 5152 μεέφάρμαξαὶς.
3239 5059 3313 5152 Pe
3351 5060 3574 5152 acinace
3601 5060 3722 5138 vide

2153 5127 2580 5190 Alexandrinum
2633 5127 3076 5184 Clementem'in
3130 5129 3480 5196 Protreptica,
3526 5127 3722 5182 Luciu-

2153 5221 2282 5260 num
2318 5205 2370 5256 in
2405 5201 2624 5254 Toxari.

2225 5273 2336 5342 (27)
2377 5271 2473 5335 Ἐξ
2516 5267 2586 5326 οὗ
2643 5269 2708 5342 τὸ
2760 5269 2936 5337 γένος
2990 5266 3304 5342 κατάγεται
3358 5266 3622 5342 Φρργῶν.
3677 5264 3722 5318 Α

2159 5337 2466 5397 Thracibus
2522 5341 2786 5409 originem
2844 5348 3056 5392 traxere
3116 5337 3375 5409 Phryges.
3439 5337 3724 5409 Dardanus

2160 5423 2310 5468 certe
2349 5412 2584 5480 primum
2614 5406 2686 5480 ἰο
2735 5408 3112 5480 Samothracia
3145 5406 3391 5480 consedit
3423 5406 3725 5480 :__un_de_in

2161 5473 2450 5554 Phrygi-ant
2488 5479 2718 5554 trajecit.
2753 5476 2858 5554 Sed
2902 5488 2955 5532 et
2989 5492 3018 5530 a
3067 5476 3272 5540 Mmsis,
3315 5477 3396 5531 vel
3431 5474 3596 5547 Mysis
3625 5473 3726 5554 Eu-

2160 5543 2358 5622 ropaeis
2391 5543 2586 5620 Mysos'
2612 5549 3277 5622 Asiaticosqiropagatos
3313 5543 3586 5622 asserunt.
3632 5543 3726 5598 Di-

2158 5616 2301 5678 serte
2357 5616 2590 5690 idipsum
2624 5619 2817 5690 Strabo
2862 5617 2954 5690 lib.
2982 5631 3010 5668 ῐ
3047 5617 3206 5690 εμΚα).
3227 5617 3325 5668 οὐκ
3369 5616 3593 5690 άπεικός
3616 5629 3725 5690 -γε,

2157 5693 2343 5760 ῶσπερ
2374 5683 2524 5760 αὐτοὶ
2553 5690 2599 5740 οἱ
2631 5687 2852 5760 ,φρύγες
2898 5685 3126 5760 Θρακῶν
3164 5685 3378 5740 ἄποικοί
3422 5689 3545 5741 εἰσι.
3585 5683 3727 5739 οὕτω

2157 5764 2251 5818 καὶ
2276 5756 2344 5818 τᾶ
2377 5759 2499 5833 ἱερὰ
2521 5756 2729 5812 ἐκεῖθεν
2761 5756 3164 5828 μετενηνέχθαι.
