4204 6370
537 315 641 372 197

1203 312 1572 370 ADYERSUS
1601 313 1946 371 [UERESES
1984 314 2112 371 LIB.
2153 314 2195 369 I.
2235 313 2395 369 TOM.
2438 315 2478 367 I.
2519 345 2589 357 —-
2628 311 2900 368 IUERES.
2941 313 3081 370 I-IV.

3683 319 3794 379 193-

536 432 628 484 τδν
659 429 787 484 ἴδιον
818 427 983 482 αὑτοῦ
1014 429 1224 499 πατέρα
1267 429 1451 484 Ἰσαὰκ
1497 431 1591 483 καὶ
1635 431 1848 502 μητέρα
1886 430 2107 483 Ῥεϐέκ-

2214 426 2370 481 Unde
2405 437 2638 496 quatuor
2674 443 2705 480 o
2738 435 2966 497 cognata
3005 427 3203 481 familia
3255 429 3516 500 coniuges
3549 430 3722 497 duxit,
3755 451 3788 490 e

537 541 679 590 καν,
718 520 928 591 γίνεταί
978 539 1062 584 τις
1091 521 1238 591 αὒτῷ
1281 522 1513 575 ὀπτασία
1543 523 1608 574 ἐκ
1651 523 1785 576 Θεοῦ
1831 522 1982 593 παρὰ
2014 520 2113 584 τὰς

536 616 631 669 τοῦ
679 615 940 686 Ἰορδάνου
969 613 1268 676 διεκϐολὰς·
1318 612 1515 666 Ἰαϐὼκ
1561 613 1616 666 δὲ
1645 613 1736 666 τὸν
1780 615 2112 683 χειμάρρουν

538 706 830 767 καλοῦσιν,
865 703 995 756 ἔνθα
1034 720 1137 756 που
1167 702 1426 756 ἐθεάσατο
1465 702 1815 774 παρεμϐολὰς
1845 703 2109 771 ἀγγέλων.

538 799 646 853 Καὶ
698 797 826 851 ιδοὺ
853 836 867 858 ,
919 795 1114 866 φησὶν,
1154 794 1462 863 ἅνθρωπος
1507 796 1606 862 ἀφ’
1665 793 1959 862 ἑσπέρας,
2013 793 2113 846 καὶ

536 887 948 942 συνεπάλαιεν
998 884 1159 948 αὐτῷ
1228 885 1364 952 ἄχρι
1429 883 1541 951 τῆς
1592 884 1667 936 ἕω
1695 923 1710 947 ,
1779 885 1836 938 ὃν
1885 884 2113 952 ἄγγελον

537 979 920 1048 ἐπεσημήνατο
959 978 992 1047 ὴ
1019 977 1209 1045 Γραφή
1236 991 1249 1003 ·
1287 975 1346 1037 ὂς
1389 974 1506 1026 κατ’
1535 975 1784 1042 εὐλογίαν
1824 975 2006 1026 δίδωσι
2034 973 2112 1044 τῷ

550 1068 743 1122 Ἰακὼϐ
779 1067 1085 1137 ἀξιώματος
1114 1067 1285 1136 ὄνομα
1325 1065 1404 1136 τῷ
1458 1065 1694 1136 Ἰσραήλ.
1727 1067 2026 1128 Διαναστὰς
2055 1066 2112 1118 δὲ

537 1161 744 1214 ἐκεῖθεν
789 1162 817 1212 ὀ
848 1158 1051 1232 ,Ἰακὼϐ
1082 1197 1096 1220 ,
1139 1158 1458 1228 ἐπωνόμασε
1504 1157 1565 1209 τὸ
1591 1159 1762 1226 ὄνομα
1815 1156 1907 1208 τοῦ
1944 1157 2109 1210 τόπου

536 1249 692 1314 Εἶδος
732 1252 899 1304 Θεοῦ·
932 1249 1119 1320 ἐπειδὴ
1151 1251 1179 1301 ὁ
1221 1249 1355 1319 πρὸς
1394 1248 1552 1300 αὑτὸν
1599 1248 1686 1300 διὰ
1731 1251 1830 1317 τῆς
1866 1247 2110 1315 εὐλογίας

537 1345 745 1412 φήσας,
770 1343 850 1394 ὅτι
885 1341 1092 1396 Οὐκέτι
1123 1340 1492 1408 κληθήσεται
1521 1341 1582 1392 τὸ
1611 1339 1796 1408 ὄνομά
1834 1356 1950 1393 σου
2002 1341 2112 1394 Ἰα-

510 1434 684 1498 ¹κὼϐ,
717 1434 855 1486 ἀλλ’
895 1431 933 1500 ἣ
990 1430 1228 1500 Ἰσραὴλ
1262 1431 1632 1499 κληθήσεται
1661 1471 1675 1495 ,
1730 1430 1989 1483 διέστειλε
2022 1431 2109 1483 λέ-

535 1541 678 1593 γων·
720 1525 841 1576 Ὅτι
871 1524 1211 1591 ἐνίσχυσας
1250 1524 1403 1590 μετὰ
1452 1522 1632 1581 Θεοῦ,
1672 1523 1770 1574 καὶ
1815 1523 1965 1590 μετὰ
2008 1523 2112 1575 ἀν-

535 1614 786 1682 θρώπων
837 1614 1096 1678 δυνατὸς
1141 1613 1274 1682 ἔσῃ.
1348 1614 1480 1666 Ἀπὸ
1533 1613 1722 1666 τούτου
1774 1615 1868 1666 τοῦ
1923 1615 2110 1686 χρόνου

548 1706 878 1778 Ἰσραηλῖται
913 1705 1221 1760 καλοῦνται.

514 1949 516 1952 ’
605 1965 682 2017 8'.
707 1964 817 2017 Kal
844 1965 873 2016 ὁ
901 1964 1115 2036 Ἰσραὴλ
1143 1965 1279 2035 μετὰ
1297 1967 1396 2037 τὴν
1415 1965 1506 2019 τοῦ
1537 1967 1731 2036 Ἰωσὴφ
1752 1969 1829 2031 εἰς
1842 1969 2111 2035 Αἴγυπτον

536 2057 761 2112 κάθοδον
788 2058 1001 2111 κάτεισι
1025 2057 1119 2110 καὶ
1149 2058 1308 2120 αὐτὸς
1337 2059 1432 2112 σὺν
1461 2059 1624 2112 παντὶ
1654 2057 1730 2129 τῷ
1761 2061 1896 2130 οἴκῳ
1924 2061 2109 2124 αὑτοῦ,

535 2153 669 2206 υἱῶν
702 2170 762 2205 τε
791 2151 884 2205 καὶ
917 2150 1154 2220 ἐκγόνων
1180 2190 1194 2212 ,
1231 2151 1506 2218 γυναικῶν
1544 2167 1604 2202 τε
1635 2151 1743 2202 τῶν
1781 2152 2112 2222 προειρημέ-

537 2265 679 2310 νων,
731 2246 828 2299 καὶ
876 2243 1049 2296 ἄλλων
1079 2285 1094 2306 ,
1142 2245 1199 2296 ὲν
1244 2242 1610 2314 ἑϐδομήκοντα
1643 2242 1829 2312 ψυχῶν
1874 2244 1983 2313 (58)
2021 2243 2111 2296 τὸν

535 2337 788 2411 ἀριθμόν.
835 2336 1110 2408 Διατρίϐει
1164 2336 1221 2389 δὲ
1253 2336 1312 2388 τὸ
1361 2336 1515 2403 γένος
1562 2335 1655 2388 τοῦ
1705 2336 1916 2406 Ἰσραὴλ
1953 2338 2010 2387 ἐν
2044 2339 2111 2407 τῇ

534 2434 642 2487 τῶν
662 2431 970 2501 Αἰγυπτίων
998 2429 1150 2500 χώρᾳ
1174 2429 1365 2497 γενεὰς
1402 2428 1583 2481 πέντε.
1631 2427 1820 2481 Ἰακὼϐ
1853 2428 1961 2500 γὰρ
1987 2446 2111 2497 γεν-

535 2529 603 2596 νᾷ
629 2527 720 2578 τὸν
751 2523 880 2578 Λευῒ
921 2523 1015 2577 καὶ
1057 2522 1148 2575 τὸν
1202 2520 1430 2584 Ἰούδαν,
1465 2521 1559 2573 καὶ
1591 2521 1715 2583 τοὺς
1759 2519 1951 2583 ἄλλους
1981 2521 2111 2573 δέκα

491 2609 502 2618 ’
537 2618 900 2689 πατριάρχας.
946 2613 1108 2677 Λευῖς
1149 2614 1206 2667 δὲ
1251 2614 1415 2683 γεννᾷ
1451 2613 1542 2664 τὸν
1589 2613 1768 2667 Καάθ.
1821 2614 2020 2675 Ἰούδας
2055 2614 2112 2666 δὲ

535 2711 702 2780 γεννᾷ
725 2711 813 2761 τὸν
836 2708 1032 2778 Φαρές.
1062 2704 1216 2759 Καὰο
1237 2707 1400 2775 γεννᾷ
1420 2705 1510 2757 τὸν
1545 2704 1821 2775 ’Λμϐρὰμ.
1858 2705 2111 2775 ’Λμϐρὰμ

535 2803 702 2871 γεννᾷ
745 2801 835 2853 τὸν
880 2798 1136 2853 Μωῦσέα.
1165 2796 1341 2866 Φαρὲς
1379 2797 1543 2867 γεννᾷ
1571 2796 1662 2850 τὸν
1710 2795 1949 2867 Ἑσρώμ.
1992 2797 2112 2848 Ἐσ-

538 2893 663 2966 ρὼμ
687 2893 852 2962 γεννᾷ
878 2891 966 2942 τὸν
1009 2890 1204 2960 Ἀράμ.
1250 2889 1303 2940 Ἀ
1315 2889 1426 2958 ρὰμ
1458 2889 1621 2957 γεννᾷ
1649 2887 1740 2940 τὸν
1781 2886 2072 2956 Ἀμιναδάϐ
2092 2903 2106 2916 ο

551 2983 844 3056 Ἀμιναδὰϐ
881 2982 970 3034 τὸν
995 2978 1258 3033 Ναασσὼν
1299 2981 1360 3031 ὲν
1383 2979 1596 3048 χρόνοις
1641 2979 1916 3041 Μωῦσέως
1951 2979 2063 3049 (59)
2091 2995 2105 3008 ⁸

537 3077 632 3129 καὶ
660 3071 928 3127 Ναασσὼν
964 3073 1190 3142 πέμπτῃ
1221 3069 1385 3138 γενεᾷ
1425 3067 1564 3120 κατὰ
1599 3067 1693 3119 τὸν
1739 3067 1888 3118 Λευΐ.
1933 3065 2110 3128 Ἔξει-

539 3187 622 3221 σιν
665 3165 879 3238 Ἰσραὴλ
911 3167 974 3216 ὲκ
1003 3163 1106 3231 γῆς
1143 3161 1416 3230 Αἰγύπτου
1451 3159 1537 3212 διὰ
1574 3159 1672 3229 τῆς
1711 3158 1972 3229 Ἐρυθρᾶς
2016 3157 2113 3211 θα-

537 3261 741 3330 λάσσης
766 3261 822 3310 ὲν
849 3255 1212 3325 θεοσημείοις,
1241 3253 1333 3305 καὶ
1360 3250 1771 3322 στρατοπεδεύει
1803 3252 1860 3302 ἐν
1894 3254 1958 3320 τῇ
1992 3251 2116 3320 ἐρή-

541 3369 627 3422 μῳ
668 3350 818 3402 ma.
851 3347 961 3399 Καὶ
990 3343 1255 3416 χρησμῶν
1289 3343 1546 3396 δοθέντων
1586 3343 1650 3394 ἐκ
1681 3341 1815 3393 Θεοῦ
1841 3341 1918 3411 τῷ
1949 3340 2112 3411 θερά-

538 3458 695 3494 ποντι
722 3437 887 3493 αὑτοῦ
925 3437 1148 3490 Μωῦσεῖ
1172 3434 1578 3506 ἀριθμήσασθαι
1602 3433 1708 3486 ἀπὸ
1728 3432 1929 3485 εἴκοσιν
1955 3433 2112 3496 ἐτῶν,

538 3533 635 3587 καὶ
677 3532 781 3595 ἕως
815 3530 1152 3599 πεντήκοντα
1189 3526 1386 3596 ἄνδρας
1428 3525 1756 3594 δυναμένους
1805 3523 2114 3577 σπάσασθαι

540 3623 816 3696 ῥομφαίαν
841 3663 857 3687 ,
896 3621 988 3672 καὶ
1025 3618 1320 3689 λαμϐάνειν
1360 3616 1498 3668 ὅπλα
1529 3614 1830 3684 πολεμικὰ,
1864 3617 1943 3676 είς
1992 3614 2116 3685 ἑξη-

539 3713 800 3769 κονταδύο
833 3711 1098 3783 μυριάδας
1141 3710 1232 3761 καὶ
1261 3707 1690 3776 ὀκτακισχιλίους
1729 3705 2114 3768 πεντακοσίους

539 3804 718 3882 εὗρεν.
751 3804 861 3862 Ἦν
908 3808 966 3860 δὲ
994 3807 1112 3858 κατ’
1153 3806 1326 3857 ἐκεῖνο
1358 3803 1550 3874 καιροῦ
1583 3803 1694 3873 (40)
1744 3803 1953 3871 Ἴναχος
1986 3801 2114 3870 παρ’

610 3947 658 3976 ’³
691 3942 830 3998 Gen.
861 3956 1035 4003 χχχιι,
1057 3939 1149 3992 24.
1225 3936 1270 3968 ⁸³
1302 3935 1434 3990 ibid.
1474 3934 1564 3987 28.

615 4076 728 4148 ('58)
770 4076 872 4148 Ἑν
899 4071 1308 4148 ἑϐδομήκοντα
1341 4065 1577 4148 ψυχῶν.
1613 4062 2113 4148 Cora-duxere.va

538 4131 770 4212 numero
798 4131 1068 4201 dissident
1103 4131 1311 4194 Hebraei
1346 4131 1632 4212 Laiiniqua
1658 4131 1943 4212 codicesa
1971 4131 2112 4185 LXX

543 4203 898 4278 Senioribus;
928 4212 1228 4268 secundum
1251 4223 1390 4279 quos
1409 4203 1769 4280 Actfvnall,
1800 4203 2112 4280 Stephanus

541 4272 610 4344 73
647 4288 858 4341 animas
888 4272 1178 4338 enumerat
1210 4299 1223 4333 :
1271 4272 1604 4348 'qnanquam
1667 4277 1827 4329 iidem
1861 4277 1935 4327 illi
1974 4272 2113 4348 LXX

540 4359 702 4414 Deut.
752 4373 808 4418 χ,
837 4355 929 4414 (22,
963 4370 1072 4408 non
1112 4345 1728 4422 plures—animasquam
1767 4345 2112 4422 septuaginta

541 4414 862 4499 posuerunt.
905 4414 1436 4499 Deliae-quaestione
1471 4414 1934 4499 \lltIel'IIIel'Oll.lilt
1978 4414 2112 4499 Tr'a-

460 4535 464 4539 -
541 4483 665 4563 ilia,
691 4505 745 4552 et
780 4495 1069 4564 Augustin.
1101 4483 1296 4561 quaest.
1331 4489 1434 4542 152
1481 4489 1537 4540 in
1580 4485 1789 4549 (lenes,
1824 4492 1877 4538 et
1907 4499 1996 4536 ιιιί
2034 4483 2111 4535 De

542 4570 714 4626 civit..
746 4566 868 4620 M9.

613 4621 744 4708 (59'),
767 4637 864 4688 Ἐν
904 4632 1140 4702 χρόνοις
1167 4626 1490 4708 ’Μωῠρ-ἐως..
1534 4624 1708 4678 Prava
1745 4621 2114 4708 interpunctio

544 4694 1272 4763 falsissimamwsententiam
1317 4699 1421 4752 hoc
1467 4699 1587 4750 loco
1631 4694 1882 4764 peperit;
1918 4706 2113 4760 nempe

542 4780 732 4846 quinta
769 4773 932 4846 γενεᾷ
961 4771 1252 4846 ιιιτοὺὶψις
1300 4779 1409 4822 tam
1448 4767 1503 4821 in
1527 4763 1714 4846 .stirpe
1755 4763 1925 4846 Levi,
1949 4777 2114 4846 quam

541 4833 716 4910 Iudae,
748 4833 1026 4899 Israelitas
1064 4856 1126 4896 ex
1163 4833 1415 4910 'Aﬁgypto
1470 4837 1753 4910 migrasse.
1790 4833 1933 4885 Dixit
1969 4833 2116 4910 enim

541 4900 715 4989 inuia
761 4923 889 4969 ante
936 4927 950 4963 :
1003 4900 1484 4989 mansisse'illoﬁ
1529 4900 1586 4960 ἱῖι
1641 4903 1878 4989 Αὲειριρ
1924 4900 2117 4989 γξγῖᾲξ

541 4973 742 5040 πέντε·
794 4997 935 5052 quas
984 4981 1181 5036 deinde
1227 4977 1544 5047 singillatim
1593 4980 1901 5052 percenset.
1952 4973 2117 5052 Atqui

543 5059 612 5112 de
640 5057 754 5112 sola
783 5040 839 5110 id
867 5052 1110 5106 Levitica
1152 5040 1433 5116 utcunque
1476 5040 1662 5101 verum
1703 5043 1926 5116 est;_in
1965 5040 2120 5096 Judaa

543 5128 716 5197 stirpe
744 5125 965 5181 falsum.
990 5119 1116 5176 Haec
1143 5119 1290 5175 enim
1320 5113 1406 5172 e‘st
1431 5117 1723 5184 utriusque
1745 5113 1942 5169 series.

1205 5231 1373 5287 Jacob

890 5327 1021 5382 Levi
1450 5319 1588 5374 Jnda

891 5397 1068 5453 Caath
1452 5391 1658 5445 Phares

898 5469 1121 5522 Amram
1449 5460 1661 5516 Hesron

890 5537 1106 5609 Moyses
1450 5531 1584 5609 llam

1459 5599 1762 5656 Aminadab

1458 5671 1707 5727 Naasson

614 5754 908 5826 Egyptum
940 5751 1219 5823 ingressus
1263 5752 1347 5804 est
1383 5741 1573 5809 Jacob,
1619 5755 1744 5796 cum
1783 5740 1897 5813 jam
1941 5739 2114 5798 Caath

2216 517 2414 585 quibus
2445 515 2728 568 duodecim
2756 516 2954 571 liberos
2974 517 3313 584 patriarchas
3337 522 3598 590 suscepit.
3621 523 3788 576 Cuiu-

2215 626 2320 678 que
2345 610 2397 663 in
2421 611 2779 664 (lliananaaam
2810 612 2876 661 ad
2903 619 3152 677 parentes
3177 626 3306 666 suos
3333 611 3481 667 Isaac
3502 623 3556 668 et
3579 615 3787 673 Rebec-

2215 715 2333 752 eam
2379 701 2714 770 postliminio
2747 701 2968 760 rediret,
3016 702 3189 755 visum
3232 702 3281 756 ei
3326 704 3596 771 quoddam
3643 708 3788 763 haud

2216 794 2402 860 procul
2455 791 2710 845 Jordanis
2759 792 2912 846 vadis
2957 791 3218 846 divinitus
3269 793 3510 848 oblatum
3567 807 3668 861 est,
3720 799 3789 852 ad

2215 892 2508 936 torrentem
2548 881 2736 943 Jaboc,
2779 883 2867 934 ubi
2911 883 3224 950 angelorum
3263 893 3444 938 castra
3481 891 3784 957 conspexit.

2216 971 2283 1024 Et
2313 991 2448 1034 ecce,
2499 974 2710 1042 inquit,
2736 975 2814 1025 vir
2837 974 3050 1042 quidam
3084 991 3200 1026 cum
3229 991 3286 1028 eo
3319 977 3622 1031 luctabatur
3645 998 3678 1032 a
3707 999 3790 1035 re-

2213 1080 2365 1130 spera
2415 1064 2483 1116 ad
2538 1080 2784 1117 auroram
2827 1081 2985 1132 usque
3018 1067 3082 1126 “,
3115 1081 3275 1134 quem
3323 1070 3572 1138 angelum
3622 1071 3790 1128 fuisse

2217 1153 2496 1223 Scriptura
2537 1155 2827 1223 signiﬁcat,
2860 1156 2950 1224 qui
2989 1153 3191 1210 Jacobo
3225 1157 3574 1226 benedicens,
3613 1164 3786 1218 eidem

2213 1248 2494 1316 dignitatis
2545 1249 2762 1300 nomine
2822 1247 3038 1301 Israelis
3100 1248 3516 1315 appellationem
3573 1252 3786 1310 indidit.

2213 1340 2404 1394 Postea
2449 1340 2762 1409 digrediens
2790 1339 3028 1395 Iacobus
3061 1344 3108 1395 ei
3141 1345 3260 1395 loco
3293 1342 3530 1397 Visionis
3554 1344 3646 1399 Dei
3691 1363 3791 1399 no-

2214 1448 2335 1486 men
2369 1433 2649 1500 imposuit,
2676 1441 2960 1501 propterea
2984 1433 3129 1502 quod
3152 1436 3242 1502 qui
3275 1435 3378 1488 sibi
3405 1436 3546 1489 inter
3571 1437 3791 1492 benedi-

2212 1524 2444 1575 cendum
2478 1522 2691 1576 dixerat
2721 1543 2732 1576 :
2775 1523 3118 1592 Nequaquam
3145 1526 3372 1592 amplius
3398 1527 3658 1581 vocaberis
3685 1529 3788 1583 Ja-

2213 1615 2304 1665 Col)
2331 1655 2344 1674 ,
2391 1613 2480 1666 sed
2523 1613 2695 1666 Israel
2744 1614 2837 1666 tibi
2884 1631 3068 1668 nomen
3101 1617 3220 1678 erit,
3272 1616 3412 1669 idem
3450 1619 3550 1670 hoc
3589 1621 3791 1675 diserte

2215 1705 2540 1772 subjeceral:
2576 1705 2836 1770 Quoniam
2870 1721 2986 1756 cum
3022 1705 3129 1758 Deo
3157 1707 3470 1760 contendens
3496 1721 3788 1777 praepotens

2139 1781 2187 1842 Β
2213 1797 2383 1864 fuisti,
2407 1796 2564 1848 etiam
2587 1805 2771 1847 contra
2799 1793 3029 1848 homines
3048 1796 3238 1847 viribus
3268 1797 3460 1850 valebis
3491 1798 3557 1852 ³³.
3583 1800 3664 1852 Ab
3696 1802 3790 1854 illo

2214 1884 2470 1951 deinceps
2498 1891 2740 1952 tempore
2775 1884 3028 1936 Israelita:
3057 1887 3352 1953 nuncupati
3377 1895 3524 1940 sunt.

2281 1973 2369 2026 IX.
2416 1973 2705 2043 Postquam
2751 1990 2876 2028 vero
2919 1975 2972 2027 in
3014 1974 3313 2046 {Egyptum
3357 1976 3627 2048 Josephus
3672 1996 3793 2048 pro-

2215 2066 2388 2120 lectus
2441 2076 2544 2132 est,
2599 2067 2662 2120 ad
2718 2082 2842 2120 eum
2897 2066 3062 2122 Israel
3109 2083 3235 2121 cum
3278 2070 3532 2126 universa
3580 2073 3790 2128 familia

2215 2159 2486 2225 perrexit,
2546 2173 2668 2210 eum
2705 2158 2848 2214 liliis.
2887 2158 3132 2226 inquam,
3165 2174 3228 2212 ac
3260 2161 3580 2228 nepotibus,
3626 2173 3790 2234 atque

2217 2248 2406 2302 horum
2451 2250 2693 2302 omnium
2747 2249 3027 2313 uxoribus,
3075 2251 3393 2321 reliquaque
3425 2253 3608 2315 domo.
3641 2265 3700 2308 ut
3733 2258 3788 2310 in

2213 2343 2384 2390 totum
2451 2340 2794 2408 septuaginta
2849 2341 3023 2409 capita
3071 2350 3352 2394 numerata
3405 2343 3534 2397 sint.
3590 2344 3792 2401 Mansit

2215 2443 2376 2497 porro
2413 2428 2781 2484 Israelitarum
2819 2431 2870 2482 in
2898 2429 3129 2500 [Egypto
3165 2448 3336 2500 genus
3373 2441 3591 2488 aetatum
3629 2438 3792 2505 quin-

2213 2535 2319 2588 que
2358 2519 2553 2588 spatio.
2606 2519 2882 2588 Siquidem
2931 2520 3169 2575 Jacobus
3211 2521 3336 2577 Levi
3387 2535 3550 2594 atque
3594 2526 3790 2583 Judam

2213 2611 2431 2680 genuit,
2459 2618 2794 2680 canet-osque
2840 2612 3182 2680 patriarchas
3219 2615 3422 2668 decem.
3462 2615 3590 2671 Levi
3621 2619 3790 2674 Caath

2214 2704 2382 2756 lilium
2407 2720 2420 2763 ;
2450 2700 2587 2756 Juda
2613 2701 2818 2756 Phares
2848 2706 3110 2772 suscepit.
3137 2704 3307 2759 Caath
3333 2709 3550 2762 Amram
3578 2713 3787 2780 genuit,

2212 2797 2431 2850 Amram
2470 2796 2706 2867 Moysen.
2763 2801 2830 2849 At
2867 2797 3069 2851 Phares
3111 2798 3318 2864 Esrom,
3366 2799 3559 2855 Esrom
3601 2805 3786 2870 Aram,

2210 2886 2373 2940 Aram
2398 2886 2719 2949 Aminadah,
2743 2887 2839 2954 11
2874 2886 3176 2940 Aminadab
3195 2887 3437 2943 Naasson
3463 2889 3628 2946 Mosis
3653 2901 3792 2946 tem-

2214 2993 2362 3046 pore.
2399 2976 2490 3031 Sic
2507 2985 2662 3030 artato
2686 2977 2910 3045 perinde
2934 2977 3122 3046 quinta
3146 2977 3390 3032 Naasson
3415 2990 3569 3035 ortus
3591 2992 3693 3038 est.
3715 2986 3784 3038 At

2216 3067 2472 3122 lsraelitm
2517 3084 2612 3138 per
2654 3083 2802 3121 mare
2841 3066 3086 3121 llubrum
3128 3086 3194 3124 ex
3236 3069 3470 3140 Azlgypto
3501 3073 3642 3128 inter
3674 3086 3792 3130 stu-

2217 3159 2394 3230 penda
2433 3159 2677 3228 prodigia
2709 3159 2940 3227 digressi
2977 3160 3029 3212 in
3061 3160 3277 3214 deserto
3313 3163 3574 3218 Sinaitico
3606 3176 3789 3223 castra

2215 3250 2400 3306 metati
2438 3259 2584 3305 sunt.
2623 3249 2759 3302 Tum
2787 3248 2958 3318 Moysi
2990 3249 3082 3304 Dei
3125 3266 3283 3304 servo
3318 3254 3559 3307 divinum
3593 3273 3784 3314 oracuc

2214 3339 2324 3392 lum
2359 3354 2640 3394 recensere
2673 3341 2928 3407 populum
2955 3340 3142 3408 jubet,
3175 3356 3474 3410 eorumque
3501 3362 3789 3402 numerum

2213 3430 2372 3492 inire,
2411 3431 2506 3500 qui
2545 3430 2834 3482 militarem
2879 3438 3091 3485 aetatem
3135 3429 3312 3500 adepti
3357 3441 3594 3490 tractare
3637 3453 3790 3492 arma

2214 3531 2455 3591 possent,
2504 3537 2533 3574 a
2584 3522 2842 3576 vicesimo
2898 3523 3072 3574 aetatis
3127 3538 3270 3575 anno
3327 3525 3394 3577 ad
3451 3527 3788 3597 quinquage-
3840 3578 3847 3584 ,

2216 3612 2435 3664 simum.
2461 3612 2635 3676 Quam
2677 3612 2729 3664 in
2767 3611 3189 3680 descriptionem
3221 3623 3476 3668 sexcenta
3517 3618 3702 3686 viginti
3735 3625 3791 3672 et

2213 3711 2337 3757 octo
2376 3703 2544 3756 millia
2591 3719 2655 3756 ac
2675 3702 2970 3772 quingenta
3005 3703 3181 3772 capita
3215 3705 3385 3758 relata
3422 3715 3570 3762 sunt.
3615 3711 3790 3780 Atque

2213 3794 2358 3849 idem
2391 3793 2523 3848 illud
2555 3801 2768 3864 tempus
2803 3793 2924 3859 fuit,
2961 3810 3072 3863 quo
3116 3795 3258 3864 apud
3297 3795 3516 3854 Graecos
3553 3798 3789 3858 Inachus

2214 4073 2463 4141 nepotem
2486 4081 2550 4118 ex
2581 4064 2705 4117 Levi
2734 4063 2842 4141 lilio
2871 4068 3222 4141 suscepisset.
3242 4066 3607 4141 Quamobrem
3633 4074 3786 4141 prius

2215 4136 2346 4189 illud
2389 4135 2585 4207 falsum
2613 4143 2726 4194 est,
2765 4135 2924 4186 πέντε
2959 4137 3148 4207 γενεάς
3185 4139 3237 4190 in
3269 4137 3502 4207 Algypto
3543 4135 3786 4194 commo-

2215 4215 2364 4258 ratos
2403 4205 2615 4258 Israelis
2644 4212 2912 4272 posteros,
2942 4219 3064 4256 cum
3092 4206 3232 4268 dum,
3281 4205 3391 4259 aut
3415 4205 3483 4262 ad
3511 4225 3786 4265 summum

2214 4283 2327 4328 tres
2370 4274 2639 4347 duntaxat
2686 4275 3118 4347 intercesserint.
3170 4275 3470 4342 Posterius,
3524 4281 3670 4347 quod
3711 4283 3788 4335 ait

2215 4347 2403 4413 quinta
2455 4346 2620 4413 γενεᾷ
2665 4345 2950 4415 liberatum
2987 4360 3110 4398 esse
3168 4347 3446 4415 populum,
3499 4345 3787 4404 commoda

2217 4415 2664 4481 interpretatione
2691 4413 2792 4487 Asic
2839 4413 3205 4487 adjuvandnm
3241 4413 3376 4487 est,
3433 4425 3490 4470 ut
3535 4419 3788 4487 quintum

2214 4493 2378 4556 caput
2413 4498 2507 4552 per
2544 4483 2737 4556 γενεάν
2773 4484 3058 4556 intelligat.
3102 4483 3236 4556 Nam
3280 4485 3491 4556 Moyses
3523 4483 3788 4545 a'Jacobo

2215 4552 2444 4629 quintus
2467 4565 2580 4629 est._
2600 4552 2866 4629 Neutrum
2895 4556 2950 4605 in
2979 4555 3148 4629 stirpe
3171 4553 3323 4629 Iuda:
3353 4552 3647 4625 procedere
3685 4576 3786 4629 po-

2215 4620 2342 4695 test.
2394 4621 2670 4695 Siquidem
2719 4620 3047 4695 Naessona
3083 4620 3308 4679 _Jacobo
3353 4620 3626 4695 septimus
3679 4620 3784 4684 est.

2215 4694 2356 4768 Ergo
2385 4695 2456 4768 ita
2503 4693 2678 4768 locum
2717 4691 3005 4768 Iclpiphanii
3041 4691 3454 4768 concipiemus':
3488 4697 3544 4748 ὲν
3577 4699 3788 4768 χρόνοις

2215 4763 2527 4836 Μωῦσεῳς,
2572 4762 2664 4814 καὶ
2713 4762 3012 4836 Ναασσών·
3045 4765 3272 4836 πέμπτῃ
3323 4767 3486 4836 γενεᾷ
3529 4762 3668 4821 κάξά
3697 4769 3788 4822 τὸν

2217 4832 2349 4885 Λευῒ
2396 4832 2617 4897 ἔξεισιν,
2647 4839 2777 4886 etc.:
2816 4833 3015 4896 Quinta
3054 4832 3383 4900 generatione
3426 4832 3686 4889 duntaxat
3731 4842 3788 4890 in

2219 4903 2349 4955 serie
2373 4901 2514 4972 Levi.
2548 4901 2704 4972 Quod
2751 4902 3113 4970 adjiciendum
3141 4905 3260 4959 ideo
3292 4904 3413 4966 fuit,
3439 4907 3567 4972 quia
3597 4907 3786 4962 ambas

2219 4973 2362 5045 inter
2385 4987 2442 5026 se
2471 4970 2706 5045 familias
2737 4973 3145 5045 permiscuerat.
3184 4975 3264 5026 Ad
3289 4970 3522 5045 eumque
3561 4975 3784 5029 modum

2220 5041 2542 5110 corrigenda
2570 5049 2624 5094 et
2653 5042 3026 5110 interpretatio
3049 5051 3279 5097 nostra.-

2290 5109 2408 5163 Iluc
2437 5111 2527 5163 illa
2561 5109 2928 5182 celebris’eta
2963 5111 3310 5182 chronologis
3337 5120 3529 5166 vexata
3553 5112 3784 5180 quaestio

2220 5182 2490 5250 pertinet;
2518 5187 2651 5248 quot
2685 5194 2859 5234 annos
2891 5181 2944 5232 in
2972 5179 3208 5250 {Egypto
3235 5179 3494 5236 Israelitae
3525 5179 3781 5250 perinan-

2222 5249 2414 5305 Seritit.
2451 5249 2625 5314 Quam
2656 5266 2721 5302 ne
2751 5252 3010 5318 attingam
3042 5249 3145 5304 hec
3174 5253 3312 5314 loco,
3345 5266 3468 5304 cum
3503 5249 3714 5314 eorum,
3752 5269 3783 5306 a

2221 5321 2418 5388 quibus
2445 5329 2530 5374 est
2567 5326 2793 5372 tractata
2819 5358 2832 5379 ,
2865 5319 3176 5387 diligentia.
3225 5328 3280 5375 et
3311 5321 3502 5388 copia,
3539 5329 3652 5374 tum
3694 5324 3783 5376 in-

2220 5391 2409 5443 stituta
2436 5398 2686 5442 notarum
2725 5389 2960 5442 brevitas
2994 5390 3264 5443 hortatur.

2291 5459 2402 5529 (40)
2436 5455 2546 5513 Ἦν
2573 5457 2640 5510 δὲ
2680 5461 2805 5529 κατ’
2829 5456 3024 5511 ἐκεῖνο
3066 5460 3296 5525 καιροῦ.
3340 5457 3628 5529 Vetertous
3659 5468 3784 5515 ante

2218 5527 2512 5583 Eusebium
2553 5527 2820 5599 omnibus
2874 5531 3348 5599 persuasissiunun
3387 5539 3522 5593 erat,
3581 5527 3784 5599 Moysis

2223 5599 2514 5668 σύγχρονον
2553 5595 2808 5668 Inachum
2853 5595 3046 5668 fuisse,
3089 5606 3148 5650 ut
3195 5598 3462 5668 Josepho.
3498 5595 3780 5661 Clementi,

2220 5665 2470 5731 Tatiano,
2504 5667 2990 5737 caeterisdenique.
3015 5665 3253 5733 Quorum
3291 5665 3506 5737 quidem
3539 5683 3780 5722 errorem

2220 5739 2509 5810 castigavit
2541 5736 2805 5793 Eusebius
2837 5753 2848 5788 :
2881 5747 2933 5793 et
2972 5737 3228 5795 Inachum
3259 5736 3384 5793 ante
3414 5739 3782 5794 lsraelitarum
