4204 6370
377 253 542 324 ’199

1848 260 1905 309 ὃ.
1948 255 2293 312 ΕΡΙΡΗΛΝΙΙ

3609 260 3720 314 200

431 382 691 446 ﬂorebat;
721 377 882 450 cujus
909 375 970 431 lo
999 373 1133 440 tilia,
1164 371 1350 427 Atthis
1370 385 1504 426 anas
1521 369 1692 435 dicta,
1710 369 1903 427 Attica:
1933 388 2020 428 re-

2130 374 2356 446 Ἕλλησι
2384 373 2782 445 γνωριζόμενος
2803 412 2817 435 ,
2849 367 2908 428 οὗ
2951 373 3200 445 θυγάτηρ
3251 373 3338 428 Ἰὼ
3368 375 3511 438 (Ml,
3559 380 3590 447 ἡ
3622 380 3717 432 καὶ

431 475 579 546 gioni
614 473 683 528 de
721 485 825 527 suo
860 483 1059 524 nomen
1096 464 1377 536 imposuit.
1421 462 1496 516 Ex
1537 463 1728 517 eadem
1770 473 1936 520 natus
1973 472 2029 519 et

432 566 772 636 Bosphorus.
808 560 898 616 cui
945 556 1292 629 cognominis
1343 555 1474 610 urbs
1521 555 1578 608 in
1627 554 1841 609 Euxino
1888 555 2028 609 mari

434 658 632 728 posita.
669 652 778 709 Sed
819 650 1062 723 Egyptii
1105 649 1217 705 Isin
1260 648 1411 702 illam
1454 655 1798 716 nuncupant,
1832 663 1896 700 ac
1929 663 2028 717 pro

430 748 537 805 dea
575 752 928 802 venerantur.
972 740 1157 795 Inachi
1190 754 1358 810 porro
1387 754 1586 792 nomen
1629 739 1793 791 etiam
1832 737 2027 794 IIuvius

430 839 653 910 quidam
685 837 911 893 sortitus
933 841 1039 889 est.
1065 831 1336 887 Ca'terum
1369 830 1520 884 illinc
1553 828 1865 884 Graecorum
1906 846 2027 901 my-

432 933 599 988 steria
623 931 1027 1001 religionesque
1053 925 1311 980 derivata:
1326 931 1474 987 sunt,
1500 939 1622 992 quae
1660 923 1805 993 apud
1857 921 2027 994 Egy-

433 1025 597 1095 ptios,
642 1022 906 1092 Phryges,
940 1018 1230 1073 Phoenices
1267 1023 1322 1071 et
1361 1014 1689 1088 Babylonios
1739 1016 1880 1069 male
1926 1031 2024 1068 an-

431 1118 592 1171 tehac
640 1113 951 1184 excogitata
1009 1123 1107 1180 per
1153 1106 1442 1169 Cadmum.
1495 1116 1550 1163 et
1598 1108 1880 1171 Inachum,
1930 1108 2024 1178 qui

431 1209 589 1278 prius
633 1207 766 1277 Apis
825 1204 1030 1267 dictus,
1059 1201 1342 1271 Memphin
1392 1201 1584 1255 urbem
1637 1201 1904 1264 condidit,
1959 1217 2025 1256 ex

432 1299 670 1370 IEgypto
704 1297 969 1350 translata
1009 1303 1136 1349 sunt
1167 1294 1222 1347 in
1245 1292 1537 1347 Graeciam.
1577 1291 1723 1358 Quin
1757 1294 1920 1346 etiam
1956 1293 2026 1347 ab

429 1388 648 1460 Orpheo
678 1389 912 1456 aliisque
951 1385 1234 1440 nonnullis
1275 1384 1490 1439 invecta
1531 1387 1712 1440 varias
1751 1387 1807 1440 in
1847 1396 2025 1442 sectas

430 1483 688 1536 coaluere
743 1478 1090 1550 postmodum
1151 1497 1164 1532 :
1219 1492 1454 1547 quarum
1514 1475 1828 1548 Epicurus,
1879 1476 2025 1531 Zeno

433 1571 676 1637 Stoicus,
711 1572 1047 1644 Pythagoras
1081 1584 1146 1624 ac
1177 1569 1352 1631 Plato,
1385 1569 1554 1624 duces
1573 1577 1738 1640 atque
1774 1570 2024 1624 invento-

431 1682 520 1722 res
576 1667 817 1720 l‘uerunt.
870 1665 1040 1735 Igitur
1094 1663 1164 1717 ab
1220 1663 1315 1717 illo
1369 1672 1616 1732 tempore
1666 1663 2019 1716 corroborata

430 1759 689 1830 deinceps
721 1758 811 1811 illa
844 1755 1165 1827 superstitio
1205 1755 1272 1809 ad
1310 1755 1598 1825 imperium
1635 1771 1811 1826 usque
1843 1755 2021 1810 Mace-

431 1852 712 1914 donicum,
737 1858 789 1905 et
815 1847 1051 1904 Xerxem
1077 1847 1366 1903 Persarum
1399 1847 1734 1917 principem,
1761 1855 1884 1917 post
1915 1847 2025 1916 pri-

431 1959 584 1999 mum
617 1941 1125 2012 Hierosolymorum
1155 1937 1451 1994 excidium.
1477 1936 1720 2008 Itemque
1746 1938 1810 1991 ad
1836 1936 2022 1992 Nabu-

433 2034 831 2092 chodonosoris
866 2047 1044 2103 usque
1081 2031 1478 2102 captivitatem,
1509 2029 1758 2100 adeoque
1792 2029 1940 2085 Darii
1967 2042 2023 2086 et

431 2126 727 2183 Alexandri
755 2124 1070 2180 Macedonis
1099 2133 1368 2194 tempora.
1395 2120 1535 2176 Tum
1563 2122 1708 2177 enim
1743 2122 1894 2176 Plato
1925 2122 2022 2176 llo-

432 2219 605 2281 rebat,
634 2233 698 2274 ac
725 2218 820 2288 qui
855 2217 1138 2272 Platonem
1164 2223 1325 2270 actate
1356 2214 1638 2284 praecessit
1661 2213 2018 2284 Pythagoras,

431 2319 486 2366 et
523 2310 617 2381 qui
655 2317 779 2379 post
815 2323 939 2363 eum
981 2307 1114 2362 vixit
1158 2306 1450 2376 Epicurus.
1491 2303 1571 2358 Ex
1611 2304 1723 2366 illa,
1767 2307 1844 2358 uti
1883 2305 2016 2370 dixi,

431 2402 724 2458 occasione
761 2399 1076 2455 Graecorum
1125 2397 1463 2452 monimenta
1517 2404 1813 2466 propagata
1870 2405 2016 2451 sunt.

431 2490 571 2549 Tum
604 2507 728 2562 quae
752 2493 1056 2548 secundum
1089 2490 1218 2544 illud
1244 2499 1458 2560 tempus
1486 2489 1772 2544 celebrata:
1803 2487 2022 2543 fuerunt

432 2583 887 2656 philosophorum
911 2593 1096 2649 sector,
1128 2599 1206 2638 eae
1237 2581 1456 2637 tametsi
1486 2595 1673 2636 secum
1705 2581 1934 2636 invicem
1967 2585 2020 2635 in

433 2756 814 2828 migrationem
836 2755 1000 2810 annis
1035 2755 1206 2828 ferme
1231 2767 1459 2828 cccxcvt
1492 2753 1778 2828 exstitisse
1804 2753 2013 2828 docuit.

432 2823 617 2894 Quare
648 2828 999 2882 vehementer
1044 2826 1236 2887 miror,
1286 2825 1674 2894 Epiphanium,
1725 2824 1815 2892 qui
1853 2823 2020 2877 Euse-

432 2897 582 2952 bium
613 2899 669 2950 in
703 2896 981 2958 omnibus,
1021 2911 1144 2964 qua:
1177 2895 1243 2947 ad
1304 2903 1608 2964 temporum
1645 2896 1906 2947 ratiniiein
1940 2907 2020 2947 at-

433 2968 634 3026 tinent,
687 2975 951 3037 perpetuo
997 2967 1264 3037 sequitur,
1321 2965 1416 3037 ibi,
1461 2965 1549 3018 ubi
1603 2965 1823 3037 minime
1857 2981 2020 3032 opor-

2145 467 2324 529 ’Δτθὶς
2362 465 2705 536 καλουμένη,
2737 465 2806 518 δι’
2838 467 2902 536 ἢν
2941 466 3036 518 καὶ
3062 469 3094 537 ἡ
3141 467 3360 538 Ἀττική
3392 486 3404 497 ³
3441 469 3500 532 ἐξ
3528 464 3595 540 ἧς
3622 473 3716 523 καὶ

2129 559 2158 612 ὁ
2188 559 2460 630 Βόσπορος
2483 597 2497 621 ,
2520 552 2580 610 οὗ
2617 558 2902 628 ἐπώνυμος
2933 557 3086 620 πόλις
3113 559 3389 630 Βόσπορος
3421 563 3477 612 ὲν
3501 562 3577 631 τῷ
3614 563 3718 615 Εὑ-

2131 648 2290 721 ξείνῳ
2318 651 2498 720 πόντῳ
2521 649 2853 720 καλουμένη.
2881 649 3121 703 Καλοῦσι
3155 651 3210 704 δὲ
3231 650 3398 722 αὐτὴν
3428 653 3714 720 Αἰγύπτιοι

2129 737 2268 794 Ἶσιν
2293 782 2306 804 ,
2339 742 2405 811 ἢν
2443 743 2538 795 καὶ
2565 742 2640 805 ὼς
2681 741 2810 795 θεὰν
2847 741 3265 811 προσκυνοῦσιν.
3309 743 3625 812 Ὀμὼνυμος
3658 744 3714 798 δὲ

2129 834 2302 904 τούτῳ
2334 835 2428 886 καὶ
2466 834 2707 904 ποταμός
2742 835 2887 886 ἐστιν
2935 835 3147 904 Ἴναχος
3183 835 3327 887 οὕτω
3359 837 3712 906 καλούμενος.

2142 927 2379 982 Ἐκεῖθεν
2425 927 2480 980 δὲ
2511 928 2686 998 ἀρχὴν
2731 927 2856 996 ἔσχε
2891 925 2958 979 τὰ
2992 928 3121 998 παρ’
3165 927 3390 997 ’Ἕλλησι
3439 929 3716 1000 μυστήρια

2127 1035 2187 1071 τε
2234 1019 2328 1074 καὶ
2359 1018 2603 1083 τελεταὶ,
2639 1018 2904 1088 πρότερον
2949 1019 3076 1088 παρ’
3101 1018 3419 1086 Αἰγυπτίοις
3445 1019 3537 1071 καὶ
3565 1019 3716 1090 παρὰ

2127 1110 2294 1182 Φρυξὶ
2328 1113 2422 1164 καὶ
2453 1109 2656 1176 Φοίνιξι
2698 1112 2792 1163 καὶ
2831 1111 3190 1174 Βαϐυλωνίοις
3223 1111 3409 1174 κακῶς
3438 1113 3715 1184 ἐπινενοη-

2132 1203 2299 1273 μένα,
2343 1203 2738 1274 μετενεχθὲντα
2785 1220 2844 1255 τε
2883 1204 2962 1267 εἰς
2997 1202 3266 1271 ’Έλληνας
3305 1202 3413 1256 ἀπὸ
3457 1204 3556 1273 τῆς
3605 1203 3714 1256 τῶν

2126 1295 2437 1364 Αἰγυπτίων
2467 1295 2650 1368 χώρας
2683 1296 2787 1349 ὑπὸ
2820 1297 3043 1366 Κάδμου
3067 1337 3079 1360 ,
3117 1297 3210 1349 καὶ
3241 1296 3407 1350 αὑτοῦ
3437 1297 3531 1349 τοῦ
3577 1297 3710 1350 Ἰνά-

2125 1403 2220 1456 χου
2246 1426 2261 1451 ,
2296 1385 2520 1450 ’Ἄπιδος
2555 1387 2666 1456 (ιε)
2709 1386 2976 1458 πρότερον
3013 1385 3338 1456 κληθέντος,
3380 1387 3476 1440 καὶ
3504 1386 3710 1438 οἰκοδο-

2130 1480 2403 1549 μήσαντος
2433 1478 2530 1548 τὴν
2560 1478 2781 1548 Μέμφιν
2801 1495 2813 1508 ·
2846 1477 2984 1531 ἀλλὰ
3020 1479 3112 1530 καὶ
3139 1479 3268 1550 παρ’
3311 1479 3554 1550 Ὀρφέως
3573 1521 3587 1543 ,
3617 1479 3713 1533 καὶ

2124 1570 2300 1624 ἄλλων
2337 1570 2496 1623 τινῶν
2528 1569 2626 1640 τὴν
2659 1569 2832 1640 ἀρχὴν
2883 1569 3118 1622 λαϐόντα
3148 1610 3162 1632 ,
3204 1570 3298 1623 καὶ
3342 1572 3423 1634 εἰς
3471 1571 3712 1642 αἱρέσεις

2127 1663 2460 1717 συσταθέντα
2489 1663 2601 1732 (43)
2629 1662 2855 1733 ὕστερον
2875 1664 2932 1715 ὲν
2969 1664 3274 1734 Ἐπικούρῳ
3290 1664 3382 1718 καὶ
3397 1665 3606 1735 Ζήνωνι
3631 1664 3710 1735 τῷ

2125 1756 2350 1826 Στωϊκῷ
2373 1797 2386 1821 ,
2417 1758 2512 1808 καὶ
2539 1756 2856 1829 Πυθαγόρᾳ,
2893 1757 2987 1809 καὶ
3015 1756 3284 1822 Πλάτωνι,
3325 1755 3385 1821 ἐξ
3411 1752 3582 1828 οὗπερ
3608 1757 3710 1829 ἦρ-

2125 1845 2284 1910 ξαντο
2331 1847 2522 1916 χρόνου
2584 1846 2952 1918 κρατυνθῆναι
2998 1846 3102 1908 ἓως
3160 1846 3266 1898 τῶν
3320 1845 3711 1900 Μακεδονικῶν

2124 1939 2330 2010 χρόνων
2355 1939 2464 2009 (44)
2484 1981 2498 2000 .
2539 1940 2632 1994 καὶ
2661 1938 2861 2011 Ξέρξου
2891 1939 2985 1991 τοῦ
3021 1939 3282 2008 βασιλέως
3310 1939 3419 1993 τῶν
3457 1940 3706 2012 Περσῶν,

2128 2033 2264 2103 μετὰ
2295 2033 2390 2104 τὴν
2415 2031 2614 2087 ἅλωσιν
2652 2034 2760 2086 τῶν
2807 2035 3068 2102 Ἰεροσολύ
3079 2053 3194 2105 μων
3228 2035 3287 2086 τὸ
3320 2033 3536 2105 πρῶτον
3562 2073 3577 2096 ,
3612 2036 3708 2089 καὶ

2123 2126 2613 2197 Ναϐουχοδονόσωρ
2643 2127 3052 2196 αἰχμαλωσίας,
3079 2128 3174 2181 καὶ
3198 2129 3447 2200 Δαρείου,
3481 2128 3709 2183 καὶτῶν

2123 2217 2244 2270 κατ’
2285 2217 2632 2288 Ἀλέξανδρον
2660 2218 2750 2268 τὸν
2780 2218 3066 2270 Μακεδόνα
3090 2217 3317 2287 χρόνων.
3346 2218 3570 2272 Πλάτων
3596 2218 3710 2290 γὰρ

2123 2310 2244 2362 κατ’
2274 2312 2480 2362 ἐκεῖνον
2513 2309 2603 2360 τὸν
2638 2309 2828 2380 καιρὸν
2860 2310 2971 2376 (-45)
3005 2309 3359 2380 ἐγνωρίζετο,
3396 2311 3489 2362 καὶ
3519 2311 3567 2363 oi
3600 2311 3707 2382 πρὸ

2123 2399 2290 2452 αὑτοῦ
2317 2441 2330 2463 ,
2371 2400 2695 2470 Πυθαγόρας
2726 2417 2785 2451 τε
2825 2403 2919 2452 καὶ
2969 2400 3288 2469 Ἐπίκουρος
3327 2401 3355 2453 ὁ
3389 2401 3701 2470 μετέπειτα.

2125 2491 2291 2546 Ὅθεν
2330 2492 2431 2562 δὴ,
2459 2493 2534 2555 ὡς
2572 2495 2866 2563 προεῖπον,
2908 2493 3007 2564 τὴν
3037 2493 3306 2561 πρόφασιν
3347 2492 3536 2563 εἴληφε
3563 2533 3576 2558 ,
3609 2493 3706 2547 καὶ

2123 2584 2203 2647 είς
2230 2583 2564 2637 κατάστασιν
2601 2580 2732 2652 ἦλθε
2762 2585 2830 2637 τὰ
2865 2586 2994 2656 παρ’
3020 2585 3246 2656 Ἕλλησι
3274 2584 3704 2656 συγγράμματα,

2120 2763 2450 2832 interpolata
2484 2772 2632 2817 sunt.
2671 2764 2947 2819 Eusebius
2983 2766 3050 2818 ad
3089 2780 3292 2819 annum
3320 2764 3423 2819 160
3454 2764 3571 2819 haec
3605 2779 3706 2820 no-

2122 2843 2201 2906 tat
2233 2853 2245 2906 ς
2287 2833 2472 2906 hinc/ii
2528 2835 2642 2897 filia
2687 2835 2768 2898 lo,
2797 2852 2956 2906 quam
2993 2836 3236 2906 ngyptii
3267 2845 3467 2888 mutato
3498 2838 3706 2890 nomine

2124 2903 2322 2957 Isidem
2357 2905 2556 2958 colunt.
2585 2906 2627 2956 Α
2658 2903 2815 2966 patre
2837 2905 3039 2958 Inacho
3070 2903 3302 2962 Inachus
3337 2907 3529 2974 ﬂuvius
3563 2907 3705 2974 apud

2121 2976 2312 3043 Argos.
2357 2977 2396 3026 A
2432 2976 2548 3033 lilia
2579 2975 2706 3028 Ione
2747 2976 3015 3043 Bosporus
3056 2988 3410 3045 nuncupatur.
3450 2979 3521 3030 At
3557 2992 3705 3030 anno

433 3039 561 3102 ιιιίιο
589 3035 2012 3130 abseéagcei'izcisseisse1'?.‘ii'lssiz't.‘11":
2047 3072 2087 3130 ο
2123 3035 2246 3130 τίείς
2281 3045 2366 3109 ιο,
2657 3046 2769 3099 Iasi
2802 3035 2932 3112 μίαν
2968 3049 3180 3130 opiter
3220 3035 3560 3130 inmersi-
3595 3063 3704 3117 qua

435 3124 558 3178 rum
587 3105 900 3178 opinionem
935 3107 1148 3160 veritati
1182 3105 1504 3178 praetulisse.
1541 3105 1716 3172 Atque
1748 3112 1802 3156 ut
1828 3121 2013 3178 verum

433 3175 710 3233 Inachi—et
756 3179 1082 3246 Argivorum
1125 3176 1276 3245 regni
1310 3176 1525 3228 initium
1560 3184 1821 3246 eruatur,
1851 3175 2016 3243 hujus

434 3257 680 3304 extrema
729 3245 972 3317 tempora
1003 3246 1397 3316 perscrutanda
1430 3254 1580 3317 sunt,
1618 3253 1781 3314 atque
1811 3245 1864 3317 _in
1908 3255 2019 3297 ter-

434 3321 586 3373 mino
617 3320 801 3389 aliquo
831 3314 1146 3389 deligendus
1177 3326 1260 3370 est
1309 3316 1532 3389 gradus,
1580 3319 1728 3389 unde
1758 3314 1824 3389 ad
1861 3324 2016 3389 ante-

435 3389 584 3460 riora
615 3385 868 3460 progredi
903 3385 1078 3441 liceat.
1108 3387 1234 3441 Duae
1256 3386 1399 3460 apud
1430 3385 1723 3460 Eusebium
1754 3387 2017 3455 dyna~ti:e

436 3459 492 3512 in
528 3455 775 3527 ejusdem
807 3460 1198 3527 propemodum
1232 3455 1768 3527 regnisuccessione
1799 3473 2015 3524 ponun-

436 3536 528 3582 tur
560 3525 588 3578 ἐ
632 3525 954 3598 Argivm'uin
993 3543 1099 3581 una
1141 3542 1359 3598 regum,
1392 3525 1786 3598 Mycenaeorum
1811 3527 2014 3598 altera.

436 3597 762 3670 Argivorum
790 3613 977 3670 regqu
1008 3598 1178 3652 series
1203 3599 1271 3652 ab
1300 3597 1500 3650 Inacho
1532 3605 1711 3670 erepta
1757 3597 1822 3670 ad
1841 3598 2018 3670 Acri-

438 3665 581 3724 siuin
625 3685 800 3738 usque
846 3665 1107 3738 perducta
1154 3678 1272 3733 est;
1323 3681 1631 3736 quanquam
1669 3665 1853 3719 Inachi
1890 3668 2018 3720 stir-

438 3754 584 3822 pem,
626 3754 691 3794 ac
713 3737 978 3793 familiam
1011 3737 1323 3822 .Sthenelus
1357 3739 1565 3822 clauadit
1595 3752 1740 3822 aqua
1776 3749 2011 3822 mortuo,

437 3805 495 3889 in
538 3808 782 3889 Danaum
812 3808 1198 3889 peregrinum,
1225 3817 1400 3889 Iatque
1430 3805 1746 3889 IE‘gyptium
1786 3808 1879 3889 jus
1931 3817 2018 3862 est

437 3880 508 3935 ab
535 3881 754 3950 Argivis
810 3877 1022 3948 imperii
1069 3879 1435 3950 translatum.
1469 3877 1731 3950 Deinceps
1764 3893 1793 3930 a
1831 3877 2016 3932 Danao

438 3953 507 4005 ad
540 3947 814 4005 Acrisium
851 3947 1150 4020 propagata
1197 3948 1478 4003 successio
1522 3957 1634 4020 est._
1661 3947 1846 4020 AQuem
1888 3964 2014 4020 eum

437 4020 673 4077 Perseus
708 4017 880 4090 nepos
920 4017 1478 4090 per'imprudcntiam
1518 4017 1841 4090 occidisset,
1901 4017 2018 4089 My-

437 4106 603 4147 cenas
636 4104 756 4146 sese
784 4089 1036 4151 contulit,
1081 4092 1172 4145 ubi
1202 4090 1285 4145 vel
1316 4090 1384 4143 ab
1419 4089 1558 4156 ipso,
1593 4090 1676 4142 vel
1705 4090 1774 4142 ab
1797 4089 1917 4158 ejus
1953 4093 2016 4142 li-

438 4162 512 4214 lio
545 4161 802 4218 Sthenelo
852 4162 1231 4214 continuatum
1275 4167 1359 4215 est
1404 4160 1729 4228 Argivorum
1765 4174 2011 4229 regnum,

439 4240 494 4286 et
515 4231 857 4303 Mycenzeum
894 4231 1239 4303 appellatum.
1281 4229 1520 4303 Ultimus
1545 4245 1730 4303 regum
1747 4232 2012 4303 istorum,

436 4299 602 4372 cujus
629 4303 848 4372 quidem
884 4299 1152 4356 rationem
1180 4301 1446 4372 Eusebius
1479 4299 1694 4362 habeat,
1732 4299 2016 4369 Agamem-

437 4370 549 4426 non
587 4370 688 4443 fuit
718 4389 874 4443 :_quo
903 4373 1229 4443 interempto
1259 4370 1654 4443 Mycenaeorum
1689 4386 1914 4441 regnum
1957 4373 2012 4424 in

437 4442 681 4497 secundo
729 4441 990 4496 Chronico
1020 4441 1339 4496 terminatur
1366 4457 1509 4494 anno
1538 4441 1751 4503 eodem,
1783 4458 1893 4510 quo
1918 4457 2013 4495 ex-

437 4511 640 4566 cidium
678 4511 974 4581 Trojanum
1010 4514 1226 4566 accidit.
1261 4511 1396 4565 Vide
1441 4510 1770 4564 Pausaniam
1824 4511 2014 4566 Coriu-

440 4581 646 4635 thiacis.
705 4582 824 4636 Jam
878 4582 1226 4653 Argivorum,
1280 4582 1785 4653 Mycenaeorumque
1823 4597 2010 4652 regum

439 4654 740 4722 successio,
788 4656 1027 4722 annique
1074 4653 1272 4722 quibus
1329 4657 1699 4720 imperarunt,
1744 4653 2012 4722 varie‘ab

439 4721 672 4778 Eusebio
694 4720 984 4777 traduntur
1013 4725 1064 4775 in
1092 4720 1325 4792 iitroque
1347 4723 1620 4792 Chronic,
1639 4722 1730 4775 lib.
1766 4720 2010 4792 XLNam

438 4795 494 4846 in
519 4795 842 4864 posteriore,
874 4797 941 4846 ab
967 4793 1192 4846 exordio
1212 4791 1402 4864 Inachi
1435 4793 1514 4864 ad
1535 4791 1828 4864 Trojattam
1869 4791 2010 4845 ἄλως

437 4861 556 4926 σιν,
588 4865 714 4917 anni
739 4873 1096 4918 numerantur
1117 4863 1240 4930 675;
1268 4866 1320 4917 in
1356 4863 1522 4932 priori
1551 4863 1675 4917 655.
1698 4861 2009 4916 Secundum

437 4936 761 5005 posterioris
792 4935 916 5005 libri
964 4935 1272 4999 ratiocinia,
1317 4949 1476 5004 quem
1515 4935 1788 5003 praecipue
1822 4933 2008 5003 sequi-

436 5004 594 5070 mur,
633 5021 758 5059 cum
790 5004 1090 5074 Trojanuin
1126 5005 1397 5059 excidium
1431 5013 1703 5073 congruat
1736 5018 1880 5056 anno
1915 5019 2011 5073 pe-

435 5075 578 5131 riodi
618 5075 728 5130 Jul.
763 5076 920 5138 5550,
973 5075 1161 5129 mundi
1207 5075 1378 5141 2800,
1428 5074 1663 5128 Inachus
1703 5088 1846 5126 anno
1885 5083 2010 5128 ante

434 5144 583 5201 hunc
611 5147 1009 5216 sexcentesimo
1037 5150 1437 5216 septuagesimo
1467 5154 1684 5216 quarto,
1716 5145 1882 5216 coepit
1909 5160 2007 5216 pe-

434 5217 575 5271 riodi
605 5215 710 5272 Jul.
744 5216 905 5279 2856,
951 5215 1138 5270 mundi
1184 5217 1360 5280 2l26,
1411 5227 1534 5284 post
1581 5215 1842 5268 diluvium
1880 5215 2006 5278 471,

436 5295 561 5355 post
581 5287 877 5356 Abrahami
909 5295 1090 5341 ortum
1119 5287 1238 5340 I79.
1273 5287 1520 5356 Cumque
1566 5285 1824 5338 lsraelitae
1864 5302 2008 5339 anno

435 5372 551 5426 per.
591 5355 698 5410 Jul.
743 5359 903 5423 5185,
942 5359 1126 5412 mundi
1177 5357 1316 5410 2455
1344 5355 1446 5412 ex,
1471 5357 1705 5426 {Egypto
1741 5356 2008 5424 migrave-

434 5428 567 5493 rint,
592 5427 776 5481 Inachi
811 5430 1173 5498 primordium
1205 5427 1407 5498 Moysis
1441 5430 1808 5498 principatum
1845 5437 2004 5480 ante-

433 5498 578 5550 cedit
610 5500 772 5552 annis
807 5497 919 5553 l'ere
945 5499 1072 5554 39.5.
1099 5497 1334 5552 Tantum
1359 5510 1601 5552 veterum
1634 5497 2003 5563 Scriptorum,

431 5565 806 5641 el_Epiphanii
840 5570 1198 5641 ClirOItologta
1241 5586 1273 5623 a
1304 5571 1446 5625 veris
1475 5577 1782 5636 tempowim
1832 5568 2003 5621 ratio-

433 5637 593 5692 cibus
624 5639 856 5692 aberrat.

501 5706 616 5761 ull
657 5705 738 5763 Οὗ
774 5709 1033 5779 θυγάτηρ
1068 5710 1168 5764 Ἰώ.
1219 5709 1342 5766 Ilaec
1369 5725 1430 5764 ex
1465 5709 1681 5766 Eusebii
1724 5706 2001 5763 Chrom'cis

2121 3117 2176 3169 in
2201 3117 2403 3186 bovem,
2424 3129 2478 3169 ut
2509 3118 2730 3178 dicitur,
2757 3133 2926 3178 versa,
2963 3117 3232 3185 Basporus
3273 3119 3566 3186 appellatus
3598 3127 3702 3181 est;

2119 3198 2169 3240 et
2212 3185 2505 3259 secundum
2545 3187 2825 3259 nonnullos
2865 3189 2921 3240 in
2979 3186 3270 3259 nggptum
3294 3185 3551 3259 profecta,
3596 3186 3702 3241 Isis

2121 3266 2443 3327 nuncupata.
2489 3256 2544 3309 In
2606 3257 2843 3321 Graecis,
2889 3274 3010 3327 qua:
3047 3256 3402 3327 ei'Gcorgio'
3431 3259 3703 3314 monacho

2122 3326 2365 3396 Scaliger
2395 3329 2782 3391 concinnavit,
2818 3326 2921 3397 pro
2948 3329 3052 3382 Iasi
3079 3371 3095 3394 ,
3132 3326 3397 3398 scriptum
3439 3340 3523 3384 est
3564 3329 3702 3381 Ἰνά-

2155 3415 2237 3450 ου.
2283 3401 2467 3465 Itaque
2502 3400 2640 3451 duas
2685 3399 2930 3468 ejusdem
2976 3401 3215 3453 nominis
3246 3409 3471 3468 apparet
3508 3400 3702 3453 fuisse.

2167 3485 2197 3522 e
2247 3469 2430 3538 priore
2477 3469 2718 3538 loquitur
2760 3471 3116 3538 Iipiphanius.
3167 3469 3272 3523 Sed
3333 3471 3435 3523 hoc
3484 3470 3551 3523 de
3600 3486 3702 3524 suo

2120 3555 2404 3609 perperam
2457 3541 2691 3608 adjecit;
2728 3543 2974 3594 eamdem
3008 3541 3285 3594 Atthidem
3319 3540 3654 3594 nominatam
3683 3557 3698 3605 ;

2120 3625 2245 3662 nam
2277 3609 2545 3664 Eusebius
2577 3627 2723 3662 anno
2762 3611 2857 3662 {ill
2897 3611 3096 3664 Cratini
3144 3612 3365 3663 secundi
3400 3611 3700 3665 Athenien-

2120 3680 2262 3734 sium
2295 3681 2440 3750 regis
2467 3682 2630 3733 liliam
2667 3681 2945 3735 Atthidcm
2976 3682 3258 3735 exstitisse
3287 3683 3502 3744 scribit,
3528 3698 3558 3733 a
3593 3697 3700 3749 qua

2119 3751 2300 3803 Attica
2345 3765 2644 3821 cognomen
2677 3751 2938 3813 obtinuit,
2980 3768 3103 3805 cum
3135 3751 3404 3806 hactenus
3435 3756 3570 3805 Acta
3605 3768 3699 3804 vo-

2118 3830 2355 3875 caretur.

2191 3891 2303 3960 (42)
2342 3891 2451 3945 Καὶ
2492 3891 2677 3944 αὺτοῦ
2720 3891 2827 3944 τοῦ
2868 3891 3095 3959 Ἰνάχου
3124 3934 3136 3956 ,
3170 3889 3424 3956 Ἄπιδος.
3472 3891 3698 3944 Multum

2117 3960 2432 4032 discrepant
2465 3960 2698 4016 Inachus
2724 3971 2778 4015 et
2807 3963 2971 4032 Apis;
3007 3978 3131 4015 nam
3162 3961 3248 4014 hic
3289 3963 3358 4016 ab
3387 3963 3479 4014 illo
3506 3964 3697 4016 tertius

2117 4039 2204 4102 est
2253 4033 2307 4102 in
2343 4031 2667 4100 Argivorum
2714 4031 2899 4101 regunt
2947 4035 3110 4088 serie.
3151 4032 3334 4098 Quare
3367 4032 3697 4102 imprudenti

2119 4101 2232 4173 hoc
2251 4101 2553 4173 Epiphanio
2590 4103 2813 4156 excidit.

2190 4172 2300 4242 (45)
2347 4172 2456 4228 Καὶ
2504 4176 2590 4239 εὶς
2632 4173 2894 4241 αἱρέσεις
2942 4172 3343 4227 συσταθέντα.
3403 4172 3541 4238 Quis
3592 4172 3696 4227 hoc

2117 4253 2320 4313 praeter
2353 4243 2716 4314 Epiphanium
2746 4245 2905 4304 dixit,
2936 4247 3197 4315 mysteria
3229 4244 3318 4297 illa
3353 4260 3476 4314 quae
3501 4245 3569 4295 ah
3595 4244 3695 4315 Or—

2117 4315 2260 4384 pheo
2282 4354 2297 4374 ,
2334 4316 2657 4383 canerisque
2690 4315 2935 4368 Athenas
2969 4314 3260 4382 importata
3300 4314 3549 4375 fuerant,
3581 4314 3687 4383 phi-

2119 4385 2472 4454 losophorum
2515 4395 2692 4439 sectas
2734 4402 2797 4437 ac
2831 4386 3085 4454 dogmata
3126 4386 3495 4454 propagasse?
3534 4384 3696 4437 Plane

2118 4455 2223 4508 hoc.
2251 4455 2584 4511 inauditum.
2616 4471 2678 4507 ac
2708 4457 2904 4508 mirum
2938 4470 2951 4506 :
2985 4471 3180 4522 neque.
3220 4465 3275 4508 ut
3315 4457 3456 4524 ipiod
3492 4471 3579 4508 res
3609 4462 3694 4508 est

2119 4524 2320 4596 fatear,
2362 4527 2598 4596 Speciem
2633 4528 2795 4578 ullam
2834 4525 3230 4596 probabilitatis
3265 4527 3525 4579 continet.

2187 4595 2299 4666 (44)
2343 4594 2491 4662 Ἕως
2545 4596 2663 4649 τῶν
2706 4594 3125 4649 Μακεδονικῶν
3179 4596 3428 4662 χρόνων.
3481 4596 3695 4666 Susque

2116 4665 2293 4736 deque
2342 4668 2571 4731 miscet,
2634 4682 2698 4719 ac
2741 4667 3027 4735 perturbat
3072 4669 3288 4730 omnia;
3336 4682 3445 4721 non
3511 4665 3694 4717 minus

2113 4735 2634 4807 temporuiuquam
2680 4737 2961 4796 veritatis,
3015 4745 3081 4807 et,
3121 4735 3364 4790 historiae
3431 4750 3692 4799 securus;

2114 4806 2239 4876 nam
2273 4806 2620 4861 Macedonica
2655 4816 2931 4875 tempora,
2971 4806 3172 4873 quibus
3208 4808 3494 4876 imperium
3545 4807 3692 4860 istud

2112 4875 2317 4940 ﬂoruit,
2353 4894 2380 4930 a
2413 4877 2606 4932 Xerms
2634 4886 2793 4930 aetate
2828 4877 3054 4930 nimiunt
3089 4875 3315 4942 distant,
3369 4879 3543 4930 multo
3575 4892 3693 4929 ma-

2111 4949 2194 5017 gis
2228 4965 2260 5001 a
2303 4947 2863 5001 Nahuchodonosore.
2903 4945 2967 4997 Et
2998 4955 3179 5000 tamen
3213 4947 3280 5000 ad
3320 4948 3409 5000 illa
3441 4956 3692 5016 tempora

2112 5026 2385 5088 sectarum
2434 5021 2707 5088 principes
2757 5017 3110 5087 philosophos
3166 5019 3446 5074 exstitisse
3506 5019 3687 5071 docet.

2112 5086 2238 5142 Herc
2273 5098 2401 5143 sunt
2437 5086 2856 5142 inextricabilla.

2182 5158 2295 5228 (43)
2349 5159 2601 5211 Πλάτων
2665 5162 2775 5228 γὰρ
2834 5161 2959 5213 κατ’
3012 5159 3247 5213 ἐκεῖνον
3296 5157 3416 5228 τὸν,
3459 5156 3684 5228 χαῖρον.

2111 5225 2287 5295 Toto,
2326 5230 2540 5298 inquit,
2587 5225 2682 5282 ilio
2710 5225 2888 5298 spatio
2922 5229 3097 5290 Plato.
3145 5240 3199 5284 et
3242 5237 3368 5282 ante
3393 5227 3557 5299 hunc
3588 5226 3688 5299 Py:

2110 5297 2480 5370 thaﬁgoras,iac
2505 5311 2626 5369 post
2650 5297 2800 5353 illum
2829 5302 3094 5370 Epicurus
3115 5301 3362 5370 emersit.
3391 5297 3685 5358 Xerxisne,

2109 5383 2172 5422 ac
2196 5369 2722 5426 Nabuchodonosori
2752 5369 3128 5440 temporibus?
3162 5369 3314 5424 Unus
3341 5385 3408 5440 ex
3432 5370 3521 5440 iis,
3550 5382 3687 5435 quos

2109 5441 2818 5515 recensuit__Epiphanius,
2865 5438 3301 5515 antiquissimus
3351 5438 3686 5515 Pythagoras

2109 5509 2203 5563 diu
2236 5519 2357 5579 post
2391 5509 3028 5571 Nabuchmlonosorum._
3051 5523 3178 5568 ante
3217 5510 3430 5565 Xerxen
3472 5509 3685 5579 ﬂoruit,

2109 5577 2305 5654 nempe
2349 5584 2660 5651 Olympiade
2698 5599 2798 5650 ιχ,
2837 5595 2895 5637 ιιι
2945 5583 3213 5654 Diogenes
3250 5588 3506 5647 testatur,
3545 5577 3685 5649 Cyro

2108 5649 2288 5708 adhuc
2322 5649 2635 5724 superstite.
