4204 6370
460 331 565 389 (ὶῦι

1163 336 1535 395 ADVERSUS
1562 338 1904 396 HAERESES
1944 340 2073 396 LIB.
2115 341 2157 396 I.
2198 341 2361 398 TOM.
2403 342 2447 398 I.
2480 376 2550 385 —
2591 345 2867 404 IIIERES.
2910 347 2977 401 V.

3607 358 3711 414 209.

462 448 559 503 καὶ
611 448 669 504 αἱ
715 448 852 522 μετά
889 450 1076 506 τοῦτον
1116 454 1209 508 τὸν
1248 457 1438 527 χρόνον
1482 458 1755 531 βοώμεναι
1791 460 2032 533 αἱρέσεις
2060 460 2107 518 Α

2060 460 2107 518 Α
2132 474 2198 514 eo
2235 470 2601 526 consentiant,
2633 463 2777 532 quod
2807 478 3054 517 errorem
3086 475 3453 539 prepugnant,
3498 484 3707 540 parem-

462 541 571 594 τῶν
598 542 901 611 φιλοσόφων
929 544 1067 615 πρὸς
1092 545 1327 617 ἀλλήλας
1350 552 1414 621 τῇ
1449 551 1545 617 μὲν
1582 551 1755 622 πλάνῃ
1786 552 2038 623 συνᾴδου-

464 648 576 700 cat,
609 632 703 685 καὶ
734 632 1017 704 ὁμόστιχον
1058 635 1258 701 γνῶσιν
1302 637 1725 706 συναφαίνουσαι
1754 640 2037 693 εἰδωλολα-

462 725 648 794 τρείας
668 742 727 778 τε
754 726 846 779 καὶ
877 726 1129 790 ἀσεϐείας
1154 729 1246 781 καὶ
1284 730 1497 795 ἀθεΐας·
1531 735 1597 803 τῇ
1631 733 1686 785 δὲ
1712 734 1847 803 αὐτῇ
1899 734 2037 787 πλά-

462 835 528 888 νῃ
563 819 643 881 εἰς
676 818 875 883 ἑαυτὰς
916 819 1296 891 συγκλὼμεναι
1334 822 1679 895 διαφέρονται
1717 826 1879 896 ἑτέρα
1904 826 2039 897 πρὸς

461 909 562 979 τὴν
591 907 806 979 ἑτέραν.

1096 1022 1369 1075 ΣΤΩΙΚΟΙ
1390 1063 1404 1085 ,

468 1131 639 1199 Τρίτη
664 1131 783 1185 ἀπὸ
815 1132 1239 1203 Ἑλληνισμοῦ,
1259 1135 1493 1204 πέμπτη
1510 1134 1578 1188 δὲ
1600 1135 1675 1204 τῇ
1688 1137 2036 1203 ἀκολουθίᾳ.

533 1245 611 1301 Α’.
640 1248 750 1302 Καὶ
777 1249 1005 1301 Στωϊκοὶ
1046 1249 1142 1320 μὲν
1175 1250 1429 1320 φρονοῦσι
1468 1251 1597 1320 περὶ
1630 1251 1882 1320 θεότητος
1917 1252 2039 1304 τοῦ·

462 1357 557 1403 το,
591 1339 891 1407 φάσκοντες
939 1334 1078 1393 εἷναι
1108 1340 1234 1393 νοῦν
1280 1341 1370 1393 τὸν
1411 1341 1574 1403 Θεὸν,
1629 1341 1662 1410 ἢ
1708 1342 1907 1405 παντὸς
1942 1342 2036 1394 τοῦ

463 1433 744 1503 ὁρωμένου
777 1433 973 1495 κύτους
994 1472 1007 1493 ,
1038 1432 1267 1503 οὐρανοῦ
1290 1434 1350 1486 τέ
1382 1450 1522 1503 φημι
1548 1435 1641 1485 καὶ
1672 1436 1775 1504 γῆς
1806 1435 1900 1486 καὶ
1930 1435 2039 1487 τῶν

462 1525 638 1578 ἄλλων
659 1525 736 1589 ὡς
760 1528 816 1578 ὲν
843 1525 1055 1595 σώματι
1079 1525 1247 1597 ψυχή.
1283 1526 1579 1599 Μερίζουσι
1606 1525 1659 1578 δὲ
1686 1528 1733 1578 οἱ
1761 1526 1915 1578 αὐτοὶ
1938 1526 2037 1595 τὴν

466 1620 593 1690 μίαν
627 1619 853 1687 θεότητα
878 1620 957 1682 εἰς
990 1618 1189 1683 πολλάς
1230 1618 1460 1689 μερικάς
1488 1617 1674 1679 οὐσίας
1700 1658 1714 1679 ,
1762 1618 1843 1679 εἰς
1886 1616 2036 1687 ἥλιον

462 1714 557 1767 καὶ
584 1712 811 1784 σελήνην
835 1712 931 1769 καὶ
962 1712 1136 1783 ἄστρα
1163 1753 1177 1774 ,
1218 1712 1297 1774 εἰς
1325 1711 1500 1782 ψυχὴν
1532 1712 1624 1764 καὶ
1657 1709 1795 1781 ἀέρα
1833 1708 1926 1761 καὶ
1967 1708 2035 1761 τά

348 1804 359 1815 ’
461 1804 596 1859 ἄλλα
620 1845 634 1865 ,
674 1804 1077 1875 μεταγγισμούς
1106 1820 1167 1855 τε
1211 1802 1397 1874 ψυχῶν
1446 1801 1554 1870 (46)
1580 1844 1595 1865 ,
1635 1803 1728 1855 καὶ
1764 1818 2035 1870 μετενσω-
2068 1839 2107 1892 Β

466 1895 737 1966 ματώσεις
766 1896 874 1950 ἀπὸ
911 1895 1161 1964 σώματος
1188 1897 1269 1957 εἰς
1309 1895 1467 1964 σῶμα
1498 1892 1900 1963 καθαιρομένας
1931 1907 2034 1943 σω-

465 1987 681 2058 μάτων,
714 1989 795 2057 ἡδ’
825 1985 888 2043 αὖ
913 1990 1072 2043 πάλιν
1112 1986 1457 2051 εἰσδυούσας,
1494 1985 1587 2037 καὶ
1616 1984 1880 2038 ἀνάπαλιν
1916 2000 2037 2051 γεν-

461 2079 727 2148 νωμένας.
788 2080 887 2133 Διά
941 2079 1142 2149 πολλῆς
1202 2078 1380 2131 αὐτῶν
1437 2077 1643 2145 πλάνης
1696 2075 1894 2145 ταύτην
1938 2075 2036 2144 τὴν

460 2168 711 2222 ἀσέϐειαν
743 2169 1162 2240 παρυφαίνουσι.
1204 2169 1385 2239 Μέρος
1427 2168 1482 2218 δὲ
1533 2165 1667 2219 Θεοῦ
1704 2167 1796 2219 καὶ
1838 2164 2036 2218 ἀθάνα-

460 2276 552 2312 τον
594 2258 691 2329 τὴν
720 2260 897 2331 ψυχὴν
936 2260 1217 2329 ἡγοῦνται.
1273 2260 1469 2329 Ἐσχον
1511 2258 1567 2310 δὲ
1596 2258 1817 2327 Ζήνωνα
1863 2258 2036 2327 ἀρχηδ

460 2347 554 2416 τὸν
617 2349 716 2419 τῆς
760 2351 960 2413 Στοᾶς.
1026 2349 1154 2419 περὶ
1208 2342 1268 2403 οὗ
1302 2348 1466 2410 πολὺς
1511 2347 1813 2419 Θρυλλεῖται
1858 2346 2031 2415 λόγος.

460 2438 524 2489 Oi
557 2438 655 2508 μὲν
690 2437 797 2509 γὰρ
838 2439 1000 2492 αὑτὸν
1052 2438 1257 2508 ἔφασαν
1290 2438 1402 2509 (47)
1443 2438 1715 2491 Κλεάνθου
1758 2437 1902 2500 τινὸς
1941 2436 2034 2489 τοῦ

457 2530 567 2583 ἀπὸ
613 2530 787 2601 Τύρου
841 2531 1203 2602 ὀρμωμένου’
1240 2531 1387 2584 ἄλλοι
1440 2530 1495 2583 δὲ
1537 2532 1832 2599 φάσκουσιν
1874 2528 2035 2582 αὐτὸν

459 2620 652 2673 Κιτιέα
681 2621 780 2691 τῆς
810 2621 1036 2691 Κύπρου
1064 2619 1335 2692 νησιώτην
1353 2637 1365 2650 ·
1391 2623 1449 2673 ὲν
1486 2619 1671 2692 Ῥώμῃ
1699 2620 1754 2673 δὲ
1780 2619 2037 2689 βεϐιωκέ-

461 2731 550 2766 ναι
584 2713 692 2783 (48)
723 2712 913 2784 χρόνον
936 2752 949 2769 .
986 2712 1209 2782 ὕστερον
1241 2712 1297 2763 δὲ
1335 2713 1392 2764 ὲν
1442 2712 1689 2780 Ἀθήναις
1720 2710 2034 2782 προστησά-

466 2820 627 2874 μενον
653 2804 800 2855 τουτὶ
826 2803 886 2855 τὸ
917 2802 1092 2873 δόγμα
1130 2804 1188 2853 ὲν
1228 2804 1293 2873 τῇ
1337 2801 1473 2873 Στοᾷ
1515 2801 1659 2855 οὕτω
1703 2802 2032 2875 καλουμένῃ.

460 2896 618 2960 Τινὲς
648 2895 705 2949 δὲ
757 2894 887 2965 φασὶ
930 2894 1021 2948 δύο
1050 2895 1301 2965 Ζήνωνας
1330 2890 1469 2947 εἶναι
1490 2935 1504 2958 ,
1554 2894 1645 2947 τόν
1673 2911 1732 2947 τε
1779 2894 2035 2965 Ἐλεάτην

464 2989 559 3041 καὶ
596 2986 685 3040 τὸν
732 2986 1146 3059 προειρημένον.
1203 2985 1391 3057 Ὅμως
1424 2987 1472 3038 οἱ
1512 2986 1811 3056 ἀμφότεροι
1862 2985 2035 3048 οὕτως

459 3079 822 3151 ἑδογμάτισαν
843 3121 858 3145 ,
900 3079 949 3131 εἰ
998 3077 1209 3131 καὶδύο
1242 3073 1367 3130 εἷεν.
1397 3077 1597 3130 Φάσκει
1636 3074 1729 3131 οῦν
1759 3079 1854 3132 καὶ
1880 3070 2035 3141 οὗτος

2139 569 2247 623 que
2275 562 2329 609 et
2358 553 2604 609 eamdem
2623 555 2968 615 idololatriae,
2988 562 3153 628 atque
3183 559 3480 629 impietatis
3510 564 3688 621 doctri

2139 660 2262 696 nam
2304 652 2632 707 contexant,
2677 645 2731 698 in
2772 645 2862 698 illa
2901 652 3081 699 tamen
3121 650 3324 703 erroris
3367 651 3586 707 libidine
3625 668 3711 709 se-

2139 734 2399 803 metipsas
2431 735 2718 800 collidunt,
2750 749 2814 788 ac
2837 743 3026 790 mutuo
3052 749 3371 810 repugnant.

2650 1022 2750 1091 12
2787 1020 2873 1076 DE
2914 1020 3199 1092 STOICIS,

2242 1134 2373 1201 Qua:
2397 1135 2493 1190 III
2522 1146 2599 1191 est
2628 1140 2901 1209 gentilium
2926 1140 3165 1208 hwresis,
3198 1144 3379 1200 ortline
3403 1164 3520 1200 vero
3558 1146 3620 1200 V.

2210 1245 2249 1300 I.
2293 1246 2446 1313 Quod
2484 1250 2547 1302 ad
2569 1250 2784 1305 Stoicos
2805 1254 3062 1321 pertinet,
3091 1255 3203 1310 haec
3221 1267 3303 1311 est
3336 1260 3400 1311 de
3423 1258 3709 1314 divinitate

2140 1338 2356 1393 illorum
2390 1342 2595 1411 Opinio.
2638 1340 2804 1397 Deum
2844 1359 2969 1400 esse
3004 1355 3237 1401 mentem
3277 1359 3548 1411 asserunt,
3591 1368 3709 1421 (μιτιι

2135 1430 2307 1485 totius
2352 1433 2700 1501 aspectabilis
2739 1435 2919 1501 molis,
2966 1438 3089 1491 cmli
3141 1439 3398 1493 nimirum
3437 1456 3499 1495 ac
3550 1451 3708 1497 terra:

2136 1531 2568 1592 caeterarumque
2631 1542 2815 1580 rerum
2882 1529 3025 1582 velut
3082 1532 3330 1599 corporis
3384 1532 3561 1585 anima
3612 1534 3703 1585 sit.

2134 1613 2348 1669 Rursus
2382 1618 2718 1672 divinitatem
2756 1634 2919 1673 unam
2952 1621 3004 1673 in
3044 1621 3225 1690 plures
3257 1636 3319 1678 ac
3350 1624 3705 1691 particulares

2134 1715 2360 1763 naturas
2410 1710 2766 1775 distribuunt,
2826 1712 2993 1766 solem
3048 1713 3317 1779 videlicet,
3378 1715 3584 1779 lunam,
3643 1731 3706 1767 ac

2135 1797 2344 1859 stellas,
2383 1798 2639 1862 animam,
2680 1813 2883 1861 aerem,
2930 1816 3124 1870 resque
3168 1812 3410 1857 caeteras.
3462 1803 3544 1856 Ad
3593 1805 3704 1857 luet:

2139 1888 2441 1941 animarum
2468 1904 2531 1942 ex
2565 1890 2688 1944 aliis
2720 1890 2776 1943 in
2808 1891 2913 1944 alia
2945 1907 3172 1962 corpora
3212 1894 3611 1948 translusiones
3642 1910 3704 1946 ac

2138 1980 2405 2034 transitus
2450 1980 2757 2034 admittunt.
2812 1980 2917 2037 Eas
2956 1984 3156 2053 quippe
3184 1984 3251 2038 de
3286 2000 3513 2054 corpore
3550 1986 3701 2040 decc-

2139 2070 2287 2136 dere,
2316 2087 2378 2125 ac
2407 2088 2600 2129 rursus
2632 2075 2862 2144 ingredi,
2898 2076 3205 2145 iterumque
3232 2077 3374 2147 gigni
3410 2086 3654 2131 statuunt
3686 2096 3701 2131 :

2138 2172 2191 2217 et
2213 2163 2646 2218 consceleratum
2674 2163 2804 2218 illud
2826 2168 3016 2235 dogma
3041 2167 3271 2235 quadam
3300 2167 3502 2221 erroris
3533 2168 3704 2221 abun-

2138 2259 2323 2312 dantia
2373 2266 2688 2312 contexunt.
2740 2260 3005 2314 Caeterum
3047 2262 3367 2331 particulam
3413 2261 3704 2331 quamdam

2138 2348 2256 2412 Dei,
2289 2349 2640 2420 eamdemque
2671 2351 3026 2407 immortalem
3068 2355 3303 2408 animam
3340 2369 3463 2409 esse
3512 2352 3704 2423 praedi-

2136 2446 2284 2492 cant.
2332 2438 2580 2494 Porticus
2628 2440 2901 2511 princeps,
2952 2442 3069 2497 sive
3118 2442 3317 2497 Stoicae
3354 2451 3515 2498 sectte
3558 2442 3705 2496 Zeno

2138 2527 2260 2591 fuit,
2291 2528 2358 2583 de
2390 2546 2498 2599 quo
2530 2532 2713 2586 varius
2750 2544 2831 2588 est
2876 2548 3078 2588 sermo.
3117 2532 3251 2586 Nam
3297 2534 3388 2587 alii
3427 2532 3705 2588 Cleantltis

2137 2621 2423 2689 cujusdam
2459 2621 2606 2693 Tyrii
2644 2624 2811 2678 lilium
2856 2624 3027 2682 fuisse
3067 2633 3262 2694 putant
3298 2644 3310 2679 :
3348 2625 3441 2679 alii
3472 2625 3701 2680 Cittien-

2137 2730 2250 2768 sem
2283 2713 2489 2769 faciunt
2532 2732 2599 2771 ex
2648 2718 2825 2771 insula
2856 2716 3070 2789 Cypro;
3107 2732 3266 2787 quem
3292 2724 3348 2773 et
3377 2715 3563 2772 Romae
3596 2717 3700 2770 ali-

2136 2803 2376 2872 quandiu
2423 2804 2626 2859 vixisse
2670 2815 2929 2872 narrant;
2979 2806 3215 2875 indeque
3242 2805 3484 2860 Athenas
3519 2805 3699 2875 profe-

2136 2896 2335 2952 l'eetum
2358 2898 2411 2952 in
2438 2896 2588 2962 Stoa,
2612 2898 2716 2953 hoc
2732 2907 2817 2954 est
2847 2899 3077 2969 porticu,
3101 2899 3354 2969 dogmata
3373 2898 3462 2951 ilia
3490 2897 3701 2967 publice

2134 2989 2506 3059 proposuisse.
2535 2987 2654 3044 Non
2684 2989 2881 3045 desunt
2909 2989 3003 3059 qui
3040 2989 3177 3043 duos
3210 2985 3459 3043 Zenones
3505 2985 3697 3040 distin-

2134 3086 2324 3148 guant,
2368 3078 2627 3146 Eleatem,
2651 3090 2705 3136 et
2728 3095 2851 3136 eum
2874 3080 2940 3135 de
2961 3094 3070 3150 quo
3098 3080 3343 3150 proxime
3370 3077 3574 3132 dictum
3592 3085 3698 3131 est.

456 3171 558 3241 τὴν
587 3167 717 3240 ὕλην
749 3168 1046 3241 σύγχρονον
1077 3168 1265 3219 καλεῖν
1295 3167 1373 3238 τῷ
1405 3167 1522 3237 Θεῷ
1555 3168 1645 3220 ἴσα
1690 3171 1808 3232 ταῖς
1849 3167 2034 3231 ἄλλαις
2060 3173 2103 3230 C

2060 3173 2103 3230 C
2140 3169 2424 3241 Utcunque
2452 3173 2541 3237 sit,
2567 3173 2752 3227 eadem
2780 3173 2848 3227 ab
2876 3173 3161 3242 utriusque
3191 3171 3410 3228 decreta
3432 3167 3697 3240 proﬂuxe-

455 3260 729 3331 αἱρέσεσιν
750 3300 764 3321 ,
800 3258 1143 3329 εἱμαρμένην
1175 3275 1235 3309 τε
1283 3253 1420 3311 εἶναι
1461 3258 1553 3310 καὶ
1589 3256 1801 3325 γένεσιν
1825 3296 1840 3323 ,
1874 3258 1932 3324 ἐξ
1963 3252 2030 3328 ἦς

454 3352 524 3404 τὰ
562 3350 741 3403 πάντα
790 3350 1073 3402 διοικεῖται
1130 3348 1224 3401 καὶ
1281 3347 1500 3417 πάσχει.
1559 3347 1701 3416 Πρὸς
1760 3346 1796 3400 ἃ
1849 3347 2029 3401 τοίνυν

459 3443 633 3514 ἰσχύει
685 3444 719 3515 ὴ
776 3442 1039 3512 σύντομος
1092 3440 1249 3511 ἡμῶν
1287 3439 1427 3509 αὕτη
1456 3439 1705 3503 σύνταξις
1755 3440 1891 3509 πρὸς
1931 3440 2030 3510 τὴν

456 3535 645 3588 τούτου
682 3533 992 3604 φαυλότητα
1023 3531 1375 3604 ἀλεξητήριον
1416 3532 1705 3603 φάρμακον
1755 3532 2027 3599 διεξιέναι,

456 3627 553 3679 καὶ
581 3626 701 3696 οὐχὶ
729 3624 929 3695 μᾶλλον
959 3626 1036 3687 εἰς
1073 3624 1235 3692 ὄγκον
1264 3623 1429 3677 πολὺν
1453 3624 1665 3677 ἐλάσσω
1691 3625 1707 3654 ί
1747 3625 1845 3694 τῆς
1894 3642 2030 3693 πρα-

455 3718 723 3787 γματείας
753 3718 814 3769 τὸ
845 3718 1135 3786 ἐχέγγυον·
1161 3715 1467 3786 ἀκροθιγῶς
1494 3716 1569 3781 δὲ,
1613 3717 1697 3769 ἵνα
1735 3716 1809 3790 μὴ
1843 3718 1901 3769 ἐν
1927 3735 2028 3769 πα-

460 3808 701 3880 ραδρομῇ
731 3808 994 3877 γένωμαι,
1029 3805 1167 3877 πρὸς
1190 3805 1377 3859 τοῦτον
1404 3806 1535 3877 ἐρῶ.

2137 3272 2286 3317 runt.
2321 3262 2663 3335 Proindeque
2711 3265 2994 3318 materiam
3027 3264 3288 3333 aequalem
3319 3262 3428 3317 Deo
3462 3261 3590 3316 facit
3621 3260 3698 3314 al-

2139 3362 2221 3410 ter
2263 3355 2371 3423 ille,
2409 3356 2864 3426 quemadmodum
2904 3364 2959 3411 et
3005 3357 3237 3411 ltaareses
3275 3356 3517 3424 reliqua}.
3560 3352 3699 3407 Tum

2136 3462 2266 3502 vero
2295 3446 2386 3502 l‘ati
2420 3458 2581 3520 atque
2606 3451 2834 3521 originis
2860 3451 3238 3505 necessitatem
3284 3448 3500 3507 astruit,
3541 3446 3699 3517 cujus

2136 3539 2348 3610 legibus
2390 3550 2759 3611 temperentur
2802 3550 2856 3596 et
2889 3542 3194 3597 afﬁciantur
3224 3542 3497 3596 universa.
3533 3538 3699 3609 Igitur

2135 3649 2473 3705 quaecunque
2523 3636 2705 3704 Operis
2755 3634 2987 3688 instituti
3034 3634 3271 3688 brevitas
3322 3640 3513 3685 contra
3557 3630 3701 3683 illius

2136 3724 2433 3794 nequitiam
2464 3723 2731 3794 disputari
2760 3723 2984 3794 patitur,
3018 3737 3082 3777 ac
3112 3723 3258 3777 velut
3292 3721 3553 3775 auxiliare
3584 3735 3699 3773 tne-

2135 3812 2502 3869 dicamentum
2552 3816 2760 3886 parari;
2805 3817 2902 3871 sed
2946 3817 3020 3869 ita
3058 3830 3397 3885 nequaquam
3426 3813 3565 3866 utin
3597 3814 3698 3866 im-

458 3915 698 3955 mensam
746 3902 941 3955 molem
986 3899 1119 3953 illud
1154 3898 1329 3967 ipsum
1381 3914 1517 3969 opus
1559 3910 1859 3969 excrescat,
1905 3903 2036 3969 luec,
2101 3906 2347 3978 inquam,
2417 3911 2752 3973 summatim,
2792 3924 2861 3965 ne
2914 3911 3331 3980 prtelermisisse
3373 3908 3559 3963 videar
3604 3904 3698 3960 ad-

456 4011 648 4053 versus
673 3998 821 4053 illum
862 3998 1117 4067 objiciam
1152 4018 1165 4053 :
1204 4000 1384 4067 itaque
1409 4000 1749 4053 conveniam.

526 4090 603 4144 B'.
637 4092 807 4144 Πόθεν
840 4091 1101 4164 εἴληφας,
1142 4088 1185 4145 ὦ
1216 4087 1397 4155 οὗτος,
1428 4093 1525 4163 τὴν
1558 4093 1656 4163 τῆς
1681 4093 2033 4158 διδασκαλίας

456 4183 731 4254 ὑφήγησιν
755 4201 769 4248 ;
796 4183 829 4254 ἢ
865 4187 1014 4236 ποῖον
1046 4182 1268 4253 Πνεῦμα
1296 4183 1448 4251 ἅγιον
1493 4184 1779 4253 οὐρανόθεν
1804 4184 2032 4255 λελάλη-

456 4275 522 4328 κέ
559 4292 641 4328 σοι
674 4266 919 4347 περὶτῆς
956 4274 1157 4329 σαυτοῦ
1186 4274 1435 4346 πλάνηςς
1471 4275 1564 4328 δύο
1593 4278 1688 4345 μὲν
1718 4277 1825 4348 γάρ
1854 4277 1947 4330 ἐπὶ
1973 4277 2035 4330 τὸ

455 4365 589 4418 αὐτὸ
614 4365 914 4436 σύγχρονα,
946 4364 1076 4437 ὓλην
1104 4366 1199 4418 καὶ
1232 4365 1363 4417 Θεὸν
1383 4405 1396 4427 ,
1431 4366 1802 4436 βεϐιασμένως
1835 4366 2031 4435 λέγεις.

457 4455 710 4507 Πεσεῖται
755 4456 864 4525 γάρ
915 4472 1007 4508 σου
1052 4455 1081 4507 ὁ
1129 4455 1284 4517 λόγος
1313 4494 1327 4520 ,
1368 4457 1459 4508 καὶ
1506 4442 1806 4520 ἀσύστατος
1858 4458 2028 4509 ἔσται.

530 4615 546 4646 ⁸
571 4614 737 4671 Forte
758 4615 959 4670 ὲλάσω.

2199 4091 2264 4145 II.
2306 4091 2452 4148 IIeus
2482 4101 2540 4147 tu
2565 4095 2577 4147 !
2623 4094 2866 4164 inquam.
2898 4093 3077 4149 I’otin’
3103 4092 3337 4163 eloquia
3360 4107 3468 4161 quo
3493 4091 3698 4145 doctri-

2130 4196 2257 4237 nam
2312 4184 2454 4239 hane
2508 4185 2831 4254 acceperis?
2880 4195 2975 4239 aut
3019 4186 3143 4254 quis
3194 4187 3412 4238 demum
3462 4184 3700 4254 Spiritus

2132 4282 2358 4330 sanctus
2386 4284 2566 4329 tecum
2609 4278 2676 4331 de
2705 4278 2807 4331 hoc
2846 4286 2941 4331 tuo
2967 4292 3157 4331 errore
3189 4277 3261 4332 sit
3302 4278 3556 4331 locutus?
3583 4277 3703 4330 Duo

2130 4368 2330 4436 quippe
2382 4367 2542 4422 simul
2590 4370 2819 4437 tequalia
2862 4376 3125 4437 tempore,
3160 4370 3445 4423 materiam
3491 4369 3700 4423 scilicet

2131 4474 2194 4510 ac
2226 4459 2393 4511 Deum
2427 4459 2691 4512 violenter
2732 4459 3004 4514 obtrudis.
3036 4459 3253 4515 Excidit
3284 4461 3447 4531 igitur
3481 4469 3573 4514 tua
3609 4460 3699 4514 illa

524 4775 638 4846 (46)
674 4776 1129 4844 Μεταγγισμούς
1173 4792 1237 4828 τε
1275 4773 1509 4843 ψυχῶν.
1559 4774 1728 4846 Stoici
1784 4773 2020 4846 animam
2054 4777 2100 4833 D
2125 4773 2184 4846 Ci

2054 4777 2100 4833 Ι)
2125 4773 2637 4846 Citienseoppidum
2658 4790 2687 4827 a
2701 4773 3053 4846 Phoenicibus
3070 4775 3277 4829 colonis
3296 4776 3699 4846 frequentatum

452 4843 723 4916 putabant
752 4843 1217 4916 essecorpoream
1249 4862 1262 4897 :
1294 4846 1545 4916 videlicet
1590 4843 1806 4913 πνεῦμα
1834 4844 2022 4911 ἔνθερ-

458 4913 595 4987 μον,
642 4923 701 4968 ut
745 4915 820 4967 ait
866 4913 1429 4987 Diogenespideoque
1467 4915 1693 4987 interire
1736 4924 1859 4983 post
1890 4930 2031 4966 utor-

458 4984 620 5041 tem:
674 4984 888 5038 tametsi
941 4984 1258 5053 aliquandiu
1323 4991 1448 5054 post
1494 4985 1703 5037 obitum
1764 4993 2025 5037 maneret.

458 5054 894 5125 Μετεμψύχωσιν
928 5070 1057 5125 vero
1090 5054 1404 5109 defendisse
1435 5054 1651 5125 Stoicos
1687 5068 1955 5122 nusquam
1997 5068 2027 5105 a

460 5141 549 5178 me
584 5123 779 5179 lectum
815 5132 918 5177 est.
968 5124 1031 5177 Et
1064 5125 1545 5179 hallucinationem
1579 5123 1721 5175 hanc
1748 5138 1871 5176 esse
1903 5137 2026 5175 cre-

459 5195 716 5255 diderim,
752 5194 1211 5262 quemadmodum
1236 5202 1290 5247 et
1318 5195 1463 5263 quod
1490 5193 1733 5261 sequitur
1763 5209 1775 5243 :
1800 5194 2027 5263 immor-g

462 5266 622 5319 talem
674 5278 705 5315 a
750 5260 951 5317 Stoicis
1002 5265 1241 5317 animam
1285 5260 1409 5319 esse
1452 5260 1824 5317 constitutam.
1870 5260 2028 5327 Quod

460 5334 657 5387 falsum
702 5340 808 5404 est.
847 5330 1064 5388 Vidcsis
1111 5334 1442 5404 Diogenem,
1492 5342 1546 5386 et
1603 5330 1883 5385 Plutarch.
1949 5331 2025 5384 De

454 5404 665 5473 placitis
697 5402 890 5473 philos.

527 5474 640 5541 (47)
667 5476 730 5526 Οἱ
748 5472 866 5539 μὲν
895 5471 1006 5541 γὰρ
1034 5473 1220 5525 αὐτὸν
1239 5472 1498 5540 ἔφασαν.
1520 5471 1668 5525 Zeno
1701 5470 1899 5524 Stoica:
1937 5485 2024 5523 se-

453 5550 556 5596 cta:
594 5540 844 5596 Conditor
873 5540 1128 5604 Mnaseze,
1156 5544 1271 5595 sive
1306 5543 1513 5597 Demeze
1545 5542 1603 5595 F.
1647 5540 1923 5602 Citiensis,
1958 5556 2025 5593 ex

452 5613 666 5682 oppido
696 5612 860 5680 Cypri
894 5612 1107 5682 insulae.
1137 5620 1195 5664 ut
1241 5611 1495 5682 Laertius
1549 5621 1601 5666 ct
1656 5611 1857 5664 Suidas
1892 5626 2021 5662 nar-

453 5680 598 5735 rant.
621 5680 716 5752 ADe
746 5680 1483 5752 CleantheTyrioAZenonis
1515 5690 1666 5752 patre
1702 5682 1836 5733 nihil
1870 5695 2023 5752 comf

450 5750 927 5822 peri.Quanquam
960 5750 1303 5805 scioﬁvaav
1330 5751 1499 5807 fuisse
1520 5750 1835 5806 Phoenicem
1873 5750 2019 5805 ouod

818 5850 1091 5911 Panos.
1134 5848 1249 5908 Gn.
1294 5846 1456 5911 XLI.

2128 4844 2312 4897 fuerit.
2344 4843 2488 4909 Quin
2519 4845 2680 4898 etiam
2712 4845 2883 4897 civem
2917 4846 3067 4898 illum
3102 4843 3413 4898 vindicasse
3440 4847 3542 4899 sibi
3574 4849 3701 4910 τοὺς

2125 4915 2182 4965 ὲν
2214 4914 2403 4967 Σιδῶνι
2438 4916 2643 4975 Κιτιεῖς
2674 4923 2866 4967 auctor
2907 4923 2992 4968 est
3025 4913 3295 4968 Laertius.
3332 4914 3472 4983 Ergo
3499 4917 3697 4969 Citium

2126 4985 2273 5035 aliud
2310 4986 2360 5036 in
2395 4984 2653 5037 Phoenice
2683 4984 2965 5053 oppidum.
2992 4983 3234 5053 Denique
3269 4983 3543 5039 Zenonem
3574 4984 3700 5048 Pas,-

2127 5054 2311 5105 nulum
2343 5054 2411 5106 ob
2438 5053 2491 5105 id
2525 5054 2757 5122 appellat
2792 5054 2984 5107 Cicero
3022 5054 3115 5122 lib.
3152 5070 3201 5105 IV
3226 5053 3300 5106 Dc
3334 5054 3428 5121 ﬁn.
3454 5072 3473 5109 :
3502 5053 3699 5107 Postea

2128 5132 2245 5175 tuus
2276 5122 2366 5175 ille
2399 5121 2645 5175 Poenulus
2678 5124 2818 5188 (scis
2858 5124 2997 5176 enim
3026 5121 3242 5176 Citireos
3278 5124 3490 5176 clientes
3531 5133 3648 5176 tuos
3673 5141 3701 5178 e

2126 5192 2396 5245 Phoenicia
2425 5192 2729 5259 profectos).

2198 5264 2309 5331 (48)
2354 5262 2464 5331 :Er
2506 5262 2696 5330 Ῥώμῃ
2727 5260 2795 5313 δὲ
2816 5260 3184 5324 βεϐιωκέναι.
3225 5260 3269 5313 Α
3310 5276 3417 5331 quo
3450 5262 3564 5317 hate.
3614 5261 3697 5315 di-

2126 5329 2322 5385 dicerit
2352 5329 2709 5399 Epiphanius,
2747 5331 2963 5384 beasset
2988 5346 3110 5393 nos,
3141 5333 3187 5385 si
3236 5329 3433 5386 docere
3486 5332 3697 5385 voluis-

2125 5408 2227 5454 set.
2258 5401 2591 5470 Crediderim
2630 5399 2845 5469 Ῥώμην
2896 5399 2964 5452 ab
3013 5415 3078 5470 eo
3128 5416 3227 5470 pro
3258 5400 3407 5453 Italia
3440 5402 3606 5463 sumi,
3641 5410 3696 5455 et

2124 5470 2362 5524 Eleatem
2395 5469 2668 5523 Zenonem
2698 5468 2821 5521 enm
2854 5468 3084 5522 Citiensi
3114 5468 3413 5531 confundi;
3442 5486 3565 5524 nam
3594 5472 3695 5524 du—

2123 5541 2279 5604 bitat,
2309 5540 2489 5593 duone
2522 5540 2723 5591 fuerint
2758 5540 2917 5591 ambo
2951 5540 3064 5600 isti,
3097 5555 3163 5593 an
3198 5557 3339 5594 unus
3376 5542 3691 5596 Stoicorum

2124 5618 2298 5679 pater.
2320 5608 2443 5679 Fuit
2475 5616 2653 5661 autem
2689 5607 2970 5679 Zenonum
3004 5611 3140 5663 alter
3173 5610 3383 5664 Eleates
3409 5627 3472 5665 ex
3502 5610 3651 5663 Italia
3677 5627 3690 5673 ;

2122 5678 2217 5733 sed
2251 5678 2395 5752 quod
2428 5680 2616 5731 ambos
2639 5678 3277 5752 diciteademhbabuisse
3303 5682 3581 5752 degulata,
3608 5698 3695 5736 sa-

2122 5752 2193 5805 tis
2224 5766 2287 5804 ex
2325 5750 2581 5818 Diogene,
2608 5749 2841 5818 altisque
2869 5748 3160 5803 refellitur.

3266 5852 3301 5909 7
