4204 6370
527 359 630 417 203

1944 363 2000 419 S.
2043 361 2390 419 EPIPHANII

3685 369 3792 425 ΞΜ

526 481 685 542 ratio,
718 477 1051 550 minimeque
1098 478 1333 535 cohaeret
1380 479 1497 550 ipsa
1537 493 1747 544 secum,
1786 493 1909 533 cum
1955 486 2012 530 tu
2048 486 2094 535 el

2215 478 2530 551 Ὁμολογεῖς
2577 478 2677 549 μὲν
2713 479 2821 550 γάρ
2863 495 2982 533 τινα
3027 474 3167 534 εἶναι
3210 482 3570 555 δημιουργὸν,
3602 483 3661 537 ὃν
3696 489 3785 539 καὶ

523 575 776 641 opilicem
831 573 1123 642 quemdam
1173 572 1417 627 omnium
1471 587 1652 627 rerum
1705 587 1827 628 esse
1878 571 2102 637 fateare,

523 650 686 736 quem
714 665 877 719 etiam
916 665 1347 735 omnipotentem
1391 664 1615 727 asseris,
1647 672 1700 717 et
1732 663 1786 716 in
1824 678 1888 716 eo
1923 671 2105 716 tamen

523 760 647 829 ipso
678 758 1028 813 divinitatum
1069 756 1303 811 divortia
1333 756 1659 811 constituas.
1683 754 1783 825 13
1801 755 2104 823 Cujusnam

522 865 653 905 vero
674 850 868 903 artifex
897 850 1001 903 erit
1027 848 1137 913 ille,
1168 848 1214 902 si
1240 848 1466 917 aequalis
1490 858 1734 917 tempore
1764 846 1989 899 materia
2016 860 2104 914 p0-

522 942 707 997 nitur?
730 941 845 995 Erit
878 943 1021 996 enim
1052 954 1147 1009 per
1167 954 1298 994 'sese
1328 940 1528 994 suimet
1563 939 1682 1009 ipsa
1718 939 1881 1007 juris,
1913 946 2101 1007 utpote

521 1049 644 1104 quae
677 1048 707 1087 a
736 1033 886 1086 nullo
911 1034 983 1087 sit
1013 1031 1244 1101 originis
1273 1033 1545 1103 principio
1569 1030 1824 1092 deducta,
1858 1030 2103 1099 adeoque

522 1125 767 1194 subjecta
803 1124 1025 1179 nemini.
1059 1122 1213 1189 Quod
1249 1125 1293 1179 si
1329 1124 1399 1178 ab
1426 1138 1510 1187 ea,
1544 1122 1846 1193 producere
1888 1133 1947 1175 ut
1977 1135 2102 1190 pos-

521 1226 623 1279 set,
652 1216 835 1287 opifex
861 1217 953 1287 qui
988 1232 1107 1272 eam
1140 1226 1335 1272 nactus
1382 1225 1468 1271 est
1513 1215 1805 1285 acceperit,
1836 1213 2100 1267 nonnulia

522 1309 636 1362 haec
668 1324 789 1362 esse
839 1308 997 1363 debet
1039 1308 1187 1362 illius
1232 1308 1601 1369 imbecillitas,
1638 1321 1702 1359 ac
1740 1306 1888 1359 velut
1921 1304 2099 1374 egenti

523 1398 663 1451 facta
693 1398 1028 1452 eontributio
1058 1417 1072 1454 :
1110 1398 1373 1451 nimirum
1400 1397 1488 1467 qui
1520 1412 1629 1451 non
1660 1397 1886 1467 privatis
1913 1410 1979 1450 ex
2006 1411 2100 1449 co-

520 1489 645 1556 piis,
681 1488 775 1543 sed
809 1504 875 1542 ex
901 1488 1078 1543 aliena
1122 1488 1351 1543 materia
1394 1503 1554 1541 suum
1591 1498 1727 1555 opus
1755 1486 2094 1557 praestiterit.

517 1578 634 1632 Jam
668 1580 798 1633 illud
836 1579 903 1635 de
934 1580 1241 1632 animarum
1270 1579 1325 1632 in
1364 1580 1539 1633 aliena
1581 1593 1810 1648 corpora
1837 1578 2097 1642 transitu,

516 1678 775 1741 quantam
822 1673 875 1725 in
929 1678 981 1726 te
1021 1672 1295 1727 levitatem
1325 1672 1631 1742 depravata:
1661 1672 1861 1726 mentis
1897 1670 2094 1741 arguit,

516 1764 610 1831 qui
656 1771 711 1815 et
756 1762 1036 1833 sapientiae
1072 1764 1303 1834 gloriam
1349 1763 1593 1830 aﬂ‘ectas,
1627 1772 1678 1818 et
1722 1777 1905 1839 rerum
1953 1763 2096 1831 apud

2208 571 2623 644 παντοκράτορα
2650 573 2755 643 φής
2774 589 2787 602 °
2810 574 2998 629 τῠῦτον
3024 573 3079 627 δὲ
3105 574 3345 646 μερίζεις
3368 578 3447 639 εἱς
3476 577 3782 631 πολυθεΐαν.

2207 658 2365 721 Τίνος
2397 659 2441 711 δ’
2472 659 2538 713 ἂν
2591 660 2675 731 εἴη
2714 660 3078 732 δημιουργὸς,
3124 664 3139 692 ¹
3193 662 3226 733 ἢ
3265 663 3564 735 σύγχρονος
3614 668 3697 739 εἴη
3752 670 3785 738 ή

2208 749 2341 821 ῦλη;
2376 751 2569 803 Ἔσται
2617 749 2726 822 γὰρ
2766 750 2887 804 καθ’
2935 752 3132 822 ἑαυτὴν
3177 753 3381 823 ἑαυτῆς
3428 754 3783 820 δεσπόζουσα,

2204 841 2236 909 ἡ
2268 839 2342 911 μὴ
2372 840 2481 893 ἀπὸ
2503 839 2676 892 αἰτίου
2710 840 2854 904 τινὸς
2885 839 3122 893 λαϐοῦσα
3147 841 3245 911 τὴν
3275 842 3451 913 ἀρχὴν
3484 882 3499 906 ,
3551 845 3645 896 καὶ
3685 845 3786 915 οὐχ

2205 932 2640 1003 ὑποτασσομένη.
2688 933 2751 984 Εἰ
2807 932 2863 985 δὲ
2913 934 2941 984 ὁ
2991 932 3320 1004 δημιουργὸς
3381 934 3529 1003 παρὰ
3581 935 3786 1007 ταύτης

2203 1022 2467 1093 λαμϐάνει
2502 1022 2770 1094 προϐολὴν
2803 1024 3008 1095 ταύτην
3038 1024 3359 1095 εὑράμενος,
3398 1025 3652 1097 ἀδράνειά
3699 1045 3785 1090 τις

2203 1116 2270 1170 ἂν
2317 1114 2403 1187 εἴη
2450 1118 2545 1169 καὶ
2574 1116 2764 1188 ἔρανος
2800 1117 2866 1169 δι’
2898 1117 3130 1188 ἀπορίαν
3173 1111 3250 1187 τῷ
3291 1119 3785 1190 προσπορισαμένῳ

2201 1207 2302 1261 οὐκ
2328 1207 2435 1260 ἀπὸ
2472 1207 2579 1260 τῶν
2620 1207 2783 1268 ἰδίων,
2818 1207 2933 1260 ἀλλ’
2971 1207 3029 1272 ἐξ
3062 1208 3436 1276 ὑποκειμένων
3464 1208 3780 1279 ἀλλοτρίων,

2200 1296 2349 1358 ὅπως
2388 1295 2449 1349 τὸ
2495 1295 2624 1348 ἴδιον
2656 1296 3022 1366 ὑποστήσεται
3062 1295 3472 1367 δημιούργημα.
3514 1299 3621 1349 Καὶ
3653 1300 3782 1369 περὶ

2200 1390 2292 1445 τοῦ
2326 1391 2435 1444 τῶν
2476 1390 2661 1460 ψυχῶν
2702 1390 3077 1461 μεταγγισμοῦ
3122 1392 3289 1462 πολλή
3333 1410 3416 1455 τις
3447 1394 3478 1464 ἡ
3509 1393 3781 1465 φαυλότης

2198 1483 2298 1553 τῆς
2324 1482 2857 1552 παραπεποιημένης
2886 1499 2979 1534 σου
3019 1483 3256 1546 διανοίας
3284 1522 3297 1546 ,
3334 1483 3649 1554 ὲθελόσοφε,
3684 1503 3781 1539 και

2198 1573 2400 1642 γνῶσιν
2467 1573 2773 1642 ἀνθρώποις
2821 1574 3256 1646 ὲπαγγελλόμενε
3292 1576 3304 1628 !
3342 1576 3404 1629 Εἰ
3447 1576 3553 1648 γὰρ
3613 1580 3779 1649 μέρος

2198 1665 2334 1719 Θεοῦ
2362 1665 2597 1736 ὑπάρχει
2638 1663 2733 1718 καὶ
2785 1665 3082 1730 ἀθάνατος,
3122 1666 3350 1737 σώματα
3381 1667 3439 1720 δὲ
3491 1668 3685 1739 οἰκτρὰ
3716 1670 3778 1721 ού

2205 1757 2363 1828 μόνον
2390 1754 2600 1826 εἴποιμι
2634 1755 2817 1827 θηρῶν
2846 1774 2904 1809 τε
2947 1757 3039 1809 καὶ
3068 1758 3314 1828 ἑρπετῶν
3353 1759 3449 1812 xui.
3492 1760 3779 1813 κνωδάλων

516 1855 765 1910 homines
799 1833 1093 1909 scientiam
1113 1855 1421 1925 proﬁteris!
1466 1855 1601 1909 Nam
1640 1856 1684 1910 si
1711 1833 1849 1925 pars‘
1880 1863 1964 1909 est
2003 1850 2093 1907 illa

2195 1847 2468 1914 δυσγενῶν
2505 1849 2571 1917 τῇ
2608 1847 2802 1900 πλάσει
2848 1848 3016 1919 αὐτῆς
3052 1847 3372 1913 συνάπτεις,
3398 1853 3464 1921 τῇ
3498 1852 3605 1904 ἀπὸ
3640 1850 3778 1906 Θεοῦ

514 1940 632 2005 Dei,
665 1954 718 1997 et
747 1944 964 2013 quidem
988 1943 1347 2009 immortalis;
1383 1952 1440 1997 tu
1466 1958 1596 1999 vero
1621 1944 1688 1998 ad
1716 1943 2091 1997 infelicissima

514 2035 702 2089 nescio
735 2050 856 2105 quae
884 2049 1115 2105 corpora
1146 2050 1258 2090 non
1288 2034 1525 2090 ferarum
1556 2036 1738 2102 modo,
1767 2035 1860 2091 sed
1890 2044 1944 2089 et
1973 2050 2091 2088 ser-

2200 1939 2342 1992 κατά
2361 1939 2417 1990 σὲ
2436 1939 2533 2009 τὴν
2555 1938 2743 1991 οὐσίαν
2773 1941 3085 2012 κεκτημένῃ
3110 1955 3123 1969 ⁸
3153 1940 3248 1993 xui.
3264 1941 3315 1994 τὶ
3333 1941 3399 1995 ἂν
3419 1942 3627 2010 γένοιτο
3654 1942 3775 1996 τούο

2200 2048 2294 2083 του
2331 2028 2759 2100 μοχθηρότερον;

513 2134 759 2197 pentum,
785 2141 849 2180 ac
881 2125 1276 2182 vilissimorum
1313 2126 1692 2187 animantium,
1761 2124 2129 2179 conditionem
2169 2120 2314 2174 illius
2362 2118 2614 2185 dimittis,
2651 2132 2772 2187 quae
2822 2125 3095 2185 naturam,
3154 2128 3206 2176 te
3248 2122 3468 2192 quidem
3524 2131 3772 2190 auctore,

512 2222 765 2274 haustam
798 2236 828 2273 a
858 2218 970 2275 Deo
1003 2227 1058 2274 et
1092 2235 1410 2288 expressam
1438 2221 1699 2287 obtinuit;
1733 2228 1911 2291 potest
1936 2217 2233 2290 quidquam
2263 2230 2325 2270 ea
2358 2230 2416 2269 re
2448 2230 2569 2269 eSse
2599 2214 2949 2284 perversius?
3495 2262 3505 2269 .

583 2308 667 2361 Ill.
707 2309 777 2363 At
813 2309 977 2363 etiam
1008 2307 1197 2364 Fatum
1232 2311 1392 2365 nobis
1425 2312 1639 2382 objicis,
1685 2327 1714 2365 a
1755 2328 1864 2381 quo
1902 2310 2087 2365 omnia

510 2398 956 2469 proﬁciscantur,
992 2416 1115 2470 quae
1144 2410 1253 2456 tam
1292 2402 1527 2468 homini,
1559 2418 1722 2473 quam
1753 2404 1965 2458 caeteris
1999 2419 2087 2458 re-

511 2491 617 2547 bus
643 2492 920 2545 accidunt.
956 2491 1154 2545 Verum
1197 2508 1329 2557 uno,
1379 2509 1553 2564 eoque
1580 2495 1908 2550 brevissimo
1940 2496 2088 2551 dicto

511 2592 662 2637 tuum
710 2583 845 2637 illud
885 2591 1253 2638 commentum
1293 2596 1599 2641 evanescet.
1650 2586 1708 2641 Si
1754 2587 1899 2641 enim
1941 2587 2084 2642 istud

510 2676 728 2744 ipsum;
786 2676 1112 2745 sapientem,
1152 2691 1215 2730 ac
1271 2677 1594 2747 prudentem
1656 2678 1813 2745 ﬁeri;
1859 2680 2086 2736 rationis

510 2767 831 2837 participem
877 2774 1269 2837 expertemque
1316 2769 1490 2834 nasci,
1552 2770 1874 2842 reliquaque
1921 2773 2085 2841 hujus

510 2859 728 2927 generis
770 2858 864 2911 lati
912 2859 1220 2914 necessitas
1267 2859 1461 2927 aﬂert;
1511 2861 1708 2916 sileant
1754 2863 1975 2917 decreta
2018 2864 2088 2918 le-

506 2966 634 3019 gmi
667 2950 850 3003 omnia
892 2950 1137 3019 :quippe
1184 2966 1308 3005 cum
1348 2951 1402 3007 in
1447 2953 1723 3009 adulteros
1764 2955 2087 3010 sceleratos-

506 3057 615 3111 que
657 3049 886 3095 eaiteros
921 3040 1014 3094 fati
1044 3041 1127 3096 vis
1178 3039 1269 3094 illa
1318 3040 1649 3097 dominetur.
1694 3043 1836 3099 Sane
1865 3046 2082 3113 quidem
2111 3078 2152 3133 ε

502 3130 706 3200 justius
734 3130 801 3184 ab
835 3131 1033 3195 stellis,
1076 3147 1197 3201 qua:
1220 3133 1603 3189 necessitatem
1637 3136 1876 3204 pariunt,
1910 3152 2085 3206 paenae

507 3228 851 3290 repetantur,
888 3236 1052 3290 quam
1089 3221 1157 3275 ab
1185 3237 1251 3277 eo
1286 3223 1378 3293 qui
1418 3224 1565 3294 quod
1598 3226 1709 3297 agit
1736 3230 1960 3281 omnino
1991 3243 2083 3281 co-

507 3321 665 3367 aetus
683 3314 1019 3383 aggreditur.
1042 3314 1214 3385 Atque
1237 3324 1297 3369 ut
1318 3316 1370 3370 id
1396 3317 1502 3370 alia
1529 3319 1739 3373 ratione
1760 3318 2034 3389 disputem
2065 3340 2077 3375 :

504 3404 553 3459 si
584 3403 658 3456 ita
696 3406 774 3458 uti
806 3404 993 3458 volunt
1029 3420 1088 3461 se
1117 3422 1205 3461 res
1237 3406 1432 3471 habet;
1462 3408 1692 3477 agedum
1724 3410 1925 3465 scholae
1949 3426 2084 3465 con-

505 3495 775 3551 ticescant
806 3515 819 3550 :
850 3497 1105 3553 desinant
1152 3500 1436 3569 sOphistaz,
1486 3503 1754 3567 rhetores,
1809 3520 2082 3574 gramma-

505 3589 623 3654 tici,
652 3589 865 3654 medici,
904 3600 1220 3663 ceteraeque
1271 3593 1535 3649 doctrinae
1584 3612 1798 3660 omnes,
1851 3598 2082 3652 illibera-

504 3680 637 3733 lium
660 3681 860 3735 artium
885 3682 1172 3738 innumera
1206 3686 1519 3741 multitudo.
1556 3686 1666 3741 Nec
1699 3689 1895 3743 doceat
1924 3689 2079 3745 dein-

503 3787 632 3843 ceps
683 3774 1000 3844 quispiam;
1057 3776 1103 3830 si
1168 3777 1388 3847 quidem
1430 3777 1549 3833 Fati
1608 3779 1908 3846 beneﬁcio,
1968 3798 2079 3838 non

504 3862 809 3917 litterarum
842 3864 1154 3935 disciplina,
1189 3868 1375 3937 generi
1407 3869 1650 3924 humano
1688 3871 1918 3926 scientia
1945 3888 2079 3942 sup-

504 3955 727 4023 peditat.
762 3954 896 4008 Nam
930 3956 977 4009 si
1006 3957 1199 4013 doctos
1239 3969 1401 4030 atque
1434 3962 1680 4015 eruditos
1708 3962 1919 4019 edicere
1956 3965 2077 4020 Fati

504 4048 809 4103 necessitas
841 4058 1038 4118 poteSt,
1068 4066 1229 4105 nemo
1264 4054 1582 4122 prmeeptori
1621 4064 1779 4109 navet
1810 4072 2030 4126 Operam
2060 4078 2072 4113 :

500 4138 598 4192 sed
642 4139 747 4193 illa:
797 4140 1034 4194 stamina
1075 4143 1357 4199 trahentes
1391 4143 1576 4199 Parcae
1628 4147 1843 4216 ingenia
1895 4151 2074 4203 homi-

502 4245 632 4282 num
658 4230 964 4298 disciplinis
992 4232 1261 4297 imbuant,
1293 4236 1751 4305 quemadmodum
1783 4239 1931 4294 inani
1973 4241 2077 4295 fal-

500 4332 672 4389 SOque
701 4320 794 4373 illo
813 4319 1065 4390 dogmate
1092 4324 1385 4391 proﬁteris.

912 4432 913 4435 ’
943 4432 1046 4503 la
1077 4432 1164 4486 DE
1202 4434 1634 4501 PLATONICIS,

655 4519 776 4575 nua:
803 4532 880 4575 est
911 4522 1125 4579 hwresis
1159 4528 1432 4596 gentilium
1466 4528 1572 4596 IV,
1609 4535 1793 4587 ordine
1836 4531 1929 4587 Vl.

571 4690 696 4748 Haec
746 4702 939 4749 contra
986 4695 1261 4754 Zenonem
1320 4711 1374 4755 et
1416 4701 1631 4761 Stoicos
1678 4707 1823 4761 dicta
1887 4720 2072 4765 sunto.

499 4784 655 4851 Quod
695 4785 763 4839 ad
794 4786 1077 4843 Platonem
1102 4792 1315 4856 attinet,
1346 4795 1402 4849 in
1448 4798 1639 4852 eodem
1671 4800 1717 4854 is
1750 4801 1863 4855 luto
1890 4820 2073 4859 versa-

499 4885 607 4930 tur.
642 4876 777 4931 Nam
803 4878 871 4933 de
906 4880 1212 4935 animarum
1237 4898 1302 4937 ex
1332 4885 1454 4941 aliis
1486 4887 1541 4940 in
1565 4888 1669 4943 alia
1701 4905 1931 4961 corpora
1954 4902 2071 4948 tra-

494 4969 756 5038 jectione,
793 4984 858 5024 ac
900 4972 1306 5041 vicissitudine;
1340 4976 1514 5048 deque
1556 4983 1908 5041 multitudine
1941 4987 2073 5043 deo-

497 5073 643 5125 rum,
684 5076 749 5115 ac
785 5063 1009 5133 reliquis
1042 5064 1364 5122 idololatriae
1411 5074 1931 5147 superstitionisque
1973 5094 2070 5149 ge-

495 5153 720 5209 neribus
756 5154 946 5211 eadem
983 5164 1067 5213 est
1096 5157 1243 5215 illius
1282 5164 1574 5218 sententia.
1610 5165 1717 5221 Sed
1743 5168 1809 5223 de
1840 5173 2070 5226 materia

494 5246 730 5303 fortasse
756 5263 866 5304 non
891 5250 1118 5306 omnino
1146 5266 1271 5307 cum
1294 5254 1512 5313 Zenone
1540 5259 1850 5331 Stoicisque
1880 5267 2068 5321 sentit.

569 5404 584 5433 ¹
621 5401 784 5460 Forte
819 5406 868 5459 εἰ
903 5404 1217 5479 σύγχρονος.

569 5555 680 5637 (49)
830 5562 1371 5642 μεττενσῳμᾳτώοζει.
1415 5566 1672 5642 Socrates
1701 5572 1843 5642 apud
1874 5572 2057 5629 Plato-

488 5640 621 5711 nem
658 5628 710 5679 in
739 5628 1007 5711 Pltiedone
1038 5628 1243 5711 de'Hhoc
1269 5628 1815 5711 dogmategdisput'at.
1853 5628 2056 5700 Sedet

492 5693 916 5785 Ehrysostomus
944 5703 1177 5758 Homilia
1335 5693 2053 5785 ann.'t>ia13iii§'adg'nia€é

490 5764 565 5821 de
597 5764 772 5822 anima
804 5772 1134 5843 redarguens
1165 5794 1176 5829 :
1212 5776 1323 5831 Νῦν
1356 5780 1452 5849 μὲν
1488 5780 1594 5850 γὰρ
1625 5764 2053 5855 αιέῆνὶὲῖξέόῦ

2108 4439 2155 4497 D

2265 2307 2340 2365 Γ’.
2372 2306 2727 2377 Εἱμαρμένην
2750 2306 2808 2359 δὲ
2837 2306 3215 2377 παρεισάγεις,
3239 2305 3315 2371 ὡς
3348 2306 3405 2374 ἐξ
3433 2309 3603 2379 αὐτῆς
3628 2310 3771 2378 γίνεσ-

2193 2398 2315 2453 σθαι
2356 2398 2425 2451 τά
2459 2397 2537 2469 τῷ
2576 2395 2846 2467 ἀνθρώπῳ
2894 2397 3255 2468 συμϐαίνοντα
3301 2400 3396 2453 καὶ
3440 2400 3639 2465 ἄλλοις.
3684 2404 3773 2469 Ἐξ

2190 2492 2307 2555 ἑνὸς
2338 2490 2393 2542 δὲ
2424 2489 2587 2561 ῥητοῦ
2612 2490 2678 2541 δι’
2703 2488 2968 2559 ἐπιτομῆς
2993 2489 3087 2541 τοῦ
3121 2490 3301 2558 λόγου,
3331 2493 3771 2565 ἁνατραπήσεταο

2189 2584 2314 2656 ήσὴ
2351 2583 2662 2654 μυθοποιία.
2706 2581 2770 2633 Et
2813 2581 2921 2652 γάρ
2961 2583 3302 2653 εἱμαρμένης
3335 2584 3395 2636 τὸ
3433 2585 3770 2653 σοφίζεσθαι,

2188 2674 2247 2727 τὸ
2274 2672 2663 2739 συνετίζεσθαι,
2683 2673 2743 2725 τὸ
2768 2672 2983 2741 λογικὸν
3021 2674 3311 2741 γεννᾶσθαι
3335 2676 3426 2727 καὶ
3449 2675 3661 2743 ἄλογον,
3679 2679 3767 2730 xui

2187 2766 2256 2819 τὰ
2284 2764 2419 2819 ἄλλα
2453 2766 2652 2829 πάντα,
2679 2764 3080 2817 παυσάσθωσαν
3122 2766 3273 2835 νόμοι
3292 2782 3304 2795 ’
3350 2767 3637 2837 ἐπικρατεῖ
3663 2768 3770 2839 γὰρ

2188 2857 2221 2927 ὴ
2250 2856 2558 2927 εἱμαρμένη
2597 2855 2798 2926 μοιχῶν
2827 2871 2887 2907 τε
2927 2856 3020 2908 καὶ
3053 2855 3247 2908 ἄλλων.
3283 2858 3450 2928 Δίκην
3485 2858 3540 2911 δὲ
3570 2859 3771 2929 μᾶλλον

2186 2948 2423 3000 τίσουσιν
2471 2948 2519 2999 οἱ
2581 2945 2825 3016 ἀνάγκην
2876 2947 3209 3011 ἐπιτιθέντες
3274 2951 3503 3021 ἀστέρες
3558 2952 3700 3023 ἥπερ
3742 2954 3768 3005 ὁ

2186 3039 2627 3108 ἀναγκαζόμενος
2684 3038 2879 3109 δρᾶσαι
2927 3038 2988 3091 τὸ
3038 3040 3390 3111 ἐπιχείρημα.
3463 3042 3621 3095 Ἀλλὰ
3677 3044 3767 3096 καὶ

2190 3131 2363 3194 ἄλλως
2391 3131 2470 3182 ἔτι
2501 3131 2624 3201 περὶ
2657 3129 2861 3183 τούτων
2894 3130 3023 3204 ἐρῶ.
3077 3131 3442 3201 Ἀργείτωσαν
3470 3136 3525 3185 αἱ
3561 3135 3764 3205 διατρι-

2190 3221 2303 3284 ϐαὶ,
2327 3222 2722 3277 παυσάσθωσαν
2749 3224 2996 3292 σοφισταί
3017 3240 3075 3276 τε
3096 3224 3187 3276 καὶ
3220 3224 3447 3295 ῥήτορες
3469 3225 3562 3279 καὶ
3587 3243 3765 3297 γραμο

2193 3318 2429 3389 ματικοὶ,
2473 3319 2644 3391 ἰατροί
2669 3336 2728 3370 τε
2750 3319 2842 3371 καὶ
2866 3317 3021 3372 ἄλλαι
3050 3318 3369 3388 ἐπιστῆμαι,
3398 3317 3680 3388 βαναύσων
3707 3337 3765 3373 τε

2187 3411 2389 3481 τεχνῶν
2416 3410 2709 3482 ἀμυθήτων
2759 3410 2981 3481 πλῆθος.
3029 3410 3140 3463 Καὶ
3180 3409 3379 3478 μηκέτι
3422 3410 3608 3480 μηδεὶς
3636 3428 3763 3463 παι-

2186 3503 2407 3567 δευέτω,
2440 3503 2598 3575 εἴπερ
2629 3503 2689 3567 ἐξ
2731 3502 3071 3573 εἱμαρμένης
3104 3502 3359 3572 τυγχάνει
3399 3502 3505 3555 τῶν
3537 3504 3765 3575 ἐπιστη-

2190 3596 2327 3667 μῶν,
2359 3596 2453 3649 καὶ
2485 3596 2558 3666 μὴ
2617 3596 2683 3648 ὲκ
2731 3594 3075 3665 γραμμάτων
3116 3594 3403 3666 μαθήσεως
3443 3596 3471 3647 ὀ
3499 3595 3764 3666 πορισμὸς

2185 3691 2252 3759 τῇ
2287 3687 2601 3758 ἀνθρωπεία
2629 3686 2807 3755 φύσει.
2845 3688 2908 3740 Εἰ
2943 3686 3052 3758 γὰρ
3097 3687 3407 3759 εἱμαρμένη
3441 3687 3532 3740 τὸν
3562 3706 3763 3740 πεπαι-

2184 3779 2443 3851 δευμένον
2484 3780 2577 3833 καὶ
2619 3779 2944 3847 λογιώτατον
2994 3778 3395 3851 παρεσκεύασε,
3439 3779 3511 3849 μὴ
3555 3779 3763 3848 μανθα-

2185 3871 2323 3925 νέτω
2345 3889 2426 3935 τις
2458 3870 2608 3943 παρὰ
2640 3869 2734 3924 τοῦ
2761 3872 3100 3934 διδάσκοντος
3121 3889 3132 3900 ·
3159 3871 3294 3925 ἀλλὰ
3320 3873 3385 3942 τῇ
3418 3872 3575 3941 φύσει
3623 3871 3761 3940 λαμ-

2185 3963 2496 4017 ϐανέτωσαν
2536 3963 2634 4034 τὴν
2676 3962 2878 4034 εἴδησιν
2926 3965 2983 4016 αἱ
3037 3965 3163 4026 τοὺς
3224 3964 3410 4034 μίτους
3459 3964 3761 4018 κλώθουοαι

2182 4054 2406 4124 Μοῖραι,
2434 4053 2574 4106 κατὰ
2605 4053 2667 4105 τὸ
2694 4052 2912 4123 φθέγμα
2938 4052 3038 4123 τῆς
3078 4052 3400 4124 κομπώδους
3445 4070 3535 4105 σου
3560 4052 3645 4105 διὰ
3673 4054 3760 4107 M-

2183 4160 2293 4197 νων
2321 4145 2547 4216 πλάνης.

2743 4453 3191 4517 ΠΛΑΤΩΝΙΚΟΙ,

2185 4542 2439 4611 Τετάρτῃ
2482 4544 2713 4613 αἵρεσις
2748 4545 2867 4617 ἀπὸ
2929 4546 3357 4613 Ἑλληνισμοῦ,
3399 4547 3538 4615 ἕκτη
3574 4547 3641 4599 δὲ
3681 4547 3753 4617 τῇ

2790 4616 3135 4682 ἀκολουθίᾳ.

2264 4726 2423 4780 Ἀλλὰ
2450 4725 2625 4780 ταῦτα
2668 4727 2803 4798 πρὸς
2833 4729 3055 4799 Ζήνωνα
3085 4727 3179 4780 καὶ
3204 4727 3329 4790 τοὺς
3358 4727 3628 4790 Στωϊκούς
3665 4745 3753 4797 μοι

2177 4817 2428 4889 λελέχθω.
2452 4818 2674 4871 Πλάτων
2702 4818 2759 4871 δὲ
2806 4819 2922 4888 ἅμα
2958 4820 3053 4871 καὶ
3087 4817 3247 4881 αὐτὸς
3276 4819 3418 4871 κατὰ
3438 4818 3546 4871 τῶν
3574 4820 3753 4872 αὐτῶν

2177 4910 2576 4982 φερόμενος,τῇ
2608 4909 3223 4980 μετενσωματώσειμθ)
3260 4910 3356 4964 καὶ
3389 4913 3752 4983 μεταγγισμῷ

2174 5000 2283 5055 τῶν
2314 5001 2519 5072 ψυχῶν,
2549 5003 2644 5055 καὶ
2688 5001 2998 5065 πολυθεῒαις
3038 5003 3131 5055 καὶ
3168 5005 3287 5064 ταῖς
3326 5002 3516 5067 ἄλλαις
3540 5004 3745 5058 εἱδωλοο

2176 5087 2451 5160 λατρείαις
2483 5090 2579 5145 καὶ
2623 5090 3082 5161 δεισιδαιμονίαις,
3112 5092 3172 5144 ού
3194 5095 3258 5162 τῇ
3288 5091 3388 5165 ὕλῃ
3416 5094 3594 5165 πάντη
3626 5096 3752 5159 ἴσως

2178 5183 2317 5236 κατὰ
2346 5185 2569 5255 Ζήνωνα
2589 5185 2682 5237 καὶ
2710 5186 2833 5247 τοὺς
2849 5186 3117 5248 Στωϊκοὺς
3143 5186 3464 5256 ἐφρόνησεν.
3496 5184 3617 5242 Οἵδε
3645 5190 3752 5259 γὰρ

2179 5274 2340 5338 αὐτὸς
2372 5275 2524 5338 Θεὸν,
2549 5276 2615 5329 τά
2642 5276 2698 5329 δὲ
2724 5277 2989 5346 γενόμενα
3020 5277 3194 5331 πάντα
3216 5280 3279 5330 ἐκ
3303 5279 3398 5332 τοῦ
3432 5279 3584 5341 ὄντος
3615 5279 3750 5332 Θεοῦ

2162 5576 2502 5660 Θεοῦ-φησιν.
2520 5582 2708 5647 οὐσίας
2723 5580 2899 5660 Δεἶναι.
2929 5586 3046 5640 Νῦν
3073 5588 3129 5660 δὲ.
3152 5586 3325 5660 οὕτως
3352 5590 3626 5660 ἀμέτρως,
3654 5593 3747 5643 καὶ

2160 5648 2616 5730 άσερῶςλεπάρας
2646 5654 2766 5724 μεθ’
2796 5656 2993 5730 έτέρας
3026 5648 3344 5730 καθυϐρίζει
3373 5648 3542 5730 πάλιν
3578 5648 3747 5730 ὑπερε-

2160 5717 2341 5797 6ολῆς,
2374 5721 2454 5797 εἰς
2481 5717 2715 5797 χοίρους,
2744 5728 2836 5780 καὶ
2859 5717 3012 5791 ὅνους
3033 5717 3288 5797 εἰσάγων,
3316 5731 3408 5782 καὶ
3430 5730 3497 5784 τά
3521 5729 3600 5783 ἔτι
3622 5717 3740 5785 τοῦ·

2162 5805 2269 5842 των
2295 5790 2589 5863 ἀτιμότερα
2619 5793 2753 5858 ζῶα.
2993 5790 3003 5791 ί
3168 5790 3179 5797 ⁷
3275 5790 3283 5795 ⁷
3546 5821 3550 5823 Α
