4204 6370
505 433 613 490 205

1131 434 1503 492 ADVERSUS
1540 435 1885 492 HERESES
1922 438 2050 495 LIB.
2095 440 2137 495 1.
2167 439 2333 497 TOM.
2377 441 2417 495 I.
2474 474 2540 483 —
2584 444 2856 501 HJERES.
2899 445 3129 502 Vl-vtll.

3665 436 3770 502 206

504 541 833 612 γεγενῆσθαι
859 542 1032 614 (τινὰς
1066 543 1365 615 δυνάμεις)·
1393 542 1533 599 εἶναι
1557 546 1612 599 δὲ
1641 547 1855 618 πρῶτον
1896 550 2065 603 αἴτιον

2195 561 2407 609 etenim
2439 556 2606 612 Deum
2656 576 2746 615 me
2775 564 3053 631 cognovit,
3099 564 3168 618 ab
3202 577 3376 631 eoque
3412 570 3607 618 cuncta
3645 581 3771 634 pro-

504 634 600 687 καὶ
636 633 903 705 δεύτερςν,
929 636 1023 688 καὶ
1049 634 1254 706 τρίτον.
1287 637 1398 689 Καὶ
1438 637 1498 690 τὸ
1530 638 1629 709 μὲν
1662 640 1877 710 πρῶτον
1917 643 2090 696 αἴτιον

503 724 656 789 Θεὸν,
684 724 743 777 τὸ
774 720 831 777 δὲ
863 724 1112 798 δεύτερον
1141 727 1311 782 αἴτιον
1341 729 1405 781 ὲκ
1428 728 1562 782 Θεοῦ
1588 732 1919 801 γεγενῆσθαί
1938 751 2089 798 τινας

501 815 780 885 δυνάμεις,
801 818 870 869 δι’
900 817 1065 870 αὑτοῦ
1103 818 1161 870 δὲ
1192 818 1284 872 καὶ
1312 820 1421 872 τῶν
1451 820 1733 891 δυνάμεων
1759 825 2087 896 γεγενῆσθαι

499 908 597 979 τὴν
625 908 774 979 ὓλην.
805 908 1007 963 Φάσκει
1042 911 1150 982 γὰρ
1175 910 1347 976 οὕτως
1373 930 1385 943 ·
1429 931 1448 963 ι
1492 914 1733 984 Οὐρανὸς
1768 916 1885 986 ἅμα
1910 918 2087 990 χρόνῳ

497 1000 828 1070 γεγένητιπιι⁸
862 1001 997 1072 ὁμοῦ
1039 1002 1147 1072 γὰρ
1190 1004 1282 1056 καὶ
1320 1003 1645 1075 λυθήσεται·
1681 1025 1699 1058 ι
1734 1005 1804 1060 τὰ
1841 1009 2082 1081 πρότερα

499 1092 694 1144 ἑαυτοῦ
741 1093 808 1145 τὰ
865 1096 994 1166 περὶ
1046 1086 1180 1165 ὕλης
1205 1097 1602 1160 ἀνασκευάσας.
1640 1094 1774 1152 Εἷπε
1816 1101 1924 1172 γάρ
1952 1119 2082 1155 ποτε

498 1181 593 1233 καὶ
623 1181 918 1253 σύγχρονω
960 1178 1200 1255 εἶναιτῷ
1237 1178 1355 1256 Θεῷ
1382 1186 1480 1257 τὴν
1519 1187 1671 1259 ὓλην.

2192 645 2378 713 ducta,
2417 656 2533 703 tum
2568 661 2779 708 mentes
2809 654 3073 723 quasdam
3109 657 3301 726 agendi
3338 656 3599 711 facultate
3627 672 3771 727 pra:-

2191 738 2334 793 ditas
2386 755 2417 793 a
2474 757 2603 796 vero
2647 736 2759 799 Deo
2811 756 3138 817 propagatas
3181 748 3442 802 asseruit.
3500 746 3769 803 Praeterea

2190 830 2428 898 primum
2454 847 2579 888 esse
2602 836 2955 905 principium,
2988 853 3050 891 ac
3075 839 3400 905 secundum,
3430 848 3484 894 et
3522 842 3766 895 tertium.

2190 919 2431 986 Quorum
2478 926 2715 993 primum
2758 927 2927 982 Deum
2972 946 3093 985 esse
3134 931 3474 1001 pronuntiat.
3520 926 3766 987 Alterum

2189 1028 2505 1087 procreatas
2535 1037 2565 1076 a
2603 1022 2714 1079 Deo
2747 1036 2958 1083 mentes
2986 1030 3093 1082 :ah
3125 1030 3375 1098 utrisque
3405 1028 3623 1083 demum
3650 1042 3768 1079 ma-

2189 1110 2381 1164 teriam
2426 1114 2770 1182 productam.
2822 1116 2914 1172 Sic
2943 1120 3087 1174 enim
3130 1120 3319 1175 deﬁnit
3346 1119 3587 1173 :leum
3639 1131 3763 1169 cuni

2189 1206 2435 1272 tempore
2482 1203 2683 1259 factum
2717 1223 2862 1273 esse,
2911 1225 3129 1279 unaque
3173 1226 3295 1265 cum
3328 1225 3394 1263 eo
3433 1207 3762 1263 dissolutum

499 1270 587 1324 iri.
638 1274 848 1339 Quibus
886 1278 1068 1332 verbis
1100 1278 1337 1346 priorem
1368 1294 1525 1333 suam
1572 1281 1639 1337 de
1684 1285 1916 1338 materia
1966 1270 2554 1353 sententiam'evertit.
2602 1298 2754 1357 Alias
2812 1270 2957 1357 enim
2994 1270 3280 1358 materiam
3339 1301 3449 1357 Deo
3500 1300 3763 1372 atqualem

498 1378 619 1419 esse
641 1373 883 1436 tempore
915 1376 1202 1424 statuerat.

1050 1484 1507 1542 ΠΥΘΑΓΟΡΕΙΟΙ
1518 1528 1533 1554 ,

497 1576 742 1646 Πέμπτη
770 1578 1000 1645 αἵρεσιρ
1024 1577 1149 1703 ἀπὲ
1188 1578 1592 1703 ’ᾖλλγῦἴισμοῦ
1612 1622 1627 1646 ,
1655 1583 1872 1653 ἑϐδόμη
1907 1586 1975 1639 δὲ
2004 1588 2079 1657 τῇ

1151 1665 1222 1700 κο
1269 1667 1339 1702 ου
1403 1668 1459 1703 a.

1105 1665 1459 1721 μκολουυιᾳ.

567 1739 682 1810 Πρὸ
707 1738 764 1792 δὲ
787 1756 978 1791 τουτου
1020 1738 1345 1811 Πυθαγόρας
1374 1741 1485 1811 (50)
1512 1745 1606 1797 καὶ
1631 1745 1681 1796 οἱ
1716 1746 2082 1817 Περιπατητι-

2535 1507 2815 1563 CONTRA
2852 1509 3362 1567 PYTHAGOREOS
3388 1553 3402 1576 ,

2328 1594 2460 1661 Qua:
2487 1607 2564 1652 est
2593 1601 2869 1669 gentilium
2895 1601 3114 1656 hwrest‘s
3147 1602 3212 1667 V,
3254 1602 3436 1656 ordine
3485 1601 3614 1658 VH.

2258 1752 2365 1808 Sed
2403 1763 2529 1809 ante
2570 1756 2717 1810 hunc
2746 1755 3103 1829 Pythagoras,
3144 1773 3210 1812 ac
3245 1756 3596 1829 Peripatetici
3633 1773 3758 1813 cum

499 1831 605 1895 xo't,
634 1830 1097 1901 ἐπαγγελλόμενοι
1127 1834 1553 1904 χαρακτηρίζειν
1582 1834 1676 1887 ἕνα
1690 1836 1843 1900 Θεὸν,
1869 1837 2065 1907 φιλοσο

2187 1859 2246 1899 se
2272 1843 2441 1899 Deum
2472 1863 2640 1901 unum
2682 1848 2911 1905 deﬁnire
2941 1850 3328 1920 proﬁterentur
3360 1850 3414 1903 in
3457 1850 3602 1903 aliud
3637 1849 3759 1918 phi-

497 1924 647 1993 φίαις
708 1924 764 1976 δὲ
798 1922 986 1986 ἄλλαις
1040 1926 1135 1977 καὶ
1172 1927 1287 1988 τοῖς
1318 1925 1796 1999 φιλοσοφουμένοις
1842 1947 2079 2002 προσαν-

495 2014 700 2084 έχουσι.
735 2015 815 2067 Τὰ
847 2014 936 2068 ἴσα
990 2015 1089 2086 μὲν
1140 2014 1346 2081 τούτοις
1398 2017 1558 2072 πάλιν
1597 2020 1665 2074 τὰ
1695 2021 1793 2095 τῆς
1822 2022 2079 2093 ἀθεμίτου

498 2107 720 2178 γνώμης
781 2107 873 2160 καὶ
926 2108 1319 2180 ἁσεϐεστάτης,
1362 2110 1471 2162 τῶν
1512 2111 1698 2182 ψυχῶν
1746 2113 2080 2167 ἀπαθανατι-

496 2199 664 2268 σμούς
680 2216 739 2251 τε
763 2200 856 2252 καὶ
875 2199 1417 2272 μετενσωματώσεις,
1442 2204 1537 2257 καὶ
1553 2204 1821 2275 σωμάτων
1849 2205 2075 2275 φθορὰς,

495 2290 657 2353 αὑτός
680 2308 739 2343 τε
770 2292 864 2343 καὶ
895 2292 945 2344 οἱ
970 2292 1069 2346 σὺν
1096 2292 1246 2364 αὐτῷ
1273 2280 1646 2364 ἀγορεύουσιν.
1673 2280 1842 2360 Οὗτος
1864 2297 1922 2349 δὲ
1953 2300 1967 2328 ¹
1990 2298 2079 2351 τέ-

495 2392 633 2446 λειος
666 2382 725 2435 ὲν
755 2386 820 2455 τῇ
853 2385 1037 2456 Μηδίᾳ
1067 2386 1179 2454 (51)
1202 2382 1304 2439 ’τὸν
1345 2386 1455 2457 βίον
1494 2389 1878 2459 καταστρέφει.
1910 2389 2077 2461 Σῶμα

494 2475 547 2528 δὲ
579 2475 723 2544 λέγει
748 2470 887 2529 εἶναι
935 2477 1026 2529 τὸν
1055 2477 1208 2543 Θεὸν,
1244 2478 1521 2531 τουτέστιν
1557 2480 1805 2552 οὐρανόν.
1846 2481 2075 2550 Ὀφθαλ-

495 2569 628 2639 μοὺς
655 2567 711 2621 δὲ
735 2566 900 2619 αὐτοῦ
931 2570 1113 2622 καὶτὰ
1135 2569 1269 2623 ἄλλα
1302 2570 1490 2643 ὥσπερ
1516 2573 1574 2625 ἐν
1611 2572 1903 2645 ἀνθρώπῳ,
1924 2574 2075 2645 ἥλιον

494 2661 587 2714 καί
625 2658 854 2730 σελήνην
878 2662 969 2712 καὶ
1001 2662 1071 2716 τὰ
1101 2662 1236 2717 ἄλλα
1266 2661 1460 2733 ἄστρα,
1486 2664 1577 2716 καὶ
1597 2664 1667 2718 τὰ
1694 2665 1815 2718 κατ’
1846 2666 2074 2737 οὐρανὸν

492 2756 748 2824 στοιχεῖα.

1044 2958 1513 3023 ΕΠΙΚΟΥΡΕῘΟΙ,

493 3049 670 3106 "Enr
704 3053 932 3122 αἵρεσις
983 3053 1112 3122 ἀπὸ,
1142 3052 1248 3106 τοῦ
1292 3052 1721 3121 Ἑλληνισμοῦ,
1768 3052 1946 3122 ὀγδόη
2002 3053 2071 3107 δὲ

1051 3121 1125 3191 τῇ
1156 3124 1505 3188 ἀκολουθίᾳ.

2186 1940 2447 2009 losophiae
2490 1958 2683 2011 genus,
2716 1944 2932 2013 aliaque
2965 1944 3219 2013 dogmata
3249 1950 3377 1997 sunt
3403 1942 3663 2011 prolapsi.
3692 1942 3760 1994 Et

2185 2041 2296 2086 tum
2324 2034 2436 2097 ille,
2468 2042 2581 2088 tum
2613 2034 2734 2104 ejus
2756 2043 3057 2091 sectatores
3081 2035 3273 2091 eadem
3301 2050 3425 2088 cum
3456 2034 3755 2089 Platonicis

2182 2124 2471 2188 sentiunt,
2514 2125 2657 2194 quod
2705 2125 2772 2178 ad
2816 2125 3104 2181 nefandam
3157 2125 3488 2195 impiamque
3535 2135 3758 2181 sentcn-

2180 2220 2310 2270 tiam
2341 2224 2553 2285 spectat
2573 2217 2640 2271 de
2674 2218 2973 2272 mutatione
3000 2231 3310 2286 corporum,
3341 2216 3758 2285 animarumque

2180 2308 2526 2369 transitione,
2580 2323 2645 2362 ac
2689 2308 2757 2362 de
2795 2307 3112 2362 corumdem
3156 2304 3513 2376 corruptione
3553 2321 3755 2376 corpo-

2179 2413 2322 2451 rum.
2361 2398 2440 2451 Ac
2487 2398 2824 2469 Pythagoras
2878 2398 3097 2468 quidem
3149 2406 3431 2468 postremo
3486 2397 3652 2451 vitam
3697 2400 3756 2451 in

2178 2489 2354 2545 Media
2402 2490 2558 2544 ﬁniit.
2611 2490 2713 2555 Qui
2766 2491 2991 2561 insuper
3033 2490 3204 2546 Deum
3254 2506 3378 2546 esse
3427 2504 3756 2559 corporeum

2176 2581 2394 2643 asserit,
2428 2581 2679 2635 videlicet
2714 2581 2935 2634 coelum.
2980 2580 3150 2650 Cujus
3177 2581 3369 2635 oculos
3416 2587 3757 2649 ceterasque

2177 2683 2437 2745 tanquam
2462 2674 2519 2727 in
2542 2674 2762 2729 homine
2801 2683 2984 2743 partes
3020 2676 3210 2739 solem,
3237 2685 3291 2729 ct
3322 2675 3507 2728 lunam
3547 2675 3756 2729 constio

2177 2764 2299 2830 tuit,
2328 2779 2393 2819 ac
2421 2764 2664 2835 reliquas
2694 2765 2905 2831 stellas,
2941 2766 3319 2835 elementaque
3353 2766 3620 2820 coelestia.

2697 2961 2786 3015 DE
2826 2960 3185 3018 EPICUREIS
3204 3005 3220 3030 ,

2278 3053 2410 3120 Qua:
2446 3062 2524 3108 est
2560 3053 2630 3106 VI
2661 3054 2939 3125 gentilium
2978 3054 3217 3118 haeresis,
3253 3054 3436 3109 ordine
3472 3053 3638 3109 VIII.

559 3211 636 3265 A'.
673 3212 993 3285 Ἐπίκουρος
1028 3213 1082 3265 δὲ
1111 3212 1342 3283 καθεξῆς
1369 3212 1736 3284 ἁπρονοησίαν
1756 3213 1834 3285 τῷ
1881 3214 2065 3286 κόσμῳ

2245 3206 2286 3260 Ι.
2328 3205 2399 3263 Ut
2431 3222 2460 3260 a
2490 3205 2768 3277 prioribus
2795 3206 3073 3263 discedam
3101 3225 3115 3260 :
3142 3205 3414 3276 Epicurus
3445 3206 3748 3262 Providen-s

490 3305 841 3376 εἰσηγήσατο.
873 3304 963 3369 Ἐξ
991 3305 1208 3375 ἀτόμων
1230 3304 1286 3356 δὲ
1310 3304 1635 3357 συνεστάναι
1660 3304 1729 3357 τὰ
1758 3306 1957 3370 πάντα,
1986 3306 2072 3375 ἡδ’

487 3392 557 3452 αὖ
587 3397 748 3450 πάλιν
803 3398 883 3461 εἰς
935 3398 1113 3467 ἄτομα
1158 3399 1375 3468 χωρεῖν.
1420 3397 1531 3449 Καὶ
1574 3397 1632 3461 ἐξ
1660 3398 2069 3470 αὑτοματισμοῦ

488 3486 625 3542 εἶναι
653 3489 722 3542 τὰ
748 3489 867 3552 ὅλα,
902 3489 996 3541 καὶ
1035 3488 1125 3540 τὸν
1176 3489 1379 3558 κόσμον
1423 3489 1719 3557 ὑφεστάναι
1755 3491 1843 3544 ἀεὶ
1873 3491 2071 3559 γεννώ-

490 3597 587 3651 σης
613 3581 706 3650 τῆς
742 3579 977 3648 φύσεως,
1009 3573 1172 3648 ὴδάὖ
1208 3579 1369 3631 πάλιν
1398 3580 1815 3651 δαπανωμένης,
1860 3583 1955 3636 καὶ
2009 3581 2069 3647 ἐξ

484 3674 655 3743 αὐτῆς
678 3673 839 3726 πάλιν
866 3672 1281 3743 δαπανωμένης,
1324 3673 1419 3726 καὶ
1447 3672 1505 3737 ἐξ
1544 3674 1712 3744 αὐτῆς
1751 3674 1910 3728 πάλιν
1945 3677 2066 3728 ἐπι-

487 3764 797 3834 γινομένης,
856 3764 1125 3834 μηδέποτε
1157 3764 1213 3817 δὲ
1238 3763 1512 3835 ληγούσης
1531 3766 1621 3832 ἀφ’
1647 3765 1851 3836 ἑαυτῆς
1873 3768 2067 3837 φυομέ-

488 3874 602 3926 νης,
626 3856 721 3907 καὶ
748 3858 828 3918 εἰς
858 3853 1055 3925 ἑαυτὴν
1076 3854 1519 3925 συντριϐομένης.
1546 3850 1699 3908 Εἶναι
1721 3855 1778 3907 δὲ
1805 3856 1863 3921 ἐξ
1891 3857 2067 3927 ὑπαρ-

487 3946 588 4017 χῆς
628 3947 739 4015 (52)
770 3944 877 3999 ὠοῦ
923 3945 1078 4016 δίκην
1117 3945 1178 3998 τὸ
1232 3944 1477 4017 σύμπαν.
1505 3946 1568 3999 τὸ
1604 3948 1662 3999 δὲ
1691 3945 1905 4018 πνεῦμα
1932 3948 2063 4018 δρα·

486 4038 800 4101 κοντοειδῶς
846 4038 975 4107 περὶ
1019 4038 1080 4089 τὸ
1125 4037 1250 4100 ὠὸν,
1283 4037 1359 4101 ὡς
1391 4037 1675 4107 στέφανον,
1709 4037 1740 4107 ἢ
1778 4038 1852 4100 ὡς
1888 4037 2062 4108 ζώνην

482 4129 862 4200 περισφίγγειν
908 4128 1027 4180 τότε
1076 4127 1173 4198 τὴν
1214 4126 1397 4196 φύσιν.
1448 4127 1692 4197 Θελῆσαν
1737 4128 1794 4180 δὲ
1844 4128 2063 4198 βιασμῷ

478 4238 588 4272 τινι
643 4219 821 4291 καιρῷ
860 4220 1260 4290 περισσοτέρως
1310 4218 1533 4288 σφίγξαι
1562 4219 1660 4290 τὴν
1694 4221 1874 4273 πᾶσαν
1905 4218 2058 4289 ὓλην,

476 4310 582 4363 εἴτ’
637 4307 728 4380 οὖν
779 4311 940 4380 φύσιν
972 4310 1080 4363 τῶν
1134 4310 1371 4375 πάντων,
1403 4310 1545 4363 οὕτω
1596 4310 1812 4381 διχάσαι
1854 4311 1953 4381 μὲν
1991 4310 2063 4364 τὰ

468 4402 612 4454 ’ὄντα
671 4402 749 4464 εἰς
780 4401 848 4455 τὰ
894 4401 986 4454 δύο
1038 4402 1394 4472 ήμισφαίρια,
1441 4401 1534 4454 καὶ
1564 4401 1748 4456 λοιπὸν
1775 4404 1839 4455 ὲκ
1867 4402 2057 4456 τούτου

470 4490 548 4543 τὰ
602 4490 778 4561 ἄτομα
836 4490 1232 4561 διακεκρίσθαι.
1291 4491 1376 4544 Τὰ
1433 4491 1533 4562 μὲν
1583 4490 1692 4563 γὰρ
1738 4492 1915 4562 κοῦφα
1965 4494 2058 4547 καὶ

2174 3303 2305 3355 tiam
2346 3317 2376 3356 e
2408 3301 2613 3356 mundo
2664 3301 2907 3356 sustulit.
2940 3299 3084 3354 Idem
3134 3315 3200 3353 ex
3245 3300 3444 3354 atomis
3491 3301 3753 3355 universa

2173 3398 2449 3453 constare,
2481 3397 2645 3458 atque
2675 3389 2731 3443 in
2761 3396 2975 3443 atomos
3008 3387 3207 3443 resolvi
3230 3387 3485 3443 credidit.
3518 3387 3598 3441 Ad
3634 3389 3752 3443 haec

2172 3483 2399 3537 fortuito
2432 3481 2533 3551 15
2558 3482 2673 3536 ﬁeri
2722 3480 2945 3546 omnia;
3002 3481 3374 3550 mundumque
3417 3481 3749 3543 consistere,

2174 3585 2469 3645 generante
2505 3582 2723 3639 natura,
2759 3581 3131 3643 pereunteque
3154 3581 3449 3643 perpetuo;
3478 3568 3608 3627 dum
3632 3587 3749 3626 rura

2171 3680 2267 3720 sus
2310 3680 2377 3719 ex
2431 3664 2726 3733 semetipsa
2774 3660 3118 3727 renascitur,
3174 3678 3239 3717 ac
3284 3662 3495 3717 nullum
3549 3678 3749 3733 propa-

2169 3755 2331 3826 gandi
2376 3756 2485 3818 sui,
2534 3754 2933 3824 occidendique
2974 3758 3136 3809 ﬁnem
3171 3755 3318 3808 facit.
3367 3751 3565 3809 Fuisse
3610 3769 3749 3824 praes

2168 3855 2319 3901 terea
2348 3847 2437 3901 ovi
2473 3848 2647 3900 instar
2676 3847 3091 3902 universitatem
3140 3861 3377 3908 omnem,
3407 3846 3557 3900 circa
3600 3846 3747 3916 quod

2164 3956 2326 3994 ovum
2359 3940 2601 3995 sinuosis
2632 3938 2863 3995 ﬂexibus
2902 3939 3239 4008 implicatum
3277 3938 3553 4006 serpentis
3592 3952 3747 3992 more

2165 4032 2456 4101 spiritum,
2517 4032 2665 4085 velut
2731 4045 2988 4085 coronam
3057 4045 3119 4083 ac
3182 4030 3498 4099 cingulum.
3570 4030 3745 4099 ipsam

2167 4123 2490 4178 astrinxisse
2533 4129 2808 4175 naturam.
2857 4119 2962 4175 Sed
2991 4120 3119 4174 dum
3146 4123 3447 4175 confertam
3486 4119 3539 4173 in
3574 4136 3744 4173 unum

2164 4216 2446 4270 materiam
2474 4215 2825 4284 universique
2857 4222 3107 4268 naturam
3133 4214 3511 4283 vehementius
3531 4225 3744 4268 arctare

2162 4310 2390 4374 nititur,
2442 4308 2676 4363 subinde
2720 4308 2917 4362 molem
2970 4321 3188 4361 omnem
3245 4306 3298 4359 in
3358 4306 3743 4375 hemisphaeria

2161 4402 2270 4455 duo
2314 4415 2620 4471 separasse,
2656 4399 3007 4467 indidemque
3049 4397 3463 4451 indivisibilium
3512 4410 3744 4465 corpus-

2163 4494 2411 4546 culorum
2441 4495 2815 4545 cxcretionem
2839 4505 2962 4544 esse
2997 4488 3196 4543 factam
3225 4506 3239 4554 ;
3282 4486 3416 4542 adeo
3445 4495 3503 4541 ut
3534 4489 3742 4542 levaora

468 4557 779 4651 λεπτότερα
833 4582 934 4650 τῆς
998 4557 1212 4649 (ῥύσεως
1282 4557 1463 4654 πάσης
1522 4557 1865 4639 ἐπιπολάσαι,
1907 4587 2052 4651 ἄνω,

2173 4582 2562 4651 subtilioraque
2640 4596 2862 4635 sursum
2932 4581 3250 4645 evolarent,
3313 4579 3573 4633 nimirum
3626 4579 3737 4644 lux,

465 4674 723 4727 τουτέστι
744 4674 860 4745 φῶς
885 4676 979 4728 καὶ
1005 4674 1200 4746 αἰθέρα
1234 4675 1325 4728 καὶ
1347 4675 1405 4728 τὸ
1428 4676 1753 4730 λεπτότατον
1783 4677 1877 4730 τοῦ
1894 4678 2056 4731 πνεύ-

466 4760 648 4838 ματος
669 4783 682 4796 ·
710 4767 777 4820 τὰ
799 4767 855 4819 δὲ
897 4766 1172 4840 βαρύτατα
1200 4767 1297 4820 καὶ
1339 4767 1657 4838 σκυϐαλώδη
1697 4769 1847 4822 κάτω
1875 4787 2054 4823 νενευ-

460 4858 650 4920 κέναι,
680 4859 923 4912 τουτέστι
953 4859 1078 4929 γῆν,
1111 4860 1247 4931 ὅπερ
1283 4859 1399 4911 ἐστὶ
1426 4859 1487 4912 τὸ
1512 4860 1696 4931 ξηρὸν,
1733 4862 1880 4932 καὶὴ
1911 4863 2055 4934 ὑγρὰ

455 4948 584 5000 τῶν
616 4949 822 5002 ὑδάτων
850 4951 1027 5002 οὐσία.
1069 4949 1150 5002 Τὰ
1183 4949 1239 5001 δὲ
1276 4949 1372 5003 ὅλα
1402 4950 1493 5018 ἀφ’
1520 4950 1728 5004 ἑαυτῶν
1765 4952 2051 5010 κινεῖσθαι.

452 5041 567 5094 καὶ
591 5040 658 5091 δι’
692 5039 898 5093 ἑαυτῶν
950 5042 1008 5093 ἐν
1034 5042 1100 5112 τῇ
1124 5040 1456 5111 περιδινήσει
1487 5041 1581 5093 τοῦ
1626 5042 1788 5094 πόλου
1816 5044 1910 5096 καὶ
1945 5044 2053 5096 τῶν

545 5198 563 5228 ¹
595 5194 757 5251 Forte
783 5197 1001 5262 τελέως.

534 5353 660 5424 (50)
699 5352 820 5427 Πρρ
844 5354 912 5407 δὲ
938 5355 1155 5410 τούτου
1184 5356 1547 5426 Πυθαγόρας.
1591 5356 1790 5411 Verum
1826 5364 1909 5411 est
1942 5356 2045 5427 Py-

441 5423 755 5495 thagoram
790 5423 1013 5480 Platone
1045 5423 1382 5495 superiorem
1414 5423 1603 5489 fuisse,
1637 5429 1703 5481 de
1726 5423 2047 5495 Peripateiié

436 5499 539 5551 cis
580 5494 902 5549 absurdum.
932 5496 1082 5561 Quos
1116 5494 1409 5566 perperam
1457 5513 1590 5551 sane
1619 5512 1744 5550 cum
1772 5494 2045 5567 Pythago-

439 5567 577 5636 reis
613 5568 953 5619 commiscet.
975 5566 1227 5636 Quinque
1248 5569 1392 5620 enim
1425 5578 1602 5621 sectas
1630 5570 2043 5631 commemorat,

436 5635 807 5707 Stoicorum,
832 5635 1261 5707 Platonicorum,
1286 5637 1773 5707 Pythagoreorum,
1798 5638 1913 5690 sive
1942 5636 2044 5691 ΡΟ·-

433 5705 904 5776 ripateticorum,
931 5716 993 5776 et
1023 5705 1437 5776 Epicureorum.
1467 5705 1548 5761 Ad
1584 5708 1697 5760 haec
1729 5707 2045 5776 Peripateti-

430 5774 553 5847 ϐόε
593 5774 708 5847 τὴν
737 5774 1156 5847 μετεμψύχωσιν
1186 5792 1560 5847 propugnasse
1597 5774 1889 5831 ridiculum
1921 5784 2037 5841 est;

427 5856 499 5907 et
532 5843 666 5901 hoc‘
686 5843 1339 5916 Pythagoraitigmentum
1360 5843 1534 5905 reiicit
1560 5848 1879 5903 Aristoteles
1901 5847 1995 5901 lib.
2020 5864 2035 5900 ι

2161 4675 2371 4738 mther,
2422 4682 2477 4728 et
2529 4674 2673 4743 quod
2720 4681 2837 4728 erat
2882 4672 3107 4743 spiritus
3152 4671 3537 4726 tenuissimum
3569 4699 3583 4726 ε
3619 4687 3741 4742 quae

2161 4783 2293 4823 vero
2336 4768 2606 4838 graviora,
2662 4781 2726 4820 ac
2757 4767 2922 4822 veluti
2964 4773 3321 4837 purgamenta
3366 4766 3564 4828 forent,
3610 4781 3738 4835 pes-

2163 4876 2282 4915 sum
2325 4860 2700 4919 subsiderent;
2754 4859 3059 4927 cujusmodi
3096 4866 3345 4920 terram;
3376 4859 3491 4913 sive
3530 4859 3737 4911 siccum

2163 4954 2365 5019 ipsum,
2403 4960 2457 5006 et
2497 4967 2764 5021 aquarum
2800 4950 3078 5005 humidam
3127 4959 3377 5005 naturam
3404 4950 3591 5004 fuisse.
3626 4949 3735 5003 Λιι-

2162 5046 2240 5098 dit
2268 5058 2363 5115 per
2388 5058 2507 5098 sese
2533 5042 2789 5097 universa
2828 5042 3057 5104 moveri,
3084 5056 3147 5095 ac
3180 5042 3427 5111 polorum
3463 5041 3736 5095 siderum‘

2163 5356 2233 5410 De
2264 5360 2466 5417 anima,
2495 5372 2544 5411 c.
2576 5357 2630 5409 ’5.

2226 5429 2335 5496 (51)
2380 5427 2567 5492 Οὗτος
2599 5425 2666 5478 δὲ
2694 5424 2919 5489 τέλειος
2965 5424 3034 5478 ἐν
3076 5424 3151 5493 τῇ
3199 5420 3418 5496 Μηδίᾳ.
3460 5421 3516 5476 1η
3559 5422 3732 5496 Media

2153 5492 2516 5570 Pythagoram
2538 5498 2743 5570 obiisse
2766 5496 2969 5570 nemini
3002 5510 3241 5570 unquam
3277 5492 3731 5570 audituln:_Scri-

2157 5561 2391 5623 bendiﬁn
2424 5572 2481 5621 ὲν
2508 5570 2598 5637 τῇᾼ
2618 5565 2835 5633 Ἰταλίᾳ.
2869 5561 3115 5618 Mortuus
3145 5565 3291 5617 enim
3329 5572 3415 5617 est
3446 5564 3500 5616 in
3532 5561 3728 5633 Magna

2154 5638 2383 5692 Cra-cia.
2419 5635 2880 5691 Vide’[.aertium.

2226 5710 2334 5779 (52)
2374 5706 2544 5762 Εἶναι
2570 5705 2637 5757 δὲ
2666 5704 2733 5779 ἐξ
2764 5704 3063 5779 ὑπαρχῆς.
3107 5703 3241 5758 Vide
3286 5701 3587 5779 Diodorum
3639 5702 3729 5757 Si“

2151 5774 2354 5833 culum.
2387 5780 2483 5834 lib.
2517 5792 2556 5843 ι,
2589 5784 2642 5831 et
2675 5774 2874 5831 Euseb.
2906 5779 3253 5843 Ιιροετηρασ.
3295 5774 3390 5827 lib.
3420 5790 3455 5828 ι.
