  <div class='ocr_page' id='page_1' title='image "/cluster/home/n/w/nwhite01/storage/ocr_20150623/41/nnc1.0046978747/131.png"; bbox 0 0 4204 6370; ppageno 0'>
   <div class='ocr_carea' id='block_1_1' title="bbox 470 431 577 484">
    <p class='ocr_par' dir='ltr' id='par_1_1' title="bbox 470 431 577 484">
     <span class='ocr_line' id='line_1_1' title="bbox 470 431 577 484; baseline 0 0"><span class='ocrx_word' id='word_1_1' title='bbox 470 431 577 484; x_wconf 78' lang='grc'><strong>207</strong></span> 
     </span>
    </p>
   </div>
   <div class='ocr_carea' id='block_1_2' title="bbox 1885 424 2333 481">
    <p class='ocr_par' dir='ltr' id='par_1_2' title="bbox 1885 424 2333 481">
     <span class='ocr_line' id='line_1_2' title="bbox 1885 424 2333 481; baseline 0.002 -3"><span class='ocrx_word' id='word_1_2' title='bbox 1885 427 1942 481; x_wconf 78' lang='lat' dir='ltr'><strong>S.</strong></span> <span class='ocrx_word' id='word_1_3' title='bbox 1985 424 2333 479; x_wconf 82' lang='lat' dir='ltr'><strong>EPlPHANll</strong></span> 
     </span>
    </p>
   </div>
   <div class='ocr_carea' id='block_1_3' title="bbox 3630 438 3734 494">
    <p class='ocr_par' dir='ltr' id='par_1_3' title="bbox 3630 438 3734 494">
     <span class='ocr_line' id='line_1_3' title="bbox 3630 438 3734 494; baseline 0.029 -3"><span class='ocrx_word' id='word_1_4' title='bbox 3630 438 3734 494; x_wconf 66' lang='grc' dir='ltr'><strong>ἓ(ὶὸ</strong></span> 
     </span>
    </p>
   </div>
   <div class='ocr_carea' id='block_1_4' title="bbox 469 544 2045 625">
    <p class='ocr_par' dir='ltr' id='par_1_4' title="bbox 469 546 2045 625">
     <span class='ocr_line' id='line_1_4' title="bbox 469 546 2045 625; baseline -0.005 -16"><span class='ocrx_word' id='word_1_5' title='bbox 469 569 579 625; x_wconf 89' lang='lat' dir='ltr'><strong>que</strong></span> <span class='ocrx_word' id='word_1_6' title='bbox 616 550 881 623; x_wconf 74' lang='lat' dir='ltr'><strong>vertigine</strong></span> <span class='ocrx_word' id='word_1_7' title='bbox 921 549 1120 620; x_wconf 81' lang='lat' dir='ltr'><strong>raptim</strong></span> <span class='ocrx_word' id='word_1_8' title='bbox 1166 548 1316 603; x_wconf 89' lang='lat' dir='ltr'><strong>velut</strong></span> <span class='ocrx_word' id='word_1_9' title='bbox 1356 546 1582 602; x_wconf 87' lang='lat' dir='ltr'><strong>ﬂexuosi</strong></span> <span class='ocrx_word' id='word_1_10' title='bbox 1627 546 1772 601; x_wconf 91' lang='lat' dir='ltr'><strong>illius</strong></span> <span class='ocrx_word' id='word_1_11' title='bbox 1826 547 2045 617; x_wconf 85' lang='lat' dir='ltr'><strong>spiritus</strong></span> 
     </span>
    </p>
   </div>
   <div class='ocr_carea' id='block_1_5' title="bbox 2144 544 3733 625">
    <p class='ocr_par' dir='ltr' id='par_1_5' title="bbox 2155 544 3733 619">
     <span class='ocr_line' id='line_1_5' title="bbox 2155 544 3733 619; baseline 0.008 -21"><span class='ocrx_word' id='word_1_12' title='bbox 2155 546 2369 615; x_wconf 82' lang='grc' dir='ltr'><strong>ἄστρων</strong></span> <span class='ocrx_word' id='word_1_13' title='bbox 2418 544 2493 611; x_wconf 86' lang='grc' dir='ltr'>ὡς</span> <span class='ocrx_word' id='word_1_14' title='bbox 2534 546 2643 599; x_wconf 85' lang='grc' dir='ltr'>ἀπὸ</span> <span class='ocrx_word' id='word_1_15' title='bbox 2696 546 2788 599; x_wconf 89' lang='grc' dir='ltr'><strong>τοῦ</strong></span> <span class='ocrx_word' id='word_1_16' title='bbox 2858 548 3293 619; x_wconf 83' lang='grc' dir='ltr'>δρακοντοειδοῦς</span> <span class='ocrx_word' id='word_1_17' title='bbox 3348 552 3427 604; x_wconf 76' lang='grc' dir='ltr'><strong>ἔτι</strong></span> <span class='ocrx_word' id='word_1_18' title='bbox 3460 554 3527 605; x_wconf 79' lang='grc' dir='ltr'><strong>τὰ</strong></span> <span class='ocrx_word' id='word_1_19' title='bbox 3558 556 3733 610; x_wconf 84' lang='grc' dir='ltr'>πάντα</span> 
     </span>
    </p>
   </div>
   <div class='ocr_carea' id='block_1_6' title="bbox 476 640 2048 716">
    <p class='ocr_par' dir='ltr' id='par_1_6' title="bbox 476 640 2048 716">
     <span class='ocr_line' id='line_1_6' title="bbox 476 640 2048 716; baseline -0.003 -17"><span class='ocrx_word' id='word_1_20' title='bbox 476 646 775 716; x_wconf 92' lang='lat' dir='ltr'><strong>agitatione</strong></span> <span class='ocrx_word' id='word_1_21' title='bbox 807 642 1031 712; x_wconf 85' lang='lat' dir='ltr'><strong>corripi.</strong></span> <span class='ocrx_word' id='word_1_22' title='bbox 1068 640 1194 697; x_wconf 82' lang='lat' dir='ltr'><strong>Hac</strong></span> <span class='ocrx_word' id='word_1_23' title='bbox 1222 656 1323 695; x_wconf 91' lang='lat' dir='ltr'><strong>nos</strong></span> <span class='ocrx_word' id='word_1_24' title='bbox 1356 640 1423 696; x_wconf 92' lang='lat' dir='ltr'><strong>de</strong></span> <span class='ocrx_word' id='word_1_25' title='bbox 1450 643 1677 695; x_wconf 89' lang='lat' dir='ltr'><strong>istorum</strong></span> <span class='ocrx_word' id='word_1_26' title='bbox 1699 640 2048 711; x_wconf 78' lang='lat' dir='ltr'><strong>dogmatibus</strong></span> 
     </span>
    </p>
   </div>
   <div class='ocr_carea' id='block_1_7' title="bbox 470 733 1269 804">
    <p class='ocr_par' dir='ltr' id='par_1_7' title="bbox 470 733 1269 804">
     <span class='ocr_line' id='line_1_7' title="bbox 470 733 1269 804; baseline -0.009 -12"><span class='ocrx_word' id='word_1_27' title='bbox 470 737 649 793; x_wconf 86' lang='lat' dir='ltr'><strong>obiter</strong></span> <span class='ocrx_word' id='word_1_28' title='bbox 677 736 943 790; x_wconf 81' lang='lat' dir='ltr'><strong>duntaxat</strong></span> <span class='ocrx_word' id='word_1_29' title='bbox 970 733 1269 804; x_wconf 85' lang='lat' dir='ltr'><strong>attigimus.</strong></span> 
     </span>
    </p>
   </div>
   <div class='ocr_carea' id='block_1_8' title="bbox 542 822 2046 889">
    <p class='ocr_par' dir='ltr' id='par_1_8' title="bbox 542 822 2046 889">
     <span class='ocr_line' id='line_1_8' title="bbox 542 822 2046 889; baseline -0.003 -10"><span class='ocrx_word' id='word_1_30' title='bbox 542 825 603 879; x_wconf 91' lang='lat' dir='ltr'><strong>ll.</strong></span> <span class='ocrx_word' id='word_1_31' title='bbox 655 824 813 881; x_wconf 84' lang='lat' dir='ltr'><strong>Nunc</strong></span> <span class='ocrx_word' id='word_1_32' title='bbox 874 834 935 879; x_wconf 91' lang='lat' dir='ltr'><strong>ut</strong></span> <span class='ocrx_word' id='word_1_33' title='bbox 988 824 1290 879; x_wconf 86' lang='lat' dir='ltr'><strong>lectoribus</strong></span> <span class='ocrx_word' id='word_1_34' title='bbox 1342 822 1609 877; x_wconf 84' lang='lat' dir='ltr'><strong>brevitate</strong></span> <span class='ocrx_word' id='word_1_35' title='bbox 1660 823 2046 889; x_wconf 84' lang='lat' dir='ltr'><strong>consulamus,</strong></span> 
     </span>
    </p>
   </div>
   <div class='ocr_carea' id='block_1_9' title="bbox 473 912 2049 987">
    <p class='ocr_par' dir='ltr' id='par_1_9' title="bbox 473 912 2049 987">
     <span class='ocr_line' id='line_1_9' title="bbox 473 912 2049 987; baseline -0.003 -16"><span class='ocrx_word' id='word_1_36' title='bbox 473 926 710 987; x_wconf 88' lang='lat' dir='ltr'><strong>quatuor</strong></span> <span class='ocrx_word' id='word_1_37' title='bbox 748 917 913 972; x_wconf 89' lang='lat' dir='ltr'><strong>simul</strong></span> <span class='ocrx_word' id='word_1_38' title='bbox 939 915 1022 969; x_wconf 83' lang='lat' dir='ltr'><strong>ha</strong></span> <span class='ocrx_word' id='word_1_39' title='bbox 1054 921 1215 969; x_wconf 86' lang='lat' dir='ltr'><strong>secta</strong></span> <span class='ocrx_word' id='word_1_40' title='bbox 1241 915 1493 968; x_wconf 81' lang='lat' dir='ltr'><strong>oratione</strong></span> <span class='ocrx_word' id='word_1_41' title='bbox 1523 920 1710 968; x_wconf 86' lang='lat' dir='ltr'><strong>nostra</strong></span> <span class='ocrx_word' id='word_1_42' title='bbox 1738 912 2049 968; x_wconf 79' lang='lat' dir='ltr'><strong>refellenda</strong></span> 
     </span>
    </p>
   </div>
   <div class='ocr_carea' id='block_1_10' title="bbox 468 1005 2045 1077">
    <p class='ocr_par' dir='ltr' id='par_1_10' title="bbox 468 1005 2045 1077">
     <span class='ocr_line' id='line_1_10' title="bbox 468 1005 2045 1077; baseline -0.006 -12"><span class='ocrx_word' id='word_1_43' title='bbox 468 1017 622 1065; x_wconf 79' lang='lat' dir='ltr'><strong>sunt.</strong></span> <span class='ocrx_word' id='word_1_44' title='bbox 659 1008 743 1063; x_wconf 87' lang='lat' dir='ltr'><strong>Ab</strong></span> <span class='ocrx_word' id='word_1_45' title='bbox 775 1008 859 1064; x_wconf 91' lang='lat' dir='ltr'><strong>his</strong></span> <span class='ocrx_word' id='word_1_46' title='bbox 895 1007 1038 1062; x_wconf 92' lang='lat' dir='ltr'><strong>enim</strong></span> <span class='ocrx_word' id='word_1_47' title='bbox 1077 1005 1414 1077; x_wconf 87' lang='lat' dir='ltr'><strong>primordiis,</strong></span> <span class='ocrx_word' id='word_1_48' title='bbox 1444 1006 1529 1060; x_wconf 88' lang='lat' dir='ltr'><strong>vel</strong></span> <span class='ocrx_word' id='word_1_49' title='bbox 1559 1013 1683 1059; x_wconf 89' lang='lat' dir='ltr'><strong>ante</strong></span> <span class='ocrx_word' id='word_1_50' title='bbox 1720 1005 1833 1059; x_wconf 81' lang='lat' dir='ltr'><strong>hac</strong></span> <span class='ocrx_word' id='word_1_51' title='bbox 1857 1006 2045 1070; x_wconf 83' lang='lat' dir='ltr'><strong>etiam,</strong></span> 
     </span>
    </p>
   </div>
   <div class='ocr_carea' id='block_1_11' title="bbox 475 1094 2049 1168">
    <p class='ocr_par' dir='ltr' id='par_1_11' title="bbox 475 1094 2049 1168">
     <span class='ocr_line' id='line_1_11' title="bbox 475 1094 2049 1168; baseline -0.004 -13"><span class='ocrx_word' id='word_1_52' title='bbox 475 1111 534 1155; x_wconf 94' lang='lat' dir='ltr'><strong>ut</strong></span> <span class='ocrx_word' id='word_1_53' title='bbox 555 1101 707 1155; x_wconf 90' lang='lat' dir='ltr'><strong>initio</strong></span> <span class='ocrx_word' id='word_1_54' title='bbox 720 1099 980 1164; x_wconf 78' lang='lat' dir='ltr'><strong>diximus,</strong></span> <span class='ocrx_word' id='word_1_55' title='bbox 1000 1108 1192 1168; x_wconf 79' lang='lat' dir='ltr'><strong>poeta,</strong></span> <span class='ocrx_word' id='word_1_56' title='bbox 1212 1096 1482 1160; x_wconf 90' lang='lat' dir='ltr'><strong>historici,</strong></span> <span class='ocrx_word' id='word_1_57' title='bbox 1500 1094 1801 1164; x_wconf 86' lang='lat' dir='ltr'><strong>reliquique</strong></span> <span class='ocrx_word' id='word_1_58' title='bbox 1818 1095 2049 1163; x_wconf 89' lang='lat' dir='ltr'><strong>scripto-</strong></span> 
     </span>
    </p>
   </div>
   <div class='ocr_carea' id='block_1_12' title="bbox 474 1184 2049 1254">
    <p class='ocr_par' dir='ltr' id='par_1_12' title="bbox 474 1184 2049 1254">
     <span class='ocr_line' id='line_1_12' title="bbox 474 1184 2049 1254; baseline -0.006 -10"><span class='ocrx_word' id='word_1_59' title='bbox 474 1204 583 1253; x_wconf 90' lang='lat' dir='ltr'><strong>res,</strong></span> <span class='ocrx_word' id='word_1_60' title='bbox 615 1186 941 1250; x_wconf 90' lang='lat' dir='ltr'><strong>astronomi,</strong></span> <span class='ocrx_word' id='word_1_61' title='bbox 973 1186 1157 1239; x_wconf 82' lang='lat' dir='ltr'><strong>cateri</strong></span> <span class='ocrx_word' id='word_1_62' title='bbox 1186 1184 1424 1254; x_wconf 85' lang='lat' dir='ltr'><strong>denique</strong></span> <span class='ocrx_word' id='word_1_63' title='bbox 1453 1185 1660 1239; x_wconf 88' lang='lat' dir='ltr'><strong>erroris</strong></span> <span class='ocrx_word' id='word_1_64' title='bbox 1705 1184 1941 1238; x_wconf 85' lang='lat' dir='ltr'><strong>artiﬁces</strong></span> <span class='ocrx_word' id='word_1_65' title='bbox 1984 1196 2049 1236; x_wconf 91' lang='lat' dir='ltr'><strong>ac</strong></span> 
     </span>
    </p>
   </div>
   <div class='ocr_carea' id='block_1_13' title="bbox 474 1274 2048 1352">
    <p class='ocr_par' dir='ltr' id='par_1_13' title="bbox 474 1274 2048 1352">
     <span class='ocr_line' id='line_1_13' title="bbox 474 1274 2048 1352; baseline -0.006 -16"><span class='ocrx_word' id='word_1_66' title='bbox 474 1280 742 1352; x_wconf 67' lang='lat' dir='ltr'><strong>magistri,</strong></span> <span class='ocrx_word' id='word_1_67' title='bbox 781 1279 873 1349; x_wconf 91' lang='lat' dir='ltr'><strong>qui</strong></span> <span class='ocrx_word' id='word_1_68' title='bbox 900 1278 965 1332; x_wconf 87' lang='lat' dir='ltr'><strong>ad</strong></span> <span class='ocrx_word' id='word_1_69' title='bbox 1004 1289 1259 1333; x_wconf 84' lang='lat' dir='ltr'><strong>sexcenta</strong></span> <span class='ocrx_word' id='word_1_70' title='bbox 1302 1294 1484 1333; x_wconf 90' lang='lat' dir='ltr'><strong>rerum</strong></span> <span class='ocrx_word' id='word_1_71' title='bbox 1526 1275 1814 1332; x_wconf 88' lang='lat' dir='ltr'><strong>statuenda</strong></span> <span class='ocrx_word' id='word_1_72' title='bbox 1844 1274 2048 1344; x_wconf 90' lang='lat' dir='ltr'><strong>princi-</strong></span> 
     </span>
    </p>
   </div>
   <div class='ocr_carea' id='block_1_14' title="bbox 470 1366 2048 1446">
    <p class='ocr_par' dir='ltr' id='par_1_14' title="bbox 470 1366 2048 1446">
     <span class='ocr_line' id='line_1_14' title="bbox 470 1366 2048 1446; baseline -0.007 -17"><span class='ocrx_word' id='word_1_73' title='bbox 470 1376 585 1446; x_wconf 82' lang='lat' dir='ltr'><strong>pia,</strong></span> <span class='ocrx_word' id='word_1_74' title='bbox 624 1373 1002 1444; x_wconf 84' lang='lat' dir='ltr'><strong>pessimasque</strong></span> <span class='ocrx_word' id='word_1_75' title='bbox 1038 1384 1236 1424; x_wconf 86' lang='lat' dir='ltr'><strong>causas</strong></span> <span class='ocrx_word' id='word_1_76' title='bbox 1280 1369 1543 1439; x_wconf 87' lang='lat' dir='ltr'><strong>impulere</strong></span> <span class='ocrx_word' id='word_1_77' title='bbox 1571 1368 1882 1422; x_wconf 86' lang='lat' dir='ltr'><strong>mortalium</strong></span> <span class='ocrx_word' id='word_1_78' title='bbox 1928 1366 2048 1419; x_wconf 89' lang='lat' dir='ltr'><strong>ani-</strong></span> 
     </span>
    </p>
   </div>
   <div class='ocr_carea' id='block_1_15' title="bbox 472 1459 2049 1532">
    <p class='ocr_par' dir='ltr' id='par_1_15' title="bbox 472 1459 2049 1532">
     <span class='ocr_line' id='line_1_15' title="bbox 472 1459 2049 1532; baseline -0.006 -11"><span class='ocrx_word' id='word_1_79' title='bbox 472 1482 614 1532; x_wconf 88' lang='lat' dir='ltr'><strong>mos,</strong></span> <span class='ocrx_word' id='word_1_80' title='bbox 645 1464 1031 1519; x_wconf 88' lang='lat' dir='ltr'><strong>communibus</strong></span> <span class='ocrx_word' id='word_1_81' title='bbox 1058 1461 1275 1532; x_wconf 86' lang='lat' dir='ltr'><strong>generis</strong></span> <span class='ocrx_word' id='word_1_82' title='bbox 1303 1461 1527 1515; x_wconf 87' lang='lat' dir='ltr'><strong>humani</strong></span> <span class='ocrx_word' id='word_1_83' title='bbox 1559 1460 1813 1516; x_wconf 89' lang='lat' dir='ltr'><strong>sensibus</strong></span> <span class='ocrx_word' id='word_1_84' title='bbox 1841 1459 2049 1514; x_wconf 91' lang='lat' dir='ltr'><strong>densis-</strong></span> 
     </span>
    </p>
   </div>
   <div class='ocr_carea' id='block_1_16' title="bbox 473 1553 2048 1624">
    <p class='ocr_par' dir='ltr' id='par_1_16' title="bbox 473 1553 2048 1624">
     <span class='ocr_line' id='line_1_16' title="bbox 473 1553 2048 1624; baseline -0.005 -10"><span class='ocrx_word' id='word_1_85' title='bbox 473 1560 642 1615; x_wconf 84' lang='lat' dir='ltr'><strong>simas</strong></span> <span class='ocrx_word' id='word_1_86' title='bbox 671 1559 929 1614; x_wconf 83' lang='lat' dir='ltr'><strong>tenebras</strong></span> <span class='ocrx_word' id='word_1_87' title='bbox 971 1556 1304 1611; x_wconf 71' lang='lat' dir='ltr'><strong>olluderunt.</strong></span> <span class='ocrx_word' id='word_1_88' title='bbox 1347 1554 1526 1624; x_wconf 87' lang='lat' dir='ltr'><strong>Atque</strong></span> <span class='ocrx_word' id='word_1_89' title='bbox 1563 1554 1653 1608; x_wconf 91' lang='lat' dir='ltr'><strong>hic</strong></span> <span class='ocrx_word' id='word_1_90' title='bbox 1686 1553 1903 1608; x_wconf 88' lang='lat' dir='ltr'><strong>demum</strong></span> <span class='ocrx_word' id='word_1_91' title='bbox 1936 1553 2048 1622; x_wconf 89' lang='lat' dir='ltr'><strong>pri-</strong></span> 
     </span>
    </p>
   </div>
   <div class='ocr_carea' id='block_1_17' title="bbox 470 1648 2017 1718">
    <p class='ocr_par' dir='ltr' id='par_1_17' title="bbox 470 1648 2017 1718">
     <span class='ocr_line' id='line_1_17' title="bbox 470 1648 2017 1718; baseline -0.004 -12"><span class='ocrx_word' id='word_1_92' title='bbox 470 1670 593 1709; x_wconf 85' lang='lat' dir='ltr'><strong>mus</strong></span> <span class='ocrx_word' id='word_1_93' title='bbox 635 1668 791 1709; x_wconf 88' lang='lat' dir='ltr'><strong>error</strong></span> <span class='ocrx_word' id='word_1_94' title='bbox 820 1652 1053 1715; x_wconf 83' lang='lat' dir='ltr'><strong>exstitit,</strong></span> <span class='ocrx_word' id='word_1_95' title='bbox 1106 1650 1381 1705; x_wconf 85' lang='lat' dir='ltr'><strong>idolorum</strong></span> <span class='ocrx_word' id='word_1_96' title='bbox 1428 1649 1738 1718; x_wconf 80' lang='lat' dir='ltr'><strong>excogitata</strong></span> <span class='ocrx_word' id='word_1_97' title='bbox 1779 1648 2017 1718; x_wconf 90' lang='lat' dir='ltr'><strong>supersti</strong></span> 
     </span>
    </p>
   </div>
   <div class='ocr_carea' id='block_1_18' title="bbox 468 1739 2047 1813">
    <p class='ocr_par' dir='ltr' id='par_1_18' title="bbox 468 1739 2047 1813">
     <span class='ocr_line' id='line_1_18' title="bbox 468 1739 2047 1813; baseline -0.006 -13"><span class='ocrx_word' id='word_1_98' title='bbox 468 1746 571 1811; x_wconf 88' lang='lat' dir='ltr'><strong>tio,</strong></span> <span class='ocrx_word' id='word_1_99' title='bbox 613 1744 909 1813; x_wconf 80' lang='lat' dir='ltr'><strong>infelixque</strong></span> <span class='ocrx_word' id='word_1_100' title='bbox 962 1744 1053 1797; x_wconf 91' lang='lat' dir='ltr'><strong>illa</strong></span> <span class='ocrx_word' id='word_1_101' title='bbox 1090 1742 1399 1811; x_wconf 87' lang='lat' dir='ltr'><strong>disciplina.</strong></span> <span class='ocrx_word' id='word_1_102' title='bbox 1452 1741 1620 1793; x_wconf 82' lang='lat' dir='ltr'><strong>Erant</strong></span> <span class='ocrx_word' id='word_1_103' title='bbox 1670 1746 1785 1793; x_wconf 91' lang='lat' dir='ltr'><strong>tum</strong></span> <span class='ocrx_word' id='word_1_104' title='bbox 1817 1739 1954 1792; x_wconf 90' lang='lat' dir='ltr'><strong>duas</strong></span> <span class='ocrx_word' id='word_1_105' title='bbox 1993 1739 2047 1791; x_wconf 91' lang='lat' dir='ltr'><strong>in</strong></span> 
     </span>
    </p>
   </div>
   <div class='ocr_carea' id='block_1_19' title="bbox 474 1827 2045 1901">
    <p class='ocr_par' dir='ltr' id='par_1_19' title="bbox 474 1827 2045 1901">
     <span class='ocr_line' id='line_1_19' title="bbox 474 1827 2045 1901; baseline -0.004 -11"><span class='ocrx_word' id='word_1_106' title='bbox 474 1834 741 1890; x_wconf 80' lang='lat' dir='ltr'><strong>factiones</strong></span> <span class='ocrx_word' id='word_1_107' title='bbox 780 1832 1038 1889; x_wconf 89' lang='lat' dir='ltr'><strong>universa</strong></span> <span class='ocrx_word' id='word_1_108' title='bbox 1078 1832 1395 1895; x_wconf 88' lang='lat' dir='ltr'><strong>distributa,</strong></span> <span class='ocrx_word' id='word_1_109' title='bbox 1428 1830 1708 1901; x_wconf 86' lang='lat' dir='ltr'><strong>gentilium</strong></span> <span class='ocrx_word' id='word_1_110' title='bbox 1737 1843 1800 1882; x_wconf 92' lang='lat' dir='ltr'><strong>ac</strong></span> <span class='ocrx_word' id='word_1_111' title='bbox 1828 1827 2045 1883; x_wconf 74' lang='lat' dir='ltr'><strong>Judao-</strong></span> 
     </span>
    </p>
   </div>
   <div class='ocr_carea' id='block_1_20' title="bbox 2153 637 3735 721">
    <p class='ocr_par' dir='ltr' id='par_1_20' title="bbox 2153 637 3735 721">
     <span class='ocr_line' id='line_1_20' title="bbox 2153 637 3735 721; baseline 0.008 -31"><span class='ocrx_word' id='word_1_112' title='bbox 2153 637 2470 691; x_wconf 77' lang='grc' dir='ltr'>ἐλαύνεσθαι</span> <span class='ocrx_word' id='word_1_113' title='bbox 2515 638 2842 711; x_wconf 89' lang='grc' dir='ltr'>πνεύματος.</span> <span class='ocrx_word' id='word_1_114' title='bbox 2896 642 3005 694; x_wconf 79' lang='grc' dir='ltr'>Καὶ</span> <span class='ocrx_word' id='word_1_115' title='bbox 3067 642 3173 695; x_wconf 82' lang='grc' dir='ltr'>ἀπὸ</span> <span class='ocrx_word' id='word_1_116' title='bbox 3222 644 3421 714; x_wconf 81' lang='grc' dir='ltr'><strong>μέρους</strong></span> <span class='ocrx_word' id='word_1_117' title='bbox 3468 646 3566 702; x_wconf 74' lang='grc' dir='ltr'><strong>μὲν</strong></span> <span class='ocrx_word' id='word_1_118' title='bbox 3608 652 3735 721; x_wconf 70' lang='grc' dir='ltr'>περὶ</span> 
     </span>
    </p>
   </div>
   <div class='ocr_carea' id='block_1_21' title="bbox 2151 727 2620 797">
    <p class='ocr_par' dir='ltr' id='par_1_21' title="bbox 2151 727 2620 797">
     <span class='ocr_line' id='line_1_21' title="bbox 2151 727 2620 797; baseline 0.006 -18"><span class='ocrx_word' id='word_1_119' title='bbox 2151 727 2356 779; x_wconf 86' lang='grc' dir='ltr'>τούτων</span> <span class='ocrx_word' id='word_1_120' title='bbox 2388 727 2620 797; x_wconf 77' lang='grc' dir='ltr'>ἔφημεν.</span> 
     </span>
    </p>
   </div>
   <div class='ocr_carea' id='block_1_22' title="bbox 2228 817 3729 899">
    <p class='ocr_par' dir='ltr' id='par_1_22' title="bbox 2228 817 3729 899">
     <span class='ocr_line' id='line_1_22' title="bbox 2228 817 3729 899; baseline 0.007 -31"><span class='ocrx_word' id='word_1_121' title='bbox 2228 817 2307 871; x_wconf 91' lang='lat' dir='ltr'><strong>B&#39;.</strong></span> <span class='ocrx_word' id='word_1_122' title='bbox 2340 817 2431 889; x_wconf 84' lang='grc' dir='ltr'>Τῷ</span> <span class='ocrx_word' id='word_1_123' title='bbox 2450 818 2505 871; x_wconf 84' lang='grc' dir='ltr'>δὲ</span> <span class='ocrx_word' id='word_1_124' title='bbox 2532 818 2680 889; x_wconf 80' lang='grc' dir='ltr'>αὐτῷ</span> <span class='ocrx_word' id='word_1_125' title='bbox 2703 819 2888 891; x_wconf 82' lang='grc' dir='ltr'>τρόπῳ</span> <span class='ocrx_word' id='word_1_126' title='bbox 2920 820 3019 884; x_wconf 81' lang='grc' dir='ltr'>τὰς</span> <span class='ocrx_word' id='word_1_127' title='bbox 3045 822 3313 894; x_wconf 85' lang='grc' dir='ltr'>τέσσαρας</span> <span class='ocrx_word' id='word_1_128' title='bbox 3348 824 3549 887; x_wconf 86' lang='grc' dir='ltr'>ταύτας</span> <span class='ocrx_word' id='word_1_129' title='bbox 3580 828 3729 899; x_wconf 81' lang='grc' dir='ltr'>αἱρε-</span> 
     </span>
    </p>
   </div>
   <div class='ocr_carea' id='block_1_23' title="bbox 2154 911 3727 987">
    <p class='ocr_par' dir='ltr' id='par_1_23' title="bbox 2154 911 3727 987">
     <span class='ocr_line' id='line_1_23' title="bbox 2154 911 3727 987; baseline 0.006 -27"><span class='ocrx_word' id='word_1_130' title='bbox 2154 925 2266 973; x_wconf 89' lang='grc' dir='ltr'>σεις</span> <span class='ocrx_word' id='word_1_131' title='bbox 2287 911 2657 981; x_wconf 79' lang='grc' dir='ltr'><strong>ἀνατρεπτέον</strong></span> <span class='ocrx_word' id='word_1_132' title='bbox 2682 912 2770 964; x_wconf 85' lang='grc' dir='ltr'>διὰ</span> <span class='ocrx_word' id='word_1_133' title='bbox 2802 914 2900 983; x_wconf 78' lang='grc' dir='ltr'>τὴν</span> <span class='ocrx_word' id='word_1_134' title='bbox 2926 916 3216 985; x_wconf 83' lang='grc' dir='ltr'>συντομίαν</span> <span class='ocrx_word' id='word_1_135' title='bbox 3232 918 3329 987; x_wconf 83' lang='grc' dir='ltr'><strong>τῆς</strong></span> <span class='ocrx_word' id='word_1_136' title='bbox 3349 917 3727 985; x_wconf 86' lang='grc' dir='ltr'>ἀναγνώσεως.</span> 
     </span>
    </p>
   </div>
   <div class='ocr_carea' id='block_1_24' title="bbox 2164 1002 3725 1079">
    <p class='ocr_par' dir='ltr' id='par_1_24' title="bbox 2164 1002 3725 1079">
     <span class='ocr_line' id='line_1_24' title="bbox 2164 1002 3725 1079; baseline 0.005 -24"><span class='ocrx_word' id='word_1_137' title='bbox 2164 1002 2441 1055; x_wconf 82' lang='grc' dir='ltr'>Ἐντεῦθεν</span> <span class='ocrx_word' id='word_1_138' title='bbox 2494 1002 2588 1055; x_wconf 83' lang='grc' dir='ltr'><strong>καὶ</strong></span> <span class='ocrx_word' id='word_1_139' title='bbox 2634 1004 2892 1074; x_wconf 78' lang='grc' dir='ltr'><strong>ἀνωτέρω</strong></span> <span class='ocrx_word' id='word_1_140' title='bbox 2932 1004 3139 1070; x_wconf 86' lang='grc' dir='ltr'>λοιπὸν,</span> <span class='ocrx_word' id='word_1_141' title='bbox 3174 1007 3248 1071; x_wconf 88' lang='grc' dir='ltr'><strong>ώς</strong></span> <span class='ocrx_word' id='word_1_142' title='bbox 3290 1008 3447 1079; x_wconf 79' lang='grc' dir='ltr'>ἔφην,</span> <span class='ocrx_word' id='word_1_143' title='bbox 3488 1013 3725 1079; x_wconf 76' lang='grc' dir='ltr'>ποιηταὶ,</span> 
     </span>
    </p>
   </div>
   <div class='ocr_carea' id='block_1_25' title="bbox 2152 1094 3729 1168">
    <p class='ocr_par' dir='ltr' id='par_1_25' title="bbox 2152 1094 3729 1168">
     <span class='ocr_line' id='line_1_25' title="bbox 2152 1094 3729 1168; baseline 0.005 -23"><span class='ocrx_word' id='word_1_144' title='bbox 2152 1094 2594 1166; x_wconf 72' lang='grc' dir='ltr'>ἱστοριογράφοι,</span> <span class='ocrx_word' id='word_1_145' title='bbox 2624 1094 2970 1166; x_wconf 72' lang='grc' dir='ltr'><strong>λογογράφοι,</strong></span> <span class='ocrx_word' id='word_1_146' title='bbox 2995 1099 3317 1168; x_wconf 83' lang='grc' dir='ltr'><strong>ἀστρονόμοι</strong></span> <span class='ocrx_word' id='word_1_147' title='bbox 3364 1117 3421 1151; x_wconf 89' lang='grc' dir='ltr'><strong>τε</strong></span> <span class='ocrx_word' id='word_1_148' title='bbox 3462 1100 3552 1153; x_wconf 74' lang='grc' dir='ltr'><strong>καὶ</strong></span> <span class='ocrx_word' id='word_1_149' title='bbox 3577 1102 3625 1152; x_wconf 82' lang='grc' dir='ltr'>οἱ</span> <span class='ocrx_word' id='word_1_150' title='bbox 3662 1103 3729 1153; x_wconf 83' lang='grc' dir='ltr'><strong>τὰ</strong></span> 
     </span>
    </p>
   </div>
   <div class='ocr_carea' id='block_1_26' title="bbox 2151 1185 3728 1260">
    <p class='ocr_par' dir='ltr' id='par_1_26' title="bbox 2151 1185 3728 1260">
     <span class='ocr_line' id='line_1_26' title="bbox 2151 1185 3728 1260; baseline 0.005 -23"><span class='ocrx_word' id='word_1_151' title='bbox 2151 1185 2285 1239; x_wconf 87' lang='grc' dir='ltr'>ἄλλα</span> <span class='ocrx_word' id='word_1_152' title='bbox 2310 1186 2408 1253; x_wconf 83' lang='grc' dir='ltr'><strong>τῆς</strong></span> <span class='ocrx_word' id='word_1_153' title='bbox 2438 1186 2647 1254; x_wconf 85' lang='grc' dir='ltr'>πλάνης</span> <span class='ocrx_word' id='word_1_154' title='bbox 2669 1188 3114 1258; x_wconf 79' lang='grc' dir='ltr'>εἰσηγησάμενοι,</span> <span class='ocrx_word' id='word_1_155' title='bbox 3135 1191 3185 1241; x_wconf 86' lang='grc' dir='ltr'><strong>οἱ</strong></span> <span class='ocrx_word' id='word_1_156' title='bbox 3213 1194 3728 1260; x_wconf 81' lang='grc' dir='ltr'>παρασκευάσαντες</span> 
     </span>
    </p>
   </div>
   <div class='ocr_carea' id='block_1_27' title="bbox 2149 1275 3728 1351">
    <p class='ocr_par' dir='ltr' id='par_1_27' title="bbox 2149 1275 3728 1351">
     <span class='ocr_line' id='line_1_27' title="bbox 2149 1275 3728 1351; baseline 0.007 -24"><span class='ocrx_word' id='word_1_157' title='bbox 2149 1275 2239 1328; x_wconf 88' lang='grc' dir='ltr'><strong>τὸν</strong></span> <span class='ocrx_word' id='word_1_158' title='bbox 2299 1275 2422 1328; x_wconf 85' lang='grc' dir='ltr'>νοῦν</span> <span class='ocrx_word' id='word_1_159' title='bbox 2471 1277 2563 1329; x_wconf 75' lang='grc' dir='ltr'>ἐπὶ</span> <span class='ocrx_word' id='word_1_160' title='bbox 2590 1278 2792 1348; x_wconf 89' lang='grc' dir='ltr'>μυρίας</span> <span class='ocrx_word' id='word_1_161' title='bbox 2847 1279 3022 1341; x_wconf 77' lang='grc' dir='ltr'>κακὰς</span> <span class='ocrx_word' id='word_1_162' title='bbox 3063 1281 3244 1344; x_wconf 81' lang='grc' dir='ltr'>αίτίας</span> <span class='ocrx_word' id='word_1_163' title='bbox 3278 1284 3374 1335; x_wconf 78' lang='grc' dir='ltr'><strong>καὶ</strong></span> <span class='ocrx_word' id='word_1_164' title='bbox 3415 1283 3728 1351; x_wconf 82' lang='grc' dir='ltr'>ἀναγωγὰς,</span> 
     </span>
    </p>
   </div>
   <div class='ocr_carea' id='block_1_28' title="bbox 2152 1368 3728 1445">
    <p class='ocr_par' dir='ltr' id='par_1_28' title="bbox 2152 1368 3728 1445">
     <span class='ocr_line' id='line_1_28' title="bbox 2152 1368 3728 1445; baseline 0.006 -26"><span class='ocrx_word' id='word_1_165' title='bbox 2152 1368 2465 1422; x_wconf 80' lang='grc' dir='ltr'>ὲσκότωσαν</span> <span class='ocrx_word' id='word_1_166' title='bbox 2530 1370 2624 1423; x_wconf 78' lang='grc' dir='ltr'>καὶ</span> <span class='ocrx_word' id='word_1_167' title='bbox 2691 1370 2963 1425; x_wconf 84' lang='grc' dir='ltr'>ὲθόλωσαν</span> <span class='ocrx_word' id='word_1_168' title='bbox 3010 1374 3107 1443; x_wconf 79' lang='grc' dir='ltr'><strong>τὴν</strong></span> <span class='ocrx_word' id='word_1_169' title='bbox 3158 1374 3257 1443; x_wconf 88' lang='grc' dir='ltr'><strong>τῆς</strong></span> <span class='ocrx_word' id='word_1_170' title='bbox 3314 1374 3728 1445; x_wconf 81' lang='grc' dir='ltr'>ἀνθρωπότητος</span> 
     </span>
    </p>
   </div>
   <div class='ocr_carea' id='block_1_29' title="bbox 2153 1459 3728 1537">
    <p class='ocr_par' dir='ltr' id='par_1_29' title="bbox 2153 1459 3728 1537">
     <span class='ocr_line' id='line_1_29' title="bbox 2153 1459 3728 1537; baseline 0.007 -26"><span class='ocrx_word' id='word_1_171' title='bbox 2153 1459 2435 1528; x_wconf 77' lang='grc' dir='ltr'><strong>ὑπόληψιν.</strong></span> <span class='ocrx_word' id='word_1_172' title='bbox 2480 1461 2589 1513; x_wconf 76' lang='grc' dir='ltr'><strong>Καὶ</strong></span> <span class='ocrx_word' id='word_1_173' title='bbox 2617 1460 2839 1528; x_wconf 89' lang='grc' dir='ltr'>γέγονεν</span> <span class='ocrx_word' id='word_1_174' title='bbox 2878 1462 3014 1534; x_wconf 90' lang='grc' dir='ltr'>αῦτη</span> <span class='ocrx_word' id='word_1_175' title='bbox 3054 1464 3246 1535; x_wconf 80' lang='grc' dir='ltr'>πρώτη</span> <span class='ocrx_word' id='word_1_176' title='bbox 3282 1466 3478 1537; x_wconf 84' lang='grc' dir='ltr'><strong>πλάνη,</strong></span> <span class='ocrx_word' id='word_1_177' title='bbox 3519 1469 3728 1523; x_wconf 81' lang='grc' dir='ltr'>ἐπίνοια</span> 
     </span>
    </p>
   </div>
   <div class='ocr_carea' id='block_1_30' title="bbox 2151 1548 3729 1624">
    <p class='ocr_par' dir='ltr' id='par_1_30' title="bbox 2151 1548 3729 1624">
     <span class='ocr_line' id='line_1_30' title="bbox 2151 1548 3729 1624; baseline 0.007 -24"><span class='ocrx_word' id='word_1_178' title='bbox 2151 1548 2405 1613; x_wconf 76' lang='grc' dir='ltr'>εἰδώλων,</span> <span class='ocrx_word' id='word_1_179' title='bbox 2472 1551 2564 1602; x_wconf 76' lang='grc' dir='ltr'><strong>καὶ</strong></span> <span class='ocrx_word' id='word_1_180' title='bbox 2618 1552 3009 1624; x_wconf 81' lang='grc' dir='ltr'>κακοδαιμονία</span> <span class='ocrx_word' id='word_1_181' title='bbox 3055 1555 3419 1620; x_wconf 84' lang='grc' dir='ltr'>διδασκαλίας.</span> <span class='ocrx_word' id='word_1_182' title='bbox 3446 1554 3553 1610; x_wconf 77' lang='grc' dir='ltr'><strong>’Ἦν</strong></span> <span class='ocrx_word' id='word_1_183' title='bbox 3584 1559 3640 1611; x_wconf 81' lang='grc' dir='ltr'><strong>δὲ</strong></span> <span class='ocrx_word' id='word_1_184' title='bbox 3662 1559 3729 1611; x_wconf 76' lang='grc' dir='ltr'>τὸ</span> 
     </span>
    </p>
   </div>
   <div class='ocr_carea' id='block_1_31' title="bbox 2152 1641 3728 1717">
    <p class='ocr_par' dir='ltr' id='par_1_31' title="bbox 2152 1641 3728 1717">
     <span class='ocr_line' id='line_1_31' title="bbox 2152 1641 3728 1717; baseline 0.007 -26"><span class='ocrx_word' id='word_1_185' title='bbox 2152 1641 2331 1693; x_wconf 89' lang='grc' dir='ltr'>πάντα</span> <span class='ocrx_word' id='word_1_186' title='bbox 2398 1644 2799 1712; x_wconf 89' lang='grc' dir='ltr'>μεμερισμένα,</span> <span class='ocrx_word' id='word_1_187' title='bbox 2865 1645 3216 1717; x_wconf 88' lang='grc' dir='ltr'>Ἑλληνισμός</span> <span class='ocrx_word' id='word_1_188' title='bbox 3264 1665 3323 1699; x_wconf 89' lang='grc' dir='ltr'><strong>τε</strong></span> <span class='ocrx_word' id='word_1_189' title='bbox 3370 1649 3463 1701; x_wconf 73' lang='grc' dir='ltr'><strong>καὶ</strong></span> <span class='ocrx_word' id='word_1_190' title='bbox 3520 1650 3728 1702; x_wconf 85' lang='grc' dir='ltr'>Ἰουδαῖ-</span> 
     </span>
    </p>
   </div>
   <div class='ocr_carea' id='block_1_32' title="bbox 2153 1732 3728 1810">
    <p class='ocr_par' dir='ltr' id='par_1_32' title="bbox 2153 1732 3728 1810">
     <span class='ocr_line' id='line_1_32' title="bbox 2153 1732 3728 1810; baseline 0.008 -28"><span class='ocrx_word' id='word_1_191' title='bbox 2153 1732 2287 1800; x_wconf 90' lang='grc' dir='ltr'>σμός</span> <span class='ocrx_word' id='word_1_192' title='bbox 2308 1748 2321 1760; x_wconf 90' lang='grc'><strong>·</strong></span> <span class='ocrx_word' id='word_1_193' title='bbox 2360 1733 2688 1804; x_wconf 87' lang='grc' dir='ltr'>Ἰουδαῖσμὸς</span> <span class='ocrx_word' id='word_1_194' title='bbox 2726 1734 2880 1788; x_wconf 76' lang='grc' dir='ltr'>οὔπω</span> <span class='ocrx_word' id='word_1_195' title='bbox 2919 1738 3184 1809; x_wconf 88' lang='grc' dir='ltr'>πρότερον</span> <span class='ocrx_word' id='word_1_196' title='bbox 3213 1740 3567 1810; x_wconf 87' lang='grc' dir='ltr'>καλούμενος,</span> <span class='ocrx_word' id='word_1_197' title='bbox 3595 1742 3728 1795; x_wconf 75' lang='grc' dir='ltr'>ἀλλὰ</span> 
     </span>
    </p>
   </div>
   <div class='ocr_carea' id='block_1_33' title="bbox 2149 1822 3727 1903">
    <p class='ocr_par' dir='ltr' id='par_1_33' title="bbox 2149 1822 3727 1903">
     <span class='ocr_line' id='line_1_33' title="bbox 2149 1822 3727 1903; baseline 0.008 -29"><span class='ocrx_word' id='word_1_198' title='bbox 2149 1823 2235 1875; x_wconf 80' lang='grc' dir='ltr'>διὰ</span> <span class='ocrx_word' id='word_1_199' title='bbox 2255 1822 2347 1875; x_wconf 90' lang='grc' dir='ltr'><strong>τοῦ</strong></span> <span class='ocrx_word' id='word_1_200' title='bbox 2389 1824 2601 1895; x_wconf 88' lang='grc' dir='ltr'>Ἰσραὴλ</span> <span class='ocrx_word' id='word_1_201' title='bbox 2626 1825 2685 1879; x_wconf 86' lang='grc' dir='ltr'><strong>τὸ</strong></span> <span class='ocrx_word' id='word_1_202' title='bbox 2703 1826 2988 1898; x_wconf 81' lang='grc' dir='ltr'>ἐπώνυμον</span> <span class='ocrx_word' id='word_1_203' title='bbox 3005 1830 3104 1901; x_wconf 87' lang='grc' dir='ltr'><strong>τῆς</strong></span> <span class='ocrx_word' id='word_1_204' title='bbox 3129 1831 3413 1895; x_wconf 76' lang='grc' dir='ltr'>θεοσεϐοῦς</span> <span class='ocrx_word' id='word_1_205' title='bbox 3435 1832 3727 1903; x_wconf 78' lang='grc' dir='ltr'>θρησκείας</span> 
     </span>
    </p>
   </div>
   <div class='ocr_carea' id='block_1_34' title="bbox 472 1901 2045 1991">
    <p class='ocr_par' dir='ltr' id='par_1_34' title="bbox 472 1920 2045 1991">
     <span class='ocr_line' id='line_1_34' title="bbox 472 1920 2045 1991; baseline -0.006 -9"><span class='ocrx_word' id='word_1_206' title='bbox 472 1943 614 1982; x_wconf 81' lang='lat' dir='ltr'><strong>mm.</strong></span> <span class='ocrx_word' id='word_1_207' title='bbox 652 1925 848 1981; x_wconf 90' lang='lat' dir='ltr'><strong>Verum</strong></span> <span class='ocrx_word' id='word_1_208' title='bbox 881 1923 1108 1979; x_wconf 84' lang='lat' dir='ltr'><strong>Judaica</strong></span> <span class='ocrx_word' id='word_1_209' title='bbox 1138 1932 1283 1978; x_wconf 89' lang='lat' dir='ltr'><strong>secta</strong></span> <span class='ocrx_word' id='word_1_210' title='bbox 1313 1935 1660 1991; x_wconf 90' lang='lat' dir='ltr'><strong>nequaquam</strong></span> <span class='ocrx_word' id='word_1_211' title='bbox 1696 1920 1850 1973; x_wconf 90' lang='lat' dir='ltr'><strong>initio</strong></span> <span class='ocrx_word' id='word_1_212' title='bbox 1882 1935 2045 1974; x_wconf 80' lang='lat' dir='ltr'><strong>voca-</strong></span> 
     </span>
    </p>
   </div>
   <div class='ocr_carea' id='block_1_35' title="bbox 2144 1901 3728 1991">
    <p class='ocr_par' dir='ltr' id='par_1_35' title="bbox 2147 1901 3728 1991">
     <span class='ocr_line' id='line_1_35' title="bbox 2147 1901 3728 1991; baseline 0.009 -30"><span class='ocrx_word' id='word_1_213' title='bbox 2147 1912 2409 1980; x_wconf 81' lang='grc' dir='ltr'>ὲπικεκλη</span> <span class='ocrx_word' id='word_1_214' title='bbox 2419 1913 2597 1981; x_wconf 91' lang='grc' dir='ltr'>μένος,</span> <span class='ocrx_word' id='word_1_215' title='bbox 2620 1913 2724 1977; x_wconf 77' lang='grc' dir='ltr'>ἕως</span> <span class='ocrx_word' id='word_1_216' title='bbox 2742 1915 2831 1966; x_wconf 82' lang='grc' dir='ltr'>ὅτε</span> <span class='ocrx_word' id='word_1_217' title='bbox 2856 1914 3094 1987; x_wconf 79' lang='grc' dir='ltr'>διαδοχαὶ</span> <span class='ocrx_word' id='word_1_218' title='bbox 3121 1901 3494 1989; x_wconf 81' lang='grc' dir='ltr'>γεγέννηνται.</span> <span class='ocrx_word' id='word_1_219' title='bbox 3529 1901 3592 1974; x_wconf 14' lang='grc' dir='ltr'><strong>γὈ</strong></span> <span class='ocrx_word' id='word_1_220' title='bbox 3621 1921 3728 1991; x_wconf 78' lang='grc' dir='ltr'>γὰρ</span> 
     </span>
    </p>
   </div>
   <div class='ocr_carea' id='block_1_36' title="bbox 471 2012 2048 2083">
    <p class='ocr_par' dir='ltr' id='par_1_36' title="bbox 471 2012 2048 2083">
     <span class='ocr_line' id='line_1_36' title="bbox 471 2012 2048 2083; baseline -0.005 -11"><span class='ocrx_word' id='word_1_221' title='bbox 471 2018 655 2080; x_wconf 84' lang='lat' dir='ltr'><strong>batur,</strong></span> <span class='ocrx_word' id='word_1_222' title='bbox 692 2016 787 2071; x_wconf 91' lang='lat' dir='ltr'><strong>sed</strong></span> <span class='ocrx_word' id='word_1_223' title='bbox 830 2015 993 2071; x_wconf 88' lang='lat' dir='ltr'><strong>Israel</strong></span> <span class='ocrx_word' id='word_1_224' title='bbox 1019 2014 1223 2069; x_wconf 77' lang='lat' dir='ltr'><strong>divina</strong></span> <span class='ocrx_word' id='word_1_225' title='bbox 1252 2014 1381 2067; x_wconf 90' lang='lat' dir='ltr'><strong>huic</strong></span> <span class='ocrx_word' id='word_1_226' title='bbox 1422 2012 1668 2083; x_wconf 91' lang='lat' dir='ltr'><strong>religioni</strong></span> <span class='ocrx_word' id='word_1_227' title='bbox 1716 2026 2048 2083; x_wconf 89' lang='lat' dir='ltr'><strong>cognomen-</strong></span> 
     </span>
    </p>
   </div>
   <div class='ocr_carea' id='block_1_37' title="bbox 469 2104 2043 2178">
    <p class='ocr_par' dir='ltr' id='par_1_37' title="bbox 469 2104 2043 2178">
     <span class='ocr_line' id='line_1_37' title="bbox 469 2104 2043 2178; baseline -0.001 -18"><span class='ocrx_word' id='word_1_228' title='bbox 469 2116 593 2161; x_wconf 81' lang='lat' dir='ltr'><strong>tum</strong></span> <span class='ocrx_word' id='word_1_229' title='bbox 620 2115 772 2173; x_wconf 86' lang='lat' dir='ltr'><strong>erat;</strong></span> <span class='ocrx_word' id='word_1_230' title='bbox 807 2106 986 2161; x_wconf 91' lang='lat' dir='ltr'><strong>donec</strong></span> <span class='ocrx_word' id='word_1_231' title='bbox 1014 2120 1274 2178; x_wconf 85' lang='lat' dir='ltr'><strong>generum</strong></span> <span class='ocrx_word' id='word_1_232' title='bbox 1306 2111 1389 2160; x_wconf 92' lang='lat' dir='ltr'><strong>est</strong></span> <span class='ocrx_word' id='word_1_233' title='bbox 1419 2114 1713 2173; x_wconf 87' lang='lat' dir='ltr'><strong>propagata</strong></span> <span class='ocrx_word' id='word_1_234' title='bbox 1746 2104 2043 2158; x_wconf 91' lang='lat' dir='ltr'><strong>successio.</strong></span> 
     </span>
    </p>
   </div>
   <div class='ocr_carea' id='block_1_38' title="bbox 470 2193 2043 2267">
    <p class='ocr_par' dir='ltr' id='par_1_38' title="bbox 470 2193 2043 2267">
     <span class='ocr_line' id='line_1_38' title="bbox 470 2193 2043 2267; baseline -0.003 -16"><span class='ocrx_word' id='word_1_235' title='bbox 470 2198 683 2253; x_wconf 82' lang='lat' dir='ltr'><strong>Etenim</strong></span> <span class='ocrx_word' id='word_1_236' title='bbox 724 2196 995 2262; x_wconf 87' lang='lat' dir='ltr'><strong>Naasson,</strong></span> <span class='ocrx_word' id='word_1_237' title='bbox 1046 2196 1141 2267; x_wconf 91' lang='lat' dir='ltr'><strong>qui</strong></span> <span class='ocrx_word' id='word_1_238' title='bbox 1173 2197 1349 2250; x_wconf 88' lang='lat' dir='ltr'><strong>tribus</strong></span> <span class='ocrx_word' id='word_1_239' title='bbox 1379 2193 1533 2249; x_wconf 84' lang='lat' dir='ltr'><strong>Juda</strong></span> <span class='ocrx_word' id='word_1_240' title='bbox 1563 2194 1817 2264; x_wconf 87' lang='lat' dir='ltr'><strong>princeps</strong></span> <span class='ocrx_word' id='word_1_241' title='bbox 1863 2194 1918 2247; x_wconf 91' lang='lat' dir='ltr'><strong>in</strong></span> <span class='ocrx_word' id='word_1_242' title='bbox 1948 2193 2043 2248; x_wconf 82' lang='lat' dir='ltr'><strong>dc-</strong></span> 
     </span>
    </p>
   </div>
   <div class='ocr_carea' id='block_1_39' title="bbox 470 2282 2043 2357">
    <p class='ocr_par' dir='ltr' id='par_1_39' title="bbox 470 2282 2043 2357">
     <span class='ocr_line' id='line_1_39' title="bbox 470 2282 2043 2357; baseline -0.004 -11"><span class='ocrx_word' id='word_1_243' title='bbox 470 2297 621 2346; x_wconf 85' lang='lat' dir='ltr'><strong>serto</strong></span> <span class='ocrx_word' id='word_1_244' title='bbox 640 2289 976 2345; x_wconf 90' lang='lat' dir='ltr'><strong>constitutus</strong></span> <span class='ocrx_word' id='word_1_245' title='bbox 1004 2296 1109 2355; x_wconf 89' lang='lat' dir='ltr'><strong>est,</strong></span> <span class='ocrx_word' id='word_1_246' title='bbox 1142 2286 1366 2341; x_wconf 88' lang='lat' dir='ltr'><strong>Salmon</strong></span> <span class='ocrx_word' id='word_1_247' title='bbox 1389 2285 1598 2357; x_wconf 80' lang='lat' dir='ltr'><strong>genuit,</strong></span> <span class='ocrx_word' id='word_1_248' title='bbox 1628 2282 1851 2339; x_wconf 86' lang='lat' dir='ltr'><strong>Salmon</strong></span> <span class='ocrx_word' id='word_1_249' title='bbox 1873 2284 2043 2351; x_wconf 89' lang='lat' dir='ltr'><strong>Boos;</strong></span> 
     </span>
    </p>
   </div>
   <div class='ocr_carea' id='block_1_40' title="bbox 469 2375 2046 2448">
    <p class='ocr_par' dir='ltr' id='par_1_40' title="bbox 469 2375 2046 2448">
     <span class='ocr_line' id='line_1_40' title="bbox 469 2375 2046 2448; baseline -0.004 -12"><span class='ocrx_word' id='word_1_250' title='bbox 469 2380 613 2436; x_wconf 86' lang='lat' dir='ltr'><strong>Boos</strong></span> <span class='ocrx_word' id='word_1_251' title='bbox 644 2379 819 2441; x_wconf 89' lang='lat' dir='ltr'><strong>Obed,</strong></span> <span class='ocrx_word' id='word_1_252' title='bbox 852 2378 1004 2434; x_wconf 87' lang='lat' dir='ltr'><strong>Obed</strong></span> <span class='ocrx_word' id='word_1_253' title='bbox 1032 2377 1187 2433; x_wconf 73' lang='lat' dir='ltr'><strong>Iesse</strong></span> <span class='ocrx_word' id='word_1_254' title='bbox 1221 2397 1234 2433; x_wconf 89' lang='lat'><strong>:</strong></span> <span class='ocrx_word' id='word_1_255' title='bbox 1268 2392 1395 2432; x_wconf 92' lang='lat' dir='ltr'><strong>cum</strong></span> <span class='ocrx_word' id='word_1_256' title='bbox 1444 2378 1537 2448; x_wconf 89' lang='lat' dir='ltr'><strong>qui</strong></span> <span class='ocrx_word' id='word_1_257' title='bbox 1580 2377 1830 2447; x_wconf 86' lang='lat' dir='ltr'><strong>religiose</strong></span> <span class='ocrx_word' id='word_1_258' title='bbox 1876 2375 2046 2430; x_wconf 90' lang='lat' dir='ltr'><strong>Deum</strong></span> 
     </span>
    </p>
   </div>
   <div class='ocr_carea' id='block_1_41' title="bbox 469 2464 2047 2527">
    <p class='ocr_par' dir='ltr' id='par_1_41' title="bbox 469 2464 2047 2527">
     <span class='ocr_line' id='line_1_41' title="bbox 469 2464 2047 2527; baseline -0.003 -1"><span class='ocrx_word' id='word_1_259' title='bbox 469 2473 711 2527; x_wconf 88' lang='lat' dir='ltr'><strong>colerent</strong></span> <span class='ocrx_word' id='word_1_260' title='bbox 757 2469 935 2525; x_wconf 89' lang='lat' dir='ltr'><strong>adhuc</strong></span> <span class='ocrx_word' id='word_1_261' title='bbox 981 2468 1257 2524; x_wconf 83' lang='lat' dir='ltr'><strong>Israelita</strong></span> <span class='ocrx_word' id='word_1_262' title='bbox 1285 2469 1619 2523; x_wconf 84' lang='lat' dir='ltr'><strong>dicerentur.</strong></span> <span class='ocrx_word' id='word_1_263' title='bbox 1658 2466 1863 2521; x_wconf 87' lang='lat' dir='ltr'><strong>Deinde</strong></span> <span class='ocrx_word' id='word_1_264' title='bbox 1891 2464 2047 2521; x_wconf 86' lang='lat' dir='ltr'><strong>Jcsse</strong></span> 
     </span>
    </p>
   </div>
   <div class='ocr_carea' id='block_1_42' title="bbox 469 2554 2044 2635">
    <p class='ocr_par' dir='ltr' id='par_1_42' title="bbox 469 2554 2044 2635">
     <span class='ocr_line' id='line_1_42' title="bbox 469 2554 2044 2635; baseline -0.006 -16"><span class='ocrx_word' id='word_1_265' title='bbox 469 2564 726 2619; x_wconf 86' lang='lat' dir='ltr'><strong>Davidem</strong></span> <span class='ocrx_word' id='word_1_266' title='bbox 770 2561 980 2635; x_wconf 87' lang='lat' dir='ltr'><strong>genuit,</strong></span> <span class='ocrx_word' id='word_1_267' title='bbox 1026 2562 1118 2631; x_wconf 88' lang='lat' dir='ltr'><strong>qui</strong></span> <span class='ocrx_word' id='word_1_268' title='bbox 1148 2562 1357 2631; x_wconf 85' lang='lat' dir='ltr'><strong>primus</strong></span> <span class='ocrx_word' id='word_1_269' title='bbox 1399 2575 1430 2614; x_wconf 92' lang='lat' dir='ltr'><strong>e</strong></span> <span class='ocrx_word' id='word_1_270' title='bbox 1462 2558 1606 2613; x_wconf 90' lang='lat' dir='ltr'><strong>tribu</strong></span> <span class='ocrx_word' id='word_1_271' title='bbox 1634 2554 1787 2611; x_wconf 87' lang='lat' dir='ltr'><strong>Juda</strong></span> <span class='ocrx_word' id='word_1_272' title='bbox 1806 2571 2044 2624; x_wconf 75' lang='lat' dir='ltr'><strong>regnum</strong></span> 
     </span>
    </p>
   </div>
   <div class='ocr_carea' id='block_1_43' title="bbox 468 2650 2048 2723">
    <p class='ocr_par' dir='ltr' id='par_1_43' title="bbox 468 2650 2048 2723">
     <span class='ocr_line' id='line_1_43' title="bbox 468 2650 2048 2723; baseline -0.007 -13"><span class='ocrx_word' id='word_1_273' title='bbox 468 2656 724 2711; x_wconf 80' lang='lat' dir='ltr'><strong>obtinuit.</strong></span> <span class='ocrx_word' id='word_1_274' title='bbox 760 2653 934 2723; x_wconf 85' lang='lat' dir='ltr'><strong>Cujus</strong></span> <span class='ocrx_word' id='word_1_275' title='bbox 957 2652 1025 2706; x_wconf 92' lang='lat' dir='ltr'><strong>ab</strong></span> <span class='ocrx_word' id='word_1_276' title='bbox 1046 2653 1217 2721; x_wconf 88' lang='lat' dir='ltr'><strong>stirpe</strong></span> <span class='ocrx_word' id='word_1_277' title='bbox 1242 2650 1501 2720; x_wconf 86' lang='lat' dir='ltr'><strong>deinceps</strong></span> <span class='ocrx_word' id='word_1_278' title='bbox 1538 2654 1803 2718; x_wconf 87' lang='lat' dir='ltr'><strong>perpetua</strong></span> <span class='ocrx_word' id='word_1_279' title='bbox 1832 2660 2048 2701; x_wconf 88' lang='lat' dir='ltr'><strong>succes-</strong></span> 
     </span>
    </p>
   </div>
   <div class='ocr_carea' id='block_1_44' title="bbox 468 2736 2045 2816">
    <p class='ocr_par' dir='ltr' id='par_1_44' title="bbox 468 2736 2045 2816">
     <span class='ocr_line' id='line_1_44' title="bbox 468 2736 2045 2816; baseline -0.008 -14"><span class='ocrx_word' id='word_1_280' title='bbox 468 2748 628 2803; x_wconf 81' lang='lat' dir='ltr'><strong>sione</strong></span> <span class='ocrx_word' id='word_1_281' title='bbox 660 2760 815 2816; x_wconf 89' lang='lat' dir='ltr'><strong>reges</strong></span> <span class='ocrx_word' id='word_1_282' title='bbox 842 2743 1072 2814; x_wconf 88' lang='lat' dir='ltr'><strong>imperio</strong></span> <span class='ocrx_word' id='word_1_283' title='bbox 1110 2743 1267 2813; x_wconf 88' lang='lat' dir='ltr'><strong>potiti</strong></span> <span class='ocrx_word' id='word_1_284' title='bbox 1307 2749 1455 2797; x_wconf 88' lang='lat' dir='ltr'><strong>sunt.</strong></span> <span class='ocrx_word' id='word_1_285' title='bbox 1489 2738 1595 2795; x_wconf 89' lang='lat' dir='ltr'><strong>Sed</strong></span> <span class='ocrx_word' id='word_1_286' title='bbox 1631 2744 1757 2793; x_wconf 89' lang='lat' dir='ltr'><strong>ante</strong></span> <span class='ocrx_word' id='word_1_287' title='bbox 1786 2736 2045 2790; x_wconf 86' lang='lat' dir='ltr'><strong>Davidem</strong></span> 
     </span>
    </p>
   </div>
   <div class='ocr_carea' id='block_1_45' title="bbox 469 2826 2047 2909">
    <p class='ocr_par' dir='ltr' id='par_1_45' title="bbox 469 2826 2047 2909">
     <span class='ocr_line' id='line_1_45' title="bbox 469 2826 2047 2909; baseline -0.009 -17"><span class='ocrx_word' id='word_1_288' title='bbox 469 2840 679 2909; x_wconf 90' lang='lat' dir='ltr'><strong>primus</strong></span> <span class='ocrx_word' id='word_1_289' title='bbox 713 2835 1072 2891; x_wconf 91' lang='lat' dir='ltr'><strong>lsraeliticum</strong></span> <span class='ocrx_word' id='word_1_290' title='bbox 1095 2850 1320 2905; x_wconf 87' lang='lat' dir='ltr'><strong>regnum</strong></span> <span class='ocrx_word' id='word_1_291' title='bbox 1349 2832 1548 2885; x_wconf 84' lang='lat' dir='ltr'><strong>Saulus</strong></span> <span class='ocrx_word' id='word_1_292' title='bbox 1578 2836 1830 2884; x_wconf 87' lang='lat' dir='ltr'><strong>tenuerat</strong></span> <span class='ocrx_word' id='word_1_293' title='bbox 1855 2842 1885 2881; x_wconf 91' lang='lat' dir='ltr'><strong>e</strong></span> <span class='ocrx_word' id='word_1_294' title='bbox 1917 2826 2047 2881; x_wconf 88' lang='lat' dir='ltr'><strong>Ben-</strong></span> 
     </span>
    </p>
   </div>
   <div class='ocr_carea' id='block_1_46' title="bbox 463 2920 2046 3001">
    <p class='ocr_par' dir='ltr' id='par_1_46' title="bbox 463 2920 2046 3001">
     <span class='ocr_line' id='line_1_46' title="bbox 463 2920 2046 3001; baseline -0.008 -16"><span class='ocrx_word' id='word_1_295' title='bbox 463 2931 660 3001; x_wconf 85' lang='lat' dir='ltr'><strong>jamiui</strong></span> <span class='ocrx_word' id='word_1_296' title='bbox 689 2929 853 2994; x_wconf 90' lang='lat' dir='ltr'><strong>tribu,</strong></span> <span class='ocrx_word' id='word_1_297' title='bbox 879 2927 1042 2982; x_wconf 89' lang='lat' dir='ltr'><strong>Ceiso</strong></span> <span class='ocrx_word' id='word_1_298' title='bbox 1068 2936 1222 2997; x_wconf 88' lang='lat' dir='ltr'><strong>patre</strong></span> <span class='ocrx_word' id='word_1_299' title='bbox 1250 2926 1464 2993; x_wconf 84' lang='lat' dir='ltr'><strong>genitus</strong></span> <span class='ocrx_word' id='word_1_300' title='bbox 1496 2942 1507 2976; x_wconf 88' lang='lat'><strong>:</strong></span> <span class='ocrx_word' id='word_1_301' title='bbox 1533 2922 1637 2993; x_wconf 76' lang='lat'><strong>16</strong></span> <span class='ocrx_word' id='word_1_302' title='bbox 1661 2935 1761 2975; x_wconf 92' lang='lat' dir='ltr'><strong>nec</strong></span> <span class='ocrx_word' id='word_1_303' title='bbox 1788 2920 1838 2974; x_wconf 90' lang='lat' dir='ltr'><strong>ei</strong></span> <span class='ocrx_word' id='word_1_304' title='bbox 1864 2927 2046 2973; x_wconf 89' lang='lat' dir='ltr'><strong>tamen</strong></span> 
     </span>
    </p>
   </div>
   <div class='ocr_carea' id='block_1_47' title="bbox 458 3011 2045 3087">
    <p class='ocr_par' dir='ltr' id='par_1_47' title="bbox 458 3011 2045 3087">
     <span class='ocr_line' id='line_1_47' title="bbox 458 3011 2045 3087; baseline -0.009 -10"><span class='ocrx_word' id='word_1_305' title='bbox 458 3022 613 3078; x_wconf 55' lang='lat' dir='ltr'><strong>&#39;tilius</strong></span> <span class='ocrx_word' id='word_1_306' title='bbox 642 3021 944 3087; x_wconf 89' lang='lat' dir='ltr'><strong>successit;</strong></span> <span class='ocrx_word' id='word_1_307' title='bbox 982 3019 1079 3074; x_wconf 89' lang='lat' dir='ltr'><strong>sed</strong></span> <span class='ocrx_word' id='word_1_308' title='bbox 1128 3019 1196 3073; x_wconf 91' lang='lat' dir='ltr'><strong>ad</strong></span> <span class='ocrx_word' id='word_1_309' title='bbox 1237 3018 1439 3071; x_wconf 88' lang='lat' dir='ltr'><strong>tribum</strong></span> <span class='ocrx_word' id='word_1_310' title='bbox 1464 3014 1618 3069; x_wconf 85' lang='lat' dir='ltr'><strong>Juda</strong></span> <span class='ocrx_word' id='word_1_311' title='bbox 1657 3028 1752 3083; x_wconf 91' lang='lat' dir='ltr'><strong>per</strong></span> <span class='ocrx_word' id='word_1_312' title='bbox 1787 3011 2045 3064; x_wconf 80' lang='lat' dir='ltr'><strong>Davideui</strong></span> 
     </span>
    </p>
   </div>
   <div class='ocr_carea' id='block_1_48' title="bbox 469 3103 2044 3183">
    <p class='ocr_par' dir='ltr' id='par_1_48' title="bbox 469 3103 2044 3183">
     <span class='ocr_line' id='line_1_48' title="bbox 469 3103 2044 3183; baseline -0.01 -14"><span class='ocrx_word' id='word_1_313' title='bbox 469 3112 764 3183; x_wconf 89' lang='lat' dir='ltr'><strong>imperium</strong></span> <span class='ocrx_word' id='word_1_314' title='bbox 788 3112 1114 3165; x_wconf 84' lang='lat' dir='ltr'><strong>translatum</strong></span> <span class='ocrx_word' id='word_1_315' title='bbox 1148 3116 1249 3164; x_wconf 90' lang='lat' dir='ltr'><strong>est.</strong></span> <span class='ocrx_word' id='word_1_316' title='bbox 1276 3106 1447 3179; x_wconf 84' lang='lat' dir='ltr'><strong>Igitur</strong></span> <span class='ocrx_word' id='word_1_317' title='bbox 1475 3104 1715 3159; x_wconf 86' lang='lat' dir='ltr'><strong>Jacobus</strong></span> <span class='ocrx_word' id='word_1_318' title='bbox 1747 3103 2044 3157; x_wconf 88' lang='lat' dir='ltr'><strong>liberorum</strong></span> 
     </span>
    </p>
   </div>
   <div class='ocr_carea' id='block_1_49' title="bbox 2148 2000 3725 2082">
    <p class='ocr_par' dir='ltr' id='par_1_49' title="bbox 2148 2000 3725 2082">
     <span class='ocr_line' id='line_1_49' title="bbox 2148 2000 3725 2082; baseline 0.008 -29"><span class='ocrx_word' id='word_1_319' title='bbox 2148 2000 2415 2055; x_wconf 81' lang='grc' dir='ltr'>Ναασσὼν</span> <span class='ocrx_word' id='word_1_320' title='bbox 2447 2004 2562 2060; x_wconf 72' lang='grc' dir='ltr'><strong>ὁὲν</strong></span> <span class='ocrx_word' id='word_1_321' title='bbox 2586 2006 2649 2074; x_wconf 85' lang='grc' dir='ltr'>τῇ</span> <span class='ocrx_word' id='word_1_322' title='bbox 2699 2006 2889 2075; x_wconf 79' lang='grc' dir='ltr'>ἐρήμῳ</span> <span class='ocrx_word' id='word_1_323' title='bbox 2922 2008 3161 2075; x_wconf 84' lang='grc' dir='ltr'>γεγονὼς</span> <span class='ocrx_word' id='word_1_324' title='bbox 3193 2010 3467 2081; x_wconf 80' lang='grc' dir='ltr'>φύλαρχος</span> <span class='ocrx_word' id='word_1_325' title='bbox 3492 2012 3590 2081; x_wconf 81' lang='grc' dir='ltr'><strong>τῆς</strong></span> <span class='ocrx_word' id='word_1_326' title='bbox 3629 2032 3725 2082; x_wconf 81' lang='grc' dir='ltr'><strong>φυ-</strong></span> 
     </span>
    </p>
   </div>
   <div class='ocr_carea' id='block_1_50' title="bbox 2148 2095 3729 2173">
    <p class='ocr_par' dir='ltr' id='par_1_50' title="bbox 2148 2095 3729 2173">
     <span class='ocr_line' id='line_1_50' title="bbox 2148 2095 3729 2173; baseline 0.006 -26"><span class='ocrx_word' id='word_1_327' title='bbox 2148 2095 2246 2165; x_wconf 86' lang='grc' dir='ltr'><strong>λῆς</strong></span> <span class='ocrx_word' id='word_1_328' title='bbox 2308 2095 2479 2149; x_wconf 80' lang='grc' dir='ltr'>Ἰούδα</span> <span class='ocrx_word' id='word_1_329' title='bbox 2536 2098 2701 2168; x_wconf 83' lang='grc' dir='ltr'>γεννᾷ</span> <span class='ocrx_word' id='word_1_330' title='bbox 2747 2097 2841 2150; x_wconf 80' lang='grc' dir='ltr'><strong>τὸν</strong></span> <span class='ocrx_word' id='word_1_331' title='bbox 2875 2097 3139 2169; x_wconf 84' lang='grc' dir='ltr'>Σαλμών·</span> <span class='ocrx_word' id='word_1_332' title='bbox 3181 2102 3410 2172; x_wconf 83' lang='grc' dir='ltr'>Σαλμὼν</span> <span class='ocrx_word' id='word_1_333' title='bbox 3440 2106 3603 2173; x_wconf 83' lang='grc' dir='ltr'>γεννᾷ</span> <span class='ocrx_word' id='word_1_334' title='bbox 3638 2104 3729 2156; x_wconf 85' lang='grc' dir='ltr'><strong>τὸν</strong></span> 
     </span>
    </p>
   </div>
   <div class='ocr_carea' id='block_1_51' title="bbox 2150 2186 3726 2264">
    <p class='ocr_par' dir='ltr' id='par_1_51' title="bbox 2150 2186 3726 2264">
     <span class='ocr_line' id='line_1_51' title="bbox 2150 2186 3726 2264; baseline 0.006 -26"><span class='ocrx_word' id='word_1_335' title='bbox 2150 2187 2277 2251; x_wconf 86' lang='grc' dir='ltr'><strong>Βοός</strong></span> <span class='ocrx_word' id='word_1_336' title='bbox 2303 2203 2316 2218; x_wconf 90' lang='grc'><strong>·</strong></span> <span class='ocrx_word' id='word_1_337' title='bbox 2345 2186 2480 2250; x_wconf 72' lang='lat' dir='ltr'><strong>Bob;</strong></span> <span class='ocrx_word' id='word_1_338' title='bbox 2510 2190 2674 2258; x_wconf 86' lang='grc' dir='ltr'>γεννᾷ</span> <span class='ocrx_word' id='word_1_339' title='bbox 2702 2187 2793 2242; x_wconf 85' lang='grc' dir='ltr'><strong>τὸν</strong></span> <span class='ocrx_word' id='word_1_340' title='bbox 2836 2190 2997 2259; x_wconf 83' lang='grc' dir='ltr'><strong>Ὠϐήδ</strong></span> <span class='ocrx_word' id='word_1_341' title='bbox 3021 2207 3035 2221; x_wconf 75' lang='grc' dir='ltr'><strong>ο</strong></span> <span class='ocrx_word' id='word_1_342' title='bbox 3079 2192 3236 2262; x_wconf 78' lang='grc' dir='ltr'>Ὠὄὴδ</span> <span class='ocrx_word' id='word_1_343' title='bbox 3268 2196 3431 2264; x_wconf 80' lang='grc' dir='ltr'>γεννᾷ</span> <span class='ocrx_word' id='word_1_344' title='bbox 3462 2196 3552 2246; x_wconf 84' lang='grc' dir='ltr'><strong>τὸν</strong></span> <span class='ocrx_word' id='word_1_345' title='bbox 3598 2197 3726 2247; x_wconf 82' lang='grc' dir='ltr'>Ἰεσ-</span> 
     </span>
    </p>
   </div>
   <div class='ocr_carea' id='block_1_52' title="bbox 2151 2280 3725 2357">
    <p class='ocr_par' dir='ltr' id='par_1_52' title="bbox 2151 2280 3725 2357">
     <span class='ocr_line' id='line_1_52' title="bbox 2151 2280 3725 2357; baseline 0.004 -23"><span class='ocrx_word' id='word_1_346' title='bbox 2151 2282 2239 2335; x_wconf 84' lang='grc' dir='ltr'><strong>σαὶ</strong></span> <span class='ocrx_word' id='word_1_347' title='bbox 2288 2281 2381 2333; x_wconf 76' lang='grc' dir='ltr'>ἐπὶ</span> <span class='ocrx_word' id='word_1_348' title='bbox 2431 2280 2537 2333; x_wconf 82' lang='grc' dir='ltr'><strong>τῶν</strong></span> <span class='ocrx_word' id='word_1_349' title='bbox 2591 2281 2859 2336; x_wconf 77' lang='grc' dir='ltr'>θεοσεὸῶν</span> <span class='ocrx_word' id='word_1_350' title='bbox 2937 2285 3286 2355; x_wconf 83' lang='grc' dir='ltr'>Ἰσραηλιτῶν</span> <span class='ocrx_word' id='word_1_351' title='bbox 3338 2288 3686 2357; x_wconf 79' lang='grc' dir='ltr'>καλουμένων</span> <span class='ocrx_word' id='word_1_352' title='bbox 3714 2305 3725 2319; x_wconf 67' lang='grc' dir='ltr'><strong>τ</strong></span> 
     </span>
    </p>
   </div>
   <div class='ocr_carea' id='block_1_53' title="bbox 2161 2374 3717 2450">
    <p class='ocr_par' dir='ltr' id='par_1_53' title="bbox 2161 2374 3717 2450">
     <span class='ocr_line' id='line_1_53' title="bbox 2161 2374 3717 2450; baseline 0.003 -24"><span class='ocrx_word' id='word_1_353' title='bbox 2161 2374 2357 2427; x_wconf 81' lang='grc' dir='ltr'>Ἰεσσαὶ</span> <span class='ocrx_word' id='word_1_354' title='bbox 2384 2377 2549 2447; x_wconf 85' lang='grc' dir='ltr'>γεννᾷ</span> <span class='ocrx_word' id='word_1_355' title='bbox 2574 2376 2662 2429; x_wconf 77' lang='grc' dir='ltr'><strong>τὸν</strong></span> <span class='ocrx_word' id='word_1_356' title='bbox 2693 2377 2856 2429; x_wconf 74' lang='grc' dir='ltr'>Δαϐὶδ</span> <span class='ocrx_word' id='word_1_357' title='bbox 2903 2377 2993 2430; x_wconf 78' lang='grc' dir='ltr'><strong>τὸν</strong></span> <span class='ocrx_word' id='word_1_358' title='bbox 3018 2377 3257 2447; x_wconf 79' lang='grc' dir='ltr'>βασιλέα,</span> <span class='ocrx_word' id='word_1_359' title='bbox 3283 2379 3340 2443; x_wconf 84' lang='grc' dir='ltr'>ὃς</span> <span class='ocrx_word' id='word_1_360' title='bbox 3365 2381 3576 2450; x_wconf 82' lang='grc' dir='ltr'>πρῶτος</span> <span class='ocrx_word' id='word_1_361' title='bbox 3602 2380 3717 2431; x_wconf 79' lang='grc' dir='ltr'>ἐϐα-</span> 
     </span>
    </p>
   </div>
   <div class='ocr_carea' id='block_1_54' title="bbox 2149 2463 3720 2537">
    <p class='ocr_par' dir='ltr' id='par_1_54' title="bbox 2149 2463 3720 2537">
     <span class='ocr_line' id='line_1_54' title="bbox 2149 2463 3720 2537; baseline 0.005 -20"><span class='ocrx_word' id='word_1_362' title='bbox 2149 2466 2393 2519; x_wconf 83' lang='grc' dir='ltr'>σίλευσεν</span> <span class='ocrx_word' id='word_1_363' title='bbox 2412 2468 2475 2519; x_wconf 81' lang='grc' dir='ltr'>ἐκ</span> <span class='ocrx_word' id='word_1_364' title='bbox 2516 2466 2687 2537; x_wconf 83' lang='grc' dir='ltr'>φυλῆς</span> <span class='ocrx_word' id='word_1_365' title='bbox 2733 2467 2921 2522; x_wconf 88' lang='grc' dir='ltr'>Ἰούδα.</span> <span class='ocrx_word' id='word_1_366' title='bbox 2959 2467 3048 2533; x_wconf 79' lang='grc' dir='ltr'><strong>Ἐξ</strong></span> <span class='ocrx_word' id='word_1_367' title='bbox 3077 2463 3137 2523; x_wconf 82' lang='grc' dir='ltr'><strong>οῦ</strong></span> <span class='ocrx_word' id='word_1_368' title='bbox 3166 2470 3352 2523; x_wconf 69' lang='grc' dir='ltr'>λοιπδν</span> <span class='ocrx_word' id='word_1_369' title='bbox 3379 2474 3425 2522; x_wconf 83' lang='grc' dir='ltr'><strong>οἱ</strong></span> <span class='ocrx_word' id='word_1_370' title='bbox 3451 2472 3589 2524; x_wconf 79' lang='grc' dir='ltr'>κατὰ</span> <span class='ocrx_word' id='word_1_371' title='bbox 3614 2471 3720 2525; x_wconf 82' lang='grc' dir='ltr'>δια-</span> 
     </span>
    </p>
   </div>
   <div class='ocr_carea' id='block_1_55' title="bbox 2145 2556 3720 2634">
    <p class='ocr_par' dir='ltr' id='par_1_55' title="bbox 2145 2556 3720 2634">
     <span class='ocr_line' id='line_1_55' title="bbox 2145 2556 3720 2634; baseline 0.006 -25"><span class='ocrx_word' id='word_1_372' title='bbox 2145 2556 2306 2629; x_wconf 85' lang='grc' dir='ltr'>δοχὴν</span> <span class='ocrx_word' id='word_1_373' title='bbox 2344 2558 2603 2630; x_wconf 82' lang='grc' dir='ltr'>βασιλεῖς,</span> <span class='ocrx_word' id='word_1_374' title='bbox 2640 2560 2705 2612; x_wconf 85' lang='grc' dir='ltr'>ἐκ</span> <span class='ocrx_word' id='word_1_375' title='bbox 2745 2561 2839 2613; x_wconf 89' lang='grc' dir='ltr'><strong>τοῦ</strong></span> <span class='ocrx_word' id='word_1_376' title='bbox 2896 2562 3213 2634; x_wconf 89' lang='grc' dir='ltr'>σπέρματος</span> <span class='ocrx_word' id='word_1_377' title='bbox 3244 2564 3432 2629; x_wconf 83' lang='grc' dir='ltr'>αὑτοῦ,</span> <span class='ocrx_word' id='word_1_378' title='bbox 3465 2565 3577 2628; x_wconf 86' lang='grc' dir='ltr'>υἱὸς</span> <span class='ocrx_word' id='word_1_379' title='bbox 3614 2565 3720 2618; x_wconf 75' lang='grc' dir='ltr'>διαο</span> 
     </span>
    </p>
   </div>
   <div class='ocr_carea' id='block_1_56' title="bbox 2146 2649 3725 2726">
    <p class='ocr_par' dir='ltr' id='par_1_56' title="bbox 2146 2649 3725 2726">
     <span class='ocr_line' id='line_1_56' title="bbox 2146 2649 3725 2726; baseline 0.004 -24"><span class='ocrx_word' id='word_1_380' title='bbox 2146 2649 2433 2720; x_wconf 82' lang='grc' dir='ltr'>δεχόμενος</span> <span class='ocrx_word' id='word_1_381' title='bbox 2488 2651 2721 2722; x_wconf 83' lang='grc' dir='ltr'>πατέρα,</span> <span class='ocrx_word' id='word_1_382' title='bbox 2778 2652 3016 2723; x_wconf 78' lang='grc' dir='ltr'>καθεξῆς</span> <span class='ocrx_word' id='word_1_383' title='bbox 3081 2658 3491 2726; x_wconf 80' lang='grc' dir='ltr'>συνεστήκασιν.</span> <span class='ocrx_word' id='word_1_384' title='bbox 3522 2653 3629 2710; x_wconf 70' lang='grc' dir='ltr'><strong>τΗν</strong></span> <span class='ocrx_word' id='word_1_385' title='bbox 3670 2656 3725 2708; x_wconf 86' lang='grc' dir='ltr'><strong>δὲ</strong></span> 
     </span>
    </p>
   </div>
   <div class='ocr_carea' id='block_1_57' title="bbox 2148 2742 3725 2821">
    <p class='ocr_par' dir='ltr' id='par_1_57' title="bbox 2148 2742 3725 2821">
     <span class='ocr_line' id='line_1_57' title="bbox 2148 2742 3725 2821; baseline 0.004 -28"><span class='ocrx_word' id='word_1_386' title='bbox 2148 2742 2252 2811; x_wconf 71' lang='grc' dir='ltr'><strong>πρὸ</strong></span> <span class='ocrx_word' id='word_1_387' title='bbox 2269 2742 2432 2795; x_wconf 86' lang='grc' dir='ltr'>αὐτοῦ</span> <span class='ocrx_word' id='word_1_388' title='bbox 2462 2744 2555 2797; x_wconf 88' lang='grc' dir='ltr'><strong>τοῦ</strong></span> <span class='ocrx_word' id='word_1_389' title='bbox 2586 2744 2752 2798; x_wconf 75' lang='grc' dir='ltr'>Δαϐὶδ</span> <span class='ocrx_word' id='word_1_390' title='bbox 2789 2747 2817 2798; x_wconf 85' lang='grc' dir='ltr'><strong>ό</strong></span> <span class='ocrx_word' id='word_1_391' title='bbox 2847 2746 3007 2814; x_wconf 80' lang='grc' dir='ltr'>φύσει</span> <span class='ocrx_word' id='word_1_392' title='bbox 3050 2749 3264 2821; x_wconf 89' lang='grc' dir='ltr'>πρῶτος</span> <span class='ocrx_word' id='word_1_393' title='bbox 3305 2748 3629 2818; x_wconf 81' lang='grc' dir='ltr'>βασιλεύσας</span> <span class='ocrx_word' id='word_1_394' title='bbox 3670 2749 3725 2800; x_wconf 79' lang='grc' dir='ltr'>ἐν</span> 
     </span>
    </p>
   </div>
   <div class='ocr_carea' id='block_1_58' title="bbox 2162 2832 3725 2909">
    <p class='ocr_par' dir='ltr' id='par_1_58' title="bbox 2162 2832 3725 2909">
     <span class='ocr_line' id='line_1_58' title="bbox 2162 2832 3725 2909; baseline 0.004 -26"><span class='ocrx_word' id='word_1_395' title='bbox 2162 2832 2376 2903; x_wconf 86' lang='grc' dir='ltr'>Ἰσραὴλ</span> <span class='ocrx_word' id='word_1_396' title='bbox 2391 2834 2561 2886; x_wconf 78' lang='grc' dir='ltr'>Σαοὺλ</span> <span class='ocrx_word' id='word_1_397' title='bbox 2582 2834 2695 2897; x_wconf 82' lang='grc' dir='ltr'>υίὸς</span> <span class='ocrx_word' id='word_1_398' title='bbox 2715 2835 2846 2899; x_wconf 76' lang='grc' dir='ltr'>Κεὶς</span> <span class='ocrx_word' id='word_1_399' title='bbox 2868 2836 2931 2887; x_wconf 80' lang='grc' dir='ltr'>ὲκ</span> <span class='ocrx_word' id='word_1_400' title='bbox 2949 2837 3120 2907; x_wconf 81' lang='grc' dir='ltr'>φυλῆς</span> <span class='ocrx_word' id='word_1_401' title='bbox 3136 2838 3412 2909; x_wconf 59' lang='grc' dir='ltr'>Βενιαμίν</span> <span class='ocrx_word' id='word_1_402' title='bbox 3436 2840 3529 2892; x_wconf 78' lang='grc' dir='ltr'><strong>καὶ</strong></span> <span class='ocrx_word' id='word_1_403' title='bbox 3545 2838 3725 2892; x_wconf 80' lang='grc' dir='ltr'>οὐκέτι</span> 
     </span>
    </p>
   </div>
   <div class='ocr_carea' id='block_1_59' title="bbox 2150 2923 3724 3000">
    <p class='ocr_par' dir='ltr' id='par_1_59' title="bbox 2150 2923 3724 3000">
     <span class='ocr_line' id='line_1_59' title="bbox 2150 2923 3724 3000; baseline 0.004 -24"><span class='ocrx_word' id='word_1_404' title='bbox 2150 2923 2315 2977; x_wconf 76' lang='grc' dir='ltr'>αὑτὸν</span> <span class='ocrx_word' id='word_1_405' title='bbox 2345 2923 2613 2988; x_wconf 81' lang='grc' dir='ltr'>διεδέξατο</span> <span class='ocrx_word' id='word_1_406' title='bbox 2644 2926 2755 2988; x_wconf 83' lang='grc' dir='ltr'>υἱός</span> <span class='ocrx_word' id='word_1_407' title='bbox 2779 2942 2792 2955; x_wconf 80' lang='grc'>⁶</span> <span class='ocrx_word' id='word_1_408' title='bbox 2835 2926 2970 2979; x_wconf 81' lang='grc' dir='ltr'>ἀλλὰ</span> <span class='ocrx_word' id='word_1_409' title='bbox 3002 2929 3234 3000; x_wconf 79' lang='grc' dir='ltr'>μετέστη</span> <span class='ocrx_word' id='word_1_410' title='bbox 3259 2931 3318 2982; x_wconf 80' lang='grc' dir='ltr'>τὸ</span> <span class='ocrx_word' id='word_1_411' title='bbox 3346 2930 3614 3000; x_wconf 87' lang='grc' dir='ltr'>βασίλειον</span> <span class='ocrx_word' id='word_1_412' title='bbox 3641 2929 3724 2982; x_wconf 71' lang='grc' dir='ltr'>διὰ</span> 
     </span>
    </p>
   </div>
   <div class='ocr_carea' id='block_1_60' title="bbox 2146 3015 3724 3092">
    <p class='ocr_par' dir='ltr' id='par_1_60' title="bbox 2146 3015 3724 3092">
     <span class='ocr_line' id='line_1_60' title="bbox 2146 3015 3724 3092; baseline 0.004 -27"><span class='ocrx_word' id='word_1_413' title='bbox 2146 3015 2310 3067; x_wconf 75' lang='grc' dir='ltr'>Δαὸὶδ</span> <span class='ocrx_word' id='word_1_414' title='bbox 2362 3015 2578 3086; x_wconf 87' lang='grc' dir='ltr'>πρώτου</span> <span class='ocrx_word' id='word_1_415' title='bbox 2636 3019 2715 3080; x_wconf 84' lang='grc' dir='ltr'><strong>είς</strong></span> <span class='ocrx_word' id='word_1_416' title='bbox 2764 3017 2863 3087; x_wconf 88' lang='grc' dir='ltr'><strong>τὴν</strong></span> <span class='ocrx_word' id='word_1_417' title='bbox 2911 3018 3082 3089; x_wconf 82' lang='grc' dir='ltr'>φυλὴν</span> <span class='ocrx_word' id='word_1_418' title='bbox 3130 3020 3317 3073; x_wconf 87' lang='grc' dir='ltr'>Ἰούδα.</span> <span class='ocrx_word' id='word_1_419' title='bbox 3361 3021 3585 3092; x_wconf 82' lang='grc' dir='ltr'>Πρῶτος</span> <span class='ocrx_word' id='word_1_420' title='bbox 3618 3018 3724 3089; x_wconf 83' lang='grc' dir='ltr'>γὰρ</span> 
     </span>
    </p>
   </div>
   <div class='ocr_carea' id='block_1_61' title="bbox 2146 3106 3721 3182">
    <p class='ocr_par' dir='ltr' id='par_1_61' title="bbox 2146 3106 3721 3182">
     <span class='ocr_line' id='line_1_61' title="bbox 2146 3106 3721 3182; baseline 0.001 -23"><span class='ocrx_word' id='word_1_421' title='bbox 2146 3106 2294 3177; x_wconf 82' lang='grc' dir='ltr'>αὐτῷ</span> <span class='ocrx_word' id='word_1_422' title='bbox 2324 3108 2401 3176; x_wconf 83' lang='grc' dir='ltr'>τῷ</span> <span class='ocrx_word' id='word_1_423' title='bbox 2442 3106 2636 3161; x_wconf 81' lang='grc' dir='ltr'>Ἰακὼϐ</span> <span class='ocrx_word' id='word_1_424' title='bbox 2674 3110 2803 3171; x_wconf 86' lang='grc' dir='ltr'>παῖς</span> <span class='ocrx_word' id='word_1_425' title='bbox 2829 3109 3034 3178; x_wconf 86' lang='grc' dir='ltr'>γίνεται</span> <span class='ocrx_word' id='word_1_426' title='bbox 3076 3110 3316 3181; x_wconf 75' lang='grc' dir='ltr'>Ῥουϐὶμ,</span> <span class='ocrx_word' id='word_1_427' title='bbox 3347 3112 3595 3182; x_wconf 87' lang='grc' dir='ltr'>δεύτερος</span> <span class='ocrx_word' id='word_1_428' title='bbox 3626 3112 3721 3162; x_wconf 85' lang='grc' dir='ltr'>Συ-</span> 
     </span>
    </p>
   </div>
   <div class='ocr_carea' id='block_1_62' title="bbox 471 3194 2045 3296">
    <p class='ocr_par' dir='ltr' id='par_1_62' title="bbox 471 3194 2045 3274">
     <span class='ocr_line' id='line_1_62' title="bbox 471 3194 2045 3274; baseline -0.006 -16"><span class='ocrx_word' id='word_1_429' title='bbox 471 3204 707 3274; x_wconf 90' lang='lat' dir='ltr'><strong>primum</strong></span> <span class='ocrx_word' id='word_1_430' title='bbox 734 3202 980 3257; x_wconf 91' lang='lat' dir='ltr'><strong>omnium</strong></span> <span class='ocrx_word' id='word_1_431' title='bbox 1022 3198 1312 3254; x_wconf 82' lang='lat' dir='ltr'><strong>Rubenum</strong></span> <span class='ocrx_word' id='word_1_432' title='bbox 1339 3196 1588 3266; x_wconf 89' lang='lat' dir='ltr'><strong>suscipit;</strong></span> <span class='ocrx_word' id='word_1_433' title='bbox 1610 3194 1807 3249; x_wconf 90' lang='lat' dir='ltr'><strong>deinde</strong></span> <span class='ocrx_word' id='word_1_434' title='bbox 1833 3194 2045 3249; x_wconf 89' lang='lat' dir='ltr'><strong>Simeo-</strong></span> 
     </span>
    </p>
   </div>
   <div class='ocr_carea' id='block_1_63' title="bbox 2144 3194 3721 3296">
    <p class='ocr_par' dir='ltr' id='par_1_63' title="bbox 2150 3196 3721 3276">
     <span class='ocr_line' id='line_1_63' title="bbox 2150 3196 3721 3276; baseline 0.003 -26"><span class='ocrx_word' id='word_1_435' title='bbox 2150 3196 2315 3276; x_wconf 83' lang='grc' dir='ltr'>μεὼν,</span> <span class='ocrx_word' id='word_1_436' title='bbox 2333 3199 2514 3270; x_wconf 83' lang='grc' dir='ltr'>τρίτος</span> <span class='ocrx_word' id='word_1_437' title='bbox 2546 3199 2731 3264; x_wconf 80' lang='grc' dir='ltr'>Λευῒς,</span> <span class='ocrx_word' id='word_1_438' title='bbox 2761 3200 3021 3270; x_wconf 80' lang='grc' dir='ltr'>τέταρτος</span> <span class='ocrx_word' id='word_1_439' title='bbox 3044 3201 3260 3265; x_wconf 82' lang='grc' dir='ltr'>Ἰούδας,</span> <span class='ocrx_word' id='word_1_440' title='bbox 3278 3202 3335 3269; x_wconf 77' lang='grc' dir='ltr'><strong>ἐξ</strong></span> <span class='ocrx_word' id='word_1_441' title='bbox 3356 3197 3414 3256; x_wconf 80' lang='grc' dir='ltr'><strong>οῦ</strong></span> <span class='ocrx_word' id='word_1_442' title='bbox 3443 3202 3721 3255; x_wconf 82' lang='grc' dir='ltr'>καλοῦνται</span> 
     </span>
    </p>
   </div>
   <div class='ocr_carea' id='block_1_64' title="bbox 470 3282 2045 3359">
    <p class='ocr_par' dir='ltr' id='par_1_64' title="bbox 470 3282 2045 3359">
     <span class='ocr_line' id='line_1_64' title="bbox 470 3282 2045 3359; baseline -0.008 -8"><span class='ocrx_word' id='word_1_443' title='bbox 470 3310 595 3351; x_wconf 86' lang='lat' dir='ltr'><strong>nem</strong></span> <span class='ocrx_word' id='word_1_444' title='bbox 628 3314 643 3349; x_wconf 89' lang='lat'><strong>:</strong></span> <span class='ocrx_word' id='word_1_445' title='bbox 687 3295 911 3350; x_wconf 89' lang='lat' dir='ltr'><strong>tertium</strong></span> <span class='ocrx_word' id='word_1_446' title='bbox 944 3290 1094 3355; x_wconf 91' lang='lat' dir='ltr'><strong>Levi,</strong></span> <span class='ocrx_word' id='word_1_447' title='bbox 1129 3298 1405 3359; x_wconf 87' lang='lat' dir='ltr'><strong>quartum,</strong></span> <span class='ocrx_word' id='word_1_448' title='bbox 1435 3285 1705 3351; x_wconf 86' lang='lat' dir='ltr'><strong>Judam,a</strong></span> <span class='ocrx_word' id='word_1_449' title='bbox 1738 3300 1846 3355; x_wconf 93' lang='lat' dir='ltr'><strong>quo</strong></span> <span class='ocrx_word' id='word_1_450' title='bbox 1873 3282 2045 3339; x_wconf 82' lang='lat' dir='ltr'><strong>Judai</strong></span> 
     </span>
    </p>
   </div>
   <div class='ocr_carea' id='block_1_65' title="bbox 467 3375 2043 3459">
    <p class='ocr_par' dir='ltr' id='par_1_65' title="bbox 467 3375 2043 3459">
     <span class='ocr_line' id='line_1_65' title="bbox 467 3375 2043 3459; baseline -0.008 -17"><span class='ocrx_word' id='word_1_451' title='bbox 467 3385 841 3459; x_wconf 81' lang='lat' dir='ltr'><strong>cognominati</strong></span> <span class='ocrx_word' id='word_1_452' title='bbox 866 3391 1016 3449; x_wconf 89' lang='lat' dir='ltr'><strong>sunt,</strong></span> <span class='ocrx_word' id='word_1_453' title='bbox 1043 3382 1115 3437; x_wconf 93' lang='lat' dir='ltr'><strong>ob</strong></span> <span class='ocrx_word' id='word_1_454' title='bbox 1137 3380 1290 3434; x_wconf 86' lang='lat' dir='ltr'><strong>Juda</strong></span> <span class='ocrx_word' id='word_1_455' title='bbox 1327 3379 1557 3445; x_wconf 89' lang='lat' dir='ltr'><strong>tribum,</strong></span> <span class='ocrx_word' id='word_1_456' title='bbox 1594 3376 1685 3447; x_wconf 93' lang='lat' dir='ltr'><strong>qui</strong></span> <span class='ocrx_word' id='word_1_457' title='bbox 1726 3392 1793 3432; x_wconf 82' lang='lat' dir='ltr'><strong>ex</strong></span> <span class='ocrx_word' id='word_1_458' title='bbox 1822 3375 2043 3446; x_wconf 86' lang='lat' dir='ltr'><strong>religio-</strong></span> 
     </span>
    </p>
   </div>
   <div class='ocr_carea' id='block_1_66' title="bbox 466 3466 2045 3543">
    <p class='ocr_par' dir='ltr' id='par_1_66' title="bbox 466 3466 2045 3543">
     <span class='ocr_line' id='line_1_66' title="bbox 466 3466 2045 3543; baseline -0.009 -10"><span class='ocrx_word' id='word_1_459' title='bbox 466 3491 657 3533; x_wconf 85' lang='lat' dir='ltr'><strong>sorum</strong></span> <span class='ocrx_word' id='word_1_460' title='bbox 684 3474 966 3530; x_wconf 89' lang='lat' dir='ltr'><strong>hominum</strong></span> <span class='ocrx_word' id='word_1_461' title='bbox 996 3486 1193 3543; x_wconf 87' lang='lat' dir='ltr'><strong>genere</strong></span> <span class='ocrx_word' id='word_1_462' title='bbox 1227 3468 1523 3540; x_wconf 85' lang='lat' dir='ltr'><strong>prodierat,</strong></span> <span class='ocrx_word' id='word_1_463' title='bbox 1559 3467 1627 3521; x_wconf 90' lang='lat' dir='ltr'><strong>ad</strong></span> <span class='ocrx_word' id='word_1_464' title='bbox 1659 3481 1778 3522; x_wconf 87' lang='lat' dir='ltr'><strong>eam</strong></span> <span class='ocrx_word' id='word_1_465' title='bbox 1805 3466 2045 3536; x_wconf 90' lang='lat' dir='ltr'><strong>appella-</strong></span> 
     </span>
    </p>
   </div>
   <div class='ocr_carea' id='block_1_67' title="bbox 465 3556 2046 3632">
    <p class='ocr_par' dir='ltr' id='par_1_67' title="bbox 465 3556 2046 3632">
     <span class='ocr_line' id='line_1_67' title="bbox 465 3556 2046 3632; baseline -0.007 -11"><span class='ocrx_word' id='word_1_466' title='bbox 465 3567 673 3621; x_wconf 85' lang='lat' dir='ltr'><strong>tionem</strong></span> <span class='ocrx_word' id='word_1_467' title='bbox 708 3565 964 3619; x_wconf 82' lang='lat' dir='ltr'><strong>traducti.</strong></span> <span class='ocrx_word' id='word_1_468' title='bbox 1017 3560 1299 3632; x_wconf 87' lang='lat' dir='ltr'><strong>Siquidem</strong></span> <span class='ocrx_word' id='word_1_469' title='bbox 1340 3558 1603 3614; x_wconf 87' lang='lat' dir='ltr'><strong>Israelita</strong></span> <span class='ocrx_word' id='word_1_470' title='bbox 1632 3556 1905 3627; x_wconf 89' lang='lat' dir='ltr'><strong>principio</strong></span> <span class='ocrx_word' id='word_1_471' title='bbox 1948 3570 2046 3611; x_wconf 84' lang='lat' dir='ltr'><strong>vo-</strong></span> 
     </span>
    </p>
   </div>
   <div class='ocr_carea' id='block_1_68' title="bbox 466 3652 1576 3725">
    <p class='ocr_par' dir='ltr' id='par_1_68' title="bbox 466 3652 1576 3725">
     <span class='ocr_line' id='line_1_68' title="bbox 466 3652 1576 3725; baseline -0.011 -10"><span class='ocrx_word' id='word_1_472' title='bbox 466 3659 577 3715; x_wconf 83' lang='lat' dir='ltr'><strong>cati</strong></span> <span class='ocrx_word' id='word_1_473' title='bbox 604 3666 753 3722; x_wconf 90' lang='lat' dir='ltr'><strong>sunt,</strong></span> <span class='ocrx_word' id='word_1_474' title='bbox 775 3657 869 3725; x_wconf 87' lang='lat' dir='ltr'><strong>qui</strong></span> <span class='ocrx_word' id='word_1_475' title='bbox 898 3652 1071 3709; x_wconf 85' lang='lat' dir='ltr'><strong>Judai</strong></span> <span class='ocrx_word' id='word_1_476' title='bbox 1103 3653 1264 3708; x_wconf 92' lang='lat' dir='ltr'><strong>modo</strong></span> <span class='ocrx_word' id='word_1_477' title='bbox 1300 3653 1576 3707; x_wconf 90' lang='lat' dir='ltr'><strong>dicuntur.</strong></span> 
     </span>
    </p>
   </div>
   <div class='ocr_carea' id='block_1_69' title="bbox 540 3738 2045 3814">
    <p class='ocr_par' dir='ltr' id='par_1_69' title="bbox 540 3738 2045 3814">
     <span class='ocr_line' id='line_1_69' title="bbox 540 3738 2045 3814; baseline -0.006 -13"><span class='ocrx_word' id='word_1_478' title='bbox 540 3747 631 3802; x_wconf 93' lang='lat' dir='ltr'><strong>lll.</strong></span> <span class='ocrx_word' id='word_1_479' title='bbox 670 3747 752 3802; x_wconf 86' lang='lat' dir='ltr'><strong>Ad</strong></span> <span class='ocrx_word' id='word_1_480' title='bbox 786 3746 892 3801; x_wconf 85' lang='lat' dir='ltr'><strong>hoc</strong></span> <span class='ocrx_word' id='word_1_481' title='bbox 928 3760 1103 3814; x_wconf 89' lang='lat' dir='ltr'><strong>usque</strong></span> <span class='ocrx_word' id='word_1_482' title='bbox 1140 3750 1354 3813; x_wconf 87' lang='lat' dir='ltr'><strong>tempus</strong></span> <span class='ocrx_word' id='word_1_483' title='bbox 1395 3749 1632 3812; x_wconf 88' lang='lat' dir='ltr'><strong>quatuor</strong></span> <span class='ocrx_word' id='word_1_484' title='bbox 1662 3739 1721 3794; x_wconf 91' lang='lat' dir='ltr'><strong>in</strong></span> <span class='ocrx_word' id='word_1_485' title='bbox 1764 3738 1925 3794; x_wconf 86' lang='lat' dir='ltr'><strong>terris</strong></span> <span class='ocrx_word' id='word_1_486' title='bbox 1955 3738 2045 3793; x_wconf 89' lang='lat' dir='ltr'><strong>bo-</strong></span> 
     </span>
    </p>
   </div>
   <div class='ocr_carea' id='block_1_70' title="bbox 466 3828 2045 3910">
    <p class='ocr_par' dir='ltr' id='par_1_70' title="bbox 466 3828 2045 3910">
     <span class='ocr_line' id='line_1_70' title="bbox 466 3828 2045 3910; baseline -0.009 -13"><span class='ocrx_word' id='word_1_487' title='bbox 466 3841 677 3897; x_wconf 88' lang='lat' dir='ltr'><strong>minum</strong></span> <span class='ocrx_word' id='word_1_488' title='bbox 707 3853 905 3910; x_wconf 88' lang='lat' dir='ltr'><strong>genera</strong></span> <span class='ocrx_word' id='word_1_489' title='bbox 947 3835 1209 3908; x_wconf 84' lang='lat' dir='ltr'><strong>perducta</strong></span> <span class='ocrx_word' id='word_1_490' title='bbox 1248 3841 1400 3901; x_wconf 86' lang='lat' dir='ltr'><strong>sunt,</strong></span> <span class='ocrx_word' id='word_1_491' title='bbox 1430 3847 1664 3904; x_wconf 91' lang='lat' dir='ltr'><strong>quorum</strong></span> <span class='ocrx_word' id='word_1_492' title='bbox 1699 3828 2045 3900; x_wconf 84' lang='lat' dir='ltr'><strong>unumquod-</strong></span> 
     </span>
    </p>
   </div>
   <div class='ocr_carea' id='block_1_71' title="bbox 465 3924 2043 4006">
    <p class='ocr_par' dir='ltr' id='par_1_71' title="bbox 465 3924 2043 4006">
     <span class='ocr_line' id='line_1_71' title="bbox 465 3924 2043 4006; baseline -0.009 -16"><span class='ocrx_word' id='word_1_493' title='bbox 465 3947 573 4006; x_wconf 90' lang='lat' dir='ltr'><strong>que</strong></span> <span class='ocrx_word' id='word_1_494' title='bbox 606 3949 707 3989; x_wconf 90' lang='lat' dir='ltr'><strong>suo</strong></span> <span class='ocrx_word' id='word_1_495' title='bbox 738 3938 982 4002; x_wconf 89' lang='lat' dir='ltr'><strong>tempore</strong></span> <span class='ocrx_word' id='word_1_496' title='bbox 1006 3928 1301 3999; x_wconf 89' lang='lat' dir='ltr'><strong>separatim</strong></span> <span class='ocrx_word' id='word_1_497' title='bbox 1332 3926 1554 3991; x_wconf 89' lang='lat' dir='ltr'><strong>coaluit,</strong></span> <span class='ocrx_word' id='word_1_498' title='bbox 1586 3924 1654 3979; x_wconf 90' lang='lat' dir='ltr'><strong>ad</strong></span> <span class='ocrx_word' id='word_1_499' title='bbox 1685 3939 1807 3980; x_wconf 89' lang='lat' dir='ltr'><strong>eam</strong></span> <span class='ocrx_word' id='word_1_500' title='bbox 1827 3930 2043 3977; x_wconf 88' lang='lat' dir='ltr'><strong>atatem</strong></span> 
     </span>
    </p>
   </div>
   <div class='ocr_carea' id='block_1_72' title="bbox 464 4014 2042 4093">
    <p class='ocr_par' dir='ltr' id='par_1_72' title="bbox 464 4014 2042 4093">
     <span class='ocr_line' id='line_1_72' title="bbox 464 4014 2042 4093; baseline -0.008 -12"><span class='ocrx_word' id='word_1_501' title='bbox 464 4035 521 4081; x_wconf 88' lang='lat' dir='ltr'><strong>et</strong></span> <span class='ocrx_word' id='word_1_502' title='bbox 567 4025 731 4087; x_wconf 84' lang='lat' dir='ltr'><strong>ultra,</strong></span> <span class='ocrx_word' id='word_1_503' title='bbox 788 4037 952 4093; x_wconf 91' lang='lat' dir='ltr'><strong>quam</strong></span> <span class='ocrx_word' id='word_1_504' title='bbox 995 4020 1240 4091; x_wconf 83' lang='lat' dir='ltr'><strong>proxime</strong></span> <span class='ocrx_word' id='word_1_505' title='bbox 1293 4016 1743 4090; x_wconf 82' lang='lat' dir='ltr'><strong>signiﬁcavimus.</strong></span> <span class='ocrx_word' id='word_1_506' title='bbox 1792 4014 1927 4069; x_wconf 88' lang='lat' dir='ltr'><strong>Nam</strong></span> <span class='ocrx_word' id='word_1_507' title='bbox 1973 4014 2042 4069; x_wconf 92' lang='lat' dir='ltr'><strong>ab</strong></span> 
     </span>
    </p>
   </div>
   <div class='ocr_carea' id='block_1_73' title="bbox 465 4104 2041 4170">
    <p class='ocr_par' dir='ltr' id='par_1_73' title="bbox 465 4104 2041 4170">
     <span class='ocr_line' id='line_1_73' title="bbox 465 4104 2041 4170; baseline -0.006 0"><span class='ocrx_word' id='word_1_508' title='bbox 465 4115 675 4170; x_wconf 83' lang='lat' dir='ltr'><strong>Adaiuo</strong></span> <span class='ocrx_word' id='word_1_509' title='bbox 697 4113 765 4168; x_wconf 92' lang='lat' dir='ltr'><strong>ad</strong></span> <span class='ocrx_word' id='word_1_510' title='bbox 791 4112 1055 4167; x_wconf 79' lang='lat' dir='ltr'><strong>Noemum</strong></span> <span class='ocrx_word' id='word_1_511' title='bbox 1079 4110 1462 4164; x_wconf 88' lang='lat' dir='ltr'><strong>Barbarismus</strong></span> <span class='ocrx_word' id='word_1_512' title='bbox 1484 4104 1739 4162; x_wconf 87' lang='lat' dir='ltr'><strong>obtinuit.</strong></span> <span class='ocrx_word' id='word_1_513' title='bbox 1768 4105 1814 4160; x_wconf 86' lang='lat' dir='ltr'><strong>A</strong></span> <span class='ocrx_word' id='word_1_514' title='bbox 1833 4105 2041 4161; x_wconf 87' lang='lat' dir='ltr'><strong>Noemo</strong></span> 
     </span>
    </p>
   </div>
   <div class='ocr_carea' id='block_1_74' title="bbox 466 4196 2039 4268">
    <p class='ocr_par' dir='ltr' id='par_1_74' title="bbox 466 4196 2039 4268">
     <span class='ocr_line' id='line_1_74' title="bbox 466 4196 2039 4268; baseline -0.006 -8"><span class='ocrx_word' id='word_1_515' title='bbox 466 4207 534 4260; x_wconf 94' lang='lat' dir='ltr'><strong>ad</strong></span> <span class='ocrx_word' id='word_1_516' title='bbox 567 4204 737 4259; x_wconf 87' lang='lat' dir='ltr'><strong>turris</strong></span> <span class='ocrx_word' id='word_1_517' title='bbox 782 4203 1222 4267; x_wconf 71' lang='lat' dir='ltr'><strong>aediﬁcationem,</strong></span> <span class='ocrx_word' id='word_1_518' title='bbox 1267 4210 1322 4255; x_wconf 89' lang='lat' dir='ltr'><strong>et</strong></span> <span class='ocrx_word' id='word_1_519' title='bbox 1364 4199 1596 4257; x_wconf 86' lang='lat' dir='ltr'><strong>Seruchi</strong></span> <span class='ocrx_word' id='word_1_520' title='bbox 1635 4207 1903 4268; x_wconf 90' lang='lat' dir='ltr'><strong>tempora,</strong></span> <span class='ocrx_word' id='word_1_521' title='bbox 1943 4196 2039 4268; x_wconf 89' lang='lat' dir='ltr'><strong>qui</strong></span> 
     </span>
    </p>
   </div>
   <div class='ocr_carea' id='block_1_75' title="bbox 466 4288 2037 4365">
    <p class='ocr_par' dir='ltr' id='par_1_75' title="bbox 466 4288 2037 4365">
     <span class='ocr_line' id='line_1_75' title="bbox 466 4288 2037 4365; baseline -0.004 -17"><span class='ocrx_word' id='word_1_522' title='bbox 466 4296 630 4350; x_wconf 81' lang='lat' dir='ltr'><strong>tertia</strong></span> <span class='ocrx_word' id='word_1_523' title='bbox 660 4305 785 4365; x_wconf 86' lang='lat' dir='ltr'><strong>post</strong></span> <span class='ocrx_word' id='word_1_524' title='bbox 825 4294 972 4347; x_wconf 90' lang='lat' dir='ltr'><strong>illam</strong></span> <span class='ocrx_word' id='word_1_525' title='bbox 1009 4299 1168 4347; x_wconf 87' lang='lat' dir='ltr'><strong>atate</strong></span> <span class='ocrx_word' id='word_1_526' title='bbox 1195 4290 1350 4357; x_wconf 83' lang='lat' dir='ltr'><strong>vixit,</strong></span> <span class='ocrx_word' id='word_1_527' title='bbox 1403 4288 1658 4361; x_wconf 89' lang='lat' dir='ltr'><strong>Scythica</strong></span> <span class='ocrx_word' id='word_1_528' title='bbox 1695 4288 2037 4358; x_wconf 88' lang='lat' dir='ltr'><strong>superstitio.</strong></span> 
     </span>
    </p>
   </div>
   <div class='ocr_carea' id='block_1_76' title="bbox 464 4380 2041 4448">
    <p class='ocr_par' dir='ltr' id='par_1_76' title="bbox 464 4380 2041 4448">
     <span class='ocr_line' id='line_1_76' title="bbox 464 4380 2041 4448; baseline -0.004 -7"><span class='ocrx_word' id='word_1_529' title='bbox 464 4388 511 4441; x_wconf 81' lang='grc' dir='ltr'><strong>Α</strong></span> <span class='ocrx_word' id='word_1_530' title='bbox 558 4386 729 4440; x_wconf 88' lang='lat' dir='ltr'><strong>turris</strong></span> <span class='ocrx_word' id='word_1_531' title='bbox 780 4384 1150 4439; x_wconf 83' lang='lat' dir='ltr'><strong>exstruetione</strong></span> <span class='ocrx_word' id='word_1_532' title='bbox 1184 4421 1200 4448; x_wconf 94' lang='lat'><strong>,</strong></span> <span class='ocrx_word' id='word_1_533' title='bbox 1258 4390 1313 4438; x_wconf 92' lang='lat' dir='ltr'><strong>et</strong></span> <span class='ocrx_word' id='word_1_534' title='bbox 1364 4380 1611 4437; x_wconf 87' lang='lat' dir='ltr'><strong>Serucho</strong></span> <span class='ocrx_word' id='word_1_535' title='bbox 1641 4422 1655 4447; x_wconf 92' lang='lat'><strong>,</strong></span> <span class='ocrx_word' id='word_1_536' title='bbox 1716 4397 1932 4437; x_wconf 89' lang='lat' dir='ltr'><strong>necnon</strong></span> <span class='ocrx_word' id='word_1_537' title='bbox 1986 4389 2041 4437; x_wconf 87' lang='lat' dir='ltr'><strong>et</strong></span> 
     </span>
    </p>
   </div>
   <div class='ocr_carea' id='block_1_77' title="bbox 463 4473 2039 4545">
    <p class='ocr_par' dir='ltr' id='par_1_77' title="bbox 463 4473 2039 4545">
     <span class='ocr_line' id='line_1_77' title="bbox 463 4473 2039 4545; baseline 0 -15"><span class='ocrx_word' id='word_1_538' title='bbox 463 4478 688 4540; x_wconf 79' lang='lat' dir='ltr'><strong>Aramo,</strong></span> <span class='ocrx_word' id='word_1_539' title='bbox 736 4474 802 4528; x_wconf 92' lang='lat' dir='ltr'><strong>ad</strong></span> <span class='ocrx_word' id='word_1_540' title='bbox 854 4474 1245 4537; x_wconf 87' lang='lat' dir='ltr'><strong>Abrahamum,</strong></span> <span class='ocrx_word' id='word_1_541' title='bbox 1271 4474 1492 4545; x_wconf 88' lang='lat' dir='ltr'><strong>gentilis</strong></span> <span class='ocrx_word' id='word_1_542' title='bbox 1539 4481 1688 4528; x_wconf 88' lang='lat' dir='ltr'><strong>secta</strong></span> <span class='ocrx_word' id='word_1_543' title='bbox 1733 4473 1925 4544; x_wconf 75' lang='lat' dir='ltr'><strong>viguit.</strong></span> <span class='ocrx_word' id='word_1_544' title='bbox 1958 4474 2039 4530; x_wconf 85' lang='lat' dir='ltr'><strong>Ab</strong></span> 
     </span>
    </p>
   </div>
   <div class='ocr_carea' id='block_1_78' title="bbox 2159 3290 3723 3364">
    <p class='ocr_par' dir='ltr' id='par_1_78' title="bbox 2159 3290 3723 3364">
     <span class='ocr_line' id='line_1_78' title="bbox 2159 3290 3723 3364; baseline 0.004 -22"><span class='ocrx_word' id='word_1_545' title='bbox 2159 3290 2418 3353; x_wconf 85' lang='grc' dir='ltr'>Ἰουδαῖοι,</span> <span class='ocrx_word' id='word_1_546' title='bbox 2436 3290 2523 3344; x_wconf 79' lang='grc' dir='ltr'>διὰ</span> <span class='ocrx_word' id='word_1_547' title='bbox 2552 3292 2650 3363; x_wconf 84' lang='grc' dir='ltr'><strong>τὴν</strong></span> <span class='ocrx_word' id='word_1_548' title='bbox 2681 3292 2853 3364; x_wconf 87' lang='grc' dir='ltr'>φυλὴν</span> <span class='ocrx_word' id='word_1_549' title='bbox 2887 3293 3058 3346; x_wconf 88' lang='grc' dir='ltr'>Ἰούδα</span> <span class='ocrx_word' id='word_1_550' title='bbox 3081 3293 3170 3346; x_wconf 88' lang='grc' dir='ltr'><strong>τοῦ</strong></span> <span class='ocrx_word' id='word_1_551' title='bbox 3196 3294 3259 3347; x_wconf 82' lang='grc' dir='ltr'><strong>ὲκ</strong></span> <span class='ocrx_word' id='word_1_552' title='bbox 3286 3293 3379 3347; x_wconf 93' lang='grc' dir='ltr'><strong>τοῦ</strong></span> <span class='ocrx_word' id='word_1_553' title='bbox 3401 3294 3592 3363; x_wconf 86' lang='grc' dir='ltr'>γένους</span> <span class='ocrx_word' id='word_1_554' title='bbox 3617 3293 3723 3349; x_wconf 90' lang='grc' dir='ltr'><strong>τῶν</strong></span> 
     </span>
    </p>
   </div>
   <div class='ocr_carea' id='block_1_79' title="bbox 2146 3381 3721 3457">
    <p class='ocr_par' dir='ltr' id='par_1_79' title="bbox 2146 3381 3721 3457">
     <span class='ocr_line' id='line_1_79' title="bbox 2146 3381 3721 3457; baseline 0.001 -22"><span class='ocrx_word' id='word_1_555' title='bbox 2146 3381 2434 3449; x_wconf 80' lang='grc' dir='ltr'>θεοσεϐῶν,</span> <span class='ocrx_word' id='word_1_556' title='bbox 2491 3384 2542 3436; x_wconf 88' lang='grc' dir='ltr'>οί</span> <span class='ocrx_word' id='word_1_557' title='bbox 2601 3385 2679 3447; x_wconf 82' lang='grc' dir='ltr'><strong>είς</strong></span> <span class='ocrx_word' id='word_1_558' title='bbox 2736 3384 2796 3437; x_wconf 87' lang='grc' dir='ltr'><strong>τὸ</strong></span> <span class='ocrx_word' id='word_1_559' title='bbox 2854 3384 3026 3456; x_wconf 77' lang='grc' dir='ltr'>ὄνομα</span> <span class='ocrx_word' id='word_1_560' title='bbox 3080 3385 3237 3439; x_wconf 88' lang='grc' dir='ltr'>τοῦτο</span> <span class='ocrx_word' id='word_1_561' title='bbox 3302 3386 3721 3457; x_wconf 85' lang='grc' dir='ltr'>μεταπεσόντες.</span> 
     </span>
    </p>
   </div>
   <div class='ocr_carea' id='block_1_80' title="bbox 2158 3473 3719 3547">
    <p class='ocr_par' dir='ltr' id='par_1_80' title="bbox 2158 3473 3719 3547">
     <span class='ocr_line' id='line_1_80' title="bbox 2158 3473 3719 3547; baseline 0.003 -21"><span class='ocrx_word' id='word_1_562' title='bbox 2158 3473 2482 3529; x_wconf 86' lang='grc' dir='ltr'>Ἐκαλοῦντο</span> <span class='ocrx_word' id='word_1_563' title='bbox 2537 3474 2668 3545; x_wconf 64' lang='grc' dir='ltr'>γοῦν</span> <span class='ocrx_word' id='word_1_564' title='bbox 2718 3479 2910 3547; x_wconf 87' lang='grc' dir='ltr'>πρώην</span> <span class='ocrx_word' id='word_1_565' title='bbox 2970 3476 3325 3547; x_wconf 86' lang='grc' dir='ltr'>Ἰσραηλῖται,</span> <span class='ocrx_word' id='word_1_566' title='bbox 3359 3478 3409 3530; x_wconf 85' lang='grc' dir='ltr'>οἱ</span> <span class='ocrx_word' id='word_1_567' title='bbox 3463 3476 3554 3530; x_wconf 75' lang='grc' dir='ltr'>καὶ</span> <span class='ocrx_word' id='word_1_568' title='bbox 3592 3478 3719 3530; x_wconf 84' lang='grc' dir='ltr'>Ἰου-</span> 
     </span>
    </p>
   </div>
   <div class='ocr_carea' id='block_1_81' title="bbox 2144 3565 2304 3619">
    <p class='ocr_par' dir='ltr' id='par_1_81' title="bbox 2144 3565 2304 3619">
     <span class='ocr_line' id='line_1_81' title="bbox 2144 3565 2304 3619; baseline 0.006 -1"><span class='ocrx_word' id='word_1_569' title='bbox 2144 3565 2304 3619; x_wconf 88' lang='grc' dir='ltr'>δαῖοι.</span> 
     </span>
    </p>
   </div>
   <div class='ocr_carea' id='block_1_82' title="bbox 2214 3745 3722 3818">
    <p class='ocr_par' dir='ltr' id='par_1_82' title="bbox 2214 3745 3722 3818">
     <span class='ocr_line' id='line_1_82' title="bbox 2214 3745 3722 3818; baseline 0.002 -19"><span class='ocrx_word' id='word_1_570' title='bbox 2214 3745 2290 3801; x_wconf 81' lang='grc' dir='ltr'><strong>Γ’.</strong></span> <span class='ocrx_word' id='word_1_571' title='bbox 2322 3746 2467 3810; x_wconf 86' lang='grc' dir='ltr'><strong>Ἕως</strong></span> <span class='ocrx_word' id='word_1_572' title='bbox 2507 3745 2696 3800; x_wconf 89' lang='grc' dir='ltr'>τούτου</span> <span class='ocrx_word' id='word_1_573' title='bbox 2748 3745 2843 3800; x_wconf 90' lang='grc' dir='ltr'><strong>τοῦ</strong></span> <span class='ocrx_word' id='word_1_574' title='bbox 2884 3746 3076 3818; x_wconf 87' lang='grc' dir='ltr'>χρόνου</span> <span class='ocrx_word' id='word_1_575' title='bbox 3126 3747 3473 3818; x_wconf 84' lang='grc' dir='ltr'>συνήφθησαν</span> <span class='ocrx_word' id='word_1_576' title='bbox 3515 3748 3571 3800; x_wconf 81' lang='grc' dir='ltr'>αἱ</span> <span class='ocrx_word' id='word_1_577' title='bbox 3604 3749 3722 3802; x_wconf 87' lang='grc' dir='ltr'>τέσ-</span> 
     </span>
    </p>
   </div>
   <div class='ocr_carea' id='block_1_83' title="bbox 2147 3823 3721 3908">
    <p class='ocr_par' dir='ltr' id='par_1_83' title="bbox 2147 3823 3721 3908">
     <span class='ocr_line' id='line_1_83' title="bbox 2147 3823 3721 3908; baseline 0.002 -19"><span class='ocrx_word' id='word_1_578' title='bbox 2147 3853 2313 3907; x_wconf 89' lang='grc' dir='ltr'>σαρες</span> <span class='ocrx_word' id='word_1_579' title='bbox 2369 3823 2558 3905; x_wconf 82' lang='grc' dir='ltr'>γενεαὶ</span> <span class='ocrx_word' id='word_1_580' title='bbox 2609 3837 2713 3906; x_wconf 89' lang='grc' dir='ltr'><strong>τῆς</strong></span> <span class='ocrx_word' id='word_1_581' title='bbox 2763 3837 2867 3906; x_wconf 89' lang='grc' dir='ltr'><strong>γῆς</strong></span> <span class='ocrx_word' id='word_1_582' title='bbox 2909 3836 3018 3889; x_wconf 88' lang='grc' dir='ltr'><strong>τῶν</strong></span> <span class='ocrx_word' id='word_1_583' title='bbox 3064 3836 3345 3907; x_wconf 88' lang='grc' dir='ltr'>τεσσάρων</span> <span class='ocrx_word' id='word_1_584' title='bbox 3398 3837 3721 3908; x_wconf 87' lang='grc' dir='ltr'>τμημάτων.</span> 
     </span>
    </p>
   </div>
   <div class='ocr_carea' id='block_1_84' title="bbox 2142 3924 3723 3999">
    <p class='ocr_par' dir='ltr' id='par_1_84' title="bbox 2142 3924 3723 3999">
     <span class='ocr_line' id='line_1_84' title="bbox 2142 3924 3723 3999; baseline -0.001 -17"><span class='ocrx_word' id='word_1_585' title='bbox 2142 3924 2361 3982; x_wconf 84' lang='grc' dir='ltr'>Τούτων</span> <span class='ocrx_word' id='word_1_586' title='bbox 2417 3927 2800 3999; x_wconf 84' lang='grc' dir='ltr'>διαιρεθέντων</span> <span class='ocrx_word' id='word_1_587' title='bbox 2860 3929 3000 3982; x_wconf 84' lang='grc' dir='ltr'>κατὰ</span> <span class='ocrx_word' id='word_1_588' title='bbox 3053 3929 3179 3991; x_wconf 80' lang='grc' dir='ltr'>τοὺς</span> <span class='ocrx_word' id='word_1_589' title='bbox 3235 3929 3460 3999; x_wconf 87' lang='grc' dir='ltr'>χρόνους</span> <span class='ocrx_word' id='word_1_590' title='bbox 3500 3930 3605 3993; x_wconf 75' lang='grc' dir='ltr'><strong>ἕως</strong></span> <span class='ocrx_word' id='word_1_591' title='bbox 3628 3930 3723 3982; x_wconf 88' lang='grc' dir='ltr'><strong>τοῦ</strong></span> 
     </span>
    </p>
   </div>
   <div class='ocr_carea' id='block_1_85' title="bbox 2142 4018 3723 4090">
    <p class='ocr_par' dir='ltr' id='par_1_85' title="bbox 2142 4018 3723 4090">
     <span class='ocr_line' id='line_1_85' title="bbox 2142 4018 3723 4090; baseline -0.001 -16"><span class='ocrx_word' id='word_1_592' title='bbox 2142 4018 2337 4089; x_wconf 73' lang='grc' dir='ltr'>καιροῦ</span> <span class='ocrx_word' id='word_1_593' title='bbox 2394 4019 2586 4073; x_wconf 87' lang='grc' dir='ltr'>τούτου</span> <span class='ocrx_word' id='word_1_594' title='bbox 2642 4018 2737 4071; x_wconf 86' lang='grc' dir='ltr'><strong>τοῦ</strong></span> <span class='ocrx_word' id='word_1_595' title='bbox 2791 4019 3026 4073; x_wconf 79' lang='grc' dir='ltr'>ἐνταῦθά</span> <span class='ocrx_word' id='word_1_596' title='bbox 3074 4037 3163 4089; x_wconf 90' lang='grc' dir='ltr'><strong>μοι</strong></span> <span class='ocrx_word' id='word_1_597' title='bbox 3224 4019 3592 4090; x_wconf 88' lang='grc' dir='ltr'>δεδηλωμένου</span> <span class='ocrx_word' id='word_1_598' title='bbox 3630 4020 3723 4073; x_wconf 80' lang='grc' dir='ltr'>καὶ</span> 
     </span>
    </p>
   </div>
   <div class='ocr_carea' id='block_1_86' title="bbox 2141 4111 3717 4184">
    <p class='ocr_par' dir='ltr' id='par_1_86' title="bbox 2141 4111 3717 4184">
     <span class='ocr_line' id='line_1_86' title="bbox 2141 4111 3717 4184; baseline 0.001 -21"><span class='ocrx_word' id='word_1_599' title='bbox 2141 4112 2435 4165; x_wconf 77' lang='grc' dir='ltr'>ἐπέκεινα·</span> <span class='ocrx_word' id='word_1_600' title='bbox 2487 4111 2766 4163; x_wconf 86' lang='grc' dir='ltr'>τουτέστιν</span> <span class='ocrx_word' id='word_1_601' title='bbox 2797 4112 2905 4163; x_wconf 83' lang='grc' dir='ltr'>ἀπὸ</span> <span class='ocrx_word' id='word_1_602' title='bbox 2954 4112 3123 4182; x_wconf 83' lang='grc' dir='ltr'>Ἀδὰμ</span> <span class='ocrx_word' id='word_1_603' title='bbox 3152 4111 3256 4174; x_wconf 78' lang='grc' dir='ltr'>ἕως</span> <span class='ocrx_word' id='word_1_604' title='bbox 3289 4112 3382 4165; x_wconf 89' lang='grc' dir='ltr'><strong>τοῦ</strong></span> <span class='ocrx_word' id='word_1_605' title='bbox 3431 4112 3553 4165; x_wconf 88' lang='grc' dir='ltr'>Νῶε</span> <span class='ocrx_word' id='word_1_606' title='bbox 3593 4113 3717 4184; x_wconf 81' lang='grc' dir='ltr'>βαρ·</span> 
     </span>
    </p>
   </div>
   <div class='ocr_carea' id='block_1_87' title="bbox 2141 4202 3720 4275">
    <p class='ocr_par' dir='ltr' id='par_1_87' title="bbox 2141 4202 3720 4275">
     <span class='ocr_line' id='line_1_87' title="bbox 2141 4202 3720 4275; baseline 0.001 -19"><span class='ocrx_word' id='word_1_607' title='bbox 2141 4203 2411 4275; x_wconf 76' lang='grc' dir='ltr'>ὀαρισμός</span> <span class='ocrx_word' id='word_1_608' title='bbox 2432 4220 2446 4233; x_wconf 89' lang='grc'><strong>·</strong></span> <span class='ocrx_word' id='word_1_609' title='bbox 2484 4202 2590 4256; x_wconf 88' lang='grc' dir='ltr'><strong>ἀπὸ</strong></span> <span class='ocrx_word' id='word_1_610' title='bbox 2614 4202 2708 4255; x_wconf 90' lang='grc' dir='ltr'><strong>τοῦ</strong></span> <span class='ocrx_word' id='word_1_611' title='bbox 2731 4202 2855 4255; x_wconf 87' lang='grc' dir='ltr'>Νῶε</span> <span class='ocrx_word' id='word_1_612' title='bbox 2889 4203 2993 4266; x_wconf 80' lang='grc' dir='ltr'><strong>ἕως</strong></span> <span class='ocrx_word' id='word_1_613' title='bbox 3016 4202 3111 4255; x_wconf 89' lang='grc' dir='ltr'><strong>τοῦ</strong></span> <span class='ocrx_word' id='word_1_614' title='bbox 3144 4203 3353 4273; x_wconf 87' lang='grc' dir='ltr'>πύργου</span> <span class='ocrx_word' id='word_1_615' title='bbox 3381 4204 3474 4255; x_wconf 75' lang='grc' dir='ltr'><strong>καὶ</strong></span> <span class='ocrx_word' id='word_1_616' title='bbox 3496 4205 3720 4275; x_wconf 85' lang='grc' dir='ltr'>Σεροὺχ,</span> 
     </span>
    </p>
   </div>
   <div class='ocr_carea' id='block_1_88' title="bbox 2143 4293 3719 4366">
    <p class='ocr_par' dir='ltr' id='par_1_88' title="bbox 2143 4293 3719 4366">
     <span class='ocr_line' id='line_1_88' title="bbox 2143 4293 3719 4366; baseline 0.001 -19"><span class='ocrx_word' id='word_1_617' title='bbox 2143 4295 2281 4366; x_wconf 84' lang='grc' dir='ltr'>μετὰ</span> <span class='ocrx_word' id='word_1_618' title='bbox 2301 4294 2393 4348; x_wconf 90' lang='grc' dir='ltr'><strong>δύο</strong></span> <span class='ocrx_word' id='word_1_619' title='bbox 2419 4293 2611 4363; x_wconf 86' lang='grc' dir='ltr'>γενεὰς</span> <span class='ocrx_word' id='word_1_620' title='bbox 2627 4294 2721 4348; x_wconf 86' lang='grc' dir='ltr'><strong>τοῦ</strong></span> <span class='ocrx_word' id='word_1_621' title='bbox 2751 4294 3014 4366; x_wconf 89' lang='grc' dir='ltr'>πύργουή</span> <span class='ocrx_word' id='word_1_622' title='bbox 3042 4294 3284 4366; x_wconf 80' lang='grc' dir='ltr'>Σκυθικὴ</span> <span class='ocrx_word' id='word_1_623' title='bbox 3312 4295 3719 4366; x_wconf 81' lang='grc' dir='ltr'>δεισιδαιμονία,</span> 
     </span>
    </p>
   </div>
   <div class='ocr_carea' id='block_1_89' title="bbox 2139 4384 3719 4457">
    <p class='ocr_par' dir='ltr' id='par_1_89' title="bbox 2139 4384 3719 4457">
     <span class='ocr_line' id='line_1_89' title="bbox 2139 4384 3719 4457; baseline -0.001 -17"><span class='ocrx_word' id='word_1_624' title='bbox 2139 4387 2233 4441; x_wconf 77' lang='grc' dir='ltr'><strong>καὶ</strong></span> <span class='ocrx_word' id='word_1_625' title='bbox 2293 4385 2587 4457; x_wconf 87' lang='grc' dir='ltr'>μετέπειτα</span> <span class='ocrx_word' id='word_1_626' title='bbox 2629 4385 2738 4439; x_wconf 84' lang='grc' dir='ltr'>ἀπὸ</span> <span class='ocrx_word' id='word_1_627' title='bbox 2796 4384 2892 4438; x_wconf 89' lang='grc' dir='ltr'><strong>τοῦ</strong></span> <span class='ocrx_word' id='word_1_628' title='bbox 2944 4386 3155 4455; x_wconf 87' lang='grc' dir='ltr'>πύργου</span> <span class='ocrx_word' id='word_1_629' title='bbox 3222 4387 3318 4437; x_wconf 73' lang='grc' dir='ltr'>καὶ</span> <span class='ocrx_word' id='word_1_630' title='bbox 3373 4386 3576 4457; x_wconf 79' lang='grc' dir='ltr'>Σεροὺχ</span> <span class='ocrx_word' id='word_1_631' title='bbox 3627 4386 3719 4440; x_wconf 78' lang='grc' dir='ltr'>καὶ</span> 
     </span>
    </p>
   </div>
   <div class='ocr_carea' id='block_1_90' title="bbox 2152 4479 3720 4551">
    <p class='ocr_par' dir='ltr' id='par_1_90' title="bbox 2152 4479 3720 4551">
     <span class='ocr_line' id='line_1_90' title="bbox 2152 4479 3720 4551; baseline 0 -19"><span class='ocrx_word' id='word_1_632' title='bbox 2152 4479 2329 4551; x_wconf 79' lang='grc' dir='ltr'>Ἀρὰμ</span> <span class='ocrx_word' id='word_1_633' title='bbox 2362 4480 2471 4551; x_wconf 77' lang='grc'><strong>(55)</strong></span> <span class='ocrx_word' id='word_1_634' title='bbox 2503 4480 2607 4543; x_wconf 79' lang='grc' dir='ltr'>ἓως</span> <span class='ocrx_word' id='word_1_635' title='bbox 2660 4479 2754 4532; x_wconf 92' lang='grc' dir='ltr'><strong>τοῦ</strong></span> <span class='ocrx_word' id='word_1_636' title='bbox 2795 4479 3046 4550; x_wconf 76' lang='grc' dir='ltr'>Ἀϐραὰμ</span> <span class='ocrx_word' id='word_1_637' title='bbox 3094 4481 3122 4532; x_wconf 87' lang='grc' dir='ltr'><strong><em>ὁ</em></strong></span> <span class='ocrx_word' id='word_1_638' title='bbox 3163 4479 3532 4549; x_wconf 86' lang='grc' dir='ltr'>Ἑλληνισμός.</span> <span class='ocrx_word' id='word_1_639' title='bbox 3588 4479 3720 4532; x_wconf 80' lang='grc' dir='ltr'><strong>Ἀπὸ</strong></span> 
     </span>
    </p>
   </div>
   <div class='ocr_carea' id='block_1_91' title="bbox 462 4563 2045 4642">
    <p class='ocr_par' dir='ltr' id='par_1_91' title="bbox 462 4563 2037 4635">
     <span class='ocr_line' id='line_1_91' title="bbox 462 4563 2037 4635; baseline -0.001 -14"><span class='ocrx_word' id='word_1_640' title='bbox 462 4564 775 4621; x_wconf 79' lang='lat' dir='ltr'><strong>Abrahamo</strong></span> <span class='ocrx_word' id='word_1_641' title='bbox 813 4563 1047 4633; x_wconf 89' lang='lat' dir='ltr'><strong>denique</strong></span> <span class='ocrx_word' id='word_1_642' title='bbox 1092 4571 1145 4618; x_wconf 91' lang='lat' dir='ltr'><strong>et</strong></span> <span class='ocrx_word' id='word_1_643' title='bbox 1182 4564 1303 4634; x_wconf 88' lang='lat' dir='ltr'><strong>ejus</strong></span> <span class='ocrx_word' id='word_1_644' title='bbox 1327 4565 1559 4633; x_wconf 87' lang='lat' dir='ltr'><strong>posteris</strong></span> <span class='ocrx_word' id='word_1_645' title='bbox 1604 4563 1818 4619; x_wconf 88' lang='lat' dir='ltr'><strong>sincera</strong></span> <span class='ocrx_word' id='word_1_646' title='bbox 1848 4565 2037 4635; x_wconf 85' lang='lat' dir='ltr'><strong>religio</strong></span> 
     </span>
    </p>
   </div>
   <div class='ocr_carea' id='block_1_92' title="bbox 2144 4563 3716 4642">
    <p class='ocr_par' dir='ltr' id='par_1_92' title="bbox 2144 4571 3716 4642">
     <span class='ocr_line' id='line_1_92' title="bbox 2144 4571 3716 4642; baseline 0 -19"><span class='ocrx_word' id='word_1_647' title='bbox 2144 4571 2337 4637; x_wconf 71' lang='grc' dir='ltr'>τούτου,</span> <span class='ocrx_word' id='word_1_648' title='bbox 2383 4572 2476 4624; x_wconf 76' lang='grc' dir='ltr'><strong>καὶ</strong></span> <span class='ocrx_word' id='word_1_649' title='bbox 2531 4571 2639 4625; x_wconf 88' lang='grc' dir='ltr'><strong>τῶν</strong></span> <span class='ocrx_word' id='word_1_650' title='bbox 2671 4573 2964 4642; x_wconf 89' lang='grc' dir='ltr'>μετέπειτα</span> <span class='ocrx_word' id='word_1_651' title='bbox 3006 4571 3286 4623; x_wconf 75' lang='grc' dir='ltr'>θεοσέϐεια</span> <span class='ocrx_word' id='word_1_652' title='bbox 3340 4572 3716 4641; x_wconf 78' lang='grc' dir='ltr'>συναπτομένη</span> 
     </span>
    </p>
   </div>
   <div class='ocr_carea' id='block_1_93' title="bbox 463 4652 2034 4727">
    <p class='ocr_par' dir='ltr' id='par_1_93' title="bbox 463 4652 2034 4727">
     <span class='ocr_line' id='line_1_93' title="bbox 463 4652 2034 4727; baseline 0.001 -19"><span class='ocrx_word' id='word_1_653' title='bbox 463 4653 689 4727; x_wconf 77' lang='lat' dir='ltr'><strong>prodiit,</strong></span> <span class='ocrx_word' id='word_1_654' title='bbox 717 4666 839 4722; x_wconf 80' lang='lat' dir='ltr'><strong>qua</strong></span> <span class='ocrx_word' id='word_1_655' title='bbox 862 4652 932 4706; x_wconf 91' lang='lat' dir='ltr'><strong>ab</strong></span> <span class='ocrx_word' id='word_1_656' title='bbox 955 4652 1188 4721; x_wconf 87' lang='lat' dir='ltr'><strong>ipsomet</strong></span> <span class='ocrx_word' id='word_1_657' title='bbox 1220 4652 1533 4707; x_wconf 83' lang='lat' dir='ltr'><strong>Abrahamo</strong></span> <span class='ocrx_word' id='word_1_658' title='bbox 1556 4663 1755 4723; x_wconf 75' lang='lat' dir='ltr'><strong>capta,</strong></span> <span class='ocrx_word' id='word_1_659' title='bbox 1786 4669 1881 4724; x_wconf 91' lang='lat' dir='ltr'><strong>per</strong></span> <span class='ocrx_word' id='word_1_660' title='bbox 1914 4654 2034 4724; x_wconf 89' lang='lat' dir='ltr'><strong>ejus</strong></span> 
     </span>
    </p>
   </div>
   <div class='ocr_carea' id='block_1_94' title="bbox 463 4740 2035 4815">
    <p class='ocr_par' dir='ltr' id='par_1_94' title="bbox 463 4740 2035 4815">
     <span class='ocr_line' id='line_1_94' title="bbox 463 4740 2035 4815; baseline -0.003 -13"><span class='ocrx_word' id='word_1_661' title='bbox 463 4746 692 4815; x_wconf 76' lang='lat' dir='ltr'><strong>stirpem</strong></span> <span class='ocrx_word' id='word_1_662' title='bbox 729 4751 815 4799; x_wconf 90' lang='lat' dir='ltr'><strong>est</strong></span> <span class='ocrx_word' id='word_1_663' title='bbox 848 4740 1221 4810; x_wconf 75' lang='lat' dir='ltr'><strong>transmissa;</strong></span> <span class='ocrx_word' id='word_1_664' title='bbox 1269 4742 1529 4815; x_wconf 84' lang='lat' dir='ltr'><strong>Judaque</strong></span> <span class='ocrx_word' id='word_1_665' title='bbox 1568 4746 1891 4815; x_wconf 91' lang='lat' dir='ltr'><strong>cumprimis</strong></span> <span class='ocrx_word' id='word_1_666' title='bbox 1937 4746 2035 4798; x_wconf 89' lang='lat' dir='ltr'><strong>tri-</strong></span> 
     </span>
    </p>
   </div>
   <div class='ocr_carea' id='block_1_95' title="bbox 462 4832 2030 4905">
    <p class='ocr_par' dir='ltr' id='par_1_95' title="bbox 462 4832 2030 4905">
     <span class='ocr_line' id='line_1_95' title="bbox 462 4832 2030 4905; baseline -0.001 -13"><span class='ocrx_word' id='word_1_667' title='bbox 462 4836 616 4900; x_wconf 85' lang='lat' dir='ltr'><strong>bum,</strong></span> <span class='ocrx_word' id='word_1_668' title='bbox 645 4834 785 4889; x_wconf 90' lang='lat' dir='ltr'><strong>unde</strong></span> <span class='ocrx_word' id='word_1_669' title='bbox 810 4832 1126 4890; x_wconf 82' lang='lat' dir='ltr'><strong>Judaismus</strong></span> <span class='ocrx_word' id='word_1_670' title='bbox 1156 4849 1353 4889; x_wconf 91' lang='lat' dir='ltr'><strong>nomen</strong></span> <span class='ocrx_word' id='word_1_671' title='bbox 1380 4835 1606 4904; x_wconf 90' lang='lat' dir='ltr'><strong>accepit.</strong></span> <span class='ocrx_word' id='word_1_672' title='bbox 1630 4835 1785 4900; x_wconf 86' lang='lat' dir='ltr'><strong>Quod</strong></span> <span class='ocrx_word' id='word_1_673' title='bbox 1811 4836 2030 4905; x_wconf 90' lang='lat' dir='ltr'><strong>quidem</strong></span> 
     </span>
    </p>
   </div>
   <div class='ocr_carea' id='block_1_96' title="bbox 462 4925 2034 4996">
    <p class='ocr_par' dir='ltr' id='par_1_96' title="bbox 462 4925 2034 4996">
     <span class='ocr_line' id='line_1_96' title="bbox 462 4925 2034 4996; baseline -0.002 -13"><span class='ocrx_word' id='word_1_674' title='bbox 462 4944 493 4983; x_wconf 90' lang='lat' dir='ltr'><strong>a</strong></span> <span class='ocrx_word' id='word_1_675' title='bbox 523 4943 610 4982; x_wconf 88' lang='lat' dir='ltr'><strong>me</strong></span> <span class='ocrx_word' id='word_1_676' title='bbox 648 4942 774 4982; x_wconf 86' lang='lat' dir='ltr'><strong>vere</strong></span> <span class='ocrx_word' id='word_1_677' title='bbox 810 4941 934 4982; x_wconf 88' lang='lat' dir='ltr'><strong>esse</strong></span> <span class='ocrx_word' id='word_1_678' title='bbox 961 4926 1169 4980; x_wconf 86' lang='lat' dir='ltr'><strong>dictum</strong></span> <span class='ocrx_word' id='word_1_679' title='bbox 1199 4925 1366 4979; x_wconf 87' lang='lat' dir='ltr'><strong>divini</strong></span> <span class='ocrx_word' id='word_1_680' title='bbox 1416 4926 1863 4995; x_wconf 86' lang='lat' dir='ltr'><strong>sanetissimique</strong></span> <span class='ocrx_word' id='word_1_681' title='bbox 1908 4940 2034 4996; x_wconf 89' lang='lat' dir='ltr'><strong>apo-</strong></span> 
     </span>
    </p>
   </div>
   <div class='ocr_carea' id='block_1_97' title="bbox 461 5020 2030 5090">
    <p class='ocr_par' dir='ltr' id='par_1_97' title="bbox 461 5020 2030 5090">
     <span class='ocr_line' id='line_1_97' title="bbox 461 5020 2030 5090; baseline -0.002 -12"><span class='ocrx_word' id='word_1_682' title='bbox 461 5023 589 5079; x_wconf 89' lang='lat' dir='ltr'><strong>stoli</strong></span> <span class='ocrx_word' id='word_1_683' title='bbox 630 5020 784 5075; x_wconf 87' lang='lat' dir='ltr'><strong>Pauli</strong></span> <span class='ocrx_word' id='word_1_684' title='bbox 833 5021 1147 5076; x_wconf 90' lang='lat' dir='ltr'><strong>testimonio</strong></span> <span class='ocrx_word' id='word_1_685' title='bbox 1195 5026 1428 5083; x_wconf 89' lang='lat' dir='ltr'><strong>constat,</strong></span> <span class='ocrx_word' id='word_1_686' title='bbox 1484 5030 1607 5073; x_wconf 85' lang='lat' dir='ltr'><strong>eum</strong></span> <span class='ocrx_word' id='word_1_687' title='bbox 1662 5021 1732 5073; x_wconf 91' lang='lat' dir='ltr'><strong>ita</strong></span> <span class='ocrx_word' id='word_1_688' title='bbox 1769 5021 2030 5090; x_wconf 86' lang='lat' dir='ltr'><strong>disputat.</strong></span> 
     </span>
    </p>
   </div>
   <div class='ocr_carea' id='block_1_98' title="bbox 461 5108 2029 5181">
    <p class='ocr_par' dir='ltr' id='par_1_98' title="bbox 461 5108 2029 5181">
     <span class='ocr_line' id='line_1_98' title="bbox 461 5108 2029 5181; baseline -0.002 -12"><span class='ocrx_word' id='word_1_689' title='bbox 461 5115 529 5169; x_wconf 85' lang='lat' dir='ltr'><strong>In</strong></span> <span class='ocrx_word' id='word_1_690' title='bbox 551 5114 761 5169; x_wconf 75' lang='lat' dir='ltr'><strong>Christo</strong></span> <span class='ocrx_word' id='word_1_691' title='bbox 787 5111 918 5167; x_wconf 78' lang='lat' dir='ltr'><strong>Jesu</strong></span> <span class='ocrx_word' id='word_1_692' title='bbox 938 5127 1097 5181; x_wconf 81' lang='lat' dir='ltr'><strong>neque</strong></span> <span class='ocrx_word' id='word_1_693' title='bbox 1127 5110 1407 5175; x_wconf 82' lang='lat' dir='ltr'><strong>barbarus,</strong></span> <span class='ocrx_word' id='word_1_694' title='bbox 1433 5126 1595 5180; x_wconf 80' lang='lat' dir='ltr'><strong>neque</strong></span> <span class='ocrx_word' id='word_1_695' title='bbox 1624 5108 1843 5180; x_wconf 82' lang='lat' dir='ltr'><strong>Scytha,</strong></span> <span class='ocrx_word' id='word_1_696' title='bbox 1866 5128 2029 5181; x_wconf 79' lang='lat' dir='ltr'><strong>neque</strong></span> 
     </span>
    </p>
   </div>
   <div class='ocr_carea' id='block_1_99' title="bbox 460 5200 2026 5273">
    <p class='ocr_par' dir='ltr' id='par_1_99' title="bbox 460 5200 2026 5273">
     <span class='ocr_line' id='line_1_99' title="bbox 460 5200 2026 5273; baseline -0.001 -18"><span class='ocrx_word' id='word_1_697' title='bbox 460 5203 697 5267; x_wconf 68' lang='lat' dir='ltr'><strong>Graecus,</strong></span> <span class='ocrx_word' id='word_1_698' title='bbox 750 5218 911 5273; x_wconf 81' lang='lat' dir='ltr'><strong>neque</strong></span> <span class='ocrx_word' id='word_1_699' title='bbox 963 5201 1185 5257; x_wconf 69' lang='lat' dir='ltr'><strong>Judwus</strong></span> <span class='ocrx_word' id='word_1_700' title='bbox 1233 5211 1334 5265; x_wconf 81' lang='lat' dir='ltr'><strong>est,</strong></span> <span class='ocrx_word' id='word_1_701' title='bbox 1389 5200 1478 5255; x_wconf 80' lang='lat' dir='ltr'><strong>sed</strong></span> <span class='ocrx_word' id='word_1_702' title='bbox 1523 5217 1657 5254; x_wconf 83' lang='lat' dir='ltr'><strong>nova</strong></span> <span class='ocrx_word' id='word_1_703' title='bbox 1713 5211 1961 5255; x_wconf 80' lang='lat' dir='ltr'><strong>creatura</strong></span> <span class='ocrx_word' id='word_1_704' title='bbox 1986 5203 2026 5259; x_wconf 80' lang='lat'><strong>&#39;.</strong></span> 
     </span>
    </p>
   </div>
   <div class='ocr_carea' id='block_1_100' title="bbox 459 5291 2029 5362">
    <p class='ocr_par' dir='ltr' id='par_1_100' title="bbox 459 5291 2029 5362">
     <span class='ocr_line' id='line_1_100' title="bbox 459 5291 2029 5362; baseline 0.001 -17"><span class='ocrx_word' id='word_1_705' title='bbox 459 5292 908 5362; x_wconf 77' lang='lat' dir='ltr'><strong>Quandoquidem</strong></span> <span class='ocrx_word' id='word_1_706' title='bbox 935 5293 1096 5347; x_wconf 89' lang='lat' dir='ltr'><strong>etiam</strong></span> <span class='ocrx_word' id='word_1_707' title='bbox 1133 5293 1311 5356; x_wconf 88' lang='lat' dir='ltr'><strong>initio,</strong></span> <span class='ocrx_word' id='word_1_708' title='bbox 1344 5306 1470 5345; x_wconf 87' lang='lat' dir='ltr'><strong>cum</strong></span> <span class='ocrx_word' id='word_1_709' title='bbox 1509 5291 1743 5361; x_wconf 86' lang='lat' dir='ltr'><strong>primum</strong></span> <span class='ocrx_word' id='word_1_710' title='bbox 1775 5301 2029 5347; x_wconf 86' lang='lat' dir='ltr'><strong>creatura</strong></span> 
     </span>
    </p>
   </div>
   <div class='ocr_carea' id='block_1_101' title="bbox 458 5384 2028 5455">
    <p class='ocr_par' dir='ltr' id='par_1_101' title="bbox 458 5384 2028 5455">
     <span class='ocr_line' id='line_1_101' title="bbox 458 5384 2028 5455; baseline 0.003 -18"><span class='ocrx_word' id='word_1_711' title='bbox 458 5385 676 5439; x_wconf 86' lang='lat' dir='ltr'><strong>condita</strong></span> <span class='ocrx_word' id='word_1_712' title='bbox 721 5392 827 5449; x_wconf 89' lang='lat' dir='ltr'><strong>est,</strong></span> <span class='ocrx_word' id='word_1_713' title='bbox 872 5400 1013 5439; x_wconf 88' lang='lat' dir='ltr'><strong>nova</strong></span> <span class='ocrx_word' id='word_1_714' title='bbox 1058 5384 1237 5439; x_wconf 88' lang='lat' dir='ltr'><strong>adhuc</strong></span> <span class='ocrx_word' id='word_1_715' title='bbox 1283 5385 1573 5447; x_wconf 85' lang='lat' dir='ltr'><strong>exsistens,</strong></span> <span class='ocrx_word' id='word_1_716' title='bbox 1617 5384 1828 5438; x_wconf 88' lang='lat' dir='ltr'><strong>nullum</strong></span> <span class='ocrx_word' id='word_1_717' title='bbox 1861 5400 2028 5455; x_wconf 89' lang='lat' dir='ltr'><strong>pecu-</strong></span> 
     </span>
    </p>
   </div>
   <div class='ocr_carea' id='block_1_102' title="bbox 459 5472 2025 5531">
    <p class='ocr_par' dir='ltr' id='par_1_102' title="bbox 459 5472 2025 5531">
     <span class='ocr_line' id='line_1_102' title="bbox 459 5472 2025 5531; baseline 0.003 -4"><span class='ocrx_word' id='word_1_718' title='bbox 459 5472 593 5528; x_wconf 89' lang='lat' dir='ltr'><strong>liare</strong></span> <span class='ocrx_word' id='word_1_719' title='bbox 616 5488 679 5529; x_wconf 91' lang='lat' dir='ltr'><strong>ac</strong></span> <span class='ocrx_word' id='word_1_720' title='bbox 709 5474 1025 5530; x_wconf 86' lang='lat' dir='ltr'><strong>distinctum</strong></span> <span class='ocrx_word' id='word_1_721' title='bbox 1060 5490 1255 5529; x_wconf 91' lang='lat' dir='ltr'><strong>nomen</strong></span> <span class='ocrx_word' id='word_1_722' title='bbox 1287 5474 1494 5531; x_wconf 87' lang='lat' dir='ltr'><strong>habuit.</strong></span> <span class='ocrx_word' id='word_1_723' title='bbox 1526 5472 1623 5529; x_wconf 86' lang='lat' dir='ltr'><strong>His</strong></span> <span class='ocrx_word' id='word_1_724' title='bbox 1656 5485 2025 5531; x_wconf 88' lang='lat' dir='ltr'><strong>consentanea</strong></span> 
     </span>
    </p>
   </div>
   <div class='ocr_carea' id='block_1_103' title="bbox 529 5648 1445 5717">
    <p class='ocr_par' dir='ltr' id='par_1_103' title="bbox 529 5648 1445 5717">
     <span class='ocr_line' id='line_1_103' title="bbox 529 5648 1445 5717; baseline 0.001 -16"><span class='ocrx_word' id='word_1_725' title='bbox 529 5657 546 5678; x_wconf 80' lang='grc' dir='ltr'><strong>ι</strong></span> <span class='ocrx_word' id='word_1_726' title='bbox 577 5649 789 5703; x_wconf 78' lang='lat' dir='ltr'><strong>Coloss.</strong></span> <span class='ocrx_word' id='word_1_727' title='bbox 814 5664 896 5715; x_wconf 85' lang='lat' dir='ltr'><strong>In,</strong></span> <span class='ocrx_word' id='word_1_728' title='bbox 927 5650 984 5703; x_wconf 82' lang='lat' dir='ltr'><strong>ll</strong></span> <span class='ocrx_word' id='word_1_729' title='bbox 1012 5667 1027 5715; x_wconf 87' lang='lat'><strong>;</strong></span> <span class='ocrx_word' id='word_1_730' title='bbox 1058 5648 1234 5703; x_wconf 89' lang='lat' dir='ltr'><strong>Galat.</strong></span> <span class='ocrx_word' id='word_1_731' title='bbox 1258 5664 1334 5715; x_wconf 83' lang='lat' dir='ltr'><strong>vt,</strong></span> <span class='ocrx_word' id='word_1_732' title='bbox 1360 5649 1445 5717; x_wconf 70' lang='lat' dir='ltr'><strong>l5,</strong></span> 
     </span>
    </p>
   </div>
   <div class='ocr_carea' id='block_1_104' title="bbox 2136 4658 3717 4732">
    <p class='ocr_par' dir='ltr' id='par_1_104' title="bbox 2136 4658 3717 4732">
     <span class='ocr_line' id='line_1_104' title="bbox 2136 4658 3717 4732; baseline -0.001 -18"><span class='ocrx_word' id='word_1_733' title='bbox 2136 4660 2214 4731; x_wconf 88' lang='grc' dir='ltr'>τῷ</span> <span class='ocrx_word' id='word_1_734' title='bbox 2244 4660 2394 4731; x_wconf 84' lang='grc' dir='ltr'><strong>αὑτῷ</strong></span> <span class='ocrx_word' id='word_1_735' title='bbox 2422 4660 2693 4732; x_wconf 79' lang='grc' dir='ltr'>Ἀϐραὰμ,</span> <span class='ocrx_word' id='word_1_736' title='bbox 2724 4660 2940 4713; x_wconf 84' lang='grc' dir='ltr'>ἀπὸτοῦ</span> <span class='ocrx_word' id='word_1_737' title='bbox 2958 4658 3099 4712; x_wconf 84' lang='grc' dir='ltr'>κατὰ</span> <span class='ocrx_word' id='word_1_738' title='bbox 3129 4659 3376 4730; x_wconf 84' lang='grc' dir='ltr'>διαδοχὴν</span> <span class='ocrx_word' id='word_1_739' title='bbox 3405 4660 3717 4731; x_wconf 88' lang='grc' dir='ltr'>σπέρματος</span> 
     </span>
    </p>
   </div>
   <div class='ocr_carea' id='block_1_105' title="bbox 2135 4745 3715 4822">
    <p class='ocr_par' dir='ltr' id='par_1_105' title="bbox 2135 4745 3715 4822">
     <span class='ocr_line' id='line_1_105' title="bbox 2135 4745 3715 4822; baseline -0.001 -17"><span class='ocrx_word' id='word_1_740' title='bbox 2135 4751 2323 4814; x_wconf 82' lang='grc' dir='ltr'>αὑτοῦ,</span> <span class='ocrx_word' id='word_1_741' title='bbox 2369 4753 2616 4805; x_wconf 88' lang='grc' dir='ltr'>τουτέστι</span> <span class='ocrx_word' id='word_1_742' title='bbox 2643 4752 2738 4804; x_wconf 90' lang='grc' dir='ltr'><strong>τοῦ</strong></span> <span class='ocrx_word' id='word_1_743' title='bbox 2791 4752 2981 4815; x_wconf 88' lang='grc' dir='ltr'>Ἰούδα,</span> <span class='ocrx_word' id='word_1_744' title='bbox 3025 4752 3117 4818; x_wconf 79' lang='grc' dir='ltr'><strong>ἀφ’</strong></span> <span class='ocrx_word' id='word_1_745' title='bbox 3144 4745 3315 4822; x_wconf 71' lang='grc' dir='ltr'>οὗπερ</span> <span class='ocrx_word' id='word_1_746' title='bbox 3359 4751 3715 4821; x_wconf 87' lang='grc' dir='ltr'>Ἰουδαῖσμός·</span> 
     </span>
    </p>
   </div>
   <div class='ocr_carea' id='block_1_106' title="bbox 2134 4844 3719 4915">
    <p class='ocr_par' dir='ltr' id='par_1_106' title="bbox 2134 4844 3719 4915">
     <span class='ocr_line' id='line_1_106' title="bbox 2134 4844 3719 4915; baseline -0.001 -19"><span class='ocrx_word' id='word_1_747' title='bbox 2134 4844 2211 4906; x_wconf 88' lang='grc' dir='ltr'>ὼς</span> <span class='ocrx_word' id='word_1_748' title='bbox 2247 4844 2330 4896; x_wconf 78' lang='grc' dir='ltr'>ἔτι</span> <span class='ocrx_word' id='word_1_749' title='bbox 2380 4847 2651 4915; x_wconf 86' lang='grc' dir='ltr'>μαρτυρεῖ</span> <span class='ocrx_word' id='word_1_750' title='bbox 2699 4862 2788 4915; x_wconf 88' lang='grc' dir='ltr'><strong>μοι</strong></span> <span class='ocrx_word' id='word_1_751' title='bbox 2845 4846 2873 4896; x_wconf 87' lang='grc' dir='ltr'><strong>ὁ</strong></span> <span class='ocrx_word' id='word_1_752' title='bbox 2912 4844 3362 4913; x_wconf 81' lang='grc' dir='ltr'>πνευματοφόρος</span> <span class='ocrx_word' id='word_1_753' title='bbox 3419 4844 3513 4896; x_wconf 62' lang='grc' dir='ltr'><strong>καὶ¹</strong></span> <span class='ocrx_word' id='word_1_754' title='bbox 3564 4845 3719 4912; x_wconf 80' lang='grc' dir='ltr'>ἅγιος</span> 
     </span>
    </p>
   </div>
   <div class='ocr_carea' id='block_1_107' title="bbox 2136 4933 3717 5007">
    <p class='ocr_par' dir='ltr' id='par_1_107' title="bbox 2136 4933 3717 5007">
     <span class='ocr_line' id='line_1_107' title="bbox 2136 4933 3717 5007; baseline 0 -16"><span class='ocrx_word' id='word_1_755' title='bbox 2136 4938 2231 4991; x_wconf 88' lang='grc' dir='ltr'><strong>τοῦ</strong></span> <span class='ocrx_word' id='word_1_756' title='bbox 2259 4937 2393 4991; x_wconf 86' lang='grc' dir='ltr'>Θεοῦ</span> <span class='ocrx_word' id='word_1_757' title='bbox 2436 4938 2733 5002; x_wconf 86' lang='grc' dir='ltr'>ἀπόστολος</span> <span class='ocrx_word' id='word_1_758' title='bbox 2774 4938 3015 5004; x_wconf 86' lang='grc' dir='ltr'>Παῦλος,</span> <span class='ocrx_word' id='word_1_759' title='bbox 3069 4933 3172 4993; x_wconf 80' lang='grc' dir='ltr'>ὧδέ</span> <span class='ocrx_word' id='word_1_760' title='bbox 3223 4957 3341 5002; x_wconf 90' lang='grc' dir='ltr'><strong>πως</strong></span> <span class='ocrx_word' id='word_1_761' title='bbox 3387 4940 3583 5007; x_wconf 90' lang='grc' dir='ltr'>λέγων,</span> <span class='ocrx_word' id='word_1_762' title='bbox 3636 4939 3717 4991; x_wconf 84' lang='grc' dir='ltr'>ὅτι</span> 
     </span>
    </p>
   </div>
   <div class='ocr_carea' id='block_1_108' title="bbox 2151 5029 3717 5099">
    <p class='ocr_par' dir='ltr' id='par_1_108' title="bbox 2151 5029 3717 5099">
     <span class='ocr_line' id='line_1_108' title="bbox 2151 5029 3717 5099; baseline 0.003 -18"><span class='ocrx_word' id='word_1_763' title='bbox 2151 5031 2247 5083; x_wconf 76' lang='grc' dir='ltr'><strong>Ἐν</strong></span> <span class='ocrx_word' id='word_1_764' title='bbox 2283 5029 2515 5096; x_wconf 80' lang='grc' dir='ltr'>Χριστῷ</span> <span class='ocrx_word' id='word_1_765' title='bbox 2552 5031 2743 5097; x_wconf 83' lang='grc' dir='ltr'>Ἰησοῦ</span> <span class='ocrx_word' id='word_1_766' title='bbox 2787 5032 2857 5084; x_wconf 87' lang='grc' dir='ltr'><strong>οὐ</strong></span> <span class='ocrx_word' id='word_1_767' title='bbox 2873 5030 3196 5099; x_wconf 74' lang='grc' dir='ltr'>βάρϐαρος,</span> <span class='ocrx_word' id='word_1_768' title='bbox 3216 5033 3288 5085; x_wconf 86' lang='grc' dir='ltr'><strong>οὐ</strong></span> <span class='ocrx_word' id='word_1_769' title='bbox 3316 5032 3574 5098; x_wconf 82' lang='grc' dir='ltr'>Σκύθης,</span> <span class='ocrx_word' id='word_1_770' title='bbox 3603 5034 3717 5099; x_wconf 81' lang='grc' dir='ltr'><strong>οὐχ</strong></span> 
     </span>
    </p>
   </div>
   <div class='ocr_carea' id='block_1_109' title="bbox 2142 5120 3714 5191">
    <p class='ocr_par' dir='ltr' id='par_1_109' title="bbox 2142 5120 3714 5191">
     <span class='ocr_line' id='line_1_109' title="bbox 2142 5120 3714 5191; baseline 0.001 -18"><span class='ocrx_word' id='word_1_771' title='bbox 2142 5121 2398 5188; x_wconf 76' lang='grc' dir='ltr'><strong>’Ἐλλην,</strong></span> <span class='ocrx_word' id='word_1_772' title='bbox 2423 5123 2534 5174; x_wconf 82' lang='grc' dir='ltr'>οὐκ</span> <span class='ocrx_word' id='word_1_773' title='bbox 2550 5120 2845 5187; x_wconf 81' lang='grc' dir='ltr'>Ἰουδαῖος,</span> <span class='ocrx_word' id='word_1_774' title='bbox 2866 5122 3027 5175; x_wconf 73' lang='grc' dir='ltr'><em>ἀλλὰ</em></span> <span class='ocrx_word' id='word_1_775' title='bbox 3053 5122 3230 5190; x_wconf 74' lang='grc' dir='ltr'>καινὴ</span> <span class='ocrx_word' id='word_1_776' title='bbox 3262 5123 3477 5187; x_wconf 75' lang='grc' dir='ltr'>κτίσις.</span> <span class='ocrx_word' id='word_1_777' title='bbox 3497 5123 3714 5191; x_wconf 78' lang='grc' dir='ltr'>Ἐπειδὴ</span> 
     </span>
    </p>
   </div>
   <div class='ocr_carea' id='block_1_110' title="bbox 2138 5207 3713 5282">
    <p class='ocr_par' dir='ltr' id='par_1_110' title="bbox 2138 5207 3713 5282">
     <span class='ocr_line' id='line_1_110' title="bbox 2138 5207 3713 5282; baseline 0.003 -23"><span class='ocrx_word' id='word_1_778' title='bbox 2138 5207 2198 5272; x_wconf 79' lang='grc' dir='ltr'>ἐξ</span> <span class='ocrx_word' id='word_1_779' title='bbox 2219 5208 2471 5279; x_wconf 84' lang='grc' dir='ltr'>ὑπαρχῆς</span> <span class='ocrx_word' id='word_1_780' title='bbox 2503 5210 2590 5261; x_wconf 83' lang='grc' dir='ltr'><strong>ὅτε</strong></span> <span class='ocrx_word' id='word_1_781' title='bbox 2625 5208 2838 5262; x_wconf 79' lang='grc' dir='ltr'>ἔκτιστο</span> <span class='ocrx_word' id='word_1_782' title='bbox 2866 5214 2899 5281; x_wconf 86' lang='grc' dir='ltr'>ἡ</span> <span class='ocrx_word' id='word_1_783' title='bbox 2934 5212 3109 5274; x_wconf 85' lang='grc' dir='ltr'>κτίσις</span> <span class='ocrx_word' id='word_1_784' title='bbox 3130 5251 3143 5273; x_wconf 87' lang='grc'><strong>,</strong></span> <span class='ocrx_word' id='word_1_785' title='bbox 3177 5212 3336 5282; x_wconf 82' lang='grc' dir='ltr'>καινὴ</span> <span class='ocrx_word' id='word_1_786' title='bbox 3372 5208 3525 5276; x_wconf 78' lang='grc' dir='ltr'>οὖσα,</span> <span class='ocrx_word' id='word_1_787' title='bbox 3564 5212 3713 5264; x_wconf 78' lang='grc' dir='ltr'>οὐδέν</span> 
     </span>
    </p>
   </div>
   <div class='ocr_carea' id='block_1_111' title="bbox 2136 5297 3713 5371">
    <p class='ocr_par' dir='ltr' id='par_1_111' title="bbox 2136 5297 3713 5371">
     <span class='ocr_line' id='line_1_111' title="bbox 2136 5297 3713 5371; baseline 0.001 -22"><span class='ocrx_word' id='word_1_788' title='bbox 2136 5314 2189 5350; x_wconf 87' lang='grc' dir='ltr'><strong>τι</strong></span> <span class='ocrx_word' id='word_1_789' title='bbox 2234 5297 2629 5369; x_wconf 81' lang='grc' dir='ltr'>διαφορώτερον</span> <span class='ocrx_word' id='word_1_790' title='bbox 2687 5298 2842 5369; x_wconf 74' lang='grc' dir='ltr'>ἔσχεν</span> <span class='ocrx_word' id='word_1_791' title='bbox 2896 5300 3087 5371; x_wconf 80' lang='grc' dir='ltr'>ὄνομα.</span> <span class='ocrx_word' id='word_1_792' title='bbox 3136 5301 3353 5370; x_wconf 85' lang='grc' dir='ltr'>Συνῳδά</span> <span class='ocrx_word' id='word_1_793' title='bbox 3402 5300 3459 5353; x_wconf 81' lang='grc' dir='ltr'><strong>δὲ</strong></span> <span class='ocrx_word' id='word_1_794' title='bbox 3505 5300 3713 5361; x_wconf 84' lang='grc' dir='ltr'>τούτοις</span> 
     </span>
    </p>
   </div>
   <div class='ocr_carea' id='block_1_112' title="bbox 2136 5388 3711 5460">
    <p class='ocr_par' dir='ltr' id='par_1_112' title="bbox 2136 5388 3711 5460">
     <span class='ocr_line' id='line_1_112' title="bbox 2136 5388 3711 5460; baseline 0.002 -20"><span class='ocrx_word' id='word_1_795' title='bbox 2136 5388 2298 5441; x_wconf 86' lang='grc' dir='ltr'>πάλιν</span> <span class='ocrx_word' id='word_1_796' title='bbox 2330 5390 2388 5441; x_wconf 82' lang='grc' dir='ltr'><strong>ὲν</strong></span> <span class='ocrx_word' id='word_1_797' title='bbox 2419 5389 2589 5460; x_wconf 80' lang='grc' dir='ltr'>ἑτέρῳ</span> <span class='ocrx_word' id='word_1_798' title='bbox 2618 5391 2767 5460; x_wconf 86' lang='grc' dir='ltr'>τόπῳ</span> <span class='ocrx_word' id='word_1_799' title='bbox 2798 5390 2945 5458; x_wconf 81' lang='grc' dir='ltr'>λέγει</span> <span class='ocrx_word' id='word_1_800' title='bbox 2980 5389 3150 5453; x_wconf 74' lang='grc' dir='ltr'>οὕτως</span> <span class='ocrx_word' id='word_1_801' title='bbox 3180 5406 3193 5420; x_wconf 82' lang='grc'><strong><em>⁸</em></strong></span> <span class='ocrx_word' id='word_1_802' title='bbox 3239 5389 3571 5459; x_wconf 61' lang='grc' dir='ltr'>Ὀφειλέτης</span> <span class='ocrx_word' id='word_1_803' title='bbox 3596 5391 3711 5459; x_wconf 80' lang='grc' dir='ltr'>εἰμὶ</span> 
     </span>
    </p>
   </div>
   <div class='ocr_carea' id='block_1_113' title="bbox 2137 5478 3711 5553">
    <p class='ocr_par' dir='ltr' id='par_1_113' title="bbox 2137 5478 3711 5553">
     <span class='ocr_line' id='line_1_113' title="bbox 2137 5478 3711 5553; baseline 0.003 -22"><span class='ocrx_word' id='word_1_804' title='bbox 2137 5478 2397 5549; x_wconf 76' lang='grc' dir='ltr'>Ἕλλησί</span> <span class='ocrx_word' id='word_1_805' title='bbox 2411 5498 2475 5535; x_wconf 87' lang='grc' dir='ltr'><strong>τε</strong></span> <span class='ocrx_word' id='word_1_806' title='bbox 2491 5482 2589 5536; x_wconf 80' lang='grc' dir='ltr'>καὶ</span> <span class='ocrx_word' id='word_1_807' title='bbox 2606 5482 2951 5551; x_wconf 76' lang='grc' dir='ltr'>βαρϐάροις,</span> <span class='ocrx_word' id='word_1_808' title='bbox 2967 5482 3181 5553; x_wconf 69' lang='grc' dir='ltr'>σοφοῖς</span> <span class='ocrx_word' id='word_1_809' title='bbox 3203 5500 3267 5537; x_wconf 87' lang='grc' dir='ltr'><strong>τε</strong></span> <span class='ocrx_word' id='word_1_810' title='bbox 3282 5482 3381 5537; x_wconf 79' lang='grc' dir='ltr'>καὶ</span> <span class='ocrx_word' id='word_1_811' title='bbox 3408 5482 3711 5551; x_wconf 72' lang='grc' dir='ltr'>ἀνοήτοις*</span> 
     </span>
    </p>
   </div>
   <div class='ocr_carea' id='block_1_114' title="bbox 530 5820 2401 5903">
    <p class='ocr_par' dir='ltr' id='par_1_114' title="bbox 530 5820 2401 5903">
     <span class='ocr_line' id='line_1_114' title="bbox 530 5820 2401 5903; baseline 0.005 -26"><span class='ocrx_word' id='word_1_812' title='bbox 530 5821 643 5891; x_wconf 69' lang='lat'><strong>(35)</strong></span> <span class='ocrx_word' id='word_1_813' title='bbox 693 5820 836 5876; x_wconf 80' lang='grc' dir='ltr'><strong>Ἀπὸ</strong></span> <span class='ocrx_word' id='word_1_814' title='bbox 899 5823 1003 5878; x_wconf 84' lang='grc' dir='ltr'><strong>τοῦ</strong></span> <span class='ocrx_word' id='word_1_815' title='bbox 1053 5826 1278 5895; x_wconf 87' lang='grc' dir='ltr'>Σεροὺχ</span> <span class='ocrx_word' id='word_1_816' title='bbox 1320 5826 1418 5881; x_wconf 77' lang='grc' dir='ltr'>καὶ</span> <span class='ocrx_word' id='word_1_817' title='bbox 1460 5829 1648 5898; x_wconf 83' lang='grc' dir='ltr'>Ἀράμ.</span> <span class='ocrx_word' id='word_1_818' title='bbox 1690 5829 1796 5885; x_wconf 91' lang='lat' dir='ltr'><strong>Pro</strong></span> <span class='ocrx_word' id='word_1_819' title='bbox 1841 5831 2021 5901; x_wconf 83' lang='grc' dir='ltr'>Ἀράμ</span> <span class='ocrx_word' id='word_1_820' title='bbox 2059 5845 2203 5887; x_wconf 87' lang='lat' dir='ltr'><strong>corr.</strong></span> <span class='ocrx_word' id='word_1_821' title='bbox 2234 5831 2401 5903; x_wconf 83' lang='grc' dir='ltr'>Θαρέ.</span> 
     </span>
    </p>
   </div>
  </div>
