4204 6370
520 253 627 309 209

1184 250 1555 307 ADVERSUS
1593 247 1937 305 IIZERESES
1976 246 2101 301 LIB.
2146 246 2188 301 I.
2231 243 2397 302 TOM.
2436 245 2478 299 I.
2512 272 2581 284 —-
2617 239 2894 298 HERES.
2934 236 3071 294 VIII.

3683 223 3794 279 Q10

522 372 607 423 ἵνα
651 362 798 441 δείξῃ
836 386 1032 438 σοφούς
1088 369 1185 439 μὲν
1218 369 1345 433 τοὺς
1400 370 1711 434 Ἰουδαίους,
1757 368 2021 438 ἀνοήτους
2048 364 2106 418 δὲ

2228 370 2339 418 sunt
2363 377 2486 434 quae
2515 362 2574 417 in
2598 360 2706 415 alio
2735 359 2857 413 loco
2884 354 3073 411 eodem
3109 349 3177 405 ab
3209 347 3469 419 Apostolo
3496 344 3792 400 dicuntur:

525 462 647 523 τοὺς
672 459 903 521 Σκύθας.
939 460 1048 512 Καὶ
1070 460 1258 530 φησὶν,
1300 460 1615 530 Ὀφειλέτης
1644 458 1782 529 είμί.
1826 454 2108 510 Ἐντεῦθεν

522 552 584 607 τὸ
638 553 746 605 πᾶν
785 550 941 619 γένος
970 549 1066 603 τοῦ
1114 551 1330 621 Ἰσραὴλ
1367 552 1481 621 (54)
1529 552 1769 604 Ἰουδαῖοι
1818 544 2110 602 ἐκαλοῦντο

524 646 633 698 ἀπὸ
656 645 852 715 χρόνου
879 643 973 697 τοῦ
996 645 1159 698 Δαϐίδ
1187 662 1200 675 ·
1234 646 1329 698 καὶ¹
1353 645 1642 717 διήρκεσεν
1674 642 1979 713 ἐπωνύμως
2008 659 2111 694 κα-

523 738 782 807 λούμενον
856 737 1207 809 Ἰσραηλιτῶν
1254 756 1314 790 τε
1370 739 1466 792 καὶ
1537 737 1803 790 Ἰουδαίων
1842 735 1963 805 ἕχον
2011 734 2111 804 τήν

527 829 813 900 ἐπίκλησιν
844 830 903 883 τὸ
928 831 1036 882 πᾶν
1058 829 1215 898 γένος
1250 829 1345 884 τοῦ
1395 830 1613 902 Ἰσραὴλ
1646 830 1753 882 ἀπὸ
1776 828 1882 881 τῶν
1908 828 2113 898 χρόνων

528 920 619 973 τοῦ
637 920 801 973 Δαϐὶδ
825 922 920 974 καὶ
959 921 1055 975 τοῦ
1101 922 1220 975 υίοῦ
1273 921 1438 976 αὑτοῦ
1481 921 1844 992 Σολομῶντος,
1880 922 1973 973 καὶ
2016 916 2111 971 τοῦ

527 1013 646 1065 υἱοῦ
682 1014 1046 1084 Σολομῶντος,
1068 1016 1211 1085 φημὶ
1239 1014 1296 1067 δὲ
1330 1013 1424 1067 τοῦ
1459 1012 1698 1083 Ῥοϐοάμ
1737 1012 1830 1064 τοῦ
1862 1011 1998 1081 μετὰ
2025 1009 2114 1063 τὸν

531 1103 851 1173 Σολομῶντα
877 1102 1300 1176 βασιλεύσαντος
1322 1106 1379 1158 ὲν
1419 1103 1793 1174 Ἰερουσαλήμ.
1826 1103 1940 1154 Ἵνα
1961 1101 2016 1153 δὲ
2040 1100 2114 1170 μὴ

531 1196 588 1245 ἐν
647 1194 928 1264 παρεξόδῳ
976 1196 1246 1265 γένωμαι,
1298 1195 1713 1267 παρερχόμενος
1747 1194 1817 1247 τὰ
1852 1196 1990 1247 κατὰ
2019 1193 2116 1264 τὴν

533 1283 639 1335 τῶν
677 1283 944 1336 Ἰουδαίων
985 1284 1302 1355 θρησκείαν,
1351 1288 1445 1339 καὶ
1495 1286 1569 1356 μὴ
1610 1285 2117 1355 ύποσημαινόμενος

534 1373 630 1442 τῆς
653 1376 773 1425 κατ’
800 1374 995 1436 αὐτοὺς
1031 1375 1191 1446 δόξης
1236 1375 1337 1447 τὴν
1377 1376 1655 1437 ὑπόθεσιν,
1678 1376 1834 1442 όλίγα
1876 1374 1984 1427 ἀπὸ
2009 1374 2117 1426 τῶν

534 1465 743 1517 πολλῶν
769 1465 1175 1538 παραθήσομαι.
1205 1468 1347 1521 Πᾶσι
1374 1468 1505 1538 γὰρ,
1539 1469 1615 1532 ὡς
1646 1469 1837 1532 εἰπεῖν,
1873 1466 2119 1536 φανερώ-

534 1576 672 1612 τατα
702 1559 937 1629 ὑπάρχει
974 1559 1044 1612 τὰ
1095 1558 1239 1614 κατὰ
1270 1561 1398 1623 τοὺς
1431 1559 1740 1621 Ἰουδαίους.
1768 1558 1860 1612 Διὸ
1886 1558 1945 1610 ού
1978 1558 2118 1611 πάνυ

2210 452 2430 508 Debitor
2458 468 2577 508 sum
2605 449 2806 507 Graecis
2835 457 2885 502 et
2908 444 3191 507 Barbaris,
3228 438 3555 510 sapientibus
3584 445 3633 490 et
3656 434 3793 489 insi—

2210 545 2474 616 pientibus
2493 546 2533 608 ⁸,
2556 553 2614 598 ut
2630 552 2686 598 et
2708 540 2929 597 Iudaeos
2946 537 3221 608 sapientes
3237 541 3291 589 et
3320 530 3642 601 insipientes
3672 540 3798 582 esse

2214 635 2450 705 Scythas
2477 632 2812 689 ostenderet.
2842 628 3056 695 Quibus
3086 625 3363 687 omnibus,
3410 622 3505 684 ait,
3535 632 3637 688 ego
3669 629 3793 670 sum

2213 725 2449 780 debitor.
2486 724 2657 795 Igitur
2702 722 2771 776 ab
2807 720 2901 774 illo
2937 719 3196 785 deinceps
3222 722 3466 783 tempore
3499 710 3555 763 iu
3587 706 3797 795 Israeli-

2214 822 2391 868 tarum
2442 794 2614 885 genus
2640 810 2952 867 Judaaorum
2994 822 3193 861 nomen
3220 804 3331 874 jam
3365 808 3480 855 tum
3530 814 3561 852 a
3589 794 3797 850 Davide

2214 906 2556 961 transfusum
2589 912 2674 959 est
2707 923 2721 957 :
2751 910 2804 957 et
2834 911 3066 969 utroque
3099 900 3461 968 cognomento
3486 901 3596 944 tam
3621 887 3798 943 Israe-

2217 999 2434 1051 litarum
2467 1010 2632 1066 quam
2660 992 2973 1049 Judaaorum
3024 989 3203 1043 omnis
3248 987 3339 1040 illa
3372 999 3505 1056 gens
3555 995 3619 1036 eo
3661 978 3799 1033 insi-

2214 1087 2366 1158 gnita
2390 1092 2653 1157 perpetuo
2679 1090 2791 1149 est;
2821 1096 2851 1135 a
2880 1079 3125 1143 Davidis,
3159 1078 3404 1147 inquam,
3449 1072 3679 1142 ejusque
3703 1068 3798 1122 ﬁlii

2220 1179 2529 1235 Salomonis
2568 1175 2929 1246 temporibus,
2964 1180 3018 1227 et
3066 1170 3235 1240 hujus
3282 1168 3508 1236 insuper
3549 1164 3642 1217 ﬁlii
3685 1160 3798 1215 llo-

2215 1269 2419 1336 boami,
2453 1270 2545 1338 qui
2580 1274 2704 1339 post
2731 1264 3075 1320 Salomonem
3111 1258 3503 1329 Hierosolymis
3531 1253 3796 1325 regnavit.

2216 1359 2422 1416 Verum
2465 1373 2535 1413 ne
2579 1357 2805 1411 omnino
2856 1369 2979 1425 quze
3032 1351 3100 1406 ad
3133 1349 3447 1405 Iudaeorum
3483 1345 3800 1415 religionem

2218 1451 2484 1506 attineant
2511 1447 2942 1519 praetermittam.
2989 1443 3247 1512 nullaque
3289 1455 3354 1495 ex
3391 1443 3546 1508 parte
3582 1435 3803 1489 illorum

2218 1543 2504 1613 opiniones
2555 1538 2843 1609 attingam,
2893 1550 3067 1607 pauca
3108 1533 3175 1587 de
3217 1530 3407 1585 multis
3449 1525 3803 1596 complectar.

536 1653 782 1721 κάματον
809 1616 1134 1724 ἀναδέξομαι
1155 1654 1284 1725 περὶ
1303 1616 1507 1725 ταύτης
1519 1653 1618 1724 τῆς
1639 1616 1949 1713 ὑποθέσεως
1979 1649 2120 1703 κατὰ

2228 1633 2406 1704 Neque
2453 1632 2599 1688 enim
2661 1630 2917 1699 cuiquam
2971 1626 3085 1682 fere
3145 1622 3456 1679 Iudaeorum
3510 1616 3803 1688 religiones

536 1706 968 1798 τδδλεπτότατον
984 1706 1399 1817 ’δίηγήσασθαῃ
1448 1706 1671 1799 dilabi;
1704 1744 1772 1816 ἦν
1822 1706 2119 1813 ἀναγκαῖον

2228 1726 2419 1796 ignota:
2465 1728 2613 1779 sunt.
2653 1719 2886 1790 Ideoque
2926 1718 2979 1772 in
3038 1730 3104 1771 eo
3147 1720 3469 1784 argumento
3516 1706 3805 1763 tractando

537 1836 696 1905 ὀλίγα
731 1837 840 1891 ἀπὸ
866 1836 1074 1892 πολλῶν
1098 1837 1333 1893 ἐνταῦθα
1367 1837 1731 1909 παραθέσθαι.

598 2100 671 2152 Δθ.
696 2100 938 2153 Ἰουδαῖοι
950 2100 1128 2153 τοίνυν
1140 2101 1189 2153 oi
1206 2099 1313 2153 ἀπὸ
1330 2099 1423 2153 τοῦ
1447 2100 1699 2171 Ἀϐραὰμ
1710 2099 1854 2153 κατὰ
1876 2096 2125 2170 διαδοχὴν

545 2190 903 2262 ὑπάρχοντες,
947 2193 1039 2245 καὶ
1062 2192 1160 2263 τὴν
1192 2192 1356 2246 αὑτοῦ
1387 2191 1699 2246 θεοσέϐειαν
1733 2190 2124 2262 διαδεξάμενοι,

544 2282 848 2352 περιτομὴν
882 2281 981 2353 μὲν
1014 2282 1107 2335 τοῦ
1152 2282 1355 2354 Ἀϐραὰ
1365 2301 1404 2354 μ
1430 2283 1667 2354 ἔχουσιν,
1692 2284 1759 2355 ἢν
1785 2284 1929 2338 κατὰ
1955 2282 2127 2353 πρόσ-

544 2369 699 2435 ταξιν
727 2368 863 2422 Θεοῦ
898 2370 1119 2441 εἴληφεν
1152 2370 1534 2441 ὲννενηκοστὸν
1582 2369 1801 2425 ἔννατον
1849 2369 1967 2433 ἔτος
1994 2384 2129 2422 κατ-

544 2462 715 2528 άγων,
734 2461 801 2513 δι’
816 2462 998 2515 αἰτίαν
1011 2462 1076 2532 ἢν
1094 2461 1206 2515 ἄνω
1223 2464 1502 2533 προεῖπον,
1524 2465 1604 2527 είς
1619 2463 1680 2516 τὸ
1697 2462 1885 2515 τούτου
1906 2462 2128 2531 σπέρμα

548 2553 810 2623 πάροικον
842 2553 1131 2621 γενόμενον
1156 2554 1213 2604 ὲν
1239 2555 1303 2623 τῇ
1329 2553 1585 2625 ἀλλοτρίᾳ
1611 2554 1686 2623 μὴ
1708 2555 2125 2624 ἀποστραφῆναι

547 2644 609 2695 τὸ
647 2644 817 2713 ὄνομα
846 2643 940 2696 τοῦ
968 2642 1126 2708 Θεοῦ,
1158 2644 1249 2696 ἐπὶ
1289 2643 1539 2715 σώματος
1566 2645 1622 2697 δὲ
1652 2646 1921 2716 σφραγῖδα
1946 2645 2131 2715 φέρειν

551 2734 910 2805 ὑπομνήσεως
953 2734 1115 2805 χάριν
1158 2722 1271 2788 καῖ
1291 2735 1534 2805 ἐλέγχου,
1576 2738 1655 2799 είς
1689 2736 1748 2788 τὸ
1778 2736 2035 2806 ἐμμένειν
2065 2738 2129 2806 τῇ

550 2822 645 2875 τοῦ
664 2823 866 2894 πατρὸς
887 2823 1065 2876 αὐτῶν
1086 2824 1385 2895 θεοσεϐείᾳ.
1427 2824 1483 2877 Ὀ
1504 2824 1559 2877 δὲ
1584 2828 1712 2887 παῖς
1729 2825 1918 2879 τούτου
1948 2824 2134 2879 Ἰσαὰκ

552 2915 898 2985 ὀκταήμερος
938 2914 1348 2985 περιτέμνεται,
1388 2917 1464 2979 ὡς
1507 2915 1567 2969 τὸ
1605 2915 1699 2969 τοῦ
1730 2916 1863 2968 Θεοῦ
1898 2913 2008 2987 εἶχε
2043 2915 2135 2968 θέ-

557 3023 792 3076 σπισμα.
828 3007 937 3060 Καὶ
975 3006 1321 3079 ὡμολόγηται
1359 3009 1478 3079 μὲν,
1513 3009 1593 3061 δτι
1630 3010 1693 3061 ὲκ
1717 3008 2135 3080 προστάγματος

2221 1831 2332 1873 non
2361 1814 2655 1870 admodum
2697 1809 2971 1883 exquisite
3008 1805 3372 1870 versabimur,
3417 1801 3514 1857 sed
3555 1815 3585 1855 e
3620 1798 3804 1853 multis

2222 1921 2396 1977 pauca
2446 1904 2779 1968 libabimus,
2835 1916 2957 1972 quae
3017 1896 3332 1954 necessario
3389 1890 3805 1964 perstringenda

2221 2000 2494 2054 videntur.

2298 2092 2400 2162 17
2413 2088 2695 2160 IV.Itaque
2708 2085 2736 2143 Ι
2744 2086 2880 2143 udaai
2899 2085 2993 2156 qui
3011 2084 3079 2138 ab
3100 2081 3413 2137 Abrahamo
3437 2086 3546 2130 tam
3564 2072 3804 2145 generis,

2226 2196 2391 2253 quam
2424 2178 2712 2250 religionis
2747 2174 3160 2234 successionem
3205 2171 3557 2238 acceperunt,
3616 2164 3683 2217 ab
3714 2176 3809 2216 eo—

2226 2279 2348 2332 dem
2375 2272 2820 2330 circumcisionis
2839 2271 3011 2325 ritum
3033 2266 3184 2322 nacti
3213 2272 3363 2329 sunt,
3390 2276 3555 2332 quam
3588 2259 3681 2313 ille
3705 2272 3808 2311 un-

2228 2369 2598 2426 decentesimo
2632 2365 2811 2423 aetatis
2842 2378 2988 2418 anno
3028 2360 3293 2415 divinitus
3323 2355 3587 2410 adhibere
3614 2353 3807 2422 jussus

2228 2474 2313 2521 est
2340 2481 2352 2517 :
2375 2466 2449 2535 ob
2470 2479 2591 2520 eam
2615 2476 2867 2523 causam,
2900 2472 3065 2530 quam
3091 2464 3252 2510 antea
3280 2449 3708 2523 proposuimus;
3740 2461 3810 2498 ne

2232 2556 2442 2612 scilicet
2472 2556 2594 2625 ejus
2624 2552 2831 2625 posteri
2867 2551 2922 2606 in
2959 2549 3137 2603 aliena
3162 2545 3383 2615 regione
3406 2546 3812 2597 commorantes

2232 2646 2325 2701 Dei
2351 2661 2548 2700 nomen
2576 2644 2646 2699 ab
2668 2658 2791 2699 sese
2839 2640 3158 2710 rejicerent,
3213 2636 3325 2689 imo
3372 2633 3521 2687 velut
3564 2630 3809 2683 inustum

2234 2738 2507 2809 quoddam
2533 2736 2751 2806 signum
2783 2731 2999 2802 corpori
3057 2744 3158 2785 suo
3211 2722 3660 2787 circumferrem,
3702 2734 3813 2790 quo

2234 2831 2318 2885 vel
2351 2826 2759 2885 commoneﬁeri
2786 2825 2871 2880 vel
2900 2821 3157 2894 redargui
3206 2826 3453 2890 possent,
3490 2815 3536 2870 si
3560 2811 3688 2883 quid
3719 2810 3816 2864 ad-

2239 2922 2539 2981 mitterent,
2591 2927 2755 2987 atque
2789 2915 3094 2970 utomnino
3144 2920 3374 2983 paterna
3413 2909 3469 2964 in
3530 2906 3812 2977 religione,

2241 3012 2602 3080 institutoque
2641 3008 3020 3080 persisterent.
3069 3002 3369 3058 Abrahami
3413 2998 3613 3055 deinde
3671 2996 3816 3050 ﬁlius

554 3097 691 3151 Θεοῦ
721 3100 755 3168 ή
787 3098 1063 3170 περιτομὴ
1083 3078 1221 3152 τότε
1240 3078 1474 3172 ὑπῆρχε·
1497 3100 1653 3172 τύπῳ
1687 3101 1743 3155 δὲ
1761 3078 1831 3173 ἦν
1865 3100 2004 3171 αῦτη
2028 3101 2133 3154 δια-

2239 3104 2461 3160 Isaacus
2490 3110 2685 3157 octavo
2709 3116 2872 3171 quam
2916 3106 3081 3153 natus
3127 3106 3245 3151 erat
3264 3094 3353 3148 die
3402 3108 3469 3147 ex
3530 3089 3624 3146 Dei
3660 3103 3818 3142 man-

554 3190 862 3261 τεταγμένη
897 3191 1041 3256 τότε,
1090 3192 1165 3256 ὡς
1205 3191 1348 3245 κατὰ
1390 3192 1709 3246 ἀκολουθίαν
1758 3192 2138 3263 προϐαίνοντες

560 3280 784 3352 ὕστερον
805 3284 933 3353 περὶ
952 3283 1142 3336 τούτου
1170 3284 1435 3354 δείξομεν.
1467 3285 1767 3355 Διήρκεσαν
1790 3284 1965 3336 τοίνυν
1992 3301 2141 3354 περι-

558 3375 903 3445 τεμνόμενοι,
934 3377 1026 3428 καὶ
1054 3375 1328 3446 θεοσεϐείᾳ
1354 3377 1779 3447 προσανέχοντες
1798 3378 1847 3428 οί
1870 3376 2023 3429 αὐτοὶ
2043 3373 2138 3427 τοῦ

574 3466 826 3537 Ἁϐραάμ
856 3465 998 3519 κατὰ
1026 3467 1273 3539 διαδοχὴν
1307 3469 1515 3533 παῖδες,
1547 3470 1641 3520 ἀπ’
1668 3469 1832 3523 αὑτοῦ
1857 3485 2019 3539 φημι,
2048 3470 2141 3521 καὶ

561 3557 816 3628 καθεξῆς,
845 3557 1049 3623 Ἰσαάκ,
1082 3559 1295 3623 Ἰακὼϐ,
1318 3562 1410 3612 καὶ
1426 3562 1474 3613 οἱ
1491 3560 1679 3613 τούτου
1702 3560 1909 3623 παῖδες,
1929 3560 1983 3613 ἓν
2000 3577 2056 3612 τε
2074 3561 2138 3630 τῇ

562 3650 979 3721 Χανανίτιδιγῇ,
1016 3650 1245 3722 Ἰουδαίᾳ.
1264 3652 1691 3723 καὶΦιλιστιαίᾳ,
1716 3651 1860 3705 οὕτω
1882 3651 2140 3722 κληθείσῃ

561 3744 681 3794 τότε
708 3742 843 3813 (55),
875 3742 945 3795 τὰ
966 3742 1061 3797 νῦν
1091 3743 1147 3796 δὲ
1172 3743 1504 3815 Παλαιστίνῃ
1536 3743 1862 3817 καλουμένῃο
1896 3742 2031 3797 ἀλλὰ
2050 3743 2144 3797 καὶ

562 3839 621 3889 ἐν
651 3836 933 3908 Αἰγύπτῳ.
971 3836 1166 3891 Ἰακὼϐ
1199 3836 1308 3908 γὰρ
1338 3839 1365 3890 ὁ
1393 3838 1489 3890 καὶ
1524 3836 1738 3909 Ἰσραὴλ
1765 3837 2006 3891 κάτεισιν
2028 3838 2144 3908 ἅμα

561 3932 674 3993 τοῖς
700 3931 891 3983 ἕνδεκα
914 3929 1079 3983 αὐτοῦ
1119 3931 1306 3983 παισὶν
1326 3932 1405 3993 εἰς
1427 3929 1721 3999 Αἴγυπτον,
1741 3931 1858 3994 ἔτος
1892 3930 2146 3999 κατάγων

561 4025 853 4077 ἑκατοστὸν
878 4022 1201 4094 τριακοστὸν
1232 4022 1327 4092 τῆς
1365 4021 1527 4074 αὐτοῦ
1583 4021 1749 4093 ζωῆς.
1800 4022 1993 4093 Ἰωσὴφ
2031 4022 2089 4074 δὲ
2118 4024 2146 4075 ό

562 4115 747 4183 ἕτερος
780 4113 945 4168 αὐτοῦ
984 4114 1097 4176 υίὸς
1130 4113 1233 4184 ἤδη
1269 4114 1327 4167 ὲν
1369 4112 1626 4183 Αἰγύπτῳ
1654 4114 1978 4184 προῦπῆρχε
1997 4114 2147 4184 βασι-

561 4204 755 4270 λεύων,
789 4206 1019 4277 πραθεὶς
1055 4204 1162 4257 ὑπὸ
1203 4204 1312 4258 τῶν
1345 4204 1588 4274 ἀδελφῶν
1609 4204 1773 4257 αὑτοῦ
1807 4204 1896 4257 διὰ
1932 4204 2143 4273 φθόνον.

574 4295 638 4348 Ἦ
654 4296 708 4349 δὲ
729 4296 823 4349 τοῦ
845 4296 978 4350 Θεοῦ
998 4298 1300 4367 οἰκονομία,
1325 4296 1392 4349 τὰ
1415 4296 1593 4365 ἀγαθὰ
1615 4296 1874 4368 συνεργοῦ
1884 4314 1949 4349 σα
1967 4297 2045 4367 τῷ
2067 4297 2147 4349 δι-

564 4390 726 4459 καίῳ,
748 4391 829 4454 είς
849 4390 1160 4461 θαυμαστὸν
1190 4392 1466 4462 μετήγαγε
1492 4391 1590 4461 τὴν
1616 4392 1734 4443 κατ’
1760 4389 1925 4443 αὑτοῦ
1952 4389 2147 4459 Ἰωσὴφ

564 4479 877 4551 ἐπιϐουλήν.
900 4482 1125 4535 Κάτεισι
1145 4482 1345 4547 τοίνυν,
1370 4481 1445 4544 ὡς
1466 4483 1745 4552 προεῖπον,
1765 4482 1794 4533 ό
1831 4479 2021 4533 Ἰακὼϐ
2051 4480 2146 4532 καὶ

565 4574 613 4624 οξ
648 4573 743 4624 ἀπ’
766 4572 930 4625 αὐτοῦ
963 4573 1089 4633 υἱοὶ,
1131 4572 1226 4624 καὶ
1251 4574 1509 4639 γυναῖκες
1529 4572 1623 4623 καὶ
1645 4571 1878 4639 ἔκγονοι,
1913 4571 1971 4623 ὲν
1997 4570 2147 4623 ἐϐδο-

568 4664 813 4735 μήκοντα
850 4664 1013 4717 πέντε
1045 4663 1243 4733 ψυχαῖς
1278 4663 1696 4734 ἀριθμηθέντες,
1735 4663 1815 4725 είς
1848 4661 2145 4731 Αἴγυπτον,

561 4755 636 4818 ὡς
661 4754 905 4825 περιέχει
933 4757 965 4824 ή
1001 4752 1192 4825 πρώτη
1230 4753 1410 4824 βίϐλος
1440 4752 1538 4822 τῆς
1569 4750 1712 4805 κατὰ
1742 4751 1980 4804 Μωῦσέα
2010 4752 2148 4804 Πεν-

561 4845 846 4916 τατεύχου,
878 4844 1065 4915 σαφῶς
1096 4844 1333 4917 δηλοῦσα
1371 4843 1500 4913 περὶ
1532 4843 1737 4897 τούτων
1770 4842 2010 4898 πάντων.
2061 4844 2150 4895 Δι-

648 5031 662 5058 ¹
691 5028 849 5083 Rom.
884 5029 1040 5092 ι,14.
1118 5028 1138 5058 ²
1163 5026 1298 5082 Gen.
1332 5042 1481 5089 XLVI,
1512 5028 1546 5083 4
1578 5042 1701 5097 sqq.

637 5206 750 5277 (54)
802 5206 1111 5277 Ἐντεῦθεν
1136 5205 1204 5277 τὸ
1236 5203 1359 5259 πᾶν
1380 5204 1693 5277 remoror?
1728 5203 1986 5277 Ἰσραήλ.
2025 5201 2145 5256 Non

564 5275 673 5329 tam
723 5286 880 5330 vetus
934 5284 1016 5331 est
1064 5275 1374 5330 Iudaeorum
1428 5275 1718 5344 appellatio
1758 5291 1855 5344 pro
1886 5275 2144 5328 universo

568 5291 673 5329 tam
723 5291 880 5330 vetus
934 5291 1016 5331 est
1064 5291 1374 5330 Juuaeorum
1428 5291 1454 5326 a
1502 5291 1718 5342 peuauo
1758 5291 1855 5344 pro
1886 5291 2144 5328 llﬂlVCl‘SO

568 5347 938 5400 Israelitarum
972 5361 1193 5416 genere,
1224 5353 1283 5416 ut
1311 5291 1584 5400 DavicIicis
1614 5346 1955 5413 temporibus
1981 5359 2145 5397 usur-

564 5432 694 5486 pare
746 5413 998 5485 coeperit.
1044 5416 1186 5469 Audi
1219 5415 1541 5486 Joscpbgm,
1573 5416 1665 5486 lib.
1694 5416 1943 5486 ΧιἈρχ.,
1976 5428 2027 5467 c.
2064 5413 2101 5486 5
2130 5429 2144 5465 :

577 5480 914 5557 Ἐκλήθησαν
956 5487 1100 5557 δὲτὸ
1127 5485 1313 5557 όνομαί
1337 5480 1396 5548 ἐξ
1430 5480 1497 5557 ἦς
1522 5480 1755 5557 ἡμέρας
1782 5480 2055 5557 ᾁνέϐησαν
2087 5484 2153 5557 εκ

568 5550 904 5618 Βαϐυλῶνος,
935 5556 1043 5609 ἀπὸ
1072 5555 1166 5607 τοῦ
1191 5550 1365 5608 Ἰούδα
1394 5550 1679 5625 φυλῆςξῆς
1707 5550 2149 5625 πρώτηςξὲλθού-

569 5646 665 5697 σης
696 5628 776 5689 είς
806 5626 1045 5688 ἐκείνους
1058 5626 1186 5689 τοὺς
1212 5626 1410 5697 τόπους
1430 5622 1581 5697 αὐτοί
1604 5622 1663 5676 τε
1697 5622 1788 5677 καὶ
1819 5627 1852 5693 ἠ
1883 5622 2035 5697 χῲρα
2052 5622 2151 5697 τῆς

571 5694 941 5767 προσηγορίας
968 5698 1172 5766 ταύτης
1205 5696 1517 5767 μετέλαϐον.
1552 5696 1732 5762 Quare
1775 5704 1894 5765 post
1923 5694 2152 5761 Babylo—

2240 3198 2368 3250 dato
2400 3194 2764 3249 circumcisus
2797 3198 2899 3248 est.
2963 3189 3074 3245 Nec
3116 3188 3338 3243 dubium
3383 3192 3489 3247 est,
3523 3182 3661 3253 quin
3700 3189 3815 3233 tum

2241 3286 2427 3341 divino
2450 3292 2722 3355 praecepto
2746 3284 2817 3339 sit
2847 3281 3096 3336 instituta
3127 3276 3511 3341 circumcisio;
3533 3288 3634 3329 nec
3660 3271 3818 3327 aliter

2242 3386 2423 3432 tamen
2475 3391 2639 3447 quam
2672 3375 2739 3429 ad
2790 3374 3103 3428 futurarum
3139 3385 3323 3425 rerum
3355 3368 3642 3422 veritatem
3673 3364 3820 3418 velut

2244 3469 2478 3538 imagine
2509 3465 2743 3537 quadam
2802 3461 3233 3519 adumbrandam
3270 3479 3282 3514 :
3321 3457 3371 3512 id
3430 3455 3578 3527 quod
3630 3459 3819 3523 postea

2245 3576 2346 3615 suo
2373 3561 2493 3614 loco
2535 3556 3024 3615 demonstrabitur.
3081 3552 3456 3620 Quamobrem
3505 3543 3819 3603 circumcisi

2245 3654 2504 3723 deinceps
2536 3650 2835 3706 Abrahami
2895 3660 3249 3703 successores
3276 3656 3468 3698 omnes
3502 3653 3568 3694 ac
3617 3636 3822 3708 posteri

2249 3742 2491 3805 fuerunt,
2526 3758 2692 3812 penes
2725 3755 2866 3811 quos
2891 3739 3109 3793 sincera
3139 3734 3352 3803 religio,
3393 3746 3457 3785 ac
3512 3729 3607 3783 Dei
3641 3728 3823 3782 cultus

2246 3837 2467 3893 resedit.
2526 3835 2693 3905 quue
2727 3848 2851 3888 cum
2900 3832 2969 3886 al)
3027 3829 3340 3883 Abrahamo
3390 3830 3654 3893 emptum,
3709 3831 3821 3875 tum

2248 3928 2564 3999 singillatim
2598 3927 2667 3980 ab
2694 3925 2903 3989 lsaaco,
2931 3921 3156 3980 Jacobo.
3190 3918 3466 3988 hujusque
3518 3913 3727 3978 liberis,
3766 3911 3823 3965 in

2247 4019 2574 4081 Chananwa,
2630 4014 2837 4078 Judaza,
2884 4029 2947 4067 ac
2993 4009 3270 4065 Philistaca
3316 4004 3618 4077 quondam,
3677 4016 3825 4056 nunc

2247 4107 2537 4163 Palaestina
2585 4106 2729 4159 dicta
2766 4103 2991 4174 regione
3022 4105 3384 4170 pmpagatum
3416 4102 3522 4151 est.
3556 4092 3663 4148 Sed
3689 4099 3744 4147 et
3767 4092 3824 4145 in

2250 4200 2485 4270 Egypto
2513 4214 2623 4253 non
2648 4201 2829 4251 minus
2874 4200 3283 4264 perseveratum
3316 4195 3419 4245 est.
3447 4186 3525 4242 Eo
3551 4184 3824 4256 siquidem

2249 4291 2508 4353 Jacohus,
2535 4290 2628 4358 qui
2656 4299 2708 4343 et
2744 4286 2962 4343 lsraelis
2992 4298 3295 4355 cognomen
3322 4279 3536 4345 habuit,
3560 4293 3669 4333 una
3696 4291 3823 4332 cum

2256 4380 2506 4433 undecim
2532 4378 2657 4431 liliis
2691 4375 2971 4447 profectus
3009 4382 3095 4427 est
3124 4387 3267 4427 anno
3313 4371 3492 4425 aetatis
3525 4366 3826 4423 centesimo

2198 4461 2224 4497 η’
2252 4476 2531 4530 tricesimo
2554 4474 2596 4527 ’.
2633 4471 2766 4525 Nam
2793 4469 3063 4540 Iosephus
3111 4482 3254 4520 unus
3286 4481 3317 4521 e
3348 4465 3642 4519 liberorum
3678 4461 3825 4516 illius

2249 4579 2482 4620 numero
2527 4561 2849 4632 jamdudum
2880 4560 2936 4613 in
2967 4558 3205 4629 Egypto
3238 4555 3527 4625 imperium
3588 4551 3827 4606 admini-

2252 4656 2483 4719 strabat,
2516 4669 2582 4709 co
2636 4669 2666 4707 a
2718 4652 2983 4707 fratribus
3034 4665 3131 4721 per
3185 4648 3449 4703 invidiam
3498 4645 3822 4700 distractus.

2256 4750 2363 4805 Sed
2393 4748 2577 4803 divina
2608 4745 2971 4818 providentia,
3011 4760 3133 4814 qua:
3162 4743 3516 4799 sanctissimo
3542 4739 3661 4794 viro
3686 4752 3825 4808 pra:-

2257 4849 2342 4896 sto
2367 4840 2576 4905 aderat,
2604 4840 2835 4909 ejusque
2866 4835 3168 4893 commodis
3205 4834 3441 4898 favebat,
3480 4835 3827 4901 comparatas

2254 5201 2435 5255 nicam
2466 5197 2842 5267 captivilatem
2869 5191 3181 5267 Iudaeorum
3208 5186 3835 5267 vocabulumnobtinuit.

2325 5270 2436 5341 (55)
2476 5256 2585 5321 Κὰὶ
2619 5262 2956 5341 Φιλιστιαιᾳ
2984 5262 3137 5316 οὕτω
3165 5259 3456 5341 κᾼ-ηθείσῃ
3489 5259 3642 5341 τότε.
3682 5256 3830 5341 Qua-

2253 5342 2299 5396 si
2331 5328 2474 5396 ‘du'ae
2524 5354 2588 5390 ac
2648 5328 3023 5403 discrepantes
3076 5330 3482 5403 appellationes,
3528 5328 3828 5403 ἰδίω-εἰμι.

2260 5381 2553 5466 ἰξηῆιῖνέτο
2583 5420 2689 5461 una
2719 5381 3017 5473 eadermque
3047 5381 3542 5473 νόἳέέῐέ-εινηωὸε
3572 5397 3676 5451 Sed
3697 5381 3765 5449 τὸ
3796 5408 3836 5456 3

2258 5483 2411 5544 olim,
2448 5487 2506 5533 ut
2548 5475 2699 5547 apud
2730 5469 2959 5547 Arabes,
2992 5473 3064 5526 ita
3097 5469 3525 5547 apudll‘ebrzeos
3539 5475 3835 5547 "perpetuo

2261 5567 2382 5607 cum
2400 5537 2603 5619 'Raphé
2630 5543 3063 5616 pronuntiatum.
3091 5537 3265 5598 Graeci
3296 5538 3383 5593 διὰ
3420 5537 3511 5592 τοῦ
3536 5538 3584 5590 II
3612 5552 3837 5606 expres-

2260 5630 2469 5679 SCI‘UIII.
