4204 6370
405 291 510 351 τη

1825 290 1884 348 S.
1924 291 2260 348 EPIPH‘ANII

3562 293 3668 348 ειε

407 404 674 461 adversus
711 405 1011 476 Josepbum
1046 405 1280 462 insidias
1309 406 1689 464 admirabilem
1724 426 1780 464 in
1812 409 1983 464 felici-

2089 412 2345 466 ἐτέλεσαν
2376 411 2432 464 δὲ
2466 417 2641 468 ἐκεῖσε
2682 416 2773 469 ἐπὶ
2805 419 2965 471 πέντε
2995 433 3227 485 γενεαις,
3247 415 3322 478 ὼς
3341 414 3433 466 καὶ
3464 413 3666 468 πολλα·

408 505 575 553 tatcm
610 499 904 552 convertit.
932 499 1133 569 Atque,
1184 506 1243 552 ut
1282 499 1465 555 dicere
1489 516 1788 572 cceperam,
1816 501 1982 557 Jaco-

407 590 512 644 hrrs
543 590 774 659 ejusque
804 589 959 644 liberi
985 606 1110 644 cum
1151 591 1416 646 uxoribus
1467 607 1532 648 ac
1583 595 1872 664 nepotibus
1914 595 1988 650 ad.

408 682 753 752 septuaginta
780 683 1223 758 quinquqcapita
1247 685 1300 739 in
1318 684 1614 756 Egyptum
1642 687 1981 758 migrarunt;

409 783 464 829 ut
496 775 549 828 in
579 775 754 844 primo
779 774 1132 831 Pentateuchi
1157 775 1383 832 Mosaici
1427 779 1713 833 volumine
1761 779 1982 851 legitur,

407 865 496 919 ubi
531 866 646 920 haec
672 867 856 921 omnia
889 875 1145 922 accurate
1176 867 1453 938 descripta
1492 875 1642 923 sunt.
1702 868 1820 924 lllic
1854 885 1984 940 por-

404 974 488 1020 ro,
525 958 671 1028 quod
700 975 731 1012 a
760 961 925 1015 nobis
948 975 1092 1030 saepe
1119 960 1326 1015 dictum
1356 970 1460 1024 est,
1491 968 1545 1016 et
1597 961 1702 1015 hoc
1734 962 1856 1016 loco
1885 978 1982 1016 ne-

405 1051 648 1104 cessario
679 1053 1034 1122 repetendum
1067 1052 1188 1117 fuit,
1243 1053 1488 1123 quinque
1531 1062 1754 1109 aetatum
1803 1055 1981 1124 spatio

403 1153 856 1209 permanserunt.
882 1143 1013 1209 Quae
1044 1144 1265 1214 quidem
1294 1158 1323 1196 a
1359 1141 1564 1199 Jacobo
1611 1159 1706 1214 per
1727 1142 1854 1198 Levi
1883 1143 1979 1197 de-

403 1233 582 1288 ductae
609 1247 966 1290 numerantur
1015 1253 1241 1302 omnes;
1279 1237 1347 1291 de
1377 1237 1539 1306 cujus
1587 1237 1759 1308 stirpe
1795 1253 1982 1293 sacer-

403 1325 561 1381 dotes
591 1327 827 1381 instituti
873 1337 1001 1384 sunt
1035 1344 1046 1380 :
1085 1329 1182 1383 sed
1216 1336 1271 1382 et
1297 1328 1498 1385 eaedem
1529 1336 1719 1384 aetates
1754 1345 1850 1399 per
1883 1329 1983 1383 Ju-

401 1416 527 1474 dam
575 1420 799 1490 digesta:
845 1430 995 1486 sunt,
1049 1436 1079 1474 a
1127 1438 1236 1492 quo
1291 1420 1461 1476 David
1501 1422 1612 1489 ille,
1645 1423 1737 1493 qui
1793 1431 1983 1493 postea
2022 1422 2293 1492 regnavit,
2353 1419 2623 1475 oriundus
2686 1421 2808 1476 fuit.

2090 519 2178 564 κις
2202 497 2372 555 εἷπον.
2409 503 2522 557 Νῦν
2558 505 2615 557 δὲ
2643 505 2890 576 ἀνάγκην
2926 505 3082 576 ἔσχον
3111 505 3285 558 ταῦτα
3313 503 3661 574 δευτερῶσαι.

2093 593 2353 664 Ἔμειναν
2376 595 2484 666 γὰρ
2516 596 2623 648 ἀπὸ
2653 596 2747 649 τοῦ
2801 596 2994 650 Ἰακὼϐ
3029 599 3083 650 αἱ
3115 597 3298 666 γενεαὶ
3329 596 3666 666 ἀριθμούμε-

2091 701 2178 741 ναι
2208 684 2296 738 διὰ
2329 686 2422 738 τοῦ
2449 687 2603 748 Λευῒ,
2637 687 2694 754 ἐξ
2733 680 2905 757 οὗπερ
2941 690 2989 741 οἱ
3027 689 3190 759 ἱερεῖς
3230 687 3660 756 κατεστάθησαν,

2091 777 2187 830 καὶ
2217 777 2303 831 διὰ
2341 777 2436 831 τοῦ
2488 778 2677 844 Ἰούδα,
2726 780 2784 846 ἐξ
2828 771 2889 832 οὗ
2923 779 3060 850 μετὰ
3093 779 3315 849 χρόνους
3347 780 3375 830 6
3413 777 3662 847 βασιλεὺς

2090 863 2225 938 ἦρξε
2255 869 2439 922 Δαϐίδ.
2480 870 2588 922 Καὶ
2631 873 2660 923 6
2707 870 2808 940 μὲν
2837 870 2999 933 Λευῖς
3037 871 3200 940 γεννᾷ
3241 869 3333 922 τὸν
3371 867 3526 922 Καὰθ
3567 868 3666 919 καὶ

2089 960 2216 1020 τοὺς
2238 959 2447 1022 ἄλλους·
2480 960 2636 1012 Καὰθ
2666 963 2830 1031 γεννᾷ
2850 961 2942 1014 τὸν
2978 961 3220 1031 Ἀμράμ⁸
3254 959 3475 1030 Ἀμρὰμ
3498 959 3664 1028 γεννᾷ

2089 1049 2180 1102 τὸν
2200 1051 2436 1104 Μωῦσέα
2459 1053 2552 1104 καὶ
2585 1053 2794 1124 ’Λαρὼν
2818 1054 2909 1106 τὸν
2928 1053 3210 1124 ἀρχιερέα.
3243 1046 3408 1114 Οὗτος
3439 1053 3468 1104 6
3499 1052 3662 1103 Μωῦ-

2091 1141 2190 1211 σῆς
2219 1141 2468 1198 ἐκϐάλλει
2499 1145 2625 1207 τοὺς
2660 1146 2807 1209 υἱοὺς
2843 1145 3057 1216 Ἰσραὴλ
3085 1145 3142 1199 ἐν
3175 1143 3403 1214 δυνάμει
3436 1142 3569 1195 Θεοῦ
3596 1144 3661 1195 ἐκ

2090 1234 2192 1304 γῆς
2227 1233 2524 1302 Αἰγύπτου,
2563 1235 2637 1298 ὡς
2667 1235 2779 1307 ἔχει
2814 1237 2849 1306 ή
2878 1235 3106 1307 δευτέρα
3137 1234 3278 1288 κατὰ
3312 1235 3410 1306 τὴν
3439 1234 3662 1305 νομοθε-

2091 1327 2212 1380 σίαν
2241 1326 2419 1396 βίΰλος

2895 1421 3107 1476 Etenim
3155 1419 3282 1474 LeVI
3363 1433 3662 1484 naatnum,

403 1509 652 1580 aliosque
675 1515 881 1582 genuit.
909 1513 1152 1571 Kaathus
1180 1515 1520 1569 Amramum.
1555 1516 1662 1586 18
1690 1517 1988 1572 Amramus
2021 1514 2266 1587 Moysen,
2299 1523 2354 1569 et
2391 1516 2666 1570 Aaronem
2705 1513 3038 1584 pontiﬁcem.
3070 1512 3193 1566 Jam
3255 1527 3384 1567 vero
3442 1511 3661 1581 Moyses

401 1600 890 1659 lsraelitasdivina
918 1604 971 1657 vi
1003 1602 1176 1658 fretus
1223 1619 1289 1658 ex
1323 1602 1562 1674 Aigypto
1611 1604 1880 1669 traduxit,
1916 1615 1974 1657 nt
2009 1605 2063 1659 in
2095 1605 2340 1660 secundo
2366 1603 2502 1674 legis
2535 1603 2814 1657 volumine
2850 1605 3116 1672 scriptum
3153 1610 3259 1658 est.

474 1690 537 1745 V.
595 1693 862 1747 Cmterum
919 1694 1195 1763 quodnam
1248 1695 1316 1749 ad
1372 1695 1478 1749 hoc
1535 1702 1750 1765 tempus
1811 1694 1978 1749 fuerit

2149 1691 2224 1746 E'.
2255 1693 2318 1745 Τί
2349 1693 2531 1764 μέντοι
2567 1710 2629 1762 γε
2655 1689 2722 1764 ἦν
2752 1694 2784 1764 ή
2825 1693 2932 1746 τῶν
2967 1691 3099 1745 υἱῶν
3141 1692 3359 1763 Ἰσραὴλ
3391 1690 3657 1755 πολιτεία,

401 1780 778 1836 lsraelitarum
833 1781 955 1837 vita:
993 1798 1165 1851 genus
1197 1791 1365 1854 atque
1412 1784 1751 1849 institutum,
1797 1783 1980 1839 decla-

405 1887 527 1927 rare
559 1871 719 1927 facile
740 1889 902 1928 nemo
925 1883 1125 1944 potest,
1163 1875 1277 1933 nisi
1308 1876 1442 1930 illud
1467 1876 1771 1942 duntaxat;
1800 1876 1979 1946 legiti-

321 2027 327 2033 ο
402 1977 550 2014 mum
581 1961 723 2031 apud
756 1978 850 2017 eos
881 1963 1052 2018 divini
1079 1965 1320 2020 numinis
1354 1966 1564 2020 cultum
1594 1982 1719 2021 cum
1742 1968 1980 2022 circum-

400 2050 609 2106 cisione
634 2052 896 2122 viguisse.
923 2051 1161 2108 Tametsi
1196 2053 1464 2124 scriptum
1486 2055 1605 2110 est‘
1644 2054 1981 2124 multiplica-

400 2149 487 2195 tos
522 2141 576 2194 in
611 2141 851 2213 [Egypto
881 2141 1101 2198 Israelis
1124 2143 1289 2208 ﬁlios,
1305 2153 1362 2198 et
1386 2160 1496 2214 pra:
1516 2145 1674 2216 copia
1697 2144 1834 2201 viles
1856 2159 1980 2200 esse

401 2231 597 2286 factos.
632 2232 915 2301 Siquidem
957 2234 1421 2304 peregrinationis
1474 2235 1568 2287 illa
1615 2235 1977 2298 diuturnitas,

399 2324 934 2394 consuetudinisque
967 2340 1091 2378 cum
1136 2325 1382 2380 externis
1432 2341 1529 2395 per
1563 2341 1754 2380 eorum
1800 2324 1977 2396 negli-

400 2415 640 2490 gentiam
681 2416 746 2470 ad
773 2417 921 2469 illam
945 2431 1040 2472 eos
1066 2417 1331 2471 vilitatem
1379 2416 1598 2486 abjecit.
1626 2415 1826 2470 Verum
1855 2417 1982 2487 qui-

400 2507 506 2558 bus
535 2506 675 2561 cibis
700 2505 783 2560 fas
808 2515 957 2561 esset
1007 2507 1108 2568 uti,
1135 2514 1230 2560 aut
1283 2523 1314 2560 a
1341 2507 1540 2577 quibus
1595 2507 1979 2562 abstinendum

400 2596 569 2664 foret;
597 2608 906 2670 czeteraque
937 2599 1122 2654 omnia
1147 2616 1270 2668 quae
1298 2616 1366 2656 ex
1412 2601 1551 2670 legis
1601 2609 1791 2670 postea
1837 2615 1980 2670 prae-

399 2689 612 2760 scripto
668 2690 938 2744 servanda
982 2690 1267 2760 proposita
1328 2698 1481 2752 sunt,
1538 2690 1782 2743 nondum
1836 2689 1980 2746 Deus

401 2789 589 2851 aperte
619 2781 981 2852 signiﬁcarat.
1029 2779 1396 2849 Posteaquam
1452 2797 1583 2836 vero
1637 2798 1703 2835 cx
1742 2780 1981 2852 [Egypto

400 2872 636 2942 digressi
667 2880 821 2937 sunt,
871 2887 1017 2927 anno
1062 2872 1425 2948 profectionis
1455 2873 1718 2937 secundo,
1753 2873 1840 2927 lex
1871 2873 1980 2929 illis

399 2981 429 3020 a
459 2963 567 3018 Ι)εο
596 2965 896 3032 interprete
921 2961 1072 3018 Mose
1099 2963 1359 3022 traditur.
1402 2961 1535 3027 Quze
1569 2963 1849 3032 paedagogi
1899 2964 1982 3016 vi-

2083 1785 2208 1854 ἄχρι
2233 1784 2420 1837 τούτου
2447 1783 2538 1837 τοῦ
2572 1784 2764 1854 χρόνου
2798 1784 2858 1836 οὐ
2901 1784 3040 1838 πάνυ
3082 1783 3266 1852 σαφῶς
3300 1783 3441 1836 κατὰ
3465 1783 3526 1835 τὸ
3554 1799 3665 1849 φαο.

2082 1874 2384 1946 νερὼτατον
2413 1873 2560 1928 ἐστιν
2598 1876 2791 1938 εἰπεῖν,
2828 1874 2860 1944 ἦ
2890 1874 3049 1944 μόνον
3074 1875 3156 1926 ὅτι
3185 1877 3242 1927 ἐν
3269 1872 3545 1942 θεοσεϐείᾳ
3567 1871 3660 1925 καὶ

2084 1967 2354 2036 περιτομῇ
2402 1965 2667 2036 ὑπῆρχον.
2718 1965 2780 2017 Ei
2821 1965 2914 2017 καὶ
2959 1964 3292 2035 γέγραπται,
3326 1965 3408 2016 ὅτι
3459 1962 3661 2033 Ἐπλη-

2083 2055 2355 2126 θύνθησαν
2405 2057 2464 2108 ἐν
2520 2055 2882 2128 γῇΑίγύπτῳ
2958 2056 3007 2107 οἱ
3074 2054 3182 2106 υἱοὶ
3248 2053 3501 2124 Ἰσραὴλ,
3562 2053 3662 2105 καί⁹

2081 2151 2288 2220 χυδαῖοι
2332 2149 2580 2215 ἐγένοντο
2639 2146 2774 2218 (56).
2827 2147 3051 2209 Πάντως
3099 2147 3206 2216 γάρ
3246 2163 3348 2198 που
3413 2146 3440 2197 6
3468 2145 3662 2214 χρόνος

2081 2243 2181 2313 τῆς
2209 2240 2386 2293 αὐτῶν
2411 2239 2704 2312 παροικίας
2737 2239 2831 2292 καὶ
2865 2238 3147 2310 ἐπιμιξίας
3179 2237 3268 2290 διὰ
3303 2236 3571 2308 ῥᾳθυμίαν
3597 2235 3668 2288 τὸ

2082 2333 2300 2404 χυδαῖον
2345 2333 2658 2403 εἰργάσατο.
2701 2331 2874 2384 Τίνων
2921 2333 3102 2401 μέντοι
3133 2328 3410 2398 γεύεσθαι,
3458 2329 3490 2398 ἢ
3538 2328 3662 2380 τίνα

2082 2421 2470 2493 ἀπαγορεύειν,
2499 2422 2531 2492 ἢ
2555 2421 2724 2474 τᾶλλα
2763 2421 2866 2474 ὅσα
2897 2421 3040 2474 κατὰ
3063 2419 3346 2490 διαστολὴν
3373 2417 3467 2470 τοῦ
3493 2417 3660 2487 νόμου

2083 2513 2372 2586 φυλάττειν
2406 2512 2874 2585 προσετάχθησαν,
2915 2510 3066 2564 οῦπω
3091 2511 3232 2564 κατὰ
3259 2510 3316 2563 τὸ
3347 2507 3667 2577 φανερώτα-

2081 2625 2174 2662 τον
2197 2609 2603 2680 ἐπεσημήνατο.
2643 2607 2928 2674 Ἐξιόντων
2961 2605 3016 2658 δέ
3045 2606 3108 2657 ἐκ
3139 2605 3242 2674 γῆς
3275 2601 3571 2670 Αἰγύπτου,
3603 2599 3662 2651 ἐν

2081 2699 2160 2770 τῷ
2202 2700 2440 2771 δευτέρῳ
2479 2699 2590 2754 ἔτει
2627 2701 2727 2769 τῆς
2766 2697 2946 2750 αὐτῶν
2977 2695 3155 2761 ἐξόδου
3199 2691 3490 2764 νομοθεσίᾳ
3525 2689 3667 2742 Θεοῦ

2084 2790 2471 2855 καταξιοῦνται
2501 2791 2590 2847 διὰ
2620 2789 2802 2860 χειρὸς
2839 2789 3002 2842 αὐτοῦ
3048 2788 3141 2840 τοῦ
3168 2785 3465 2846 Μωῦσέως.
3512 2784 3572 2836 Ἦ
3602 2781 3665 2836 δὲ

2084 2878 2376 2950 νομοθεσία
2408 2881 2441 2948 ἡ
2477 2880 2542 2932 ἐκ
2574 2878 2709 2934 Θεοῦ
2740 2879 2923 2941 αὐτοῖς
2959 2875 3174 2930 δοθεῖσα
3207 2871 3552 2941 παιδαγωγοῦ
3580 2871 3661 2923 δί-

2084 2987 2187 3040 κην
2218 2969 2314 3036 (ὡς
2343 2970 2436 3023 καὶ
2469 2969 2815 3038 παιδαγωγὸς
2841 2965 2910 3040 ἦν
2941 2969 2970 3020 6
2995 2967 3182 3037 νόμος,
3207 2962 3533 3035 σωματικῶς
3563 2964 3663 3032 μὲν

402 3072 493 3112 ces
531 3071 731 3128 gerens
759 3056 973 3128 (revera
1033 3056 1181 3110 enim
1229 3071 1433 3109 munus
1484 3054 1621 3108 illud
1664 3055 1978 3117 exercebat,

2085 3060 2548 3132 διαστελλόμενος,
2589 3061 2966 3132 πνευματικὴν
3007 3061 3064 3114 δὲ
3107 3059 3245 3129 ἔχων
3286 3057 3384 3128 τὴν
3437 3054 3668 3127 προσδοςι

401 3164 527 3201 cum
558 3163 681 3218 quae
710 3147 779 3202 ad
803 3163 1005 3218 corpus
1033 3147 1370 3218 pertinentia
1410 3145 1810 3216 prazscriberet,
1867 3147 1980 3214 spi-

401 3239 599 3314 rituale
625 3237 887 3308 quiddam
919 3253 1017 3307 spe
1050 3219 1234 3306 atque
1283 3236 1693 3305 exspectatione
1726 3234 1980 3288 contine-

402 3328 892 3401 ret),-circumcidi
942 3329 1190 3398 jubebat.
1230 3343 1294 3382 ac
1330 3328 1611 3385 celebrare
1652 3327 1980 3390 Sabbatum,

401 3423 760 3491 decimasque
800 3420 1020 3490 frugum
1072 3428 1128 3475 et
1173 3420 1385 3479 fetuum
1417 3419 1686 3485 omnium,
1743 3428 1855 3473 tam
1886 3418 1984 3472 bo-

402 3514 619 3568 minum
647 3528 816 3582 quam
871 3528 1154 3582 pecorum,
1208 3526 1423 3570 necnon
1479 3518 1534 3565 et
1563 3510 1860 3580 primitias,
1918 3523 1983 3562 ac

403 3606 896 3676 quinquagesimas
913 3603 1340 3672 tricesimasque
1362 3602 1472 3657 Deo
1499 3601 1603 3658 soli
1622 3615 1984 3665 consecrare;

403 3698 553 3756 hunc
575 3698 811 3753 adorare
857 3697 1079 3761 solum;
1144 3695 1306 3763 cujus
1353 3692 1459 3748 etsi
1508 3692 1736 3746 nomine
1784 3691 1986 3745 unicus

408 3789 675 3844 duntaxat
703 3788 1106 3860 prmdicabatur
1128 3786 1373 3840 omnium
1399 3783 1714 3838 moderator
1743 3796 1808 3835 ac
1831 3781 1987 3852 prin-

405 3897 561 3952 ceps,
587 3898 694 3936 una
727 3891 917 3936 tamen
945 3887 1000 3938 et
1051 3876 1302 3934 Trinitas
1336 3889 1555 3944 semper
1583 3874 1638 3926 in
1673 3873 1767 3926 illa
1795 3873 1988 3942 singu-

404 3975 506 4030 lari
536 3975 825 4029 divinitate
852 3973 1138 4037 nuntiata,
1161 3970 1484 4039 creditaque
1515 3969 1583 4022 ab
1614 3967 1724 4022 illis
1753 3974 1856 4031 est,
1886 3963 1983 4033 qui

405 4067 624 4130 exteris
658 4065 1079 4126 antecellerent,
1130 4060 1442 4135 cujusmodi
1489 4059 1764 4130 prOphetae
1817 4061 1980 4125 atque

2089 3152 2258 3223 κίαν),
2299 3153 2547 3206 ἐδίδασκε
2582 3153 3026 3226 περιτέμνεσθαι,
3066 3149 3432 3215 σαϐϐατίςειν,
3465 3146 3663 3200 ἀποδε-

2087 3244 2287 3298 κατοῦν
2312 3245 2488 3298 πάντα
2512 3244 2583 3298 τὰ
2602 3244 2784 3297 αὐτῶν
2803 3243 3135 3316 γεννήματα,
3160 3241 3257 3295 καὶ
3280 3241 3377 3293 ὅσα
3401 3255 3505 3309 περ
3534 3237 3664 3308 παρ’

2091 3333 2274 3396 αὐτοῖς
2304 3334 2568 3397 ἐτίκτετο,
2600 3333 2708 3387 ἀπὸ
2739 3331 3027 3402 ἀνθρώπου
3060 3330 3165 3393 ἕως
3197 3330 3446 3399 κτήνους,
3482 3327 3663 3396 ἀπαρ-

2091 3423 2192 3493 χάς
2217 3440 2277 3476 τε
2307 3423 2508 3477 διδόναι
2542 3423 2634 3476 καὶ
2664 3422 3034 3493 πεντηκοστὴν
3066 3419 3160 3472 καὶ
3201 3419 3547 3493 τριακοστὴν,
3589 3416 3660 3468 εί-

2089 3487 2236 3564 δέναι
2267 3511 2384 3584 Θεῷ
2414 3513 2559 3584 μόνῳ
2588 3511 2683 3564 καὶ
2709 3487 2858 3582 αύτῷ
2887 3487 3198 3582 λατρεύειν,
3216 3487 3286 3562 ἲν
3324 3505 3589 3578 μοναρχίᾳ
3627 3507 3669 3574 ἡ

2088 3603 2248 3674 τριὰς
2274 3603 2360 3656 ἀεὶ
2391 3602 2811 3673 κατηγγέλλετο,
2846 3602 2940 3655 καὶ
2972 3598 3293 3654 ἐπιστεύετο,
3321 3599 3450 3667 παρ’
3481 3596 3662 3674 αὐτοῖς

2087 3696 2201 3756 τοῖς
2225 3693 2578 3764 ἐξοχωτάτοις
2607 3692 2806 3755 αὐτῶν,
2834 3689 3078 3746 τουτέστι
3102 3689 3407 3760 προφήταις
3433 3684 3526 3738 καὶ
3546 3673 3650 3754 ήγι-

2090 3784 2368 3855 ασμένοις.
2396 3784 2600 3848 Θυσίας
2621 3801 2680 3837 τε
2710 3783 2805 3836 καὶ
2829 3780 3082 3853 λατρείας
3107 3779 3394 3850 διαφόρους
3415 3775 3494 3845 τῷ
3520 3791 3593 3826 πα
3603 3791 3655 3843 μ-

2093 3875 2304 3929 ϐασιλεῖ
2336 3875 2456 3946 Θεῷ
2485 3877 2545 3930 ἐν
2578 3878 2644 3946 τῇ
2669 3876 2863 3947 ἐρήμῳ
2887 3874 3221 3947 προσέφερον
3253 3871 3310 3923 ἐν
3343 3871 3409 3938 τῇ
3445 3865 3666 3938 λατρεία

2090 3968 2189 4037 τῆς
2214 3969 2607 4038 σκηνοπηγίας,
2630 3967 2737 4020 ὑπὸ
2765 3966 3043 4028 Μωῦσέως
3072 3965 3159 4017 διὰ
3190 3961 3375 4016 τύπων
3407 3955 3666 4028 δηλωθέν-

2089 4074 2197 4111 των
2219 4057 2368 4128 αὐτῷ
2399 4059 2504 4111 ὑπὸ
2527 4056 2662 4112 Θεοῦ
2692 4055 3245 4123 κατασκευασθείσης.

404 4160 608 4217 eximia
645 4159 936 4216 sanctitate
970 4155 1183 4230 przediti
1215 4155 1478 4210 homines
1509 4153 1753 4208 fuerunt.
1784 4148 2055 4204 Prmterea
2082 4151 2250 4207 certis
2312 4151 2627 4216 sacriﬁciis,
2692 4151 2976 4220 variisque
3042 4147 3242 4201 ritibus
3299 4157 3363 4198 ac
3407 4153 3649 4195 caeremo

404 4255 519 4316 niis
552 4253 607 4308 in
638 4255 856 4309 deserto
883 4251 1240 4323 praepotentis
1271 4249 1339 4304 ad
1376 4248 1468 4304 Dei
1505 4249 1714 4302 cultum
1771 4245 1987 4316 operati
2017 4254 2168 4311 sunt,
2196 4262 2322 4303 cum
2358 4248 2416 4302 in
2481 4247 2826 4304 tabernaculi
2879 4244 3144 4315 religione
3209 4245 3399 4295 essent
3429 4232 3671 4298 assidui,

405 4349 553 4422 quod
581 4364 612 4402 a
638 4347 824 4420 Moyse
852 4347 920 4401 ad
955 4347 1092 4407 illud
1120 4347 1404 4416 exemplar
1433 4345 1580 4414 quod
1609 4359 1639 4397 a
1693 4343 1800 4397 Deo
1833 4352 2200 4398 monstratum
2242 4351 2348 4410 est,
2396 4343 2581 4398 fuerat
2612 4349 2978 4398 exstructum.

480 4436 588 4496 Sed
622 4437 785 4494 iidem
817 4437 992 4494 Judaei
1029 4438 1098 4493 de
1139 4438 1382 4491 adventu
1415 4435 1624 4492 Christi
1682 4435 1984 4506 propheta-
2019 4438 2064 4492 D

404 4551 528 4592 rum
557 4546 825 4600 accepere
855 4545 1156 4603 responsa;
1207 4530 1410 4598 quibus
1430 4543 1556 4582 cum
1592 4528 1680 4582 ille
1719 4528 1985 4596 propheta

405 4627 710 4686 diceretur,
735 4639 926 4677 revera
968 4632 1152 4678 tamen
1187 4619 1332 4674 Deus
1380 4631 1520 4682 erat,
1555 4617 1763 4687 Deique
1789 4616 1983 4678 Filius,

405 4734 534 4773 cum
567 4717 798 4787 angelus
828 4713 1221 4784 appellaretur,
1257 4727 1420 4782 quem
1450 4719 1505 4766 et
1525 4711 1804 4765 hominem
1841 4709 1985 4762 futu—

406 4826 553 4872 rum,
593 4823 764 4878 seque
794 4806 863 4860 ad
896 4804 1098 4864 fratres
1146 4817 1279 4858 suos
1315 4809 1744 4872 aggregaturum
1773 4800 1863 4853 illa
1890 4814 1983 4854 ea-

405 4907 532 4962 dem
553 4903 778 4958 oraeula
826 4897 1206 4968 prodiderunt.
1240 4894 1411 4963 Cujus
1443 4893 1523 4947 rei
1582 4891 1743 4948 ﬁdem
1779 4893 1984 4946 divina:

404 5013 600 5054 omnes
636 4994 940 5064 Scriptura:
968 4989 1211 5054 faciunt;
1264 4986 1359 5042 sed
1392 4985 1804 5041 Denteronomii
1846 4985 1986 5040 liber

405 5092 460 5150 in
486 5089 705 5161 primis,
737 5085 885 5157 quod
909 5092 998 5140 est
1030 5082 1286 5152 quintum
1319 5078 1464 5149 legis.
1490 5078 1770 5143 volumen,
1800 5092 1863 5130 ac
1892 5093 1983 5132 re-

404 5181 554 5250 liqua
587 5179 850 5247 deinceps
869 5174 1073 5230 omnia.

479 5295 495 5324 ¹
523 5294 695 5348 Exod.
729 5307 770 5356 ι,
809 5293 862 5346 7.

478 5450 595 5523 (56)
638 5451 745 5504 Kal
797 5445 1374 5523 χυδαῖοι’ἐγὼν-οτηερἶ
1415 5443 1640 5523 Χυδαίοι
1688 5439 1804 5523 Δ11οξ
1840 5437 1991 5523 ,Ιρεο

412 5509 554 5576 Idem
577 5509 668 5574 ἐει
698 5509 860 5590 atque
889 5509 1241 5590 abundantes,
1261 5515 1458 5590 copiosi
1488 5513 1721 5590 fuerunt.
1756 5509 1994 5590 Epiphan-

413 5593 538 5653 nius
567 5605 696 5643 vero
727 5577 953 5659 perinde
986 5589 1089 5641 hoc
1108 5577 1447 5659 vocabulum
1484 5582 1718 5659 accipit._
1747 5594 1810 5632 ac
1841 5579 1886 5659 si
1918 5577 1996 5630 υἱ·-

412 5650 487 5722 ιεε
516 5673 565 5713 et
593 5650 916 5728 contémptos
948 5656 1302 5726 signiﬁcaret.
1338 5653 1488 5728 Nam
1511 5667 1572 5728 ea
1603 5650 1754 5706 vocis
1782 5657 1869 5702 est
1899 5662 1996 5714 po-

414 5740 603 5796 testas.
656 5723 1174 5800 llinc'dactyl'orum
1217 5742 1391 5804 genus
1439 5723 1582 5778 divis
1630 5734 1852 5781 sacrum
1900 5731 1997 5791 per

2178 4436 2463 4504 Ἑδέξαντο
2511 4436 2644 4507 γοῦν
2700 4439 2750 4489 οἱ
2812 4433 2968 4487 αὐτοὶ
3028 4430 3270 4485 Ἰουδαῖοι
3307 4427 3400 4481 καὶ
3451 4438 3667 4494 προφη-

2094 4530 2254 4594 τικὰς
2284 4529 2466 4600 φωνὰς
2495 4529 2623 4600 περὶ
2651 4527 2747 4582 τοῦ
2766 4524 3004 4598 Χριστοῦ
3031 4521 3346 4594 ἐρχομένου,
3377 4516 3674 4586 λεγομένοιι

2099 4623 2196 4693 μὲν
2227 4624 2530 4694 προφήτου,
2562 4622 2714 4685 ὄντος
2746 4621 2800 4673 δὲ
2826 4618 2984 4681 Θεοῦ,
3025 4617 3120 4670 καὶ
3151 4614 3380 4683 ἀγγέλου
3419 4612 3516 4681 μὲν
3547 4609 3666 4680 κλη-

2099 4716 2304 4779 θέντος,
2336 4714 2464 4768 Υἱοῦ
2489 4714 2545 4766 δὲ
2571 4714 2722 4776 ὄντος
2741 4711 2897 4775 Θεοῦ,
2929 4709 3210 4781 μέλλοντος
3238 4707 3293 4758 δὲ
3320 4702 3668 4774 ἐνανθρωπήο

2101 4823 2236 4866 σειν,
2291 4805 2389 4860 καὶ
2437 4805 2495 4858 ἐν
2547 4802 2796 4870 ἀδελφοῖς
2847 4799 3006 4852 αὑτὸν
3055 4792 3539 4865 ἐγκαταλέγεσθαι,
3596 4790 3669 4851 ὡς

2097 4895 2279 4970 έχουσι
2308 4896 2479 4948 πᾶσαι
2512 4894 2569 4947 αἱ
2595 4892 2734 4945 θεῖαι
2763 4891 2998 4961 Γραφαὶ,
3040 4887 3274 4959 μάλιστα
3303 4887 3336 4955 ἡ
3360 4882 3452 4936 τοῦ
3487 4883 3667 4934 Δευτε-

2100 4988 2354 5060 ρονομίου
2403 4985 2545 5041 κατὰ
2583 4985 2684 5057 τὴν
2723 4982 3044 5054 νομοθεσίαν
3083 4979 3310 5050 πέμπτη
3345 4974 3548 5046 βίϐλος,
3578 4973 3670 5026 καὶ

2096 5077 2350 5150 καθεξῆς.

2102 5444 2476 5505 contemptum
2510 5447 2561 5505 7a
2590 5430 2794 5505 Iudaeis
2826 5427 3110 5505 chydaenm
3140 5430 3423 5505 vocatum.
3464 5417 3668 5505 Plinius

2495 5485 2560 5556 47:7
2599 5501 2744 5556 Nam
2773 5485 2995 5569 quosve;
3024 5498 3092 5551 iis
3132 5495 3316 5549 honori
3349 5494 3561 5544 deorum

2106 5557 2309 5634 nimiis.
2344 5557 2586 5642 citgidazos
2639 5557 2918 5642 apuel'lavit
2947 5567 3162 5636 ludam,
3193 5581 3314 5636 gens
3355 5557 3677 5618 contumelia

2104 5647 2380 5702 numinum
2408 5645 2633 5718 insignis
