4194 6394
479 255 582 310 ἓίό

1125 249 1500 308 ADVERSUS
1538 251 1883 312 HEBESES
1918 252 2047 309 LIB.
2087 253 2132 309 Ι.
2166 249 2332 308 ΤΟΜ.
2371 248 2414 307 I.
2459 277 2528 290 —-
2573 244 2847 303 HIERES.
2890 244 3016 300 VIII.

3627 240 3737 299 2N-

548 373 638 437 (τ’.
674 370 870 440 Ἔσχον
900 368 959 422 δὲ
990 359 1135 422 οῦτοι
1167 369 1218 421 οἱ
1255 369 1497 423 Ἰουδαῖοι
1533 369 1661 444 ἄχρι
1686 372 1782 442 τῆς
1807 370 1917 424 ἀπὸ
1943 370 2050 422 Βα-

2220 366 2312 422 Vl.
2340 368 2418 421 Ac
2446 366 2595 437 quod
2619 366 2685 420 ad
2717 364 2939 420 Iudaeos
2974 363 3115 417 istos
3158 361 3378 426 attinet,
3417 356 3524 429 19
3547 358 3615 412 ad
3666 358 3737 413 il-

449 450 716 531 ’ζϐυλῶνος
745 459 1121 531 αἰχμαλωσίας
1156 460 1413 513 ἐπανόδου
1450 460 1662 531 βίϐλους
1689 480 1748 515 τε
1785 461 1880 516 καὶ
1921 476 2059 532 προ-

458 538 657 620 ¹φήτας
685 551 934 615 τούτους,
960 551 1055 606 καὶ
1086 550 1384 621 προφητῶν
1416 552 1629 621 βίϐλους
1655 553 1878 616 ταύτας·
1904 551 2059 623 πρώ-

475 656 575 707 την
608 640 707 711 μὲν
735 640 975 704 Γένεσιν,
1002 639 1258 708 δευτέραν
1281 639 1337 691 δέ
1364 639 1602 706 Ἔξοδον,
1630 642 1823 712 τρίτην
1844 642 2060 694 Λευῖτι-

481 730 599 794 κὸν,
645 730 913 802 τετάρτην
956 729 1267 800 Ἀριθμοὺς,
1318 731 2055 807 πέμπτην-Δευτερονόμιον,

479 822 644 891 ἕκτην
680 821 858 892 βίϐλον
892 821 1067 893 Ἰησοῦ
1093 820 1185 873 τοῦ
1212 822 1391 892 Ναυῆ,
1424 822 1656 893 ἑϐδόμην
1684 825 1791 877 τῶν
1818 826 2057 897 Κριτῶν,

479 914 673 984 ὀγδόην
719 913 819 984 τῆς
881 913 1058 979 Ῥοὺθ,
1118 913 1346 983 ἐννάτην
1397 913 1489 966 τοῦ
1536 913 1677 977 Ἰὼϐ,
1727 917 1958 987 δεκάτην
1995 918 2058 970 τὸ

481 1002 814 1072 Ψαλτήριον,
843 1002 1134 1073 ἑνδεκάτην
1160 1004 1466 1073 Παροιμίας
1499 1003 1863 1074 Σολομῶντος,
1888 1006 2061 1058 δυοδε-

483 1091 812 1161 καιδεκάτην
844 1089 1294 1162 Ἐκκλησιαστὴν,
1317 1091 1769 1161 τρισκαιδεκάτην
1789 1093 1848 1145 τὸ
1868 1088 2055 1164 τᾼσμα

482 1185 589 1236 τῶν
639 1182 918 1253 ᾀσμάτων,
963 1183 1561 1254 τεσσαρεσκαιδεκάτην
1616 1183 1839 1255 πρώτην
1894 1185 2056 1239 Βασι-

483 1272 664 1334 λειῶν,
702 1271 1191 1342 πεντεκαιδεκάτην
1221 1273 1476 1343 δευτέραν
1515 1274 1829 1340 Βασιλειῶν,
1864 1276 2055 1330 ἐκκαι-

476 1365 712 1433 δεκάτην
734 1362 923 1435 τρίτην
956 1362 1271 1427 Βασιλειῶν,
1296 1364 1764 1434 ἑπτακαιδεκάτην
1791 1365 2059 1436 τετάρτην

482 1439 800 1516 Βασιλειῶν,
850 1451 1329 1521 ὀκτωκαιδεκάτην
1372 1452 1594 1524 πρώτην
1642 1454 2056 1526 ΙΙαραλειπομέ-

481 1560 611 1606 νων,
640 1542 1126 1614 ἐννεακαιδεκάτην
1152 1542 1411 1615 δευτέραν
1440 1546 1955 1616 Παραλειπομένων,
1984 1549 2061 1600 εί-

482 1633 681 1721 κοστὴν
696 1632 755 1685 τὸ
774 1632 1291 1704 Δωδεκαποόφητον,
1312 1636 1565 1706 εἰκοστὴν
1583 1636 1806 1708 πρώτην
1835 1639 2059 1691 Ἡσαΐαν

480 1709 574 1774 τὸν
608 1724 911 1793 προφήτην,
949 1722 1198 1793 εἰκοστὴν
1223 1725 1480 1797 δευτέραν
1512 1726 1603 1779 τὸν
1642 1730 1924 1799 προφήτην
1963 1732 2057 1781 Ἰε-
2095 1709 2134 1761 Β

483 1814 704 1883 ρεμίαν,
745 1815 882 1884 μετὰ
922 1814 1031 1868 τῶν
1062 1815 1284 1887 Θρήνων
1313 1818 1407 1871 καὶ
1460 1818 1783 1873 Ἐπιστολῶν
1810 1818 1970 1873 αὑτοῦ
1996 1838 2056 1874 τε

482 1905 578 1957 καὶ
607 1905 702 1958 τοῦ
736 1905 970 1978 Βαρούχ·
1003 1908 1256 1979 εἰκοστὴν
1282 1909 1474 1982 τρίτην
1521 1910 1780 1982 Ἰεζεκιὴλ
1812 1912 1902 1967 τὸν
1925 1929 2057 1983 προ-

482 1998 680 2066 φήτην,
720 1998 971 2068 εἰκοστὴν
1007 1997 1274 2070 τετάρτην
1306 1998 1501 2070 Δανιὴλ
1529 2000 1620 2053 τὸν
1645 2003 1953 2073 προφήτην,
1982 2005 2058 2056 ει-

482 2087 685 2157 κοστὴν
722 2088 978 2161 πέμπτην
1016 2090 1078 2144 τὸ
1106 2090 1321 2163 πρῶτον
1359 2091 1560 2161 βιϐλίον
1594 2093 1689 2145 τοῦ
1722 2094 1948 2164 Ἔσδρα,
1976 2096 2053 2148 εί-

481 2180 683 2250 κοστὴν
712 2180 875 2253 ἕκτην
901 2182 961 2236 τὸ
997 2182 1246 2253 δεύτερον
1280 2182 1502 2250 βιϐλίον,
1538 2184 1788 2255 εἰκοστὴν
1817 2185 2053 2257 ἑϐδόμην

2162 462 2257 516 Iud
2314 476 2490 531 usque
2533 469 2777 528 tempus,
2829 473 2938 529 quo
2983 472 3048 511 ex
3096 454 3428 526 Babylonica
3463 452 3735 509 servitute

2161 554 2369 607 reversi
2402 558 2555 615 sunt,
2579 552 2682 606 hos
2715 558 2769 605 et
2794 548 3110 620 prophetas,
3152 553 3209 600 et
3243 545 3634 616 prophetarum
3664 544 3735 598 li-

2161 645 2291 700 hros
2323 645 2657 698 habuerunt.
2714 642 2933 696 Primus
2988 648 3075 696 est
3128 637 3404 693 Geneseos
3459 637 3630 702 liber;
3668 650 3732 701 ιι,

2162 735 2366 802 Exodi;
2427 753 2512 799 ιιι,
2545 734 2858 797 Leviticus;
2900 750 2973 791 tv.
3006 730 3259 794 Numeri;
3295 746 3350 791 v,
3394 727 3733 782 Deuterono-

2162 824 2367 888 mium;
2396 840 2471 888 Vl,
2501 822 2642 877 liber
2672 820 2803 877 Jesu
2832 820 2928 874 ﬁlii
2955 818 3134 885 Nave;
3160 835 3261 882 vn,
3296 815 3551 870 Judicum
3573 833 3587 881 ;
3607 829 3730 879 vm,

2162 914 2310 969 Ruth
2341 930 2354 979 ;
2394 931 2469 971 rx.
2499 911 3082 980 Job;x,Psalterium;
3103 906 3471 975 x1,Parabolae
3485 905 3734 961 Salomo-

2162 1007 2287 1072 nis;
2334 1020 2437 1068 xu,
2474 1004 2870 1069 Ecclesiastes;
2895 1019 3015 1067 xm,
3045 1000 3331 1056 Canticum
3356 999 3731 1064 canticorum;

2162 1114 2274 1162 xrv,
2302 1098 2441 1151 liber
2468 1095 2489 1149 l
2514 1094 2826 1165 Regnorum
2849 1114 2863 1159 ;
2889 1111 2980 1157 xv,
3002 1092 3156 1147 'liber
3176 1089 3231 1161 II
3257 1091 3567 1159 Regnorum
3588 1107 3602 1153 ;
3621 1104 3732 1160 xvi,

2161 1183 2301 1238 liber
2329 1182 2394 1237 lll
2433 1182 2774 1252 Regnorum;
2808 1181 3084 1242 xvu,liher
3117 1175 3183 1231 IV
3215 1176 3556 1246 Regnorum;
3581 1189 3734 1238 xvnl,

2160 1275 2301 1329 liber
2332 1273 2351 1327 I
2381 1273 2876 1344 Paralipomenon;
2909 1289 3024 1337 xix,
3084 1271 3224 1326 liber
3282 1269 3325 1322 ll
3363 1268 3737 1337 Paralipome-

2162 1382 2303 1433 non;
2361 1383 2432 1421 xx
2465 1408 2479 1432 ,
2544 1365 2836 1421 duodecim
2891 1363 3309 1434 prophetarum;
3367 1375 3501 1425 xm,
3567 1356 3737 1412 Isaias

2162 1458 2459 1529 propheta;
2496 1474 2604 1511 χχιι
2627 1498 2643 1523 ,
2680 1456 2949 1512 Jeremias
2973 1454 3258 1524 propheta,
3295 1465 3418 1505 cum
3451 1448 3735 1501 Lamenta-

2162 1552 2425 1613 tionibus,
2490 1558 2545 1605 et
2601 1550 2851 1621 epistolis
2896 1556 3007 1601 tam
3054 1545 3196 1617 ejus,
3245 1557 3408 1614 (luam
3463 1537 3735 1600 Baruchi;

2164 1660 2327 1708 xm],
2362 1642 2647 1708 Ezechiel;
2686 1658 2834 1704 xxrv,
2876 1639 3098 1703 Daniel;
3154 1652 3283 1699 xxv,
3310 1630 3736 1693 liberlEsdrae;

2162 1751 2311 1801 xxvr,
2364 1735 2505 1790 liber
2538 1733 2581 1786 ll
2609 1732 2794 1787 Esdrze
2838 1748 2852 1797 ;
2916 1747 3086 1794 xxv",
3142 1727 3366 1782 Esther.
3418 1725 3594 1794 Atque
3622 1724 3737 1777 hate

2164 1834 2291 1879 sunt
2324 1839 2473 1880 xxvn
2526 1823 2831 1887 volumina,
2884 1834 3006 1891 quae
3048 1816 3254 1872 Iudaeis
3309 1823 3439 1871 sunt
3470 1827 3737 1868 concessa

2162 1915 2462 1970 divinitus:
2498 1930 2621 1985 quae
2649 1913 2716 1968 ad
2776 1928 2887 1966 χιιι
2922 1926 3025 1981 pro
3084 1909 3393 1963 litterarum
3429 1920 3551 1975 quae
3596 1902 3737 1973 apud

2164 2006 2423 2062 Hebraeos
2456 2015 2584 2062 sunt
2600 2019 2835 2060 numero
2856 2003 3213 2071 rediguntur:
3237 2006 3524 2068 propterea
3541 1993 3686 2065 quod
3707 2011 3736 2048 x

2161 2113 2227 2151 ex
2258 2096 2368 2151 illis
2399 2098 2456 2151 in
2482 2096 2729 2167 quinque
2756 2095 2887 2164 juga
2910 2092 3341 2147 distribuuntur.
3368 2087 3446 2141 De
3491 2099 3603 2156 quo
3628 2083 3736 2139 alio

2160 2188 2281 2242 loco
2309 2188 2596 2257 perspicue
2627 2185 3051 2255 disputavimus.

482 2273 543 2324 τὸ
581 2270 785 2341 βιϐλίον
828 2271 1048 2343 Ἐσθήρ.
1096 2274 1206 2327 Καὶ
1251 2269 1410 2327 α’ὗταί
1451 2276 1589 2327 εἰσιν
1631 2276 1687 2326 αἱ
1729 2276 2045 2330 εἰκοσιεπτὰ
2082 2276 2274 2347 βίϐλοι,
2308 2279 2364 2332 αἱ
2394 2281 2458 2331 ὲκ
2505 2278 2638 2331 Θεοῦ
2666 2276 2902 2329 δοθεῖσαι
2955 2275 3067 2335 τοῖς
3104 2271 3395 2333 Ἰουδαίοις.
3464 2265 3737 2321 Εἰκοσιδύ(

481 2360 538 2413 δὲ
568 2362 643 2424 ὡς
704 2359 773 2414 τὰ
802 2363 931 2432 παρ’
985 2362 1167 2425 αὐτοῖς
1232 2366 1471 2433 στοιχεῖα
1501 2363 1609 2416 τῶν
1683 2364 1987 2435 Ἑϐραϊκῶν
2026 2369 2367 2438 γραμμάτων
2409 2368 2830 2440 ἀριθμούμεναι,
2877 2364 2965 2419 διὰ
3013 2364 3069 2417 τὸ
3109 2359 3429 2415 διπλοῦσθαι
3457 2358 3570 2430 (57)
3611 2356 3738 2411 δέκα

485 2450 702 2520 βίϐλους
750 2452 831 2514 είς
875 2451 1036 2505 πέντε
1066 2451 1383 2523 λεγομένας.
1421 2454 1558 2525 Περὶ
1597 2454 1784 2507 τούτου
1821 2455 1877 2508 δὲ
1919 2455 2051 2527 άλλη
2084 2474 2185 2510 που
2222 2459 2410 2529 σαφῶς
2431 2461 2752 2531 εἰρήκαμεν.

554 2542 676 2595 Εἰσὶ
698 2542 753 2595 δὲ
776 2544 870 2596 καὶ
898 2542 1053 2597 ἄλλαι
1072 2543 1164 2597 δύο
1185 2544 1355 2614 βίϐλοι
1376 2547 1504 2617 παρ’
1524 2547 1705 2610 αὐτοῖς
1741 2550 1796 2601 ἐν
1828 2547 2056 2618 ἀμφιλέο

482 2648 621 2701 κτῳ,
643 2634 675 2703 ἠ
698 2633 867 2702 Σοφία
886 2633 980 2686 τοῦ
1003 2634 1302 2705 Σιρὰι)(,κα)⁵
1325 2638 1357 2706 ἡ
1381 2634 1473 2688 τοῦ
1493 2636 1860 2706 Σαλομῶντος,
1888 2638 2056 2708 χωρὶς

483 2720 658 2774 ἄλλων
694 2720 855 2774 τινῶν
889 2720 1109 2791 βιϐλίων
1150 2722 1565 2794 ἐναποκρύφων.
1605 2726 1782 2778 Πᾶσαι
1806 2726 1862 2779 δὲ
1898 2719 2055 2779 αὗται

485 2812 630 2880 ἱεραὶ
649 2811 820 2880 βίϐλοι
831 2812 922 2864 τὸν
938 2812 1265 2884 Ἰουδαῖσμὸν
1281 2814 1557 2867 ἐδίδασκον
1580 2816 1673 2869 καὶ
1693 2818 1759 2869 τὰ
1779 2816 1871 2870 τοῦ
1893 2818 2056 2888 νόμου

488 2901 816 2972 φυλάγματα
833 2903 938 2967 ἕως
957 2906 1055 2975 τῆς
1079 2905 1171 2958 τοῦ
1200 2906 1405 2977 Κυρίου
1426 2907 1581 2977 ήμῶν
1610 2907 1785 2977 Ἰησοῦ
1819 2907 2056 2978 Χριστοῦ

489 2985 811 3064 παρουσίας·
842 2998 935 3048 καὶ
970 2996 1149 3061 καλῶς
1171 2998 1428 3070 ἐφέροντο
1467 2999 1968 3069 παιδαγωγούμενοι
2000 3002 2058 3053 ἐν

485 3085 564 3154 τῷ
582 3085 751 3155 νόμῳ,
771 3087 818 3138 εί
834 3086 1081 3150 ἐδέξαντο
1100 3088 1190 3140 τὸν
1202 3089 1247 3141 Χ
1254 3089 1435 3159 ριστὸν
1455 3090 1544 3142 τὸν
1558 3090 1661 3142 ὑπὸ
1677 3090 1769 3143 τοῦ
1792 3090 2065 3160 παιδαγω-

486 3175 604 3243 γοῦ,
636 3178 776 3247 φημὶ
800 3178 855 3231 δὲ
876 3178 967 3230 τοῦ
993 3180 1181 3249 νόμου,
1208 3182 1386 3245 αὐτοῖς
1415 3182 1861 3253 προκηρυχθέντα
1879 3200 1939 3234 τε
1968 3182 2064 3235 καὶ

486 3268 953 3338 προφητευθέντα,
994 3271 1100 3336 ἵνα,
1147 3271 1431 3340 δεξάμενοι
1471 3272 1635 3325 αὐτοῦ
1671 3273 1769 3342 τὴν
1810 3273 2061 3342 θεότητα,

487 3358 582 3410 καὶ
603 3360 701 3430 τὴν
718 3359 981 3432 ἕνσαρκον
1004 3361 1169 3415 αὑτοῦ
1195 3363 1497 3434 παρουσίαν
1523 3363 1786 3434 μάθωσιν,
1810 3363 1869 3415 οὐ
1896 3365 2065 3417 κατά-

486 3449 639 3502 λυσιν
675 3452 862 3522 νόμου,
904 3452 1039 3505 ἀλλὰ
1068 3454 1167 3524 τὴν
1206 3453 1298 3507 τοῦ
1339 3454 1501 3523 νόμου
1542 3455 1842 3525 πλήρωσιν·
1877 3453 2064 3524 ἐπειδὴ

485 3543 535 3593 οί
562 3543 725 3594 τύποι
747 3545 805 3595 ἐν
829 3542 907 3613 τῷ
936 3544 1085 3614 νόμῳ
1114 3540 1275 3615 ἦσαν,
1302 3547 1335 3616 ἠ
1366 3545 1423 3597 δὲ
1456 3544 1679 3616 ἀλήθεια
1709 3546 1766 3597 ἐν
1789 3544 1867 3616 τῷ
1890 3546 2066 3613 Εὐαγ-

487 3632 673 3703 γελίῳ.
704 3632 855 3686 Ἑκεί
882 3634 991 3705 γὰρ
1027 3636 1060 3706 ἡ
1101 3637 1374 3707 περιτομὴ
1404 3637 1641 3708 σαρκικὴ
1672 3638 1779 3707 ὑπη
1792 3640 2065 3707 ρετήσασα

488 3724 663 3795 χρόνῳ
682 3726 785 3790 ἓως
813 3727 913 3797 τῆς
951 3727 1192 3797 μεγάλης
1215 3729 1542 3800 περιτομῆς,
1569 3730 1815 3783 τουτέστι
1839 3729 1935 3782 τοῦ
1958 3731 2065 3782 Βα-

489 3816 791 3887 πτίσματος
830 3816 924 3870 τοῦ
953 3819 1372 3890 περιτέμνοντος
1399 3822 1549 3890 ἡμᾶς
1584 3821 1692 3874 ἀπὸ
1725 3822 2063 3893 ἁμαρτημά-

486 3926 616 3971 των,
641 3909 734 3962 καὶ
763 3910 1163 3980 σφραγίσαντος
1198 3913 1345 3983 ἡμᾶς
1375 3913 1455 3976 είς
1482 3911 1654 3982 ὄνομα
1681 3911 1837 3965 Θεοῦ.
1866 3913 1975 3965 Καὶ
1998 3909 2065 3983 ἦν

488 4001 605 4051 ἐκεῖ
636 3999 929 4065 Σάϐϐατον,
965 4001 1192 4071 κατέχον
1222 4004 1369 4073 ἡμᾶς
1398 4005 1476 4067 είς
1506 4004 1566 4057 τὸ
1599 4003 1740 4073 μέγα
1767 4003 2062 4067 Σάϐϐατον,

487 4090 766 4145 τουτέστιν
808 4094 887 4156 είς
932 4091 1237 4146 ἀνάπαυσιν
1291 4094 1551 4164 Χριστοῦ,
1611 4094 1698 4147 ἵνα
1745 4096 1801 4147 ὲν
1847 4094 2065 4165 Χριστῷ

490 4178 906 4251 σαϐϐατίσωμεν
935 4181 1043 4235 ἀπὸ
1076 4182 1297 4253 άμαρτη
1309 4183 1515 4252 μάτων.
1548 4184 1661 4236 Καὶ
1686 4178 1754 4253 ἦν
1787 4183 1906 4235 ἐκεῖ
1931 4185 2064 4255 πρό-

489 4270 651 4324 ϐατον
680 4270 873 4340 ἄλογον
899 4271 1179 4342 θυόμενον,
1212 4273 1548 4345 καθοδηγοῦν
1573 4276 1721 4345 ἡμᾶς
1742 4276 1821 4337 είς
1841 4274 1901 4327 τὸ
1925 4277 2064 4344 μέγα

2238 2551 2379 2609 Sunt
2406 2564 2457 2608 et
2496 2554 2587 2608 alii
2622 2551 2899 2616 duolibri,
2928 2566 3067 2621 quos
3100 2549 3175 2602 illi
3200 2564 3300 2619 pro
3319 2546 3739 2613 dubiishabent,

2164 2643 2423 2698 nimirum
2441 2644 2658 2699 Sirachi
2673 2652 2728 2699 et
2743 2641 3053 2698 Salomonis
3070 2640 3373 2712 Sapientia,
3390 2648 3588 2710 praeter
3604 2637 3741 2693 alios

2164 2737 2429 2807 quosdam
2458 2736 2553 2806 qui
2583 2736 2902 2807 apocryphi,
2930 2735 3035 2790 hoc
3073 2740 3157 2789 est
3197 2731 3422 2787 obscuri
3461 2730 3741 2795 dicuntur.

2164 2826 2334 2881 Porro
2354 2826 2537 2880 omnia
2552 2826 2645 2879 illa
2660 2831 3018 2880 sacrosancta
3036 2820 3315 2877 volumina
3334 2818 3561 2873 Judaica
3581 2817 3729 2872 insti~

2166 2923 2303 2978 tuta,
2326 2916 2571 2985 legisque
2607 2913 2964 2968 caeremonias
2990 2910 3282 2972 docebant,
3316 2922 3492 2977 usque
3522 2906 3589 2959 ad
3612 2903 3742 2959 Jesu

2165 3004 2370 3060 Christi
2406 3002 2709 3059 Salvatoris
2743 3003 3067 3066 adventum;
3101 2999 3434 3067 omninoque
3482 2996 3741 3065 praeclare

2167 3097 2270 3152 sub
2286 3098 2387 3150 hac
2405 3097 2539 3166 lege,
2554 3094 2949 3164 velutquodam
2965 3093 3280 3147 institutore
3295 3104 3418 3144 cum
3436 3088 3545 3143 illis
3562 3096 3742 3141 actum

2169 3185 2326 3247 foret,
2360 3186 2406 3240 si
2440 3201 2599 3255 quem
2617 3183 2803 3238 eadem
2833 3182 2924 3235 illa
2944 3182 3028 3236 lex
3053 3179 3402 3250 praadixerat,
3424 3180 3743 3231 venturum-

2165 3292 2273 3345 que
2302 3284 2730 3339 monstraverat,
2760 3274 3042 3329 Christum
3067 3268 3370 3341 agnoscere
3395 3267 3699 3323 voluissent
3724 3281 3741 3333 ;

2167 3381 2225 3425 ut
2253 3368 2371 3437 ejus
2394 3368 2742 3422 divinitatem
2772 3364 3039 3429 confessi,
3088 3366 3192 3417 hoc
3222 3362 3404 3432 ipsum
3438 3359 3587 3430 quod
3618 3372 3743 3413 cor-

2167 3478 2297 3533 pore
2328 3460 2589 3530 praeditus
2622 3457 2959 3519 advenisset,
2997 3470 3106 3509 non
3138 3454 3205 3508 ad
3236 3452 3370 3523 legis
3399 3451 3744 3506 eversionem

2168 3550 2465 3620 pertinere,
2498 3548 2593 3603 sed
2630 3548 2699 3602 ad
2729 3548 2851 3617 ejus
2882 3545 3419 3601 consummationem
3474 3540 3744 3610 intellige-

2167 3651 2287 3695 rent
2312 3660 2323 3693 :
2346 3642 2605 3710 qttoniam
2632 3640 2840 3694 umbra:
2873 3643 3146 3692 duntaxat
3194 3649 3359 3705 atque
3389 3634 3657 3701 imagines
3687 3633 3741 3684 in

2167 3733 2303 3803 lege,
2336 3732 2391 3785 in
2421 3730 2720 3801 Evangelio
2754 3730 2961 3787 veritas
2983 3730 3103 3799 ipsa
3137 3727 3477 3782 continetur.
3511 3722 3647 3777 Nam
3678 3724 3745 3777 il-

2166 3825 2238 3878 lic
2264 3824 2511 3892 corporis
2539 3822 2864 3892 praescripta
2892 3820 3243 3876 circumcisio
3265 3827 3369 3885 est,
3394 3833 3515 3887 quae
3547 3818 3601 3870 iu
3638 3833 3743 3874 usu

2167 3915 2353 3969 tandiu
2386 3913 2508 3978 fuit,
2534 3913 2714 3983 quoad
2751 3913 2946 3982 ingens
2975 3919 3062 3967 est
3095 3912 3188 3965 illa
3219 3908 3572 3964 circumcisio
3607 3907 3736 3961 sub-

2166 4014 2374 4069 secuta,
2402 4004 2716 4074 Baptismus
2772 4002 3049 4067 videlicet,
3103 4016 3213 4071 quo
3262 4016 3364 4055 nos
3426 4014 3457 4052 a
3497 3998 3753 4067 peccatis,

2167 4096 2532 4166 praecidimur,
2558 4103 2613 4149 et
2647 4094 2703 4147 in
2732 4093 2824 4149 Dei
2854 4094 3076 4148 nomine
3118 4092 3423 4161 signamur.
3455 4088 3752 4149 Habebam.

2169 4188 2246 4241 illi
2282 4195 2541 4257 praeterea
2578 4186 2904 4249 Sabbatum,
2949 4186 3094 4254 quod
3127 4200 3229 4239 nos
3279 4181 3346 4237 ad
3378 4195 3636 4251 magnum
3677 4179 3744 4231 il-

2168 4279 2258 4333 lud
2315 4277 2638 4343 Sabbatum,
2690 4277 2794 4332 hoc
2822 4284 2907 4332 est
2955 4275 3159 4332 Christi
3212 4272 3430 4327 Domini
3477 4271 3759 4347 quietem,‘

488 4361 780 4431 πρόϐατον,
814 4364 908 4415 καὶ
933 4363 1255 4434 ἐπουράνιον
1284 4365 1423 4436 ὑπὲρ
1458 4365 1615 4435 ἡμῶν
1648 4367 1742 4419 καὶ
1775 4369 1916 4440 ὑπὲρ
1945 4369 2064 4422 ὅλου

2171 4369 2528 4440 prazparando
2560 4369 2789 4432 detinet,
2825 4375 2883 4420 ut
2938 4383 2969 4422 a
3021 4374 3248 4441 peccato
3306 4365 3414 4441 20
3457 4368 3745 4417 cessantes

486 4451 581 4503 τοῦ
612 4452 819 4523 κόσμου
850 4451 1179 4525 τυθέν.,Καὶ
1210 4451 1277 4523 ἦν
1310 4456 1427 4507 ἐκεῖ
1455 4456 1860 4520 ἀποδεκάτωσις
1893 4460 2067 4527 ἀσφα-

2174 4461 2319 4514 velut
2354 4458 2654 4515 Sabbatum
2692 4457 2966 4528 quoddam
3010 4457 3067 4510 in
3121 4454 3343 4510 Christo
3375 4452 3745 4515 celebremus.
3846 4474 3851 4477 -

486 4542 766 4615 λιζομένη,
815 4544 900 4598 ἵνα
946 4544 1019 4616 μὴ
1058 4545 1197 4617 λάθῃ
1251 4548 1400 4617 ἡμᾶς
1440 4547 1501 4599 τὸ
1554 4547 1686 4602 ἰῶτα
1725 4552 1758 4620 ἡ
1791 4550 1974 4616 δεκάς,
2006 4553 2066 4605 τὸ

2173 4550 2300 4604 Erat
2331 4567 2498 4620 penes
2544 4550 2667 4605 illos
2708 4556 2763 4604 et
2782 4548 2903 4604 ovis
2952 4547 3179 4602 victima
3238 4546 3473 4615 rationis
3521 4558 3741 4613 expers,

487 4634 702 4703 πρῶτον
734 4638 995 4705 στοιχεῖον
1025 4636 1121 4689 τοῦ
1146 4636 1323 4706 Ἰησοῦ
1353 4638 1640 4707 ὀνόματος.

2171 4656 2293 4710 qua:
2320 4656 2421 4694 nos
2452 4640 2518 4692 ad
2550 4640 2696 4693 illam
2728 4654 2981 4709 magnam
3038 4639 3429 4707 caelestemque
3473 4634 3743 4705 perduce:

487 4736 571 4782 ret
603 4744 781 4795 ovem,
812 4746 913 4801 pro
946 4740 1135 4786 nostra
1168 4731 1472 4801 mundique
1519 4733 1690 4788 totius
1721 4734 1899 4789 salute
1950 4744 2268 4790 mactatam.
2291 4736 2560 4789 Praeterea
2600 4735 2853 4788 instituta
2886 4733 3031 4804 apud
3090 4733 3213 4788 illos
3267 4730 3560 4787 decimatio
3616 4727 3741 4793 fuit,

488 4838 607 4889 qua:
636 4840 736 4878 nos
757 4840 822 4879 co
843 4825 1215 4895 prtemuuiret,
1246 4842 1315 4881 ne
1335 4826 1446 4880 iota
1476 4825 1735 4891 litteram,
1772 4845 1893 4899 quae
1926 4838 2054 4886 nota
2096 4832 2346 4886 decussis
2413 4840 2516 4893 est,
2557 4830 2810 4899 idemque
2860 4828 2993 4884 Jesu
3029 4828 3271 4885 nominis
3331 4829 3569 4897 primum
3628 4825 3739 4878 ele-

488 4925 729 4969 mentum
765 4916 1018 4985 ignorare
1042 4916 1349 4986 possemus.

558 5009 631 5059 Z'.
670 5008 823 5059 Ἐπεὶ
856 5003 950 5061 οὖν
978 5008 1056 5079 τῷ
1082 5008 1237 5079 τύπῳ
1265 5008 1530 5080 ἤχθησαν,
1560 5010 1654 5063 καὶ
1692 5010 1792 5064 οὐκ
1821 5010 2060 5080 ἔφθασαν

485 5102 563 5161 εἰς
586 5099 863 5153 τελείωσιν
889 5100 985 5172 τὴν
1008 5100 1093 5154 διὰ
1120 5101 1285 5173 νόμου
1318 5105 1411 5157 καὶ
1436 5102 1729 5176 προφητῶν
1752 5104 1845 5156 καὶ
1867 5102 2059 5166 ἄλλων,

486 5191 577 5244 καὶ
611 5191 793 5261 πάσης
828 5192 1010 5261 βίϐλου
1059 5196 1501 5265 κεκηρυγμένην,
1542 5195 1907 5266 ἐξεϐλήθησαν
1953 5195 2061 5247 ἀπὸ

559 5344 672 5417 (57)
712 5348 815 5403 Διά
842 5348 907 5401 τὸ
925 5348 1320 5418 διπλοῦσθαι.
1360 5346 1494 5401 Nam
1542 5349 1668 5402 libri
1713 5348 1822 5403 duo
1850 5347 2058 5418 Regum

487 5418 720 5485 priores,
751 5434 889 5487 quos
914 5417 1184 5473 Samuelis
1210 5428 1430 5482 vocant,
1457 5420 1711 5472 volumen
1746 5436 1912 5473 unum
1933 5417 2062 5471 con-

486 5495 743 5558 siituunt,
782 5491 1018 5557 itemque
1070 5488 1273 5558 Regum
1326 5488 1435 5542 duo
1486 5490 1820 5555 posteriores
1865 5503 2053 5542 unum.

486 5553 623 5609 Tum
679 5558 816 5612 liber
865 5553 1003 5613 Ruth
1039 5553 1174 5612 cum
1192 5557 1444 5612 Judicum
1488 5553 1628 5611 libro
1652 5560 1903 5611 volumen
1935 5558 2057 5610 uni-

486 5640 623 5682 ρυιιι
646 5626 793 5679 facil.
825 5627 914 5672 ςίρ
947 5636 993 5668 nl
1022 5629 1141 5668 ΙὲΙιιιῖ
1172 5628 1615 5671 βσὶντιιίηηιηηιιηη
1645 5628 1752 5673 (In!)
1804 5628 2060 5668 InIiIIn-n-
2112 5662 2115 5665 .
2171 5644 2199 5659 I-

2240 5005 2352 5062 Vll.
2384 5006 2658 5072 Quoniam
2691 5007 2861 5076 igitur
2900 5024 2995 5077 per
3029 5007 3254 5061 umbras
3286 5020 3349 5059 ac
3393 5006 3594 5075 liguras
3626 5015 3741 5060 tra-

2168 5100 2319 5154 ducti
2362 5108 2512 5164 sunt,
2540 5116 2641 5155 nec
2670 5116 2789 5155 eam
2833 5098 3228 5170 perfectionem
3258 5098 3522 5159 assecuti,
3574 5112 3751 5167 quam)

2168 5194 2252 5247 lex
2288 5192 2511 5261 pariter,
2550 5207 2612 5244 ac
2638 5192 2937 5260 prophetae.
2969 5191 3265 5259 cmterique
3310 5180 3524 5251 omnes,
3579 5198 3743 5257 atque

2166 5363 2272 5416 que
2326 5347 2546 5410 Esdraa,
2578 5347 2789 5415 singula
2837 5361 2981 5415 apuu
3035 5359 3291 5400 nenrazos
3333 5347 3614 5399 vorumina
3664 5348 3746 5399 fa-

2166 5421 2337 5472 ciunt.
2369 5418 2446 5470 Ita
2475 5434 2504 5469 v
2530 5417 2820 5485 expunctis
2855 5416 3248 5485 voluminibus,
3271 5423 3653 5485 constatxxu,
3683 5419 3744 5469 li-

2168 5488 2392 5541 brorum
2424 5484 2702 5540 numerus.
2722 5484 2857 5540 Vide
2887 5485 3108 5538 Hieron.
3138 5486 3193 5537 in
3216 5484 3446 5553 Prologo
3474 5484 3695 5539 Caleato
3724 5502 3743 5546 ;

2168 5557 2430 5658 Cyrillum
2481 5556 2678 5610 catech.
2732 5571 2829 5619 tv,
2882 5554 3176 5610 Eusebium
3233 5555 3326 5610 lib.
3385 5570 3437 5607 vt
3510 5553 3743 5612 Ηὶδιον..
