4204 6370
454 243 557 302 215

1858 248 1912 303 S.
1955 248 2297 307 EPlPllANll

3595 254 3703 308 216

456 360 716 418 universa
766 360 1178 433 Scripturarum
1236 370 1459 423 oracula
1508 368 1906 439 praedicabant,
1961 371 2029 427 ab

2140 371 2231 442 τῆς
2254 372 2548 442 γεωργίας,
2582 387 2677 424 και
2704 368 2921 441 εἰσῆλθε
2947 370 3015 422 τὰ
3053 369 3197 440 ἔθνη,
3244 368 3465 421 ἐκείνων
3504 350 3703 439 μηκέτι

454 452 851 522 agricolatione
875 454 1087 525 depulsi
1120 464 1281 523 sunt';
1333 473 1633 530 eorumque
1681 460 1806 516 loco
1834 468 2027 530 gentes

457 543 817 612 introductae;
865 545 1004 602 adeo
1043 556 1103 602 ut
1134 551 1286 604 nulla
1342 552 1417 607 sit
1471 552 1580 608 illis
1626 552 2029 621 consequendze

456 637 652 692 salutis
676 639 781 692 alia
811 641 1002 696 relicta
1027 643 1189 707 ratio,
1218 658 1381 712 quam
1412 652 1470 697 ut
1500 644 1567 697 ad
1601 644 1878 715 Evangelii
1898 660 2026 715 gra-

459 728 588 781 tiam
636 731 977 800 postliminio
1032 733 1370 805 confugiant.
1433 734 1647 791 Etenim
1684 738 1826 806 apud
1877 738 2027 806 ipsos

456 822 641 876 omnia
667 823 898 893 justitize
959 827 1213 896 praesidia
1263 844 1421 883 cassa
1459 829 1757 899 inaniaque
1814 831 2028 885 reddita

457 923 629 982 sunt;
665 915 742 970 uti
770 917 974 986 passim
1006 919 1206 975 divinae
1252 920 1466 986 litterae,
1500 931 1555 977 et
1576 923 1778 993 ubique
1807 922 1921 977 fere
1950 930 2030 977 te-

457 1012 696 1059 stantur.
760 1004 839 1060 Ex
899 1008 1099 1078 quibus
1134 1025 1301 1064 unum
1336 1011 1604 1065 duntaxat
1654 1014 2029 1069 testimonium

457 1092 772 1163 atl'eremus,
808 1113 917 1168 quo
945 1114 1109 1169 quam
1149 1101 1509 1159 immutabilis
1540 1105 1804 1175 ﬁrmaque
1837 1104 2031 1160 adver-

456 1199 554 1241 sus
584 1182 710 1241 illos
732 1186 843 1241 lata
874 1191 1145 1245 sententia
1196 1194 1267 1248 sit
1296 1194 1490 1264 paucis
1517 1196 1851 1254 ostenditur.
1887 1196 2028 1263 Quid

455 1275 601 1332 enim
626 1276 693 1357 in
728 1279 880 1349 ipsos
909 1295 939 1335 a
960 1281 1081 1337 Deo.
1097 1282 1377 1339 decretum
1411 1286 1501 1349 sit,
1537 1287 1701 1341 verba
1728 1288 1818 1342 illa
1848 1288 2030 1344 decla-

458 1376 601 1422 rant.
635 1369 852 1438 Anima,
884 1370 1079 1441 inquit,
1107 1389 1225 1443 qua;
1270 1377 1575 1444 prophetam
1608 1379 1763 1433 iitum
1795 1394 1899 1434 non
1927 1396 2030 1435 au-

456 1458 636 1525 dierit,
694 1464 1135 1519 exterminabitur
1184 1479 1218 1521 a
1252 1467 1394 1522 tribu
1447 1484 1567 1534 sua,
1609 1476 1751 1524 etab
1801 1468 2027 1541 Israete,

457 1561 504 1604 et
525 1553 591 1606 ab
622 1556 767 1608 omni
796 1556 1003 1626 regione
1024 1574 1139 1624 quw
1158 1560 1286 1612 caelo
1316 1560 1600 1629 subjicitur
1621 1562 1661 1616 ⁸.
1684 1562 1840 1629 Quod
1866 1564 2030 1619 nimi-

459 1658 578 1697 rum
608 1661 728 1714 quae
760 1646 843 1701 lex
891 1650 1123 1719 mystice
1179 1651 1500 1719 tradiderat,
1554 1655 1668 1707 haec
1724 1668 1755 1709 a
1811 1653 2029 1712 Christo

2131 460 2445 530 δυναμένων
2487 459 2748 531 σωθῆναι,
2784 461 2833 513 εί
2880 461 2954 530 μή
2987 477 3039 512 τι
3070 458 3464 528 ἀνακάμψωσιν
3499 461 3575 521 εἰς
3602 458 3703 529 τὴν

2132 554 2292 624 χάριν
2313 553 2407 605 τοῦ
2432 551 2783 620 Εὐαγγελίου.
2818 550 3003 604 Πάντα
3035 551 3143 621 γὰρ
3170 551 3351 612 αὐτοῖς
3383 550 3452 601 τὰ
3482 550 3705 603 δικαιώ-

2135 662 2282 715 ματα
2322 646 2686 715 κατήργηται,
2722 642 2959 711 ἑκάστης
2990 643 3293 712 μαρτυρίας
3332 641 3490 694 τοῦτο
3516 643 3704 710 λεγού-

2133 755 2252 807 σης,
2283 738 2357 799 ὡς
2391 737 2502 807 ἔχει
2532 736 2591 789 ἐν
2619 736 2766 807 πάσῃ
2791 736 3001 806 Γραφῇ.
3040 734 3323 803 Συντόμως
3351 734 3405 786 δὲ
3432 734 3539 786 ἀπὸ
3570 736 3704 804 μιᾶς

2134 828 2440 900 μαρτυρίας
2465 827 2524 880 τὸ
2553 824 2919 897 ἀνυπὲρθετον
2951 826 3045 878 καὶ
3078 824 3427 894 ἀπαράϐατον
3457 823 3557 893 τῆς
3579 826 3700 875 κατ’

2132 922 2316 975 αὐτῶν
2349 919 2678 987 ἀποφάσεως
2718 917 2972 988 ἐροῦμεν,
3013 917 3089 980 ὡς
3114 916 3259 968 ἐστιν
3296 916 3419 968 ἰδεῖν
3457 915 3701 986 ἀκριϐῶς

2130 1017 2229 1086 τὴν
2261 1015 2383 1068 κατ’
2410 1013 2593 1067 αὐτῶν
2625 1013 2822 1082 ψῆφον.
2855 1008 3053 1072 Καθὼς
3094 1025 3280 1097 φησιν’
3317 1010 3484 1074 Ἥτις
3526 1009 3699 1078 ψυχὴ

2131 1109 2241 1162 οὐκ
2273 1107 2593 1161 ἀκούσεται
2616 1104 2728 1176 (58)
2752 1104 2857 1158 τοῦ
2887 1103 3196 1172 προφήτου
3218 1104 3472 1165 ἐκείνου,
3494 1102 3703 1166 ἐξολο-

2132 1198 2522 1269 θρευθήσεται
2536 1198 2655 1253 ἀπὸ
2671 1197 2782 1265 τῆς
2796 1195 2998 1266 φυλῆς
3012 1194 3221 1263 αὐτῆς,
3234 1195 3330 1249 καὶ
3347 1196 3415 1260 ἐξ
3440 1195 3703 1262 Ἰσραὴλ,

2131 1292 2232 1345 καὶ
2261 1289 2649 1347 ὑποκάτωθεν
2674 1286 2781 1342 τοῦ
2810 1287 3087 1356 οὐρανοῦ·
3117 1286 3193 1349 ὡς
3220 1285 3312 1339 τοῦ
3343 1286 3549 1355 Κυρίου
3582 1284 3707 1355 μέλ-

2130 1384 2316 1445 λοντος
2349 1380 2418 1434 τὰ
2449 1380 2538 1434 διὰ
2571 1378 2665 1433 τοῦ
2701 1379 2869 1450 νόμου
2908 1378 3185 1448 μυστικῶς
3218 1378 3584 1449 παραδοθέντα
3611 1394 3705 1429 τε-

2131 1470 2290 1532 λείως
2333 1470 2430 1521 καὶ
2470 1466 2832 1539 σωτηριωδῶς
2878 1466 3364 1536 ἐπασφαλίζεσθαι·
3406 1467 3496 1520 τὸν
3537 1467 3593 1520 δέ
3628 1466 3708 1538 μὴ

2131 1560 2399 1614 ἀκούοντα
2419 1557 2608 1623 αὐτοῦ,
2636 1559 2774 1630 μηδὲ
2795 1559 3123 1629 ἀνεχόμενον
3146 1560 3220 1630 μὴ
3243 1560 3384 1629 ἔχειν
3411 1559 3704 1631 σωτηρίαν,

2132 1653 2234 1705 κᾶν
2273 1669 2333 1704 τε
2382 1651 2475 1704 τὸν
2520 1651 2683 1720 νόμον
2721 1652 2943 1721 ποιήσῃ,
2990 1651 3083 1702 τοῦ
3113 1651 3279 1719 νόμου
3307 1650 3381 1720 μὴ
3410 1650 3707 1720 δυναμένου

460 1732 691 1791 Domino
721 1742 1121 1806 consummari,
1168 1743 1484 1813 munirique
1515 1746 1755 1814 perfecte
1782 1762 1845 1802 ac
1878 1748 2027 1803 salu-

2140 1741 2370 1795 τελειοῦν
2398 1740 2489 1793 τὸν
2513 1740 2821 1810 ἄνθρωπον,
2845 1739 2932 1794 διά
2955 1741 3017 1793 τὸ
3044 1739 3367 1810 σωματικῶς
3395 1739 3463 1793 τά
3483 1742 3540 1792 ἐν
3560 1740 3709 1812 αὐτῷ

459 1824 633 1882 briter
662 1831 948 1898 oportebat
980 1851 993 1887 :
1027 1846 1092 1888 ac
1139 1836 1391 1906 quisquis
1426 1838 1579 1892 illum
1615 1840 1805 1895 audire
1832 1855 2029 1897 renue-

460 1925 563 1979 ret,
593 1926 688 1973 aut
742 1921 1070 1978 detrectaret
1102 1925 1416 1996 imperium,
1452 1944 1575 1983 eum
1607 1932 1823 1986 tametsi
1855 1932 2027 2001 legem

2133 1830 2479 1901 δικαιώματα
2518 1828 2852 1899 γεγράφθαι,
2892 1830 2989 1884 καὶ
3027 1831 3084 1883 ἐν
3113 1830 3303 1902 Κυρίῳ
3332 1829 3553 1902 Χριστῷ
3576 1829 3707 1900 άλη-

2134 1924 2298 1989 θινῶς
2326 1919 2686 1994 πληροῦσθαι.

461 2022 855 2082 usquequaque
885 2023 1127 2072 servaret
1172 2016 1319 2072 omni
1346 2035 1443 2089 spe
1495 2022 1775 2091 potiundae
1830 2024 2027 2078 salutis
2083 2018 2324 2077 excludi.
2379 2014 2565 2085 Neque
2630 2013 2776 2069 enim
2830 2013 2918 2069 lex
2970 2024 3230 2085 praestare
3276 2015 3574 2091 perfectum
3610 2018 3705 2075 ho-

463 2103 664 2160 n~iuem
732 2113 946 2177 potest;
1002 2124 1100 2180 pro
1164 2125 1230 2167 eo
1275 2113 1422 2182 quod
1485 2130 1675 2170 crassa
1724 2117 1909 2171 omnia
1961 2126 2339 2187 corporeaque
2399 2110 2801 2180 consequentiae
2858 2109 3085 2180 justitiae
3153 2111 3405 2181 praesidia
3469 2114 3703 2182 comple-

460 2197 648 2263 ctitur,
704 2215 827 2269 quae
877 2201 933 2256 in
988 2201 1211 2259 Christo
1254 2203 1485 2262 Domino
1540 2208 1719 2278 reipsa
1773 2217 2253 2265 consummantur.

531 2287 809 2346 llacteuus
824 2291 892 2348 de
923 2291 1240 2350 Iudaeorum
1270 2306 1439 2353 secta.
1472 2297 1547 2354 De
1569 2316 1674 2370 qua
1697 2316 1871 2370 pauca
1894 2316 2037 2370 quae-

461 2378 585 2434 dam
617 2397 1050 2442 commemorare
1104 2387 1284 2445 visum
1317 2398 1425 2454 est,
1461 2408 1528 2446 ne
1560 2392 1786 2447 omnino
1814 2401 2038 2463 praater-

465 2472 828 2539 mitteremus,
860 2485 1027 2547 atque
1057 2490 1116 2535 ut
1145 2496 1211 2535 ex
1239 2492 1391 2550 parte
1425 2484 1618 2539 saltem
1660 2500 1781 2554 qua:
1813 2485 2033 2540 illorum

461 2567 681 2634 propria
716 2575 843 2622 sunt
879 2571 1134 2627 oratione
1190 2590 1669 2644 prosequeremur.
1724 2577 2033 2631 Prassertim

462 2672 585 2712 cum
617 2660 870 2717 omnibus
892 2660 1004 2717 fere
1033 2670 1142 2716 tam
1169 2664 1384 2719 illorum
1416 2667 1841 2733 sitinstitutum,
1869 2683 2033 2738 quam

460 2746 583 2815 eius
615 2749 980 2820 redarguendi
1004 2752 1474 2825 convincendiqw
1529 2760 1669 2811 ratio
1725 2767 2029 2827 perspecta.

462 2836 573 2894 Nos
600 2856 729 2895 vero
758 2840 1057 2910 primordia
1090 2844 1238 2899 illius
1287 2848 1649 2913 ostendimus,
1680 2860 1734 2903 et
1760 2851 2033 2903 undenam

462 2932 761 2987 excitatura
809 2933 975 2989 fuerit
1020 2936 1333 3005 docuimus,
1365 2954 1429 2994 ac
1472 2943 1930 3011 quemadmodum
1966 2944 2035 2999 ab

2203 2300 2347 2361 Ἕως
2380 2296 2571 2350 τούτου
2620 2313 2710 2367 μοι
2749 2293 2988 2365 λελέχθω
3029 2295 3156 2366 περὶ
3202 2292 3297 2346 τοῦ
3338 2280 3701 2361 Ἰουδαϊσμοῢ.

2132 2390 2245 2443 Καὶ
2275 2388 2382 2461 γὰρ
2412 2387 2608 2455 ὀλίγων
2648 2385 3027 2457 ἐμνημόνευσα
3063 2387 3144 2448 εἰς
3184 2384 3246 2437 τὸ
3278 2385 3352 2455 μὴ
3390 2385 3497 2437 πᾶν
3526 2382 3710 2437 αὐτῶν

2137 2478 2592 2551 παρασιωπῆσαι,
2630 2477 2745 2532 ἀλλ’
2774 2479 2830 2530 ἐν
2864 2478 3021 2549 μέρει
3066 2474 3360 2539 ὑποδεῖξαι.
3402 2476 3544 2528 Πᾶσι
3575 2475 3711 2543 γάρ,

2134 2570 2209 2633 ὡς
2254 2573 2448 2634 είπεῖν,
2489 2570 2756 2641 πρόδηλός
2795 2571 2942 2623 ἐστιν
2975 2571 3009 2641 ἡ
3041 2569 3159 2621 κατ’
3191 2568 3386 2631 αὐτοὺς
3430 2567 3709 2633 ὑπόθεσις,

2136 2663 2230 2715 καὶ
2272 2664 2300 2715 ὁ
2343 2662 2481 2734 πρὸς
2526 2663 2721 2725 αὐτοὺς
2767 2660 3008 2731 ἐλεγχος.
3057 2659 3369 2729 Ἐδεῐξαμεν
3401 2658 3457 2711 δὲ
3488 2659 3582 2710 καὶ
3613 2658 3717 2729 τὴν

2137 2760 2330 2831 ἀρχὴν,
2381 2759 2542 2812 πόθεν
2572 2758 2729 2828 ἔσχον
2757 2756 2856 2828 τὴν
2888 2756 3216 2826 εἰσαγωγὴν,
3246 2755 3327 2807 ὃτι
3355 2752 3413 2818 ἐξ
3447 2753 3623 2824 ἀρχῆς
3650 2753 3711 2805 ἐκ

2139 2854 2239 2923 τῆς
2263 2853 2355 2905 τοῦ
2380 2852 2633 2922 Ἀϐραὰμ
2658 2850 2753 2904 τοῦ
2782 2849 3123 2921 πατριάρχου
3155 2846 3463 2909 θεοσεϐείας
3488 2842 3711 2897 καλοῦν·

2140 2965 2227 2999 ται
2259 2944 2549 3007 θεοσεϐεῖς,
2585 2942 2675 2996 διὰ
2702 2940 2764 2995 τὸ
2791 2937 2930 2995 εἶναι
2955 2938 3152 3001 αὐτοὺς
3178 2940 3241 2991 ἐκ
3272 2936 3587 3008 σπέρματος
3618 2934 3716 2988 αὑ-

463 3021 755 3079 Abrahatni
816 3028 1143 3097 patriarcha:
1206 3032 1470 3101 religione
1519 3049 1550 3087 a
1590 3051 1701 3104 quo
1759 3036 2037 3107 procreati

2140 3033 2254 3087 τοῦθ
2283 3034 2391 3086 ἀπὸ
2429 3033 2485 3086 δὲ
2519 3031 2615 3084 τοῦ
2646 3031 2870 3100 ἐκγόνου
2905 3028 3094 3093 αὑτοῦ,
3125 3028 3267 3098 φημὶ
3289 3028 3345 3080 δὲ
3377 3026 3590 3091 Ἰακὼϐ,
3619 3026 3713 3079 τοῦ

465 3113 682 3171 fuerant
714 3118 955 3188 religiosi
986 3121 1258 3192 principio
1292 3126 1559 3180 nominati
1587 3128 1730 3195 sint;
1778 3128 2039 3190 Israelita:

465 3223 591 3261 vero
625 3209 692 3261 ab
734 3210 882 3264 illius
914 3211 1023 3265 lilio
1055 3210 1278 3275 Iacobo,
1310 3217 1401 3285 qui
1453 3219 1622 3272 Israel
1666 3231 1893 3277 vocatus
1931 3233 2036 3280 est.

466 3298 573 3354 Sed
603 3316 633 3353 a
664 3300 886 3357 Davidis
930 3312 1196 3374 tempore,
1238 3308 1329 3376 qui
1365 3324 1395 3363 e
1427 3308 1579 3364 Judae
1618 3317 1787 3383 stirpe
1808 3332 2037 3386 regnum

462 3392 725 3456 obtinuit,
759 3411 835 3448 xu
866 3411 1058 3451 omnes
1083 3399 1185 3466 21
1220 3400 1397 3455 tribus
1431 3400 1605 3455 Judaei
1645 3413 1809 3474 atque
1829 3406 2040 3464 lsraeli-

463 3488 530 3531 tzu
573 3482 885 3550 promiscue
942 3484 1290 3552 dicebantur,
1341 3506 1516 3559 usque
1577 3492 1644 3545 ad
1688 3492 2037 3552 Salomonem

466 3569 708 3636 Davulis,
738 3582 791 3626 et
818 3572 1157 3629 lioboamum
1184 3576 1498 3635 Salamonis
1557 3582 1752 3649 lilium,
1815 3586 2038 3645 Davidis

462 3671 734 3731 nepotem.
776 3663 851 3718 Ex
882 3682 992 3735 quo
1016 3668 1236 3737 quidem
1266 3686 1362 3739 per
1391 3672 1754 3741 justissimam
1798 3676 1891 3732 Dei
1919 3679 2039 3737 ani-

462 3753 922 3821 madversionem,
958 3761 1217 3831 quodque
1248 3764 1388 3818 male
1417 3768 1646 3822 meritus
1674 3777 1790 3823 erat
1820 3768 2040 3833 Roboa-

461 3860 588 3900 mus
614 3884 630 3911 ,
670 3865 744 3903 xu
776 3849 881 3903 illae
919 3852 1094 3906 tribus
1122 3850 1315 3909 divisae
1358 3865 1520 3924 sunt;
1567 3859 1702 3913 adeo
1736 3870 1794 3914 ut
1822 3861 2038 3919 duabus

462 3950 589 3992 cum
624 3939 851 3997 dimidia
913 3943 1068 4000 Iuda:
1099 3948 1215 4002 sive
1268 3944 1549 4003 Roboamo
1578 3951 1808 4015 relictis,
1840 3969 2036 4010 novem

460 4045 588 4087 cum
621 4033 847 4088 dimidia
874 4035 1202 4095 Jeroboamo
1254 4038 1461 4095 fuerint
1491 4057 1793 4099 concessae.
1824 4044 1918 4102 Ha:
1949 4064 2040 4101 ve-

462 4140 527 4179 ro
556 4141 750 4181 novem
786 4127 1178 4195 lsraelitarum,
1229 4143 1324 4187 aut
1354 4133 1575 4189 lsraelis
1604 4137 1821 4191 nomine
1847 4155 2041 4195 cense-

399 4236 402 4240 λ
462 4215 685 4282 bantur,
718 4220 921 4289 quibus
955 4220 1321 4279 Jeroboamus
1349 4224 1546 4281 Nabati
1598 4226 1741 4283 ﬁlius
1785 4239 2037 4297 prmerat,

461 4307 692 4377 ejusque
724 4312 874 4379 regni
898 4312 1058 4367 sedes
1080 4313 1135 4367 in
1162 4313 1413 4371 Samaria
1448 4319 1769 4373 constituta.
1798 4318 2039 4390 Reliquae

2141 3128 2233 3179 καὶ
2262 3124 2500 3197 Ἰσραὴλ,
2544 3124 2899 3195 Ἰσραηλῖται.
2932 3121 3023 3186 Ἐξ
3059 3121 3281 3192 ἡμερῶν
3326 3121 3384 3173 δέ
3424 3119 3587 3172 Δαϐὶδ
3619 3119 3720 3172 τοῦ

2143 3217 2562 3289 βασιλεύσαντος
2585 3219 2648 3269 ἐκ
2676 3216 2848 3286 φυλῆς
2875 3214 3046 3268 Ἰούδα
3068 3213 3357 3267 ἐκαλοῦντο
3382 3211 3626 3265 Ἰουδαῖοί
3656 3228 3715 3264 τε

2142 3310 2234 3362 καὶ
2274 3309 2623 3380 Ἰσραηλῖται.
2673 3310 2851 3361 Πᾶσαι
2892 3308 2949 3359 αἱ
2998 3305 3205 3359 δώδεκα.
3251 3304 3435 3373 φυλαὶ,
3484 3304 3578 3357 καὶ
3613 3304 3714 3367 ἕως

2142 3400 2457 3471 Σαλομῶνος
2483 3399 2577 3454 τοῦ
2603 3399 2718 3452 υἱοῦ
2745 3399 2928 3463 Δαϐὶδ,
2959 3400 3053 3451 καὶ
3078 3400 3182 3461 ἕως
3204 3397 3295 3450 τοῦ
3339 3396 3573 3465 Ῥοϐοάμ
3599 3395 3715 3449 υἱοῦ

2140 3492 2481 3558 Σαλομῶνος,
2516 3491 2737 3558 ἐκγόνου
2767 3490 2823 3542 δὲ
2853 3488 2946 3542 τοῦ
2977 3489 3161 3549 Δαϐὶδ,
3196 3489 3289 3541 καὶ
3320 3487 3440 3540 κατ’
3469 3486 3714 3558 ἐπιτίμη-

2143 3605 2225 3641 σιν
2259 3586 2419 3650 Θεοῦ,
2459 3588 2553 3639 καὶ
2593 3585 2921 3655 άναξιότητα
2958 3586 3052 3638 τοῦ
3096 3584 3353 3655 Ῥοϐοάμ,
3385 3583 3721 3654 ἐσχίσθησαν

2142 3683 2197 3732 αἱ
2226 3678 2453 3733 δεκαδύο
2486 3681 2671 3750 φυλαὶ,
2708 3680 2803 3732 καὶ
2830 3680 3085 3748 γεγόνασι
3110 3678 3204 3733 δύο
3239 3680 3410 3749 ἥμισυ
3453 3677 3592 3748 μετὰ
3622 3676 3717 3731 τοῦ

2142 3770 2334 3834 Ἰούδα,
2392 3772 2637 3825 τουτέστι
2688 3772 2827 3842 μετὰ
2890 3770 3149 3841 Ῥοϐοάμ,
3203 3771 3297 3824 καὶ
3342 3771 3496 3822 ἐννέα
3542 3770 3717 3840 ἥμισυ

2145 3864 2284 3934 μετὰ
2321 3864 2625 3935 Ἱεροϐοάμ.
2658 3863 2981 3919 Ἐκαλοῦντο
3009 3864 3067 3916 δὲ
3107 3866 3164 3917 αἱ
3198 3865 3355 3917 ἐννέα
3386 3862 3717 3935 Ἰσραηλῖταί

2143 3972 2203 4007 τε
2229 3956 2323 4008 καὶ
2348 3956 2587 4027 Ἰσραὴλ,
2616 3956 3032 4027 βασιλευόμεναι
3058 3957 3162 4010 ὑπὸ
3181 3956 3274 4009 τοῦ
3311 3955 3718 4027 Ἰεροϐοὰμ(59)

2140 4049 2261 4103 υἱοῦ
2293 4050 2485 4103 Ναϐὰτ
2516 4050 2572 4102 ἐν
2602 4051 2908 4121 Σαμαρείᾳ.
2942 4051 3005 4102 Αἱ
3034 4048 3091 4101 δέ
3114 4048 3208 4101 δύο
3237 4051 3316 4112 εἰς
3364 4047 3719 4118 Ἰερουσαλὴμ

2142 4142 2384 4194 Ἰουδαῖοι
2436 4141 2781 4212 καλούμενοι,
2847 4141 3258 4211 βασιλευόμεναι
3308 4142 3415 4195 ὑπὸ
3483 4138 3721 4210 Ῥοϐοάμ

2144 4232 2260 4285 υἱοῦ
2306 4234 2651 4306 Σαλομῶνος,
2691 4234 2785 4288 καὶ
2816 4235 3072 4304 γεγόνασι
3098 4235 3261 4291 πάλιν
3292 4234 3534 4304 διαδοχαὶ
3565 4232 3720 4302 βασι-

2143 4324 2297 4379 λέων.

463 4399 584 4453 duae
648 4399 1042 4473 Hierosolymis
1122 4409 1452 4463 contributae
1506 4426 1674 4479 penes
1739 4428 1875 4483 quas
1923 4412 2239 4470 Judaeorum
2298 4433 2498 4473 nomen
2571 4429 2796 4475 resedit.
2851 4418 3059 4474 Harum
3101 4433 3359 4488 princeps
3405 4418 3721 4474 doboamus

464 4499 584 4547 erat
614 4490 923 4551 Salomonis
952 4496 1118 4561 filius,
1157 4508 1323 4569 atque
1356 4502 1424 4555 ab
1468 4518 1533 4557 eo
1565 4504 1826 4574 deinceps
1856 4520 2045 4575 regum
2084 4519 2170 4562 est
2200 4508 2434 4563 deducta
2468 4511 2770 4566 successio.

553 4584 767 4640 Etenim
824 4587 1143 4647 Roboamus
1166 4593 1361 4647 Abiam
1395 4597 1603 4665 genuit,
1634 4598 1800 4653 Abias
1839 4600 2031 4662 Asam,
2068 4605 2117 4659 Ι)

465 4676 576 4731 Asa
636 4674 997 4747 Josapliatum
1029 4719 1043 4743 ,
1089 4680 1423 4753 Josapliatus
1480 4685 1763 4741 Joramum
1811 4730 1826 4755 ,
1880 4688 2040 4744 Jora-

466 4783 590 4824 mus
641 4766 972 4837 choziam,
1023 4771 1294 4832 Ochozias
1338 4774 1531 4841 Joam,
1584 4777 1711 4833 Joas
1740 4781 2037 4845 Amasiam,

468 4858 718 4913 Amasias
772 4858 1025 4915 Azariam
1059 4902 1075 4928 ,
1141 4866 1236 4933 qui
1282 4876 1337 4920 et
1393 4865 1555 4924 Ozias
1626 4880 1848 4925 vocatus
1900 4878 2041 4938 est;

540 4951 558 4981 ¹
592 4950 749 5006 Deut.
781 4969 932 5017 xvm,
968 4954 1053 5021 18,
1092 4957 1181 5012 19.

541 5041 655 5122 (58)
701 5044 867 5122 ’ᾙτις
1090 5049 1201 5101 οὐκ
1224 5049 1567 5122 ἀκούσεται.
1612 5052 1761 5106 Solet
1814 5053 2051 5122 plerum-

473 5131 579 5173 que
613 5114 910 5191 Scriptura:
944 5114 1108 5191 verba
1140 5134 1247 5191 non
1284 5121 1498 5184 iisdem,
1531 5123 1731 5191 quibus
1780 5114 2047 5191 concepta

476 5196 625 5249 sunt,
656 5186 829 5241 citare
856 5187 1061 5253 verbis,
1092 5189 1189 5243 sed
1225 5186 1562 5257 immutatis,
1597 5202 1653 5246 ut
1684 5193 1787 5247 lioc
1814 5194 1935 5248 loco
1954 5186 2049 5246 'fav

474 5267 619 5312 ctum
647 5262 748 5309 est.

548 5325 658 5395 (5'9)
688 5328 1172 5403 _Ba_0't._lsv0’,u_erat
1212 5330 1331 5384 ὑπὸ
1363 5332 1469 5384 τοῦ
1512 5332 1814 5403 Ἱεροϐοάμ.
1860 5331 2052 5403 Sama-

477 5395 564 5470 ria.
593 5395 828 5470 regionis
863 5397 1137 5470 interdum
1167 5416 1363 5455 nomen
1396 5417 1477 5456 εει
1496 5444 1511 5467 ,
1539 5395 1811 5457 interdum
1840 5402 2047 5470 oppidi.

479 5464 654 5516 Priori
691 5467 851 5517 modo
885 5469 1049 5522 etiam
1079 5478 1206 5525 ante
1235 5464 1511 5526 conditam
1551 5473 1853 5527 Samariam
1880 5464 2048 5526 usur-

480 5542 641 5601 patur
670 5531 735 5585 lll
766 5534 898 5609 Reg.
931 5554 1049 5598 xui,
1082 5541 1151 5592 52
1184 5561 1194 5595 :
1230 5542 1475 5609 Profecto
1509 5546 1645 5597 enim
1671 5545 1831 5597 veniet
1858 5559 2047 5605 sermo,

480 5619 634 5681 quem
662 5604 906 5682 ηζαλᾴὶφὲι
927 5609 983 5659 in
1003 5626 1239 5664 sermone
1261 5604 1472 5666 Domini
1492 5626 1674 5667 contra
1701 5614 1887 5678 altare,
1912 5613 2049 5682 quod

482 5682 561 5728 est
592 5672 646 5724 iu
674 5672 855 5727 Betltel
874 5684 923 5729 et
943 5689 1129 5733 contra
1153 5684 1334 5738 omnia
1376 5684 1505 5752 fana
1549 5672 1894 5751 excelsorum,
1925 5672 2051 5755 ’συιδ

2224 4603 2459 4672 Ῥοϐοάμ
2487 4606 2649 4675 γεννᾷ
2700 4603 2790 4656 τὸν
2836 4602 3024 4656 Ἀϐιά·
3064 4602 3218 4655 Ἀϐιά
3258 4603 3349 4654 τὸν
3388 4602 3551 4656 Ἀσά⁶
3606 4601 3726 4655 Ασὰ

2149 4695 2239 4748 τὸν
2282 4697 2573 4765 Ἰωσαφάτ·
2633 4696 2900 4765 Ἰωσαφὰτ
2950 4695 3040 4748 τὸν
3105 4694 3336 4765 Ἰωράμ·
3386 4694 3588 4764 Ἰωρὰμ
3632 4695 3726 4749 τὸν

2163 4788 2436 4857 Ὀχοζίαν·
2481 4787 2722 4857 Ὀχοζίας
2754 4787 2844 4840 τὸν
2887 4788 3035 4849 Ἰωάς
3059 4803 3072 4816 ·
3117 4786 3268 4848 Ἰωάς
3294 4785 3384 4839 τὸν
3431 4784 3684 4853 Ἀμεσίαν
3706 4802 3721 4815 ο

2165 4881 2421 4950 ’Δμεσίαν
2477 4881 2566 4933 τὸν
2630 4879 2881 4934 Ἀζαρίαν
2906 4920 2921 4946 ,
2982 4880 3073 4933 τὸν
3130 4878 3458 4950 καλούμενον
3512 4878 3723 4942 Ὀζίανσ

2152 5068 2273 5113 sunt
2298 5060 2353 5112 in
2377 5057 2590 5111 urbibus
2624 5056 2904 5111 Samariw.
2941 5057 3011 5109 At
3043 5071 3165 5125 cap.
3198 5071 3311 5117 xvr,
3335 5054 3425 5118 Ἡ,
3460 5053 3608 5107 Amri
3634 5069 3727 5107 rex

2155 5130 2373 5184 lsraelis
2406 5129 2531 5182 emit
2560 5139 2787 5182 montem
2824 5126 3083 5181 Samaria:
3129 5144 3163 5179 ιι
3204 5125 3390 5180 Somer
3415 5127 3616 5177 duobus
3646 5133 3730 5174 ta-

2158 5201 2310 5252 lentis
2358 5200 2593 5267 argenti;
2638 5209 2687 5251 et
2741 5199 3022 5266 wdiﬁcauit
3057 5214 3203 5274 eum,
3226 5206 3276 5249 et
3303 5196 3505 5274 euocauit
3543 5209 3729 5274 nomen

2157 5264 2608 5344 civitatisliquam
2645 5264 3019 5344 exstruxergt,
3064 5268 3269 5344 nomine
3311 5267 3492 5321 Senter
3530 5264 3730 5344 domini

2157 5340 2351 5414 montis
2381 5338 2704 5414 Samariam.
2738 5339 2893 5414 Apud
2925 5339 3281 5414 Epiphanium
3312 5352 3442 5405 ergo
3466 5338 3730 5414 ταιῆς).ρο-

2161 5410 2348 5470 stulat,
2382 5418 2441 5463 ut
2470 5410 2716 5479 Samaria
2752 5405 2989 5479 régionis
3015 5405 3216 5479 potius,
3236 5422 3405 5479 quam
3433 5405 3616 5473 oppidi
3641 5417 3730 5456 vo-

2161 5481 2416 5534 cabulum
2471 5476 3052 5554 sit._Nond_uni_enim
3106 5476 3426 5554 Jeroboailio
3473 5479 3733 5554 regnante

2160 5552 2381 5603 condita
2414 5559 2532 5603 erat
2571 5549 2839 5604 Samaria.
2870 5550 2935 5602 Et
2965 5558 3144 5602 tamen
3185 5563 3306 5600 cum
3339 5545 3737 5616 Hierosolymis

2161 5629 2494 5691 opponatur,
2531 5636 2633 5691 pro
2664 5620 2866 5692 oppido
2897 5621 3040 5676 sumi
3074 5619 3310 5674 videtur.
