4204 6370
10 3427 18 3646 ἱ

457 273 564 332 9J9
1880 288 1939 346 S.
1982 291 2321 350 EPIPHANII
3613 313 3721 368 220

457 389 689 444 miretur
715 405 848 446 vero
882 393 1056 464 magis
1091 400 1407 450 accuratam
1443 412 1478 450 ιι
1510 397 1669 454 nobis
1729 399 1920 456 initam
1952 419 2040 458 ra-

2152 409 2361 479 μαζέτω
2408 410 2465 464 δὲ
2518 411 2716 479 μᾶλλον
2749 414 2846 485 τὴν
2894 415 3273 487 ἀκριϐολογίαν
3313 420 3608 493 ὠφελίμως
3638 425 3723 475 ὲν-

458 483 687 547 tionem,
719 491 773 539 et
801 484 904 540 hoc
930 486 1052 540 loco
1079 487 1132 542 in
1155 489 1530 546 studiosorum
1565 491 1797 562 gratiam
1831 495 2039 551 utiliter

459 574 809 641 explicatam,
865 577 959 645 qui
1027 579 1380 649 castigatiora
1442 584 1692 652 exempla
1747 588 2038 642 consulere

458 663 785 718 eruditionis
815 681 982 720 causa
1007 669 1306 725 voluerint.
1358 669 1474 725 Non
1500 674 1643 726 enim
1674 675 1877 740 dillido,
1903 680 2038 747 quin

459 772 584 809 cum
621 759 788 811 animi
819 761 904 812 sui
938 760 1120 814 fructu
1163 764 1398 818 candide
1439 765 1490 818 in
1528 767 1594 819 iis
1649 784 1770 837 qum
1819 785 1846 820 a
1883 771 2038 826 nobis

461 851 738 918 proposita
770 860 898 905 sunt
935 855 1288 923 acquiescere
1313 866 1614 927 cogantur;
1647 860 1921 929 simulque
1946 879 2039 916 vo-

461 957 579 995 cem
616 942 762 996 illam
789 943 1152 1008 lncrifaciant,
1175 963 1296 1015 qua:
1325 949 1393 1000 ab
1416 949 1685 1018 imperitis
1708 952 2038 1021 quibusdam

461 1034 906 1090 emendatoribus
942 1046 1025 1090 est
1062 1047 1286 1107 propter
1307 1041 1726 1110 ambiguitatem
1761 1061 1827 1099 ex
1859 1046 2039 1102 Evan-

460 1126 604 1196 gelio
635 1127 871 1196 sublata.
897 1125 1031 1181 Nam
1064 1146 1190 1183 cum
1221 1131 1606 1200 generationes
1661 1150 1851 1189 omnes
1904 1136 2040 1190 Mat—

463 1216 638 1270 thrcus
670 1219 948 1288 tripartito
1001 1220 1368 1284 distribuerit,
1407 1231 1459 1275 et
1493 1223 1564 1276 ab
1617 1223 1924 1279 Abraliamo
1969 1227 2037 1280 ad

464 1307 721 1363 Davidem
784 1327 956 1380 usque
1007 1327 1098 1365 XIV
1135 1323 1441 1380 enunieret,
1506 1317 1761 1384 superior
1810 1327 2040 1388 utraque

464 1402 637 1456 series
663 1389 870 1471 integra
906 1405 1196 1472 reperitur,
1234 1421 1410 1476 neque
1443 1407 1743 1476 quidquam
1808 1410 1874 1462 ad
1933 1427 2040 1464 nu-

463 1506 674 1546 merum
709 1494 883 1555 deesl,
907 1495 998 1564 qui
1030 1495 1098 1547 ad
1129 1495 1449 1572 Jechoniam
1483 1499 1677 1552 ordine
1709 1501 2036 1568 pertexitur.

463 1584 530 1636 At
566 1585 722 1637 tertia
755 1585 973 1639 demum
1003 1588 1177 1642 series
1205 1605 1300 1642 xm
1345 1590 1612 1644 duntaxat
1655 1607 1764 1646 non
1812 1609 1922 1656 xw,
1947 1610 2042 1662 ge-

463 1677 810 1728 nerationnm
839 1678 1059 1730 nomina
1086 1679 1500 1748 complectitur,
1527 1683 1672 1750 quod
1707 1698 1735 1734 a
1798 1683 2038 1736 nonnul-

465 1765 535 1821 lis
572 1769 926 1823 commissum
952 1779 1066 1835 est;
1098 1773 1192 1840 qui
1225 1789 1350 1826 cum
1379 1771 1677 1828 Jeclionias
1730 1773 1869 1829 duos
1917 1790 2044 1828 con-

2139 500 2314 554 ταῦθα
2337 503 2593 574 κειμένην
2621 508 2731 568 τοῖς
2754 506 3076 574 σπουδαίοις,
3101 505 3536 583 χρηστομαθείας
3560 515 3724 567 ἓνεκα

2141 591 2207 643 τά
2247 593 2444 664 ἀκριϐῆ
2485 595 2594 647 τῶν
2628 597 2973 668 ἀντιγράφων
3026 602 3465 674 καταλαμϐάνειν
3505 605 3745 667 ἐθέλουαι

2143 697 2245 743 σιν,
2280 684 2474 746 οἵτινες
2516 685 2678 750 εὐθὺς
2713 687 2849 756 μετά
2893 690 2990 760 τῆς
3033 692 3318 761 ὡφελείας,
3356 697 3724 767 εὐγνωμονεῖν
3742 675 3769 760 ’ζ

2140 771 2663 844 ἀναγκασθήσονται,
2703 779 3063 849 κερδήσαντες
3104 783 3165 836 τὸ
3215 787 3319 839 ὑπό
3375 805 3533 841 τινων
3577 789 3719 858 ἀμα-

2142 861 2248 913 θῶν
2276 863 2384 914 τῶν
2417 865 2474 916 ἐν
2502 865 2580 935 τῷ
2627 868 2942 940 Εὑαγγελίῳ
2973 873 3052 934 είς
3083 874 3411 944 ἀμφιϐολίαν
3452 882 3528 941 ὼς
3578 879 3718 932 κατά

2139 952 2421 1023 διόρθωσιν
2453 956 2748 1024 ἀφανισθὲν
2785 962 2968 1032 ῥητόν.
2997 964 3211 1035 Τριχῶς
3235 967 3343 1038 γὰρ
3376 968 3717 1040 ἀριθμήσαν-

2139 1061 2229 1106 τος
2248 1044 2340 1096 τοῦ
2371 1046 2526 1114 ἁγίου
2557 1049 2834 1104 Ματθαίου
2861 1054 2958 1117 τὰς
2985 1056 3195 1122 γενεὰς,
3217 1057 3325 1110 ἀπὸ
3343 1057 3436 1110 τοῦ
3473 1059 3720 1130 Ἀϐραὰμ

2140 1134 2267 1205 ἄχρι
2319 1137 2410 1189 τοῦ
2455 1139 2620 1192 Δαϐὶδ
2662 1143 2932 1212 φήσαντος
2975 1147 3167 1214 γενεὰς
3209 1147 3634 1222 δεκατέσσαρας,
3669 1153 3717 1204 οἱ

2139 1227 2230 1279 δύο
2263 1228 2522 1300 ἀνώτεροι
2555 1232 2777 1304 ἀριθμοὶ
2823 1240 3014 1306 σαφεῖς
3045 1239 3411 1312 εὑρίσκονται,
3448 1243 3720 1313 μηδεμίαν

2141 1318 2376 1388 ἔλλειψιν
2417 1321 2650 1393 ἀριθμοῦ
2691 1326 3055 1396 περιέχοντες.
3089 1332 3233 1393 Ἕως
3268 1332 3376 1403 γὰρ
3425 1334 3518 1386 τοῦ
3561 1335 3721 1404 Ίεχοο

2141 1412 2254 1464 νίου
2284 1416 2595 1484 περιέχουσι
2627 1417 2752 1482 τοὺς
2785 1419 3030 1490 χρόνους.
3074 1422 3133 1474 '0
3167 1422 3223 1475 δὲ
3267 1423 3450 1493 τρίτος
3491 1424 3723 1496 ἀριθμὸς

2140 1502 2318 1556 οὐκέτι
2369 1503 2781 1579 δεκατεσσάρων
2827 1512 3030 1578 γενεῶν
3075 1513 3387 1584 εὑρίσκεται
3432 1521 3573 1568 κατά
3606 1516 3722 1568 δια-

2141 1593 2300 1664 δοχὴν
2363 1596 2646 1666 ὀνομάτων
2693 1599 2754 1652 τὸ
2819 1601 3095 1674 πλήρωμα
3153 1603 3328 1675 ἔχων,
3379 1607 3516 1660 ἀλλὰ
3565 1609 3725 1662 δεκα-

2140 1685 2325 1753 τριῶν.
2368 1687 2582 1759 Ἐπειδὴ
2624 1690 2788 1754 τινὲς,
2831 1693 3084 1762 Ἰεχονίαν
3121 1695 3237 1766 ἃμα
3282 1697 3506 1770 Ἰεχονίᾳ
3551 1700 3724 1771 ἑτέρῳ

2144 1777 2430 1831 ὲπιτοαυτὸ
2469 1781 2738 1850 εὑρόντες,
2774 1785 3032 1854 ἐνόμισαν
3071 1788 3162 1840 τὸν
3210 1789 3441 1860 ἀριθμὸν
3489 1791 3724 1845 δεδισσο-

464 1858 694 1927 junctim
748 1876 872 1914 esse
923 1863 1159 1932 scriptos
1219 1872 1534 1926 cernerent,
1599 1865 1856 1918 arbitrati
1911 1873 2040 1919 sunt

2152 1871 2457 1940 λογισμένον
2500 1869 2658 1928 εἶναι.
2699 1871 2811 1929 Οὗκ
2841 1873 2909 1947 ἦν
2952 1877 3010 1931 δὲ
3055 1858 3383 1950 δισσολογία,
3436 1883 3572 1937 ἀλλά
3602 1887 3723 1956 ἀρι-

464 1949 709 2001 eamdem
741 1965 928 2004 vocem
957 1961 1289 2021 prapostere
1319 1954 1375 2007 in
1403 1969 1470 2008 ea
1529 1954 1634 2023 22
1667 1955 1808 2009 serie
1842 1957 2040 2024 repeti-

465 2048 597 2093 tam.
630 2039 829 2095 Verum
883 2043 1130 2112 ejusdem
1189 2044 1290 2099 ista
1338 2047 1595 2116 repetitio
1646 2047 1868 2100 minime
1906 2047 2040 2112 fuit;

464 2133 560 2185 sed
601 2135 922 2188 numerandi
953 2135 1090 2190 ordo
1141 2141 1485 2208 perspicuus.
1538 2136 1818 2207 Siquidem
1848 2137 2044 2193 Jeelio-

468 2225 572 2280 nia:
605 2226 714 2280 lilio
737 2226 803 2281 de
838 2240 1060 2298 parente
1093 2247 1292 2286 nomen
1328 2231 1646 2300 impositum
1707 2239 1811 2287 est.
1844 2232 1911 2283 At
1954 2233 2044 2289 isti

463 2318 752 2386 elegantia:
788 2320 1059 2382 vindices,
1086 2322 1215 2376 dum
1271 2339 1440 2376 unum
1476 2338 1672 2377 nomen
1698 2330 2041 2392 expungunt,

467 2423 564 2476 per
595 2425 866 2462 summam
921 2411 1286 2481 ignorantiam
1322 2423 1512 2467 contra
1547 2413 1884 2482 propositum
1920 2428 2048 2483 pec-

2151 1958 2288 2028 θμὸς
2338 1963 2536 2032 σαφής.
2583 1965 2676 2028 Eb;
2719 1966 2890 2038 ὄνομα
2943 1970 3050 2040 γάρ
3103 1973 3308 2042 πατρὸς
3346 1975 3374 2027 ὁ
3405 1976 3532 2036 παῖς
3572 1977 3588 2007 ¹
3627 1977 3725 2028 ἐπ-

2149 2051 2342 2123 έκλητο
2379 2054 2630 2123 Ἰεχονίας
2653 2056 2745 2110 τοῦ
2784 2058 3052 2129 Ἰεχονίου.
3096 2064 3442 2135 Ἀφελόμενοι
3464 2061 3556 2119 οὖν
3583 2084 3727 2130 τινες

2149 2141 2225 2205 ὡς
2253 2143 2394 2196 κατά
2424 2147 2741 2214 φιλοκαλίαν
2776 2151 2836 2204 τὸ
2879 2151 2936 2205 ἓν
2977 2152 3164 2223 ὄνομα,
3190 2155 3381 2225 ἀγνοίᾳ
3415 2157 3726 2226 φερόμενοι,

2149 2234 2392 2299 ἐλλειπὲς
2423 2239 2750 2308 ἐποιήσαντο
2777 2243 2874 2313 τῆς
2901 2244 3228 2310 ὑποθέσεως,
3259 2246 3399 2300 κατὰ
3431 2247 3529 2318 τὴν
3552 2248 3730 2318 ὁμάδα

2148 2325 2242 2378 τοῦ
2273 2328 2506 2400 ἀριθμοῦ
2527 2331 2636 2384 τῶν
2651 2333 3065 2407 δεκατεσσάρων
3085 2337 3361 2407 ὀνομάτων
3381 2338 3478 2410 τὴν
3500 2339 3731 2409 ὑπόσχε-

2152 2434 2256 2483 σιν,
2291 2421 2386 2474 καὶ
2419 2421 2478 2474 τὸ
2518 2423 2846 2496 πολύπειρον
2867 2426 2967 2496 τῆς
2993 2428 3230 2497 σχέσεως
3257 2429 3548 2499 ἠφάνισαν.

467 2515 696 2572 carnnt;
753 2515 918 2578 atque
967 2517 1021 2564 et
1081 2511 1366 2565 nominum
1415 2526 1505 2563 xiv
1555 2510 1866 2579 collegium,
1918 2509 2064 2580 quod
2118 2512 2316 2570 ibidem
2375 2519 2712 2587 ostenditur,
2779 2538 2890 2578 uno
2945 2523 3192 2581 detracto
3234 2533 3630 2592 numerarunt,
3677 2533 3733 2582 et

470 2602 825 2670 multiplicem
855 2604 1018 2660 unius
1042 2604 1110 2658 ad
1164 2605 1399 2659 alterum
1451 2605 1719 2658 rationem
1771 2604 2257 2678 habitudinemqne
2293 2615 2657 2670 sustulerunt.

542 2698 810 2752 therum
835 2700 904 2755 ab
931 2697 1209 2754 Jechonite
1242 2710 1484 2769 tempore
1518 2700 1776 2768 deinceps
1831 2696 2048 2753 Judzeo-

471 2806 594 2842 rum
620 2789 672 2842 in
702 2789 1034 2861 Babylonem
1081 2791 1391 2860 deportatio
1421 2791 1674 2859 contigit.
1722 2789 1779 2843 In
1810 2807 1917 2859 qua
1944 2789 2050 2843 Na-

472 2882 981 2937 buchodonosorem
1009 2883 1398 2938 convenientes
1422 2882 1564 2952 apud
1595 2882 1926 2952 Babylonem
1959 2898 2049 2936 se-

474 2977 660 3029 niores
689 2985 974 3041 rogarunt,
1014 2983 1075 3029 ut
1119 2992 1148 3030 e
1189 2977 1308 3030 suis
1347 2984 1529 3031 certos
1566 2975 1620 3028 in
1676 2973 1916 3028 lunatam
1953 2975 2048 3028 ho-

476 3066 653 3119 mines
683 3064 750 3118 ad
779 3065 1139 3118 habitandum
1194 3069 1453 3129 mitteret,
1501 3083 1568 3120 ne
1621 3066 1919 3120 silvescens
1970 3066 2051 3120 in-

475 3155 733 3224 cultaque
766 3156 918 3226 regio
957 3157 1175 3210 deserta
1224 3159 1444 3228 penitus
1479 3169 1742 3214 maneret.
1793 3156 1904 3212 Nec
1939 3160 2051 3229 regi

477 3249 772 3318 postulatio
807 3251 898 3303 illa
926 3249 1228 3320 displicuit.
1268 3252 1455 3321 Itaque
1502 3260 1742 3322 quatuor
1787 3267 1855 3305 ex
1883 3251 2054 3321 impe-

479 3341 564 3394 rio
595 3358 695 3396 suo
720 3342 954 3398 subditis
980 3343 1238 3414 gentibus
1263 3343 1383 3400 sine
1417 3361 1572 3399 mora
1606 3344 1838 3408 dimisit,
1896 3343 2052 3396 nimi-

479 3448 600 3486 rum
646 3433 962 3500 Cbuthaaos,
1001 3443 1056 3490 et
1103 3435 1356 3504 (Iudaeos,
1419 3452 1484 3492 ac
1539 3435 1951 3508 Sepbaruraeos,
1999 3445 2056 3492 et

553 3591 566 3621 ¹
594 3607 686 3659 πτρ.
712 3589 1088 3661 ἐπικέκληται.
1109 3589 1240 3646 Cor.
1261 3589 1615 3662 ἐπεκέκλητο.

483 3751 684 3803 thzeum
715 3749 1004 3820 scripsisse
1032 3757 1186 3820 putat
1218 3767 1232 3805 :
1265 3748 1449 3804 Josias
1471 3759 1645 3804 autent
1668 3752 1846 3819 genuit
1867 3748 2056 3803 Jecho-

485 3822 652 3885 niam,
685 3832 732 3874 et
765 3821 957 3890 fratres
985 3821 1100 3889 ejus
1141 3821 1198 3874 in
1221 3821 1705 3890 transmigratione
1727 3821 2020 3890 Babylonis
2039 3835 2057 3872 :

482 3889 771 3945 Jechonias
797 3900 971 3960 autem
994 3891 1184 3960 genuit
1199 3889 1508 3945 Jechoniam
1532 3905 1550 3944 :
1570 3889 1858 3944 Jechonias
1879 3901 2056 3944 autem

484 3962 661 4030 genuit
703 3959 1122 4030 Salathiel,’etc.
1157 3959 1276 4015 Jam
1316 3961 1523 4016 scimus
1561 3961 1686 4030 quis
1723 3977 1790 4016 ex
1819 3961 2056 4030 Epipha-

489 4029 563 4085 nii
598 4041 778 4086 mente
796 4032 867 4086 sit
895 4029 1186 4086 Jechonias
1213 4032 1337 4086 iste.
1356 4030 1511 4084 Prior
1537 4029 1680 4085 enim
1709 4040 1793 4085 est
1821 4029 2057 4096 Joakim,

487 4106 602 4156 sive
632 4099 880 4166 Eliacim,
906 4099 1070 4155 Josiaa
1092 4099 1153 4156 F.
1196 4101 1470 4157 Posterior
1509 4103 1615 4155 alio
1642 4101 1870 4155 nomine
1891 4100 2060 4154 Sede-

487 4171 605 4226 cias
632 4172 812 4226 dictus
838 4179 942 4226 est.
976 4170 1082 4226 Sed
1107 4187 1270 4233 quam
1303 4171 1600 4226 absurdum
1634 4171 1766 4224 illud
1801 4172 1891 4233 sit,
1912 4187 1942 4224 e
1967 4187 2061 4226 su-

489 4242 800 4312 perioribus
829 4249 1067 4312 constat.
1097 4239 1233 4296 Nam
1259 4242 1306 4296 si
1343 4243 1410 4296 de
1442 4239 1666 4296 Sedecia
1702 4241 1846 4311 Rege
1874 4242 2066 4312 loqua-

492 4309 602 4383 tur,
635 4312 782 4383 quod
814 4328 879 4366 ex
925 4309 1080 4383 chii
1129 4312 1432 4383 stemmatis
1474 4309 1826 4383 successione
1852 4309 2070 4383 videtur

2226 2706 2436 2760 Γίνεται
2465 2707 2596 2776 γοῦν
2621 2709 2868 2764 ἐντεῦθεν
2909 2712 3017 2766 ἀπὸ
3058 2712 3152 2766 τοῦ
3193 2713 3382 2785 χρόνου
3425 2711 3732 2785 Ἰεχονίουή

2153 2798 2497 2869 αίχμαλωσία
2537 2805 2568 2873 ἠ
2611 2804 2692 2866 εἰς
2737 2804 3048 2859 Βαϐυλῶνα.
3087 2807 3175 2859 Ἐν
3221 2807 3394 2876 τούτῳ
3429 2806 3507 2876 τῷ
3557 2806 3735 2876 χρόνῳ

2153 2892 2251 2960 τῆς
2281 2893 2656 2962 αἰχμαλωσίας
2689 2895 2800 2965 (62)
2827 2897 3132 2967 προσῆλθον
3174 2899 3223 2950 οἱ
3264 2897 3623 2970 πρεσϐύτεροι
3659 2896 3736 2968 τῷ

2155 2982 2623 3057 Ναϐουχοδονόσορ
2667 2989 2724 3039 ὲν
2770 2988 3066 3055 Βαϐυλῶνι,
3123 2990 3564 3061 παρακαλοῦντες
3597 2991 3735 3044 ἀπο·-

2162 3075 2418 3145 σταλῆναί
2450 3094 2597 3139 τινας
2623 3077 2732 3130 τῶν
2769 3079 2912 3131 ἰδίων
2959 3080 3123 3133 αὑτοῦ
3168 3080 3495 3148 ἐγκαθέτους
3528 3083 3608 3142 είς
3637 3079 3735 3149 τὴν

2172 3166 2515 3236 Ἰσραηλιτῶν
2562 3167 2698 3236 γῆν,
2757 3168 2904 3229 ὅπως
2958 3169 3030 3238 μὴ
3073 3171 3105 3238 ἡ
3157 3169 3308 3239 χώρα
3355 3168 3734 3238 ὑλομανήσασσ

2158 3255 2442 3324 ὲρημωθῇ.
2472 3256 2581 3308 Καὶ
2613 3255 2828 3320 ἐδέξατο
2857 3255 2952 3327 τὴν
2995 3257 3120 3328 παρ’
3156 3257 3335 3310 αὐτῶν
3370 3255 3734 3328 παράκλησιν.

2160 3347 2234 3399 Οὐ
2261 3346 2368 3416 γάρ
2408 3347 2752 3411 ἀνεϐάλλετο,
2802 3349 2891 3400 καὶ
2935 3349 3252 3402 ἀποστέλλει
3304 3348 3404 3419 μὲν
3447 3347 3556 3400 τῶν
3596 3347 3736 3400 ἰδίων

2159 3436 2400 3507 τέσσαρα
2425 3435 2578 3506 γένη,
2622 3436 2748 3500 τούς
2785 3454 2846 3490 τε
2880 3436 3179 3500 Χουθαίους
3207 3437 3572 3508 καλουμένους
3603 3437 3736 3508 (65),

2166 3763 2193 3801 a
2227 3747 2668 3812 Salmanassaro,
2704 3763 2810 3803 non
2846 3761 2875 3800 a
2904 3745 3462 3802 Nabuchodonosore.
3489 3744 3622 3801 Vide
3676 3745 3738 3800 IV

2163 3817 2297 3888 Reg.
2330 3834 2450 3888 cap.
2484 3836 2632 3874 xxw.
2665 3819 2850 3888 Neque
2881 3833 3010 3872 vero
3035 3820 3186 3874 solus
3231 3818 3286 3870 in
3331 3833 3397 3872 eo
3425 3832 3612 3888 errore
3641 3817 3738 3870 fuit

2165 3887 2523 3958 Epiphanius,
2559 3906 2684 3944 nam
2719 3887 2774 3944 et
2803 3889 3102 3959 Procopius
3150 3889 3207 3940 in
3249 3887 3458 3942 Isaiam
3504 3903 3533 3940 a
3564 3887 3738 3942 Nabu-

2164 3961 2542 4014 chodonosore
2577 3959 2901 4023 Samariam,
2935 3958 2992 4013 et
3008 3958 3248 4013 Iudaeam
3276 3966 3613 4027 expugnatas
3645 3959 3740 4012 ait.

2165 3974 2542 4014 cnouonosore
2577 3974 2901 4023 Samariam,
2935 3974 3248 4013 euuuaeam
3276 3974 3415 4027 expn
3456 3974 3613 4012 natas
3645 3974 3740 4012 ait.

2165 4029 2326 4098 Atqui
2358 4028 2630 4108 comz‘ﬂt,
2667 4031 2876 4108 dicitur
2900 3974 3484 4108 Assyriorum‘rex‘ge
3519 4027 3746 4108 Babylo-

2166 4115 2258 4159 ne.
2290 4108 2345 4154 et
2387 4099 2454 4170 de
2483 4099 2661 4154 Cntha
2700 4098 3022 4168 ueterisque
3051 4098 3367 4170 regionibus
3396 4098 3746 4170 transtulisse

2167 4171 2393 4224 colonos
2441 4169 2495 4223 in
2544 4171 2868 4225 Samariam.
2896 4171 2980 4223 An
3014 4168 3135 4224 tum
3163 4168 3543 4223 Salmanassar
3571 4168 3746 4238 Baby-

2169 4240 2349 4294 lonem
2385 4241 2685 4304 obtinebat,
2721 4240 2896 4309 utqui
2931 4250 3064 4310 tunc
3093 4242 3150 4294 in
3181 4255 3244 4294 ea
3276 4239 3744 4310 regnabatAssy-

2172 4310 2380 4390 riorum
2408 4312 2693 4390 vectigalis
2725 4311 2910 4365 esset?
2943 4309 3615 4390 Hocﬂquidem‘probabile
3637 4309 3740 4389 est.

490 4378 665 4461 velle,
686 4382 943 4470 S‘edccias
986 4378 1094 4470 n'gn
1143 4380 1648 4470 Jelchoniae,onelque
1677 4381 1943 4470 Joakim'i...
1968 4380 2062 4436 sed
2098 4416 2142 4470 Β
2169 4378 2305 4459 Nam
2343 4389 2466 4448 post
2490 4378 2838 4470 Assyriorum
2869 4391 3026 4470 vetus
3044 4378 3181 4462 illud
3208 4395 3272 4434 ac
3299 4378 3616 4470 diuturlnum
3642 4379 3745 4470 ξρι-

489 4453 655 4522 Josize
702 4452 842 4522 lilius
886 4459 990 4506 est.
1028 4451 1125 4504 Sin
1159 4453 1388 4506 alterum
1440 4451 1723 4522 Sedeciam
1777 4452 2064 4522 intelligat,

492 4521 584 4589 qni
638 4521 879 4590 privatus
921 4523 1078 4586 vixit,
1115 4531 1201 4578 est
1247 4523 1336 4576 ille
1379 4522 1599 4590 quidem
1631 4520 1862 4576 Joakimi
1899 4520 2066 4584 ﬁlius,

495 4590 589 4658 sed
620 4606 726 4644 non
757 4589 1052 4645 Jecbonize.
1078 4590 1210 4644 Nam
1236 4593 1332 4646 lib.
1357 4592 1372 4644 l
1397 4589 1604 4658 Paral.,
1639 4608 1718 4655 ιιι,
1745 4592 1832 4654 15,
1855 4591 2068 4645 Joakitn

496 4657 661 4714 Josiae
713 4660 858 4715 ﬁlius
886 4660 1203 4715 Jechoniam
1232 4669 1284 4715 et
1320 4662 1600 4715 Sedcciam
1637 4663 1844 4725 genuit,
1873 4660 2072 4715 Jccho-

496 4732 618 4784 nias
655 4730 1024 4785 Salathielem.
1061 4730 1130 4785 At
1183 4731 1519 4801 Epiphanius
1547 4729 1867 4785 Jecltoniam
1894 4739 1947 4786 et
1976 4731 2074 4785 Se-

496 4801 729 4861 deciam,
761 4818 897 4871 quos
949 4809 1058 4854 tam
1109 4802 1393 4871 perspicue
1441 4801 1728 4870 Scriptura
1759 4802 2071 4870 distinguit.

498 4871 553 4940 i_n
587 4869 833 4925 eumdem
865 4873 1040 4926 virum
1077 4869 1353 4940 conﬂavit.
1388 4871 1507 4925 Non
1536 4869 1761 4926 dubium
1800 4881 1905 4936 est,
1938 4869 2073 4940 quin

499 4938 794 4995 Jechonias
825 4942 936 5006 ille,
968 4941 1060 5010 qni
1095 4939 1444 4995 Salathielem
1476 4957 1506 4994 a
1535 4941 1787 4995 Matthzeo
1817 4938 2076 5011 genuisse

500 5011 722 5075 dicitur,
747 5011 886 5064 idem
916 5012 988 5064 sit
1021 5026 1143 5064 cum
1165 5027 1252 5074 eo,
1274 5027 1435 5081 quem
1463 5011 1911 5081 Paralipomenon
1942 5011 2078 5066 liber

499 5089 909 5135 commemorat.
946 5081 1064 5151 Sed
1106 5081 1247 5151 alius
1292 5079 1350 5135 ei
1389 5091 1543 5151 pater
1589 5079 1752 5148 quam
1780 5079 2075 5137 Jechonias

501 5152 828 5220 qnaarendus
875 5161 980 5206 est.
1017 5150 1360 5205 Maldonatus
1391 5150 1580 5206 noster
1611 5151 1824 5205 Joakiin
1855 5167 1955 5220 pro
1983 5153 2078 5206 ite-

503 5229 624 5276 rato
645 5219 908 5292 Jechonia
932 5221 1225 5292 substituit
1259 5233 1469 5292 :Aatque
1491 5222 1564 5274 ita
1591 5223 1718 5292 legit
1741 5219 1952 5292 Joaéint
1975 5237 2076 5274 au—

505 5299 606 5362 ten:
623 5293 804 5362 genuit
823 5289 1466 5362 Jechoniamdechonias
1499 5289 1682 5345 aute-rn-
1709 5293 1885 5362 genuit
1919 5291 2079 5346 Sata-

505 5359 655 5430 ιΙιὶριἶ
684 5360 837 5425 Quod
867 5362 1167 5430 Scriptura.-
1195 5371 1626 5416 consentaneum
1653 5359 1758 5417 est.

576 5428 711 5502 (62)_
741 5432 836 5484 Ἐν
882 5428 1071 5494 τούτῳ
1116 5430 1196 5496 τῷ
1239 5433 1434 5500 χρόνῳ
1479 5430 1589 5500 τῆς
1643 5432 2074 5502 αἰχμαλωσίας.

511 5495 781 5566 Multiplex
813 5516 990 5572 error,
1022 5517 1130 5572 quo
1160 5495 1419 5558 nanus;
1439 5502 1507 5556 ab
1530 5495 1833 5572 Epiphanio
1859 5507 2080 5572 gravior

512 5517 781 5566 murtlptex
813 5517 990 5564 error,
1022 5517 1130 5623 (“lo
1160 5517 1246 5555 le
1276 5517 1419 5558 unus
1439 5517 1507 5556 an
1530 5517 1833 5572 bptpnanto
1859 5518 2078 5572 gt‘avmt‘

512 5574 593 5619 est
615 5570 991 5646 .connnissus.
1091 5587 1161 5625 on
1209 5572 1353 5625 enim
1405 5581 1528 5642 post
1579 5573 2078 5646 Hierosolymorum

513 5637 803 5708 excidium,
842 5641 935 5694 sed
977 5652 1127 5695 tanto
1155 5649 1300 5702 ante,
1339 5637 1460 5708 post
1493 5659 1525 5696 Χ
1558 5644 1809 5698 videlicet
1830 5637 2077 5696 tribuum

517 5705 966 5778 iit-portationcm,
997 5713 1176 5767 coloni
1205 5714 1258 5766 in
1290 5705 1590 5769 Sinnariani
1614 5715 1896 5780 submissi,
1919 5714 2078 5786 idque

2170 4451 2382 4522 perium
2410 4449 2765 4515 exstinctum,
2797 4449 3546 4522 Babyloniorum_primordia
3583 4463 3612 4502 a
3643 4449 3747 4500 Na-

2172 4517 2476 4593 bonassaro
2522 4531 2830 4593 creperum,
2863 4517 3006 4593 anno
3058 4537 3172 4590 per.
3214 4517 3324 4573 Jul.
3351 4519 3744 4593 3967_centum

2172 4589 2284 4645 fere
2318 4592 2475 4646 annis
2524 4607 2554 4644 a
2601 4589 2896 4646 constituta
2928 4589 3204 4646 Medorum
3235 4589 3588 4654 monarchia;
3625 4605 3748 4656 qna:

2173 4661 2293 4715 iniit
2319 4675 2464 4714 anno
2493 4662 2652 4716 5858.
2689 4661 2860 4715 Porro
2893 4661 3272 4714 Salmanassar
3305 4676 3338 4712 κ
3366 4661 3542 4713 trilms
3571 4661 3746 4728 capti—

2177 4747 2272 4800 ygas
2322 4731 2548 4785 abduxit
2597 4733 2817 4787 circiter
2867 4747 3068 4784 annum
3123 4746 3236 4800 per.
3267 4729 3375 4783 Jul.
3409 4730 3570 4790 5995,
3603 4746 3750 4783 anno

2175 4799 2421 4855 Ezechiae
2452 4819 2526 4855 v1.
2560 4801 2603 4854 Α
2629 4818 2737 4871 quo
2769 4801 2835 4856 ad
2865 4800 3359 4871 Nabopolassarum
3393 4800 3751 4871 Nabuchodw

2177 4871 2364 4925 nosori
2389 4879 2594 4939 patrem
2626 4869 2755 4926 anni
2776 4882 2903 4927 sunt
2920 4869 3290 4926 96(lnteritns
3313 4871 3456 4924 enim
3480 4869 3747 4938 Nabopol.

2175 4943 2429 4995 convenit
2481 4958 2626 4994 anno
2681 4957 2792 5011 per.
2825 4939 2932 4995 Jul.
2967 4942 3134 5003 4089,
3161 4941 3264 4996 sub
3295 4956 3434 5009 quo,
3483 4941 3592 4994 imo
3625 4951 3753 4995 ante

2174 5012 2381 5082 ipsum,
2408 5011 2829 5082 Babyloniorum
2859 5013 3145 5080 imperium
3178 5011 3392 5082 llorere,
3413 5014 3753 5082 excitariqne

2177 5081 2344 5152 coepit
2373 5099 2390 5136 :
2417 5081 2541 5136 cum
2569 5083 2683 5150 jam
2714 5083 3062 5152 Assyriorum
3094 5081 3396 5135 secundum
3443 5081 3575 5135 illud
3608 5082 3753 5134 occi-

2177 5151 2369 5206 disset.
2403 5152 2614 5206 Etenim
2661 5160 2784 5221 post
2810 5152 3162 5206 Assaraddon
3214 5152 3363 5204 nulla
3409 5153 3466 5205 lit
3517 5153 3752 5219 amplius

2179 5221 2747 5292 regnmgAssyriorum
2779 5223 2980 5276 mentio
3011 5241 3023 5276 :
3061 5221 3498 5292 sedigiMerodachi
3531 5221 3622 5274 lilii
3651 5222 3754 5273 Bn-

2182 5293 2340 5362 ladan
2368 5291 2799 5362 Babyloniorum
2825 5293 3110 5361 principis,
3141 5291 3203 5345 IV
3233 5291 3365 5360 Reg.
3397 5292 3590 5356 xx,12,
3609 5306 3753 5344 anno

2181 5361 2428 5417 Ezechiae.
2470 5361 2576 5416 xiv.
2631 5361 2867 5431 Ideoque
2915 5375 3037 5431 post
3089 5362 3375 5416 Merodach
3430 5361 3753 5432 Babylonios

2183 5448 2338 5504 reges
2376 5433 2702 5486 crediderim
2747 5434 2816 5487 ab
2868 5434 3216 5504 Assyriorum
3262 5432 3542 5486 dominatu
3596 5448 3654 5485 se
3701 5433 3754 5484 in

2182 5502 2488 5556 libertatem
2523 5504 2847 5558 asseruisse.

2254 5574 2364 5642 (65)
2413 5574 2556 5638 Τούς
2587 5591 2650 5627 τε
2678 5574 3007 5639 Χουθαίους
3033 5573 3465 5642 καλουμένους.
3509 5570 3756 5642 Quatuor

2187 5640 2354 5697 hosce
2385 5645 2618 5713 populos
2648 5645 2806 5712 longe
2837 5645 2994 5697 aliter
3021 5640 3304 5712 Scriptura
3337 5643 3575 5711 concipit
3604 5662 3615 5695 :
3649 5640 3756 5694 Ad-

2185 5715 2359 5780 duxit,
2392 5715 2586 5785 inquit,
2619 5730 2708 5771 rex
2742 5715 3080 5786 Assyriorum
3107 5717 3241 5769 viros
3279 5714 3342 5767 de
3377 5713 3669 5782 Babylone,
3709 5722 3757 5770 ει
