4204 6370
401 315 501 370 221

1081 311 1453 371 ADVERSUS
1487 312 1829 372 IIERESES
1866 318 1967 374 Llll

2069 363 2080 376 .
2127 322 2288 381 TOM.
2331 326 2372 382 I.
2409 357 2484 372 —
2519 329 2798 390 HJERES.
2841 330 2974 391 VIII.

3546 340 3660 397 222

401 431 493 484 καὶ
525 427 842 493 Κουδαίους,
873 427 1350 502 Σεπφαρουραίους
1371 432 1465 485 καὶ
1490 433 1967 502 ’Λναγωγαναίους

2082 440 2514 514 Anagoganzeos.
2549 448 2796 513 Quicum
2824 449 3132 505 simulacris
3163 451 3278 508 suis
3322 467 3387 508 eo
3422 455 3656 524 profecti

397 522 468 578 Οτ
488 538 653 584 τινες,
686 520 802 592 ἅμα
833 524 945 585 τοῖς
971 521 1151 576 αὐτῶν
1187 523 1426 588 εἰδώλοις
1456 525 1776 590 ἀναϐάντες,
1801 526 1978 598 κατῴ-

397 631 527 667 κουν
557 613 620 668 τὸ
646 613 949 684 τηνικαῦτα
991 614 1090 685 τὴν
1132 615 1465 686 Σαμαρείαν,
1501 620 1703 688 ταύτην
1733 619 1980 685 ἐπιλεξά-

397 707 798 776 μενοιοὲαυτοίς
830 705 928 776 τὴν
958 705 1082 776 γῆν,
1105 706 1191 760 διὰ
1219 707 1280 759 τὸ
1315 703 1454 761 εἶναι
1488 708 1648 762 πίονά
1670 727 1729 763 τε
1759 711 1848 764 καὶ
1883 728 1975 780 γον

395 797 730 868 νιμωτάτην.
765 797 956 870 Χρόνῳ
981 798 1038 850 δὲ
1066 792 1210 850 οὗτοι
1243 799 1348 851 ὑπὸ
1377 799 1488 853 τῶν
1516 799 1722 872 θηρίων
1746 802 1976 856 διασπα-

400 890 740 959 ραττόμενοι,
771 888 997 942 λεόντων
1023 889 1080 942 δὲ
1113 890 1206 943 καὶ
1236 890 1574 957 παρδάλεων,
1607 893 1699 945 καὶ
1735 893 1976 964 ἄρκτων,

403 984 492 1038 καὶ
519 983 627 1036 τῶν
671 982 845 1036 ἄλλων
887 983 1138 1052 πονηρῶν
1181 983 1406 1056 θηρίων,
1446 985 1864 1040 ἀποστέλλουσιν
1896 989 1975 1052 είς

401 1075 712 1138 Βαϐυλῶνα,
748 1075 1210 1146 παρακαλοῦντες,
1245 1076 1340 1130 καὶ
1373 1076 1645 1148 ὑπερϐολῇ
1682 1077 1978 1148 θαυμάζον-

405 1182 486 1227 τες
551 1165 648 1233 τὴν
702 1163 810 1217 τῶν
869 1165 1310 1234 κατοικησάντων
1364 1164 1427 1218 τὸ
1499 1166 1629 1238 πρὶν
1683 1168 1974 1235 ὲγκάθετον

401 1255 692 1326 διαγωγὴν,
719 1255 835 1318 πῶς
865 1255 1126 1324 ἠδύναντο
1157 1256 1457 1326 ἀποστῆναι
1502 1258 1602 1328 τὴν
1635 1258 1741 1311 τῶν
1772 1258 1975 1329 Θηρίων

399 1347 652 1417 ἁρπαγήν
678 1363 736 1400 τε
765 1348 859 1399 καὶ
892 1346 1034 1417 βίαν.
1077 1347 1136 1400 '0
1164 1347 1220 1400 δὲ
1248 1346 1519 1416 βασιλεὺς,
1554 1351 1976 1422 μεταστειλάμε-

401 1458 484 1503 νος
515 1443 640 1503 τοὺς
669 1439 1093 1512 πρεσϐυτέρους,
1121 1441 1286 1512 ᾔρετο
1325 1442 1426 1512 τὴν
1470 1443 1654 1506 αὐτοῖς
1681 1444 1975 1516 γενομένην

398 1533 616 1605 ἀγωγὴν
640 1533 740 1602 τῆς
768 1536 826 1586 ὲν
851 1536 917 1603 τῇ
942 1533 1172 1606 Ἰουδαίᾳ
1200 1533 1488 1600 καθέξεως,
1519 1535 1634 1598 πῶς
1666 1553 1725 1588 τε
1765 1535 1974 1589 διελάν-

397 1625 554 1678 θανον
587 1624 685 1694 τὴν
714 1626 822 1678 τῶν
862 1625 1063 1696 Θηρίων
1101 1626 1375 1698 ἁρπαγὴν,
1416 1626 1684 1696 τοσαύτης
1721 1628 1973 1698 θηριοϐο-

396 1717 512 1779 Αἶας
549 1717 644 1768 καὶ
666 1715 843 1786 λύμης
884 1715 1025 1767 κατά
1067 1715 1164 1785 τὴν
1204 1715 1310 1785 γῆν
1354 1716 1566 1785 ἐκείνην
1600 1717 1967 1788 ὑπαρχούσης.

2082 535 2268 589 sedem
2302 537 2356 590 in
2394 535 2643 593 Samaria
2672 541 3035 594 constituunt.
3089 540 3240 596 Hanc
3289 545 3455 606 enim,
3508 545 3654 614 quod

2083 628 2391 699 prmpingui
2433 631 2587 700 gleba
2653 633 2936 704 lertilique
2961 635 3122 698 foret,
3174 635 3241 688 ad
3298 635 3652 690 habitandum

2080 719 2351 789 deligunt.
2390 719 2590 777 Verum
2620 724 2900 794 aliquanto
2958 735 3146 795 postea
3187 734 3431 796 tempore
3457 742 3487 780 a
3524 728 3658 783 feris

2081 811 2291 873 laniati,
2324 815 2575 870 leonibus
2603 815 2877 882 videlicet,
2909 818 3095 888 pardis
3144 825 3199 873 et
3227 820 3390 883 ursis,
3424 819 3656 889 aliisque

2080 905 2403 962 crudelibus
2428 907 2622 962 bestiis
2653 909 3093 973 incursantibus,
3154 909 3361 979 legatos
3393 909 3446 963 in
3478 910 3656 980 Baby-

2082 994 2262 1049 Ionem
2291 1012 2415 1050 cum
2466 999 2722 1068 precibus
2749 999 3007 1065 mittunt;
3049 1000 3402 1054 vehementer
3430 1016 3525 1056 eos
3552 1002 3653 1054 ad-

2081 1087 2286 1151 mirati,
2314 1089 2408 1158 qui
2443 1089 2570 1144 istic
2595 1098 2720 1144 ante
2750 1106 2808 1146 se
2837 1090 3178 1145 domicilium
3227 1090 3652 1153 collocaveram,

2081 1181 2173 1248 qui
2209 1180 2426 1234 tandem
2488 1196 2517 1234 a
2560 1179 2799 1236 ferarum
2845 1184 2897 1236 vi
2939 1190 2992 1237 et
3040 1182 3379 1236 immanitate
3435 1198 3661 1237 servare

2082 1288 2204 1326 sese
2229 1274 2559 1342 potuissent.
2613 1275 2828 1340 Quibus
2885 1274 3089 1329 auditis
3119 1290 3214 1329 rex
3254 1275 3536 1329 accersitis
3565 1291 3654 1328 se-

2079 1364 2332 1419 nioribus
2391 1366 2714 1436 interrogat,
2747 1382 2998 1436 quamam
3047 1366 3155 1422 illis
3189 1368 3246 1421 in
3307 1364 3493 1420 Iudaea
3531 1369 3658 1420 vitae

2081 1455 2252 1520 ratio;
2287 1465 2399 1509 tum
2427 1457 2702 1528 quomodo
2729 1457 2785 1511 in
2813 1466 2962 1510 tanta
2988 1456 3290 1512 bestiarum
3315 1457 3654 1520 incursione,

2077 1547 2357 1616 tantisque
2412 1547 2652 1618 regionis
2705 1549 3072 1604 incommodis
3120 1548 3335 1602 illarum
3391 1549 3655 1602 laniatum

2078 1651 2142 1690 ac
2178 1636 2444 1692 feritatem
2481 1637 2819 1710 effugissent.
2855 1638 2936 1692 Illi
2980 1639 3311 1694 constitutas
3341 1653 3368 1691 a
3411 1637 3519 1693 Deo
3549 1639 3655 1692 sibi

2081 1728 2228 1798 leges
2257 1729 2662 1794 demonstrant,
2698 1731 3106 1801 prudenterque
3139 1730 3285 1800 quod
3318 1741 3434 1784 erat
3455 1731 3653 1784 rationi

395 1810 456 1859 υἱ
485 1808 540 1860 δὲ
571 1807 669 1877 τὴν
691 1806 785 1858 τοῦ
832 1805 968 1858 Θεοῦ
1006 1805 1326 1875 νομοθεσίαν
1372 1804 1519 1875 αὐτῷ
1557 1806 1842 1870 ἐδείκνυον,
1881 1807 1967 1859 καὶ

2079 1831 2510 1876 consentaneum
2544 1823 2855 1894 significant
2888 1840 2900 1874 :
2935 1825 3141 1877 nullam
3193 1823 3264 1878 iis
3305 1824 3360 1876 in
3395 1824 3530 1876 locis
3555 1837 3657 1876 na-

396 1900 534 1970 μετά
559 1899 824 1961 συνέσεως
856 1896 1005 1968 αύτῷ
1033 1897 1417 1952 ἀπεκάλυπτον
1443 1897 1542 1969 τῆς
1577 1899 1799 1968 εὐλόγου
1831 1900 1973 1968 γνώ-

396 2009 504 2062 μης
557 1989 626 2044 τὰ
673 1989 906 2059 καθεξῆς
966 1989 983 2019 ⁸
1035 1990 1331 2060 φήσασθαι.
1403 1989 1496 2061 Μὴ
1563 1990 1820 2044 δύνασθαι
1866 1991 1974 2060 γὰρ

393 2084 571 2134 ἐκεῖσε
617 2081 766 2144 ἔθνος
804 2079 1148 2144 καθέζεσθαι,
1185 2081 1233 2132 εί
1269 2081 1343 2150 μή
1382 2098 1436 2134 τι
1465 2082 1530 2135 ἂν
1561 2082 1650 2134 τὸν
1679 2083 1844 2153 νόμον
1880 2083 1972 2136 τοῦ

392 2173 528 2228 Θεοῦ
553 2173 648 2226 τοῦ
682 2173 913 2244 ούρανοῦ
952 2174 1042 2226 τὸν
1087 2173 1174 2226 διὰ
1209 2173 1484 2239 Μωῦσέως
1521 2174 1744 2228 δοθέντα
1788 2178 1971 2229 ἐπιτε-

392 2266 626 2319 λέσαιεν.
667 2261 821 2318 Εἶναι
850 2265 960 2336 γάρ
985 2265 1078 2318 τὸν
1119 2263 1254 2318 Θεὸν
1285 2265 1376 2318 τὸν
1406 2266 1842 2338 ὑπερασπίζοντα
1875 2270 1972 2340 τῆς

391 2357 525 2426 γῆς.
577 2356 652 2426 μὴ
706 2355 991 2426 βούλεσθαι
1045 2356 1103 2409 δὲ
1147 2356 1490 2427 παραϐάσεις
1545 2359 1602 2411 ἐν
1651 2359 1790 2430 αὐτῇ
1843 2362 1970 2431 παρ,

391 2447 560 2502 ἐθνῶν
605 2447 918 2514 ἀλλοφύλων
958 2446 1204 2514 γίνεσθαι
1251 2449 1691 2520 εἰδωλολατρείας
1723 2452 1816 2503 καὶ
1860 2451 1970 2505 τῶν

390 2540 586 2594 ἄλλων.
635 2538 693 2592 Ὀ
721 2539 778 2591 δὲ
809 2539 1221 2609 ἐπιμελόμενος,
1270 2540 1364 2594 καὶ
1406 2539 1720 2609 πειθόμενος
1751 2544 1817 2612 τῇ
1862 2543 1972 2596 τῶν

387 2630 821 2694 ἀναδιδαξάντων
843 2627 1186 2702 ἀληθεστάτῃ
1215 2628 1500 2700 ἑρμηνείᾳ,
1520 2629 1848 2700 ἀντίγραφον
1875 2629 1970 2682 τοῦ

387 2720 555 2790 νόμου
586 2719 807 2789 ᾔτησεν.
833 2719 896 2770 Οἱ
941 2718 1020 2782 δὲ,
1065 2717 1315 2786 ἀφθόνως
1362 2717 1656 2782 δεδωκότες
1701 2718 1837 2789 μετὰ
1877 2721 1965 2774 καὶ

385 2812 482 2866 τοῦ
530 2814 731 2883 νόμου,
759 2811 992 2882 Ἔσδραν
1039 2812 1162 2865 τινά
1205 2811 1356 2883 ἱερέα
1412 2811 1526 2882 (64)
1581 2813 1971 2867 ἀποστέλλουσι

385 2904 680 2975 παιδευτὴν
701 2902 797 2955 τοῦ»
840 2903 1006 2972 νόμου
1058 2901 1165 2955 ἀπὸ
1203 2901 1539 2966 Βαϐυλῶνος,
1578 2904 1714 2974 πρὸς
1748 2905 1809 2957 τὸ
1846 2922 1972 2957 παι-

385 2993 571 3053 δεῦσαι
623 2997 750 3058 τοὺς
794 2998 852 3048 ὲν
893 2997 958 3066 τῇ
1017 2995 1300 3066 Σαμαρείᾳ
1366 2993 1728 3058 καθεσθέντας
1779 2997 1970 3050 Ἀσσυ-

2078 1911 2281 1966 tionem
2309 1927 2473 1982 posse
2496 1914 2827 1978 consistere,
2861 1915 2967 1969 nisi
3008 1913 3275 1968 divinitus
3311 1914 3532 1968 traditis
3561 1929 3657 1982 per

2078 2001 2300 2072 Moysen
2329 2004 2539 2074 legibus
2582 1997 3010 2074 obtemperaret,
3046 2003 3214 2058 Deum
3263 2004 3465 2074 quippe
3495 2013 3662 2058 terrae

2076 2095 2388 2164 praesidem,
2417 2111 2480 2149 ac
2504 2103 2875 2166 protectorem
2899 2111 3022 2150 esse
3045 2114 3059 2160 ;
3092 2096 3428 2164 minimeque
3451 2093 3561 2163 pati
3587 2093 3656 2147 ab

2074 2183 2322 2238 externis
2351 2185 2570 2254 populis
2599 2200 2693 2254 per
2739 2183 3163 2240 simulacrorum
3217 2184 3450 2244 cultum,
3486 2181 3624 2235 alias
3653 2219 3657 2221 -

2077 2292 2183 2346 que
2205 2279 2627 2347 superstitiones
2656 2276 2956 2347 quidquam
3009 2278 3124 2332 illic
3153 2285 3346 2330 contra
3401 2274 3652 2328 instituta

2076 2370 2365 2424 committi.
2401 2368 2532 2436 Qua:
2557 2370 2743 2424 omnia
2768 2369 3278 2425 Nabuchodonosor
3327 2366 3653 2438 negligenda

2075 2462 2300 2515 minime
2327 2471 2502 2526 ratus,
2527 2461 2758 2516 sincera:
2797 2461 3018 2515 illorum
3069 2461 3307 2514 orationi
3343 2457 3500 2513 fidem
3561 2472 3654 2510 ac-

2075 2551 2452 2615 commodans,
2487 2552 2619 2620 legis
2641 2551 2950 2620 exemplum
3000 2551 3275 2620 poposcit.
3321 2549 3427 2620 23
3481 2548 3656 2615 Cujus

2075 2655 2199 2693 cum
2233 2639 2309 2692 illi
2341 2641 2556 2710 c0piam
2597 2639 2813 2694 abunde
2861 2640 3146 2702 fecissent,
3181 2638 3410 2691 I‘Isdram
3463 2653 3654 2706 quent-

2075 2730 2201 2784 dam
2261 2731 2603 2785 sacerdotem
2686 2730 2960 2803 Legisque
3028 2731 3312 2785 doctorem
3379 2729 3654 2800 Babylone

2076 2839 2198 2876 cum
2240 2823 2332 2876 illa
2372 2824 2487 2893 ipsa
2520 2825 2636 2894 lege
2687 2824 2988 2887 destinant,
3021 2831 3080 2875 ut
3115 2821 3374 2892 Assyrios
3425 2820 3519 2890 qui
3553 2818 3653 2872 Sa-

2075 2917 2304 2970 mariam
2339 2916 2672 2980 incolebant,
2721 2917 2826 2971 hoc
2870 2925 2957 2970 est
3007 2915 3348 2977 Cbuttltaeos,
3408 2913 3652 2980 aliosque

2078 3025 2244 3080 supra
2295 3015 2753 3063 commemoratos
2803 3008 3058 3078 populos,
3112 3005 3365 3060 ltlosaicis
3411 3003 3654 3058 decretis

387 3089 558 3159 ρίους,
596 3089 723 3150 τοὺς
751 3086 1258 3158 προδεδηλωμένους
1299 3085 1569 3150 Χυθαίους
1617 3089 1711 3144 καὶ
1757 3088 1967 3154 ἄλλους,

2079 3101 2410 3156 imbuerent.
2441 3100 2657 3154 Accidit
2688 3100 2792 3154 hoc
2811 3098 3093 3153 tricesimo
3121 3098 3243 3167 plus
3268 3096 3452 3148 minus
3482 3110 3652 3158 anno,

383 3180 477 3232 τὸν
531 3180 693 3248 νόμον
746 3180 835 3230 τὸν
877 3179 1174 3240 Μωῦσέως.
1225 3178 1436 3232 Γίνεται
1491 3179 1547 3230 δὲ
1599 3179 1757 3232 τοῦτο
1797 3182 1856 3232 ὲν
1891 3179 1970 3251 τῷ

382 3268 692 3341 τριακοστῷ
721 3269 830 3321 ἔτει
865 3269 1036 3322 πλείω
1064 3269 1096 3339 ἢ
1129 3269 1341 3322 ἐλάσσω
1369 3270 1468 3338 τῆς
1501 3268 1593 3322 τοῦ
1631 3271 1844 3344 Ἰσραὴλ
1877 3274 1970 3325 καὶ¹

395 3363 748 3435 Ἰερουσαλὴμ
777 3361 1174 3432 αἰχμαλωσίας.
1210 3363 1494 3416 Ἐπαίδευε
1523 3363 1702 3417 τοίνυν
1736 3365 1969 3437 Ἔσδρας

384 3455 478 3509 καὶ
505 3455 555 3506 οἱ
592 3452 706 3523 μετ’
738 3451 902 3506 αὑτοῦ
935 3452 994 3505 τὸ
1020 3451 1176 3520 γένος
1219 3452 1280 3505 τὸ
1331 3453 1389 3506 ὲν
1425 3454 1490 3522 τῇ
1530 3453 1832 3527 Σαμαρείᾳ,
1875 3455 1970 3508 καὶ

383 3546 688 3617 ἐκλήθησαν
717 3547 1054 3616 Σαμαρεῖται
1103 3546 1154 3596 οἱ
1195 3545 1286 3597 τὸν
1328 3545 1492 3614 νόμον
1519 3545 1609 3598 διὰ
1637 3547 1729 3600 τοῦ
1763 3549 1968 3620 Ἔσδρα

381 3637 475 3692 τοῦ
503 3637 611 3691 ἀπὺ
639 3635 954 3700 Βαϐυλῶνος
994 3638 1219 3706 ἥκοντος
1248 3637 1642 3708 διαδεξάμενοι.
1681 3639 1872 3710 Διῆλθε
1911 3639 1966 3694 δὲ

381 3732 571 3803 χρόνος
596 3731 734 3782 ἐτῶν
759 3731 1168 3801 τεσσαράκοντα
1196 3730 1394 3794 ἀλλων,
1424 3732 1519 3784 καὶ
1559 3733 1592 3800 ἡ
1621 3732 1966 3802 αἰχμαλωσία

380 3823 592 3893 ἀνείθη.
621 3823 730 3876 Καὶ
766 3822 994 3892 ἀνῆλθεν
1037 3822 1254 3893 Ἰσραὴλ
1283 3823 1390 3875 ἀπὸ
1421 3823 1519 3894 τῆς
1552 3824 1890 3888 Βαϐυλῶνος.

453 3917 530 3972 6'.
579 3915 814 3985 Ἐπέστη
871 3915 932 3967 δὲ
989 3914 1310 3984 θαυμάζειν,
1367 3915 1483 3979 πῶς
1533 3916 1846 3987 συμϐέϐηκε
1896 3918 1964 3972 τὰ

378 4007 623 4076 τέσσαρα
667 4005 792 4076 ἔθνη
849 4006 944 4058 καὶ
983 4005 1256 4076 τέσσαρας
1305 4006 1544 4076 αἱρέσεις
1588 4009 1645 4060 ὲν
1688 4008 1836 4078 αύτῷ
1886 4009 1963 4081 τῷ

379 4097 524 4150 ἔθνει
571 4097 856 4166 γενέσθαιο
895 4098 1038 4166 φημὶ
1091 4096 1148 4148 δὲ
1197 4096 1412 4166 πρῶτον
1451 4097 1743 4168 Ἐσσηνῶν,
1777 4099 1964 4152 δεύτε-

381 4203 476 4260 ρον
523 4187 827 4259 Γορθηνῶν,
874 4186 1056 4258 τρίτον
1107 4186 1449 4246 Σεϐουαίων,
1510 4187 1764 4260 τέταρτον
1817 4192 1965 4242 Δοσι-

379 4278 538 4334 θέων.
582 4281 859 4333 Ἐντεῦθεν
893 4281 1038 4351 ἀρχή
1085 4297 1173 4352 μοι
1203 4280 1408 4348 γίνεται
1443 4281 1543 4352 τῆς
1569 4283 1662 4334 τού
1695 4284 1964 4352 ἐπαγγέλ-

381 4389 550 4440 ματος
584 4373 725 4426 κατά
766 4373 1032 4443 αἱρέσεων
1085 4373 1486 4442 πραγματείας,
1519 4375 1613 4426 καὶ
1663 4375 1722 4427 τὸ
1765 4378 1954 4442 αἴτιον,

375 4466 525 4526 ὅπως
560 4465 580 4493 ¹
608 4463 960 4530 διασαφήσων
993 4463 1049 4513 ἐν
1081 4462 1271 4532 βραχεῖ
1300 4461 1430 4532 ἐρῶ.
1455 4463 1496 4513 Τ
1504 4464 1518 4514 ί
1548 4463 1604 4515 δέ
1635 4466 1781 4518 ἐστιν
1807 4465 1952 4529 ἄλλο,

376 4558 411 4630 ἢ
447 4559 528 4610 ὅτι
560 4556 666 4608 ἀπὸ
694 4555 791 4624 τῆς
812 4553 920 4606 τῶν
949 4553 1209 4620 γλωσσῶν
1240 4553 1542 4624 πολυφόρου
1571 4556 1956 4627 ἀλλοιοςρωνίας

376 4649 542 4718 φυλαὶ
568 4646 854 4716 γεγόνασι;
896 4645 1054 4698 Κατὰ
1085 4644 1141 4697 δὲ
1166 4646 1398 4716 ἑκάστην
1428 4646 1599 4716 φυλήν
1627 4666 1683 4700 τε
1713 4651 1805 4702 καὶ
1846 4669 1952 4704 πα-

487 4809 501 4838 ‘
540 4805 702 4861 Forte
726 4809 1015 4877 φήσαντες.
1090 4807 1110 4836 ⁸
1131 4804 1295 4864 Forte
1326 4807 1662 4878 διασαφήσω.

372 4951 437 5002 de
472 4947 666 5017 Caliga,
696 4959 743 5000 et
781 4947 844 4999 de
882 4945 1057 5009 Hava,
1081 4957 1130 5000 et
1168 4946 1232 5000 de
1270 4945 1479 5011 Emath,
1519 4959 1569 5001 et
1610 4949 1672 5002 de
1719 4949 1950 5017 Sephar—

375 5020 534 5072 raim.
586 5015 772 5070 Grazce
811 5017 885 5070 ita
920 5035 934 5071 :
966 5018 1075 5070 Kal.
1122 5019 1186 5069 ὲκ
1217 5017 1386 5078 Χυθά,
1444 5019 1540 5071 καὶ
1594 5019 1703 5072 ἀπὸ
1731 5015 1948 5086 ’Ᾱουάν,

373 5090 469 5142 καὶ
489 5087 597 5140 ἀπὸ
619 5087 944 5158 Αίμὰθηκαὶ
964 5087 1070 5140 ἀπὸ
1095 5087 1508 5158 Σεμφαρουαίμ.
1535 5086 1692 5154 Quod
1718 5091 1782 5144 ad
1805 5089 1952 5144 Chu-

371 5161 546 5211 thaaos
576 5159 791 5227 attinet,
826 5156 1118 5227 Iosephus,
1160 5157 1256 5211 lib.
1290 5156 1674 5225 ιιἈρχαιολη
1709 5175 1762 5215 c.
1797 5160 1884 5222 M,
1913 5176 1944 5214 a

372 5227 589 5284 Chutlia
640 5225 885 5283 Persidis
931 5225 1171 5296 rEfgione,
1203 5235 1257 5280 et
1286 5229 1612 5294 cognomine
1645 5228 1812 5283 fluvio
1840 5246 1945 5283 no-

374 5301 612 5352 ininatos
657 5296 908 5350 aﬂirmat.
938 5295 1074 5351 Vide
1115 5297 1286 5350 Eliam
1321 5296 1646 5363 Tltisbitem,
1680 5301 1946 5354 vocabulo

370 5379 492 5437 mn.
525 5367 608 5421 Ab
640 5367 708 5422 iis
740 5367 900 5432 nihil,
929 5369 1143 5437 opinor,
1178 5367 1493 5437 discrepant
1518 5369 1793 5432 Κουδαῖοι,
1824 5365 1950 5424 lidet

371 5436 715 5508 Epiphanius
737 5436 1020 5504 secernat;
1041 5438 1150 5508 nisi
1176 5437 1300 5507 quis
1321 5436 1656 5507 Αίμαθαίους
1679 5441 1798 5507 ejus
1827 5440 1948 5495 loco

371 5507 748 5577 reponendum
775 5517 1017 5563 censeat.
1039 5507 1174 5560 Nam
1212 5522 1309 5574 pro
1338 5509 1807 5577 ’Λναγωγαναίους
1837 5508 1950 5562 for-

372 5576 519 5633 tasse
537 5577 889 5640 Ἀουαναίους
912 5579 1106 5631 melius
1129 5578 1250 5640 erit,
1269 5592 1362 5646 pra
1388 5576 1630 5645 “avaris;
1657 5595 1782 5633 eum
1807 5578 1947 5632 LXX

387 5648 578 5701 Ἀουάν
627 5648 892 5701 scribant.
937 5650 1006 5700 At
1055 5647 1296 5716 Scaliger
1345 5648 1634 5716 Ἀνάγνους
1687 5651 1949 5713 Γαναίους

373 5718 480 5787 leg.
515 5717 810 5784 ariolatur;
843 5717 970 5786 quia
1003 5726 1123 5777 mu
1156 5726 1284 5772 sunt
1307 5719 1546 5786 ἄναγνοι,
1577 5718 1804 5773 obsceni.
1836 5719 1942 5774 Ve-

374 5805 504 5851 rtun
546 5787 828 5847 nationum
879 5788 966 5845 hic
999 5792 1250 5852 nomina,
1283 5805 1390 5843 non
1423 5805 1655 5856 morum,
1689 5805 1750 5846 ac
1784 5789 1942 5846 vitio-

2073 3207 2236 3261 quam
2293 3189 2464 3245 Judaei
2519 3207 2583 3245 ex
2608 3188 2807 3246 lsraele
2835 3205 2900 3243 ac
2948 3187 3344 3259 Hierosolymis
3377 3186 3656 3256 deportati.

2074 3283 2327 3337 fuissent.
2360 3284 2530 3354 Igitur
2554 3281 2781 3348 Esdras,
2808 3292 2863 3336 et
2881 3281 2973 3350 qui
2999 3297 3122 3336 cum
3150 3297 3216 3334 eo
3240 3280 3467 3349 profecti
3495 3286 3648 3342 sunt,

2075 3374 2433 3430 Samaritana:
2487 3376 2728 3448 regionis
2785 3374 2999 3429 incolas
3067 3373 3361 3439 erudiunt;
3416 3371 3650 3440 indeque

2073 3467 2358 3523 Samaritae
2388 3467 2546 3534 dicti,
2576 3469 2668 3538 qui
2698 3469 2766 3523 ab
2799 3469 2994 3531 Esdra,
3027 3481 3188 3537 quem
3225 3481 3319 3520 rex
3371 3463 3649 3534 Babylone

2068 3561 2315 3622 miserat,
2350 3559 2520 3629 legem
2551 3571 2904 3628 acceperunt.
2937 3557 3068 3612 Post
3097 3557 3207 3610 haec
3235 3556 3358 3610 aliis
3391 3571 3457 3608 ιι.
3485 3555 3648 3610 annis

2053 3651 2272 3721 elapsis
2322 3651 2592 3705 dissoluta
2641 3651 2964 3722 captivitate
3007 3649 3266 3705 lsraelitte
3315 3649 3369 3702 in
3412 3647 3652 3717 patriam

2066 3743 2270 3798 reversi
2307 3752 2456 3798 sunt.

2136 3915 2226 3970 IX.
2262 3915 2402 3970 Illud
2437 3930 2566 3970 vero
2589 3915 2958 3970 admiratione
2987 3915 3119 3970 mihi
3149 3915 3373 3985 dignum
3402 3911 3641 3976 videtur,

2063 4001 2526 4075 quemadmodum
2578 4021 2678 4075 pro
2727 4021 2780 4060 IV
2831 4005 3047 4058 illarum
3097 4004 3338 4073 gentium
3385 4015 3639 4065 numero,

2065 4097 2290 4152 totidem
2321 4098 2378 4152 in
2407 4113 2473 4152 eo
2494 4098 2696 4167 populo
2735 4104 2901 4152 sectae
2934 4095 3229 4150 coluerint.
3255 4094 3498 4160 Quarum
3528 4092 3644 4161 pri-

2064 4205 2151 4245 ma
2187 4197 2268 4243 est
2295 4189 2660 4253 Essenorum;
2703 4205 2766 4252 ιι,
2800 4186 3236 4248 Gorthenorum;
3267 4201 3351 4248 ιιι,
3391 4183 3642 4238 Sebuaeo-

2063 4297 2216 4348 rum;
2237 4298 2309 4342 ιν,
2329 4281 2734 4337 Dositheorum.
2754 4279 2869 4333 lIoc
2898 4278 3001 4334 erit
3025 4277 3459 4348 propositinobis
3481 4291 3642 4345 argu-

2066 4376 2255 4438 menti,
2273 4375 2622 4444 susceptique
2635 4375 2899 4428 adversus
2927 4373 3162 4426 haereses
3181 4373 3363 4440 operis
3381 4369 3594 4448 initium
3623 4383 3637 4419 :

2061 4483 2126 4520 ac
2161 4468 2393 4536 primttm
2425 4466 2807 4536 multiplicium
2840 4467 3058 4519 illorum
3083 4480 3334 4520 errorum
3371 4463 3640 4533 originem

2064 4560 2276 4630 paucis,
2332 4560 2426 4614 sed
2484 4560 2774 4629 perspicue
2826 4558 3140 4614 declarabo.
3194 4555 3453 4622 Quamam
3511 4571 3642 4608 vero

2065 4651 2284 4705 tandem
2312 4651 2420 4707 alia
2475 4666 2598 4706 esse
2633 4659 2837 4720 potest,
2889 4651 2996 4707 nisi
3036 4649 3183 4719 quod
3229 4649 3539 4718 linguarum
3571 4660 3640 4698 ex

2055 4964 2184 5038 run:
2195 4948 2965 5038 propriahcommemoranltur.

2131 5013 2246 5086 (ϐλ)
2290 5013 2550 5084 ’Ἔσδραν
2581 5016 2714 5070 τινὰ
2745 5016 2922 5086 ἱερέα.
2969 5013 3452 5086 MITIIICEI_I‘8TI1ID_,
3491 5016 3632 5086 tem-

2097 5079 2362 5159 orumque
2393 5079 3021 5159 perturbatio._Esdram
3041 5082 3250 5159 asserit
3285 5095 3315 5132 a
3341 5079 3632 5159 Nabucho-

2097 5106 2362 5159 orumque
2393 5106 2751 5156 perturbatio.
2794 5106 3021 5138 usuram
3051 5106 3250 5138 asserit.
3285 5106 3315 5132 ει
3341 5106 3632 5132 uauucuu-

2052 5106 2324 5214 gouosore
2349 5158 2601 5228 missum,
2631 5157 2726 5225 qui
2753 5152 3338 5228 Samariaajnquilinos
3365 5148 3539 5228 Mosis
3559 5150 3633 5228 le-

2055 5245 2175 5300 gem
2211 5231 2456 5300 doceret,
2492 5222 2664 5300 idque'
2701 5241 2844 5300 anno
2879 5241 2993 5300 xxx‘
3017 5222 3359 5300 Babylonica:
3401 5222 3632 5300 captivi-

2057 5289 2189 5354 tatis
2217 5299 2509 5354 accidisse.
2541 5289 2660 5348 Non
2692 5295 2907 5348 videtur
2946 5289 3175 5347 alterum
3201 5289 3429 5344 Esdram
3461 5289 3530 5341 ab
3561 5304 3634 5342 eo

2055 5369 2410 5428 intellexisse.
2441 5366 2535 5436 qui
2573 5364 2806 5420 llecalite
2831 5364 2978 5436 filius
3011 5363 3145 5436 legis
3178 5360 3357 5415 scriba
3401 5358 3629 5436 dicitur.

2057 5438 2164 5494 Sed
2195 5440 2361 5493 alium
2390 5427 2592 5500 tamen,
2613 5437 2660 5490 si
2692 5451 2879 5489 verum
2909 5434 3039 5486 illud
3060 5427 3164 5494 est,
3189 5427 3629 5500 oportetfuisse.

2056 5508 2175 5563 Non
2224 5509 2465 5562 melioris
2498 5497 2588 5577 est
2618 5513 2779 5569 notae,
2826 5504 2971 5573 quod
2992 5497 3510 5577 Israeliticamhltoc
3537 5505 3634 5552 est

2057 5597 2090 5634 χ
2117 5579 2354 5633 tribuum
2384 5567 2773 5644 captivitatem,
2802 5567 2924 5628 cum
2956 5574 3124 5628 altera
3149 5567 3463 5644 confundit2
3501 5582 3631 5637 qua

2056 5650 2160 5704 sub
2205 5637 2597 5702 Nabuchodou.
2630 5645 2875 5714 contigit.
2903 5644 3042 5709 Quid
3073 5641 3220 5697 enim
3249 5637 3393 5714 aliud
3440 5638 3628 5692 facere

2051 5719 2256 5790 potuit;
2309 5717 2400 5790 qui
2443 5709 2840 5790 Nabuchodon.
2870 5714 3120 5772 eumdem
3146 5727 3270 5768 cum
3302 5709 3628 5766 Salutantes.-

2051 5786 2177 5845 ἐστο
2206 5787 2561 5844 constituerat
2577 5786 2599 5841 ?.
