4204 6370
513 264 614 320 223

1931 267 1988 322 S.
2031 266 2377 324 EPIPHANII

3679 264 3790 320 2'24

514 383 606 435 illa
631 387 898 439 varietate
923 383 1209 439 nationum
1230 397 1361 441 sunt
1385 385 1527 441 facta
1557 387 1833 443 dissldia?
1862 388 2099 461 Singula:

2203 392 2490 462 τριαρχίαν
2512 389 2638 460 ἔθνη
2660 390 2893 459 διάφορα
2923 389 3176 460 προέστη.
3213 391 3325 442 Πάν
3358 389 3414 442 δὲ
3446 389 3594 452 ἔθνος
3615 388 3794 458 ἑαυτῷ

515 490 679 544 porro
710 477 965 531 nationes
1000 492 1065 531 ac
1097 478 1318 532 familia.-
1351 479 1532 534 varias
1574 480 1626 532 in
1660 490 1853 550 gentes
1901 498 2101 552 propa-

514 574 652 633 gata:
683 574 850 634 sunt;
879 582 1116 635 quarum
1148 583 1489 638 unaqumque
1509 570 1770 640 deinceps
1801 587 1962 625 suum
1996 573 2100 628 sibi

516 672 698 728 regem
755 659 1069 714 constituit.
1101 658 1178 714 Ex
1223 677 1334 730 quo
1374 661 1518 714 bella
1565 661 1986 732 discordia'que,
2038 679 2102 718 ac

515 751 762 819 gentium
790 753 934 806 inter
963 768 1022 806 se
1059 752 1348 807 conﬂictus
1370 753 1546 807 exorti
1578 769 1590 803 :
1623 768 1747 807 cum
1782 753 1836 808 id
1868 755 2104 825 quisque

518 843 666 910 quod
691 843 946 898 libuisset
1002 844 1255 898 obtinere
1302 854 1550 914 cuperet,
1599 852 1654 898 et
1695 862 1817 915 qua:
1867 848 2099 902 aliorum

517 942 677 987 erant
725 935 792 987 ad
841 951 962 989 sese
1015 935 1378 1006 pertraheret,
1418 935 1468 990 id
1495 937 1642 1006 quod
1679 939 1748 992 ab
1797 937 2098 994 insatiabili

516 1027 752 1096 quadam
807 1028 972 1082 insita
1013 1029 1195 1097 generi
1229 1039 1418 1084 nostro
1459 1030 1757 1099 cupiditate
1793 1031 2100 1100 profectum

515 1126 622 1173 est.
662 1118 754 1173 Sic
791 1122 959 1188 igitur
985 1136 1108 1173 eum
1143 1137 1248 1174 una
1281 1130 1446 1190 atque
1475 1122 1705 1193 simplex
1731 1121 2100 1178 lsraelitarum

517 1208 729 1277 religio,
787 1225 1069 1282 sacrmque
1102 1211 1294 1266 littera:
1342 1221 1559 1267 exteras
1619 1213 1685 1267 ad
1734 1216 1985 1271 nationes
2012 1217 2100 1271 illo

515 1310 762 1370 tempore
809 1303 1214 1372 pervenissent,
1261 1305 1517 1375 Assyrios
1570 1307 1844 1372 videlicet,
1877 1325 1944 1364 ex
1975 1310 2100 1380 qui-

518 1395 623 1448 bus
651 1395 906 1464 inquilini
939 1396 1017 1450 illi
1055 1396 1345 1453 Samarita:
1374 1399 1618 1464 fuerunt,
1647 1417 1753 1454 una
1784 1402 1951 1456 etiam
1981 1403 2101 1457 ani-

524 1501 738 1540 morum
769 1487 1041 1543 dissensio
1067 1491 1326 1560 contigit;
1360 1492 1794 1563 opinionumque
1825 1495 2100 1549 concitata

517 1575 754 1645 falsitas,
790 1587 844 1632 et
879 1579 949 1633 ab
983 1595 1091 1634 uno
1118 1581 1400 1651 religionis
1432 1581 1583 1636 cultu
1617 1582 2099 1638 innumerabilium

517 1683 769 1722 errorum
801 1686 897 1739 per
931 1670 1079 1724 illam
1114 1671 1448 1726 discordiam
1486 1673 1694 1728 semina
1722 1674 2097 1743 pullularunt;

516 1769 680 1827 prout
723 1761 982 1815 nimirum
1018 1762 1460 1833 uniuscujusque
1487 1779 1686 1820 sensus
1718 1765 1864 1826 tulit,
1900 1774 1994 1820 aut
2043 1766 2101 1820 in

2211 484 2622 553 προσεστήσατο
2670 483 2891 551 βασιλεα
2947 483 3027 544 εἰς
3080 482 3339 552 κεφαλήν.
3378 480 3701 550 Συμϐἐϐηκε
3740 479 3794 531 δὲ

2209 576 2318 628 ἀπὸ
2345 576 2536 628 τούτου
2572 575 2806 645 πόλεμον
2839 571 2974 627 εἶναι
3005 575 3099 627 καὶ
3126 572 3393 634 ἔνστασιν,
3427 573 3520 624 καὶ
3555 569 3796 641 συμπλη-

2209 669 2379 736 γάδας
2440 668 2610 721 ἐθνῶν
2667 669 2724 720 ὲν
2776 667 2952 719 ἔθνεσι
3007 664 3510 737 συρρηγνυμένων,
3562 663 3793 716 ἑκάστου

2212 759 2534 828 βιαζομένου
2561 758 2620 811 τὸ
2652 759 2778 811 ἴδιον
2823 757 3032 828 θέλημα
3066 755 3454 827 προτιμᾶσθαι,
3493 755 3571 818 είς
3603 753 3793 808 ἑαυτὸν

2209 851 2264 902 δὲ
2297 849 2366 901 τὰ
2402 849 2508 901 τῶν
2541 849 2710 912 πέλας
2743 847 3134 918 ἀποφέρεσθαι,
3165 846 3252 899 διὰ
3283 846 3381 917 τὴν
3415 847 3473 898 ἐν
3503 846 3578 915 τῷ
3610 845 3709 914 βίῳ
3735 847 3791 896 ἐν

2210 944 2340 1012 ἡμῖν
2368 943 2532 995 πᾶσιν
2559 943 2851 1012 ἀκόρεστον
2885 939 3220 1006 ἰ’-ιλεονεοξίαν,¹
3251 938 3407 991 Οὕτω
3447 940 3540 991 καὶ
3581 940 3638 990 ἐν
3667 938 3790 991 τού-

2207 1051 2286 1103 τῳ
2314 1032 2390 1102 τῷ
2426 1031 2699 1102 καιρῷτῷ
2733 1029 3215 1102 προδεδηλωμένῳ,
3255 1029 3667 1100 μεταπεσούσης
3695 1029 3788 1081 τοῦ

2222 1126 2437 1198 Ἰσραὴλ
2468 1127 2565 1196 τῆς
2603 1127 2729 1196 μιᾶς
2759 1125 3078 1195 θρησκείας,
3120 1124 3214 1176 καὶ
3251 1123 3352 1191 τῆς
3395 1122 3535 1174 κατὰ
3575 1122 3664 1174 τὸν
3708 1121 3792 1173 νό-

2213 1235 2311 1288 μον
2344 1218 2560 1288 γραφῆς
2593 1220 2671 1280 είς
2700 1217 2863 1288 ἕτερα
2889 1216 3042 1286 γένη,
3079 1217 3221 1286 φημὶ
3253 1216 3307 1268 δὲ
3335 1217 3413 1278 είς
3454 1214 3787 1287 Ἀσσυρίους,

2209 1311 2268 1376 ἐξ
2297 1304 2372 1364 ὢν
2402 1311 2736 1381 Σαμαρεῖται
2768 1311 2818 1362 οἱ
2853 1309 3158 1377 ἐγκάθετοι,
3210 1308 3523 1379 συμϐέϐηκε
3567 1308 3660 1360 καὶ
3691 1307 3792 1378 τὴν

2209 1401 2434 1473 γνώμην
2462 1401 2839 1473 διχονοηθῆναι
2863 1420 2875 1431 ·
2909 1402 3003 1455 καὶ
3031 1401 3215 1455 λοιπὸν
3257 1400 3515 1472 ὥρμησεν
3549 1402 3581 1471 ὴ
3617 1399 3792 1470 πλάνη

2211 1494 2304 1546 καὶ
2333 1497 2365 1564 ὴ
2400 1495 2633 1566 διχόνοια
2660 1495 3010 1566 ὑποσπείρειν
3053 1494 3161 1547 ἀπὸ
3189 1493 3290 1564 τῆς
3331 1495 3459 1565 μιᾶς
3487 1492 3792 1556 Θεοσεϐείας

2210 1589 2288 1650 είς
2315 1587 2514 1650 πολλὰς
2542 1605 2893 1658 παραπεποιη
2903 1587 3066 1658 μένας
3095 1584 3339 1656 γνώμας,
3369 1584 3550 1649 καθὼς
3577 1585 3791 1654 ἑκάστῳ

2209 1679 2375 1745 ἔδοξε,
2409 1679 2503 1733 καὶ
2541 1679 2690 1750 ὠήθη
2715 1678 2791 1749 τῷ
2815 1680 3105 1749 γράμματι
3140 1677 3503 1741 ἐνασκεῖσθαι,
3536 1677 3628 1730 καὶ
3662 1677 3788 1746 φρά-

2208 1768 2321 1831 ζειν
2345 1768 2573 1831 ἕκαστος
2599 1769 2739 1822 κατὰ
2763 1768 2824 1820 τὸ
2854 1768 2980 1820 ίδιον
3005 1767 3234 1838 θέλημα.

518 1851 822 1921 Scripturis
848 1853 1220 1926 intelligendis
1247 1855 1458 1926 peritiae
1490 1855 1596 1912 sibi
1625 1856 1834 1928 aliquid
1865 1857 2161 1929 arrogavit,
2197 1861 2527 1931 easdemque
2566 1862 2834 1932 privatam
2871 1861 2938 1915 ad
2986 1860 3315 1916 sententiam
3374 1857 3785 1914 accommodare

517 1943 749 2000 studuit.

1040 2064 1150 2137 24
1187 2063 1596 2130 SAMARszE,

517 2175 653 2241 Qua:
681 2185 759 2231 est
790 2177 1006 2233 liwresis
1034 2179 1098 2232 ab
1129 2181 1313 2250 gentili
1323 2179 1699 2304 iuxperstitione
1739 2180 1874 2250 VII,
1915 2184 2104 2239 ordine

1193 2267 1306 2304 vero
1410 2293 1425 2304 .

1193 2267 1306 2305 vero
1323 2267 1425 2308 ΙᾸ.

595 2355 636 2410 l.
679 2355 866 2427 Itaque
895 2356 1182 2415 Samaritae
1225 2377 1415 2416 earum
1468 2362 1747 2420 hmreseon
1803 2367 2099 2436 principes,

517 2463 642 2517 qua:
675 2449 876 2506 divinis
902 2451 1099 2505 litteris
1127 2453 1403 2519 nituntur,
1427 2462 1551 2524 post
1581 2468 2040 2513 commemoratas
2069 2473 2100 2512 a

518 2541 678 2596 nobis
707 2541 1021 2598 Graecorum
1057 2553 1260 2610 sectas,
1296 2555 1351 2602 et
1381 2547 1579 2602 stolide
1631 2549 1753 2605 illas
1783 2549 2001 2620 quidem
2032 2551 2102 2606 ab

521 2634 800 2689 hominum
834 2636 1068 2708 ingeniis
1099 2639 1437 2710 excogitatas
1468 2642 1714 2707 proxime
1770 2652 2093 2712 sequuntur.

521 2725 724 2780 Ilorum
753 2744 928 2801 genus
961 2730 1434 2786 Samaritanorum
1498 2741 1771 2787 vocatum.
1806 2734 1938 2800 Quae
1995 2752 2100 2789 vox

514 2819 774 2874 custodes
808 2820 1104 2891 signiﬁcat,
1137 2823 1284 2892 quod
1329 2824 1366 2878 ii
1401 2824 1682 2894 quondam
1744 2827 1798 2879 in
1833 2827 1924 2880 illa
1955 2836 2096 2881 terra

514 2919 778 2979 tanquam
811 2915 1070 2970 custodes
1091 2917 1343 2971 collocati
1383 2925 1533 2979 sunt,
1581 2919 1697 2972 sive
1751 2919 1894 2988 quod
1924 2935 2044 2988 quae
2067 2936 2098 2972 a

516 3001 666 3056 Mosc
688 3005 986 3059 constituta
1009 3014 1167 3060 erant
1201 3007 1252 3060 in
1287 3007 1403 3078 lege
1435 3008 1804 3063 custodirent.
1837 3009 1914 3063 Ac
1940 3025 2097 3064 mons

515 3093 609 3147 ille
637 3110 798 3164 quem
822 3096 1140 3153 insederant
1192 3096 1462 3154 Somoron
1498 3102 1800 3171 appellatus
1851 3110 1956 3167 est,
2013 3104 2098 3156 vel

517 3186 712 3240 Somer
747 3187 814 3240 ab
838 3189 1065 3258 antiquo
1097 3191 1400 3246 Somorone
1433 3193 1678 3248 Someris
1710 3195 1822 3248 lilio
1846 3195 1922 3263 (id
1949 3196 2094 3248 enim

512 3277 564 3329 ei
592 3277 711 3333 viro
745 3295 943 3335 nomen
987 3282 1131 3351 fuit).
1165 3284 1434 3339 Caeterum
1492 3285 1684 3341 Somer
1739 3287 1843 3342 iste
1886 3299 2092 3357 patrem

515 3367 708 3422 habuit
757 3386 788 3425 e
842 3369 1258 3428 Ριιοτεῑατοτιιιιι
1294 3393 1357 3428 ac
1414 3376 1825 3446 Gergcszcorum
1875 3395 2092 3448 genere,

514 3460 608 3526 qui
641 3468 755 3514 tum
789 3478 910 3517 eam
945 3468 1220 3535 regionem
1273 3470 1615 3535 habitabant,
1670 3478 1725 3523 et
1775 3484 1806 3524 a
1835 3471 2091 3525 Chanaan

515 3553 784 3622 originem
826 3554 1119 3622 duxerant,
1172 3562 1265 3626 qui
1296 3569 1532 3613 tiactum
1590 3563 1763 3624 illum,
1800 3579 1922 3631 qua:
1953 3579 2100 3618 nunc

513 3645 700 3702 Judaza
749 3657 803 3703 et
834 3649 1078 3705 Samaria
1109 3652 1330 3716 dicitur,
1364 3661 1670 3724 usurpavit,
1707 3656 1944 3710 alienum
1988 3651 2123 3711 uti?

515 3759 646 3810 que,
674 3751 860 3810 utpote
897 3743 1135 3798 ﬁliorum
1175 3744 1322 3802 Seni.
1364 3764 1486 3800 cum
1517 3749 1779 3802 Chanaan
1806 3749 1924 3818 ipse
1953 3751 2098 3804 Cha-

515 3832 588 3884 ini
625 3832 769 3887 ﬁlius
811 3842 956 3888 esset
1005 3835 1196 3889 eodem
1256 3853 1366 3904 quo
1426 3838 1550 3892 Seni
1588 3849 1742 3907 patre
1792 3839 1982 3909 geniti.
2021 3839 2100 3893 Ita

514 3923 745 3992 contigit
777 3932 833 3977 ut
864 3925 1100 3979 diversis
1134 3925 1200 3979 de
1233 3928 1419 3982 causis
1448 3929 1586 3982 idem
1624 3930 2096 3984 Samaritanorum

515 4029 715 4068 noincn
747 4031 914 4084 penes
945 4033 1040 4070 eos
1083 4017 1387 4085 resederit;
1427 4020 1686 4074 nimirum
1729 4037 1757 4073 a
1793 4021 2022 4076 Somero
2048 4029 2100 4076 et

516 4103 822 4160 Soniorone
851 4124 863 4157 :
890 4108 958 4162 ab
981 4125 1046 4163 eo
1075 4110 1221 4179 quod
1249 4111 1397 4165 velut
1429 4119 1588 4165 terra:
1635 4114 1896 4168 custodes
1927 4130 2098 4184 appo-

514 4197 607 4252 siti
633 4207 854 4258 essent:
903 4217 967 4255 ac
998 4201 1240 4272 denique
1273 4204 1422 4273 quod
1478 4203 1646 4260 Mosis
1686 4206 1936 4260 instituta
1991 4222 2104 4261 scr-

517 4300 729 4345 varent.

589 4425 604 4454 ¹
635 4423 795 4480 Forte
826 4427 992 4499 ἁοχή.

588 4559 722 4636 (65)~
743 4561 1112 4636 Σαμαρεῖται.
1157 4562 1429 4636 Hactenus
1480 4573 1643 4619 secta:
1687 4566 1812 4632 illae,
1852 4581 1972 4636 qua!
2013 4566 2098 4620 vel

515 4641 642 4684 ante
688 4629 1033 4706 Scripturam
1087 4635 1417 4688 exstiterunt
1465 4638 1550 4690 vel
1597 4629 1885 4706 gentilium
1945 4638 2096 4691 fuere

517 4701 767 4770 propria-3.
806 4701 1123 4776 Sequuntur
1167 4721 1243 4776 ear
1294 4722 1414 4776 quze
1458 4701 1735 4776 utcunque
1779 4707 2095 4776 Scripturas

2780 2069 3198 2123 ΣΛΜΑΡΕΙΤΑΙ
3208 2107 3224 2130 ,

2223 2179 2478 2250 Ἑϐδόμη
2516 2180 2904 2250 αἵρεσιςνάπῤ
2935 2179 3042 2233 τοῦ
3102 2178 3528 2246 Ἑλληνισμοῦ,
3567 2177 3784 2244 ἐννάτη

2702 2249 2783 2323 ¹δὲ
2816 2249 2888 2318 τῇ
2919 2250 3269 2315 ἀκολουθίᾳ.
3571 2309 3576 2315 η

2279 2368 2358 2421 A'.
2385 2367 2723 2439 Σαμαρεῖται
2753 2365 2867 2437 (65)
2919 2366 3018 2436 μὲν
3060 2361 3154 2419 οὖν
3186 2365 3203 2395 ¹
3235 2366 3362 2436 ἄχρι
3390 2365 3498 2418 τῶν
3527 2367 3778 2438 αἱρέσεων

2207 2459 2316 2512 ἀπὸ
2341 2460 2562 2530 Γραφῆς
2588 2459 2772 2530 θεῖκῆς
2798 2457 3106 2530 ὁρμώμενοι
3147 2459 3286 2528 μετὰ
3317 2459 3417 2521 τὰς
3455 2459 3778 2530 προειρημὲ-

2207 2569 2304 2614 νας
2348 2550 2663 2622 Ἑλληνικάς
2690 2551 2930 2622 αἱρέσεις
2975 2551 3068 2602 ἀπ’
3099 2550 3242 2602 ἰδίων
3279 2550 3552 2621 λογισμῶν
3579 2551 3782 2623 ἀνθρώ·

2207 2659 2328 2706 ποις
2380 2643 2837 2713 ἐμϐροντηθείσας
2889 2643 2994 2695 ἀπὸ
3045 2642 3302 2706 διανοίας.
3352 2644 3466 2695 Πᾶν
3507 2644 3684 2696 τοίνυν
3729 2643 3780 2695 τὶ

2206 2734 2361 2801 γένος
2389 2734 2744 2806 Σαμαρειτῶν
2767 2733 3031 2786 ἐκαλεῖτο.
3069 2734 3491 2806 Ἐρμηνεύονται
3518 2735 3575 2787 δὲ
3605 2736 3780 2803 Σαμα-

2210 2829 2381 2896 ρεῖται
2414 2826 2525 2895 (66)
2561 2825 2819 2896 φύλακες,
2850 2825 2936 2878 διὰ
2971 2827 3032 2876 τὸ
3069 2829 3127 2878 ὲν
3154 2825 3304 2892 τάξει
3345 2826 3598 2894 φυλάκων
3635 2826 3780 2879 τετά-

2205 2918 2328 2987 χθαι
2358 2920 2414 2970 ὲν
2436 2921 2500 2989 τῇ
2531 2921 2600 2989 γῇ
2623 2935 2637 2951 ο
2667 2918 2699 2985 ἢ
2724 2917 2832 2970 ἀπὸ
2870 2917 2964 2969 τοῦ
3011 2917 3257 2986 φύλακας
3296 2919 3494 2980 αὐτοὺς
3522 2915 3659 2972 εἶναι
3691 2919 3781 2988 τῆς

2205 3010 2345 3064 κατὰ
2400 3011 2490 3063 τὸν
2535 3011 2695 3079 νόμον
2742 3009 3019 3072 Μωῦσέως
3059 3010 3369 3075 διατάξεως.
3416 3011 3689 3064 Ἐκαλεῖτο
3729 3013 3782 3066 δὲ

2204 3106 2297 3157 καὶ
2321 3103 2379 3156 τὸ
2406 3104 2530 3173 ὅρος
2563 3103 2688 3156 ἔνθα
2734 3104 3105 3174 ἐκαθέσθησαν
3133 3103 3430 3174 Σωμόρων·
3470 3105 3586 3174 ἅμα
3610 3105 3667 3157 δὲ
3694 3107 3782 3159 καὶ

2204 3199 2406 3269 Σωμὴρ
2444 3197 2550 3250 ἀπὸ
2600 3198 2828 3268 ἀρχαίου
2873 3197 3018 3260 τινος
3067 3197 3359 3267 Σωμὸρων,
3409 3198 3524 3250 υίοῦ
3564 3199 3781 3270 Σωμὴρ,

2202 3288 2344 3340 οὕτω
2369 3287 2461 3340 τοῦ
2496 3287 2686 3357 ἀνδρὸς
2717 3287 3066 3356 καλουμένου.
3111 3281 3218 3337 ἾΙν
3251 3286 3305 3337 δὲ
3334 3278 3487 3349 οὗτος
3519 3289 3547 3339 ὁ
3586 3287 3786 3358 Σωμὴρ

2203 3381 2313 3443 υἱὸς
2343 3380 2458 3443 ὲνὺς
2487 3381 2677 3452 ἀνδρὸς
2708 3380 2815 3432 τῶν
2854 3379 2960 3432 ἀπὸ
3005 3379 3193 3447 γένους
3216 3377 3325 3429 τῶν
3352 3377 3659 3449 Φερεζαίων
3688 3382 3783 3432 καὶ

2124 3439 2165 3492 C
2204 3471 2568 3540 Ιέργεσαίων,
2610 3471 2657 3522 οἳ
2694 3469 2976 3539 κατῴκουν
3014 3468 3076 3520 τὸ
3112 3467 3410 3536 τηνικαῦτα
3437 3467 3535 3538 τὴν
3567 3469 3690 3538 γῆν,
3724 3472 3786 3522 ἐκ

2201 3567 2450 3636 διαδοχῆς
2481 3566 2632 3628 ὄντες
2663 3565 2850 3626 παῖδες
2887 3562 2980 3617 τοῦ
3005 3561 3228 3614 Χαναὰν
3274 3560 3367 3613 τοῦ
3399 3561 3497 3631 τὴν
3521 3561 3623 3632 γῆν
3653 3561 3785 3613 ταύ-

2200 3675 2301 3728 την
2335 3657 2698 3728 ἁρπάξαντος,
2730 3655 2826 3728 τὴν
2857 3655 2952 3709 νῦν
2989 3654 3245 3708 Ἰουδαίαν
3271 3654 3303 3724 ἢ
3338 3655 3649 3724 Σαμαρείαν
3674 3655 3786 3722 (67)

2203 3749 2563 3820 καλουμένην,
2605 3745 2768 3802 οὖσαν
2808 3748 2915 3800 τῶν
2960 3747 3089 3800 υἱῶν
3136 3747 3274 3818 Σὴμ,
3311 3747 3385 3817 μὴ
3415 3744 3578 3799 οὖσαν
3609 3747 3786 3799 αὐτῶν

2204 3841 2358 3901 ίδίαν,
2395 3839 2482 3892 διὰ
2519 3840 2579 3892 τὸ
2617 3841 2778 3893 αὑτὸν
2817 3838 2906 3891 τὸν
2950 3839 3168 3891 Χαναὰν
3199 3833 3338 3890 εἶναι
3376 3837 3490 3888 υίὸν
3533 3837 3628 3889 τοῦ
3659 3838 3782 3908 Χὰμ

2201 3933 2576 4002 πατραδέλφου
2606 3932 2700 3984 τοῦ
2737 3933 2878 4001 Σήμ.
2926 3931 3035 3982 Καὶ
3078 3928 3394 3998 συμϐέϐηκε
3427 3927 3487 3979 τὸ
3520 3929 3688 3997 ὄνομα
3724 3932 3786 3982 ἐκ

2201 4026 2472 4095 διαφόρων
2524 4024 2849 4094 προφάσεων
2890 4024 3168 4076 καλεῖσθαι
3218 4023 3582 4094 Σαμαρείτας,
3626 4024 3689 4076 ἔκ
3729 4042 3784 4077 τε

2198 4115 2292 4168 τοῦ
2325 4116 2547 4187 Σωμὴρ,
2594 4115 2657 4167 ἐκ
2689 4133 2747 4168 τε
2796 4115 2888 4168 τοῦ
2930 4116 3226 4186 Σωμόρων,
3255 4115 3318 4167 ἔκ
3351 4133 3409 4167 τε
3447 4116 3540 4167 τοῦ
3583 4115 3784 4184 φυλάτ-

2199 4226 2312 4261 τειν
2344 4208 2442 4278 τὴν
2475 4209 2578 4278 γῆν
2613 4208 2771 4278 (67‘),
2809 4207 2872 4260 ἐκ
2902 4224 2960 4260 τε
3003 4207 3095 4260 τοῦ
3133 4207 3422 4276 φυλάττειν
3458 4207 3525 4260 τὰ
3570 4207 3783 4261 παιδεύ-

2207 4319 2350 4372 ματα
2379 4302 2471 4355 τοῦ
2504 4302 2666 4372 νόμου
2677 4342 2690 4356 .

2207 4585 2308 4639 pus
2338 4581 2503 4635 porro
2536 4566 2676 4635 apud
2710 4563 3021 4639 Eus_ebium_
3050 4565 3142 4620 lib.
3176 4580 3238 4639 v,_
3269 4579 3318 4620 c.
3353 4563 3782 4639 22._Judazorum

2208 4635 2389 4693 sectas
2422 4652 2774 4704 percenseas,
2801 4636 3189 4707 _Sainaritanos
3227 4635 3367 4707 inter
3406 4636 3528 4689 illas
3575 4638 3778 4690 retulit.

2218 4709 2356 4762 Sunt
2385 4716 2564 4760 autem
2583 4707 2718 4777 ista:
2750 4725 2762 4760 :
2801 4704 3780 4777 Essaei,Gali|:ci,_Hemerobaptist:e,

518 4780 844 4857 usurpantes
897 4774 1318 4857 multiplicibus
1342 4774 1794 4857 scsenerroribus
1843 4774 2091 4857 iniplica-
2126 4803 2171 4857 ι)
2203 4777 2538 4857 Malsbt‘itlimi,
2576 4775 2879 4857 Samaritm,
2909 4776 3213 4857 saddncaai,
3249 4775 3528 4857 Pharisaei.

519 4853 664 4895 runt.
689 4843 928 4906 Quarum
953 4843 1256 4912 tluo’eapita
1289 4855 1437 4909 sunt,
1468 4846 1774 4907 Samaritae,
1801 4863 1863 4900 ac
1895 4843 2089 4900 Judaei.

519 4914 1145 4987 Sal-naritanorutn_xa0’
1174 4915 1542 4987 ὑᾼποδιαίρεσιν
1577 4919 1839 4970 factiones
1871 4926 1997 4971 sunt
2023 4934 2094 4984 Iv,

515 4983 825 5037 Iudaeorum
861 5001 956 5039 νη.
998 4983 1330 5038 Samaritani
1379 4983 1507 5041 Sunt
1562 4987 1777 5049 Esseni,
1810 4983 2097 5053 Gortheni,

521 5055 756 5112 Sebuaii,
816 5053 1082 5108 Dosithei.
1119 5053 1454 5120 Judaeorum,
1508 5057 1815 5119 Sadducxi,
1873 5057 2099 5122 Seribte,

516 5123 800 5188 Pharisaei,
833 5123 1336 5194 Hemerobaptistae,
1369 5126 1630 5188 Nasaraei,
1662 5128 1878 5192 Osseni,
1929 5127 2101 5181 Hero-

518 5194 690 5267 diani.
726 5194 853 5248 Haec
893 5195 1251 5265 Epiphanius.
1289 5197 1414 5262 Qui,
1469 5207 1530 5250 ut
1567 5200 1702 5253 alias
1737 5214 1899 5267 saepe,
1933 5199 2098 5252 sicin

521 5266 713 5338 harum
764 5273 1040 5338 sectarum
1072 5269 1365 5335 partitione
1399 5284 1462 5322 ae
1488 5266 1853 5338 descriptione
1881 5285 2098 5337 aequum

520 5336 692 5406 inagis
728 5349 793 5388 ac
820 5337 1139 5406 benignum,
1169 5353 1330 5406 quam
1381 5336 1698 5392 accuratum
1749 5348 1802 5393 et
1847 5336 2097 5393 severum

518 5402 774 5458 lectorem
805 5402 992 5475 exigit.
1031 5402 1306 5462 Permulta
1337 5410 1482 5463 enim
1517 5409 1641 5463 istic
1671 5408 1826 5466 falsa.
1846 5410 2097 5462 minime—

513 5488 621 5541 que
652 5477 978 5530 cohaerentia
1012 5478 1294 5546 disputat;
1336 5497 1456 5548 qme
1507 5496 1606 5533 nos
1661 5480 1973 5532 invitissimi
2007 5493 2096 5532 sa-

515 5559 604 5602 ne.
626 5560 724 5614 pro
744 5561 809 5598 eo
836 5562 899 5600 ac
926 5549 1260 5603 sanctissimi
1292 5550 1394 5602 viri
1428 5551 1682 5619 pietatem
1711 5551 2096 5603 eruditionem-

557 5629 624 5666 ue
648 5630 998 5680 veneramur,
1021 5619 1113 5672 sed
1147 5622 1460 5674 necessario
1488 5631 1668 5674 tamen
1696 5636 1909 5680 eruere,
1936 5635 1998 5670 ac
2024 5634 2094 5672 ne

539 5685 696 5739 'raudi
737 5685 994 5755 cuiquam
1020 5687 1150 5753 sint,
1187 5690 1456 5760 castigare
1485 5691 1793 5747 debuimus.
1829 5689 2090 5761 llcgcsip-

2275 4847 2386 4916 (66)
2440 4847 2895 4914 Ἐρμηιιέὐονται
2943 4845 3010 4896 δὲ
3048 4846 3414 4913 Σαμαρεῖται.
3457 4846 3573 4900 Non
3619 4847 3784 4904 unius

2208 4921 2494 4990 Epiphauii
2520 4927 2612 4990 est
2637 4918 2812 4972 otiosa
2845 4917 2957 4976 illa,
2990 4931 3054 4969 ac
3089 4918 3253 4990 nimis
3291 4927 3478 4990 arguta
3512 4919 3663 4990 vocis
3698 4919 3782 4971 in-

2209 4986 2550 5058 terpretatio.
2584 4986 2727 5041 Pene
2773 5002 2966 5058 omnes
2996 4986 3207 5058 antiqui
3252 4995 3359 5040 tam
3391 4987 3584 5051 Graeci,
3616 5003 3781 5058 quam

2212 5057 2390 5114 Latini
2428 5075 2549 5112 eam
2595 5057 2826 5126 amplexi
2859 5067 3008 5118 sunt,
3039 5073 3103 5110 ac
3140 5057 3402 5113 mirilicas
3445 5074 3512 5112 ex
3561 5057 3784 5111 ea’scn-

2213 5131 2414 5184 tentias
2445 5128 2835 5198 procuderunt.
2871 5127 2977 5180 Sed
3011 5128 3323 5181 accuratior
3371 5129 3628 5182 omnibus
3657 5127 3784 5196 Epi-

2211 5200 2444 5270 phanius
2493 5209 2679 5252 noster
2707 5218 2720 5251 :
2751 5198 2842 5266 qui
2889 5199 2963 5251 ita
2998 5214 3342 5252 communem
3381 5199 3539 5270 illam
3576 5199 3778 5259 attulit,

2209 5269 2268 5324 ut
2295 5270 2578 5338 veriorem,
2609 5285 2674 5322 ac
2697 5283 3009 5338 germanam
3033 5284 3141 5322 non
3177 5269 3515 5338 praeteriret;
3545 5285 3667 5338 qua:
3695 5278 3780 5323 est

2206 5341 2298 5396 lib.
2334 5340 2397 5394 ΙΙΙ
2428 5337 2558 5409 Reg.
2590 5337 2818 5401 “1,24.

2278 5411 2390 5480 (67)
2435 5407 2554 5477 Τὴόη
2587 5411 2705 5462 νῦν
2743 5408 3032 5480 Ἰουδαίαν
3063 5410 3101 5477 ἣ
3131 5410 3488 5480 Σαμαρειάν.
3534 5407 3784 5479 Saepenu-

2205 5479 2356 5535 mero
2386 5481 2488 5534 hoc
2516 5481 2752 5533 inculcat
2780 5498 2792 5530 :
2827 5479 2998 5532 Cham
3035 5480 3087 5533 in
3121 5479 3303 5534 fratris
3352 5483 3435 5535 sui
3492 5480 3786 5546 possessio-

2204 5567 2326 5605 nem
2359 5551 2646 5612 invasisse,
2680 5566 2742 5603 ac
2767 5547 3008 5620 Judzeam
3048 5566 3386 5619 occupasse;
3431 5551 3589 5616 cujus
3631 5565 3783 5620 pars,

2202 5621 2367 5674 latius
2398 5622 2595 5675 ditl'usa
2624 5619 2875 5675 vocabuli
2910 5620 3155 5684 notione,
3184 5621 3428 5674 Samaria
3465 5621 3582 5672 fuit.

2275 5693 2412 5762 (67‘)
2457 5694 2567 5747 Ἐκ
2606 5709 2668 5746 τε
2719 5689 2825 5745 τοῦ
2878 5690 3204 5758 φυλάττειν
3247 5690 3360 5758 τὴν
3387 5689 3520 5760 γῆν.
3565 5689 3782 5744 Primus
