4204 6370
393 361 501 418 2ἳὸ

1078 355 1448 414 ADVERSUS
1487 356 1830 413 ileRESES
1868 357 1996 413 LIB.
2043 357 2081 412 l.
2126 356 2292 412 ΤΟΜ.
2335 357 2377 413 1.
2421 389 2489 399 -
2527 355 2803 412 HZERES.
2844 357 2932 414 IX.

3538 356 3649 413 226

451 479 526 530 B'.
586 476 943 548 Διαφέρονται
1000 474 1056 527 δὲ
1105 469 1248 528 οὗτοι
1298 474 1572 537 Ἰουδαίοις
1625 475 1764 527 κατά
1807 475 1966 527 τοῦτο

2142 471 2202 525 ΙΙ.
2239 473 2412 526 Porro
2445 489 2473 526 a
2502 472 2705 526 Judzeis
2737 485 2800 526 ea
2835 487 2894 525 re
2921 469 3157 540 primum
3193 469 3474 533 diﬂ‘crunt,
3500 470 3649 539 quod

380 566 618 637 πρῶτον,
645 568 728 619 ὅτι
774 566 876 618 οὐκ
921 565 1076 636 ἐδόθη
1123 564 1306 626 αὐτοῖς
1355 564 1648 635 προφητῶν
1680 564 1786 616 τῶν
1829 565 1965 635 μετά

382 659 622 712 Μωῦσέα
648 657 912 729 γραφὴ,ἣ
958 657 1115 726 μόνον
1157 659 1189 727 ἡ
1229 655 1442 708 δοθεῖσα
1480 637 1848 726 Πεντάτευχος
1881 655 1967 708 διὰ

383 749 664 810 Μωῡσέως
689 749 766 820 τῷ
803 748 1078 818 σπέρματι
1121 747 1334 820 Ἰσραὴλ
1363 749 1420 800 ἐν
1444 750 1510 818 τῇ
1543 747 1704 817 ἐξόδῳ
1736 748 1835 817 τῆς
1873 748 1968 799 ἀπ’

387 841 664 910 Αἰγύπτου
693 842 945 913 πορείας·
970 841 1120 911 φημὶ
1147 841 1201 893 δὲ
1227 842 1266 892 Γ
1271 841 1466 903 ένεσις,
1494 841 1584 892 καὶ
1615 839 1851 904 Ἕξοδος,
1879 839 1969 892 καὶ

390 933 691 994 Λευῖτικὺν,
725 933 815 986 καὶ
858 931 1128 1003 Ἀριθμοὶ,
1165 933 1258 985 καὶ
1303 932 1736 1004 Δευτερονόμιον.
1777 932 1863 986 Ἐν
1912 933 1970 984 δὲ

387 1031 454 1100 τῇ
493 1028 734 1099 Ἐϐραΐδι
761 1027 1025 1096 διαλέκτῳ
1067 1024 1210 1078 οὕτω
1244 1026 1553 1087 καλοῦνται,
1589 1025 1816 1097 Βηρσὶθ,
1855 1025 1973 1078 Ἐλ-

387 1119 633 1188 λεσιμὸθ,
685 1119 957 1188 Δωῖκᾶρα,
1007 1115 1306 1188 Οὑῐδαϐὴρ,
1354 1115 1808 1187 Ἑλλεδδαεϐάριν.
1862 1115 1971 1168 Καὶ

388 1211 658 1281 ἔσπαρται
689 1208 786 1278 μὲν
809 1209 868 1260 ἐν
897 1206 1121 1269 ταύταις
1154 1208 1271 1268 ταῖς
1315 1205 1478 1258 πέντε
1511 1206 1712 1275 βίϐλοις
1740 1205 1973 1259 ἀναστά-

392 1319 529 1366 σεως
579 1298 789 1371 νεκρῶν
834 1298 894 1350 τὺ
951 1299 1206 1367 σημεῖον·
1251 1296 1310 1348 οὐ
1357 1295 1537 1366 μέντοι
1585 1311 1648 1363 γε
1686 1293 1972 1364 τηλαυγῶς

392 1393 750 1462 κεκήρυκται.
777 1387 872 1440 καὶ
902 1385 1173 1457 ἔσπαρται
1213 1387 1270 1437 ἐν
1303 1387 1494 1447 αὐτοῖς
1528 1385 1654 1455 περὶ
1685 1385 1778 1438 τοῦ
1819 1401 1974 1454 μονο-

392 1482 583 1553 γενοῦς
607 1479 735 1533 Υἱοῦ
761 1479 853 1532 τοῦ
887 1477 1046 1541 Θεοῦ,
1089 1477 1183 1530 κα)⁸
1228 1477 1356 1548 περὶ
1387 1476 1480 1529 τοῦ
1525 1477 1680 1545 ἁγίου
1725 1475 1974 1547 Πνεύμα-

392 1589 505 1635 τος,
535 1571 631 1623 καὶ
658 1567 799 1622 κατά
841 1565 1096 1620 εἰδώλων.
1129 1565 1203 1619 Τὸ
1238 1566 1295 1618 δὲ
1333 1566 1766 1636 τηλαυγέστερον
1795 1567 1851 1618 ἐν
1881 1565 1974 1617 αὐ-

391 1664 513 1724 ταῖς
549 1659 844 1731 μοναρχίας
879 1656 989 1728 ἔχει
1026 1655 1127 1726 τὴν
1178 1657 1486 1727 εἰσαγωγὴν
1509 1673 1523 1688 ο
1555 1659 1610 1709 ἐν
1653 1656 1709 1709 δὲ
1744 1658 1808 1728 τῇ
1844 1673 1974 1726 μον-

393 1749 562 1822 αρχίᾳ.
621 1744 1004 1816 πνευματικῶς
1044 1745 1077 1814 ἡ
1122 1744 1165 1795 Τ
1173 1743 1293 1814 ριάς
1321 1744 1436 1795 ἐστι
1471 1739 1974 1810 καταγγελλομένη.

2068 564 2137 618 iis
2169 565 2557 634 prophetarum
2583 565 2788 632 scripta
2839 561 3143 617 secundum
3203 560 3391 616 Mosen
3423 562 3650 618 minime

2068 665 2197 710 sunt
2228 657 2428 710 tradita
2455 673 2467 713 :
2496 655 2592 710 sed
2618 656 2863 725 quinque
2895 655 3162 708 duntaxat
3195 654 3497 718 volumina,
3525 671 3649 725 qua:

2068 765 2164 818 per
2194 748 2377 803 Mosen
2413 749 2789 803 lsraclitarum
2819 747 3003 817 generi
3067 747 3194 800 data
3224 754 3374 809 sunt,
3407 762 3530 800 cum
3583 765 3649 800 ex

2071 839 2306 910 {Egypto
2337 839 2727 893 decessissent.
2763 837 2904 892 Sunt
2935 837 3051 891 haec
3091 837 3344 899 Genesis,
3406 837 3648 898 Exodus,

2072 932 2372 994 Leviticus,
2400 929 2628 984 Numeri
2682 940 2736 984 et
2803 929 3310 982 Deuteronomium.
3367 927 3470 992 Qui
3526 929 3651 980 libri

2071 1020 2212 1089 apud
2244 1018 2502 1073 Hebraeos
2538 1021 2609 1070 ita
2642 1025 2910 1071 vocantur
2945 1033 2959 1068 :
2992 1017 3238 1071 Beresith
3297 1016 3649 1079 Ellescmoth,

2072 1110 2314 1175 Vaiicra,
2379 1109 2709 1173 Vaidabber,
2761 1108 3258 1162 Ellehaddebarim.
3295 1106 3506 1173 Quibus
3538 1107 3591 1159 in
3621 1122 3654 1160 v

2072 1203 2228 1258 libris
2252 1203 2500 1274 quzedam
2548 1213 2892 1256 mortuorum
2952 1202 3380 1256 resurrectionis
3417 1199 3649 1269 vestigia

2073 1309 2203 1351 sunt
2233 1311 2496 1367 aspersa;
2531 1296 2607 1349 ita
2634 1303 2818 1350 tamen
2860 1302 2920 1348 ut
2956 1311 3306 1364 nequaquam
3361 1294 3653 1363 perspicue

2073 1389 2422 1457 priedicetur.
2451 1389 2534 1444 Ad
2565 1390 2681 1443 hmc
2705 1389 2772 1445 de
2795 1391 2959 1444 unico
2992 1391 3084 1445 Dei
3119 1389 3256 1444 Filio
3277 1390 3476 1459 injecta
3504 1403 3654 1441 men-

2074 1482 2151 1535 tio
2181 1489 2287 1543 est,
2319 1482 2559 1552 itemque
2593 1480 2834 1552 Spiritus
2890 1481 3090 1546 sancti,
3145 1497 3210 1536 ac
3258 1481 3326 1534 de
3380 1481 3650 1536 idolorum

2075 1571 2451 1628 damnatione.
2479 1573 2726 1628 Tametsi
2775 1563 2984 1627 clarius
3015 1575 3069 1627 in
3103 1573 3192 1628 his
3225 1572 3318 1627 Dei
3356 1573 3654 1644 singulari-

2077 1672 2162 1719 tas
2207 1665 2497 1727 astruitur,
2562 1665 2618 1720 in
2663 1681 2773 1736 qua
2809 1675 2992 1719 tamen
3036 1666 3400 1735 spiritualiter
3437 1680 3656 1735 quoque

2077 1752 2321 1807 Trinitas
2345 1754 2744 1824 comprehensa
2776 1753 2869 1808 sit.
2901 1753 2972 1805 At
3015 1753 3092 1805 illi
3148 1761 3371 1821 accepta
3402 1753 3520 1822 lege
3552 1753 3657 1805 hoc

393 1843 459 1895 Οἱ
497 1842 556 1893 δὲ
591 1839 872 1908 δεξάμενοι
921 1835 1008 1888 τὸν
1051 1835 1216 1904 νόμον
1260 1835 1341 1896 εἰς
1385 1834 1446 1886 τὸ
1486 1832 1846 1904 μετατεθῆναι
1878 1834 1978 1903 τῆς

2082 1859 2248 1896 unum
2283 1843 2635 1907 studuerunt,
2668 1853 2730 1898 ut
2757 1843 3027 1899 idolorum
3073 1844 3356 1913 repudiata
3389 1845 3656 1913 supersti-

395 1931 854 2002 εἰδωλολατρείας,
886 1929 978 1981 καὶ
1006 1927 1096 1980 τὸν
1129 1927 1225 1980 ἕνα
1262 1925 1395 1979 Θεὸν
1439 1925 1736 1994 ἐπιγνῶναι
1777 1926 1975 1978 ἐσπου-

394 2023 666 2093 δάσθησαν
686 2041 700 2055 ο
726 2018 808 2086 οἷς
833 2020 892 2075 οὐ
921 2020 1142 2090 γέγονεν
1175 2017 1462 2088 ἐπιμέλεια
1488 2019 1549 2071 τὸ
1587 2018 1975 2090 ἀκριϐέστερον

396 2115 716 2184 ἐπιγνῶναι.
745 2112 1050 2181 Σφαλέντες
1079 2111 1136 2164 δὲ
1173 2111 1224 2163 οἱ
1257 2109 1505 2172 τοιοῦτοι,
1541 2111 1634 2163 καὶ
1673 2110 1746 2181 μὴ
1779 2110 1977 2181 τηλαυ-

394 2207 508 2278 γῶς
537 2206 598 2260 τὸ
630 2206 737 2258 πᾶν
779 2203 942 2275 μέρος
974 2202 1074 2272 τῆς
1104 2201 1340 2264 πίστεως
1367 2219 1426 2253 τε
1457 2201 1551 2254 καὶ
1583 2203 1682 2272 τῆς
1702 2202 1975 2273 ἡμετέρας

398 2299 545 2367 ζωῆς
568 2297 632 2350 τὸ
659 2295 980 2367 ἀκρίϐασμα
1012 2292 1424 2363 κατειληφότες,
1455 2292 1728 2362 ἠγνόησαν
1766 2293 1864 2363 μὲν
1891 2310 1978 2345 νε-

396 2391 545 2463 κρῶν
582 2389 897 2450 ἀνάστασιν,
923 2387 1016 2439 καὶ
1044 2384 1333 2439 ἀπιστοῦσι
1353 2400 1368 2415 ⁸
1397 2384 1620 2454 Πνεῦμα
1647 2384 1703 2436 δὲ
1730 2383 1882 2452 ἅγιον
1914 2386 1976 2437 οὐ

397 2481 824 2552 παραδέχονται·
857 2477 950 2530 καὶ
979 2477 1086 2548 γάρ
1116 2475 1414 2547 ἠγνόησαν.
1445 2476 1553 2527 Καὶ
1596 2474 1734 2546 α’ύτη
1765 2477 1798 2546 ἡ
1831 2476 1978 2544 αἴρε-

399 2592 484 2638 σις
512 2571 778 2627 ἀθετοῦσα
812 2570 908 2642 μὲν
939 2568 1147 2640 νεκρῶν
1177 2568 1492 2629 ἀνάστασιν,
1529 2566 1889 2638 ἀπωθουμένη
1921 2565 1978 2619 δὲ

397 2660 858 2731 εἰδωλολατρείαν,
919 2659 977 2711 ἐν
1028 2659 1164 2728 αὐτῇ
1219 2657 1278 2710 δὲ
1339 2655 1799 2728 εἰδωλολατροῦσα
1857 2659 1978 2710 κατ’

397 2757 642 2823 ἄγνοιαν,
674 2754 762 2807 διὰ
786 2753 846 2806 τὸ
883 2749 1301 2821 ἀποκεκρύφθαι
1330 2750 1398 2802 τὰ
1424 2750 1616 2802 εἴδωλα
1651 2749 1757 2802 τῶν
1788 2749 1981 2802 τεσσά-

402 2867 514 2918 ρων
539 2847 709 2900 ἐθνῶν
743 2848 800 2899 ἐν
829 2844 907 2914 τῷ
931 2844 1045 2914 ὄρει
1077 2842 1155 2913 τῷ
1193 2841 1344 2914 παρὰ
1373 2845 1483 2906 τοῖς
1539 2845 1553 2873 ¹
1589 2842 1837 2914 Γαριζεὶν
1869 2840 1980 2910 (68)

403 2937 960 3007 σεσυκοφαντημένως
1001 2934 1338 3004 καλουμένῳ.
1375 2932 1464 3003 Τῷ
1520 2933 1627 3004 γὰρ
1679 2933 1981 3004 βουλομένῳ

400 3029 644 3103 ἀκριϐῶς
677 3028 806 3100 περὶ
835 3028 929 3081 τοῦ
959 3027 1119 3098 ὅρους
1142 3026 1393 3095 Γαριζεὶν
1425 3025 1750 3096 ἐρευνᾶσθαι
1785 3027 1978 3090 ἰστέον,

401 3126 483 3179 ὅτι
511 3124 645 3195 πρὸς
682 3125 748 3193 τῇ
795 3119 1003 3193 Ἱεριχῷ
1045 3123 1249 3173 κεῖνται
1288 3117 1356 3172 τά
1399 3118 1492 3172 δύο
1524 3118 1647 3190 ὅρη,
1686 3119 1746 3171 τό
1789 3135 1849 3170 τε
1886 3117 1981 3171 τοῦ

401 3217 442 3268 Γ
445 3188 676 3286 αριξεὶν,
721 3188 816 3266 και
857 3188 1064 3264 τὸητοῦ
1098 3209 1293 3272 Γεϐὰλ,
1352 3209 1524 3282 πέραν
1559 3188 1674 3262 τοῦ
1718 3209 1981 3280 Ἰορδάνου
2010 3188 2051 3245 C

400 3307 538 3379 πρὸς
570 3308 636 3376 τῇ
677 3303 908 3374 ἀνατολῇ
942 3304 1040 3374 τῆς
1080 3301 1308 3374 Ἰεριχῶ,
1362 3301 1438 3364 ὠς
1480 3300 1593 3372 ἔχει
1623 3300 1683 3354 τὸ
1723 3303 1983 3373 Δεύτερο-

400 3399 609 3469 νόμιον,
659 3397 754 3449 καὶ
795 3395 968 3466 Ἰησοῦ
1013 3393 1106 3447 τοῦ
1151 3394 1302 3464 Ναυῆ
1353 3395 1385 3464 ἡ
1441 3393 1640 3463 βίϐλος.
1689 3392 1984 3446 Εξδωλολα-

397 3488 620 3562 τροῦσιν
645 3480 738 3541 οῦν
768 3484 1110 3554 ἀγνοοῦντες,
1133 3487 1197 3537 ἐκ
1224 3484 1315 3538 τοῦ
1338 3485 1670 3555 πανταχόθεν
1697 3485 1984 3556 προσέχειν

400 3583 540 3654 πρὸς
566 3582 628 3633 τὸ
654 3580 778 3650 ὅρος
806 3580 864 3631 ἐν
893 3577 971 3648 τῷ
998 3579 1194 3640 αὐτοὺς
1225 3576 1501 3646 εὔχεσθαι,
1527 3577 1686 3648 δῆθεν
1716 3579 1798 3631 ὅτι
1827 3579 1984 3648 ἡγία-

403 3692 547 3728 σται.
585 3672 867 3726 Ἀδύνατον
896 3671 1005 3742 γάρ
1036 3670 1135 3741 τὴν
1161 3670 1382 3744 Γραφὴν
1413 3669 1718 3741 ψεύσασθαι
1745 3671 1986 3741 φάσκου-

407 3780 534 3819 saw
568 3765 857 3832 Ἔμειναν
887 3760 1203 3826 ποιοῦντες
1246 3761 1353 3814 τὸν
1398 3761 1610 3831 νόμον,
1647 3762 1746 3816 καὶ
1794 3778 1984 3832 προσ-

403 3855 733 3920 κυνοῦντες
782 3855 855 3908 τὰ
903 3851 1102 3907 αὐτῶν
1140 3851 1358 3906 εἴδωλα
1409 3853 1520 3918 ἕως
1566 3853 1676 3924 τῆς
1720 3855 1986 3924 σήμερον

400 3948 650 4018 ἡμέρας,
699 3946 776 4009 ὼς
821 3945 1120 4017 ἐμφέρεται
1164 3946 1222 3998 ὲν
1273 3948 1338 4016 τῇ
1381 3947 1615 4019 τετάρτῃ
1665 3949 1772 4002 τῶν
1818 3950 1984 4004 Βασι-

400 4040 582 4096 λειῶν.

472 4132 550 4184 Γ’.
594 4130 937 4200 Ἐλέγχονται
968 4127 1026 4181 δὲ
1051 4127 1206 4181 αὐτοὶ
1239 4128 1581 4200 πανταχόθεν
1613 4129 1744 4202 περὶ
1776 4130 1989 4199 νεκρῶν

402 4223 787 4286 ἀναστάσεως,
813 4220 1029 4291 πρῶτον
1075 4219 1184 4273 ἀπὸ
1220 4219 1313 4273 τοῦ
1357 4219 1553 4285 Ἀϐελ,
1609 4221 1692 4273 ὅτι
1743 4220 1881 4291 μετά
1927 4219 1988 4273 τὸ

402 4314 696 4371 ἀποθανεῖν
726 4312 785 4366 τὸ
806 4307 942 4383 αἷμα
963 4312 1413 4382 προσδιαλέγεται
1434 4312 1512 4383 τῷ
1538 4312 1802 4386 Δεσπότῃ.
1837 4308 1986 4384 Αἷμα

401 4407 554 4461 δὲιού
602 4405 748 4476 ψυχὴ
789 4403 1070 4474 τυγχάνει,
1109 4403 1227 4457 ἀλλ’
1261 4406 1318 4458 ἐν
1369 4404 1625 4476 αἵματιή
1658 4405 1826 4476 ψυχή.
1875 4406 1984 4457 Καὶ

403 4501 506 4553 οὐκ
536 4495 718 4551 εἷπενσ
765 4497 829 4550 Ἠ
871 4497 1044 4568 ψυχὴ
1095 4496 1220 4564 ,ϐοᾷ
1256 4498 1406 4566 πρὸς
1441 4495 1551 4568 μέο
1607 4497 1852 4561 δεικνὺς,
1903 4498 1986 4550 ὅτι

403 4593 554 4646 ἐστὶν
593 4590 748 4653 ἐλπὶς
792 4590 1141 4655 ἀναστάσεως
1187 4591 1295 4644 τῶν
1344 4590 1630 4661 σωμάτων.
1692 4590 1854 4644 Ἀλλά
1895 4593 1988 4645 καὶ

416 4683 588 4754 Ἑνὼχ
619 4681 880 4754 μετετέθη
909 4683 1001 4736 τοῦ
1036 4684 1110 4754 μὴ
1142 4683 1269 4738 ἰδεῖν
1298 4682 1549 4748 θάνατον,
1583 4683 1676 4736 καὶ
1704 4683 1804 4754 οὐχ
1827 4683 1989 4754 ηὑρί-

407 4794 588 4833 σκετο.
636 4774 797 4829 Ἀλλά
822 4775 915 4829 καὶ
947 4775 1134 4846 Σάρρα
1183 4773 1323 4846 μετὰ
1353 4774 1414 4828 τὸ
1448 4773 1786 4846 νεκρωθῆναι
1818 4775 1990 4845 αὐτῆς

479 4935 497 4967 ¹
521 4933 687 4991 Forte
729 4933 960 4998 τούτοις.
1035 4935 1056 4966 ⁸
1083 4933 1241 4988 Deut.
1282 4948 1361 5001 ιι,
1390 4934 1479 4988 29.
1558 4933 1580 4964 ⁸
1607 4931 1775 4988 Josue
1797 4949 1916 4998 vin,
1940 4934 1980 4988 31

2107 4934 2128 4964 ⁸
2152 4933 2218 4986 ιν
2243 4932 2378 5003 Reg.
2409 4948 2540 4999 xvn,
2577 4933 2666 5000 55,
2710 4933 2798 4989 54.

406 5095 516 5149 hoc
532 5091 822 5160 {Eusebius
850 5095 908 5151 in
936 5093 1210 5152 Chronicis
1237 5092 1493 5162 scripsit;
1537 5106 1569 5147 a
1601 5107 1712 5162 quo
1759 5099 1978 5145 mutua-

409 5174 499 5220 tus
543 5170 629 5219 est
679 5163 1053 5234 Epiphanius;
1106 5165 1152 5217 si
1203 5162 1319 5217 haec
1367 5172 1550 5234 tamen
1600 5162 1843 5223 Eusebii.
1875 5177 1985 5216 non

407 5233 730 5307 Hieronymi
756 5233 908 5307 sunt.
938 5237 1031 5307 qui
1081 5234 1137 5287 in
1189 5233 1498 5307 istiusmodi
1541 5234 1754 5307 origine
1783 5235 1986 5303 saepius

409 5305 563 5378 lusit.
590 5303 734 5378 Huic
756 5303 1231 5378 Epiphaniils‘nqi
1264 5303 1418 5378 bellae
1445 5305 1686 5378 nominis
1714 5304 1985 5378 interpre-

407 5374 628 5439 tationi,
662 5371 988 5434 deteriorem
1035 5374 1237 5443 adjecit
1289 5371 1873 5443 alteram._Samaritas
1915 5374 1986 5428 ob

407 5446 463 5500 id
496 5445 798 5515 appellatos
827 5463 951 5503 esse
986 5441 1132 5516 quod
1160 5445 1330 5516 legem
1358 5441 1722 5516 custodirent.

481 5511 598 5586 (68)
654 5517 749 5568 Ἐν
768 5516 850 5582 τῷ
872 5519 992 5586 ὄρει
1008 5511 1091 5582 ἶνῷ
1112 5511 1271 5583 παρὰ
1294 5513 1416 5580 τοῖς
1432 5516 1482 5566 Γ
1483 5511 1721 5586 αρίζειν.
1763 5511 1839 5586 De
1858 5513 1987 5586 diuo-

407 5583 531 5638 rum
566 5583 834 5640 montium
869 5583 1120 5647 istorum,
1156 5586 1401 5645 Garizin,
1432 5594 1486 5638 et
1516 5583 1704 5640 Hebal.
1737 5584 1850 5637 sive
1878 5583 1985 5638 Ge-

408 5656 520 5717 bal,
551 5656 682 5717 situ,
719 5657 861 5711 idem
896 5659 1076 5713 sentit
1105 5655 1461 5725 Epiphanius,
1491 5656 1635 5723 quod
1687 5653 1982 5725 Eus_ebius,

409 5725 461 5779 si
497 5725 546 5779 is
578 5734 769 5780 auctor
815 5736 900 5782 est
943 5729 1068 5782 libri
1105 5727 1183 5780 De
1209 5723 1351 5780 locis
1385 5725 1544 5780 Hebr.
1581 5740 1742 5793 quem
1787 5723 1980 5777 Latine

409 5795 576 5849 vertit
610 5794 830 5852 Hieron.
870 5799 945 5854 lbi
979 5799 1122 5854 enim
1170 5799 1235 5850 ad
1279 5795 1687 5850 llierichuntem
1722 5795 1976 5860 collocat,

2079 1935 2228 1990 tione
2257 1952 2426 1989 unum
2466 1935 2634 1990 Deum
2667 1943 3031 2007 agnoscerent
3066 1950 3077 1984 :
3113 1951 3292 2003 neque
3343 1935 3658 1989 accuratius

2081 2027 2380 2096 quidquam
2415 2027 2520 2097 25
2549 2027 2842 2098 exquirere
2895 2027 3208 2080 voluerunt.
3244 2024 3409 2079 Iidem
3443 2041 3573 2079 vero
3600 2028 3656 2077 in

2081 2133 2324 2173 errorem
2354 2119 2618 2189 prolapsi,
2644 2134 2822 2188 neque
2842 2133 3034 2172 omnes
3065 2118 3186 2172 fidei
3217 2126 3420 2172 nostra:
3449 2127 3654 2185 partes.

2083 2217 2177 2264 aut
2213 2210 2484 2280 integram
2518 2211 2686 2264 vitam
2729 2217 2922 2266 exacte
2967 2210 3259 2279 complexi,
3313 2217 3660 2263 mortuorum

2083 2302 2544 2356 resurrectionem
2601 2305 2880 2374 ignorant,
2933 2317 3035 2357 nec
3099 2302 3215 2355 ﬁeri
3249 2317 3410 2371 posse
3443 2309 3660 2366 putant.

2085 2391 2290 2448 Deinde
2322 2391 2586 2464 Spiritum
2637 2403 2891 2449 sanctum
2921 2394 3202 2463 rejiciunt,
3249 2410 3412 2464 quem
3473 2393 3662 2462 utique

2086 2487 2358 2542 nesciunt.
2400 2486 2506 2541 Sed
2541 2487 2679 2541 illud
2723 2488 2855 2541 huic
2890 2488 3084 2542 hairesi
3113 2487 3365 2556 contigit,
3419 2493 3480 2540 ut
3531 2485 3662 2538 dum

2085 2586 2429 2632 mortuorum
2451 2582 2912 2634 resurrectionem
2943 2579 3235 2650 improbat,
3269 2579 3663 2633 idololatriam-

2086 2685 2194 2739 que
2219 2671 2450 2740 respuit,
2481 2671 2535 2724 in
2568 2686 2686 2725 eam
2716 2671 3036 2736 imprudens
3068 2671 3328 2726 inciderit
3355 2690 3369 2724 :
3403 2670 3550 2741 quod
3573 2684 3664 2722 ιιλ-

2087 2762 2299 2816 tionum
2328 2770 2569 2830 quatuor
2599 2763 2895 2816 simulacra
2921 2764 2976 2816 in
3002 2773 3185 2818 monte
3210 2764 3447 2832 quodam
3473 2762 3665 2817 occul-

2087 2859 2200 2905 tata
2217 2864 2368 2913 sunt,
2394 2852 2488 2922 qui
2513 2852 2705 2906 abillis
2730 2851 2954 2907 Garizin
2979 2852 3361 2908 fraudulenter
3383 2849 3664 2924 cognomi-

2089 2952 2253 2999 natus
2291 2956 2395 3000 est.
2428 2943 2563 2998 Nam
2607 2946 2653 2999 si
2682 2947 2806 3016 quis
2830 2945 2897 3001 de
2929 2955 3114 3000 monte
3143 2945 3367 3000 Garizin
3393 2947 3665 3017 explorati

2090 3033 2295 3104 aliquid
2323 3034 2524 3089 habere
2553 3035 2707 3100 velit,
2745 3036 3033 3090 sciendum
3061 3045 3147 3092 est
3189 3038 3255 3091 ad
3287 3036 3664 3092 Jerichuntem

2093 3126 2231 3181 duos
2274 3121 2396 3181 esse
2437 3135 2653 3181 montes
2674 3166 2688 3190 ,
2727 3127 2947 3181 Garizin
2982 3143 3045 3182 ac
3077 3128 3276 3192 Gebal,
3305 3130 3446 3184 ultra
3470 3128 3664 3183 Jorda-

2084 3232 2232 3282 nem,
2263 3218 2356 3287 qui
2392 3215 2771 3274 Jerichuntem
2820 3220 2888 3273 ab
2920 3220 3134 3274 oriente
3165 3219 3491 3290 respiciunt,
3525 3231 3582 3272 ut
3612 3220 3666 3271 in

2086 3307 2512 3364 Deuteronomio
2545 3310 2566 3340 '
2627 3318 2681 3366 et
2713 3311 2852 3366 libro
2882 3310 3012 3366 .lesu
3044 3310 3192 3366 Nave
3219 3311 3485 3381 scriptum
3509 3319 3594 3366 est
3615 3312 3664 3363 ³.

2085 3401 2467 3471 Imprudentes
2501 3417 2634 3472 ergo
2664 3405 2961 3459 simulacra
2984 3414 3340 3469 venerantur,
3371 3419 3496 3458 cum
3523 3403 3667 3457 inter

2084 3493 2352 3547 orandum
2403 3495 2647 3566 undique
2709 3511 2768 3551 se
2818 3495 2885 3550 ad
2916 3504 3158 3551 montem
3216 3497 3368 3554 velut
3414 3505 3666 3550 sanctum

2084 3583 2402 3637 obvertunt.
2461 3582 2602 3641 Fieri
2652 3585 2795 3639 enim
2840 3602 2949 3642 non
3005 3595 3208 3657 potest,
3256 3595 3318 3642 ut
3379 3585 3668 3657 Scriptura

2086 3676 2323 3731 mendax
2359 3677 2452 3738 sit,
2480 3692 2601 3748 qua:
2630 3676 2801 3732 dicit:
2835 3677 3152 3733 Manserunt
3185 3679 3348 3749 legem
3379 3688 3668 3740 servantes,

2083 3778 2136 3823 et
2196 3768 2482 3824 adorantes
2532 3770 2826 3824 simulacra
2889 3787 2989 3825 sua
3018 3812 3033 3836 ,
3095 3788 3258 3844 usque
3318 3772 3387 3826 ad
3441 3789 3667 3843 praesen-

2087 3871 2190 3914 tem
2241 3860 2416 3926 diem,
2468 3871 2529 3917 ut
2584 3864 2640 3918 in
2686 3861 2754 3918 lV
2805 3859 3118 3924 Regnorum
3189 3865 3333 3920 libro
3390 3866 3668 3936 proditum

2093 3963 2179 4011 est
2212 3957 2253 4008 ⁸.

2157 4131 2245 4186 Ill.
2276 4131 2435 4198 Quod
2464 4148 2593 4189 vero
2623 4140 2690 4188 ad
2719 4143 3064 4190 mortuorum
3086 4136 3548 4191 resurrectionem
3579 4144 3668 4189 at-

2087 4222 2246 4287 tinet,
2280 4227 2517 4294 primum
2546 4240 2736 4280 eorum
2787 4241 2947 4280 error
2995 4242 3060 4282 ex
3087 4227 3275 4283 Abelis
3321 4228 3548 4283 historia
3584 4244 3670 4284 re:-

2088 4314 2324 4383 fellitur;
2357 4317 2517 4385 cujus
2549 4317 2772 4386 sanguis
2800 4318 2883 4372 vel
2936 4327 3057 4388 post
3091 4320 3300 4374 obitum
3335 4335 3458 4375 cum
3489 4319 3670 4374 Domi-

2088 4423 2160 4460 no
2191 4408 2497 4463 collocutus
2529 4418 2614 4463 est
2649 4410 2692 4460 ⁸.
2722 4408 2887 4478 Atqui
2922 4411 3147 4481 sanguis
3198 4413 3378 4464 anima
3407 4428 3514 4466 non
3562 4422 3669 4477 est,
3748 4411 3750 4414 ’

2091 4499 2187 4555 sed
2215 4500 2358 4554 inest
2391 4515 2453 4554 ea
2489 4499 2544 4553 in
2600 4501 2885 4570 sanguine.
2920 4501 3107 4573 Neque
3141 4518 3272 4557 vero
3321 4503 3459 4557 dixit.
3488 4519 3500 4553 :
3536 4505 3671 4556 Ani-

2097 4609 2185 4646 ma
2213 4593 2358 4646 illius
2396 4592 2597 4645 clamat
2641 4593 2710 4645 ad
2737 4610 2818 4646 me
2865 4611 2883 4648 :
2918 4603 2978 4648 ut
3009 4609 3159 4664 spem
3211 4610 3335 4650 esse
3379 4609 3669 4665 corporum

2095 4683 2521 4740 resurrectionis
2571 4685 2909 4739 ostenderet.
2951 4685 3108 4740 Adde
3143 4684 3293 4756 quod
3354 4684 3544 4740 Enoch
3603 4700 3671 4739 ne

2097 4783 2330 4830 mortem
2370 4775 2549 4830 obiret
2582 4777 2889 4832 translatus
2918 4785 3024 4844 est,
3070 4791 3173 4832 nec
3202 4787 3392 4848 postea
3422 4786 3672 4848 repertus

2879 4935 2900 4966 ⁵
2938 4934 3074 4990 Gen.
3111 4950 3183 5001 iv,
3217 4934 3284 4989 10

2086 5099 2142 5146 ει
2171 5092 2550 5147 Samaritanos
2581 5093 2851 5148 mendacii
2881 5093 3099 5163 arguit;
3129 5093 3222 5162 qui
3251 5091 3472 5163 eosdem
3501 5107 3672 5160 prope

2089 5163 2334 5227 Sichem,
2366 5168 2480 5219 sive
2506 5165 2810 5218 Samariam
2843 5161 3274 5218 consumebant.
3302 5163 3371 5214 At
3396 5161 3669 5230 Iosephus

2087 5234 2182 5289 lib.
2217 5250 2290 5295 Iv,
2320 5249 2371 5288 c.
2401 5236 2454 5298 8,
2489 5235 2962 5288 Samaritanorum
3005 5233 3252 5302 Opinioni
3284 5231 3614 5301 suﬂ‘ragatur
3652 5253 3666 5287 :

2088 5319 2301 5359 necnon
2333 5315 2387 5359 et
2419 5306 2513 5360 lib.
2548 5319 2624 5370 χι,
2651 5321 2771 5374 cap.
2805 5305 2981 5374 8.7ubi
3010 5304 3076 5358 de
3105 5303 3506 5374 templo,_quod
3540 5303 3667 5356 Alc-

2089 5374 2286 5428 xandri
2320 5375 2497 5445 Magni
2531 5372 2777 5442 tempore
2803 5393 2830 5427 ιι
2861 5373 3298 5445 Samaritanisin
3325 5372 3546 5425 Garizin
3574 5389 3671 5427 ex-

2089 5453 2360 5500 structum
2402 5444 2506 5512 est,
2531 5445 2816 5498 historiam
2850 5444 3087 5514 explicat
3115 5458 3314 5514 {quam
3337 5451 3392 5496 tu
3421 5447 3666 5514 consule.

2095 5515 2204 5570 Sed
2249 5516 2492 5569 omnium
2546 5511 2958 5568 accuratissime
3012 5513 3079 5567 de
3108 5511 3326 5566 Garizin
3359 5521 3412 5568 et
3445 5512 3668 5568 Hebalis

2091 5588 2201 5640 situ
2237 5588 2458 5640 disserit
2488 5585 2897 5640 eruditissimus
2934 5583 3139 5638 Masius
3177 5583 3243 5636 ad
3278 5599 3397 5653 cap.
3431 5599 3530 5638 vm
3573 5583 3668 5636 Jo-

2090 5672 2210 5717 sue,
2237 5666 2291 5711 et
2338 5657 2602 5710 adversus
2637 5654 2994 5709 Mei-calorem
3040 5653 3302 5708 Samaria:
3328 5655 3665 5724 propinquos

2089 5728 2226 5784 istos
2257 5743 2382 5784 esse
2411 5727 2577 5782 colles
2607 5725 2854 5796 pluribus
2884 5725 3221 5795 argumentis
3250 5723 3501 5780 adiuuat.
