4204 6370
523 345 631 403 227

1943 339 1999 394 S.
2042 340 2383 397 EPIPIIANI]

3693 341 3802 397 2'18

522 470 608 516 est
653 461 691 514 ¹.
728 457 868 525 Quid
924 454 1071 527 quod
1130 462 1183 509 et
1244 454 1408 509 Sarra
1456 454 1692 525 idipsum
1744 454 2103 523 demonstrat,

2213 458 2308 529 τὴν
2338 460 2571 529 μήτραν,
2601 460 2693 513 καὶ
2718 460 2814 530 τὴν
2842 458 2885 490 ¹⁰
2919 458 3020 528 γῆν
3046 458 3163 511 κατ’
3188 459 3409 529 ἐθισμὸν
3443 457 3793 529 ξηρανθῆναι,

523 553 655 606 dum
684 552 843 605 eﬂeto
887 549 1000 618 jam
1053 555 1230 609 utero,
1285 548 1706 616 suppressisqne
1732 546 2030 601 menstruis
2062 550 2105 612 ’,

523 645 817 715 genitalem
870 643 975 694 vim
1007 642 1188 695 denuo
1221 639 1288 693 ad
1333 638 1821 709 proseminandum
1882 638 2106 708 accipit,

524 752 588 789 ac
623 735 779 789 senio
831 732 1080 786 confecta
1126 732 1297 784 tilium
1359 730 1721 783 nihilominus
1756 743 1820 781 ex
1873 727 2108 797 promis-

524 831 681 882 sione
718 826 955 896 parturit
990 825 1032 887 ³,
1091 824 1163 878 ob
1210 836 1362 892 spem
1399 829 1643 876 venturze
1690 819 1984 889 aliquando
2025 834 2110 872 re-

523 916 1093 981 surrectionis?Qnin
1129 917 1293 967 etiam
1328 912 1499 967 Jacob
1528 914 1656 965 dum
1689 913 1755 966 de
1790 912 1906 967 suis
1960 910 2094 964 ossi-

526 1012 626 1064 bus
672 1017 757 1063 est
808 1008 1081 1061 sollicitus
1125 1006 1185 1069 ³,
1244 1021 1353 1057 ιιοιι
1388 1004 1577 1072 utique
1622 1002 1689 1056 de
1728 1002 1813 1057 his
1848 1011 2108 1069 tanquam

526 1101 785 1172 perituris
815 1098 1073 1153 mandata
1104 1099 1222 1151 suis
1257 1096 1500 1165 reliquit.
1542 1096 1696 1161 Quod
1736 1096 1913 1163 ipsum
1942 1093 2105 1147 .lose-

526 1196 668 1264 phus
715 1201 903 1264 postea
952 1192 1275 1261 praecipiens
1322 1190 1365 1254 ⁵,
1416 1189 1840 1243 resurrectionis
1872 1186 2107 1256 speciem

526 1285 894 1341 adunibravit.
936 1283 1089 1337 Adde
1124 1281 1451 1335 Aaronicam
1487 1280 1721 1348 virgam,
1779 1292 1900 1345 qua:
1928 1275 2109 1329 arefa-

526 1390 614 1435 cta
645 1377 993 1451 germinavit,
1053 1374 1375 1443 fructusque
1409 1370 1636 1441 protulit
1663 1370 1684 1399 ⁶
1708 1407 1722 1430 ,
1774 1377 1833 1421 ut
1859 1374 2109 1421 emortua

528 1474 809 1525 hominum
840 1484 1068 1538 corpora
1094 1466 1161 1520 ad
1186 1466 1309 1519 vitae
1338 1479 1488 1533 spem
1513 1461 1805 1516 excitanda
1830 1470 2109 1514 monstra-

528 1570 646 1629 ret;
681 1562 732 1615 id
763 1560 908 1615 enim
943 1560 1007 1612 ad
1051 1555 1406 1613 astruendam
1440 1552 1908 1608 resurrectionem
1938 1552 2108 1621 perti-

528 1656 667 1709 nuit.
702 1652 809 1707 Sed
835 1661 888 1707 et
912 1651 1079 1705 Mosis
1110 1650 1263 1719 virga
1290 1648 1468 1718 lignea
1525 1646 1764 1699 animata
1798 1644 1893 1698 Dei
1920 1643 2107 1712 jussu,

527 1757 580 1801 et
611 1748 662 1799 in
696 1762 927 1816 anguem
976 1757 1244 1797 conversa
1280 1742 1298 1771 "
1344 1739 1804 1794 resurrectionem
1832 1736 2115 1805 signitica-

2210 539 2366 607 αὖθις
2411 545 2929 617 ἀναζωογονουμένη
2975 547 3053 609 εἰς
3096 547 3400 614 καταϐολὴν
3448 549 3796 617 σπέρματος,

2211 636 2305 689 καὶ
2343 639 2375 707 ὴ
2410 637 2709 707 πρεσϐῦτις
2738 639 3040 692 κυῖσκουσα
3072 640 3262 691 τέκνον
3305 639 3425 691 κατ’
3466 638 3796 707 ἐπαγγελίαν

2210 727 2298 779 διὰ
2332 728 2431 796 τὴν
2462 728 2653 783 ἐλπίδα
2681 730 2779 799 τῆς
2806 730 3176 794 ἀναστάσεως.
3208 732 3281 784 Οὐ
3318 731 3425 801 μὴν
3456 731 3510 783 δὲ
3538 728 3672 784 ἀλλά
3702 731 3798 784 καί⁸

2224 819 2439 881 Ἰακὼϐ,
2470 821 2865 891 ἐπιμελόμενος
2896 820 3006 873 τῶν
3044 822 3190 875 ἰδίων
3224 822 3445 879 ὀστέων.
3480 820 3555 883 ὡς
3584 818 3645 874 οὔ
3672 821 3798 892 περὶ

2210 912 2598 982 ἀπολλυμένων
2650 913 2979 969 ἐνετέλλετο.
3033 913 3107 967 Οὐ
3158 912 3319 983 μόνον
3363 912 3455 976 δέ,
3515 909 3650 965 ἀλλά
3705 916 3799 966 καλ.

2223 1001 2418 1073 Ἰωσὴφ
2462 1006 2527 1074 τῇ
2574 1005 2711 1075 αὐτῇ
2748 1005 3039 1076 ἀκολουθίᾳ
3076 1004 3484 1075 ἐντελλόμενος,
3524 1002 3623 1075 τῆς
3664 1002 3797 1058 ἀνα-

2214 1094 2452 1157 στάσεως
2482 1096 2748 1163 ὑπέφαινε
2792 1097 2854 1149 τὸ
2888 1094 3047 1161 εἶδος.
3094 1098 3170 1149 Οὐ
3211 1096 3317 1168 μὴν
3350 1098 3405 1151 δέ
3464 1096 3599 1151 ἀλλὰ
3629 1098 3724 1150 καὶ
3762 1100 3795 1168 ἡ

2213 1184 2408 1255 ῥάϐδος
2441 1185 2535 1238 τοῦ
2573 1186 2786 1258 Ἀαρὼν
2818 1188 2851 1257 ἡ
2894 1186 3246 1257 βλαστήσασα
3285 1186 3425 1257 ξηρά
3471 1182 3605 1239 οὖσα
3641 1183 3797 1249 αὖθις

2212 1276 2423 1347 καρπὸν
2446 1278 2677 1347 ἤνεγκεν
2713 1282 2792 1342 είς
2826 1279 3017 1332 ἐλπίδα
3050 1279 3218 1349 ζωῆς,
3254 1279 3323 1331 τά
3362 1278 3530 1349 νεκρᾶ
3569 1277 3797 1348 σώματα

2212 1368 2368 1438 ἡμῶν
2414 1369 2819 1439 ἀναστήσεσθαι
2863 1369 3247 1439 σημαίνουσα,
3282 1371 3363 1431 εἰς
3409 1370 3703 1422 ἀνάστασιν
3739 1369 3797 1421 δὲ

2213 1458 2469 1529 φέρουσα.
2501 1460 2611 1512 Καὶ
2655 1461 2688 1530 ἡ
2724 1460 2816 1513 τοῦ
2866 1459 3142 1523 Μωῦσέως
3191 1460 3248 1513 δὲ
3284 1460 3479 1530 ῥάϐδος
3521 1460 3719 1528 ὁμοίως
3762 1461 3797 1529 ἡ

2214 1548 2397 1621 ξυλίνη
2422 1551 2564 1604 κατά
2592 1552 2727 1604 Θεοῦ
2763 1552 3011 1623 βούλημα
3055 1552 3341 1622 ὲψυχοῦτο,
3370 1553 3464 1605 καὶ
3495 1552 3618 1621 ὄφις
3653 1570 3800 1620 γινο-

2214 1641 2353 1713 μένη
2388 1645 2684 1697 ἀνάστασιν
2719 1645 2934 1715 ἐδήλου.
2986 1645 3144 1699 Ἀλλά
3176 1646 3269 1697 καὶ
3288 1646 3527 1715 Μωῡσῆς
3561 1640 3798 1713 εὐλογῶν

2212 1736 2337 1799 τοὺς
2371 1738 2497 1807 περὶ
2529 1737 2777 1805 Ῥουϐἱμ,
2814 1737 2989 1804 λέγει·
3041 1736 3209 1802 Ζήτω
3262 1736 3528 1807 Ῥουόὶμ,
3574 1737 3673 1790 καὶ
3710 1736 3797 1806 μὴ

529 1840 641 1894 bat.
668 1838 944 1908 261dem
978 1850 1143 1906 porro
1196 1833 1410 1903 Moyses
1443 1829 1727 1885 Rubenitis
1771 1828 2108 1883 benedicens

2216 1825 2582 1889 ἀποθανέτω,
2614 1825 2705 1879 τὸν
2736 1826 2843 1879 ἀπὺ
2880 1827 3046 1879 πάλαι
3081 1826 3500 1897 τελευτήσαντα,
3534 1829 3619 1881 ἵνα
3654 1826 3798 1897 ζωὴν

528 1930 603 1982 ita
662 1930 952 1997 loquitur:
1016 1924 1166 1979 Vivat
1222 1922 1453 1987 Ruben,
1506 1928 1557 1975 et
1614 1937 1717 1973 non
1776 1919 2039 1973 moriatur
2062 1919 2105 1973 ⁸.

528 2019 682 2083 Quod
723 2020 772 2073 ei
808 2028 1085 2088 precatur,
1140 2014 1234 2085 qui
1259 2014 1579 2083 jamdudum
1619 2030 1650 2067 e
1686 2013 1824 2066 vivis
1854 2027 2109 2066 excesse-

526 2119 613 2163 rat
638 2130 652 2177 ;
683 2128 790 2182 quo
815 2110 979 2164 vitam
1004 2110 1165 2162 aliam
1189 2124 1312 2163 esse
1346 2114 1469 2176 post
1491 2104 1701 2160 obitum
1730 2105 1977 2166 doceret,
2006 2118 2109 2157 nec

526 2218 637 2257 non
668 2214 721 2257 et
747 2203 1040 2272 judicium,
1093 2201 1145 2253 in
1182 2215 1291 2270 quo
1342 2198 1591 2251 homines
1641 2196 1883 2249 secunda
1934 2204 2109 2249 morte

524 2292 881 2347 damnantur.
916 2293 1094 2361 Atque
1151 2290 1273 2345 ideo
1323 2288 1597 2358 duplicem
1656 2286 1732 2339 illi
1770 2286 2111 2339 benedictio-

529 2401 654 2439 nem
709 2383 972 2452 impertit.
1018 2382 1191 2442 Vivat,
1233 2382 1431 2451 inquit,
1471 2380 1525 2433 in
1558 2381 1966 2433 resurrectione
1997 2376 2110 2431 sci-

529 2473 688 2537 licet;
743 2487 903 2540 neque
938 2472 1219 2533 moriatur,
1283 2471 1337 2523 in
1396 2469 1624 2538 judicio.
1674 2467 1886 2533 Quibus
1921 2467 2108 2521 verbis

529 2579 639 2617 non
677 2562 824 2616 illam
851 2571 1080 2616 mortem
1118 2562 1467 2633 signiﬁcavit,
1496 2576 1617 2629 qua:
1647 2560 1701 2613 in
1735 2559 2043 2612 animorum
2076 2572 2107 2610 a

527 2670 763 2725 corpore
784 2656 1135 2725 separatione
1165 2656 1433 2714 cernitur,
1467 2651 1563 2706 sed
1592 2666 1709 2705 eam
1744 2650 1949 2719 potius,
1984 2664 2107 2718 qua:

528 2747 582 2801 iu
620 2747 972 2800 damnatione
1022 2746 1302 2801 consistit.
1362 2743 1544 2797 Pauca
1599 2742 1713 2795 haec
1746 2739 1812 2793 ad
1851 2749 2104 2794 everten—

525 2841 655 2894 dum
712 2840 930 2892 illorum
983 2852 1227 2892 errorem
1284 2835 1579 2891 sufficient.
1622 2832 1835 2887 [labent
1883 2841 1935 2885 et
1970 2832 2109 2886 alios

525 2941 738 2986 veteres
766 2934 902 2984 ritus
948 2945 1071 2982 cum
1132 2936 1375 2981 extrema
1432 2926 1705 2981 dementia
1755 2924 2105 2993 conjunctos.

2213 1915 2360 1987 δείξῃ
2390 1912 2530 1970 εἶναι
2561 1916 2699 1987 μετά
2724 1916 2974 1983 θάνατον,
3003 1918 3186 1991 κρίσιν
3207 1919 3265 1972 δὲ
3290 1918 3542 1989 δευτέρου
3566 1920 3795 1972 θανάτου

2215 2009 2293 2068 εἰς
2324 2008 2646 2078 καταδίκην.
2687 2010 2778 2061 Διὸ
2812 2009 2904 2062 δύο
2938 2010 3189 2079 εὐλογίας
3223 2007 3372 2082 αὐτῷ
3409 2011 3707 2082 ἐπιτίθησι,
3737 2011 3798 2064 τὸ

2212 2098 2400 2163 Ζήτω,
2428 2098 2623 2166 ὶεέγων,
2656 2102 2713 2151 ἐν
2744 2102 2807 2170 τῇ
2845 2101 3163 2165 ἀναστάσει,
3200 2102 3299 2155 καὶ
3327 2101 3413 2170 μὴ
3448 2102 3797 2155 ἁποθανέτω

2213 2189 2283 2242 ὲν
2312 2189 2527 2256 κρῖσει.
2558 2189 2619 2241 οὺ
2664 2188 2889 2242 θάνατον
2937 2190 3030 2241 τὸν
3066 2190 3154 2243 διὰ
3192 2189 3443 2259 σώματος
3477 2189 3797 2259 ἀπαλλαγῆς

2214 2279 2408 2348 λέγων,
2438 2280 2574 2332 ἀλλά
2615 2280 2704 2333 τὸν
2746 2280 2833 2332 διὰ
2873 2281 3193 2351 καταδίκης.
3248 2281 3496 2352 Ἀρκέσει
3541 2279 3672 2349 γοῦν
3729 2280 3798 2333 τά

2212 2370 2370 2441 ὀλίγα
2417 2373 2553 2443 πρὸς
2590 2373 2865 2427 ἀντίθεσιν
2911 2373 3116 2426 τούτων
3167 2373 3485 2443 Ἔχουσιδέ
3540 2374 3633 2425 καὶ¹
3665 2372 3799 2427 ἄλλα

2211 2467 2332 2519 τινὰ
2366 2466 2551 2529 ἀνοίας
2579 2465 2675 2536 ἔθη
2702 2466 2937 2519 παλαιά⁸
2969 2464 3114 2536 οΰρῳ
3141 2465 3485 2535 κλυζόμενοι,
3519 2466 3657 2518 ἐπάν
3692 2466 3800 2519 ἀπὸ

2213 2556 2371 2628 ξένης
2403 2557 2620 2619 ἔλθωσι,
2649 2557 3012 2627 μεμιασμένοι
3032 2558 3222 2628 δῆθενο
3252 2556 3406 2611 ὕδατι
3436 2557 3531 2609 σὺν
3565 2557 3799 2627 ἱματίοις

2214 2648 2625 2718 βαπτιζόμενοι,
2662 2650 2801 2703 ἐπὰν
2831 2650 3075 2720 ἅψωνται
3108 2649 3295 2720 ἐτέρου
3326 2648 3434 2702 τῶν
3477 2648 3797 2703 ἀλλοεθνῶν.

2213 2741 2470 2811 Μιασμὸν
2498 2740 2605 2811 γὰρ
2633 2741 2891 2811 ἡγοῦνται
2919 2742 2979 2795 τὸ
3008 2741 3153 2805 τινὸς
3180 2741 3444 2812 ἅψασθαι,
3472 2742 3591 2813 ἦτοι
3625 2741 3800 2808 θίγειν

2214 2833 2374 2886 ἀλλου
2420 2833 2564 2896 τινὸς
2602 2832 2894 2904 ἀνθρώπου
2939 2832 3035 2887 ἀπ’
3073 2833 3237 2887 ἄλλου
3289 2832 3576 2904 δόγματος.
3624 2830 3802 2903 Πολλὴ

2217 2926 2327 2997 γάρ
2364 2928 2396 2995 ἡ
2431 2926 2634 2981 τούτων
2663 2927 3075 2999 φρενοϐλάϐεια.

528 3015 663 3074 Nam
696 3028 749 3075 et
776 3021 908 3073 lotio
963 3018 1212 3089 perfundi
1268 3018 1495 3078 solent,
1545 3017 1763 3085 quoties
1804 3030 2034 3085 peregre
2100 3012 2322 3068 domum
2383 3015 2635 3082 redeunt,
2675 3027 2934 3088 tanquam
2997 3018 3178 3087 aliqua
3241 3018 3572 3088 contagione
3624 3016 3802 3086 polluc

526 3110 609 3177 ti;
642 3119 697 3165 et
731 3128 869 3182 aqua
897 3126 1021 3165 sese
1050 3117 1339 3178 vesteSque
1369 3124 1499 3163 suas
1523 3109 1775 3173 abluunt,
1812 3124 1936 3163 cum
1990 3109 2218 3164 alterius
2274 3113 2453 3182 gentis
2494 3115 2806 3185 quempiam
2844 3115 3142 3186 tetigerint.
3187 3113 3299 3169 Hac
3347 3116 3492 3168 enim
3550 3130 3608 3168 re
3662 3129 3802 3166 con-

527 3206 780 3259 taminari
809 3218 867 3256 se
901 3212 1113 3271 putant,
1163 3201 1209 3255 si
1245 3213 1575 3271 queinquam
1634 3201 1971 3268 mortalium,
2033 3210 2127 3255 aut
2155 3203 2385 3260 alterius
2437 3214 2603 3261 secta:
2665 3206 2942 3261 hominem
2989 3208 3283 3278 attingant.
3317 3206 3493 3260 Tanta
3544 3214 3629 3260 est
3683 3205 3800 3259 illo»

528 3310 649 3349 mm
688 3293 961 3348 vecordia.

607 3385 694 3437 IV.
727 3384 846 3439 Jam
880 3382 1336 3453 quemadmodum
1373 3382 1531 3437 facile
1563 3380 1818 3451 redargui
1853 3382 2101 3450 ipsorum

2280 3378 2353 3435 A'.
2406 3382 2531 3446 Πῶς
2566 3381 2623 3435 δὲ
2666 3381 3053 3451 εὐθυέλεγκτος
3097 3384 3130 3452 ἡ
3171 3382 3351 3435 αὐτῶν
3383 3381 3535 3435 ἄνοια
3571 3384 3799 3452 γίνεται,

527 3476 743 3534 insania
774 3475 969 3543 possit,
1001 3474 1373 3527 animadverte
1404 3491 1629 3543 quaeso;
1676 3490 1774 3526 nec
1812 3474 1921 3527 ullo
1944 3486 2113 3542 nego-

530 3568 611 3622 tio
639 3564 932 3636 percipies.
968 3562 1179 3615 Etenim
1212 3563 1413 3615 mortui
1437 3565 1671 3616 cadaver
1697 3564 2111 3626 abominantur,

527 3675 654 3714 cum
686 3657 797 3712 sint
828 3654 946 3709 suis
970 3653 1190 3723 ipsimet
1216 3652 1378 3709 factis
1406 3654 1627 3707 mortui.
1663 3654 1829 3724 Atqui
1873 3670 1980 3707 non
2005 3670 2114 3708 uno

527 3753 790 3813 alterove,
825 3748 921 3803 sed
954 3748 1182 3801 infinitis
1215 3746 1553 3801 testimoniis
1587 3747 1958 3810 convincitur,
1996 3763 2109 3801 non

526 3859 651 3899 esse
678 3850 1020 3894 mortuorum
1047 3854 1278 3908 corpora
1306 3836 1649 3893 detestanda.
1684 3836 1817 3890 Nam
1852 3836 1997 3905 quod
2029 3838 2111 3891 lex

527 3933 863 3989 contrarium
917 3930 1135 3984 videtur
1165 3946 1434 3991 asserere,
1486 3929 1633 3982 aliud
1686 3930 1945 3998 quiddam
1982 3931 2114 3982 ιριιί-

527 4027 711 4089 gmate
760 4018 1090 4072 adumbrare
1126 4019 1318 4071 voluit.
1364 4015 1480 4069 Non
1544 4018 1688 4071 enim
1748 4019 2005 4081 duorum,
2054 4025 2113 4071 ut

527 4109 665 4174 dixi,
722 4112 959 4165 triumve
1005 4111 1057 4164 id
1085 4110 1400 4163 testimonia
1435 4110 1811 4178 comprobant,
1864 4109 1958 4163 sed
1988 4126 2114 4163 sex-

527 4211 687 4257 centa
722 4202 912 4272 viginti
942 4202 1052 4255 duo
1081 4201 1247 4254 millia
1287 4200 1568 4253 hominum
1607 4200 1660 4252 in
1704 4200 1944 4263 deserto,
1985 4201 2113 4253 toti-

527 4292 762 4361 demque
791 4291 918 4354 alia,
960 4300 1124 4361 atque
1150 4291 1216 4344 iis
1261 4291 1423 4344 etiam
1455 4291 1634 4358 plura.
1666 4290 1809 4355 Quin
1846 4299 1900 4344 et
1952 4290 2113 4360 longe

528 4383 783 4438 uberiora
814 4393 941 4439 sunt
978 4382 1276 4451 Scriptura:
1328 4383 1469 4445 loca,
1532 4397 1653 4451 qua;
1684 4372 1750 4435 de
1798 4382 2001 4446 loculo,
2054 4382 2109 4435 in

525 4491 637 4547 quo
667 4472 891 4544 Iosephi
920 4490 1048 4528 ossa
1079 4474 1302 4527 condita
1329 4480 1479 4537 sunt,
1512 4474 1843 4527 mentionem
1876 4474 2106 4527 faciunt.

2218 3474 2510 3545 ἐπίστησον
2542 3475 2633 3527 τὸν
2673 3475 2821 3537 νοῦν,
2851 3470 2895 3527 ῶ
2928 3474 3366 3546 θαυμασιώτατε,
3406 3476 3499 3528 καὶ
3530 3477 3669 3548 εἴσῃ.
3699 3479 3802 3531 Ne-

2217 3567 2348 3637 κρὸν
2382 3568 2479 3637 μὲν
2501 3566 2609 3637 γὰρ
2637 3566 2839 3628 εὐθέως
2869 3566 3240 3636 βδελύττονται
3269 3567 3425 3618 αὐτοὶ
3445 3569 3628 3638 νεκροὶ
3650 3569 3801 3633 ὄντες

2214 3660 2326 3722 τοῖς
2352 3658 2550 3728 ἔργοις.
2590 3658 2941 3730 Μαρτυροῦσι
2975 3660 3084 3730 γάρ
3113 3660 3174 3712 οὐ
3213 3659 3309 3730 μία
3336 3662 3633 3730 μαρτυρία,
3666 3662 3802 3716 ἀλλά

2216 3750 2429 3811 πολλαὶ,
2454 3748 2532 3819 τῷ
2569 3748 2644 3820 μὴ
2695 3745 2832 3802 εἶναι
2873 3749 2964 3801 τὸν
3006 3750 3195 3820 νεκρὸν
3233 3749 3644 3820 ἐϐδελυγμένον,
3686 3751 3800 3803 ἀλλ’

2214 3840 2296 3892 ὅτι
2324 3840 2740 3911 αἰνιγματωδῶς
2762 3841 2791 3891 ὁ
2825 3840 2985 3908 νόμος
3018 3840 3221 3905 ἔλεγεν.
3268 3839 3464 3891 Οὐκέτι
3497 3838 3606 3909 γὰρ
3641 3840 3733 3892 δύο
3766 3835 3799 3911 ἦ

2213 3933 2361 3999 τρεῖς
2385 3927 2681 4000 μαρτυρίαι
2713 3930 2792 3991 είς
2814 3925 2972 3981 τοῦτο
2995 3931 3125 3999 ἡμῖν
3151 3927 3640 3999 ἐπιμαρτυροῦσιν,
3667 3928 3802 3981 ἀλλὰ

2218 4020 2475 4089 μυριάδες
2503 4016 2766 4089 ἐξήκοντα
2791 4018 2884 4071 δύο
2912 4018 3004 4069 τὸν
3030 4018 3261 4088 ἀριθμὸν
3284 4019 3340 4070 ἐν
3373 4020 3439 4088 τῇ
3468 4020 3678 4089 ἐρήμῳ,
3706 4019 3800 4070 καὶ

2213 4111 2371 4165 ἄλλαι
2401 4109 2686 4170 τοσαῦται,
2723 4111 2817 4163 καὶ
2861 4110 3141 4173 ἐπέκεινα,
3180 4110 3273 4163 καὶ
3301 4110 3379 4162 ἔτι
3421 4111 3554 4163 πολὺ
3585 4110 3800 4173 πλείους

2214 4203 2270 4256 αἱ
2302 4204 2368 4273 τῇ
2404 4199 2549 4273 σορῷ
2586 4200 2682 4253 τοῦ
2730 4199 2926 4271 Ἰωσὴφ
2963 4200 3440 4271 ἐπιμαρτυροῦσαι
3469 4204 3533 4271 τῇ
3557 4200 3644 4252 διὰ
3674 4218 3800 4253 τες-

2216 4292 2525 4363 σαράκοντα
2559 4289 2697 4343 ἐτῶν
2729 4288 3109 4361 βασταζομένῃ
3136 4290 3191 4341 ὲν
3219 4288 3313 4359 ὅλῃ
3347 4290 3414 4359 τῇ
3453 4289 3795 4360 παρεμϐολῇ,

2214 4387 2307 4439 καὶ
2344 4386 2416 4456 μὴ
2460 4385 2887 4455 βδελυττομένῃ,
2946 4385 3084 4455 μήτε
3143 4383 3466 4455 μολυνούσῃ.
3510 4368 3797 4452 Ἔλεγεδέ

2212 4478 2419 4547 τάληθῆ
2470 4478 2498 4528 ὁ
2540 4477 2740 4546 νόμος,
2795 4476 2909 4536 ὅτι,
2958 4474 3095 4527 Ἐάν
3140 4492 3231 4539 τις
3278 4474 3503 4541 ἅψηται
3546 4474 3793 4540 νεκροῦ,

527 4565 631 4632 Qui
667 4566 877 4619 loculus
910 4564 1272 4634 quadraginta
1296 4570 1443 4616 tutos
1477 4578 1651 4617 annos
1688 4564 1742 4617 in
1773 4564 1972 4618 castris
1997 4566 2108 4618 cir-

2213 4566 2375 4635 μένει
2398 4565 2664 4632 ,ϐέϐηλος
2702 4564 2813 4629 ἕως
2840 4561 3123 4629 ἑσπέρας,
3150 4562 3248 4617 καὶ
3273 4563 3561 4615 λούσεται
3597 4562 3792 4623 ὕδατι,

528 4659 801 4711 cumlatus
858 4673 1035 4726 neque
1076 4657 1471 4711 abominationi
1526 4656 1650 4719 fuit,
1704 4673 1881 4727 neque
1913 4668 2107 4712 conta-

2214 4658 2313 4711 καὶ
2348 4655 2872 4725 καοίιρισθήσεται.
2899 4649 3008 4705 ἾΙν
3042 4654 3097 4704 δέ
3124 4652 3282 4705 τοῦτο
3314 4654 3685 4722 αἰνιττόμενος
3718 4657 3798 4715 είς

528 4752 690 4821 gione
724 4764 822 4803 sua
850 4749 1028 4802 labem
1062 4748 1227 4801 ullam
1260 4748 1516 4817 aspersit.
1541 4748 1811 4803 Caaterum
1850 4765 1977 4803 vere
2007 4750 2108 4803 hoc

2213 4750 2313 4819 τὴν
2357 4748 2451 4801 τοῦ
2512 4746 2718 4816 Κυρίου
2773 4744 2929 4815 ἡμῶν
2994 4743 3163 4813 Ἰησοῦ
3216 4743 3451 4813 Χριστοῦ
3504 4744 3793 4816 νέκρωσιν,

527 4856 559 4894 a
594 4839 881 4910 Scriptura
913 4839 1120 4893 dictum
1154 4846 1239 4893 est
1272 4858 1285 4893 :
1319 4838 1381 4892 Si
1406 4840 1521 4909 quis
1554 4850 1820 4893 mortuum
1884 4840 2109 4910 tetigerit

528 4935 763 5003 pollutus
812 4931 880 4985 ad
927 4946 1194 5000 vesperam
1253 4947 1415 5000 usque
1468 4931 1813 4999 permanebit.
1877 4930 2011 4984 Tum
2054 4948 2109 4985 se

528 5042 666 5095 aqua
699 5024 918 5086 Iuvabit,
952 5040 1014 5075 ac
1046 5022 1419 5091 repurgabitur
1445 5023 1488 5076 ‘.
1515 5021 1730 5088 Quibus
1763 5023 1946 5078 verbis
1999 5023 2107 5077 [)0-

531 5119 659 5173 miui
696 5117 867 5171 nostri
902 5115 1029 5170 Jesu
1066 5115 1271 5169 Christi
1326 5124 1577 5177 mortem,
1616 5131 1679 5167 ac
1706 5126 2017 5184 susceptam
2050 5116 2106 5168 in

527 5225 756 5278 corpore
783 5209 1094 5279 passionem
1129 5206 1331 5260 innuit.
1366 5204 1444 5259 Ex
1471 5220 1537 5260 co
1570 5206 1742 5267 enim,
1789 5206 1936 5273 quod
1972 5207 2106 5259 arti-

523 5302 707 5353 culum
734 5298 1008 5369 apposuit,
1036 5297 1395 5352 distinctione
1416 5296 1661 5350 nominis
1692 5310 1832 5366 opus
1855 5312 1977 5351 esse
2002 5298 2103 5352 de-

596 5454 613 5483 ¹
643 5452 780 5505 Gen.
813 5469 868 5515 ν,
900 5452 990 5507 24.
1068 5454 1087 5483 ²
1118 5453 1252 5506 Gen.
1299 5466 1460 5515 xvm,
1489 5453 1575 5505 ll.

524 5521 546 5553 "
572 5522 741 5577 Exod.
772 5540 843 5589 Iv,
874 5525 910 5575 2
940 5540 1063 5592 sqq.
1139 5524 1160 5553 ⁸
1191 5523 1348 5577 Deut.
1381 5537 1580 5589 χχχιιι,
1621 5524 1674 5575 6.

1653 5452 1673 5481 ⁸
1701 5450 1837 5505 Gen.
1877 5468 1990 5517 XXI,
2025 5452 2081 5505 9..

596 5682 707 5750 (69)
761 5683 893 5737 Ἀπὸ
939 5682 1049 5752 γὰρ
1090 5684 1302 5735 τούτου
1332 5682 1437 5735 τοῦ
1471 5681 1956 5752 ἅρθρουκγᾹΓςξιιιιι
1984 5680 2109 5735 lunc-

523 5754 837 5809 cbservatio
866 5750 1038 5808 Graeci
1072 5755 1308 5817 articuli,
1334 5752 1427 5822 qui
1450 5756 1515 5807 ad
1547 5750 1742 5820 νεκροῦ
1769 5753 2090 5804 vocabulum

2158 5452 2181 5482 ⁸
2210 5452 2347 5505 Gen.
2380 5467 2551 5521 xux,
2576 5451 2668 5504 29.
2736 5450 2757 5481 ⁸
2787 5446 2923 5504 Gen.
2954 5464 3007 5511 1.,
3050 5451 3083 5505 5
3119 5467 3241 5521 sqq.

1753 5523 1773 5550 °
1805 5522 1978 5576 Levit.
2012 5538 2089 5583 xu,
2113 5521 2206 5587 24,
2238 5538 2361 5591 sqq.

2216 4839 2357 4893 κατὰ
2400 4838 2458 4890 τὸ
2500 4836 2761 4907 ἔνσαρκον
2799 4832 2963 4887 αὑτοῦ
3003 4832 3191 4897 πάθος.
3233 4833 3367 4886 Ἀπὸ
3394 4834 3503 4905 γάρ
3534 4836 3575 4865 ¹¹
3603 4838 3797 4888 τούτου

2215 4930 2309 4984 τοῦ
2333 4929 2535 5000 ἄρθρου
2556 4928 2667 4998 (69)
2685 4926 2785 4997 τὴν
2802 4925 3073 4996 διάκρισιν
3088 4926 3180 4978 τοῦ
3195 4925 3457 4995 ὀνόματος
3479 4926 3594 4979 ἐστι
3613 4929 3794 4997 σημᾶ-

2213 5040 2320 5075 ναι.
2347 5022 2521 5073 Ὂπου
2553 5018 2661 5087 γὰρ
2695 5015 2896 5087 ἄρθρον
2928 5016 3250 5087 πρόσκειται
3280 5017 3373 5069 ἐπὶ
3409 5020 3488 5071 ἐνι
3527 5037 3628 5071 τινι
3662 5020 3796 5089 ὠρι-

2218 5114 2399 5184 σμένῳ
2431 5111 2525 5164 καί⁵
2548 5107 2978 5179 διαφανεστάτῳ,
3008 5110 3227 5162 πάντων
3258 5110 3405 5163 ἐστιν
3435 5113 3468 5181 ἡ
3508 5112 3795 5182 βεϐαίωσις

2211 5206 2298 5259 διὰ
2350 5205 2410 5257 τὸ
2453 5203 2685 5274 ἄρθρον·
2716 5201 2844 5255 ἄνευ
2895 5201 2952 5255 δὲ
2997 5201 3093 5255 τοῦ
3136 5202 3340 5274 ἄρθρου
3393 5204 3486 5256 ἐπὶ
3538 5204 3655 5267 ἐνὸς
3702 5204 3793 5256 τοῦ

2212 5296 2462 5367 τυχόντος
2510 5295 2775 5366 ἀορίστως
2825 5294 2943 5347 ἐστὶ
2984 5293 3237 5369 ληπτέον.
3291 5296 3381 5358 Ὠς
3432 5289 3543 5347 οἷον
3584 5297 3792 5357 εἰπεῖν,

3320 5450 3341 5481 ⁸
3369 5446 3533 5506 Num.
3573 5465 3707 5514 xvn,
3738 5449 3771 5504 8

2444 5523 2486 5553 ¹⁰
2517 5520 2643 5576 For.
2677 5522 2882 5590 πηγήν.
2985 5523 3024 5551 ¹¹
3064 5520 3216 5592 Lego
3234 5520 3352 5587 τοῦ,
3382 5521 3499 5573 τοῦ.

2206 5682 2493 5751 appositus
2522 5689 2628 5741 est,
2661 5683 2770 5734 vim
2799 5680 2961 5735 habet
2994 5682 3219 5734 omnino
3252 5681 3495 5746 nullam;
3524 5688 3583 5733 ut
3615 5697 3784 5750 neque

2202 5754 2319 5806 loca
2346 5761 2563 5819 caetera,
2592 5768 2712 5822 qua:
2743 5753 3050 5807 illustraudi
3084 5753 3257 5823 gratia
3288 5752 3555 5820 congerit.
