4204 6370
408 304 517 363 229

1096 302 1467 359 ADVERSUS
1508 301 1851 358 HERESES
1889 301 2019 360 LIB.
2060 306 2102 361 l.
2140 304 2300 362 TOM.
2349 309 2389 362 l.
2430 338 2499 346 —
2538 307 2815 364 ILERES.
2852 309 2947 365 1X.

3562 313 3676 376 230

406 424 503 477 ἐὰν
550 419 833 489 εἴπωμεν,
882 417 1169 487 βασιλεὺς,
1219 418 1389 488 ὄνομα
1446 417 1542 487 μὲν
1589 417 1943 489 ἐσημάναμεν
1975 458 1989 481 ,

2103 429 2387 477 monstrat.
2440 422 2573 476 Nam
2625 424 2939 495 ubicunque
2994 427 3262 484 articulus
3311 430 3674 499 adjungitur,

406 514 521 568 ἀλλ’
558 513 618 565 οὐ
654 511 940 579 τηλαυγῶς
966 510 1057 563 τὸν
1086 510 1403 580 ὁριζόμενον
1433 506 1733 579 ἐδείξαμεν.
1760 510 1993 563 Βασιλέα

406 606 516 676 γὰρ
549 605 781 675 λέγομεν
822 603 916 655 καὶ
944 604 1190 673 Περσῶν,
1222 602 1317 655 καὶ
1359 601 1581 672 Μήδων,
1627 602 1722 654 καὶ
1767 602 1991 673 Έλαμι-

406 696 537 751 τῶν.
580 695 707 747 Ἐὰν
745 693 801 746 δὲ
851 692 988 763 μετά
1020 691 1339 764 προσθήκης
1365 692 1459 745 τοῦ
1500 691 1705 763 ἄρθρου
1748 692 1993 765 εἴπωμεν

409 790 438 841 6
488 787 762 859 βασιλεὺς,
812 784 1182 857 ἀναμφίὸολόν
1224 786 1340 837 ἐστι
1376 785 1437 838 τὸ
1474 786 1891 856 σημαινόμενον.
1934 787 1992 841 '0

410 885 518 955 γὰρ
537 882 798 953 ,βασιλεὺς
818 882 845 933 6
875 880 1229 951 ζητούμενος,
1260 878 1295 950 ἢ
1327 880 1355 932 6
1380 878 1689 950 λεγόμενος,
1714 880 1746 951 ἦ
1770 882 1799 933 6
1833 899 1993 949 γινω-

412 980 697 1049 σκόμενος,
730 978 765 1050 ἢ
796 978 825 1031 6
863 975 957 1030 τοῦ
996 993 1142 1039 τινος
1188 975 1486 1046 βασιλεύων
1522 976 1611 1031 διὰ
1649 977 1741 1031 τοῦ
1788 977 1990 1051 ἀρθρου

412 1071 809 1125 ὑποδείκνυται.
839 1069 944 1122 Καὶ
980 1068 1076 1122 ἐὰν
1111 1068 1374 1139 εἴπωμεν,
1423 1068 1562 1132 θεὸς,
1594 1069 1722 1124 ἄνευ
1762 1070 1858 1123 τοῦ
1895 1070 1994 1141 ἄρα

413 1163 565 1234 θρου,
591 1163 682 1216 τὸν
710 1164 943 1231 τυχόντα
984 1166 1218 1237 εἴπαμεν
1256 1165 1378 1219 θεὸν
1419 1163 1529 1217 τῶν
1569 1161 1760 1227 ἐθνῶν,
1790 1162 1823 1234 ἢ
1859 1161 1994 1231 Θεὸν

411 1255 503 1308 τὸν
538 1256 687 1309 ὄντα.
724 1256 850 1309 Ἐἀν
889 1256 947 1310 δὲ
984 1256 1251 1327 εἴπωμεν,
1289 1257 1318 1309 6
1356 1254 1508 1321 Θεὸς,
1547 1253 1724 1325 δῆλον,
1765 1252 1840 1316 ὡς
1883 1251 1993 1306 ἀπὸ

411 1347 506 1401 τοῦ
552 1350 580 1401 6
624 1347 829 1420 ἄρθρου
874 1349 967 1403 τὸν
999 1348 1129 1402 ὄντα
1176 1346 1544 1419 σημαίνομεν,
1576 1345 1754 1416 ἀληθῆ
1797 1361 1859 1397 τε
1897 1343 1995 1398 καὶ

413 1439 815 1509 γινωσκόμενον
836 1457 849 1470 ·
881 1439 957 1504 ὡς
998 1440 1093 1493 καὶ
1132 1438 1449 1508 ἄνθρωπος,
1494 1438 1588 1491 καὶ
1621 1438 1649 1490 6
1682 1435 1990 1507 ἄνθρωπος.

412 1532 593 1585 Καὶεί
627 1531 725 1603 μὲν
766 1531 951 1600 ἔλεγεν
993 1534 1020 1586 6
1057 1532 1248 1602 νόμος·
1292 1529 1436 1584 Ἐὰν
1470 1528 1711 1598 ἄψησθε
1752 1526 1991 1596 νεκροῦ,

413 1621 555 1676 κατά
603 1624 818 1678 πάντων
860 1623 1086 1696 ἐφέρετο
1125 1623 1154 1675 6
1182 1622 1362 1692 ψῆφος
1382 1660 1397 1685 ,
1428 1619 1521 1673 καὶ
1573 1619 1760 1683 ἁπλῶς
1790 1618 1994 1682 παντὸς

414 1715 609 1785 νεκροῦ
634 1711 701 1787 ἦν
725 1718 758 1786 ἡ
798 1716 1120 1786 ἐπικειμένη
1147 1714 1242 1768 τοῦ
1276 1715 1590 1786 ζητήματος
1620 1710 1765 1777 λέξις
1790 1727 1804 1741 ·
1830 1711 1993 1764 ὁπότε

2098 521 2249 566 certa
2278 528 2341 565 ac
2375 514 2661 583 perspicue
2684 516 2906 570 delinita
2943 532 3032 572 res
3057 518 3399 590 intelligitur.
3434 522 3563 577 Sine
3594 538 3679 578 ar—

2097 604 2267 659 ticulo
2295 605 2362 658 de
2394 606 2637 675 quolibet
2670 607 2847 676 accipi
2898 608 3110 663 inlinite
3138 611 3295 666 solet.
3333 611 3400 667 Ut
3439 617 3673 685 exempli

2095 712 2287 762 causa,
2308 700 2354 754 si
2379 715 2472 753 rex
2490 700 2702 765 dixero,
2736 712 2934 755 nomen
2966 702 3185 773 quidem
3217 706 3392 775 ipsum
3412 709 3631 764 declaro
3658 730 3672 766 :

2096 785 2221 854 quis
2253 786 2343 841 ille
2373 788 2465 850 sit,
2498 787 2568 843 de
2602 805 2712 859 quo
2736 790 2949 859 loquor,
3002 801 3190 863 aperte
3237 813 3349 851 non
3400 799 3673 869 signiﬁco.

2094 874 2296 947 Regem
2321 878 2465 931 enim
2514 886 2623 932 tam
2662 878 2978 949 Persarum,
3019 885 3125 954 27
3151 902 3315 955 quam
3365 888 3675 959 Medorum,

2096 979 2262 1041 atque
2308 970 2667 1027 Elamitarum
2712 977 3078 1045 appellamus.
3135 980 3291 1047 Quod
3339 985 3386 1037 si
3440 986 3677 1043 articulo

2094 1062 2261 1117 etiam
2293 1063 2563 1132 adhibito,
2597 1066 2685 1120 hic
2718 1083 2836 1135 rex,
2875 1070 3134 1140 dicimus,
3183 1090 3348 1131 nemo
3388 1093 3550 1147 quem
3584 1097 3679 1135 ve-

2095 1152 2260 1209 limus
2284 1156 2524 1225 ignorat.
2565 1157 2664 1213 llic
2694 1162 2838 1215 enim
2871 1178 2968 1217 rex
3029 1181 3095 1219 eo
3131 1168 3369 1222 articulo
3426 1180 3676 1233 notatur.

2098 1246 2167 1302 de
2192 1264 2301 1318 quo
2336 1251 2591 1319 quaestio,
2628 1253 2713 1307 vel
2743 1270 2925 1309 sermo
2964 1258 3167 1328 aliquis
3196 1260 3490 1329 inciderit;
3520 1264 3680 1319 deni-

2097 1351 2205 1405 que
2239 1339 2334 1407 qui
2368 1340 2437 1393 sit
2472 1342 2731 1411 cognitus
2765 1359 2827 1397 ac
2865 1352 3018 1399 certo
3069 1347 3302 1418 imperio
3337 1352 3675 1410 dominetur.

2100 1427 2363 1484 Similiter
2390 1447 2536 1494 cum,
2571 1433 2728 1497 deus,
2761 1436 3084 1507 simpliciter
3104 1456 3461 1512 usurpamus,
3487 1463 3681 1516 quem»-

2097 1520 2231 1577 libet
2260 1522 2427 1577 dcum
2457 1524 2715 1590 dicimus,
2758 1544 2857 1583 nec
2889 1531 3074 1587 minus
3109 1547 3257 1595 eum,
3318 1538 3465 1606 quia
3498 1540 3677 1608 genti-

2096 1612 2204 1670 bus
2233 1616 2456 1683 colitur,
2485 1635 2649 1689 quam
2668 1623 2759 1691 qui
2781 1638 2908 1677 vere
2930 1622 3076 1680 Deus
3104 1634 3211 1681 est.
3240 1627 3311 1681 At
3341 1644 3464 1683 cum
3491 1632 3519 1683 6
3544 1631 3677 1695 Θεὸς

2098 1705 2357 1773 dicimus,
2395 1725 2521 1765 eum
2557 1713 2767 1767 scilicet
2792 1716 3157 1784 exprimimus
3177 1720 3272 1789 qui
3297 1737 3458 1776 verus
3491 1732 3545 1778 et
3568 1733 3677 1787 est,

412 1804 470 1857 δὲ
509 1805 689 1873 λέγει·
746 1806 889 1859 Ἐὰν
932 1805 1158 1874 ἅψηταί
1205 1820 1295 1870 τις
1323 1803 1431 1857 τοῦ
1473 1802 1712 1869 νεκροῦ,
1749 1798 1843 1852 ἐπὶ
1895 1798 1995 1854 ἐνα

2103 1804 2155 1851 et
2187 1812 2310 1853 esse
2365 1801 2726 1871 cognoscitur
2760 1801 2927 1859 Deus.
2981 1804 3269 1872 Similiter,
3325 1825 3451 1865 cum
3489 1812 3679 1876 homo,

414 1897 536 1950 τινὰ
572 1898 729 1968 φέρει
760 1896 857 1967 τὴν
881 1896 1127 1967 ἀγωγὴν,
1153 1897 1297 1968 φημὶ
1329 1896 1385 1949 δὲ
1428 1894 1523 1947 ἐπὶ
1545 1893 1637 1947 τὸν
1664 1892 1888 1964 Κύριον,
1916 1891 1993 1955 ὡς

416 1989 528 2042 ἄνω
557 2006 647 2059 μοι
677 1988 991 2059 δεδήλωται.
1021 1988 1215 2057 Ἔλεγε
1248 1987 1305 2042 δὲ
1334 1987 1490 2042 τοῦτο
1519 1984 1935 2059 αἰνιγματωδῶς
1964 1986 1994 2038 6

416 2080 579 2150 νόμος
608 2080 694 2133 διὰ
728 2082 854 2144 τοὺς
893 2081 1186 2151 μέλλοντας
1211 2083 1400 2152 χεῖρας
1437 2080 1748 2135 ἐπιϐάλλειν
1785 2079 1877 2132 ἐπὶ
1900 2079 1994 2132 τὸν

415 2174 670 2242 Χριστὸν,
711 2175 805 2227 καὶ
827 2173 1043 2245 σταυρῷ
1079 2174 1457 2244 παραδιδόναι·
1502 2174 1585 2226 ὅτι
1624 2171 1815 2244 χρείαν
1848 2165 1995 2242 εῒχον

416 2258 560 2317 οὗτοι
606 2265 982 2337 καθαρισμοῦ,
1011 2266 1117 2328 ἕως
1160 2264 1288 2336 δύνῃ
1331 2263 1513 2329 αὐτοῖς
1551 2264 1586 2334 ἡ
1630 2262 1848 2335 ἡμέρα,
1898 2260 1996 2315 καὶ

416 2354 670 2426 ἀνατείλη
701 2358 885 2420 αὐτοῖς
921 2357 1049 2411 ἄλλο
1080 2357 1216 2425 φῶς,
1248 2356 1336 2410 διά
1367 2355 1459 2409 τοῦ
1497 2354 1872 2426 βαπτίσματος
1896 2351 1993 2407 τοῦ

417 2447 607 2512 ὓδατος
634 2448 729 2502 τοῦ
758 2449 985 2522 λουτροῦ
1011 2450 1110 2519 τῆς
1143 2448 1593 2518 παλιγγενεσίας⁸
1625 2446 1702 2510 ὡς
1733 2446 1830 2500 καὶ
1872 2446 1995 2499 ἐπι-

419 2544 689 2612 μαρτυρεῖ
732 2559 822 2613 μοι
861 2541 1096 2595 ἐνταῦθα
1131 2542 1336 2613 Πέτρος
1376 2539 1550 2609 λέγων
1579 2541 1693 2603 τοῖς
1730 2536 1997 2609 Ἰσραηλί-

416 2646 537 2694 ταις
564 2632 623 2684 ἐν
656 2631 1066 2703 Ἰεροσολύμοις,
1097 2632 1210 2694 τοῖς
1243 2631 1491 2699 λέγουσιν
1525 2627 1695 2699 αὐτῷ,
1732 2628 1794 2682 Τί
1821 2625 1996 2693 ποιή-

414 2736 655 2788 σωμεν;
692 2720 780 2773 διὰ
815 2719 877 2773 τὸ
909 2720 1186 2792 εἰρηκέναι
1216 2720 1376 2774 αὑτὸν
1416 2718 1619 2784 αὐτοῖς,
1650 2718 1733 2771 ὅτι
1777 2716 1999 2770 Τοῦτον

417 2811 524 2864 τὸν
565 2811 837 2879 Ἰησοῦν,
872 2810 945 2864 ὃν
984 2810 1154 2880 ὑμεῖς
1190 2809 1629 2878 ἐσταυρώσατε.
1668 2808 1778 2861 Καὶ
1829 2823 1999 2860 κατα-

418 2906 625 2971 νυγεῖσι
658 2904 755 2972 τὴν
800 2902 1025 2974 καρδίαν
1068 2899 1220 2955 εἷπε·
1258 2899 1705 2967 Μετανοήσατε,
1750 2897 1849 2951 καὶ
1879 2897 1999 2962 βα-

418 2992 720 3057 πτισθήτω
741 2992 999 3057 ἕκαστος
1027 2992 1096 3044 ἐν
1128 2990 1207 3056 τῷ
1245 2992 1490 3060 ὀνόματι
1524 2989 1718 3058 Ἰησοῦ
1740 2987 1999 3056 Χριστοῦ

419 3086 523 3139 τοῦ
544 3084 763 3152 Κυρίου
793 3085 983 3153 ἡμῶν,
1009 3086 1105 3138 καὶ
1134 3083 1541 3153 ἀφεθήσονται
1566 3081 1709 3152 ὑμῖν
1728 3083 1789 3135 αὶ
1816 3081 2000 3150 ἀμαρ-

2098 1889 2184 1944 vel
2224 1890 2315 1946 hic
2362 1892 2528 1951 homo
2577 1895 2802 1952 dicitur.
2841 1898 2961 1952 Jam
3015 1915 3149 1954 vero
3183 1901 3341 1957 silex
3379 1904 3483 1959 hoc
3516 1905 3679 1959 modo

2098 1992 2365 2054 concepta
2416 1984 2557 2042 foret
2598 2004 2611 2039 :
2651 1987 2712 2042 Si
2770 2000 3039 2044 mortuum
3096 1994 3396 2064 tetigeritis,
3433 1998 3678 2053 universi

2096 2086 2162 2128 ea
2193 2077 2465 2132 sententia
2492 2082 3121 2149 comprehenderentur,
3146 2094 3199 2141 et
3224 2086 3293 2140 ad
3316 2103 3508 2142 omnes
3536 2105 3678 2145 mor-

2099 2179 2228 2226 tuos
2260 2171 2431 2228 dictio
2470 2173 2569 2227 illa
2598 2181 2892 2243 spectaret.
2916 2176 3022 2231 Sed
3043 2193 3167 2231 cum
3191 2179 3263 2233 ita
3288 2182 3552 2251 scriptum
3581 2187 3674 2244 sit.

2099 2260 2162 2316 Si
2190 2264 2306 2332 quis
2330 2262 2467 2316 hunc
2501 2274 2767 2317 mortuum
2795 2267 3041 2333 tetigerit,
3067 2268 3134 2322 ad
3169 2286 3337 2324 unum
3362 2276 3678 2343 quempiam

2098 2353 2298 2409 referri
2332 2355 2513 2419 debet,
2553 2358 2812 2411 nimirum
2843 2356 3159 2423 Dominum,
3199 2370 3259 2415 ut
3304 2363 3461 2417 initio
3488 2364 3677 2419 decla-

2096 2452 2279 2498 ratum
2310 2452 2416 2500 est.
2454 2444 2571 2499 Hoc
2607 2461 2737 2499 vero
2770 2446 2855 2500 lex
2889 2448 3075 2515 specie
3100 2449 3337 2516 quadam
3367 2451 3681 2519 :cnigmatis

2098 2542 2323 2603 propter
2379 2549 2475 2589 eos
2533 2534 2692 2601 dixit,
2746 2539 2839 2606 qui
2890 2536 3115 2592 Christo
3168 2555 3366 2594 manus
3421 2542 3682 2609 iujecturi

2098 2635 2279 2685 erant.
2312 2634 2365 2681 et
2392 2627 2690 2683 iucrucem
2728 2630 3025 2693 sublaturi,
3066 2629 3325 2684 videlicet
3368 2633 3686 2702 expiatione

2099 2734 2239 2789 opus
2269 2719 2378 2774 illis
2410 2735 2555 2787 esse,
2591 2720 2769 2774 donec
2813 2722 2948 2791 ipsis
2978 2723 3095 2776 dies
3146 2723 3389 2790 occidat,
3438 2742 3503 2779 ac
3538 2742 3681 2780 nova

2099 2811 2194 2866 lux
2245 2826 2343 2881 per
2390 2811 2733 2880 baptismum
2805 2828 2867 2865 ac
2928 2812 3129 2866 lavacri
3206 2818 3682 2884 regenerationem

2102 2901 2335 2956 oriatur.
2368 2900 2540 2972 Cujus
2568 2904 2672 2957 mei
2708 2902 2842 2957 dicti
2899 2904 3059 2957 ﬁdem
3099 2903 3293 2959 eodem
3349 2907 3401 2960 in
3435 2908 3557 2962 loco
3587 2908 3687 2962 Pe-

2098 3003 2222 3049 trus
2252 2995 2477 3059 astruit,
2515 2995 2644 3049 dum
2678 2994 3076 3067 Hierosolymis
3105 2997 3391 3053 lsraelitas
3449 2999 3688 3069 alloqui-

2102 3094 2215 3154 tur,
2245 3090 2338 3157 qui
2378 3102 2438 3143 se
2490 3087 3003 3156 interrogaverunt,
3037 3088 3179 3155 Quid
3230 3088 3525 3158 faciemus?
3560 3108 3690 3160 pro-

419 3177 559 3238 τίαι,
602 3176 701 3229 καὶ
734 3174 1012 3243 ,λήψεσθε
1044 3173 1160 3241 τὴν
1199 3173 1427 3242 δωρεὰν
1464 3172 1570 3227 τοῦ
1598 3172 1771 3242 ἁγίου
1807 3170 1999 3223 Πνεύυ

2105 3186 2299 3250 pterea
2325 3178 2472 3248 quod
2496 3179 2590 3233 ille
2616 3180 2864 3245 dixerat,
2919 3179 3086 3245 Quem
3121 3197 3209 3234 vos
3242 3183 3295 3234 in
3344 3198 3495 3236 cruce
3528 3186 3686 3252 sufﬁ-

416 3283 622 3333 ματος.
660 3258 735 3319 Οὗ
772 3267 901 3335 περὶ
944 3264 1140 3336 νεκροῦ
1168 3265 1348 3317 τοίνυν
1381 3264 1530 3331 λέγει
1567 3264 1596 3315 6
1633 3263 1815 3333 νόμος.
1846 3261 1910 3313 Εἰ
1939 3259 1999 3313 δὲ

420 3358 515 3411 καὶ
556 3358 685 3428 περὶ
730 3356 925 3429 νεκροῦ
970 3356 1129 3411 ἄλλου
1168 3354 1487 3426 ὁριζομένου
1535 3353 1681 3422 λέγει
1724 3353 1753 3405 6
1800 3352 1996 3423 νόμος,

419 3448 593 3511 ἄλλως
618 3448 905 3501 ἐκδίδοται.
936 3446 1098 3513 Λέγει
1127 3445 1258 3514 γὰρ,
1291 3446 1393 3506 ὅτι,
1436 3444 1577 3498 Ἐὰν
1605 3439 1873 3510 παρέλθῃ
1906 3456 2002 3494 νε-

418 3539 581 3606 κρὸς,
617 3539 903 3593 κλείσατε
931 3538 1038 3602 τὰς
1064 3538 1247 3605 θύρας
1280 3536 1379 3589 καὶ
1408 3535 1516 3601 τὰς
1539 3533 1786 3603 θυρίδας
1810 3533 1999 3602 ὑμῶν,

419 3632 520 3684 ἵνα
542 3630 628 3699 μὴ
676 3628 955 3699 μολυνθῇ
991 3633 1022 3683 ὀ
1052 3626 1238 3695 οἶκος.
1287 3628 1430 3680 Ὠσεὶ
1478 3626 1631 3694 ἔλεγε
1661 3626 1790 3697 περὶ⁹
1831 3626 2004 3696 ἀκοῆς

421 3725 720 3796 ἁμαρτίας,
763 3726 844 3777 ὅτι
880 3724 1005 3776 Ἐὰν
1043 3722 1283 3793 ἀκούσῃς
1320 3721 1506 3792 φωνὴν
1553 3721 1654 3790 τῆς
1695 3718 2001 3790 ἁμαρτίας,

421 3816 455 3887 ἢ
493 3813 631 3879 εἶδος
683 3816 1153 3888 παραπτώματος,
1206 3814 1422 3867 κλεῖσον
1467 3811 1559 3865 τὸν
1591 3811 1871 3882 ὀφθαλμόν
1910 3828 2004 3864 σου

422 3906 535 3959 ἀπὸ
564 3906 879 3976 ἐπιθυμίας,
902 3907 996 3960 καὶ
1021 3905 1082 3958 τὸ
1113 3905 1287 3975 στόμα
1315 3903 1422 3956 ἀπὸ
1446 3902 1795 3971 κακολογίας,
1823 3902 1919 3956 καὶ
1944 3902 2007 3955 τὸ

422 3995 517 4061 οὖς
556 4000 663 4051 ἀπὸ
691 4001 1001 4070 ἐνηχήσεως
1033 4000 1296 4070 πονηρᾶς,
1322 4000 1408 4051 ἵνα
1441 3999 1517 4069 μὴ
1542 3998 1790 4069 νεκρωθῇ
1827 3998 1946 4062 ὅλος
1978 3998 2007 4050 6

425 4084 594 4154 οἶκος,
628 4092 903 4143 τουτέστιν
934 4092 967 4159 ὴ
990 4089 1135 4159 ψυχὴ
1154 4090 1246 4141 καὶ
1275 4090 1334 4141 τὸ
1371 4088 1547 4158 σῶμα.
1576 4089 1667 4141 Διὸ
1696 4089 1791 4141 καὶ
1818 4089 1846 4140 ὁ
1875 4104 2008 4158 προ-

427 4182 605 4250 φήτης
634 4181 817 4251 ἔλεγεν
846 4197 857 4210 ’
898 4183 1039 4236 Ἐὰν
1064 4180 1258 4249 ἀναϐῇ
1288 4182 1544 4248 θάνατος
1573 4182 1671 4235 διὰ
1704 4182 1823 4235 τῶν·
1849 4182 2010 4250 θυρί-

427 4271 551 4323 δων
570 4287 584 4301 ⁸
613 4274 705 4325 καὶ
733 4273 791 4325 ού
828 4274 1044 4335 πάντως
1065 4274 1193 4344 περὶ
1216 4272 1324 4324 τῶν
1352 4273 1582 4345 θυρίδων
1603 4274 1807 4327 τούτων
1836 4274 2005 4342 λέγει.

434 4363 505 4414 Ἢ
541 4369 648 4435 γὰρ
680 4364 990 4427 κλείσαντες
1021 4364 1119 4427 τὰς
1155 4364 1396 4434 θυρίδας,
1427 4366 1681 4419 οὐδέποτε
1718 4364 2009 4419 ἀποθανεῖν

2102 3270 2259 3324 xistis
2283 3268 2491 3334 Iesum,
2518 3280 2627 3324 etc.
2665 3269 2900 3339 Moxque
2960 3272 3053 3323 ubi
3084 3287 3151 3325 ex
3214 3273 3399 3327 animo
3431 3273 3688 3329 dolentes

2104 3363 2529 3418 animadvertit:
2567 3363 2960 3427 Pwnitentiam,
2992 3363 3192 3432 inquit,
3234 3365 3392 3433 agite,
3436 3374 3485 3417 et
3512 3366 3687 3434 bapti-

2106 3463 2255 3509 zetur
2286 3455 2641 3523 unusquisque
2677 3455 2731 3505 in
2783 3454 2993 3506 nomine
3048 3451 3173 3505 Iesu
3219 3452 3421 3507 Christi
3472 3454 3689 3509 Domini

2107 3547 2295 3607 nostri,
2323 3553 2373 3597 et
2398 3545 2734 3597 remittantur
2762 3543 2904 3597 vobis
2952 3554 3191 3612 peccata,
3230 3555 3280 3598 et
3310 3556 3421 3598 tum
3454 3546 3689 3614 Spiritus

2105 3631 2279 3682 sancti
2311 3629 2507 3683 donum
2564 3631 2833 3700 accipietis
2866 3632 2908 3684 ’.
2945 3636 3019 3686 De
3049 3648 3159 3701 quo
3196 3635 3417 3703 quidem
3471 3646 3692 3690 mortuo

2105 3723 2270 3778 verba
2322 3723 2457 3794 legis
2498 3724 2819 3793 accipienda
2876 3732 3025 3780 sunt.
3089 3726 3159 3778 At
3188 3729 3413 3795 quoties
3452 3729 3519 3783 de
3575 3731 3686 3782 alio

2107 3813 2345 3882 quodam
2400 3823 2621 3869 mortuo
2673 3816 2942 3884 loquitur,
2998 3816 3160 3870 aliter
3206 3819 3539 3886 concipitur.
3596 3818 3692 3874 Sic

2107 3906 2252 3960 enim
2282 3905 2357 3958 ait
2392 3923 2404 3957 :
2444 3904 2503 3959 Si
2537 3906 2813 3959 transierit
2848 3916 3113 3970 mortuus,
3166 3908 3424 3961 occludite
3467 3910 3690 3978 januas,

2110 4014 2172 4051 ac
2206 3997 2488 4066 fenestras,
2520 4014 2582 4051 ne
2607 3998 2797 4051 domus
2826 3998 3152 4068 inquinetur.
3186 4000 3354 4066 Quasi
3385 4002 3451 4055 de
3476 4006 3689 4070 peccati

2112 4089 2399 4143 auditione
2427 4088 2639 4142 diceret
2676 4104 2688 4140 :
2718 4085 2776 4141 Si
2816 4088 3030 4157 peccati
3065 4104 3253 4141 vocem
3298 4090 3561 4153 audieris,
3597 4099 3691 4143 aut

2111 4180 2347 4250 alicujus
2377 4179 2561 4233 delicti
2597 4181 2857 4249 speciem,
2890 4181 3111 4233 oculum
3165 4189 3317 4233 tuum
3349 4183 3417 4234 al)
3439 4198 3500 4235 ea
3528 4184 3692 4251 cupi-

2110 4271 2281 4326 ditate
2307 4271 2524 4335 claude,
2580 4287 2795 4325 necnon
2828 4280 2881 4325 et
2917 4286 2980 4327 os
3013 4272 3165 4325 tuu'm
3202 4287 3232 4324 a
3285 4273 3604 4338 maledicto,
3638 4284 3695 4327 et

2112 4378 2278 4418 aures
2303 4363 2372 4417 ab
2416 4364 2606 4417 auditu
2655 4363 2904 4418 nefandas
2942 4364 3040 4426 rei,
3108 4380 3175 4417 ne
3223 4363 3421 4416 domus
3458 4366 3697 4433 integra,

431 4456 669 4524 εἴχομεν.
698 4456 922 4527 Θυρίδες
948 4457 1004 4509 δὲ
1038 4459 1169 4529 ἡμῖν
1196 4462 1499 4531 ὑπάρχουσι
1528 4459 1595 4512 τὰ
1626 4458 1718 4511 τοῦ
1759 4458 1999 4528 σώματος

2115 4456 2218 4510 hoc
2239 4464 2323 4511 est
2352 4458 2534 4510 anima
2575 4473 2698 4509 cum
2754 4471 2991 4525 corpore
3039 4457 3325 4511 moriatur.
3386 4457 3560 4522 Quam
3624 4460 3696 4511 oh

432 4548 781 4620 αἰσθητήρια,
816 4550 1053 4622 βλέμμα,
1088 4554 1247 4624 ἀκοὴ,
1279 4528 1377 4606 καλι-
1408 4553 1475 4605 τὰ
1514 4551 1670 4613 ἄλλα,
1705 4551 1771 4603 δι’
1805 4544 1879 4603 ὧν
1910 4550 1999 4603 θά-

2114 4564 2340 4604 causam
2373 4548 2634 4619 propheta
2659 4550 2799 4604 dixit
2824 4568 2836 4602 :
2866 4550 2925 4605 Si
2951 4566 3091 4603 mors
3112 4566 3203 4617 per
3225 4552 3485 4619 fenestras
3506 4568 3697 4603 asccn~

431 4643 700 4711 νατοςιείς
741 4644 889 4713 ἡμᾶς
919 4644 1313 4715 εἰσπορέυεται,
1354 4645 1402 4696 εί
1434 4643 1499 4696 δι’
1534 4641 1715 4695 αὐτῶν
1756 4641 2011 4711 ἁμαρτή-

432 4749 637 4803 σωμεν.
674 4734 1025 4803 Ἐνεταφίασε
1058 4734 1190 4803 γοῦν
1225 4736 1254 4786 6
1292 4733 1489 4804 Ἰωσὴφ
1519 4734 1610 4786 τὸν
1640 4731 1889 4802 Ἰσραὴλ,
1918 4732 2013 4783 καὶ

431 4825 534 4877 ούκ
578 4824 929 4891 ἐδδελύξατοο
972 4826 1068 4878 καὶ
1129 4825 1265 4897 μετά
1313 4825 1541 4879 θάνατον
1595 4821 1875 4877 ἐπιπεσὼν
1921 4823 2015 4875 ἐπὶ

434 4917 727 4987 πρόσωπον
756 4916 1112 4986 κατεφίλησε.
1147 4916 1257 4970 Καὶ⁸
1294 4917 1355 4969 ού
1387 4918 1719 4987 γέγραπται,
1745 4915 1827 4968 ὅτι
1858 4913 2014 4967 ἐλού-

437 5024 586 5069 σατο,
617 5007 703 5060 ἵνα
734 5007 1061 5079 καθαρισθῇ.
1110 5004 1501 5076 Ἐνέταφίασαν
1544 5007 1594 5059 οἱ
1636 5005 1891 5075 ἄγγελοι,
1938 5004 2015 5068 ὡς

436 5098 470 5167 ἡ
502 5099 584 5160 εἰς
613 5099 759 5166 ἡμᾶς
801 5097 1031 5150 ἐλθοῦσα
1068 5097 1372 5168 παράδοσις
1399 5096 1533 5167 ἔχει,
1572 5094 1633 5147 τὸ
1662 5093 1823 5165 σῶμα
1847 5093 2017 5147 Μωῦ-

438 5188 577 5252 σέως
602 5188 696 5241 τοῦ
730 5189 909 5258 ἁγίου,
944 5191 1039 5242 καὶ
1067 5191 1202 5243 οὐκί
1241 5187 1530 5241 ἐλύσαντοο
1567 5186 1682 5240 ἀλλ’
1716 5187 1841 5239 οὒτε
1874 5185 2019 5238 ἐκοι-

436 5279 688 5351 νὼθησαν
714 5282 761 5333 οἱ
792 5280 1015 5349 ἄγγελοι
1045 5280 1153 5335 ἀπὸ
1185 5279 1280 5334 τοῦ
1308 5279 1467 5347 ἁγίου
1494 5277 1767 5349 σώματος.

2115 4641 2253 4695 derit
2289 4642 2331 4694 ³.
2355 4640 2476 4695 Non
2511 4642 2656 4695 enim
2725 4641 2960 4696 usitatas
3000 4642 3122 4696 illas
3184 4642 3457 4696 fenestras
3492 4641 3696 4695 intelli-

2116 4732 2217 4803 git.
2250 4732 2474 4802 Alioqui
2508 4732 2766 4787 lenestris
2795 4733 3040 4788 occlusis
3080 4750 3362 4803 nunquam
3398 4748 3498 4786 nos
3528 4733 3696 4786 letum

2120 4821 2476 4890 opprimeret.
2503 4820 2701 4876 Verum
2733 4822 2868 4875 nihil
2900 4822 3045 4875 aliud
3076 4822 3329 4875 fenestrze
3347 4830 3497 4883 sunt,
3532 4837 3697 4888 quam

2121 4911 2381 4981 corporis
2416 4926 2637 4967 sensus.
2691 4913 2867 4979 visus,
2892 4915 3137 4973 auditus,
3168 4928 3264 4981 per
3315 4928 3454 4981 quos
3486 4912 3596 4980 28
3653 4912 3698 4964 si

2123 5018 2440 5073 peccemus,
2472 5018 2622 5057 mors
2668 5004 2811 5057 intra
2866 5019 2968 5058 nos
3028 5003 3350 5073 ingreditur.
3406 5002 3699 5055 Enimvero

2121 5092 2325 5164 Joseph
2351 5092 2606 5150 lsraelem
2650 5095 2870 5165 sepeliit
2890 5094 2933 5157 ⁸,
2984 5110 3084 5147 nec
3114 5095 3419 5148 detestatus
3451 5101 3557 5155 est,
3590 5094 3700 5145 imo

2124 5195 2247 5256 post
2274 5186 2395 5256 ejus
2415 5200 2644 5241 mortem
2678 5188 2729 5240 in
2784 5186 2980 5241 faciem
3014 5187 3381 5257 procumbens
3406 5188 3699 5241 exoscula-

2126 5286 2217 5333 tus
2242 5284 2328 5333 est
2348 5279 2390 5333 ⁸.
2422 5277 2610 5348 Neque
2639 5288 2821 5332 tamen
2856 5280 3119 5346 scriptum
3176 5287 3263 5331 est
3320 5276 3580 5346 expiandi
3638 5291 3700 5330 se

437 5371 614 5440 gratia
642 5371 818 5441 ipsum
844 5372 1108 5428 abluisse.
1136 5371 1415 5427 Praeterea
1438 5368 1608 5426 Mosis
1654 5384 1884 5438 corpus,
1915 5368 2381 5439 quemadmodum
2417 5384 2447 5423 a
2484 5369 2786 5439 majoribus
2835 5369 3154 5437 accepimus
3221 5368 3291 5422 ab
3348 5367 3563 5437 angelis
3622 5382 3698 5422 se-

438 5466 647 5535 pultum
684 5476 767 5519 est
794 5466 850 5529 σς
906 5482 1087 5536 neque
1117 5466 1198 5521 illi
1254 5476 1442 5521 tamen
1473 5465 1575 5521 loti
1618 5471 1769 5527 sunt,
1826 5478 1892 5519 ac
1950 5477 2019 5517 ne
2049 5463 2248 5533 polluti
2278 5464 2499 5535 quidem
2530 5464 2708 5518 sancti
2737 5462 2884 5516 illius
2912 5460 3165 5530 corporis
3193 5467 3425 5515 attactu.

490 5557 585 5611 .E'.
626 5558 737 5610 Καὶ
772 5558 918 5612 δέδια
956 5559 1118 5613 πάλιν
1154 5558 1229 5631 μὴ
1273 5560 1352 5622 εἰς
1388 5556 1542 5621 τέλος
1573 5556 1751 5612 ἐλάσω
1790 5556 1890 5627 τὴν
1922 5555 2017 5611 τοῦ

2201 5555 2268 5610 ν.
2295 5555 2497 5657 Vegeor
2528 5572 2597 5609 ne
2620 5556 2673 5608 iu
2709 5556 2811 5608 hoc
2838 5552 3188 5608 dissolvenda
3240 5552 3545 5623 quaestione
3577 5553 3697 5605 nul—

509 5720 531 5756 ι
563 5712 726 5771 Forte
752 5716 1058 5771 ἐλούσαντο.
1138 5719 1158 5750 ²
1188 5717 1309 5773 Act.
1336 5734 1393 5785 ιι,
1422 5716 1488 5771 57
1517 5730 1639 5788 sqq.
1719 5716 1738 5748 ³
1764 5715 1965 5773 Jcrcm.
1998 5732 1999 5736 η

2104 5715 2191 5770 21.
2275 5714 2294 5747 ⁸
2318 5715 2449 5770 Gen.
2496 5712 2663 5783 L,15.
2742 5713 2761 5744 ⁸
2790 5711 2926 5767 ibid.
2991 5718 3011 5750 ⁸
3046 5710 3204 5767 Deut.
3241 5728 3426 5780 XXXIV,
3459 5711 3493 5766 ϐ
3518 5725 3645 5783 sqq.
