4204 6370
505 310 606 366 ττι

1897 305 1956 361 S.
1997 304 2342 362 EPlPllANll

3653 315 3766 372 932

501 425 614 482 lum
642 422 848 478 exitum
900 420 1144 475 inveniat
1189 421 1388 475 oratio.
1425 419 1533 476 Sed
1567 437 1633 477 ex
1664 436 1774 476 una
1833 423 2077 478 alterave

2189 427 2492 497 ζητήματος
2513 425 2777 480 ἐπίλυσιν.
2810 427 2926 497 Ἀφ’
2954 427 3072 490 ἑνὸς
3096 427 3152 481 δὲ
3172 429 3205 500 ἢ
3225 427 3476 502 δευτέρου
3501 429 3661 497 λόγου
3679 432 3764 484 δο-
3815 498 3824 502 _

500 516 721 572 ratione
758 517 980 583 sapiens
1005 508 1060 566 iii
1094 512 1349 577 Domino,
1393 523 1587 568 contra
1617 515 1968 570 adversarios
1998 516 2083 569 in-

501 615 768 662 struetur.
803 604 884 657 Ad
917 604 1032 657 haec
1087 603 1156 657 de
1186 601 1399 673 Spiritu
1456 613 1672 669 sancto,
1719 605 1898 675 quoad
1934 621 2083 658 sum-

500 699 691 752 matim
753 699 1128 767 perstringere
1192 697 1322 749 licet
1384 711 1556 765 pauca
1617 697 1804 750 dicere
1857 697 2085 752 minime

499 787 873 856 gravahiinur.
934 785 1223 840 Manifeste
1273 787 1461 856 itaque
1514 786 1782 843 Dominus
1847 789 2085 843 subinde

503 877 671 947 Moysi
696 877 831 929 dicit
861 896 872 929 :
909 875 1096 928 Adduc
1130 875 1260 927 mihi
1304 876 1360 928 in
1390 886 1619 930 montem
1657 891 1762 931 Lxx
1813 879 2083 940 seniores;

502 978 550 1020 et
586 969 849 1032 accipiam
897 967 961 1020 de
1008 967 1202 1035 spiritu
1237 975 1348 1029 tuo,
1402 976 1452 1018 et
1514 968 1570 1020 in
1604 968 1728 1021 illos
1789 967 2082 1037 effundam,

504 1070 662 1126 atque
689 1057 848 1110 iidem
875 1058 1082 1110 auxilio
1141 1057 1236 1108 tibi
1286 1060 1512 1112 erunt‘.
1545 1057 1618 1113 De
1671 1060 1782 1112 lilio
1827 1075 1956 1113 vero
2007 1061 2085 1112 uti

503 1164 990 1220 cognosceremus,
1030 1147 1192 1201 Pater
1216 1148 1290 1200 ita
1325 1150 1611 1218 loquitur:
1643 1149 1932 1204 Faciamus
1991 1152 2088 1206 ho-

501 1243 695 1295 minem
732 1239 800 1293 ad
856 1241 1164 1310 imaginem,
1209 1251 1259 1293 et
1311 1241 1714 1295 similitudinem
1767 1252 2003 1296 nostram
2042 1247 2082 1296 ’.

503 1333 672 1402 Atqui
709 1349 810 1386 vox
857 1331 980 1394 ista,
1017 1331 1310 1398 faciamus,
1348 1348 1458 1384 non
1509 1349 1676 1386 unum
1709 1332 1976 1386 duntaxat
2013 1335 2088 1389 si-

505 1425 754 1493 gnificat.
781 1422 935 1483 ltem,
972 1421 1118 1474 Pluit
1154 1421 1414 1475 Dominus
1449 1424 1504 1475 in
1546 1422 1839 1477 Sodomam
1895 1435 1945 1478 et
1977 1423 2085 1479 Go-

504 1514 774 1566 morrham
813 1515 985 1582 ignem
1039 1521 1088 1566 et
1130 1512 1354 1581 sulphur
1409 1530 1443 1565 a
1497 1513 1720 1566 Domino
1751 1515 1816 1568 de
1870 1518 1998 1570 cazlo
2043 1517 2085 1571 ³.

502 1605 661 1672 Quod
700 1616 880 1658 autem
911 1604 977 1657 ad
1014 1604 1316 1673 prophetas
1365 1605 1581 1666 attinet,
1634 1613 1929 1676 postquam
1984 1607 2086 1663 Sa—

503 1693 792 1746 maritanis
821 1691 1065 1761 quinque
1110 1691 1281 1746 Mosis
1331 1694 1614 1747 volumina
1677 1696 1876 1750 tradita
1933 1708 2084 1760 sunt,

2185 517 2412 590 θήσεται
2448 516 2526 588 τῷ
2561 518 2710 588 σοφῷ
2749 518 3072 588 σοφισθῆναι
3107 521 3162 570 ὲν
3201 520 3410 592 Κυρίῳ,
3446 522 3585 574 κατὰ
3616 523 3634 552 ⁸
3674 521 3764 575 τὸν

2185 611 2252 666 δι’
2279 611 2545 674 ἐναντίας.
2580 612 2643 664 El
2662 612 2718 664 δὲ
2748 613 2840 664 καὶ
2865 611 2994 682 περὶ
3024 609 3117 664 τοῦ
3149 611 3464 682 Πνεύματος
3485 611 3578 664 τοῦ
3607 612 3764 678 ἁγίου

2187 705 2338 758 ἔσται
2374 722 2462 775 μοι
2485 705 2542 758 ἐν
2569 704 2802 774 ἐπιτομῇ
2829 703 3146 772 λέγειν,οὐκ
3171 703 3464 774 ὀκνήσαιμι
3488 703 3572 756 ἄν.
3599 705 3764 775 Διαρκ

2190 796 2358 868 ρήδην
2417 794 2597 847 τοίνυν
2648 793 2810 856 εὐθὺς
2851 795 2879 846 ό
2932 793 3136 862 Κύριος
3179 791 3326 859 λέγει
3380 793 3458 862 τῷ
3504 793 3760 845 Μωῦσεῐ·

2201 885 2488 958 ’Λνάγαγέ
2524 903 2626 955 μοι
2667 887 2754 952 εἰς
2792 885 2858 938 τὸ
2889 885 3025 952 ὅρος
3059 884 3470 948 ἐϐδομήκοντα
3510 887 3767 951 πρεσϐυ-

2190 980 2419 1050 τέρους,
2457 979 2557 1033 καὶ
2586 978 2856 1046 λήψομαι
2882 977 3000 1030 ἀπὸ
3033 977 3140 1029 τοῦ
3166 977 3263 1028 ἐπὶ
3295 976 3370 1028 σὲ
3407 977 3767 1046 πνεύματος,

2189 1073 2290 1125 καὶ
2339 1071 2526 1138 ἐκχεῶ
2571 1071 2662 1122 ἐπ’
2707 1068 2949 1134 αὐτοὺς,
2989 1068 3099 1122 ’καὶ
3145 1068 3584 1137 ἀντιλήψονταί
3628 1085 3764 1123 σου.

2191 1166 2328 1236 Περὶ
2377 1164 2434 1216 δὲ
2466 1162 2560 1216 τοῦ
2609 1161 2760 1225 Υἱοῦ,
2804 1163 2955 1225 ὅπως
2991 1161 3210 1233 γνῶμεν
3234 1201 3248 1225 ,
3281 1163 3309 1214 ό
3348 1161 3533 1232 Πατὴρ
3579 1161 3726 1229 λέγει
3750 1177 3765 1187 ·

2191 1255 2542 1324 Ποιήσωμεν
2572 1253 2888 1322 ἄνθρωπον
2917 1253 3043 1306 κατ’
3081 1255 3286 1306 εἰκόνα
3331 1253 3624 1321 ἡμετέραν
3669 1251 3767 1304 καὶ

2192 1351 2498 1418 ὁμοίωσιν.
2534 1347 2608 1400 Τὸ
2634 1347 2711 1411 δὲ,
2739 1346 3105 1415 ποιήσωμεν,
3133 1346 3231 1416 οὐχ
3259 1346 3377 1410 ἑνός
3408 1347 3525 1398 ἐστι
3561 1363 3769 1414 σημαν-

2189 1440 2359 1494 τικόν.
2379 1439 2489 1494 Καὶ
2509 1439 2712 1507 ἔϐρεξε
2734 1440 2948 1506 Κύριος
2979 1437 3078 1492 ἐπὶ
3102 1437 3335 1506 Σόδομα
3369 1437 3470 1490 καὶ
3496 1439 3770 1506 Γόμορία
3850 1426 3851 1429 “

2193 1533 2313 1602 πῦρ
2347 1532 2444 1587 καὶ
2477 1532 2638 1586 θεῖον
2669 1531 2827 1598 παρὰ
2855 1531 3076 1597 Κυρίου
3103 1530 3204 1584 ἀπ’
3239 1529 3520 1597 οὐρανοῦ.
3547 1531 3682 1599 Περὶ
3712 1530 3770 1583 δὲ

2195 1625 2516 1696 προφητῶν,
2553 1623 2742 1693 ἐπειδὴ
2767 1621 2902 1694 ἔφθη
2935 1623 3118 1685 αὐτοῖς
3145 1619 3364 1692 δοθῆναι
3401 1623 3434 1692 ἡ
3470 1623 3770 1674 Πεντάτευ-

2194 1735 2308 1789 χος,
2339 1716 2524 1771 οὐκέτι
2565 1719 2684 1778 ταῖς
2717 1714 2906 1778 ἄλλαις
2935 1714 3180 1786 Γραφαῖς
3211 1714 3554 1784 ὲστοίχησαν,
3599 1712 3709 1766 ἀλλ’
3735 1712 3768 1781 ἦ

506 1782 809 1853 Scripturis
837 1784 1065 1853 rcliqnis
1122 1800 1472 1854 nequaquam
1525 1787 1737 1841 assensi
1772 1797 1933 1857 sunt;
1990 1792 2086 1846 sed

2195 1782 2332 1883 μόνῃ
2375 1811 2439 1880 τῇ
2484 1806 2875 1877 Πεντατεύχῳ,
2917 1782 3112 1860 καὶού
3147 1809 3212 1876 τῇ
3251 1782 3425 1876 λοιπῇ.
3458 1805 3768 1875 ἀκολουθίᾳ.

502 1875 818 1946 ρτωῑοτὶηιι
870 1877 1113 1943 quinque
1163 1885 1362 1929 caitera
1421 1885 1895 1947 contempserunt.
1931 1880 2088 1946 Quod

503 1969 549 2023 si
586 1968 711 2037 quis
739 1968 881 2022 alios
910 1967 1159 2033 ohjiciat,
1219 1967 1386 2021 veluti
1433 1968 1689 2023 Davidem
1725 1979 1819 2025 aut
1866 1972 2087 2040 Isaiam,

503 2069 557 2112 et
581 2057 843 2125 reliquos,
871 2065 1072 2126 negant
1103 2073 1161 2111 se
1188 2073 1284 2111 cos
1309 2056 1624 2122 admittere,
1663 2068 1826 2128 atque
1877 2059 1946 2114 iis
1967 2075 2090 2129 qua:

504 2167 533 2200 ει
563 2148 862 2217 majoribus
896 2149 1013 2203 suis
1047 2160 1381 2219 acceperunt
1410 2152 1771 2219 pertinaciter
1801 2153 2088 2208 insistunt.

506 2239 785 2293 llactenus
806 2249 999 2294 contra
1026 2239 1410 2297 Samaritanos
1453 2257 1482 2294 a
1534 2243 1692 2296 nobis
1746 2243 2086 2312 disputatum

504 2345 612 2395 est,
648 2333 895 2402 adeoque
929 2333 1142 2401 paucis,
1191 2350 1258 2387 ne
1287 2335 1500 2404 longius
1536 2351 1700 2405 quam
1734 2336 1974 2391 instituti
2000 2352 2091 2391 ra-

504 2425 582 2478 tio
613 2424 720 2479 lert
750 2440 1063 2479 sermonem
1095 2425 1491 2494 producamus.

962 2538 1243 2595 CONTRA
1285 2539 1622 2604 ESSENOS,

638 2651 770 2717 Qua:
799 2661 876 2706 est
905 2651 929 2705 I
957 2651 1427 2708 Samaritanorum
1451 2664 1618 2717 secta,
1656 2653 1843 2710 ordine
1871 2653 1945 2708 Χ.

575 2829 822 2894 Quatuor
843 2830 1071 2884 omnino
1115 2829 1170 2883 in
1199 2839 1381 2885 sectas
1434 2831 1769 2884 Samaritani
1803 2831 2090 2886 distributi

505 2929 656 2976 sunt.
693 2919 796 2986 Qui
830 2935 956 2975 cum
987 2921 1179 2974 eadem
1233 2937 1420 2976 secum
1480 2922 1714 2977 invicem
1749 2923 1992 2978 sentiant
2021 2923 2091 2978 de

503 3012 956 3075 circumcisione,
989 3011 1252 3076 Sabbato,
1293 3015 1525 3084 aliisque
1577 3017 1695 3085 lege
1723 3015 2088 3085 prmscriptis,

505 3103 696 3171 paucis
722 3113 904 3157 tamen
927 3102 983 3156 in
1012 3103 1179 3158 rebus
1212 3103 1382 3157 trium
1415 3105 1643 3175 singulm
1671 3121 1700 3158 a
1729 3107 1957 3176 reliquis
1981 3106 2090 3160 dif-

507 3193 712 3249 lerunt.
743 3192 880 3248 Nam
908 3193 1199 3249 Dositheos
1226 3196 1374 3250 solos
1396 3197 1630 3265 excipio.
1660 3197 1818 3263 Quod
1845 3200 1990 3253 enim
2021 3200 2087 3253 ad

505 3285 748 3343 Essenos
772 3294 1002 3356 spectat,
1060 3287 1097 3340 ii
1127 3287 1276 3341 nulla
1328 3303 1388 3342 re
1436 3290 1811 3357 praztcrmissa
1847 3290 2088 3360 primum

505 3380 820 3436 institutum
849 3381 1223 3437 retinuerunt.
1253 3381 1363 3451 29
1394 3381 1707 3437 Secundum
1736 3384 1836 3438 hos
1853 3383 2087 3439 Gorthe-

505 3472 624 3528 nia
658 3487 720 3528 se
784 3481 977 3527 nmtuo
1022 3473 1241 3528 levibus
1289 3474 1357 3528 de
1413 3473 1599 3529 causis
1649 3475 1890 3546 separati
1935 3482 2086 3541 sunt,

504 3581 632 3622 cum
661 3566 862 3637 exigua
889 3567 1140 3637 quaedam
1165 3569 1545 3623 controversia
1565 3570 1708 3624 inter
1738 3571 1888 3640 ipsos
1916 3572 2090 3626 inter-

504 3657 791 3718 cessisset,
831 3657 936 3713 hoc
959 3667 1045 3712 est
1074 3659 1218 3712 inter
1250 3655 1534 3722 Sehumos,
1574 3660 1834 3724 Essenos,
1863 3667 1919 3715 et
1946 3659 2090 3714 Gor-

506 3748 725 3803 thenos.
764 3747 898 3814 Quae
933 3750 1315 3805 controversia
1374 3749 1475 3804 fuit
1504 3751 1803 3820 ejusmodi.
1833 3750 1972 3808 Cum
2003 3752 2090 3806 lex

507 3841 750 3911 undique
783 3841 1003 3898 Judaeos
1052 3842 1555 3915 llierosolymitana
1609 3844 1886 3927 conﬂuere
1926 3845 2090 3914 jube-

506 3943 589 3988 ret
618 3933 661 3999 ⁸,
687 3934 851 4005 idque
882 3936 1060 3990 tribus
1107 3937 1237 3990 anni
1289 3938 1665 4007 temporibus;
1719 3939 1982 3993 nimirum
2031 3937 2090 3993 in

506 4025 838 4097 Azymoruni
872 4027 1036 4090 l'esto,
1062 4026 1413 4096 Pentecoste,
1439 4045 1504 4085 ac
1535 4029 1871 4103 ScenOpegia
1895 4047 1908 4083 :
1929 4047 2085 4086 cum-

2193 1903 2310 1956 Κάν
2341 1919 2402 1954 τε
2437 1901 2494 1954 δὲ
2521 1901 2704 1962 αὐτοῖς
2730 1898 2859 1970 εἴπῃ
2883 1915 2966 1961 τις
2986 1897 3104 1950 νυνὶ
3135 1898 3262 1968 περὶ
3283 1898 3390 1951 τῶν
3413 1896 3604 1955 ἄλλων,
3631 1897 3772 1966 φημὶ

2191 1991 2249 2044 δὲ
2303 1989 2434 2062 περὶ
2468 1990 2632 2043 Δαϐιδ
2670 1989 2766 2042 καὶ
2805 1988 3059 2051 Ἡσαΐου,
3099 1987 3194 2040 καὶ
3235 1988 3344 2040 τῶν
3398 1987 3666 2058 καθεξῆς,
3707 1987 3769 2040 οὐ

2194 2082 2592 2155 παραδέχονται
2609 2101 2631 2145 ε,
2669 2080 3025 2150 κατεχόμενοι
3065 2079 3362 2148 παραδόσει
3392 2082 3456 2150 τῇ
3487 2079 3772 2150 προαχθεί-

2195 2192 2262 2246 σῃ
2290 2174 2402 2245 (70)
2431 2177 2543 2237 τοῖς
2573 2172 2682 2227 ἀπὸ
2731 2171 2840 2224 τῶν
2892 2170 3035 2223 ίδίων
3069 2170 3341 2242 πατέρων.
3373 2169 3482 2223 Καὶ
3522 2170 3624 2232 ἓως
3669 2163 3771 2222 ὦδε

2193 2265 2334 2319 ἔστω
2371 2282 2461 2336 μοι
2499 2266 2533 2335 ἡ
2577 2264 2706 2336 περὶ
2739 2263 3094 2333 Σαμαρειτῶν
3148 2261 3443 2332 ὑφήγησις,
3482 2262 3540 2313 ὲν
3581 2260 3774 2330 βραχεῖ

2197 2359 2295 2428 μὲν
2321 2356 2400 2427 τῷ
2433 2355 2578 2427 λόγῳ
2611 2355 2900 2427 εἰρημένη,
2929 2353 2996 2407 δι’
3025 2354 3082 2407 ὃν
3121 2353 3442 2424 προορῶμαι
3477 2352 3657 2422 φόϐον,
3697 2353 3771 2422 μὴ

2193 2450 2430 2503 ἐκτεῖναι
2448 2449 2528 2512 είς
2562 2448 2765 2510 πλάτος
2790 2447 2888 2517 τὴν
2910 2445 3204 2516 ὑπόσχεσιν
3238 2445 3338 2514 τῆς
3373 2445 3698 2512 συντάξεως.

2639 2560 2829 2614 ΚΑΤΑ
2867 2558 3184 2612 ΕΣΣΗΝΩΝ
3213 2557 3348 2628 (τι),

2194 2675 2400 2744 Πρώτη
2449 2675 2682 2742 αἵρεσις
2727 2673 2846 2727 ἀπὸ
2886 2669 3281 2744 Σαμαρειτῶν,
3331 2669 3548 2737 δεκάτη
3588 2667 3657 2722 δὲ
3699 2667 3772 2738 τῇ

2804 2743 3153 2808 ἀκολουθίᾳ.

2267 2835 2361 2898 Εἰς
2411 2832 2683 2904 τέσσαρας
2725 2831 2824 2902 μὲν
2871 2830 3110 2903 αἱρέσεις
3145 2831 3480 2901 Σαμαρεῖται
3530 2827 3772 2900 ἐτμήθη-

2197 2941 2326 2978 σαν·
2353 2922 2420 2976 τὰ
2455 2922 2544 2976 ἴσα
2574 2923 2631 2976 δὲ
2655 2921 2977 2992 φρονοῦντες
3002 2921 3252 2990 ἀλλήλοις
3282 2922 3551 2992 περιτομῇ
3585 2937 3645 2973 τε
3679 2919 3772 2972 καὶ

2195 3017 2478 3087 Σαϐϐάτῳ,
2511 3016 2606 3070 καὶ
2634 3015 2740 3068 τῶν
2760 3015 2934 3070 ἄλλων
2959 3014 3069 3067 τῶν
3099 3016 3156 3067 έν
3188 3015 3358 3085 νόμῳ,
3381 3015 3439 3066 ὲν
3462 3014 3652 3084 βραχεί
3680 3013 3774 3065 καὶ

2195 3109 2253 3163 έν
2274 3127 2378 3162 τινι
2397 3107 2579 3170 ποσῶς
2602 3107 2830 3172 ἕκαστος
2854 3106 2962 3159 τῶν
2982 3105 3148 3178 τριῶν
3165 3105 3300 3178 πρὸς
3325 3107 3450 3169 τοὺς
3475 3106 3643 3169 πέλας
3661 3105 3771 3158 δια-

2197 3201 2446 3271 φέρεται,
2477 3199 2618 3270 πλην
2650 3197 2758 3252 τῶν
2799 3197 3065 3251 Δοσιθέων
3097 3197 3277 3268 μόνον.
3317 3197 3631 3268 Ἑνέμειναν
3663 3198 3772 3266 γὰρ

2195 3295 2247 3347 οἱ
2283 3293 2534 3362 Ἐσσηνοὶ
2557 3293 2622 3362 τῇ
2656 3289 2843 3362 πρώτῃ
2874 3291 3061 3360 ἀγωγῇ
3096 3289 3261 3360 μηδὲν
3289 3287 3771 3360 ὑπερϐαλλόμενοι.

2196 3381 2352 3437 Μετὰ
2385 3380 2610 3442 τούτους
2644 3378 2904 3452 Γορθηνοὶ
2930 3377 3268 3448 διεφώνησαν
3300 3377 3412 3446 (72)
3445 3378 3582 3448 πρὸς
3611 3377 3772 3447 ἀλλή-

2195 3477 2319 3540 λους
2347 3474 2436 3528 διὰ
2469 3473 2702 3543 σμικρόν
2721 3489 2800 3526 τι·
2841 3473 3141 3543 ἐπειδήπερ
3183 3471 3462 3539 ἀντιλογία
3495 3487 3580 3533 τις
3612 3469 3773 3540 μέσον

2194 3567 2378 3622 αὐτῶν
2425 3565 2757 3636 γεγένηται,
2801 3563 2947 3634 φημὶ
2991 3561 3050 3615 δὲ
3105 3561 3270 3631 μέσον
3325 3560 3629 3615 Σεδουαίων
3681 3563 3770 3614 καὶ

2208 3658 2484 3728 Ἐσσηνῶν
2509 3656 2606 3710 καὶ
2628 3653 2932 3728 Γορθηνῶν.
2974 3654 3037 3707 Ἥ
3059 3652 3116 3706 δὲ
3144 3652 3424 3721 ἀντιλογία
3451 3651 3638 3704 τοῦτον
3663 3651 3772 3721 ἔχει

2192 3751 2284 3805 τὸν
2317 3753 2540 3822 τρόπον.
2601 3750 2660 3803 Ὀ
2693 3747 2857 3819 νόμος
2899 3746 3150 3800 ἐκέλευεν
3193 3745 3306 3814 (75)
3341 3746 3406 3798 ἐκ
3439 3745 3772 3816 πανταχόθεν

2191 3843 2321 3907 τοὺς
2369 3842 2658 3903 Ἰουδαίους
2697 3838 3150 3911 συναθροίζεσθαι
3192 3839 3271 3900 εἰς
3300 3837 3370 3890 τὰ
3407 3837 3771 3908 Ἰεροσόλυμα.

2193 3935 2459 3997 Πολλάκις
2488 3935 2586 4004 μὲν
2613 3928 2707 3986 οὖν
2733 3933 2874 3984 κατά
2899 3931 3050 3998 τρεῖς
3073 3929 3298 3999 καιροὺς
3318 3927 3412 3981 τοῦ
3441 3929 3615 3990 ἔτους,
3635 3926 3770 3980 κατά

2190 4045 2251 4082 τε
2290 4027 2399 4081 τῶν
2443 4025 2714 4096 ’Λζύμων,
2754 4020 3020 4077 καὶκατὰ
3061 4019 3468 4092 Πεντηκοστὴν,
3508 4020 3605 4073 καὶ
3632 4016 3771 4072 κατά

577 4203 592 4233 ¹
624 4201 783 4257 Num.
820 4219 899 4268 χι,
935 4203 1024 4260 16.
1101 4206 1121 4236 ³
1159 4203 1294 4260 Gen.
1341 4221 1382 4272 ι,
1411 4205 1502 4260 26.
1581 4205 1600 4237 ³
1645 4205 1784 4261 Gen.
1819 4221 1935 4270 xui,
1963 4207 2054 4260 24.

2189 4202 2358 4258 Exod.
2387 4218 2548 4266 χχιιι,
2569 4199 2662 4255 2'5.
2739 4207 2761 4238 υ
2789 4197 2953 4254 Forte
2984 4199 3113 4254 τῶν.

578 4357 692 4482 g7?)
734 4359 1069 4429 Παραδόσει
1115 4359 1190 4430 τῇ
1223 4361 1616 4431 προαχθείσῃ.
1658 4361 1883 4434 Regius,
1919 4379 2088 4434 προσ-

613 4447 638 4482 ε
667 4444 754 4482 στι.

504 4447 754 4482 αγυειστι.

541 4444 1041 4570 χῗῧῗῃὲσσηνῶν.
1059 4499 1197 4565 Quid
1232 4500 1285 4553 in
1317 4511 1550 4556 mentem
1586 4500 1888 4570 Epiphanio
1922 4515 2084 4556 vene-

505 4570 674 4635 rit,ut
692 4570 928 4625 Essenos
953 4570 1313 4625 Samaritanis
1342 4580 1678 4633 accenseret,
1711 4571 1959 4625 divinare
1975 4587 2083 4626 non

506 4657 768 4712 possunt;
809 4655 934 4693 nam
980 4640 1130 4712 quod
1166 4655 1457 4695 occurrere
1483 4649 1680 4710 potest,
1705 4657 1883 4712 genus
1911 4641 2087 4709 quod-

504 4710 632 4766 ilam
665 4710 996 4765 Essenorum
1044 4710 1212 4765 fuisse
1245 4726 1275 4763 a
1306 4713 1450 4766 notis
1486 4713 1593 4766 illis
1630 4720 1684 4764 et
1715 4711 2086 4764 sanctiorihus

504 4782 811 4865 diversum,
849 4781 1147 4865 probarem'
1185 4781 1461 4865 equidem.
1494 4784 1541 4837 si
1583 4781 1724 4849 apud
1751 4780 2082 4865 .l’hilonein’,

505 4862 601 4906 aut
629 4851 951 4920 Josephum,
978 4851 1072 4919 qui
1117 4849 1182 4904 de
1215 4849 1548 4904 Essenornm
1581 4852 1893 4915 generibus,
1933 4851 2086 4905 insti-

504 4923 638 4977 tutis
690 4919 775 4974 ac’
797 4919 1041 4991 moribus
1073 4921 1486 4976 accuratissime
1525 4923 1881 4991 scripserunt,
1916 4923 2086 4975 vesti-

504 4993 651 5062 gium
702 4989 923 5062 aliquod
984 5006 1250 5044 novorum
1303 4992 1557 5055 istorum,
1604 4989 2084 5062 aeposteriorum

503 5061 815 5116 exsisteret.
845 5061 996 5113 Nunc
1019 5076 1145 5114 cum
1171 5075 1343 5129 neque
1364 5062 1474 5126 isti,
1497 5077 1597 5116 nec
1635 5061 1771 5116 alios
1792 5062 2084 5130 quisquam

505 5134 589 5185 vel
623 5133 899 5186 levissime
923 5130 1264 5200 signiﬁcarit,
1291 5131 1538 5188 iEssenos
1566 5147 1690 5184 cum
1720 5130 2085 5200 Samaritanis

507 5217 799 5255 commune
830 5199 1107 5270 quidpiam
1143 5201 1418 5264 habuisse,
1443 5217 1676 5270 cumque
1712 5199 2080 5256 interJudaao-

506 5287 626 5323 rum
657 5281 837 5326 sectas
860 5287 889 5323 a
913 5269 1153 5341 Josepho
1177 5281 1563 5325 recenseantur
1591 5269 1783 5341 Esseni
1812 5288 1826 5336 ;
1861 5279 2086 5340 apparet

504 5342 741 5410 primum
771 5357 949 5410 neque
989 5340 1320 5410 Essenorum
1352 5343 1514 5394 ullam
1543 5343 1682 5395 inter
1711 5340 2085 5396 Samaritanos

508 5409 679 5464 fuisse
704 5409 942 5474 sectam;
978 5427 1154 5480 neque
1189 5409 1552 5480 Epiphanium
1581 5411 1725 5465 aliud
1751 5410 2084 5466 Essenorum

506 5494 701 5548 genus,
732 5497 856 5534 cum
906 5482 1265 5535 Samaritanis
1325 5483 1641 5542 ascriberet,
1707 5481 2081 5546 intellexisse,

509 5564 674 5622 quam
689 5550 1128 5622 celeberrimum,
1149 5567 1212 5605 ac
1232 5551 1661 5607 laudatissimnm
1678 5551 1830 5616 illud,
1849 5569 2084 5622 quarunt

509 5617 762 5692 instituta
780 5619 937 5692 Philo
957 5635 1019 5674 ac
1031 5619 1304 5690 Josephns
1330 5622 1603 5676 uberrime
1625 5617 2080 5692 perscripserunt.

508 5687 827 5756 Quanquam
891 5689 1138 5759 Ossenos
1167 5687 1371 5759 postea
1428 5692 1568 5746 inter
1620 5687 1876 5746 .luilaicas
1905 5702 2084 5750 sectas

510 5768 923 5826 commemorat,
952 5762 1047 5830 qui
1075 5758 1238 5816 iidem
1269 5777 1393 5816 cum
1420 5761 1642 5820 Esscnis
1668 5761 1936 5820 videntur.

2276 4356 2576 4431 (72)_Mer_d
2597 4359 2863 4431 τούτουςΔ
2874 4357 3592 4431 ζορθηνοζ-διερώνησαν.
3623 4357 3770 4425 Quo-

2118 4449 2161 4501 ῐ)
2193 4427 2358 4489 modo
2374 4427 2816 4501 'Gorthenijrpb;
2842 4427 3434 4501 dkkﬁlouc‘dissentire
3452 4434 3770 4499 cmperunl?

2191 4505 2329 4559 Nam
2359 4500 2506 4554 nulla
2538 4499 2627 4552 hic
2651 4497 3058 4553 Gorthenorum
3093 4497 3348 4562 divortia,
3369 4497 3562 4554 sectas
3592 4503 3769 4555 nullas

2191 4581 2520 4642 enumerat;
2549 4578 2602 4642 et
2626 4567 2959 4642 ἐπεξήγησις
3117 4581 3239 4642 qum
3271 4569 3596 4642 subjicitur:
3622 4573 3770 4642 Φημὶ

2189 4646 2245 4698 δὲ
2284 4643 2453 4715 μέσον.
2483 4637 2829 4715 Σεϐρυαίῶνλ
2859 4639 2954 4692 καὶ
2997 4638 3272 4715 Ἐσσηνῶν
3309 4639 3407 4715 καὶ
3439 4637 3723 4715 [ορθηνῶν
3748 4659 3762 4672 ο

2193 4707 2375 4780 ιιι-,οξυίι
2407 4708 2467 4762 τὸ
2513 4707 2649 4780 προς
2680 4708 2940 4779 ἀλλήλους
2984 4722 3096 4780 non
3135 4707 3203 4761 ad
3242 4708 3391 4780 solos
3435 4707 3766 4780 Go’rth‘enos,

2191 4777 2284 4839 sed
2330 4782 2408 4850 ad
2436 4777 2710 4850 ιιέοςὸλας
2754 4777 2931 4833 sectas
2961 4778 3253 4850 pertinere.
3287 4777 3448 4850 Atqui
3481 4779 3768 4850 διαφωνεῖν

2193 4855 2329 4926 πρὸς
2365 4849 2628 4926 ἁλλῄλους
2647 4848 2834 4926 Graece
2854 4863 2962 4926 non
2987 4859 3071 4902 est
3103 4848 3238 4926 πρὸς
3265 4848 3476 4926 ἄλλους.
3511 4848 3769 4907 Fortasse

2193 4917 2359 4994 igitur
2392 4917 2586 4994 ἀλλους
2625 4932 2722 4994 pro
2749 4917 3013 4989 ἀλλήλους
3031 4919 3530 4994 _sub‘stitu_endu_t_n;
3573 4930 3767 4991 postu-

2193 4988 2340 5049 labat
2372 4993 2404 5062 ἡ
2439 4988 2752 5062 ἀκολουθία,
2785 4999 2844 5042 ιιι
2872 4988 2988 5058 ρτο
3031 4988 3292 5058 Γορθηνοί
3342 4988 3682 5046 scriberetur
3713 4994 3766 5046 οἱ

2191 5060 2402 5123 λοιποί,
2420 5060 2504 5113 vel
2531 5069 2694 5113 secta:
2725 5067 2836 5113 tres
2865 5068 3303 5113 recenserentur.

2265 5132 2377 5202 (75)
2419 5130 2482 5182 Ὀ
2517 5129 2702 5202 νόθος
2746 5127 3047 5202 ἐκέλευεν.
3099 5127 3298 5202 Mirum
3333 5140 3419 5185 est
3467 5132 3613 5201 quod
3658 5132 3763 5186 hoc

2193 5205 2318 5259 loco
2342 5198 2553 5263 narrat,
2594 5198 3066 5252 Samaritanorum
3097 5199 3244 5254 inter
3279 5216 3337 5256 se
3371 5198 3661 5256 diss'idium
3695 5204 3764 5257 ab

2191 5275 2341 5335 odio,
2371 5281 2424 5326 et
2453 5269 2652 5339 jurgiis
2685 5285 2958 5334 manasse,
2983 5271 3127 5338 quod
3157 5285 3220 5324 ea
3243 5272 3394 5326 natio
3416 5288 3539 5325 cum
3561 5272 3764 5328 Judagis

2191 5350 2449 5399 exercet:
2485 5355 2610 5394 nam
2642 5339 2686 5394 si
2719 5354 2842 5392 cum
2877 5341 3335 5409 praetereuntibus
3378 5341 3579 5397 ludatis
3619 5345 3766 5397 rixa-

2193 5415 2417 5475 bantnr,
2443 5425 2567 5480 qua:
2594 5424 2768 5480 causa
2812 5408 3088 5480 luittcur
3121 5426 3152 5463 a
3187 5427 3246 5465 se
3289 5413 3520 5467 invicem
3550 5414 3767 5467 dissen-

2192 5484 2399 5540 tirent?
2432 5479 2550 5536 Non
2590 5479 2643 5533 id
2675 5480 2916 5549 explicat
2947 5479 3287 5549 Epiphanius
3321 5500 3334 5536 :
3371 5491 3425 5538 et
3469 5483 3616 5537 aliud
3651 5485 3764 5551 agit

2191 5556 2457 5608 omnino:
2502 5551 2714 5605 Etenim
2758 5551 3142 5618 συμπληγάδες
3188 5553 3304 5606 ista:
3345 5570 3451 5607 non
3483 5562 3613 5608 sunt
3655 5553 3765 5606 τῶν

2192 5623 2546 5694 Σαμαρειτῶν
2603 5620 2741 5692 πρὸς
2786 5620 3082 5692 ἀλλήλους,
3131 5623 3227 5678 sed
3270 5623 3406 5694 πρὸς
3451 5625 3577 5687 τοὺς
3631 5625 3763 5677 Ίου-

2191 5697 2390 5759 δαίους.
