4204 6370
425 254 536 313 237

416 363 420 367 ’
932 374 1123 426 ΚΑΤΑ
1167 374 1518 435 ΔοΣιΘΕΩΝ,

433 485 689 559 Τετάρτῃ
727 489 957 557 αἵρεσις
984 488 1108 559 ἀπό
1143 486 1514 557 Σαμαρειτῶν
1552 482 2008 555 τρισκαιδεκάτῃ

951 559 1019 611 δὲ
1044 557 1119 627 τῇ
1146 560 1494 625 ἀκολουθίᾳ.

502 672 740 727 Δοσίθεοι
782 672 839 725 δὲ
888 672 1097 736 τούτοις
1143 670 1488 742 διαφέρονται
1539 668 1650 738 (86)
1703 668 1843 720 κατὰ
1880 665 2011 718 πολ-

431 763 558 827 λοὺς
613 764 743 821 τοὺς
788 762 1045 833 τρόπους.
1104 762 1424 815 Ἀνάστασιν
1496 759 1604 831 γὰρ
1669 758 2010 829 ὁμολογοῦσι,

433 853 528 906 καὶ
596 852 859 904 πολιτεῖαι
916 851 1043 915 παρ’
1093 852 1273 913 αὐτοῖς
1326 850 1481 904 εἰσίν.
1558 848 1846 918 Ἐμψύχων
1910 848 2016 902 ἀπα

436 946 686 1015 έχονται·
738 943 873 997 ἀλλά
902 942 997 997 καί
1038 961 1181 1007 τινες
1228 942 1408 996 αὐτῶν
1460 940 1881 1012 ἐγκρατεύονται
1911 937 2017 991 ἀπὸ

434 1038 631 1106 γάμων
679 1034 817 1106 μετὰ
862 1034 924 1087 τὸ
968 1035 1162 1105 βιῶσαι
1203 1034 1348 1103 (87)·
1385 1033 1533 1088 ἄλλοι
1569 1032 1624 1085 δὲ
1668 1034 1763 1085 καὶ
1816 1030 2019 1101 παρθε-

434 1130 703 1183 νεύουσιν.
735 1128 1010 1191 Ὡσαύτως
1044 1128 1163 1198 μὲν’
1182 1128 1483 1198 περιτομήν
1508 1143 1566 1178 τε
1595 1126 1689 1179 καὶ
1718 1124 2014 1184 Σάϐϐατον,

435 1222 534 1273 καὶ
562 1220 623 1273 τὸ
661 1220 734 1291 μὴ
760 1220 1037 1288 θιγγάνειν
1062 1219 1205 1282 τινὸς
1234 1218 1323 1271 διὰ
1348 1218 1410 1271 τὸ
1440 1216 1812 1291 βδελύττεσθαι
1842 1215 2020 1270 πάντα

436 1309 745 1382 ἄνθρωπον,
775 1309 975 1381 ὁμοίιος
1008 1309 1212 1379 έχουσι.
1246 1309 1520 1379 Νηστείας
1567 1290 1635 1360 δὲ’
1658 1308 1783 1370 τοὺς
1825 1306 2019 1367 αὐτοὺς

440 1403 733 1471 φυλάττειν
778 1402 871 1455 καὶ
919 1400 1265 1466 ἐξασκεῖσθαι
1300 1400 1510 1467 εἰσάγει
1558 1402 1585 1453 ό
1630 1399 1806 1466 λόγος.
1852 1398 1914 1449 Ἡ
1964 1396 2020 1449 δὲ

440 1494 713 1566 πρόφασις
762 1492 853 1547 τοῦ
904 1494 996 1546 τὸν
1044 1492 1289 1545 Δοσίθεον
1335 1492 1600 1563 φρονῆσαι
1642 1490 1817 1543 ταῦτα
1858 1488 2017 1557 αὕτη.

440 1581 612 1651 Οὗτος
662 1586 927 1658 συνεμίγη
984 1587 1092 1640 ἀπὸ
1156 1586 1420 1640 Ἰουδαίων
1470 1584 1789 1656 ὁρμώμενος
1838 1585 1917 1644 είς
1952 1581 2022 1635 τὰ

441 1682 551 1735 τῶν
599 1680 952 1752 Σαμαρειτῶν
998 1680 1147 1749 ἔθνη,
1198 1679 1292 1733 καὶ
1340 1681 1396 1731 ὲν
1442 1677 1719 1732 παιδεύσει
1759 1674 1900 1729 κατὰ
1930 1673 2021 1725 τὸν

1100 252 1470 309 ADVERSUS
1510 249 1856 307 IIERESES
1891 248 2022 305 LIB.
2056 250 2099 306 I.
2140 249 2302 306 TOM.
2336 250 2377 306 I.
2415 280 2486 291 ——
2522 248 2801 305 HERES.
2833 248 2976 305 XIII.

2040 382 2087 438 Δ

3575 238 3687 301 233

2537 368 2823 425 CONTRA
2852 364 3257 425 DOSITHEOS.

2259 480 2495 535 Hreresis
2527 479 2607 533 IV
2636 481 3130 540 Samaritanorum,
3159 475 3343 531 ordine
3373 472 3544 527 XIII.

2189 657 2270 711 Ab
2306 657 2392 710 his
2433 656 2678 711 Dosithei
2728 656 3104 726 multipliciter
3164 654 3501 722 discrepant.
3550 650 3696 703 Nam

2115 757 2170 803 et
2197 750 2662 803 resurrectionem
2699 748 3020 809 admittunt,
3051 755 3106 801 et
3132 744 3407 801 severiora
3441 742 3584 813 apud
3618 741 3687 794 il-

2119 841 2201 894 los
2229 846 2359 894 sunt
2387 839 2642 892 instituta
2668 839 2909 893 vivendi.
2950 840 3079 891 Item
3112 838 3180 891 ab
3227 835 3485 890 animatis
3509 833 3723 911 ιιὶιειί-χ

2120 935 2269 983 nent.
2308 926 2571 982 Nonnulli
2604 929 2770 983 etiam
2797 938 2923 999 post
2953 930 3177 998 nuptias
3222 925 3496 980 uxoribus
3544 915 3727 977 mor"

2119 1024 2231 1077 tuis
2260 1022 2661 1077 continentiam
2712 1022 2956 1077 servant.
3009 1022 3115 1075 Alii
3154 1019 3529 1082 virginitatem
3563 1017 3697 1070 reti-

2121 1120 2270 1166 nent.
2312 1110 2368 1165 ln
2395 1127 2461 1166 eo
2498 1127 2629 1166 vero
2666 1126 2792 1165 cum
2849 1112 2974 1165 aliis
3031 1109 3407 1169 consentiunt,
3464 1104 3608 1176 quod
3643 1112 3699 1158 et

2120 1202 2603 1258 circumcisionem
2632 1211 2686 1258 et
2718 1202 3019 1257 Sabbatum
3073 1202 3287 1262 colunt,
3322 1211 3374 1253 et
3396 1198 3700 1266 cujuslibet

2122 1293 2361 1347 hominis
2393 1302 2708 1349 contactum
2734 1294 2999 1355 devitant,
3036 1292 3183 1362 quod
3234 1291 3522 1345 universos
3567 1289 3700 1342 abo-

2122 1387 2425 1442 minentur.
2486 1386 2688 1441 Eadem
2745 1400 2911 1456 porro
2968 1400 3091 1437 cum
3123 1384 3247 1438 aliis
3294 1383 3504 1452 jejunia
3538 1391 3701 1453 atque

2124 1479 2552 1534 exercitationes
2584 1477 2866 1532 adhibent.
2890 1475 3017 1531 Haec
3044 1476 3227 1532 omnia
3261 1491 3289 1528 a
3314 1475 3574 1531 Dositheo
3600 1477 3702 1531 hac

2124 1584 2189 1623 ex
2226 1569 2519 1624 occasione
2569 1569 2783 1623 sancita
2820 1576 2970 1624 sunt.
3002 1567 3139 1621 Cum
3196 1566 3344 1621 enim
3371 1565 3594 1620 Judazus
3620 1580 3704 1620 es-

2129 1668 2232 1721 set,
2256 1674 2376 1714 sese
2399 1658 2467 1712 ad
2497 1656 2880 1713 Samaritanos
2907 1657 3180 1726 adjunxit.
3212 1655 3425 1725 Quippe
3454 1663 3507 1709 et
3539 1655 3591 1709 i'n
3620 1655 3703 1709 ιο-

600 1732 863 1752 τητηκν
1244 1732 1249 1733 ,

442 1774 608 1844 νόμον
644 1774 922 1844 προήκων,
963 1769 1323 1843 δευτερώσεσί
1372 1787 1429 1823 τε
1475 1772 1596 1831 ταῖς
1642 1768 1772 1839 παρ’
1818 1766 2021 1827 αὐτοῖς,

2128 1749 2209 1816 gis
2259 1749 2528 1803 institutis
2573 1749 2816 1818 apprime
2865 1760 3115 1803 versatus
3145 1789 3160 1812 ,
3205 1756 3260 1801 et
3314 1746 3700 1809 traditionum,

444 1863 763 1937 θηρώμενος
788 1863 858 1916 τὰ
888 1865 1130 1934 πρωτεῖα
1160 1862 1255 1914 καὶ
1287 1859 1572 1931 ἀποτυχών
1592 1876 1605 1889 ·
1638 1859 1732 1912 καὶ
1764 1858 1838 1929 μὴ
1866 1855 2028 1919 ἀξιω-

444 1958 559 2021 θείς
588 1975 641 2009 τι
682 1957 832 2027 παρὰ
873 1956 1148 2018 Ἰουδαίοις
1174 1954 1515 2024 νομισθῆναι,
1548 1951 1820 2016 ἐξέκλινεν
1862 1951 1940 2010 εἰς
1967 1945 2028 1997 τὸ

446 2048 849 2121 Σαμαρειτικὸν
890 2048 1067 2116 γένος,
1129 2047 1225 2099 καὶ
1258 2045 1461 2116 ταύτην
1508 2044 1607 2115 τὴν
1652 2044 1861 2113 αἵρεσιν
1900 2057 2031 2113 προ-

447 2140 738 2209 εστήσατο.
784 2139 873 2192 Ἐν
902 2137 1153 2207 σπηλαίῳ
1181 2137 1239 2190 δέ
1282 2154 1385 2191 που
1415 2133 1733 2205 ἀναχωρῶν,
1766 2132 1832 2187 δι’
1865 2133 2031 2204 ὑπερ-

448 2231 612 2302 ϐολὴν
666 2229 1014 2296 ὲθελοσοφίας
1076 2230 1319 2297 ματαίως
1387 2228 1481 2280 καὶ
1539 2226 1907 2296 ὑποκριτικῶς
1974 2228 2031 2278 ὲν

450 2322 678 2391 νηστείᾳ.
710 2320 1014 2393 καρτερῶν,
1048 2320 1123 2383 ὡς
1156 2319 1312 2387 λόγος
1344 2318 1476 2389 ἔχει,
1522 2318 1696 2380 οὕτως
1740 2317 2031 2381 ἀπέθανεν,

451 2415 509 2466 ὲν
541 2412 715 2482 ἐνδείᾳ
742 2413 908 2482 ἄρτου
938 2411 1032 2463 καὶ
1053 2410 1266 2473 ὓδατος,
1294 2410 1518 2480 ἑκουσίᾳ
1542 2408 1701 2479 δῆθεν
1724 2412 1787 2479 τῇ
1818 2408 2030 2481 γνώμῃ.

452 2504 607 2559 Μετὰ
650 2504 707 2557 δέ
751 2519 903 2566 τινας
952 2502 1167 2573 ἡμέρας
1220 2501 1477 2564 ἐλθόντας
1527 2501 1620 2553 ἐπὶ
1679 2500 1778 2569 τὴν
1844 2500 2034 2552 τούτου

452 2596 739 2665 ἐπίσκεψιν
787 2595 1079 2667 εὑρηκέναι
1125 2596 1187 2649 τὸ
1240 2580 1665 2665 σῶμαίόδωδὸς,
1714 2593 1945 2665 ὲξέρψαν
1976 2612 2035 2646 τε

454 2688 764 2757 σκώληκας,
794 2690 889 2741 καὶ
923 2688 1083 2756 νέφος
1118 2686 1292 2758 μυιῶν
1334 2688 1421 2739 ἐπ’
1454 2687 1585 2739 αὐτὸ
1616 2686 2035 2755 ἐσμηνευκέναι.

530 2844 638 2895 Καὶ
662 2836 820 2897 αὗται
860 2842 958 2913 μὲν
988 2843 1045 2895 αἱ
1070 2842 1319 2896 ἐλθοῦσαι
1351 2843 1429 2905 είς
1472 2844 1618 2913 ἡμᾶς
1648 2842 1750 2912 τῆς
1789 2842 2040 2907 γνώσεως

457 2936 587 3005 περὶ
626 2934 733 2987 τῶν
782 2933 1195 3004 προειρημένων
1224 2933 1506 3004 τεσσάρων
1537 2934 1804 3004 αἱρέσεων
1848 2932 2037 3000 διαφο-

462 3028 575 3097 ραὶ,
622 3026 825 3088 αἵτινες
875 3026 1350 3095 ἁνατραπήσονται
1401 3024 1487 3077 διὰ
1532 3024 1639 3077 τῶν
1691 3024 1808 3077 κατ’
1860 3024 2039 3083 αὐτῶν

458 3081 783 3190 εἰρημένων.
805 3081 1120 3186 -Ἔπάνέιμι
1152 3081 1229 3169 ’δὲ
1273 3112 1430 3179 αὖθις
1472 3116 1571 3180 τὰς
1614 3116 1757 3170 κατὰ
1793 3081 2039 3188 διαδοχὴν
2068 3081 2111 3138 C

459 3210 569 3264 τῶν
614 3210 821 3283 χρόνων
861 3209 1267 3281 παρεισδύσεις,
1313 3208 1409 3263 καὶ
1450 3208 1551 3278 τῆς
1593 3208 1800 3279 πλάνης
1845 3208 1911 3263 τὰ
1955 3207 2043 3278 βο-

463 3304 721 3373 σκήματα
765 3301 875 3372 (88)
920 3302 1204 3373 συνείρων,
1247 3303 1341 3355 καὶ
1384 3302 1704 3373 ποιούμενος
1753 3301 1852 3372 τὴν
1907 3301 2043 3371 πρὸς

462 3394 660 3456 αὐτοὺς
686 3393 1015 3461 ἀντιλογίαν,
1050 3395 1107 3446 ὲν
1151 3392 1229 3463 τῷ
1258 3393 1329 3446 τὰ
1370 3393 1587 3463 σχέτλια
1618 3390 1797 3447 αὐτῶν
1829 3394 2043 3446 ἀποκα-

461 3482 685 3537 λύπτειν
740 3482 1179 3554 ἐπιτηδεύματα,
1240 3484 1335 3536 καὶ
1394 3482 1481 3536 διὰ
1558 3483 1819 3553 συντόμου
1886 3482 2043 3551 λόγου

464 3575 738 3629 ποιεῖσθαι
780 3575 869 3627 τὸν
898 3575 1118 3647 ἔλεγχον
1145 3578 1244 3647 τῆς
1267 3574 1375 3629 τῶν
1407 3574 1590 3629 κακῶν
1624 3575 1718 3629 καὶ
1747 3574 2044 3645 ὁλετηρίων

465 3666 710 3739 ἑρπετῶν
744 3667 997 3731 ἰοϐολίας.

536 3758 931 3829 Πεπλήρωνται
976 3759 1031 3811 αἱ
1066 3757 1175 3811 τῶν
1206 3757 1564 3829 Σαμαρειτῶν
1597 3758 1836 3827 αἱρέσεις
1878 3758 1933 3810 δ.

511 3967 635 4006 nam
660 3951 847 4007 Esseni
868 3969 991 4007 Clllll
1018 3952 1126 4007 illis
1148 3952 1355 4007 Pascha
1382 3954 1680 4007 celebrant.
1702 3951 1902 4006 Verum
1923 3967 2052 4007 ecce

511 3968 635 4006 nam
660 3968 847 4007 essent
868 3969 991 4007 Clllll
1018 3968 1126 4007 nus
1149 3968 1355 4007 rascna
1382 3968 1680 4007 cetenrant.
1709 3968 1902 4006 verum
1923 3968 2052 4007 ecce

470 3968 538 4077 ﬂe
564 4021 801 4095 [Issenis
839 4038 1005 4092 supra
1038 4026 1169 4095 haar.
1207 4040 1238 4076 ι(
1282 4024 1544 4095 scripsit:
1586 4022 1900 4095 Ἐνέμειναν
1938 4023 2052 4095 γὰρ

471 4095 521 4145 oi
562 4093 810 4169 ’Egaqvo‘t
845 4096 912 4163 τῇ
950 4093 1151 4169 Δπρώτῃ
1184 4095 1371 4167 ἀγωγῇ
1424 4093 1587 4163 μηδὲν
1643 4093 2053 4169 ὑπερδαλλόμεὲο

472 4180 574 4217 νοι.
611 4161 674 4215 1η
716 4161 911 4230 ρνὶονέ
945 4161 1186 4217 ἱιιᾶιιίιιίὶο
1219 4161 1649 4232 permanserunt.
1691 4161 1841 4215 nulla
1894 4161 1964 4216 in'
2000 4179 2056 4217 re

476 4235 940 4303 transgredientes.
990 4233 1088 4288 llic
1134 4245 1316 4288 autem
1345 4273 1359 4294 ,
1400 4246 1454 4287 et
1513 4235 1566 4286 in
1621 4233 2054 4297 Anacephalteosi

476 4305 796 4373 plerumque
821 4320 943 4359 cum
964 4304 1208 4359 Sebuans
1232 4305 1367 4358 festa
1397 4313 1723 4373 praepostere
1755 4304 2053 4357 celebrant.

584 4405 703 4473 Quo
731 4416 933 4461 teneam
960 4408 1161 4463 vultum
1191 4416 1482 4461 mutantem
1519 4406 1712 4461 Protea
1742 4407 1923 4466 nodo?

548 4508 631 4562 An
677 4510 789 4563 duo
834 4519 964 4564 sunt
1021 4510 1354 4567 Essenorum
1402 4527 1633 4581 genera,
1686 4521 1743 4565 ut
1803 4510 2056 4567 Serrario

482 4579 719 4649 placuit,
772 4583 1104 4635 reclamante
1166 4579 1483 4650 Scaligero?
1530 4581 1597 4635 Ut
1650 4584 1740 4635 alii
1795 4599 1917 4636 cum
1957 4582 2056 4638 Se-

485 4651 692 4714 buaais;
738 4651 829 4703 alii
890 4666 1015 4704 cum
1082 4651 1381 4707 Gorthenis
1420 4661 1472 4705 et
1525 4651 1796 4707 Dositheis
1846 4655 2057 4707 habita-

481 4724 626 4781 rint,
672 4731 727 4774 et
754 4736 967 4791 _eorum
1009 4724 1333 4791 quibuscum
1384 4723 1643 4791 degerent
1682 4726 1819 4776 ritus
1864 4724 1916 4776 in
1966 4725 2060 4777 ob-

482 4791 681 4844 eundis
736 4789 1406 4847 duntaxat—solemnilms
1461 4789 1838 4848 imitarentur.
1901 4792 2054 4859 Quod

483 4861 731 4933 quidem_
759 4860 1139 4933 studiopaeis
1184 4878 1249 4915 ac
1286 4863 1597 4916 concordiae
1640 4860 1875 4917 Essenos
1916 4881 2054 4933 pne-

484 4931 691 5003 stitisse
722 4931 914 5003 horum
948 4931 1235 5001 disciplina
1260 4933 1575 5001 persuadet,
1604 4948 1726 5003 quae
1760 4934 1892 4987 nihil
1919 4931 2056 4988 'otio

484 5016 550 5054 ac
590 5001 771 5069 quiete
801 5001 1082 5069 antiquius
1118 5004 1327 5057 habuit.

556 5070 668 5143 (86)
714 5072 983 5125 Δοσίθεοι
1025 5073 1094 5124 δὲ
1136 5074 1370 5143 τούτοις
1413 5072 1814 5141 διαφέρονται.
1876 5073 2053 5143 Supra

486 5138 781 5193 Dositheos
810 5156 839 5193 a
870 5145 1255 5197 communibus
1289 5138 1764 5197 Samaritanorum
1815 5138 2055 5197 odiis'ac

484 5211 929 5283 contentionibus
962 5214 1213 5281 excipere
1251 5216 1401 5267 visus
1441 5222 1551 5277 est;
1585 5214 1723 5283 πλὴν
1759 5214 1868 5265 τῶν
1903 5217 2056 5266 Δοσι-

485 5280 625 5332 θέων
662 5281 839 5349 μόνον.
876 5280 1425 5337 νει-ιιιιιίοοιιῑηιιίιιε
1454 5299 1519 5336 ex
1564 5280 1818 5337 hoc-loco
1857 5298 2057 5338 sensus

486 5353 865 5427 superioribus
887 5352 993 5406 illis
1019 5353 1398 5427 attribuendus
1416 5361 1529 5427 est:
1556 5351 1820 5427 Nimirum
1844 5355 1902 5405 ὲν
1926 5353 2057 5427 βρα-

484 5423 573 5492 χεῖ
602 5423 694 5473 καὶ
721 5421 778 5473 ἐν
802 5438 906 5473 τινι
935 5422 1115 5485 ποσῶς
1137 5440 1150 5454 ο
1180 5426 1371 5492 paucis
1393 5438 1457 5477 ac
1484 5425 1778 5478 levissimis
1807 5424 1861 5477 in
1891 5421 2056 5477 rebus

487 5479 963 5544 Samaritanorum
997 5479 1264 5548 tactiones
1293 5509 1322 5546 a
1363 5509 1422 5547 se
1458 5495 1689 5548 invicem
1736 5495 2054 5556 dissentire,

488 5569 687 5630 praeter
717 5561 1025 5635 Dositheos,
1068 5580 1173 5635 non
1206 5566 1301 5635 qui
1341 5564 1476 5617 nihil
1524 5579 1555 5617 a
1592 5565 1805 5635 caeteris
1847 5566 2057 5635 discre-

488 5640 720 5703 parent;
758 5632 851 5685 sed
877 5633 968 5703 qui
1004 5648 1110 5686 non
1140 5632 1353 5695 leviter,
1380 5642 1440 5687 ut
1474 5634 1573 5696 illi,
1613 5634 1705 5687 sed
1731 5634 2057 5703 gravissime

486 5700 841 5759 dissiderent.
896 5700 1136 5757 Dosithei
1199 5719 1362 5774 porro
1410 5714 1518 5760 tam
1577 5713 1702 5760 ante
1736 5700 2054 5772 'Christum,

2131 1855 2268 1910 quas
2301 1841 2378 1893 illi
2402 1840 2718 1902 observant,
2779 1840 3180 1894 scientissimus
3228 1838 3529 1908 principem
3563 1840 3706 1892 inter

2132 1946 2263 1987 suos
2294 1929 2472 1983 locum
2502 1929 2747 1999 appetiit.
2777 1930 2822 1981 Α
2851 1943 2960 1997 quo
2985 1928 3271 1997 depulsus,
3306 1944 3405 1981 nec
3448 1942 3707 1995 magnam

2132 2026 2277 2077 inter
2297 2020 2516 2075 Judmos
2566 2020 2950 2073 auctoritatem
2992 2018 3245 2088 adeptus,
3298 2016 3367 2071 ad
3404 2016 3707 2072 Samarita-

2132 2130 2235 2169 nos
2281 2112 2501 2173 defecit,
2557 2119 2609 2165 et
2665 2112 2812 2165 illam
2867 2119 3070 2165 sectam
3102 2108 3370 2163 condidit.
3409 2107 3614 2163 Deinde
3650 2110 3707 2164 in

2135 2206 2451 2274 speluncam
2484 2204 2747 2258 secedens
2775 2218 2884 2272 pra}
2936 2202 3185 2258 allectata
3222 2203 3458 2270 quadam
3490 2202 3709 2271 sapien-

2135 2298 2208 2349 tia
2242 2296 2518 2366 perpetuis
2554 2311 2633 2357 se,
2662 2295 2739 2347 uti
2774 2296 2976 2355 ferunt,
3013 2292 3240 2363 jejuniis
3270 2293 3509 2346 inaniter
3537 2308 3600 2346 ac
3634 2294 3710 2347 si-

2138 2388 2343 2441 mulata
2377 2387 2580 2456 pietate
2615 2385 2890 2451 confecit;
2922 2384 3098 2438 donec
3148 2384 3253 2437 cibi
3287 2398 3351 2438 ac
3386 2391 3548 2453 potus
3596 2382 3711 2437 ine-

2138 2479 2250 2541 dia,
2308 2478 2615 2532 voluntaria
2679 2478 2891 2531 scilicet
2939 2483 3136 2541 morte,
3198 2486 3563 2546 consumptus
3607 2482 3709 2530 est.

2139 2572 2362 2642 Aliquot
2404 2572 2527 2626 inde
2556 2580 2679 2641 post
2705 2570 2900 2625 diebus
2927 2569 3019 2640 qui
3055 2568 3122 2622 ad
3168 2583 3291 2624 eum
3322 2577 3585 2623 venerant
3612 2582 3713 2638 pu—

2140 2665 2432 2719 trefactum
2466 2680 2529 2718 ac
2562 2666 2875 2718 verminans
2921 2659 3157 2716 cadaver
3182 2662 3488 2724 inveniunt,
3516 2676 3579 2714 ac
3602 2676 3714 2717 mu-

2141 2769 2356 2809 scarum
2388 2754 2639 2808 examine
2664 2763 2901 2809 scatens.

2211 2845 2313 2915 31
2348 2843 2473 2898 Haec
2504 2852 2633 2899 sunt
2661 2860 2781 2915 quze
2831 2844 2898 2897 ad
2956 2858 3057 2897 nos
3119 2858 3415 2913 pervenere
3476 2850 3715 2911 quatuor

2144 2948 2415 2992 sectarum
2451 2936 2773 2991 discrimina
2814 2951 2827 2987 :
2858 2950 2980 3005 qum
3027 2935 3186 2987 facile
3236 2950 3299 2987 ex
3334 2935 3402 2987 iis
3438 2949 3559 3004 qua:
3581 2949 3714 2989 ρους

2146 3035 2231 3080 tra
2262 3027 2383 3081 illas
2414 3026 2689 3096 disputata
2724 3034 2873 3093 sunt,
2917 3034 3255 3080 evertentur.
3288 3025 3445 3081 Nunc
3478 3027 3715 3082 h:ereses

2145 3118 2407 3188 reliquas,
2443 3134 2563 3188 qua:
2588 3130 2894 3189 temporum
2926 3120 3283 3173 successione
3317 3134 3605 3189 perperam
3640 3121 3717 3174 ir-

2143 3218 2459 3287 repserunt,
2491 3218 2545 3265 et
2580 3211 2895 3265 aberrantia
2930 3213 3113 3266 omnia
3165 3228 3360 3282 pecora
3414 3219 3715 3280 pertexam,

2145 3296 2447 3367 eademque
2475 3301 2801 3352 convincam
2837 3300 3034 3368 partim
3075 3301 3292 3357 illorum
3324 3300 3721 3358 infelicissimis

2098 3410 2111 3424 -
2148 3387 2457 3457 relegendis
2488 3388 2829 3469 institutis;.
2863 3392 3065 3461 partim
3117 3393 3401 3446 lethalium
3438 3409 3500 3448 ac
3533 3393 3720 3463 perni-

2146 3479 2423 3535 ciosorum
2453 3482 2788 3551 serpentium
2814 3482 3043 3539 venenis
3069 3483 3223 3538 boavi
3254 3483 3505 3540 oratione
3534 3492 3722 3541 retun-

2148 3570 2362 3627 dendis.

2224 3768 2503 3825 Hactenus
2533 3769 2601 3825 de
2632 3767 3103 3827 Samaritanorum
3131 3774 3299 3830 sectis
3332 3790 3402 3829 tv.

2154 3973 2318 4030 quam
2352 3967 2475 4029 post
2493 3974 2628 4030 eum
2665 3961 2975 4029 complures
3004 3963 3359 4027 exstiterunt,
3390 3973 3444 4017 et
3482 3966 3723 4019 nonnul-

2154 4028 2331 4099 lorum
2356 4028 2502 4099 apud
2536 4028 2799 4084 Hebraeos
2826 4033 3047 4086 mentio.
3090 4032 3223 4085 Nam
3265 4042 3463 4092 mnum
3502 4034 3724 4091 Dosthai

2155 4098 2604 4172 estADositheus,
2627 4100 2773 4172 quod
2803 4099 3013 4172 frustra
3054 4113 3318 4172 negatum
3351 4120 3379 4155 a
3422 4102 3722 4172 Scaligero.

2157 4171 2225 4239 At
2250 4169 2303 4222 in
2342 4184 2462 4237 cap.
2498 4170 2551 4224 5.
2582 4169 2740 4225 Pirke
2785 4171 2961 4224 Aboth
2995 4169 3267 4239 quoddam
3305 4171 3531 4227 Dosthai
3566 4169 3726 4233 Jonai

2158 4238 2219 4293 F.
2248 4240 2452 4310 dictum
2493 4248 2862 4310 memoratur.
2885 4238 3030 4310 quod
3062 4259 3091 4296 a
3143 4241 3210 4296 Β.
3260 4241 3395 4296 Meir
3433 4244 3724 4304 didicerat.

2161 4309 2266 4363 Sed
2308 4309 2354 4363 is
2384 4310 2453 4361 ab
2484 4310 2583 4362 hoc
2612 4320 2800 4363 nostro
2833 4309 3083 4369 diversus
3112 4321 3218 4368 est.
3255 4312 3727 4378 Quemadmodum

2160 4388 2215 4435 et
2262 4378 2400 4432 alter
2436 4379 2550 4453 ille,
2596 4381 2758 4453 cujus
2815 4381 3103 4450 aliquoties
3151 4383 3413 4453 Origenes
3459 4386 3727 4450 meminit,

2165 4464 2401 4524 cumque
2433 4448 3107 4524 Samaritanurnappellat
3146 4454 3219 4508 lib
3249 4448 3326 4506 ἰν
3352 4453 3493 4522 Περὶ
3522 4448 3729 4524 ἀρχῶν

2162 4535 2284 4603 cap.
2322 4520 2377 4583 2,
2412 4533 2621 4603 necnon
2637 4530 2719 4603 iet
2761 4520 2885 4576 aliis
3024 4524 3183 4603 locis,
3222 4520 3499 4603 przeeipue
3538 4520 3728 4603 contra

2162 4588 2370 4664 _Celsum
2413 4590 2505 4645 lib.
2528 4588 2839 4664 _tt._Yerum
2872 4593 3151 4663 antiquior
3184 4588 3269 4649 est
3314 4588 3730 4664 Epiphanianus

2160 4661 2284 4726 iste,
2313 4674 2343 4711 a
2373 4673 2500 4734 quo
2526 4657 2863 4734 _Sadduca-aos
2882 4657 3210 4734 propagatos
3255 4657 3377 4719 esse
3419 4657 3553 4734 mox
3590 4666 3731 4719 indi-

2160 4740 2268 4792 cat,
2296 4731 2385 4795 qui
2413 4729 2631 4795 quidem
2665 4729 3082 4789 Christiort'uni
3124 4734 3437 4788 antecessit.
3468 4733 3541 4788 De
3578 4734 3732 4788 Dosi-

2160 4800 2291 4871 theo
2306 4807 2368 4871 _et
2383 4797 2721 4871 Dositheanis
2741 4803 2854 4871 lege
2876 4818 2995 4870 qua:
3018 4803 3228 4858 erudite
3245 4802 3528 4859 Serrarius
3544 4813 3731 4859 noster

2162 4870 2216 4924 in
2242 4868 2548 4944 Δέλίίιιιξτυαιί
2597 4868 2833 4944 disputat
2879 4868 2975 4927 lib.
3016 4889 3095 4944 iv,
3127 4889 3247 4944 cap.
3294 4874 3381 4936 10,
3422 4874 3480 4928 Il
3519 4884 3570 4929 et
3600 4874 3686 4944 12.

2231 4939 2357 5013 (87)_
2391 4939 2877 5013 Ἐγκρατεύονται
2912 4943 3030 4999 ἀπὸ
3067 4939 3273 5013 γάμων
3294 4947 3447 5012 μετὰ
3482 4944 3549 4997 τὸ
3586 4942 3732 5007 βιῶ-

2158 5024 2283 5083 σαι..
2321 5010 2685 5083 Potestillud
2707 5012 2892 5083 ,μετὰ
2932 5013 2993 5066 τὸ
3035 5010 3249 5083 βιῶσαι,
3287 5010 3527 5083 duobus
3550 5013 3730 5083 modis

2159 5080 2332 5153 accipi
2356 5080 2685 5153 _:_utrobique
2704 5080 3076 5153 ὲλλειπτικῶς.
3103 5082 3274 5143 Alter,
3300 5092 3357 5137 ut
3376 5084 3437 5135 ὲν
3461 5081 3540 5153 τῷ
3567 5082 3730 5153 γάμῳ

2160 5149 2519 5222 subaudiatur
2547 5169 2559 5205 :
2599 5149 2758 5215 alter,
2789 5159 2849 5205 ut
2882 5152 2948 5206 ad
2987 5157 3222 5220 γυναῖκα
3255 5149 3539 5222 pertineat.
3576 5149 3733 5206 Prior

2159 5219 2536 5292 interpretatio
2574 5221 2880 5292 simplicior
2912 5219 3017 5292 est,
3049 5219 3281 5292 eamque
3307 5224 3611 5277 Cornarius
3644 5238 3735 5276 se-

2159 5296 2320 5346 cutus
2345 5297 2447 5345 est.
2482 5290 2546 5362 In
2572 5290 2741 5362 altera
2768 5292 2827 5345 τὸ
2861 5291 3055 5362 βιῶσαι
3085 5290 3226 5346 idem
3266 5300 3351 5347 est
3379 5308 3440 5345 ac
3468 5302 3733 5346 mortuum

2158 5376 2288 5432 esse,
2317 5368 2374 5412 ut
2408 5359 2806 5432 apud‘_[.atinos
2839 5359 2991 5426 vixit,
3022 5361 3250 5432 βεϐίωκε
3282 5362 3425 5432 apud
3452 5362 3730 5419 Plutarch.

2161 5430 2215 5483 in
2237 5429 2520 5503 Cicerone.
2546 5429 2657 5485 Nos
2690 5442 2978 5502 utramque
3014 5429 3139 5487 cum
3169 5429 3611 5503 agnovissemus,
3638 5448 3735 5503 po-

2160 5501 2360 5572 sterior
2394 5501 2446 5553 io
2478 5508 2796 5572 contextmn
2820 5501 3059 5572 recepta.

2161 5569 2355 5713 151(3)?)
2367 5571 2511 5712 {ﬁt—1:;
2520 5570 2630 5696 τῆς
2676 5571 2916 5639 πλάνης
2945 5569 3017 5627 τὰ
3051 5572 3438 5644 βοσκήματα.
3480 5570 3740 5631 Fortasse
