4204 6370
1933 349 1991 405 S.
2036 345 2379 404 EPIPHANII

3658 338 3770 400 2W

1254 493 1332 548 Io
1345 493 1710 546 ΥΔΑΙΣΜΟΣ
1751 495 1793 544 Α
1805 492 2037 543 οιηοΝ
2075 485 2472 541 ΜεριΣΘΕιΣ
2501 486 2626 539 KAI
2653 484 2898 541 ΑΥΤΟΣ
2929 483 3042 556 (89)

1793 647 1899 698 ΕΙΣ
1939 644 2247 697 ΑΙΡΕΣΕΙΣ
2286 642 2488 697 ΕΠΤΑ.

1409 805 1809 863 JUDAISMUS
1846 805 1938 860 Vll
1974 805 2043 858 IN
2080 803 2348 859 SECTAS
2389 802 2876 860 DlSTRlBUTUS.

887 965 1166 1022 CONTRA
1200 964 1635 1021 SADDUCIEOS
1662 1005 1679 1031 ,

601 1086 738 1152 Qua:
762 1093 838 1138 est
871 1084 1044 1152 prima
1078 1081 1347 1135 lndaismi
1394 1093 1555 1143 secta,
1593 1081 1776 1134 ordine
1811 1078 1971 1133 XIV.

572 1257 701 1313 Post
737 1259 860 1312 illas
893 1258 1368 1312 Samaritanorum
1421 1276 1451 1312 a
1490 1261 1649 1314 nobis
1704 1269 2076 1324 enmneratas,

493 1348 924 1416 Graecorumque
974 1360 1155 1405 sectas
1215 1359 1422 1419 septem
1493 1351 1635 1420 apud
1686 1350 1904 1406 Iudaeos
1953 1361 2080 1404 ante

498 1442 702 1496 Christi
737 1439 953 1494 Domini
988 1443 1284 1495 adventum
1318 1440 1370 1493 in
1395 1438 1606 1502 Judzea,
1629 1450 1794 1511 atque
1825 1439 2080 1495 llieroso-

497 1534 659 1605 lymis
681 1534 1035 1587 exstiterunt.

569 1711 775 1766 Horum
833 1714 992 1783 primi
1049 1711 1202 1766 fuere
1247 1710 1534 1764 Saddurzei
1587 1725 1618 1763 a
1677 1709 1936 1765 Dositheo
1985 1711 2079 1764 illo

504 1804 810 1876 propagati.
866 1803 969 1870 Qui
1023 1803 1284 1856 nimirum
1335 1801 1667 1858 Sadducazos
1689 1818 1748 1857 se
1793 1822 1824 1856 a
1865 1803 2080 1872 justitia

501 1897 816 1952 nominant.
845 1894 1022 1950 Sedek
1069 1897 1213 1949 enim
1243 1893 1514 1963 justitiam
1548 1895 1842 1963 signiﬁcat.
1891 1894 1998 1949 Sed
2027 1902 2083 1950 et

499 1988 680 2044 Sadoc
712 1988 935 2058 quidam
968 2002 1036 2040 ex
1085 1985 1330 2055 antiquis
1358 1985 1740 2041 sacerdotibus
1773 1987 2080 2056 appellatus

499 2093 603 2136 est.
638 2077 840 2135 Verum
887 2078 978 2134 isti
1039 2093 1069 2132 a
1121 2077 1369 2146 magistri
1417 2077 1671 2131 doctrina
1707 2077 2078 2133 desciverunt.

501 2172 716 2229 Etenim
772 2182 1117 2235 mortuorum
1174 2171 1638 2224 resurrectionem
1696 2171 2078 2236 sustulerunt;

499 2265 557 2320 in
591 2280 700 2334 quo
732 2280 855 2318 cum
903 2261 1270 2317 Samaritanis
1302 2263 1664 2317 conveniunt.
1717 2261 1823 2318 Sed
1853 2265 2080 2333 angelos

499 2331 696 2412 contra
725 2371 890 2424 quam
939 2353 1277 2410 Samaritani
1329 2355 1658 2423 repudiant:
1701 2371 1762 2410 ac
1812 2331 2078 2424 Spiritum
2115 2331 2154 2388 Β

501 2458 757 2502 sanctum
796 2447 1072 2516 ignorant.
1101 2461 1263 2516 quem
1297 2461 1397 2499 nec
1453 2446 1700 2514 accipere
1735 2453 2077 2500 meruerunt.

501 2537 706 2592 Eadem
768 2553 931 2607 porro
995 2553 1120 2591 cum
1179 2535 1540 2591 Samaritanis
1596 2537 1844 2592 instituta
1893 2519 2080 2592 custo-

501 2632 676 2686 diunt.
745 2629 1069 2701 Quanquam
1117 2630 1286 2685 Judzei
1321 2671 1336 2694 ,
1408 2646 1516 2684 non
1574 2629 1901 2684 Samaritani
1963 2630 2080 2685 fue-

575 2788 685 2860 (89)
735 2787 1106 2860 Ἰουδαϊσμός
1131 2789 1349 2843 λοιπὸν
1375 2790 1697 2860 μερισθείς,
1730 2785 1802 2860 De
1836 2786 2079 2846 Judaicis

501 2858 841 2913 factionibus
868 2859 1126 2928 deinceps
1149 2860 1293 2927 agit;
1325 2876 1462 2928 quas
1493 2871 1617 2914 ante
1640 2858 1842 2912 Christi
1874 2861 2077 2914 adven-

501 2941 621 3002 tum
660 2938 914 3002 septenas
959 2940 1224 2984 recenset.
1255 2929 1411 2996 Quod
1456 2928 1744 2992 πλατυκῶς
1793 2931 2076 3002 et_pingui

507 2998 748 3054 Minerva
779 2998 984 3052 dictum
1005 3009 1122 3054 est:
1154 3017 1278 3054 nam
1307 3009 1419 3056 tres
1449 3009 1667 3054 constat
1701 2998 2080 3068 :iptthutlaeos

507 3071 680 3126 fuisse
724 3078 933 3134 sectas;
972 3079 1365 3140 casteras.qu:e
1412 3086 1441 3123 a
1494 3069 1818 3140 Philastrio,
1870 3069 2079 3124 Isidoro

501 3151 562 3196 et
594 3143 696 3196 hoc
739 3149 928 3194 nostro
961 3139 1341 3204 numerantur,
1383 3151 1578 3210 parum
1613 3139 1925 3194 Iudaeorum
1969 3157 2078 3196 non

507 3226 631 3266 esse
668 3213 955 3281 proprias,
993 3211 1184 3279 partim
1227 3228 1290 3264 ne
1348 3212 1580 3265 haereses
1615 3211 1830 3280 quidem
1869 3211 2074 3274 videri,

500 3282 709 3352 partim
743 3282 980 3349 denique
1010 3298 1040 3332 ιι
1079 3281 1256 3352 tribus
1295 3282 1404 3336 illis
1439 3283 1782 3342 matricibus,
1817 3297 1924 3334 non
1954 3298 2076 3336 eSse

510 3350 836 3420 Elistinctas;
867 3366 986 3420 qua:
1019 3362 1144 3404 sunt
1171 3350 1593 3412 Pharis-.eorum,
1625 3352 2072 3414 Sadducaeorum,

507 3419 864 3476 Essenorum.
887 3419 973 3474 De
1004 3422 1204 3490 quibus
1233 3424 1490 3491 quoniam
1532 3436 1744 3476 summa
1779 3437 1902 3475 cum
1946 3439 2074 3477 eru-

509 3493 738 3550 ditione.
769 3506 832 3544 ac
865 3491 1143 3559 diligentia
1177 3493 1458 3547 Serrarius
1492 3500 1676 3546 noster
1711 3492 1888 3546 tribus
1919 3492 2075 3549 libris

510 3562 802 3623 disseruit,
847 3569 901 3614 et
944 3577 1063 3630 quae
1102 3561 1168 3614 de
1222 3564 1287 3616 iis
1316 3563 1594 3617 observari
1642 3577 1671 3615 a
1723 3577 1808 3616 me
1854 3575 2076 3630 possent

508 3633 799 3702 occupavit
827 3636 1032 3690 olnnia,
1072 3632 1326 3699 cupidum
1351 3649 1538 3685 earum
1565 3648 1768 3702 rerum
1815 3632 2072 3688 lectorem

2099 969 2146 1026 Α

2593 961 2781 1013 ΚΑΤΑ
2819 959 3318 1025 ΣΑΔΔΟΥΚΛῘΩΝ,

2180 1074 2386 1142 Πρώτη
2440 1074 2672 1140 αἵρεσις
2698 1071 2843 1142 icion
2869 1069 3292 1142 _’Ioo6a"rrjioﬁ,
3331 1083 3763 1138 τεσσαρεσκαι-

2565 1141 2784 1209 δεκάτη
2817 1140 2885 1193 es
2927 1139 3000 1208 τῇ
3035 1142 3383 1208 ἀκολουθίᾳ.

2253 1257 2503 1329 Αἱρέσεις
2535 1257 2694 1310 πάλιν
2719 1257 2858 1327 μετὰ
2887 1254 3089 1317 ταύτας
3114 1253 3211 1316 τὰς
3229 1253 3629 1323 προειρημένας
3657 1253 3766 1306 τῶν

2181 1350 2561 1422 Σαμαρειτῶν,
2598 1349 2695 1402 καὶ
2729 1349 2840 1402 ἄνω
2881 1363 2984 1398 που
3029 1345 3138 1398 τῶν
3178 1345 3445 1416 Ἑλλήνων
3485 1345 3766 1415 προδηλω-

2181 1441 2386 1508 θείσας,
2422 1442 2708 1510 γεγόνασιν
2753 1439 2894 1493 ἑπτὰ
2919 1439 3008 1492 τὸν
3045 1437 3276 1509 ἀριθμὸν
3306 1439 3455 1508 παρὰ
3493 1436 3765 1500 Ἰουδαίοις

2181 1535 2291 1607 πρὸ
2323 1536 2421 1605 τῆς
2462 1534 2555 1588 τοῦ
2590 1532 2827 1604 Χριστοῦ
2871 1533 3136 1602 ἐνσάρκου
3181 1531 3481 1601 παρουσίας
3520 1533 3575 1583 ἐν
3631 1532 3764 1582 ἰου-

2179 1626 2306 1697 δαίᾳ
2333 1644 2394 1680 τε
2423 1627 2517 1680 καὶ
2561 1623 2973 1696 Ἰεροσολύμοις.

2253 1717 2466 1789 Πρῶτοι
2501 1716 2867 1778 Σαδδουκαῖοι,
2917 1716 3256 1784 ἀπόσπασμα
3295 1713 3444 1776 ὄντες
3493 1711 3604 1783 (90)
3658 1709 3766 1762 ἀπὸ

2181 1808 2434 1862 Δοσιθέου
2457 1796 2550 1860 τοῦ
2579 1805 3037 1879 προλελεγμένου.
3083 1805 3507 1876 Ἐπονομάζουσι
3533 1803 3588 1856 δὲ
3621 1796 3765 1855 οὗτοι

2183 1902 2409 1963 ἑαυτοὺς
2457 1899 2568 1969 (91)
2611 1898 3020 1960 Σαδδουκαίους,
3064 1896 3225 1967 δῆθεν
3267 1894 3374 1948 ἀπὸ
3419 1892 3764 1962 δικαιοσύνης

2181 1996 2280 2066 τῆς
2307 1993 2647 2065 ἐπικλήσεως
2671 1993 3022 2063 ὁρμωμένης.
3068 1993 3233 2044 Σεδὲκ
3264 1991 3372 2060 γὰρ
3404 1988 3764 2061 ἑρμηνεύεται

2182 2083 2516 2155 δικαιοσύνη.
2552 2078 2660 2136 ’Ἦν
2685 2084 2740 2137 δὲ
2779 2085 2872 2136 καὶ
2907 2084 3113 2136 Σαδούκ
3153 2100 3236 2145 τις
3267 2081 3502 2150 τοῦνομα
3530 2079 3671 2133 κατὰ
3705 2078 3766 2130 τὸ

2185 2174 2415 2228 παλαιὸν
2439 2175 2548 2228 τῶν
2582 2174 2791 2245 ἱερέων.
2836 2175 2972 2227 Ἀλλ’
2994 2176 3095 2228 οῦκ
3124 2173 3407 2244 ἐνέμειναν
3435 2165 3579 2224 οῦτοι
3610 2173 3665 2223 ἐν
3695 2173 3762 2241 τῇ

2182 2267 2277 2322 τοῦ
2327 2267 2618 2320 ἐπιστάτου
2679 2267 2855 2320 αὐτῶν
2903 2265 3238 2336 διδασκαλίᾳ.
3309 2264 3608 2333 Ἦθέτησαν
3667 2263 3766 2332 μὲν

2189 2361 2298 2432 γὰρ
2328 2353 2476 2413 οῦτοι
2502 2360 2712 2430 νεκρῶν
2745 2359 2843 2430 τὴν
2867 2359 3180 2419 ἀνάστασιν,
3207 2359 3365 2426 ὃμοια
3399 2354 3765 2425 Σαμαρείταις

2189 2449 2546 2522 φρονοῦντες·
2599 2450 2659 2502 οὐ
2707 2448 3102 2520 παραδέχονται
3170 2447 3224 2500 δὲ
3283 2445 3577 2514 ἀγγέλους,
3627 2445 3764 2514 ὅπερ

2191 2547 2529 2616 Σαμαρεῖται
2561 2543 2661 2596 οὐκ
2688 2540 2957 2595 ἁθετοῦσι.
3000 2539 3226 2608 Πνεῦμα
3251 2539 3306 2591 δὲ
3337 2537 3488 2604 ἅγιον
3511 2536 3611 2588 οὐκ
3643 2536 3761 2588 ἰσα-

2189 2655 2272 2692 σιν
2307 2637 2452 2707 (92)°
2489 2637 2549 2689 οὐ
2598 2637 2706 2708 γάρ
2739 2637 2845 2688 εἰσι
2880 2634 3070 2687 τούτου
3117 2631 3438 2704 ἠξιωμένοι·
3476 2629 3544 2682 τὰ
3588 2629 3763 2682 πάντα

2187 2793 2456 2846 duntaxat
2485 2790 2553 2845 ab
2589 2789 2898 2860 Epiphanio
2931 2799 3292 2860 memoratus,
3326 2786 3417 2856 qui
3457 2784 3674 2860 Davidis
3709 2793 3764 2840 et

2190 2862 2502 2918 Salomonis
2552 2857 2712 2914 aetate
2763 2860 2934 2924 vixit;
2986 2863 3126 2912 alter
3168 2859 3390 2924 Antigni
3435 2857 3760 2925 discipulus,

2186 2935 2346 3003 cujus
2376 2933 2560 3003 soc_ius
2587 2940 2641 3003 et
2680 2930 3090 3003 c0_ttdts_cipu_lus
3133 2931 3232 2982 l'uit
3276 2929 3518 2984 Baithos.
3547 2937 3606 3003 l_tl.
3637 2945 3761 3003 ἰξυ-

2187 2998 2309 3056 ctor
2335 3012 2419 3056 est
2453 3001 2598 3055 Elias
2632 3001 2687 3054 in
2719 3000 2920 3054 Thisbi.
2949 3001 3030 3053 Ab
3065 3002 3167 3052 hoc
3205 3008 3510 3067 posteriore
3545 2998 3789 3050 Saddu-'

2187 3075 2284 3129 cmi
2317 3089 2440 3127 cum
2479 3073 2690 3139 origine
2729 3087 2925 3125 nomen
2958 3079 3307 3140 acceperunt.
3353 3069 3564 3124 Etenim
3601 3071 3762 3120 ambo

2186 3145 2262 3198 illi
2300 3159 2330 3198 a
2367 3151 2700 3212 praaceptore
2724 3142 3098 3194 desciscentes
3127 3143 3294 3207 legem
3323 3155 3420 3194 ore
3454 3147 3760 3212 tenustra-

2184 3209 2773 3280 dium—abnegarunt;
2812 3227 2988 3280 neque
3035 3213 3188 3264 alteri
3228 3227 3390 3280 quam
3441 3210 3586 3277 quod
3628 3209 3762 3277 legis

2187 3287 2395 3352 scripto
2447 3291 2595 3337 esset
2630 3296 2971 3352 expressum,
3013 3282 3372 3352 adhibendam
3409 3280 3565 3332 tinem
3599 3289 3760 3352 puta-

2187 3349 2338 3418 runt,
2367 3369 2431 3408 ex
2464 3349 2787 3437 φορτικῷ-πρ
2820 3351 3059 3415 Karaim,
3104 3352 3260 3420 quasi
3293 3349 3571 3437 Textuates
3605 3351 3756 3402 dicti.

2149 3481 2163 3495 .
2185 3437 2310 3493 Ilmc
2324 3437 2492 3491 Elias.
2510 3434 2672 3489 Addit
2690 3432 2963 3490 Abraham
2985 3436 3228 3490 Zachuth
3252 3435 3426 3489 Sadoc
3438 3442 3490 3488 et
3507 3432 3648 3487 Baict
3661 3435 3762 3489 hos

2183 3510 2248 3563 ad
2287 3508 2682 3569 Samaritauos,
2711 3515 2764 3560 et
2795 3505 3165 3560 Gartzituuum
3198 3507 3454 3573 templum
3480 3515 3758 3571 receptum

2185 3579 2465 3633 habuisse.
2494 3575 2599 3629 Sed
2632 3577 2745 3629 licri
2771 3586 2970 3646 potest.
2990 3587 3050 3629 ut
3082 3575 3363 3630 Sadtlucwi
3390 3576 3489 3644 ipsi
3521 3589 3549 3625 a
3578 3575 3761 3642 priore

2189 3651 2281 3704 illo
2313 3665 2374 3701 ac
2397 3648 2773 3702 vetustissimo
2796 3648 3050 3716 pontilice
3073 3649 3336 3700 oriundos
3361 3661 3480 3699 sese
3513 3646 3756 3712 proliteri
3836 3659 3838 3662 '

512 3702 580 3786 ad
634 3695 778 3756 imus
827 3695 1680 3786 Ιυςιιὺιτηίιηὶεξι),,άίιιιίιξρμξάυιιι
1709 3703 1889 3786 ponas
1938 3706 2082 3786 arm:
2111 3695 2156 3755 c
2189 3695 3478 3786 ius:re}.t':rragn'a'.}.;.;riag~;terrena;ea
3503 3695 3760 3768 anno

507 3783 652 3836 tror,
677 3788 840 3843 quam
870 3773 1044 3825 otiosa
1083 3772 1401 3843 repetitione
1427 3773 1798 3826 (letinemlum.
1826 3774 2086 3827 Conferat

511 3841 712 3905 etiam,
755 3843 800 3897 si
835 3843 1019 3904 lubet,
1057 3858 1181 3895 cum
1227 3841 1460 3896 Serrarii
1507 3843 1844 3904 Triltaaresio,
1875 3859 1938 3898 ac
1979 3844 2086 3898 Mi-

514 3913 736 3978 nervali,
766 3928 886 3984 qua:
913 3914 1161 3975 Drusius,
1198 3921 1253 3984 et
1281 3914 1372 3966 alii
1398 3913 1619 3982 quidam
1662 3913 1730 3965 de
1768 3913 1959 3967 eodem
1991 3932 2085 3968 ar-

512 3982 1170 4052 gutnento'scripserunt.
1199 3982 1309 4036 Nos
1337 3986 1481 4037 enim
1519 3985 1605 4037 hic
1645 3998 1708 4037 ea
1744 3989 1956 4038 tantum
1990 3987 2090 4038 ad-

513 4055 845 4115 notabimus,
878 4068 999 4122 qum
1039 4055 1103 4106 ad
1152 4053 1538 4108 illustrandum
1584 4052 1948 4124 Epiphanium
1992 4071 2088 4112 ne-

512 4125 751 4179 cessaria
783 4125 1128 4178 videbuntur.

586 4196 696 4262 (90)
751 4193 973 4265 Πρῶτοι
1028 4193 1421 4265 Σαδδουκαῖοι
1463 4195 1840 4265 ἀπόσπασμα
1893 4197 2084 4263 ὄντες.

513 4262 885 4337 Quantumex
909 4264 1014 4326 his,
1047 4280 1170 4332 quae
1200 4264 1539 4337 Epiphanius
1561 4269 1618 4337 in
1651 4262 1929 4322 his—sectis
1961 4262 2086 4337 pro-

512 4335 652 4388 didit
677 4374 689 4393 ,
727 4335 906 4403 colligi
964 4342 1179 4402 potest,
1227 4340 1336 4389 duo
1372 4336 1520 4390 fuere
1558 4335 1835 4390 Dosithei:
1893 4335 2044 4391 Alter
2070 4380 2084 4402 ,

515 4405 770 4478 idemque
792 4413 1060 4478 __tempore
1099 4407 1369 4474 posterior
1395 4449 1408 4470 ,
1453 4405 1833 4461 Samaritanus
1860 4447 1874 4468 ,
1928 4411 2087 4478 cujus

516 4476 1075 4549 meunnitOrigenes;
1111 4478 1248 4528 alter
1271 4478 1748 4549 longeanliquior,
1774 4492 1932 4546 aquo
1965 4476 2090 4549 pro-

511 4553 746 4616 pagatos
769 4544 897 4599 esse
919 4544 1247 4600 Sadduczeos
1274 4544 1382 4599 non
1412 4544 1744 4616 Epiphanius
1768 4544 2088 4604 solumfsod

509 4617 674 4688 e_tiam
703 4614 1065 4688 Hieronymus
1086 4625 1350 4688 testatur,
1375 4614 1598 4686 Diutogo
1625 4628 1811 4670 contra
1837 4618 2048 4688 Luci/er
2070 4641 2088 4674 .-

516 4685 708 4749 Taeeo,
741 4684 943 4754 inquit,
975 4686 1039 4739 de
1068 4684 1340 4738 Judaismi
1381 4684 1665 4749 luereticis,
1707 4690 1796 4755 qui
1828 4700 1948 4742 ante
1969 4684 2089 4744 ἀά-

513 4767 724 4831 uentum
764 4755 964 4831 Christi
1013 4756 1174 4831 legem
1226 4758 1479 4831 traditum
1521 4760 1847 4831 dissiparant
1888 4776 1905 4812 :
1950 4762 2089 4831 quod

512 4826 796 4880 Dositheus
829 4826 1293 4898 Samaritanorum
1326 4829 1585 4894 princeps.
1622 4829 1901 4896 prop/tetas
1934 4826 2089 4898 repu-

511 4898 680 4950 diavit
725 4913 743 4950 :
789 4897 927 4964 quod
977 4896 1260 4951 Sadducwi
1305 4913 1369 4950 ex
1413 4899 1556 4950 illius
1602 4899 1779 4951 radice
1818 4896 2087 4957 nascentes

509 4970 670 5020 etiam
697 4968 1127 5021 resurrectionem
1151 4969 1328 5022 carnis
1357 4979 1693 5038 negaverunt.
1731 4968 1807 5022 Ex
1845 4969 2086 5028 Dosithei

2191 3789 2256 3841 ad
2279 3789 2506 3858 justitiw
2529 3785 2875 3858 vocabulum.
2900 3797 2953 3842 et
2986 3789 3222 3842 nominis
3256 3785 3756 3858 interpretationem

2191 3854 2516 3920 alluderent,
2554 3857 2717 3926 idque
2759 3860 2968 3913 crebris
3011 3865 3341 3927 usurparent
3375 3854 3758 3920 sermonibus;

2188 3931 2333 3996 quod
2373 3943 2538 3980 imum
2597 3927 2754 3990 ideo,
2807 3931 3170 3998 praetermissa
3235 3928 3760 3998 altera__ac_veri_ore

2191 3995 2612 4054 Sadduczeorom
2643 3995 2853 4066 origine
2876 4038 2891 4058 .
2918 3999 3365 4052 commemoravit
3399 3995 3756 4064 Epiphanius.

2261 4070 2374 4138 (9'2)
2405 4067 2644 4134 Πνεῦμα
2673 4067 2740 4119 δὲ
2769 4068 2940 4137 ἅγιον
2964 4071 3075 4122 οὐκ
3115 4069 3307 4122 ἴσασι.
3350 4069 3583 4120 Actuum
3633 4082 3756 4134 cap.

2192 4156 2348 4204 um,
2377 4139 2431 4201 8,
2461 4139 2741 4192 Sadducrei
2764 4140 2901 4191 enim
2936 4139 3117 4191 dicunt
3147 4156 3251 4192 non
3279 4154 3390 4192 esse
3419 4138 3759 4190 resurrectio-

2189 4227 2328 4280 nem,
2355 4225 2515 4280 neque
2549 4211 2812 4280 angelum,
2845 4226 3004 4280 neque
3042 4211 3307 4277 spiritum,
3331 4207 3470 4280 ,οὔτε
3505 4206 3756 4274 ἄγγελον,

2189 4279 2310 4333 οὔτε
2343 4279 2580 4349 πνεῦμα.
2617 4279 2880 4348 Spiritum
2915 4279 3162 4334 sanctum
3199 4282 3296 4333 hoc
3327 4279 3446 4331 loco
3479 4292 3756 4349 uon_unus

2190 4345 2529 4420 Epiphanius
2593 4345 2890 4415 intellexit;
2949 4353 3042 4405 sed
3076 4359 3130 4404 et
3176 4349 3518 4420 Philastrius.
3575 4345 3756 4420 Quare

2191 4418 2416 4483 temere,
2446 4430 2498 4473 et
2525 4421 2896 4488 imprudenter
2920 4422 2972 4473 in
3006 4421 3234 4473 Elencho
3260 4419 3502 4482 Scaliger
3527 4435 3558 4488 :_
3581 4418 3767 4488 Asini?

2192 4500 2296 4552 tas,
2324 4493 2520 4560 inquit,
2544 4485 2687 4543 mera
2709 4501 2807 4551 est,
2836 4500 2884 4543 et
2908 4493 3149 4558 impietas
3184 4493 3292 4545 [nec
3316 4490 3493 4557 fateri.
3523 4485 3754 4560 Proinde

2191 4559 2517 4614 exsecranda
2557 4560 2655 4613 illa
2697 4565 2950 4615 sententia
2995 4561 3258 4624 Serrarii,
3307 4561 3396 4630 qui
3442 4574 3541 4609 non
3582 4559 3752 4630 minus

2191 4633 2376 4700 impie,
2423 4647 2584 4700 quam
2639 4631 2862 4684 ridicule
2911 4649 3026 4684 eam
3064 4642 3260 4684 tuetur.
3311 4627 3443 4682 i\am
3487 4627 3627 4696 quod
3679 4629 3754 4680 ait

2193 4703 2412 4772 πνεῦμα
2452 4701 2562 4772 illic
2590 4706 2722 4772 sine
2757 4703 2988 4756 articulo
3021 4704 3254 4770 positum
3298 4702 3548 4772 universe
3583 4714 3748 4772 Simo,

2191 4767 2722 4841 cum'utispiritum
2763 4767 3402 4839 sanctum'signiﬁcaret.
3436 4768 3497 4821 τὸ
3539 4767 3753 4841 πνεῦμα

2190 4839 2540 4896 scribendum
2568 4841 2750 4906 fuerit,
2782 4843 2923 4912 quod
2965 4843 3058 4895 ditt
3101 4851 3227 4895 ante
3257 4841 3591 4912 Scaligerum
3636 4839 3754 4891 Sat-

2195 4928 2347 4966 mero
2379 4925 2563 4965 noster
2597 4911 3019 4976 observaverat;
3052 4913 3187 4965 nihil
3229 4911 3296 4964 ad
3346 4927 3459 4965 rem
3494 4912 3749 4978 pertinet.

2194 4981 2402 5036 Etenim
2463 4997 2604 5050 saepe
2660 4982 2875 5052 πνεῦμα
2931 4984 3049 5037 sine
3101 4983 3334 5052 articulo
3390 4995 3488 5050 pro
3530 4980 3752 5052 “Spiritu

509 5054 641 5108 ergo
687 5040 874 5122 radice
913 5040 1024 5091 nati
1071 5046 1198 5118 sunt
1246 5038 1898 5122 Sadducaeihquodnest
1942 5043 2082 5096 idem

2189 5062 2380 5106 sancto
2403 5053 2457 5105 in
2479 5038 2779 5122 scripturis
2801 5038 3134 5122 usurpatur;
3161 5061 3219 5106 ut
3243 5038 3501 5111 luam-tu,
3527 5038 3612 5122 δέ
3631 5048 3753 5102 Nisi
3791 5091 3794 5094 λ

511 5107 679 5178 atque
720 5109 1060 5178 ἀπόσπασμα
1106 5109 1273 5162 tuisse
1308 5109 1417 5160 τῶν
1457 5107 1740 5162 Δοσιθέων.
1775 5107 1844 5162 Ut
1892 5114 2079 5167 mirari
2127 5121 2136 5133 '

514 5179 758 5251 Scaliger
801 5179 1019 5251 desinat
1064 5179 1131 5251 ab
1181 5178 1486 5251 Epiphanio
1532 5181 1606 5251 id
1633 5194 1756 5233 esse
1794 5181 2078 5251 scriptum.

511 5247 697 5320 itaque
723 5248 1010 5304 Dositheus
1034 5266 1064 5302 a
1089 5247 1376 5303 Judajis’ad
1401 5250 1777 5304 Samaritanos
1799 5247 2079 5319 deﬁciens,

512 5321 843 5390 peculiarem
880 5321 993 5374 illic
1020 5327 1224 5375 sectam
1252 5321 1513 5376 condidit.
1543 5320 1715 5390 Quam
1750 5329 1934 5390 postea
1983 5325 2084 5378 Sa-

511 5389 686 5460 dokus
720 5391 1088 5459 interpolavit,
1126 5405 1251 5444 cum
1281 5398 1335 5445 et
1379 5391 1497 5460 ipse
1540 5393 1606 5444 ad
1640 5389 2015 5450 Samaritanus
2050 5410 2081 5448 a

509 5456 712 5515 Judans
741 5456 1072 5515 tl'ansiisset.

583 5529 696 5600 (9t)
731 5530 1196 5600 Ἐπονομάζουσι
1219 5529 1287 5582 δὲ
1306 5529 1466 5586 οὗτοι
1491 5531 1762 5598 ἑαυτούς.
1788 5532 2073 5590 διιόιιιιοιεί

509 5600 736 5682 passim:
765 5602 907 5682 apud
934 5600 1152 5682 Graecos
1180 5604 1735 5682 toaxime,geminato
1764 5605 1793 5658 ῦ
1823 5607 2073 5660 scribun-

511 5676 621 5758 ξμς,
655 5666 813 5758 qdasi
861 5678 1216 5758 essetjj'trrz‘
1256 5674 1398 5741 apud
1420 5666 1609 5753 LXX,
1657 5677 2072 5758 antiquissimus

506 5735 599 5817 ille
622 5735 900 5817 sacerdos.
923 5735 1148 5817 Σαδῖδύκ.
1176 5741 1251 5796 De
1278 5735 1389 5817 quo
1415 5746 1634 5817 copiose
1672 5735 1953 5800 Scrrarius
2005 5763 2071 5800 ac

504 5801 757 5865 Densius.
783 5808 976 5866 Sadoci
1006 5826 1168 5880 porro
1197 5801 1456 5870 exstitere
1481 5801 1623 5872 duo:
1662 5831 1894 5885 quorum
1927 5831 2068 5872 unus

2185 5124 2302 5190 quis
2333 5132 2546 5192 renatus
2591 5119 2749 5190 fuerit
2785 5139 2850 5178 ea:
2883 5119 3054 5192 aqua.
3102 5133 3151 5178 et
3191 5122 3430 5190 Spiritu,
3475 5122 3532 5186 ἐξ
3556 5119 3752 5191 ,ὓδατος

2186 5191 2648 5262 καὶίΠνεύματος,
2685 5203 2739 5248 et
2766 5195 2889 5249 aliis
2930 5191 2984 5248 in
3027 5195 3182 5253 locis.
3217 5209 3450 5262 quorum
3490 5193 3750 5244 nonnulta

2187 5261 2394 5331 profert
2424 5261 2481 5316 in
2514 5262 2794 5318 Minervati
2836 5265 3142 5320 Serrarius.
3173 5261 3354 5330 Quare
3397 5278 3503 5316 non
3548 5262 3751 5328 impro-

2186 5333 2364 5404 banda
2389 5333 2504 5388 hinc
2534 5333 2822 5404 Epiphanii
2860 5337 3240 5404 interpretatio
3264 5334 3502 5392 videtur,
3535 5332 3751 5384 tametsi

2187 5401 2255 5457 de
2313 5405 2430 5459 solo
2477 5401 2684 5474 Spiritu
2736 5415 2929 5460 sancto
2984 5401 3210 5474 praecise
3257 5406 3495 5474 locutum
3538 5409 3752 5474 putaret

2187 5471 2595 5542 evangelistam.
2629 5475 2785 5540 Quod
2831 5471 3057 5530 necesse
3113 5492 3220 5529 non
3259 5484 3363 5530 est.
3406 5473 3559 5527 Hanc
3603 5471 3747 5542 enim

2186 5541 2609 5598 Sadducmorum
2646 5555 2879 5600 mentem
2918 5544 3087 5600 fuisse
3120 5547 3389 5616 suapicor,
3411 5553 3471 5597 ut
3496 5541 3747 5616 spiritum

2182 5626 2434 5688 omnem,
2489 5617 2594 5688 hoc
2641 5623 2727 5670 est
2773 5616 3150 5688 πνευματικὴν
3209 5613 3434 5688 ουσίαν,
3503 5613 3751 5665 Iunditus

2180 5685 2744 5756 tollerent;_ideoque
2783 5685 3118 5756 corporeum
3155 5703 3277 5742 esse
3324 5685 3490 5740 Deum
3533 5697 3749 5756 assere-

2180 5761 2334 5832 re_nt,
2377 5752 2728 5832 ut_I_.yran'us
2770 5752 3066 5832 existimat.
3103 5757 3181 5832 Ex
3225 5772 3333 5827 quo
3372 5755 3748 5832 consequitur,

2177 5823 2342 5878 etiam
2375 5822 2635 5892 Spiritum
2665 5839 2917 5883 sanctum
2953 5829 3076 5882 illos
3099 5822 3420 5893 abueigasse.
3457 5827 3606 5882 Unde
3637 5839 3751 5876 me-
