  <div class='ocr_page' id='page_1' title='image "/cluster/home/n/w/nwhite01/storage/ocr_20150623/41/nnc1.0046978747/148.png"; bbox 0 0 4204 6370; ppageno 0'>
   <div class='ocr_carea' id='block_1_1' title="bbox 467 388 566 445">
    <p class='ocr_par' dir='ltr' id='par_1_1' title="bbox 467 388 566 445">
     <span class='ocr_line' id='line_1_1' title="bbox 467 388 566 445; baseline -0.02 0"><span class='ocrx_word' id='word_1_1' title='bbox 467 388 566 445; x_wconf 72' lang='grc' dir='ltr'><strong>ΞΗ</strong></span> 
     </span>
    </p>
   </div>
   <div class='ocr_carea' id='block_1_2' title="bbox 1107 365 3109 442">
    <p class='ocr_par' dir='ltr' id='par_1_2' title="bbox 1107 365 3109 442">
     <span class='ocr_line' id='line_1_2' title="bbox 1107 365 3109 442; baseline -0.01 0"><span class='ocrx_word' id='word_1_2' title='bbox 1107 380 1484 442; x_wconf 78' lang='lat' dir='ltr'><strong>ADVERSUS</strong></span> <span class='ocrx_word' id='word_1_3' title='bbox 1518 377 1859 435; x_wconf 58' lang='lat' dir='ltr'><strong>HERESES</strong></span> <span class='ocrx_word' id='word_1_4' title='bbox 1899 378 2027 434; x_wconf 82' lang='lat' dir='ltr'><strong>LIB.</strong></span> <span class='ocrx_word' id='word_1_5' title='bbox 2060 376 2104 431; x_wconf 79' lang='grc' dir='ltr'>Ι.</span> <span class='ocrx_word' id='word_1_6' title='bbox 2138 374 2305 431; x_wconf 77' lang='lat' dir='ltr'><strong>TOM.</strong></span> <span class='ocrx_word' id='word_1_7' title='bbox 2349 374 2388 428; x_wconf 94' lang='grc'>1.</span> <span class='ocrx_word' id='word_1_8' title='bbox 2424 403 2493 414; x_wconf 83' lang='lat'><strong><em>——</em></strong></span> <span class='ocrx_word' id='word_1_9' title='bbox 2533 369 2805 427; x_wconf 60' lang='lat' dir='ltr'><strong>HERES.</strong></span> <span class='ocrx_word' id='word_1_10' title='bbox 2846 365 3109 422; x_wconf 59' lang='lat' dir='ltr'><strong>XIV-XV.</strong></span> 
     </span>
    </p>
   </div>
   <div class='ocr_carea' id='block_1_3' title="bbox 3629 361 3744 414">
    <p class='ocr_par' dir='ltr' id='par_1_3' title="bbox 3629 361 3744 414">
     <span class='ocr_line' id='line_1_3' title="bbox 3629 361 3744 414; baseline -0.017 0"><span class='ocrx_word' id='word_1_11' title='bbox 3629 361 3744 414; x_wconf 56' lang='grc' dir='ltr'><strong>ΞΕ).</strong></span> 
     </span>
    </p>
   </div>
   <div class='ocr_carea' id='block_1_4' title="bbox 466 494 2067 580">
    <p class='ocr_par' dir='ltr' id='par_1_4' title="bbox 466 494 2056 574">
     <span class='ocr_line' id='line_1_4' title="bbox 466 494 2056 574; baseline -0.006 -14"><span class='ocrx_word' id='word_1_12' title='bbox 466 505 513 560; x_wconf 84' lang='grc' dir='ltr'>δ’</span> <span class='ocrx_word' id='word_1_13' title='bbox 547 506 636 558; x_wconf 82' lang='grc' dir='ltr'><strong>ἴσα</strong></span> <span class='ocrx_word' id='word_1_14' title='bbox 683 503 1053 574; x_wconf 82' lang='grc' dir='ltr'><strong>Σαμαρείταις</strong></span> <span class='ocrx_word' id='word_1_15' title='bbox 1103 501 1463 571; x_wconf 78' lang='grc' dir='ltr'><strong>φυλάττουσιν</strong></span> <span class='ocrx_word' id='word_1_16' title='bbox 1498 500 1629 570; x_wconf 72' lang='grc'><strong>(95).</strong></span> <span class='ocrx_word' id='word_1_17' title='bbox 1676 499 1792 554; x_wconf 62' lang='lat' dir='ltr'><strong>Uine</strong></span> <span class='ocrx_word' id='word_1_18' title='bbox 1830 494 1971 570; x_wconf 76' lang='grc' dir='ltr'>ἦσαν</span> <span class='ocrx_word' id='word_1_19' title='bbox 1999 497 2056 551; x_wconf 80' lang='grc' dir='ltr'>δὲ</span> 
     </span>
    </p>
   </div>
   <div class='ocr_carea' id='block_1_5' title="bbox 2167 494 3742 580">
    <p class='ocr_par' dir='ltr' id='par_1_5' title="bbox 2167 503 3742 580">
     <span class='ocr_line' id='line_1_5' title="bbox 2167 503 3742 580; baseline -0.008 -14"><span class='ocrx_word' id='word_1_20' title='bbox 2167 519 2309 566; x_wconf 91' lang='lat' dir='ltr'><strong>runt.</strong></span> <span class='ocrx_word' id='word_1_21' title='bbox 2364 509 2644 580; x_wconf 82' lang='lat' dir='ltr'><strong>Siquidem</strong></span> <span class='ocrx_word' id='word_1_22' title='bbox 2709 507 3105 577; x_wconf 80' lang='lat' dir='ltr'><strong>Hierosolymis</strong></span> <span class='ocrx_word' id='word_1_23' title='bbox 3166 503 3574 561; x_wconf 75' lang='lat' dir='ltr'><strong>sacrificabant.</strong></span> <span class='ocrx_word' id='word_1_24' title='bbox 3636 517 3742 554; x_wconf 71' lang='lat' dir='ltr'><strong>ete-</strong></span> 
     </span>
    </p>
   </div>
   <div class='ocr_carea' id='block_1_6' title="bbox 469 591 2062 665">
    <p class='ocr_par' dir='ltr' id='par_1_6' title="bbox 469 591 2062 665">
     <span class='ocr_line' id='line_1_6' title="bbox 469 591 2062 665; baseline -0.006 -15"><span class='ocrx_word' id='word_1_25' title='bbox 469 592 615 650; x_wconf 71' lang='grc' dir='ltr'>οὖτοι</span> <span class='ocrx_word' id='word_1_26' title='bbox 649 597 1008 665; x_wconf 82' lang='grc' dir='ltr'>Σαμαρεῖται.</span> <span class='ocrx_word' id='word_1_27' title='bbox 1054 594 1167 648; x_wconf 84' lang='grc' dir='ltr'>ἀλλ’</span> <span class='ocrx_word' id='word_1_28' title='bbox 1209 593 1472 648; x_wconf 84' lang='grc' dir='ltr'>Ἰουδαῖοι.</span> <span class='ocrx_word' id='word_1_29' title='bbox 1534 594 1623 644; x_wconf 85' lang='grc' dir='ltr'>Ἐν</span> <span class='ocrx_word' id='word_1_30' title='bbox 1670 591 2062 663; x_wconf 85' lang='grc' dir='ltr'>Ἰεροσολύμοις</span> 
     </span>
    </p>
   </div>
   <div class='ocr_carea' id='block_1_7' title="bbox 469 682 2060 759">
    <p class='ocr_par' dir='ltr' id='par_1_7' title="bbox 469 682 2060 759">
     <span class='ocr_line' id='line_1_7' title="bbox 469 682 2060 759; baseline -0.006 -17"><span class='ocrx_word' id='word_1_31' title='bbox 469 689 577 759; x_wconf 80' lang='grc' dir='ltr'>γὰρ</span> <span class='ocrx_word' id='word_1_32' title='bbox 611 687 928 751; x_wconf 76' lang='grc' dir='ltr'>ἐθυσίαζον·</span> <span class='ocrx_word' id='word_1_33' title='bbox 973 687 1042 740; x_wconf 79' lang='grc' dir='ltr'>τὰ</span> <span class='ocrx_word' id='word_1_34' title='bbox 1081 687 1138 739; x_wconf 81' lang='grc' dir='ltr'>δὲ</span> <span class='ocrx_word' id='word_1_35' title='bbox 1196 687 1331 740; x_wconf 78' lang='grc' dir='ltr'>ἄλλα</span> <span class='ocrx_word' id='word_1_36' title='bbox 1379 685 1558 738; x_wconf 80' lang='grc' dir='ltr'>πάντα</span> <span class='ocrx_word' id='word_1_37' title='bbox 1611 682 1888 745; x_wconf 81' lang='grc' dir='ltr'><strong>Ἰουδαίοις</strong></span> <span class='ocrx_word' id='word_1_38' title='bbox 1934 698 2060 734; x_wconf 86' lang='grc' dir='ltr'>συν-</span> 
     </span>
    </p>
   </div>
   <div class='ocr_carea' id='block_1_8' title="bbox 473 773 2063 852">
    <p class='ocr_par' dir='ltr' id='par_1_8' title="bbox 473 773 2063 852">
     <span class='ocr_line' id='line_1_8' title="bbox 473 773 2063 852; baseline -0.008 -17"><span class='ocrx_word' id='word_1_39' title='bbox 473 784 768 852; x_wconf 81' lang='grc' dir='ltr'>έπραττον.</span> <span class='ocrx_word' id='word_1_40' title='bbox 820 779 929 832; x_wconf 78' lang='grc' dir='ltr'><strong>Καὶ</strong></span> <span class='ocrx_word' id='word_1_41' title='bbox 981 778 1138 832; x_wconf 67' lang='grc' dir='ltr'><strong>αὐτοὶ⁹</strong></span> <span class='ocrx_word' id='word_1_42' title='bbox 1187 778 1245 831; x_wconf 81' lang='grc' dir='ltr'>δὲ</span> <span class='ocrx_word' id='word_1_43' title='bbox 1296 777 1773 847; x_wconf 87' lang='grc' dir='ltr'>ἁνατραπήσονται</span> <span class='ocrx_word' id='word_1_44' title='bbox 1827 774 1936 825; x_wconf 70' lang='grc' dir='ltr'><strong>ἀπὸ</strong></span> <span class='ocrx_word' id='word_1_45' title='bbox 1965 773 2063 841; x_wconf 84' lang='grc' dir='ltr'>τῆς</span> 
     </span>
    </p>
   </div>
   <div class='ocr_carea' id='block_1_9' title="bbox 468 857 2062 938">
    <p class='ocr_par' dir='ltr' id='par_1_9' title="bbox 468 857 2062 938">
     <span class='ocr_line' id='line_1_9' title="bbox 468 857 2062 938; baseline -0.009 -14"><span class='ocrx_word' id='word_1_46' title='bbox 468 870 784 936; x_wconf 79' lang='grc' dir='ltr'><strong>ἀξιοπίστου</strong></span> <span class='ocrx_word' id='word_1_47' title='bbox 816 867 912 921; x_wconf 84' lang='grc' dir='ltr'><strong>τοῦ</strong></span> <span class='ocrx_word' id='word_1_48' title='bbox 947 867 1153 938; x_wconf 85' lang='grc' dir='ltr'><strong>Κυρίου</strong></span> <span class='ocrx_word' id='word_1_49' title='bbox 1184 865 1390 935; x_wconf 76' lang='grc' dir='ltr'>φωνῆς,</span> <span class='ocrx_word' id='word_1_50' title='bbox 1421 865 1489 935; x_wconf 80' lang='grc' dir='ltr'><strong>ἣν</strong></span> <span class='ocrx_word' id='word_1_51' title='bbox 1523 862 1678 916; x_wconf 86' lang='grc' dir='ltr'><strong>αὐτοὶ</strong></span> <span class='ocrx_word' id='word_1_52' title='bbox 1707 859 1828 914; x_wconf 81' lang='grc' dir='ltr'><strong>καθ’</strong></span> <span class='ocrx_word' id='word_1_53' title='bbox 1852 857 2062 912; x_wconf 80' lang='grc' dir='ltr'><strong>ἑαυτῶν</strong></span> 
     </span>
    </p>
   </div>
   <div class='ocr_carea' id='block_1_10' title="bbox 469 951 2062 1029">
    <p class='ocr_par' dir='ltr' id='par_1_10' title="bbox 469 951 2062 1029">
     <span class='ocr_line' id='line_1_10' title="bbox 469 951 2062 1029; baseline -0.009 -13"><span class='ocrx_word' id='word_1_54' title='bbox 469 962 852 1017; x_wconf 71' lang='grc' dir='ltr'>ἐπεσπάσαντο</span> <span class='ocrx_word' id='word_1_55' title='bbox 880 959 968 1013; x_wconf 83' lang='grc' dir='ltr'>διὰ</span> <span class='ocrx_word' id='word_1_56' title='bbox 997 959 1098 1028; x_wconf 83' lang='grc' dir='ltr'>τῆς</span> <span class='ocrx_word' id='word_1_57' title='bbox 1138 959 1232 1012; x_wconf 81' lang='grc' dir='ltr'><strong>τοῦ</strong></span> <span class='ocrx_word' id='word_1_58' title='bbox 1273 955 1590 1029; x_wconf 79' lang='grc' dir='ltr'><strong>ζητήματος</strong></span> <span class='ocrx_word' id='word_1_59' title='bbox 1620 953 1940 1015; x_wconf 78' lang='grc' dir='ltr'>ἐπιλύσεως,</span> <span class='ocrx_word' id='word_1_60' title='bbox 1973 951 2062 1003; x_wconf 83' lang='grc' dir='ltr'>ὅτε</span> 
     </span>
    </p>
   </div>
   <div class='ocr_carea' id='block_1_11' title="bbox 471 1041 2063 1128">
    <p class='ocr_par' dir='ltr' id='par_1_11' title="bbox 471 1041 2063 1128">
     <span class='ocr_line' id='line_1_11' title="bbox 471 1041 2063 1128; baseline -0.011 -17"><span class='ocrx_word' id='word_1_61' title='bbox 471 1055 776 1128; x_wconf 82' lang='grc' dir='ltr'>προσῆλθον</span> <span class='ocrx_word' id='word_1_62' title='bbox 826 1051 975 1122; x_wconf 78' lang='grc' dir='ltr'>αὐτῷ</span> <span class='ocrx_word' id='word_1_63' title='bbox 1005 1051 1276 1120; x_wconf 81' lang='grc' dir='ltr'>λέγοντες,</span> <span class='ocrx_word' id='word_1_64' title='bbox 1320 1051 1369 1102; x_wconf 90' lang='grc' dir='ltr'><strong>εί</strong></span> <span class='ocrx_word' id='word_1_65' title='bbox 1411 1049 1633 1101; x_wconf 90' lang='grc' dir='ltr'>δύναται</span> <span class='ocrx_word' id='word_1_66' title='bbox 1676 1041 1814 1098; x_wconf 73' lang='grc' dir='ltr'>εἶναι</span> <span class='ocrx_word' id='word_1_67' title='bbox 1853 1041 2063 1114; x_wconf 83' lang='grc' dir='ltr'><strong>νεκρῶν</strong></span> 
     </span>
    </p>
   </div>
   <div class='ocr_carea' id='block_1_12' title="bbox 470 1136 2064 1212">
    <p class='ocr_par' dir='ltr' id='par_1_12' title="bbox 470 1136 2064 1212">
     <span class='ocr_line' id='line_1_12' title="bbox 470 1136 2064 1212; baseline -0.01 -9"><span class='ocrx_word' id='word_1_68' title='bbox 470 1150 800 1211; x_wconf 78' lang='grc' dir='ltr'>ἀνάστασις·</span> <span class='ocrx_word' id='word_1_69' title='bbox 845 1147 940 1200; x_wconf 70' lang='grc' dir='ltr'><strong>καὶ</strong></span> <span class='ocrx_word' id='word_1_70' title='bbox 991 1147 1072 1199; x_wconf 82' lang='grc' dir='ltr'>ὅτι</span> <span class='ocrx_word' id='word_1_71' title='bbox 1119 1144 1259 1197; x_wconf 79' lang='grc' dir='ltr'>ἑπτὰ</span> <span class='ocrx_word' id='word_1_72' title='bbox 1308 1141 1530 1212; x_wconf 78' lang='grc' dir='ltr'>ἀδελφοὶ</span> <span class='ocrx_word' id='word_1_73' title='bbox 1583 1139 1852 1208; x_wconf 79' lang='grc' dir='ltr'>ἐγένοντο,</span> <span class='ocrx_word' id='word_1_74' title='bbox 1896 1136 1991 1189; x_wconf 68' lang='grc' dir='ltr'>καὶ</span> <span class='ocrx_word' id='word_1_75' title='bbox 2036 1137 2064 1188; x_wconf 86' lang='grc' dir='ltr'>ὁ</span> 
     </span>
    </p>
   </div>
   <div class='ocr_carea' id='block_1_13' title="bbox 470 1228 2065 1316">
    <p class='ocr_par' dir='ltr' id='par_1_13' title="bbox 470 1228 2065 1316">
     <span class='ocr_line' id='line_1_13' title="bbox 470 1228 2065 1316; baseline -0.011 -19"><span class='ocrx_word' id='word_1_76' title='bbox 470 1244 685 1316; x_wconf 84' lang='grc' dir='ltr'>πρῶτος</span> <span class='ocrx_word' id='word_1_77' title='bbox 731 1244 965 1310; x_wconf 83' lang='grc' dir='ltr'>γυναῖκα</span> <span class='ocrx_word' id='word_1_78' title='bbox 997 1238 1194 1309; x_wconf 74' lang='grc' dir='ltr'>ἔγημε,</span> <span class='ocrx_word' id='word_1_79' title='bbox 1237 1239 1332 1290; x_wconf 77' lang='grc' dir='ltr'><strong>καὶ</strong></span> <span class='ocrx_word' id='word_1_80' title='bbox 1373 1236 1540 1298; x_wconf 78' lang='grc' dir='ltr'>ἄπαις</span> <span class='ocrx_word' id='word_1_81' title='bbox 1573 1232 1915 1302; x_wconf 77' lang='grc' dir='ltr'>ἐτελεύτησε.</span> <span class='ocrx_word' id='word_1_82' title='bbox 1954 1228 2065 1281; x_wconf 77' lang='grc' dir='ltr'><strong>Καὶ</strong></span> 
     </span>
    </p>
   </div>
   <div class='ocr_carea' id='block_1_14' title="bbox 470 1317 2064 1405">
    <p class='ocr_par' dir='ltr' id='par_1_14' title="bbox 470 1317 2064 1405">
     <span class='ocr_line' id='line_1_14' title="bbox 470 1317 2064 1405; baseline -0.011 -17"><span class='ocrx_word' id='word_1_83' title='bbox 470 1337 500 1388; x_wconf 88' lang='grc' dir='ltr'>ὁ</span> <span class='ocrx_word' id='word_1_84' title='bbox 528 1335 782 1405; x_wconf 88' lang='grc' dir='ltr'>δεύτερος</span> <span class='ocrx_word' id='word_1_85' title='bbox 831 1331 1024 1384; x_wconf 76' lang='grc' dir='ltr'>ἔλαϐεν</span> <span class='ocrx_word' id='word_1_86' title='bbox 1054 1329 1245 1400; x_wconf 82' lang='grc' dir='ltr'>αὐτὴν,</span> <span class='ocrx_word' id='word_1_87' title='bbox 1298 1325 1579 1388; x_wconf 82' lang='grc' dir='ltr'>Μωῦσέως</span> <span class='ocrx_word' id='word_1_88' title='bbox 1616 1317 2064 1394; x_wconf 79' lang='grc' dir='ltr'>παρακελευομέ-</span> 
     </span>
    </p>
   </div>
   <div class='ocr_carea' id='block_1_15' title="bbox 471 1412 2065 1496">
    <p class='ocr_par' dir='ltr' id='par_1_15' title="bbox 471 1412 2065 1496">
     <span class='ocr_line' id='line_1_15' title="bbox 471 1412 2065 1496; baseline -0.012 -15"><span class='ocrx_word' id='word_1_89' title='bbox 471 1445 564 1482; x_wconf 88' lang='grc' dir='ltr'>νου</span> <span class='ocrx_word' id='word_1_90' title='bbox 595 1425 1106 1496; x_wconf 78' lang='grc' dir='ltr'>ὲπιγαμόρεύεσθαι</span> <span class='ocrx_word' id='word_1_91' title='bbox 1132 1421 1230 1492; x_wconf 78' lang='grc' dir='ltr'><strong>τὴν</strong></span> <span class='ocrx_word' id='word_1_92' title='bbox 1263 1420 1497 1488; x_wconf 85' lang='grc' dir='ltr'>γυναῖκα</span> <span class='ocrx_word' id='word_1_93' title='bbox 1519 1415 1612 1470; x_wconf 78' lang='grc' dir='ltr'>τοῦ</span> <span class='ocrx_word' id='word_1_94' title='bbox 1643 1412 1872 1483; x_wconf 71' lang='grc' dir='ltr'>ἀδελφοῦ</span> <span class='ocrx_word' id='word_1_95' title='bbox 1901 1412 2065 1466; x_wconf 82' lang='grc' dir='ltr'>ἄπαι-</span> 
     </span>
    </p>
   </div>
   <div class='ocr_carea' id='block_1_16' title="bbox 471 1501 2065 1586">
    <p class='ocr_par' dir='ltr' id='par_1_16' title="bbox 471 1501 2065 1586">
     <span class='ocr_line' id='line_1_16' title="bbox 471 1501 2065 1586; baseline -0.011 -16"><span class='ocrx_word' id='word_1_96' title='bbox 471 1518 561 1580; x_wconf 90' lang='grc' dir='ltr'><strong>δος</strong></span> <span class='ocrx_word' id='word_1_97' title='bbox 634 1516 1088 1586; x_wconf 77' lang='grc' dir='ltr'>τελευτήσαντος,</span> <span class='ocrx_word' id='word_1_98' title='bbox 1161 1513 1254 1566; x_wconf 71' lang='grc' dir='ltr'><strong>καὶ</strong></span> <span class='ocrx_word' id='word_1_99' title='bbox 1315 1509 1544 1578; x_wconf 80' lang='grc' dir='ltr'>ἄγεσθαι</span> <span class='ocrx_word' id='word_1_100' title='bbox 1603 1507 1702 1578; x_wconf 82' lang='grc' dir='ltr'><strong>τὴν</strong></span> <span class='ocrx_word' id='word_1_101' title='bbox 1767 1503 1935 1574; x_wconf 82' lang='grc' dir='ltr'>αὐτὴν</span> <span class='ocrx_word' id='word_1_102' title='bbox 1988 1501 2065 1572; x_wconf 84' lang='grc' dir='ltr'><strong>τῷ</strong></span> 
     </span>
    </p>
   </div>
   <div class='ocr_carea' id='block_1_17' title="bbox 473 1593 2063 1679">
    <p class='ocr_par' dir='ltr' id='par_1_17' title="bbox 473 1593 2063 1679">
     <span class='ocr_line' id='line_1_17' title="bbox 473 1593 2063 1679; baseline -0.01 -17"><span class='ocrx_word' id='word_1_103' title='bbox 473 1607 687 1679; x_wconf 63' lang='grc' dir='ltr'>ἁδελίξῷ</span> <span class='ocrx_word' id='word_1_104' title='bbox 719 1609 854 1679; x_wconf 83' lang='grc' dir='ltr'>πρὸς</span> <span class='ocrx_word' id='word_1_105' title='bbox 898 1608 958 1660; x_wconf 83' lang='grc' dir='ltr'><strong>τὸ</strong></span> <span class='ocrx_word' id='word_1_106' title='bbox 992 1603 1359 1674; x_wconf 70' lang='grc' dir='ltr'>ἐξαναστῆσαι</span> <span class='ocrx_word' id='word_1_107' title='bbox 1390 1601 1610 1672; x_wconf 81' lang='grc' dir='ltr'>σπέρμα</span> <span class='ocrx_word' id='word_1_108' title='bbox 1645 1600 1724 1661; x_wconf 82' lang='grc' dir='ltr'><strong>είς</strong></span> <span class='ocrx_word' id='word_1_109' title='bbox 1765 1597 1938 1666; x_wconf 78' lang='grc' dir='ltr'>ὄνομα</span> <span class='ocrx_word' id='word_1_110' title='bbox 1970 1593 2063 1647; x_wconf 79' lang='grc' dir='ltr'>τοῦ</span> 
     </span>
    </p>
   </div>
   <div class='ocr_carea' id='block_1_18' title="bbox 473 1687 2062 1772">
    <p class='ocr_par' dir='ltr' id='par_1_18' title="bbox 473 1687 2062 1772">
     <span class='ocr_line' id='line_1_18' title="bbox 473 1687 2062 1772; baseline -0.011 -16"><span class='ocrx_word' id='word_1_111' title='bbox 473 1703 888 1772; x_wconf 81' lang='grc' dir='ltr'>κατοιχομένου.</span> <span class='ocrx_word' id='word_1_112' title='bbox 937 1699 1136 1753; x_wconf 77' lang='grc' dir='ltr'>Ἔλαὸε</span> <span class='ocrx_word' id='word_1_113' title='bbox 1168 1697 1319 1767; x_wconf 79' lang='grc' dir='ltr'>γοῦν,</span> <span class='ocrx_word' id='word_1_114' title='bbox 1349 1695 1501 1765; x_wconf 76' lang='grc' dir='ltr'>φησὶ,</span> <span class='ocrx_word' id='word_1_115' title='bbox 1532 1691 1736 1762; x_wconf 85' lang='grc' dir='ltr'>ταύτην</span> <span class='ocrx_word' id='word_1_116' title='bbox 1764 1692 1792 1744; x_wconf 88' lang='grc' dir='ltr'><strong>ὁ</strong></span> <span class='ocrx_word' id='word_1_117' title='bbox 1825 1687 2062 1760; x_wconf 86' lang='grc' dir='ltr'>πρῶτος,</span> 
     </span>
    </p>
   </div>
   <div class='ocr_carea' id='block_1_19' title="bbox 473 1779 2061 1864">
    <p class='ocr_par' dir='ltr' id='par_1_19' title="bbox 473 1779 2061 1864">
     <span class='ocr_line' id='line_1_19' title="bbox 473 1779 2061 1864; baseline -0.011 -17"><span class='ocrx_word' id='word_1_118' title='bbox 473 1795 569 1847; x_wconf 76' lang='grc' dir='ltr'><strong>καὶ</strong></span> <span class='ocrx_word' id='word_1_119' title='bbox 595 1795 622 1846; x_wconf 89' lang='grc' dir='ltr'>ὁ</span> <span class='ocrx_word' id='word_1_120' title='bbox 645 1793 916 1864; x_wconf 89' lang='grc' dir='ltr'>δεύτερος,</span> <span class='ocrx_word' id='word_1_121' title='bbox 942 1792 1037 1845; x_wconf 77' lang='lat' dir='ltr'><strong>xui.</strong></span> <span class='ocrx_word' id='word_1_122' title='bbox 1061 1789 1416 1860; x_wconf 76' lang='grc' dir='ltr'>ἐτελεύτησαν</span> <span class='ocrx_word' id='word_1_123' title='bbox 1437 1805 1448 1816; x_wconf 92' lang='grc'><strong>·</strong></span> <span class='ocrx_word' id='word_1_124' title='bbox 1484 1785 1684 1856; x_wconf 86' lang='grc' dir='ltr'>ὁμοίως</span> <span class='ocrx_word' id='word_1_125' title='bbox 1710 1782 1805 1836; x_wconf 70' lang='grc' dir='ltr'><strong>καὶ</strong></span> <span class='ocrx_word' id='word_1_126' title='bbox 1825 1782 1874 1833; x_wconf 90' lang='grc' dir='ltr'>οἱ</span> <span class='ocrx_word' id='word_1_127' title='bbox 1900 1779 2061 1832; x_wconf 86' lang='grc' dir='ltr'>ὲπτά.</span> 
     </span>
    </p>
   </div>
   <div class='ocr_carea' id='block_1_20' title="bbox 487 1849 2139 1956">
    <p class='ocr_par' dir='ltr' id='par_1_20' title="bbox 487 1849 2139 1956">
     <span class='ocr_line' id='line_1_20' title="bbox 487 1849 2139 1956; baseline -0.012 -17"><span class='ocrx_word' id='word_1_128' title='bbox 487 1885 578 1938; x_wconf 85' lang='grc' dir='ltr'><strong>Ἐν</strong></span> <span class='ocrx_word' id='word_1_129' title='bbox 629 1887 696 1956; x_wconf 75' lang='grc' dir='ltr'>τῇ</span> <span class='ocrx_word' id='word_1_130' title='bbox 753 1883 1049 1937; x_wconf 84' lang='grc' dir='ltr'>ἀναστάσει</span> <span class='ocrx_word' id='word_1_131' title='bbox 1107 1881 1214 1932; x_wconf 83' lang='grc' dir='ltr'>τῶν</span> <span class='ocrx_word' id='word_1_132' title='bbox 1261 1876 1471 1949; x_wconf 83' lang='grc' dir='ltr'>νεκρῶν</span> <span class='ocrx_word' id='word_1_133' title='bbox 1523 1875 1669 1937; x_wconf 81' lang='grc' dir='ltr'>τίνος</span> <span class='ocrx_word' id='word_1_134' title='bbox 1718 1873 1868 1926; x_wconf 75' lang='grc' dir='ltr'>ἔσται</span> <span class='ocrx_word' id='word_1_135' title='bbox 1922 1869 2061 1939; x_wconf 75' lang='grc' dir='ltr'>αὕτη</span> <span class='ocrx_word' id='word_1_136' title='bbox 2094 1849 2139 1907; x_wconf 73' lang='grc' dir='ltr'><strong>Β</strong></span> 
     </span>
    </p>
   </div>
   <div class='ocr_carea' id='block_1_21' title="bbox 473 1960 2065 2046">
    <p class='ocr_par' dir='ltr' id='par_1_21' title="bbox 473 1960 2065 2046">
     <span class='ocr_line' id='line_1_21' title="bbox 473 1960 2065 2046; baseline -0.01 -17"><span class='ocrx_word' id='word_1_137' title='bbox 473 1976 636 2046; x_wconf 86' lang='grc' dir='ltr'>γυνὴ,</span> <span class='ocrx_word' id='word_1_138' title='bbox 670 1973 861 2044; x_wconf 74' lang='grc' dir='ltr'>ἐπειδὴ</span> <span class='ocrx_word' id='word_1_139' title='bbox 909 1974 1004 2026; x_wconf 75' lang='grc' dir='ltr'>καὶ</span> <span class='ocrx_word' id='word_1_140' title='bbox 1046 1973 1095 2025; x_wconf 81' lang='grc' dir='ltr'>οἱ</span> <span class='ocrx_word' id='word_1_141' title='bbox 1145 1971 1287 2025; x_wconf 79' lang='grc' dir='ltr'>ἑπτὰ</span> <span class='ocrx_word' id='word_1_142' title='bbox 1320 1970 1477 2039; x_wconf 74' lang='grc' dir='ltr'>ἔσχον</span> <span class='ocrx_word' id='word_1_143' title='bbox 1510 1967 1714 2036; x_wconf 71' lang='grc' dir='ltr'>αὑτήν;</span> <span class='ocrx_word' id='word_1_144' title='bbox 1777 1965 1834 2016; x_wconf 90' lang='lat'><strong>&#39;0</strong></span> <span class='ocrx_word' id='word_1_145' title='bbox 1862 1963 1920 2015; x_wconf 86' lang='grc' dir='ltr'><strong>δὲ</strong></span> <span class='ocrx_word' id='word_1_146' title='bbox 1953 1960 2065 2014; x_wconf 85' lang='grc' dir='ltr'><strong>Κύ-</strong></span> 
     </span>
    </p>
   </div>
   <div class='ocr_carea' id='block_1_22' title="bbox 477 2053 2062 2141">
    <p class='ocr_par' dir='ltr' id='par_1_22' title="bbox 477 2053 2062 2141">
     <span class='ocr_line' id='line_1_22' title="bbox 477 2053 2062 2141; baseline -0.01 -20"><span class='ocrx_word' id='word_1_147' title='bbox 477 2085 592 2141; x_wconf 86' lang='grc' dir='ltr'>ριος</span> <span class='ocrx_word' id='word_1_148' title='bbox 639 2066 778 2136; x_wconf 76' lang='grc' dir='ltr'><strong>ἔφη·</strong></span> <span class='ocrx_word' id='word_1_149' title='bbox 841 2061 1163 2118; x_wconf 78' lang='grc' dir='ltr'>Πλανᾶσθε</span> <span class='ocrx_word' id='word_1_150' title='bbox 1206 2061 1293 2130; x_wconf 79' lang='grc' dir='ltr'>μὴ</span> <span class='ocrx_word' id='word_1_151' title='bbox 1345 2058 1572 2122; x_wconf 78' lang='grc' dir='ltr'>ειδότες</span> <span class='ocrx_word' id='word_1_152' title='bbox 1627 2057 1736 2122; x_wconf 86' lang='grc' dir='ltr'>τὰς</span> <span class='ocrx_word' id='word_1_153' title='bbox 1797 2053 2062 2123; x_wconf 70' lang='grc' dir='ltr'>Γριιφὰς,</span> 
     </span>
    </p>
   </div>
   <div class='ocr_carea' id='block_1_23' title="bbox 475 2145 2066 2230">
    <p class='ocr_par' dir='ltr' id='par_1_23' title="bbox 475 2145 2066 2230">
     <span class='ocr_line' id='line_1_23' title="bbox 475 2145 2066 2230; baseline -0.01 -17"><span class='ocrx_word' id='word_1_154' title='bbox 475 2159 627 2230; x_wconf 81' lang='grc' dir='ltr'>μηδὲ</span> <span class='ocrx_word' id='word_1_155' title='bbox 664 2157 781 2226; x_wconf 78' lang='grc' dir='ltr'><strong>τὴν</strong></span> <span class='ocrx_word' id='word_1_156' title='bbox 814 2157 1074 2225; x_wconf 75' lang='grc' dir='ltr'>δύναμιν</span> <span class='ocrx_word' id='word_1_157' title='bbox 1101 2153 1208 2208; x_wconf 85' lang='grc' dir='ltr'>τοῦ</span> <span class='ocrx_word' id='word_1_158' title='bbox 1238 2151 1385 2206; x_wconf 88' lang='grc' dir='ltr'>Θεοῦ</span> <span class='ocrx_word' id='word_1_159' title='bbox 1407 2167 1422 2181; x_wconf 88' lang='grc'><strong>·</strong></span> <span class='ocrx_word' id='word_1_160' title='bbox 1457 2150 1529 2204; x_wconf 77' lang='grc' dir='ltr'>ἐν</span> <span class='ocrx_word' id='word_1_161' title='bbox 1555 2149 1666 2219; x_wconf 80' lang='grc' dir='ltr'><strong>γὰρ</strong></span> <span class='ocrx_word' id='word_1_162' title='bbox 1700 2145 1774 2216; x_wconf 77' lang='grc' dir='ltr'>τῇ</span> <span class='ocrx_word' id='word_1_163' title='bbox 1803 2145 2066 2201; x_wconf 82' lang='grc' dir='ltr'>ἀναστά-</span> 
     </span>
    </p>
   </div>
   <div class='ocr_carea' id='block_1_24' title="bbox 475 2238 2064 2314">
    <p class='ocr_par' dir='ltr' id='par_1_24' title="bbox 475 2238 2064 2314">
     <span class='ocr_line' id='line_1_24' title="bbox 475 2238 2064 2314; baseline -0.009 -11"><span class='ocrx_word' id='word_1_164' title='bbox 475 2265 574 2303; x_wconf 87' lang='grc' dir='ltr'><strong>σει</strong></span> <span class='ocrx_word' id='word_1_165' title='bbox 602 2249 724 2302; x_wconf 82' lang='grc' dir='ltr'>τῶν</span> <span class='ocrx_word' id='word_1_166' title='bbox 751 2245 982 2314; x_wconf 80' lang='grc' dir='ltr'><strong>νεκρῶν</strong></span> <span class='ocrx_word' id='word_1_167' title='bbox 1029 2245 1167 2298; x_wconf 82' lang='grc' dir='ltr'>οὔτε</span> <span class='ocrx_word' id='word_1_168' title='bbox 1197 2240 1517 2312; x_wconf 75' lang='grc' dir='ltr'>γαμοῦσιν,</span> <span class='ocrx_word' id='word_1_169' title='bbox 1562 2239 1701 2292; x_wconf 84' lang='grc' dir='ltr'>οὔτε</span> <span class='ocrx_word' id='word_1_170' title='bbox 1735 2238 2064 2306; x_wconf 74' lang='grc' dir='ltr'>γαμίσκον-</span> 
     </span>
    </p>
   </div>
   <div class='ocr_carea' id='block_1_25' title="bbox 477 2327 2064 2408">
    <p class='ocr_par' dir='ltr' id='par_1_25' title="bbox 477 2327 2064 2408">
     <span class='ocr_line' id='line_1_25' title="bbox 477 2327 2064 2408; baseline -0.008 -15"><span class='ocrx_word' id='word_1_171' title='bbox 477 2359 593 2404; x_wconf 84' lang='grc' dir='ltr'>ται,</span> <span class='ocrx_word' id='word_1_172' title='bbox 629 2340 765 2394; x_wconf 73' lang='grc' dir='ltr'><strong>ἀλλ’</strong></span> <span class='ocrx_word' id='word_1_173' title='bbox 807 2337 1116 2408; x_wconf 70' lang='grc' dir='ltr'>ἰσάγγελοι</span> <span class='ocrx_word' id='word_1_174' title='bbox 1143 2339 1320 2389; x_wconf 75' lang='grc' dir='ltr'>εἰσιν.</span> <span class='ocrx_word' id='word_1_175' title='bbox 1356 2335 1477 2386; x_wconf 88' lang='grc' dir='ltr'><strong>Ὅτι</strong></span> <span class='ocrx_word' id='word_1_176' title='bbox 1513 2331 1582 2386; x_wconf 83' lang='grc' dir='ltr'>δὲ</span> <span class='ocrx_word' id='word_1_177' title='bbox 1610 2327 2064 2395; x_wconf 78' lang='grc' dir='ltr'>ἀναστήσονται</span> 
     </span>
    </p>
   </div>
   <div class='ocr_carea' id='block_1_26' title="bbox 478 2421 2066 2500">
    <p class='ocr_par' dir='ltr' id='par_1_26' title="bbox 478 2421 2066 2500">
     <span class='ocr_line' id='line_1_26' title="bbox 478 2421 2066 2500; baseline -0.008 -14"><span class='ocrx_word' id='word_1_178' title='bbox 478 2436 531 2486; x_wconf 88' lang='grc' dir='ltr'>οἱ</span> <span class='ocrx_word' id='word_1_179' title='bbox 582 2430 818 2500; x_wconf 80' lang='grc' dir='ltr'>νεκροὶ,</span> <span class='ocrx_word' id='word_1_180' title='bbox 869 2427 1135 2496; x_wconf 72' lang='grc' dir='ltr'>Μωυσῆς</span> <span class='ocrx_word' id='word_1_181' title='bbox 1177 2425 1336 2497; x_wconf 76' lang='grc' dir='ltr'>ὑμᾶς</span> <span class='ocrx_word' id='word_1_182' title='bbox 1368 2423 1659 2486; x_wconf 81' lang='grc' dir='ltr'>διδάσκει,</span> <span class='ocrx_word' id='word_1_183' title='bbox 1711 2423 1792 2489; x_wconf 88' lang='grc' dir='ltr'><strong>ὡς</strong></span> <span class='ocrx_word' id='word_1_184' title='bbox 1833 2425 1866 2476; x_wconf 82' lang='grc' dir='ltr'><em>ὀ</em></span> <span class='ocrx_word' id='word_1_185' title='bbox 1922 2421 2066 2486; x_wconf 83' lang='grc' dir='ltr'><strong>Θεὸς</strong></span> 
     </span>
    </p>
   </div>
   <div class='ocr_carea' id='block_1_27' title="bbox 476 2511 2064 2592">
    <p class='ocr_par' dir='ltr' id='par_1_27' title="bbox 476 2511 2064 2592">
     <span class='ocr_line' id='line_1_27' title="bbox 476 2511 2064 2592; baseline -0.009 -14"><span class='ocrx_word' id='word_1_186' title='bbox 476 2523 640 2589; x_wconf 79' lang='grc' dir='ltr'>αὐτῷ</span> <span class='ocrx_word' id='word_1_187' title='bbox 701 2521 1099 2592; x_wconf 78' lang='grc' dir='ltr'><strong>ἐχρημάτισε,</strong></span> <span class='ocrx_word' id='word_1_188' title='bbox 1169 2518 1398 2588; x_wconf 76' lang='grc' dir='ltr'><strong>λέγων’</strong></span> <span class='ocrx_word' id='word_1_189' title='bbox 1469 2514 1617 2585; x_wconf 80' lang='grc' dir='ltr'><strong>Ἐγώ</strong></span> <span class='ocrx_word' id='word_1_190' title='bbox 1675 2517 1791 2584; x_wconf 76' lang='grc' dir='ltr'>ειμι</span> <span class='ocrx_word' id='word_1_191' title='bbox 1835 2516 1868 2568; x_wconf 87' lang='grc' dir='ltr'><strong><em>ό</em></strong></span> <span class='ocrx_word' id='word_1_192' title='bbox 1921 2511 2064 2578; x_wconf 75' lang='grc' dir='ltr'>Θεὸς</span> 
     </span>
    </p>
   </div>
   <div class='ocr_carea' id='block_1_28' title="bbox 492 2603 2062 2684">
    <p class='ocr_par' dir='ltr' id='par_1_28' title="bbox 492 2603 2062 2684">
     <span class='ocr_line' id='line_1_28' title="bbox 492 2603 2062 2684; baseline -0.01 -14"><span class='ocrx_word' id='word_1_193' title='bbox 492 2617 770 2684; x_wconf 80' lang='grc' dir='ltr'>Ἀϐραὰμ,</span> <span class='ocrx_word' id='word_1_194' title='bbox 811 2614 906 2667; x_wconf 78' lang='grc' dir='ltr'><strong>καὶ</strong></span> <span class='ocrx_word' id='word_1_195' title='bbox 936 2615 968 2666; x_wconf 84' lang='grc' dir='ltr'><em>ὀ</em></span> <span class='ocrx_word' id='word_1_196' title='bbox 1005 2611 1149 2676; x_wconf 82' lang='grc' dir='ltr'>Θεὸς</span> <span class='ocrx_word' id='word_1_197' title='bbox 1188 2608 1410 2672; x_wconf 85' lang='grc' dir='ltr'>Ἰσαὰκ,</span> <span class='ocrx_word' id='word_1_198' title='bbox 1448 2608 1547 2662; x_wconf 77' lang='grc' dir='ltr'><strong>καὶ</strong></span> <span class='ocrx_word' id='word_1_199' title='bbox 1581 2610 1614 2661; x_wconf 90' lang='grc' dir='ltr'><em>ό</em></span> <span class='ocrx_word' id='word_1_200' title='bbox 1642 2605 1778 2672; x_wconf 77' lang='grc' dir='ltr'>Θεὸς</span> <span class='ocrx_word' id='word_1_201' title='bbox 1838 2603 2062 2668; x_wconf 79' lang='grc' dir='ltr'>Ἰακὼϐ,</span> 
     </span>
    </p>
   </div>
   <div class='ocr_carea' id='block_1_29' title="bbox 482 2697 2065 2774">
    <p class='ocr_par' dir='ltr' id='par_1_29' title="bbox 482 2697 2065 2774">
     <span class='ocr_line' id='line_1_29' title="bbox 482 2697 2065 2774; baseline -0.009 -12"><span class='ocrx_word' id='word_1_202' title='bbox 482 2709 626 2774; x_wconf 81' lang='grc' dir='ltr'>Θεὸς</span> <span class='ocrx_word' id='word_1_203' title='bbox 663 2705 911 2771; x_wconf 79' lang='grc' dir='ltr'>ζώντων,</span> <span class='ocrx_word' id='word_1_204' title='bbox 945 2704 1043 2757; x_wconf 75' lang='grc' dir='ltr'><strong>καὶ</strong></span> <span class='ocrx_word' id='word_1_205' title='bbox 1081 2701 1219 2770; x_wconf 87' lang='grc' dir='ltr'><strong>οὐχὶ</strong></span> <span class='ocrx_word' id='word_1_206' title='bbox 1241 2697 1492 2768; x_wconf 85' lang='grc' dir='ltr'><strong>νεκρῶν.</strong></span> <span class='ocrx_word' id='word_1_207' title='bbox 1532 2699 1642 2752; x_wconf 73' lang='grc' dir='ltr'><strong>Καὶ</strong></span> <span class='ocrx_word' id='word_1_208' title='bbox 1669 2698 1945 2768; x_wconf 76' lang='grc' dir='ltr'>ἐφίμωσεν</span> <span class='ocrx_word' id='word_1_209' title='bbox 1970 2697 2065 2748; x_wconf 85' lang='grc' dir='ltr'>αὑ-</span> 
     </span>
    </p>
   </div>
   <div class='ocr_carea' id='block_1_30' title="bbox 479 2784 2066 2866">
    <p class='ocr_par' dir='ltr' id='par_1_30' title="bbox 479 2784 2066 2866">
     <span class='ocr_line' id='line_1_30' title="bbox 479 2784 2066 2866; baseline -0.007 -15"><span class='ocrx_word' id='word_1_210' title='bbox 479 2798 587 2852; x_wconf 83' lang='grc' dir='ltr'><strong>τῶν</strong></span> <span class='ocrx_word' id='word_1_211' title='bbox 622 2799 684 2851; x_wconf 74' lang='grc' dir='ltr'>τὸ</span> <span class='ocrx_word' id='word_1_212' title='bbox 714 2797 911 2866; x_wconf 82' lang='grc' dir='ltr'>στόμα.</span> <span class='ocrx_word' id='word_1_213' title='bbox 947 2794 1223 2848; x_wconf 77' lang='grc' dir='ltr'>Εὑάλωτοι</span> <span class='ocrx_word' id='word_1_214' title='bbox 1251 2793 1362 2864; x_wconf 84' lang='grc' dir='ltr'><strong>γὰρ</strong></span> <span class='ocrx_word' id='word_1_215' title='bbox 1399 2784 1565 2849; x_wconf 74' lang='grc' dir='ltr'>οὗτοι.</span> <span class='ocrx_word' id='word_1_216' title='bbox 1603 2789 1694 2842; x_wconf 72' lang='grc' dir='ltr'>καὶ</span> <span class='ocrx_word' id='word_1_217' title='bbox 1731 2787 1804 2858; x_wconf 85' lang='grc' dir='ltr'>μὴ</span> <span class='ocrx_word' id='word_1_218' title='bbox 1835 2787 2066 2857; x_wconf 84' lang='grc' dir='ltr'>δυνάμε-</span> 
     </span>
    </p>
   </div>
   <div class='ocr_carea' id='block_1_31' title="bbox 480 2880 2061 2962">
    <p class='ocr_par' dir='ltr' id='par_1_31' title="bbox 480 2880 2061 2962">
     <span class='ocr_line' id='line_1_31' title="bbox 480 2880 2061 2962; baseline -0.008 -16"><span class='ocrx_word' id='word_1_219' title='bbox 480 2909 560 2946; x_wconf 87' lang='grc' dir='ltr'><strong>νοι</strong></span> <span class='ocrx_word' id='word_1_220' title='bbox 593 2892 911 2962; x_wconf 79' lang='grc' dir='ltr'>ἀντιστῆναι</span> <span class='ocrx_word' id='word_1_221' title='bbox 957 2892 1092 2961; x_wconf 84' lang='grc' dir='ltr'>μήτε</span> <span class='ocrx_word' id='word_1_222' title='bbox 1132 2887 1258 2958; x_wconf 85' lang='grc' dir='ltr'>μίαν</span> <span class='ocrx_word' id='word_1_223' title='bbox 1291 2886 1442 2957; x_wconf 81' lang='grc' dir='ltr'>ὥραν</span> <span class='ocrx_word' id='word_1_224' title='bbox 1481 2885 1618 2956; x_wconf 85' lang='grc' dir='ltr'>πρὸς</span> <span class='ocrx_word' id='word_1_225' title='bbox 1653 2883 1752 2954; x_wconf 84' lang='grc' dir='ltr'>τὴν</span> <span class='ocrx_word' id='word_1_226' title='bbox 1783 2880 2061 2954; x_wconf 84' lang='grc' dir='ltr'>ἀλήθειαν.</span> 
     </span>
    </p>
   </div>
   <div class='ocr_carea' id='block_1_32' title="bbox 828 2994 1719 3064">
    <p class='ocr_par' dir='ltr' id='par_1_32' title="bbox 828 2994 1719 3064">
     <span class='ocr_line' id='line_1_32' title="bbox 828 2994 1719 3064; baseline -0.008 -10"><span class='ocrx_word' id='word_1_227' title='bbox 828 3001 1020 3054; x_wconf 81' lang='grc' dir='ltr'><strong>ΚΑΤΑ</strong></span> <span class='ocrx_word' id='word_1_228' title='bbox 1055 2995 1537 3052; x_wconf 77' lang='lat' dir='ltr'><strong>I‘PAMMATEON</strong></span> <span class='ocrx_word' id='word_1_229' title='bbox 1586 2994 1719 3064; x_wconf 73' lang='grc'><strong>(94),</strong></span> 
     </span>
    </p>
   </div>
   <div class='ocr_carea' id='block_1_33' title="bbox 482 3106 2066 3183">
    <p class='ocr_par' dir='ltr' id='par_1_33' title="bbox 482 3106 2066 3183">
     <span class='ocr_line' id='line_1_33' title="bbox 482 3106 2066 3183; baseline -0.009 -11"><span class='ocrx_word' id='word_1_230' title='bbox 482 3117 734 3172; x_wconf 80' lang='grc' dir='ltr'>Δευτέοα</span> <span class='ocrx_word' id='word_1_231' title='bbox 773 3116 1008 3183; x_wconf 73' lang='grc' dir='ltr'>αἵρεσις</span> <span class='ocrx_word' id='word_1_232' title='bbox 1041 3110 1304 3183; x_wconf 47' lang='lat' dir='ltr'><strong>dabnt&quot;:</strong></span> <span class='ocrx_word' id='word_1_233' title='bbox 1342 3106 1733 3183; x_wconf 59' lang='lat' dir='ltr'><strong>‘Iovbat’oytoﬁ,</strong></span> <span class='ocrx_word' id='word_1_234' title='bbox 1759 3122 2066 3160; x_wconf 78' lang='grc' dir='ltr'>πεντεκαι-</span> 
     </span>
    </p>
   </div>
   <div class='ocr_carea' id='block_1_34' title="bbox 873 3180 1688 3251">
    <p class='ocr_par' dir='ltr' id='par_1_34' title="bbox 873 3180 1688 3251">
     <span class='ocr_line' id='line_1_34' title="bbox 873 3180 1688 3251; baseline -0.01 -13"><span class='ocrx_word' id='word_1_235' title='bbox 873 3183 1093 3251; x_wconf 77' lang='grc' dir='ltr'><strong>δεκάτη</strong></span> <span class='ocrx_word' id='word_1_236' title='bbox 1124 3181 1192 3234; x_wconf 84' lang='grc' dir='ltr'>δὲ</span> <span class='ocrx_word' id='word_1_237' title='bbox 1231 3180 1304 3249; x_wconf 76' lang='grc' dir='ltr'><strong>τῇ</strong></span> <span class='ocrx_word' id='word_1_238' title='bbox 1335 3180 1688 3246; x_wconf 70' lang='grc' dir='ltr'><strong>ἀκολουθίᾳ.</strong></span> 
     </span>
    </p>
   </div>
   <div class='ocr_carea' id='block_1_35' title="bbox 555 3292 2068 3362">
    <p class='ocr_par' dir='ltr' id='par_1_35' title="bbox 555 3292 2068 3362">
     <span class='ocr_line' id='line_1_35' title="bbox 555 3292 2068 3362; baseline -0.009 -9"><span class='ocrx_word' id='word_1_239' title='bbox 555 3299 709 3354; x_wconf 73' lang='grc' dir='ltr'>Μετὰ</span> <span class='ocrx_word' id='word_1_240' title='bbox 735 3299 956 3359; x_wconf 80' lang='grc' dir='ltr'>τούτους</span> <span class='ocrx_word' id='word_1_241' title='bbox 993 3297 1118 3359; x_wconf 79' lang='grc' dir='ltr'>τοὺς</span> <span class='ocrx_word' id='word_1_242' title='bbox 1150 3293 1560 3358; x_wconf 79' lang='grc' dir='ltr'>Σαδδουκαίους,</span> <span class='ocrx_word' id='word_1_243' title='bbox 1588 3292 1942 3362; x_wconf 83' lang='grc' dir='ltr'>Γραμματεις</span> <span class='ocrx_word' id='word_1_244' title='bbox 1975 3304 2068 3357; x_wconf 92' lang='grc' dir='ltr'>γε-</span> 
     </span>
    </p>
   </div>
   <div class='ocr_carea' id='block_1_36' title="bbox 557 3447 1580 3515">
    <p class='ocr_par' dir='ltr' id='par_1_36' title="bbox 557 3447 1580 3515">
     <span class='ocr_line' id='line_1_36' title="bbox 557 3447 1580 3515; baseline -0.005 -10"><span class='ocrx_word' id='word_1_245' title='bbox 557 3454 574 3484; x_wconf 75' lang='grc' dir='ltr'>ι</span> <span class='ocrx_word' id='word_1_246' title='bbox 606 3453 794 3506; x_wconf 74' lang='lat' dir='ltr'><strong>.‘rlatth.</strong></span> <span class='ocrx_word' id='word_1_247' title='bbox 825 3468 960 3515; x_wconf 70' lang='grc' dir='ltr'>χχιι,</span> <span class='ocrx_word' id='word_1_248' title='bbox 987 3451 1076 3505; x_wconf 72' lang='grc'><strong>⁸52.</strong></span> <span class='ocrx_word' id='word_1_249' title='bbox 1155 3452 1176 3481; x_wconf 83' lang='grc'>¹</span> <span class='ocrx_word' id='word_1_250' title='bbox 1207 3447 1379 3503; x_wconf 79' lang='lat' dir='ltr'><strong>Exod.</strong></span> <span class='ocrx_word' id='word_1_251' title='bbox 1417 3461 1499 3510; x_wconf 83' lang='lat' dir='ltr'><strong>tu,</strong></span> <span class='ocrx_word' id='word_1_252' title='bbox 1526 3447 1580 3501; x_wconf 88' lang='lat'><strong>6.</strong></span> 
     </span>
    </p>
   </div>
   <div class='ocr_carea' id='block_1_37' title="bbox 483 3600 2069 3677">
    <p class='ocr_par' dir='ltr' id='par_1_37' title="bbox 483 3600 2069 3677">
     <span class='ocr_line' id='line_1_37' title="bbox 483 3600 2069 3677; baseline -0.002 -16"><span class='ocrx_word' id='word_1_253' title='bbox 483 3607 594 3662; x_wconf 90' lang='lat' dir='ltr'><strong>rito</strong></span> <span class='ocrx_word' id='word_1_254' title='bbox 625 3607 694 3660; x_wconf 88' lang='lat' dir='ltr'><strong>ab</strong></span> <span class='ocrx_word' id='word_1_255' title='bbox 723 3605 1050 3677; x_wconf 85' lang='lat' dir='ltr'><strong>Epiphanio,</strong></span> <span class='ocrx_word' id='word_1_256' title='bbox 1079 3605 1312 3677; x_wconf 83' lang='lat' dir='ltr'><strong>aliisque</strong></span> <span class='ocrx_word' id='word_1_257' title='bbox 1342 3605 1552 3659; x_wconf 88' lang='lat' dir='ltr'><strong>dictum</strong></span> <span class='ocrx_word' id='word_1_258' title='bbox 1591 3611 1697 3665; x_wconf 88' lang='lat' dir='ltr'><strong>est,</strong></span> <span class='ocrx_word' id='word_1_259' title='bbox 1737 3600 2069 3658; x_wconf 72' lang='lat' dir='ltr'><strong>Sadduczeos</strong></span> 
     </span>
    </p>
   </div>
   <div class='ocr_carea' id='block_1_38' title="bbox 491 3676 2070 3746">
    <p class='ocr_par' dir='ltr' id='par_1_38' title="bbox 491 3676 2070 3746">
     <span class='ocr_line' id='line_1_38' title="bbox 491 3676 2070 3746; baseline -0.002 -16"><span class='ocrx_word' id='word_1_260' title='bbox 491 3676 1042 3746; x_wconf 86' lang='lat' dir='ltr'><strong>Spiritumsanctum</strong></span> <span class='ocrx_word' id='word_1_261' title='bbox 1077 3676 1383 3746; x_wconf 82' lang='lat' dir='ltr'><strong>ignorasse,</strong></span> <span class='ocrx_word' id='word_1_262' title='bbox 1418 3683 1475 3728; x_wconf 92' lang='lat' dir='ltr'><strong>ut</strong></span> <span class='ocrx_word' id='word_1_263' title='bbox 1505 3689 1621 3726; x_wconf 89' lang='lat' dir='ltr'><strong>eam</strong></span> <span class='ocrx_word' id='word_1_264' title='bbox 1646 3690 1710 3728; x_wconf 68' lang='lat' dir='ltr'><strong>es</strong></span> <span class='ocrx_word' id='word_1_265' title='bbox 1735 3681 1849 3726; x_wconf 91' lang='lat' dir='ltr'><strong>toto</strong></span> <span class='ocrx_word' id='word_1_266' title='bbox 1870 3688 2070 3743; x_wconf 83' lang='lat' dir='ltr'><strong>genere</strong></span> 
     </span>
    </p>
   </div>
   <div class='ocr_carea' id='block_1_39' title="bbox 468 3745 2068 3817">
    <p class='ocr_par' dir='ltr' id='par_1_39' title="bbox 468 3745 2068 3817">
     <span class='ocr_line' id='line_1_39' title="bbox 468 3745 2068 3817; baseline -0.003 -16"><span class='ocrx_word' id='word_1_267' title='bbox 468 3749 596 3810; x_wconf 79' lang='grc' dir='ltr'><strong>¹τῶν</strong></span> <span class='ocrx_word' id='word_1_268' title='bbox 656 3748 982 3817; x_wconf 80' lang='grc' dir='ltr'>πνευμάτων</span> <span class='ocrx_word' id='word_1_269' title='bbox 1033 3749 1270 3814; x_wconf 89' lang='lat' dir='ltr'><strong>speciem</strong></span> <span class='ocrx_word' id='word_1_270' title='bbox 1321 3745 1655 3813; x_wconf 82' lang='lat' dir='ltr'><strong>deligerent,</strong></span> <span class='ocrx_word' id='word_1_271' title='bbox 1708 3759 1814 3813; x_wconf 90' lang='lat' dir='ltr'><strong>qua</strong></span> <span class='ocrx_word' id='word_1_272' title='bbox 1875 3749 2068 3814; x_wconf 83' lang='lat' dir='ltr'><strong>negata</strong></span> 
     </span>
    </p>
   </div>
   <div class='ocr_carea' id='block_1_40' title="bbox 489 3817 1878 3885">
    <p class='ocr_par' dir='ltr' id='par_1_40' title="bbox 489 3817 1878 3885">
     <span class='ocr_line' id='line_1_40' title="bbox 489 3817 1878 3885; baseline -0.006 -13"><span class='ocrx_word' id='word_1_273' title='bbox 489 3819 670 3881; x_wconf 84' lang='lat' dir='ltr'><strong>majus</strong></span> <span class='ocrx_word' id='word_1_274' title='bbox 699 3819 772 3870; x_wconf 87' lang='lat' dir='ltr'><strong>illi</strong></span> <span class='ocrx_word' id='word_1_275' title='bbox 812 3819 915 3871; x_wconf 87' lang='lat' dir='ltr'><strong>sibi</strong></span> <span class='ocrx_word' id='word_1_276' title='bbox 947 3817 1244 3885; x_wconf 72' lang='lat' dir='ltr'><strong>impietatis</strong></span> <span class='ocrx_word' id='word_1_277' title='bbox 1274 3817 1483 3869; x_wconf 82' lang='lat' dir='ltr'><strong>crimen</strong></span> <span class='ocrx_word' id='word_1_278' title='bbox 1521 3822 1878 3868; x_wconf 86' lang='lat' dir='ltr'><strong>accesserent.</strong></span> 
     </span>
    </p>
   </div>
   <div class='ocr_carea' id='block_1_41' title="bbox 563 3881 2068 3957">
    <p class='ocr_par' dir='ltr' id='par_1_41' title="bbox 563 3881 2068 3957">
     <span class='ocr_line' id='line_1_41' title="bbox 563 3881 2068 3957; baseline -0.005 -14"><span class='ocrx_word' id='word_1_279' title='bbox 563 3890 673 3957; x_wconf 76' lang='grc'><strong>(95)</strong></span> <span class='ocrx_word' id='word_1_280' title='bbox 721 3888 798 3942; x_wconf 82' lang='grc' dir='ltr'><strong>Τὰ</strong></span> <span class='ocrx_word' id='word_1_281' title='bbox 847 3881 1045 3941; x_wconf 81' lang='grc' dir='ltr'><strong>πάντὰ</strong></span> <span class='ocrx_word' id='word_1_282' title='bbox 1097 3885 1165 3939; x_wconf 83' lang='grc' dir='ltr'>δὲ</span> <span class='ocrx_word' id='word_1_283' title='bbox 1222 3886 1330 3938; x_wconf 74' lang='grc' dir='ltr'>ἴσα</span> <span class='ocrx_word' id='word_1_284' title='bbox 1389 3886 1774 3957; x_wconf 72' lang='grc' dir='ltr'>Σαμαρείταις</span> <span class='ocrx_word' id='word_1_285' title='bbox 1837 3881 2068 3954; x_wconf 72' lang='grc' dir='ltr'><strong>φυλάτ-</strong></span> 
     </span>
    </p>
   </div>
   <div class='ocr_carea' id='block_1_42' title="bbox 488 3955 2068 4022">
    <p class='ocr_par' dir='ltr' id='par_1_42' title="bbox 488 3955 2068 4022">
     <span class='ocr_line' id='line_1_42' title="bbox 488 3955 2068 4022; baseline -0.003 -11"><span class='ocrx_word' id='word_1_286' title='bbox 488 3955 684 4012; x_wconf 67' lang='grc' dir='ltr'>τοιοσι.</span> <span class='ocrx_word' id='word_1_287' title='bbox 745 3957 992 4012; x_wconf 82' lang='lat' dir='ltr'><strong>Etiamne</strong></span> <span class='ocrx_word' id='word_1_288' title='bbox 1058 3972 1246 4010; x_wconf 88' lang='lat' dir='ltr'><strong>sacros</strong></span> <span class='ocrx_word' id='word_1_289' title='bbox 1326 3971 1517 4008; x_wconf 82' lang='lat' dir='ltr'><strong>onmes</strong></span> <span class='ocrx_word' id='word_1_290' title='bbox 1593 3955 1802 4015; x_wconf 87' lang='lat' dir='ltr'><strong>libros,</strong></span> <span class='ocrx_word' id='word_1_291' title='bbox 1872 3963 2068 4022; x_wconf 66' lang='lat' dir='ltr'><strong>praeter</strong></span> 
     </span>
    </p>
   </div>
   <div class='ocr_carea' id='block_1_43' title="bbox 492 4025 2071 4094">
    <p class='ocr_par' dir='ltr' id='par_1_43' title="bbox 492 4025 2071 4094">
     <span class='ocr_line' id='line_1_43' title="bbox 492 4025 2071 4094; baseline -0.003 -13"><span class='ocrx_word' id='word_1_292' title='bbox 492 4027 920 4082; x_wconf 75' lang='lat' dir='ltr'><strong>Pentateuchum</strong></span> <span class='ocrx_word' id='word_1_293' title='bbox 952 4027 1352 4094; x_wconf 76' lang='lat' dir='ltr'><strong>repudiarunt?</strong></span> <span class='ocrx_word' id='word_1_294' title='bbox 1393 4025 1676 4078; x_wconf 80' lang='lat' dir='ltr'><strong>Allirmant</strong></span> <span class='ocrx_word' id='word_1_295' title='bbox 1711 4034 1923 4079; x_wconf 78' lang='lat' dir='ltr'><strong>veteres</strong></span> <span class='ocrx_word' id='word_1_296' title='bbox 1954 4041 2071 4077; x_wconf 91' lang='lat' dir='ltr'><strong>om-</strong></span> 
     </span>
    </p>
   </div>
   <div class='ocr_carea' id='block_1_44' title="bbox 490 4094 2071 4168">
    <p class='ocr_par' dir='ltr' id='par_1_44' title="bbox 490 4094 2071 4168">
     <span class='ocr_line' id='line_1_44' title="bbox 490 4094 2071 4168; baseline -0.003 -16"><span class='ocrx_word' id='word_1_297' title='bbox 490 4115 591 4153; x_wconf 90' lang='lat' dir='ltr'><strong>nes</strong></span> <span class='ocrx_word' id='word_1_298' title='bbox 635 4102 931 4168; x_wconf 73' lang='lat' dir='ltr'><strong>przesertim</strong></span> <span class='ocrx_word' id='word_1_299' title='bbox 980 4097 1276 4168; x_wconf 80' lang='lat' dir='ltr'><strong>Origenes,</strong></span> <span class='ocrx_word' id='word_1_300' title='bbox 1338 4095 1746 4168; x_wconf 10' lang='lat' dir='ltr'><strong>Tertiirllrianus,</strong></span> <span class='ocrx_word' id='word_1_301' title='bbox 1799 4094 2071 4168; x_wconf 73' lang='lat' dir='ltr'><strong>Hierony-</strong></span> 
     </span>
    </p>
   </div>
   <div class='ocr_carea' id='block_1_45' title="bbox 492 4165 2068 4238">
    <p class='ocr_par' dir='ltr' id='par_1_45' title="bbox 492 4165 2068 4238">
     <span class='ocr_line' id='line_1_45' title="bbox 492 4165 2068 4238; baseline -0.002 -16"><span class='ocrx_word' id='word_1_302' title='bbox 492 4165 655 4235; x_wconf 66' lang='lat' dir='ltr'><strong>mus,</strong></span> <span class='ocrx_word' id='word_1_303' title='bbox 734 4169 909 4232; x_wconf 78' lang='lat' dir='ltr'><strong>Beda;</strong></span> <span class='ocrx_word' id='word_1_304' title='bbox 977 4165 1121 4222; x_wconf 77' lang='lat' dir='ltr'><strong>Elias</strong></span> <span class='ocrx_word' id='word_1_305' title='bbox 1186 4165 1770 4238; x_wconf 15' lang='lat' dir='ltr'><strong>quoquerThisbites,</strong></span> <span class='ocrx_word' id='word_1_306' title='bbox 1809 4165 2068 4238; x_wconf 82' lang='lat' dir='ltr'><strong>_ali_i_que,</strong></span> 
     </span>
    </p>
   </div>
   <div class='ocr_carea' id='block_1_46' title="bbox 491 4233 2067 4307">
    <p class='ocr_par' dir='ltr' id='par_1_46' title="bbox 491 4233 2067 4307">
     <span class='ocr_line' id='line_1_46' title="bbox 491 4233 2067 4307; baseline -0.003 -17"><span class='ocrx_word' id='word_1_307' title='bbox 491 4233 650 4307; x_wconf 42' lang='lat' dir='ltr'><strong>quios&#39;</strong></span> <span class='ocrx_word' id='word_1_308' title='bbox 676 4239 960 4293; x_wconf 87' lang='lat' dir='ltr'><strong>Serrarius</strong></span> <span class='ocrx_word' id='word_1_309' title='bbox 991 4248 1160 4292; x_wconf 91' lang='lat' dir='ltr'><strong>testes</strong></span> <span class='ocrx_word' id='word_1_310' title='bbox 1189 4233 1345 4291; x_wconf 79' lang='lat' dir='ltr'><strong>citat.</strong></span> <span class='ocrx_word' id='word_1_311' title='bbox 1388 4237 1556 4305; x_wconf 82' lang='lat' dir='ltr'><strong>Negat</strong></span> <span class='ocrx_word' id='word_1_312' title='bbox 1593 4245 1784 4307; x_wconf 89' lang='lat' dir='ltr'><strong>autem</strong></span> <span class='ocrx_word' id='word_1_313' title='bbox 1805 4233 2067 4307; x_wconf 71' lang='lat' dir='ltr'><strong>Scaliger,</strong></span> 
     </span>
    </p>
   </div>
   <div class='ocr_carea' id='block_1_47' title="bbox 491 4303 2068 4376">
    <p class='ocr_par' dir='ltr' id='par_1_47' title="bbox 491 4303 2068 4376">
     <span class='ocr_line' id='line_1_47' title="bbox 491 4303 2068 4376; baseline -0.004 -13"><span class='ocrx_word' id='word_1_314' title='bbox 491 4303 546 4363; x_wconf 78' lang='lat' dir='ltr'><strong>et</strong></span> <span class='ocrx_word' id='word_1_315' title='bbox 586 4311 926 4363; x_wconf 89' lang='lat' dir='ltr'><strong>contrarimn</strong></span> <span class='ocrx_word' id='word_1_316' title='bbox 956 4324 1271 4362; x_wconf 87' lang='lat' dir='ltr'><strong>asseverare</strong></span> <span class='ocrx_word' id='word_1_317' title='bbox 1301 4303 1597 4376; x_wconf 83' lang='lat' dir='ltr'><strong>Josephum</strong></span> <span class='ocrx_word' id='word_1_318' title='bbox 1631 4306 1927 4360; x_wconf 80' lang='lat' dir='ltr'><strong>existimat.</strong></span> <span class='ocrx_word' id='word_1_319' title='bbox 1963 4303 2068 4358; x_wconf 89' lang='lat' dir='ltr'><strong>Sed</strong></span> 
     </span>
    </p>
   </div>
   <div class='ocr_carea' id='block_1_48' title="bbox 493 4376 2072 4447">
    <p class='ocr_par' dir='ltr' id='par_1_48' title="bbox 493 4376 2072 4447">
     <span class='ocr_line' id='line_1_48' title="bbox 493 4376 2072 4447; baseline -0.001 -16"><span class='ocrx_word' id='word_1_320' title='bbox 493 4390 704 4433; x_wconf 88' lang='lat' dir='ltr'><strong>tantum</strong></span> <span class='ocrx_word' id='word_1_321' title='bbox 754 4381 942 4440; x_wconf 86' lang='lat' dir='ltr'><strong>abest,</strong></span> <span class='ocrx_word' id='word_1_322' title='bbox 983 4387 1044 4432; x_wconf 90' lang='lat' dir='ltr'><strong>ut</strong></span> <span class='ocrx_word' id='word_1_323' title='bbox 1094 4387 1286 4432; x_wconf 89' lang='lat' dir='ltr'><strong>contra</strong></span> <span class='ocrx_word' id='word_1_324' title='bbox 1333 4377 1605 4447; x_wconf 86' lang='lat' dir='ltr'><strong>Josephus</strong></span> <span class='ocrx_word' id='word_1_325' title='bbox 1644 4376 1863 4439; x_wconf 82' lang='lat' dir='ltr'><strong>sentiat,</strong></span> <span class='ocrx_word' id='word_1_326' title='bbox 1908 4384 1968 4428; x_wconf 89' lang='lat' dir='ltr'><strong>ut</strong></span> <span class='ocrx_word' id='word_1_327' title='bbox 2026 4376 2072 4430; x_wconf 88' lang='lat' dir='ltr'><strong>is</strong></span> 
     </span>
    </p>
   </div>
   <div class='ocr_carea' id='block_1_49' title="bbox 493 4447 2068 4516">
    <p class='ocr_par' dir='ltr' id='par_1_49' title="bbox 493 4447 2068 4516">
     <span class='ocr_line' id='line_1_49' title="bbox 493 4447 2068 4516; baseline -0.003 -13"><span class='ocrx_word' id='word_1_328' title='bbox 493 4465 838 4503; x_wconf 89' lang='lat' dir='ltr'><strong>communem</strong></span> <span class='ocrx_word' id='word_1_329' title='bbox 871 4451 1017 4503; x_wconf 87' lang='lat' dir='ltr'><strong>illam</strong></span> <span class='ocrx_word' id='word_1_330' title='bbox 1053 4449 1146 4502; x_wconf 86' lang='lat' dir='ltr'><strong>lib.</strong></span> <span class='ocrx_word' id='word_1_331' title='bbox 1175 4464 1273 4502; x_wconf 77' lang='lat' dir='ltr'><strong>xui</strong></span> <span class='ocrx_word' id='word_1_332' title='bbox 1312 4447 1484 4516; x_wconf 81' lang='lat' dir='ltr'><strong>0rig.,</strong></span> <span class='ocrx_word' id='word_1_333' title='bbox 1506 4462 1625 4515; x_wconf 86' lang='lat' dir='ltr'><strong>cap.</strong></span> <span class='ocrx_word' id='word_1_334' title='bbox 1654 4448 1718 4501; x_wconf 72' lang='lat'><strong>18</strong></span> <span class='ocrx_word' id='word_1_335' title='bbox 1746 4447 2068 4499; x_wconf 89' lang='lat' dir='ltr'><strong>sententiam</strong></span> 
     </span>
    </p>
   </div>
   <div class='ocr_carea' id='block_1_50' title="bbox 493 4516 2070 4574">
    <p class='ocr_par' dir='ltr' id='par_1_50' title="bbox 493 4516 2070 4574">
     <span class='ocr_line' id='line_1_50' title="bbox 493 4516 2070 4574; baseline -0.004 0"><span class='ocrx_word' id='word_1_336' title='bbox 493 4520 747 4574; x_wconf 79' lang='lat' dir='ltr'><strong>vitlt-atur</strong></span> <span class='ocrx_word' id='word_1_337' title='bbox 794 4531 1061 4574; x_wconf 81' lang='lat' dir='ltr'><strong>astruere.</strong></span> <span class='ocrx_word' id='word_1_338' title='bbox 1121 4519 1286 4572; x_wconf 84' lang='lat' dir='ltr'><strong>Docet</strong></span> <span class='ocrx_word' id='word_1_339' title='bbox 1343 4521 1488 4571; x_wconf 85' lang='lat' dir='ltr'><strong>enim</strong></span> <span class='ocrx_word' id='word_1_340' title='bbox 1541 4516 1844 4571; x_wconf 70' lang='lat' dir='ltr'><strong>Pharisazos</strong></span> <span class='ocrx_word' id='word_1_341' title='bbox 1899 4517 2070 4568; x_wconf 90' lang='lat' dir='ltr'><strong>multa</strong></span> 
     </span>
    </p>
   </div>
   <div class='ocr_carea' id='block_1_51' title="bbox 495 4588 2071 4660">
    <p class='ocr_par' dir='ltr' id='par_1_51' title="bbox 495 4588 2071 4660">
     <span class='ocr_line' id='line_1_51' title="bbox 495 4588 2071 4660; baseline 0 -23"><span class='ocrx_word' id='word_1_342' title='bbox 495 4592 694 4659; x_wconf 75' lang='lat' dir='ltr'><strong>populo</strong></span> <span class='ocrx_word' id='word_1_343' title='bbox 724 4590 1014 4645; x_wconf 87' lang='lat' dir='ltr'><strong>tradidisse</strong></span> <span class='ocrx_word' id='word_1_344' title='bbox 1039 4608 1050 4643; x_wconf 93' lang='lat'>:</span> <span class='ocrx_word' id='word_1_345' title='bbox 1089 4589 1395 4660; x_wconf 72' lang='grc' dir='ltr'>’Ἀπεροίηι</span> <span class='ocrx_word' id='word_1_346' title='bbox 1412 4588 1944 4660; x_wconf 26' lang='grc' dir='ltr'>ἀναγέγραπται-ὲν-</span> <span class='ocrx_word' id='word_1_347' title='bbox 1957 4588 2071 4660; x_wconf 66' lang='grc' dir='ltr'>τοῖς</span> 
     </span>
    </p>
   </div>
   <div class='ocr_carea' id='block_1_52' title="bbox 494 4655 2069 4730">
    <p class='ocr_par' dir='ltr' id='par_1_52' title="bbox 494 4655 2069 4730">
     <span class='ocr_line' id='line_1_52' title="bbox 494 4655 2069 4730; baseline -0.005 -16"><span class='ocrx_word' id='word_1_348' title='bbox 494 4655 772 4724; x_wconf 79' lang='grc' dir='ltr'>Μωῦσέως</span> <span class='ocrx_word' id='word_1_349' title='bbox 815 4661 1030 4730; x_wconf 61' lang='grc' dir='ltr'>νόμοιςξ</span> <span class='ocrx_word' id='word_1_350' title='bbox 1068 4662 1164 4712; x_wconf 77' lang='grc' dir='ltr'>καὶ</span> <span class='ocrx_word' id='word_1_351' title='bbox 1210 4655 1299 4730; x_wconf 68' lang='grc' dir='ltr'><strong>διὰ</strong></span> <span class='ocrx_word' id='word_1_352' title='bbox 1342 4659 1501 4712; x_wconf 74' lang='grc' dir='ltr'>τοῦτο</span> <span class='ocrx_word' id='word_1_353' title='bbox 1532 4655 1706 4730; x_wconf 72' lang='grc' dir='ltr'>ταῦτα</span> <span class='ocrx_word' id='word_1_354' title='bbox 1739 4657 1799 4709; x_wconf 79' lang='grc' dir='ltr'>τὸ</span> <span class='ocrx_word' id='word_1_355' title='bbox 1833 4655 2069 4730; x_wconf 77' lang='grc' dir='ltr'>Σαδδου-</span> 
     </span>
    </p>
   </div>
   <div class='ocr_carea' id='block_1_53' title="bbox 494 4726 2069 4799">
    <p class='ocr_par' dir='ltr' id='par_1_53' title="bbox 494 4726 2069 4799">
     <span class='ocr_line' id='line_1_53' title="bbox 494 4726 2069 4799; baseline -0.003 -17"><span class='ocrx_word' id='word_1_356' title='bbox 494 4731 666 4784; x_wconf 86' lang='grc' dir='ltr'>καίων</span> <span class='ocrx_word' id='word_1_357' title='bbox 707 4726 1190 4799; x_wconf 59' lang='grc' dir='ltr'>γένοςέκὸάλλει.</span> <span class='ocrx_word' id='word_1_358' title='bbox 1218 4729 1393 4798; x_wconf 77' lang='grc' dir='ltr'>λέγων</span> <span class='ocrx_word' id='word_1_359' title='bbox 1432 4731 1617 4782; x_wconf 75' lang='grc' dir='ltr'>ἐκεῖνα</span> <span class='ocrx_word' id='word_1_360' title='bbox 1661 4728 1778 4799; x_wconf 69' lang='grc' dir='ltr'>δεῖν</span> <span class='ocrx_word' id='word_1_361' title='bbox 1820 4726 2069 4799; x_wconf 73' lang='grc' dir='ltr'>ἡγεῖσθαι</span> 
     </span>
    </p>
   </div>
   <div class='ocr_carea' id='block_1_54' title="bbox 494 4795 2070 4872">
    <p class='ocr_par' dir='ltr' id='par_1_54' title="bbox 494 4795 2070 4872">
     <span class='ocr_line' id='line_1_54' title="bbox 494 4795 2070 4872; baseline -0.004 -18"><span class='ocrx_word' id='word_1_362' title='bbox 494 4801 701 4871; x_wconf 85' lang='grc' dir='ltr'>νόμιμα</span> <span class='ocrx_word' id='word_1_363' title='bbox 721 4795 801 4854; x_wconf 67' lang='grc' dir='ltr'><strong>’τὰ</strong></span> <span class='ocrx_word' id='word_1_364' title='bbox 823 4801 1231 4872; x_wconf 35' lang='grc' dir='ltr'>γεγραμμένα,</span> <span class='ocrx_word' id='word_1_365' title='bbox 1253 4795 1318 4852; x_wconf 73' lang='grc' dir='ltr'>τὰ</span> <span class='ocrx_word' id='word_1_366' title='bbox 1361 4800 1416 4852; x_wconf 83' lang='grc' dir='ltr'><strong>δὲ</strong></span> <span class='ocrx_word' id='word_1_367' title='bbox 1455 4801 1532 4872; x_wconf 13' lang='grc' dir='ltr'><strong>Ῠὲκ</strong></span> <span class='ocrx_word' id='word_1_368' title='bbox 1575 4795 1940 4872; x_wconf 54' lang='grc' dir='ltr'>παραδόσεως-</span> <span class='ocrx_word' id='word_1_369' title='bbox 1961 4795 2070 4848; x_wconf 80' lang='grc' dir='ltr'>τῶν</span> 
     </span>
    </p>
   </div>
   <div class='ocr_carea' id='block_1_55' title="bbox 495 4865 2068 4942">
    <p class='ocr_par' dir='ltr' id='par_1_55' title="bbox 495 4865 2068 4942">
     <span class='ocr_line' id='line_1_55' title="bbox 495 4865 2068 4942; baseline -0.002 -20"><span class='ocrx_word' id='word_1_370' title='bbox 495 4865 748 4942; x_wconf 77' lang='grc' dir='ltr'>πατέρων</span> <span class='ocrx_word' id='word_1_371' title='bbox 776 4865 852 4942; x_wconf 75' lang='grc' dir='ltr'>μῆ</span> <span class='ocrx_word' id='word_1_372' title='bbox 887 4865 1092 4942; x_wconf 68' lang='grc' dir='ltr'>τὴρέῖν.</span> <span class='ocrx_word' id='word_1_373' title='bbox 1129 4868 1410 4942; x_wconf 75' lang='lat' dir='ltr'><strong>Sadduczei</strong></span> <span class='ocrx_word' id='word_1_374' title='bbox 1453 4871 1618 4942; x_wconf 82' lang='lat' dir='ltr'><strong>igitur</strong></span> <span class='ocrx_word' id='word_1_375' title='bbox 1655 4865 1876 4942; x_wconf 61' lang='lat' dir='ltr'><strong>auctore</strong></span> <span class='ocrx_word' id='word_1_376' title='bbox 1913 4865 2068 4942; x_wconf 54' lang='lat' dir='ltr'><strong>dese-</strong></span> 
     </span>
    </p>
   </div>
   <div class='ocr_carea' id='block_1_56' title="bbox 499 4937 2067 5010">
    <p class='ocr_par' dir='ltr' id='par_1_56' title="bbox 499 4937 2067 5010">
     <span class='ocr_line' id='line_1_56' title="bbox 499 4937 2067 5010; baseline -0.003 -17"><span class='ocrx_word' id='word_1_377' title='bbox 499 4943 605 5010; x_wconf 85' lang='lat' dir='ltr'><strong>pho</strong></span> <span class='ocrx_word' id='word_1_378' title='bbox 629 4937 743 4996; x_wconf 80' lang='lat' dir='ltr'><strong>sola</strong></span> <span class='ocrx_word' id='word_1_379' title='bbox 776 4937 887 4996; x_wconf 62' lang='lat' dir='ltr'><strong>haec</strong></span> <span class='ocrx_word' id='word_1_380' title='bbox 923 4937 1266 5002; x_wconf 78' lang='lat' dir='ltr'><strong>asciscenda,</strong></span> <span class='ocrx_word' id='word_1_381' title='bbox 1301 4937 1746 5010; x_wconf 68' lang='lat' dir='ltr'><strong>oliservantlaque</strong></span> <span class='ocrx_word' id='word_1_382' title='bbox 1795 4937 2067 5010; x_wconf 75' lang='lat' dir='ltr'><strong>dicebant,</strong></span> 
     </span>
    </p>
   </div>
   <div class='ocr_carea' id='block_1_57' title="bbox 497 5005 2068 5082">
    <p class='ocr_par' dir='ltr' id='par_1_57' title="bbox 497 5005 2068 5082">
     <span class='ocr_line' id='line_1_57' title="bbox 497 5005 2068 5082; baseline -0.002 -19"><span class='ocrx_word' id='word_1_383' title='bbox 497 5005 618 5079; x_wconf 69' lang='lat' dir='ltr'><strong>quae</strong></span> <span class='ocrx_word' id='word_1_384' title='bbox 648 5021 834 5066; x_wconf 85' lang='lat' dir='ltr'><strong>essent</strong></span> <span class='ocrx_word' id='word_1_385' title='bbox 868 5011 1090 5082; x_wconf 85' lang='lat' dir='ltr'><strong>scripta,</strong></span> <span class='ocrx_word' id='word_1_386' title='bbox 1122 5013 1179 5082; x_wconf 67' lang='grc' dir='ltr'><strong>ὲν</strong></span> <span class='ocrx_word' id='word_1_387' title='bbox 1207 5013 1320 5074; x_wconf 85' lang='grc' dir='ltr'>τοῖς</span> <span class='ocrx_word' id='word_1_388' title='bbox 1355 5010 1635 5072; x_wconf 76' lang='grc' dir='ltr'>Μωῦσέως</span> <span class='ocrx_word' id='word_1_389' title='bbox 1663 5005 1870 5082; x_wconf 68' lang='grc' dir='ltr'>νόμοις.</span> <span class='ocrx_word' id='word_1_390' title='bbox 1898 5005 2068 5082; x_wconf 66' lang='lat' dir='ltr'><strong>Quod</strong></span> 
     </span>
    </p>
   </div>
   <div class='ocr_carea' id='block_1_58' title="bbox 495 5076 2070 5148">
    <p class='ocr_par' dir='ltr' id='par_1_58' title="bbox 495 5076 2070 5148">
     <span class='ocr_line' id='line_1_58' title="bbox 495 5076 2070 5148; baseline -0.004 -12"><span class='ocrx_word' id='word_1_391' title='bbox 495 5076 551 5136; x_wconf 81' lang='lat' dir='ltr'><strong>et</strong></span> <span class='ocrx_word' id='word_1_392' title='bbox 580 5083 671 5134; x_wconf 91' lang='lat' dir='ltr'><strong>lih.</strong></span> <span class='ocrx_word' id='word_1_393' title='bbox 706 5099 857 5142; x_wconf 85' lang='lat' dir='ltr'><strong>xvm,</strong></span> <span class='ocrx_word' id='word_1_394' title='bbox 889 5076 1011 5148; x_wconf 75' lang='lat' dir='ltr'><strong>cap.</strong></span> <span class='ocrx_word' id='word_1_395' title='bbox 1037 5081 1092 5144; x_wconf 74' lang='grc'>2,</span> <span class='ocrx_word' id='word_1_396' title='bbox 1133 5081 1220 5134; x_wconf 86' lang='lat' dir='ltr'><strong>his</strong></span> <span class='ocrx_word' id='word_1_397' title='bbox 1257 5082 1440 5134; x_wconf 79' lang='lat' dir='ltr'><strong>verbis</strong></span> <span class='ocrx_word' id='word_1_398' title='bbox 1468 5076 1773 5148; x_wconf 77' lang='lat' dir='ltr'><strong>expressit:</strong></span> <span class='ocrx_word' id='word_1_399' title='bbox 1819 5076 2070 5148; x_wconf 81' lang='grc' dir='ltr'>Φυλακῆς</span> 
     </span>
    </p>
   </div>
   <div class='ocr_carea' id='block_1_59' title="bbox 496 5148 2070 5222">
    <p class='ocr_par' dir='ltr' id='par_1_59' title="bbox 496 5148 2070 5222">
     <span class='ocr_line' id='line_1_59' title="bbox 496 5148 2070 5222; baseline -0.003 -18"><span class='ocrx_word' id='word_1_400' title='bbox 496 5151 552 5204; x_wconf 82' lang='grc' dir='ltr'>δὲ</span> <span class='ocrx_word' id='word_1_401' title='bbox 589 5153 839 5221; x_wconf 74' lang='grc' dir='ltr'>οὐδαμῶν</span> <span class='ocrx_word' id='word_1_402' title='bbox 889 5169 1048 5222; x_wconf 86' lang='grc' dir='ltr'>τινων</span> <span class='ocrx_word' id='word_1_403' title='bbox 1101 5152 1717 5222; x_wconf 13' lang='grc' dir='ltr'>μεταποίησιςίαύτοῖς,</span> <span class='ocrx_word' id='word_1_404' title='bbox 1758 5149 1791 5219; x_wconf 89' lang='grc' dir='ltr'>ἢ</span> <span class='ocrx_word' id='word_1_405' title='bbox 1831 5148 1949 5222; x_wconf 27' lang='grc' dir='ltr'>τῶν,</span> <span class='ocrx_word' id='word_1_406' title='bbox 1981 5148 2070 5222; x_wconf 36' lang='grc' dir='ltr'><strong>νύ,-</strong></span> 
     </span>
    </p>
   </div>
   <div class='ocr_carea' id='block_1_60' title="bbox 501 5217 2072 5290">
    <p class='ocr_par' dir='ltr' id='par_1_60' title="bbox 501 5217 2072 5290">
     <span class='ocr_line' id='line_1_60' title="bbox 501 5217 2072 5290; baseline -0.002 -17"><span class='ocrx_word' id='word_1_407' title='bbox 501 5239 640 5290; x_wconf 85' lang='grc' dir='ltr'>μων.</span> <span class='ocrx_word' id='word_1_408' title='bbox 677 5217 819 5275; x_wconf 77' lang='lat' dir='ltr'><strong>Saue</strong></span> <span class='ocrx_word' id='word_1_409' title='bbox 860 5231 954 5274; x_wconf 90' lang='lat' dir='ltr'><strong>aut</strong></span> <span class='ocrx_word' id='word_1_410' title='bbox 982 5217 1539 5287; x_wconf 52' lang='lat' dir='ltr'><strong>haee&#39;Josephi&#39;verba</strong></span> <span class='ocrx_word' id='word_1_411' title='bbox 1581 5217 1910 5273; x_wconf 67' lang='lat' dir='ltr'><strong>Sadtlucaaos</strong></span> <span class='ocrx_word' id='word_1_412' title='bbox 1939 5217 2072 5271; x_wconf 83' lang='lat' dir='ltr'><strong>indi-</strong></span> 
     </span>
    </p>
   </div>
   <div class='ocr_carea' id='block_1_61' title="bbox 501 5290 2072 5360">
    <p class='ocr_par' dir='ltr' id='par_1_61' title="bbox 501 5290 2072 5360">
     <span class='ocr_line' id='line_1_61' title="bbox 501 5290 2072 5360; baseline -0.003 -16"><span class='ocrx_word' id='word_1_413' title='bbox 501 5302 628 5344; x_wconf 88' lang='lat' dir='ltr'><strong>eaut</strong></span> <span class='ocrx_word' id='word_1_414' title='bbox 657 5294 834 5346; x_wconf 85' lang='lat' dir='ltr'><strong>nullos</strong></span> <span class='ocrx_word' id='word_1_415' title='bbox 869 5292 1006 5345; x_wconf 84' lang='lat' dir='ltr'><strong>alios</strong></span> <span class='ocrx_word' id='word_1_416' title='bbox 1032 5307 1194 5360; x_wconf 92' lang='lat' dir='ltr'><strong>quam</strong></span> <span class='ocrx_word' id='word_1_417' title='bbox 1218 5291 1385 5346; x_wconf 86' lang='lat' dir='ltr'><strong>Mosis</strong></span> <span class='ocrx_word' id='word_1_418' title='bbox 1423 5292 1590 5345; x_wconf 88' lang='lat' dir='ltr'><strong>libros</strong></span> <span class='ocrx_word' id='word_1_419' title='bbox 1624 5290 1940 5360; x_wconf 85' lang='lat' dir='ltr'><strong>admisisse;</strong></span> <span class='ocrx_word' id='word_1_420' title='bbox 1978 5298 2072 5342; x_wconf 89' lang='lat' dir='ltr'><strong>aut</strong></span> 
     </span>
    </p>
   </div>
   <div class='ocr_carea' id='block_1_62' title="bbox 501 5359 2073 5430">
    <p class='ocr_par' dir='ltr' id='par_1_62' title="bbox 501 5359 2073 5430">
     <span class='ocr_line' id='line_1_62' title="bbox 501 5359 2073 5430; baseline -0.004 -14"><span class='ocrx_word' id='word_1_421' title='bbox 501 5367 689 5416; x_wconf 84' lang='lat' dir='ltr'><strong>saltem</strong></span> <span class='ocrx_word' id='word_1_422' title='bbox 717 5379 824 5417; x_wconf 92' lang='lat' dir='ltr'><strong>non</strong></span> <span class='ocrx_word' id='word_1_423' title='bbox 855 5362 1006 5424; x_wconf 90' lang='lat' dir='ltr'><strong>illud,</strong></span> <span class='ocrx_word' id='word_1_424' title='bbox 1036 5359 1178 5430; x_wconf 90' lang='lat' dir='ltr'><strong>quod</strong></span> <span class='ocrx_word' id='word_1_425' title='bbox 1207 5378 1237 5415; x_wconf 90' lang='lat' dir='ltr'><strong>a</strong></span> <span class='ocrx_word' id='word_1_426' title='bbox 1273 5361 1550 5430; x_wconf 83' lang='lat' dir='ltr'><strong>Scaligero</strong></span> <span class='ocrx_word' id='word_1_427' title='bbox 1579 5370 1688 5415; x_wconf 89' lang='lat' dir='ltr'><strong>tam</strong></span> <span class='ocrx_word' id='word_1_428' title='bbox 1723 5359 2073 5430; x_wconf 79' lang='lat' dir='ltr'><strong>pertinaciter</strong></span> 
     </span>
    </p>
   </div>
   <div class='ocr_carea' id='block_1_63' title="bbox 501 5429 2073 5504">
    <p class='ocr_par' dir='ltr' id='par_1_63' title="bbox 501 5429 2073 5504">
     <span class='ocr_line' id='line_1_63' title="bbox 501 5429 2073 5504; baseline -0.002 -19"><span class='ocrx_word' id='word_1_429' title='bbox 501 5442 807 5504; x_wconf 80' lang='lat' dir='ltr'><strong>pugnatur,</strong></span> <span class='ocrx_word' id='word_1_430' title='bbox 856 5434 1127 5495; x_wconf 84' lang='lat' dir='ltr'><strong>clliciunt,</strong></span> <span class='ocrx_word' id='word_1_431' title='bbox 1163 5442 1230 5504; x_wconf 15' lang='lat' dir='ltr'><strong>Aut</strong></span> <span class='ocrx_word' id='word_1_432' title='bbox 1297 5429 1485 5486; x_wconf 83' lang='lat' dir='ltr'><strong>saeros</strong></span> <span class='ocrx_word' id='word_1_433' title='bbox 1531 5429 1735 5504; x_wconf 87' lang='lat' dir='ltr'><strong>omnes</strong></span> <span class='ocrx_word' id='word_1_434' title='bbox 1763 5429 2073 5504; x_wconf 67' lang='lat' dir='ltr'><strong>Scriptura:</strong></span> 
     </span>
    </p>
   </div>
   <div class='ocr_carea' id='block_1_64' title="bbox 502 5500 2074 5574">
    <p class='ocr_par' dir='ltr' id='par_1_64' title="bbox 502 5500 2074 5574">
     <span class='ocr_line' id='line_1_64' title="bbox 502 5500 2074 5574; baseline -0.002 -19"><span class='ocrx_word' id='word_1_435' title='bbox 502 5500 672 5556; x_wconf 76' lang='lat' dir='ltr'><strong>libros</strong></span> <span class='ocrx_word' id='word_1_436' title='bbox 702 5505 932 5572; x_wconf 80' lang='lat' dir='ltr'><strong>amplexi</strong></span> <span class='ocrx_word' id='word_1_437' title='bbox 969 5502 1217 5574; x_wconf 44' lang='lat' dir='ltr'><strong>sintqcag</strong></span> <span class='ocrx_word' id='word_1_438' title='bbox 1249 5504 1530 5574; x_wconf 72' lang='grc' dir='ltr'>ἀγράφους</span> <span class='ocrx_word' id='word_1_439' title='bbox 1549 5500 1903 5574; x_wconf 72' lang='grc' dir='ltr'>δευτερώσεις</span> <span class='ocrx_word' id='word_1_440' title='bbox 1935 5500 2074 5574; x_wconf 61' lang='grc' dir='ltr'>ιἐῙες</span> 
     </span>
    </p>
   </div>
   <div class='ocr_carea' id='block_1_65' title="bbox 501 5569 2073 5644">
    <p class='ocr_par' dir='ltr' id='par_1_65' title="bbox 501 5569 2073 5644">
     <span class='ocr_line' id='line_1_65' title="bbox 501 5569 2073 5644; baseline -0.003 -19"><span class='ocrx_word' id='word_1_441' title='bbox 501 5577 696 5626; x_wconf 81' lang='lat' dir='ltr'><strong>cerint.</strong></span> <span class='ocrx_word' id='word_1_442' title='bbox 728 5569 852 5644; x_wconf 69' lang='lat' dir='ltr'><strong>Agit</strong></span> <span class='ocrx_word' id='word_1_443' title='bbox 899 5575 1044 5627; x_wconf 85' lang='lat' dir='ltr'><strong>enim</strong></span> <span class='ocrx_word' id='word_1_444' title='bbox 1081 5573 1172 5625; x_wconf 80' lang='lat' dir='ltr'><strong>illo</strong></span> <span class='ocrx_word' id='word_1_445' title='bbox 1198 5569 1627 5642; x_wconf 44' lang='lat' dir='ltr'><strong>loco&#39;przecipue</strong></span> <span class='ocrx_word' id='word_1_446' title='bbox 1647 5569 2073 5644; x_wconf 54' lang='lat' dir='ltr'><strong>Just-.phttsaxpi</strong></span> 
     </span>
    </p>
   </div>
   <div class='ocr_carea' id='block_1_66' title="bbox 503 5641 2071 5713">
    <p class='ocr_par' dir='ltr' id='par_1_66' title="bbox 503 5641 2071 5713">
     <span class='ocr_line' id='line_1_66' title="bbox 503 5641 2071 5713; baseline -0.001 -19"><span class='ocrx_word' id='word_1_447' title='bbox 503 5641 822 5713; x_wconf 76' lang='grc' dir='ltr'>πρακτικῶν</span> <span class='ocrx_word' id='word_1_448' title='bbox 853 5644 1120 5713; x_wconf 68' lang='grc' dir='ltr'>νομίμων,</span> <span class='ocrx_word' id='word_1_449' title='bbox 1149 5644 1214 5697; x_wconf 90' lang='lat' dir='ltr'><strong>de</strong></span> <span class='ocrx_word' id='word_1_450' title='bbox 1241 5641 1436 5697; x_wconf 77' lang='lat' dir='ltr'><strong>ritilius</strong></span> <span class='ocrx_word' id='word_1_451' title='bbox 1469 5658 1532 5696; x_wconf 89' lang='lat' dir='ltr'><strong>ac</strong></span> <span class='ocrx_word' id='word_1_452' title='bbox 1559 5641 2071 5713; x_wconf 80' lang='lat' dir='ltr'><strong>consuetmlinihus,</strong></span> 
     </span>
    </p>
   </div>
   <div class='ocr_carea' id='block_1_67' title="bbox 504 5712 2069 5784">
    <p class='ocr_par' dir='ltr' id='par_1_67' title="bbox 504 5712 2069 5784">
     <span class='ocr_line' id='line_1_67' title="bbox 504 5712 2069 5784; baseline -0.004 -16"><span class='ocrx_word' id='word_1_453' title='bbox 504 5712 618 5768; x_wconf 84' lang='lat' dir='ltr'><strong>sive</strong></span> <span class='ocrx_word' id='word_1_454' title='bbox 646 5716 877 5784; x_wconf 78' lang='lat' dir='ltr'><strong>legibus,</strong></span> <span class='ocrx_word' id='word_1_455' title='bbox 904 5712 1399 5784; x_wconf 10' lang='lat' dir='ltr'><strong>quibusragendrnm</strong></span> <span class='ocrx_word' id='word_1_456' title='bbox 1426 5713 1628 5784; x_wconf 88' lang='lat' dir='ltr'><strong>aliquid</strong></span> <span class='ocrx_word' id='word_1_457' title='bbox 1664 5712 2069 5784; x_wconf 69' lang='lat' dir='ltr'><strong>praescribitur;</strong></span> 
     </span>
    </p>
   </div>
   <div class='ocr_carea' id='block_1_68' title="bbox 503 5783 2070 5850">
    <p class='ocr_par' dir='ltr' id='par_1_68' title="bbox 503 5783 2070 5850">
     <span class='ocr_line' id='line_1_68' title="bbox 503 5783 2070 5850; baseline -0.002 -15"><span class='ocrx_word' id='word_1_458' title='bbox 503 5799 624 5850; x_wconf 71' lang='lat' dir='ltr'><strong>qum</strong></span> <span class='ocrx_word' id='word_1_459' title='bbox 665 5783 718 5839; x_wconf 89' lang='lat' dir='ltr'><strong>in</strong></span> <span class='ocrx_word' id='word_1_460' title='bbox 763 5787 883 5838; x_wconf 90' lang='lat' dir='ltr'><strong>solo</strong></span> <span class='ocrx_word' id='word_1_461' title='bbox 924 5784 1038 5838; x_wconf 78' lang='lat' dir='ltr'><strong>fere</strong></span> <span class='ocrx_word' id='word_1_462' title='bbox 1079 5783 1243 5838; x_wconf 88' lang='lat' dir='ltr'><strong>Mosis</strong></span> <span class='ocrx_word' id='word_1_463' title='bbox 1291 5783 1660 5837; x_wconf 83' lang='lat' dir='ltr'><strong>Pentateueho</strong></span> <span class='ocrx_word' id='word_1_464' title='bbox 1701 5783 2070 5834; x_wconf 68' lang='lat' dir='ltr'><strong>continuentur.</strong></span> 
     </span>
    </p>
   </div>
   <div class='ocr_carea' id='block_1_69' title="bbox 505 5852 2074 5925">
    <p class='ocr_par' dir='ltr' id='par_1_69' title="bbox 505 5852 2074 5925">
     <span class='ocr_line' id='line_1_69' title="bbox 505 5852 2074 5925; baseline -0.001 -17"><span class='ocrx_word' id='word_1_465' title='bbox 505 5852 660 5910; x_wconf 73' lang='lat' dir='ltr'><strong>Unde</strong></span> <span class='ocrx_word' id='word_1_466' title='bbox 703 5871 827 5911; x_wconf 87' lang='lat' dir='ltr'><strong>cum</strong></span> <span class='ocrx_word' id='word_1_467' title='bbox 874 5855 1160 5910; x_wconf 65' lang='lat' dir='ltr'><strong>Sadducazi</strong></span> <span class='ocrx_word' id='word_1_468' title='bbox 1208 5856 1517 5925; x_wconf 78' lang='lat' dir='ltr'><strong>exciperent</strong></span> <span class='ocrx_word' id='word_1_469' title='bbox 1554 5869 1616 5908; x_wconf 87' lang='lat' dir='ltr'><strong>ea</strong></span> <span class='ocrx_word' id='word_1_470' title='bbox 1651 5853 1918 5908; x_wconf 80' lang='lat' dir='ltr'><strong>duntaxat</strong></span> <span class='ocrx_word' id='word_1_471' title='bbox 1954 5867 2074 5922; x_wconf 75' lang='lat' dir='ltr'><strong>qua:</strong></span> 
     </span>
    </p>
   </div>
   <div class='ocr_carea' id='block_1_70' title="bbox 2165 593 3741 673">
    <p class='ocr_par' dir='ltr' id='par_1_70' title="bbox 2165 593 3741 673">
     <span class='ocr_line' id='line_1_70' title="bbox 2165 593 3741 673; baseline -0.007 -15"><span class='ocrx_word' id='word_1_472' title='bbox 2165 613 2390 673; x_wconf 88' lang='lat' dir='ltr'><strong>teraque</strong></span> <span class='ocrx_word' id='word_1_473' title='bbox 2425 601 2610 657; x_wconf 89' lang='lat' dir='ltr'><strong>omnia</strong></span> <span class='ocrx_word' id='word_1_474' title='bbox 2639 615 2763 654; x_wconf 91' lang='lat' dir='ltr'><strong>cum</strong></span> <span class='ocrx_word' id='word_1_475' title='bbox 2797 597 3004 653; x_wconf 68' lang='lat' dir='ltr'><strong>Judaais</strong></span> <span class='ocrx_word' id='word_1_476' title='bbox 3036 597 3404 651; x_wconf 88' lang='lat' dir='ltr'><strong>communiter</strong></span> <span class='ocrx_word' id='word_1_477' title='bbox 3453 593 3741 665; x_wconf 79' lang='lat' dir='ltr'><strong>gerebant.</strong></span> 
     </span>
    </p>
   </div>
   <div class='ocr_carea' id='block_1_71' title="bbox 2164 685 3748 764">
    <p class='ocr_par' dir='ltr' id='par_1_71' title="bbox 2164 685 3748 764">
     <span class='ocr_line' id='line_1_71' title="bbox 2164 685 3748 764; baseline -0.009 -12"><span class='ocrx_word' id='word_1_478' title='bbox 2164 698 2340 764; x_wconf 88' lang='lat' dir='ltr'><strong>Atque</strong></span> <span class='ocrx_word' id='word_1_479' title='bbox 2374 694 2476 748; x_wconf 90' lang='lat' dir='ltr'><strong>hos</strong></span> <span class='ocrx_word' id='word_1_480' title='bbox 2497 693 2714 763; x_wconf 85' lang='lat' dir='ltr'><strong>quidem</strong></span> <span class='ocrx_word' id='word_1_481' title='bbox 2768 706 2878 744; x_wconf 90' lang='lat' dir='ltr'><strong>una</strong></span> <span class='ocrx_word' id='word_1_482' title='bbox 2932 689 3139 743; x_wconf 88' lang='lat' dir='ltr'><strong>Christi</strong></span> <span class='ocrx_word' id='word_1_483' title='bbox 3201 687 3420 742; x_wconf 91' lang='lat' dir='ltr'><strong>Domini</strong></span> <span class='ocrx_word' id='word_1_484' title='bbox 3472 685 3748 740; x_wconf 86' lang='lat' dir='ltr'><strong>sententia</strong></span> 
     </span>
    </p>
   </div>
   <div class='ocr_carea' id='block_1_72' title="bbox 2164 776 3745 854">
    <p class='ocr_par' dir='ltr' id='par_1_72' title="bbox 2164 776 3745 854">
     <span class='ocr_line' id='line_1_72' title="bbox 2164 776 3745 854; baseline -0.008 -15"><span class='ocrx_word' id='word_1_485' title='bbox 2164 786 2313 840; x_wconf 90' lang='lat' dir='ltr'><strong>omni</strong></span> <span class='ocrx_word' id='word_1_486' title='bbox 2341 784 2446 838; x_wconf 86' lang='lat' dir='ltr'><strong>lide.</strong></span> <span class='ocrx_word' id='word_1_487' title='bbox 2475 785 2640 854; x_wconf 85' lang='lat' dir='ltr'><strong>digna</strong></span> <span class='ocrx_word' id='word_1_488' title='bbox 2675 779 3011 852; x_wconf 84' lang='lat' dir='ltr'><strong>prosternet,</strong></span> <span class='ocrx_word' id='word_1_489' title='bbox 3065 793 3228 850; x_wconf 91' lang='lat' dir='ltr'><strong>quam</strong></span> <span class='ocrx_word' id='word_1_490' title='bbox 3260 779 3362 848; x_wconf 81' lang='lat' dir='ltr'><strong>ipsi</strong></span> <span class='ocrx_word' id='word_1_491' title='bbox 3396 793 3459 831; x_wconf 82' lang='lat' dir='ltr'><strong>ex</strong></span> <span class='ocrx_word' id='word_1_492' title='bbox 3496 776 3745 846; x_wconf 86' lang='lat' dir='ltr'><strong>proposi-</strong></span> 
     </span>
    </p>
   </div>
   <div class='ocr_carea' id='block_1_73' title="bbox 2165 873 3743 948">
    <p class='ocr_par' dir='ltr' id='par_1_73' title="bbox 2165 873 3743 948">
     <span class='ocr_line' id='line_1_73' title="bbox 2165 873 3743 948; baseline -0.009 -15"><span class='ocrx_word' id='word_1_493' title='bbox 2165 889 2231 933; x_wconf 71' lang='lat' dir='ltr'><strong>ta:</strong></span> <span class='ocrx_word' id='word_1_494' title='bbox 2259 878 2582 948; x_wconf 68' lang='lat' dir='ltr'><strong>quaastionis</strong></span> <span class='ocrx_word' id='word_1_495' title='bbox 2609 875 2975 930; x_wconf 86' lang='lat' dir='ltr'><strong>dissolutione</strong></span> <span class='ocrx_word' id='word_1_496' title='bbox 3004 875 3059 927; x_wconf 92' lang='lat' dir='ltr'><strong>in</strong></span> <span class='ocrx_word' id='word_1_497' title='bbox 3098 873 3310 940; x_wconf 88' lang='lat' dir='ltr'><strong>seipsos</strong></span> <span class='ocrx_word' id='word_1_498' title='bbox 3348 875 3743 938; x_wconf 88' lang='lat' dir='ltr'><strong>provocarunt,</strong></span> 
     </span>
    </p>
   </div>
   <div class='ocr_carea' id='block_1_74' title="bbox 2164 964 3753 1036">
    <p class='ocr_par' dir='ltr' id='par_1_74' title="bbox 2164 964 3753 1036">
     <span class='ocr_line' id='line_1_74' title="bbox 2164 964 3753 1036; baseline -0.008 -11"><span class='ocrx_word' id='word_1_499' title='bbox 2164 986 2292 1026; x_wconf 93' lang='lat' dir='ltr'><strong>cum</strong></span> <span class='ocrx_word' id='word_1_500' title='bbox 2325 970 2393 1023; x_wconf 90' lang='lat' dir='ltr'><strong>ad</strong></span> <span class='ocrx_word' id='word_1_501' title='bbox 2427 985 2554 1024; x_wconf 90' lang='lat' dir='ltr'><strong>eum</strong></span> <span class='ocrx_word' id='word_1_502' title='bbox 2607 968 2932 1022; x_wconf 87' lang='lat' dir='ltr'><strong>accedentes</strong></span> <span class='ocrx_word' id='word_1_503' title='bbox 2983 975 3270 1036; x_wconf 81' lang='lat' dir='ltr'><strong>rogarunt,</strong></span> <span class='ocrx_word' id='word_1_504' title='bbox 3340 964 3532 1017; x_wconf 82' lang='lat' dir='ltr'><strong>ﬁerine</strong></span> <span class='ocrx_word' id='word_1_505' title='bbox 3563 968 3753 1032; x_wconf 78' lang='lat' dir='ltr'><strong>posset</strong></span> 
     </span>
    </p>
   </div>
   <div class='ocr_carea' id='block_1_75' title="bbox 2165 1052 3746 1124">
    <p class='ocr_par' dir='ltr' id='par_1_75' title="bbox 2165 1052 3746 1124">
     <span class='ocr_line' id='line_1_75' title="bbox 2165 1052 3746 1124; baseline -0.008 -8"><span class='ocrx_word' id='word_1_506' title='bbox 2165 1070 2508 1116; x_wconf 88' lang='lat' dir='ltr'><strong>mortuorum</strong></span> <span class='ocrx_word' id='word_1_507' title='bbox 2538 1060 2920 1116; x_wconf 87' lang='lat' dir='ltr'><strong>resurrectio&#39;.</strong></span> <span class='ocrx_word' id='word_1_508' title='bbox 2957 1058 3088 1111; x_wconf 90' lang='lat' dir='ltr'><strong>Item</strong></span> <span class='ocrx_word' id='word_1_509' title='bbox 3127 1056 3302 1110; x_wconf 78' lang='lat' dir='ltr'><strong>fuisse</strong></span> <span class='ocrx_word' id='word_1_510' title='bbox 3350 1064 3609 1124; x_wconf 89' lang='lat' dir='ltr'><strong>septenos</strong></span> <span class='ocrx_word' id='word_1_511' title='bbox 3637 1052 3746 1106; x_wconf 83' lang='lat' dir='ltr'><strong>fra-</strong></span> 
     </span>
    </p>
   </div>
   <div class='ocr_carea' id='block_1_76' title="bbox 2163 1145 3748 1222">
    <p class='ocr_par' dir='ltr' id='par_1_76' title="bbox 2163 1145 3748 1222">
     <span class='ocr_line' id='line_1_76' title="bbox 2163 1145 3748 1222; baseline -0.008 -14"><span class='ocrx_word' id='word_1_512' title='bbox 2163 1166 2274 1208; x_wconf 89' lang='lat' dir='ltr'><strong>tres</strong></span> <span class='ocrx_word' id='word_1_513' title='bbox 2300 1171 2314 1207; x_wconf 91' lang='lat'><strong>:</strong></span> <span class='ocrx_word' id='word_1_514' title='bbox 2339 1168 2572 1222; x_wconf 91' lang='lat' dir='ltr'><strong>quorum</strong></span> <span class='ocrx_word' id='word_1_515' title='bbox 2600 1153 2836 1222; x_wconf 90' lang='lat' dir='ltr'><strong>primus,</strong></span> <span class='ocrx_word' id='word_1_516' title='bbox 2868 1166 3038 1205; x_wconf 85' lang='lat' dir='ltr'><strong>uxore</strong></span> <span class='ocrx_word' id='word_1_517' title='bbox 3053 1149 3239 1213; x_wconf 91' lang='lat' dir='ltr'><strong>ducta,</strong></span> <span class='ocrx_word' id='word_1_518' title='bbox 3259 1162 3385 1202; x_wconf 88' lang='lat' dir='ltr'><strong>eum</strong></span> <span class='ocrx_word' id='word_1_519' title='bbox 3416 1147 3532 1200; x_wconf 90' lang='lat' dir='ltr'><strong>sine</strong></span> <span class='ocrx_word' id='word_1_520' title='bbox 3560 1145 3748 1198; x_wconf 90' lang='lat' dir='ltr'><strong>liberis</strong></span> 
     </span>
    </p>
   </div>
   <div class='ocr_carea' id='block_1_77' title="bbox 2165 1237 3745 1310">
    <p class='ocr_par' dir='ltr' id='par_1_77' title="bbox 2165 1237 3745 1310">
     <span class='ocr_line' id='line_1_77' title="bbox 2165 1237 3745 1310; baseline -0.008 -10"><span class='ocrx_word' id='word_1_521' title='bbox 2165 1247 2525 1308; x_wconf 85' lang='lat' dir='ltr'><strong>decessisset,</strong></span> <span class='ocrx_word' id='word_1_522' title='bbox 2553 1243 2832 1298; x_wconf 89' lang='lat' dir='ltr'><strong>secundus</strong></span> <span class='ocrx_word' id='word_1_523' title='bbox 2864 1257 2984 1296; x_wconf 90' lang='lat' dir='ltr'><strong>eam</strong></span> <span class='ocrx_word' id='word_1_524' title='bbox 3020 1241 3257 1310; x_wconf 83' lang='lat' dir='ltr'><strong>excepit,</strong></span> <span class='ocrx_word' id='word_1_525' title='bbox 3306 1255 3374 1294; x_wconf 80' lang='lat' dir='ltr'><strong>ex</strong></span> <span class='ocrx_word' id='word_1_526' title='bbox 3417 1237 3586 1291; x_wconf 83' lang='lat' dir='ltr'><strong>Mosis</strong></span> <span class='ocrx_word' id='word_1_527' title='bbox 3611 1251 3745 1306; x_wconf 73' lang='lat' dir='ltr'><strong>prte-</strong></span> 
     </span>
    </p>
   </div>
   <div class='ocr_carea' id='block_1_78' title="bbox 2167 1327 3748 1408">
    <p class='ocr_par' dir='ltr' id='par_1_78' title="bbox 2167 1327 3748 1408">
     <span class='ocr_line' id='line_1_78' title="bbox 2167 1327 3748 1408; baseline -0.009 -14"><span class='ocrx_word' id='word_1_528' title='bbox 2167 1338 2394 1408; x_wconf 88' lang='lat' dir='ltr'><strong>seripto,</strong></span> <span class='ocrx_word' id='word_1_529' title='bbox 2431 1336 2526 1406; x_wconf 91' lang='lat' dir='ltr'><strong>qui</strong></span> <span class='ocrx_word' id='word_1_530' title='bbox 2542 1336 2662 1388; x_wconf 88' lang='lat' dir='ltr'><strong>viro</strong></span> <span class='ocrx_word' id='word_1_531' title='bbox 2685 1335 2805 1390; x_wconf 88' lang='lat' dir='ltr'><strong>sine</strong></span> <span class='ocrx_word' id='word_1_532' title='bbox 2830 1333 3020 1388; x_wconf 90' lang='lat' dir='ltr'><strong>liberis</strong></span> <span class='ocrx_word' id='word_1_533' title='bbox 3041 1332 3147 1402; x_wconf 82' lang='lat'><strong>32</strong></span> <span class='ocrx_word' id='word_1_534' title='bbox 3168 1329 3430 1385; x_wconf 84' lang='lat' dir='ltr'><strong>defuncto</strong></span> <span class='ocrx_word' id='word_1_535' title='bbox 3455 1327 3748 1383; x_wconf 83' lang='lat' dir='ltr'><strong>succedere</strong></span> 
     </span>
    </p>
   </div>
   <div class='ocr_carea' id='block_1_79' title="bbox 2167 1415 3793 1496">
    <p class='ocr_par' dir='ltr' id='par_1_79' title="bbox 2167 1415 3793 1496">
     <span class='ocr_line' id='line_1_79' title="bbox 2167 1415 3793 1496; baseline -0.007 -12"><span class='ocrx_word' id='word_1_536' title='bbox 2167 1429 2394 1484; x_wconf 80' lang='lat' dir='ltr'><strong>fratrem</strong></span> <span class='ocrx_word' id='word_1_537' title='bbox 2420 1430 2474 1482; x_wconf 92' lang='lat' dir='ltr'><strong>in</strong></span> <span class='ocrx_word' id='word_1_538' title='bbox 2501 1429 2650 1482; x_wconf 86' lang='lat' dir='ltr'><strong>illius</strong></span> <span class='ocrx_word' id='word_1_539' title='bbox 2676 1427 2994 1496; x_wconf 83' lang='lat' dir='ltr'><strong>conjugium</strong></span> <span class='ocrx_word' id='word_1_540' title='bbox 3045 1424 3236 1494; x_wconf 86' lang='lat' dir='ltr'><strong>jussit,</strong></span> <span class='ocrx_word' id='word_1_541' title='bbox 3271 1422 3608 1491; x_wconf 84' lang='lat' dir='ltr'><strong>viduamque</strong></span> <span class='ocrx_word' id='word_1_542' title='bbox 3651 1419 3727 1474; x_wconf 90' lang='lat' dir='ltr'><strong>du</strong></span> <span class='ocrx_word' id='word_1_543' title='bbox 3789 1415 3793 1422; x_wconf 69' lang='grc'><strong>⁷</strong></span> 
     </span>
    </p>
   </div>
   <div class='ocr_carea' id='block_1_80' title="bbox 2166 1515 3744 1592">
    <p class='ocr_par' dir='ltr' id='par_1_80' title="bbox 2166 1515 3744 1592">
     <span class='ocr_line' id='line_1_80' title="bbox 2166 1515 3744 1592; baseline -0.008 -16"><span class='ocrx_word' id='word_1_544' title='bbox 2166 1537 2314 1587; x_wconf 88' lang='lat' dir='ltr'><strong>cere,</strong></span> <span class='ocrx_word' id='word_1_545' title='bbox 2347 1539 2458 1592; x_wconf 92' lang='lat' dir='ltr'><strong>quo</strong></span> <span class='ocrx_word' id='word_1_546' title='bbox 2490 1524 2544 1574; x_wconf 94' lang='lat' dir='ltr'><strong>in</strong></span> <span class='ocrx_word' id='word_1_547' title='bbox 2575 1519 2774 1573; x_wconf 87' lang='lat' dir='ltr'><strong>mortui</strong></span> <span class='ocrx_word' id='word_1_548' title='bbox 2804 1534 3003 1572; x_wconf 83' lang='lat' dir='ltr'><strong>nomen</strong></span> <span class='ocrx_word' id='word_1_549' title='bbox 3045 1516 3428 1586; x_wconf 88' lang='lat' dir='ltr'><strong>posteritatem</strong></span> <span class='ocrx_word' id='word_1_550' title='bbox 3452 1515 3744 1567; x_wconf 79' lang='lat' dir='ltr'><strong>excitaret.</strong></span> 
     </span>
    </p>
   </div>
   <div class='ocr_carea' id='block_1_81' title="bbox 2167 1606 3744 1684">
    <p class='ocr_par' dir='ltr' id='par_1_81' title="bbox 2167 1606 3744 1684">
     <span class='ocr_line' id='line_1_81' title="bbox 2167 1606 3744 1684; baseline -0.007 -17"><span class='ocrx_word' id='word_1_551' title='bbox 2167 1613 2378 1667; x_wconf 83' lang='lat' dir='ltr'><strong>Accidit</strong></span> <span class='ocrx_word' id='word_1_552' title='bbox 2408 1614 2593 1684; x_wconf 79' lang='lat' dir='ltr'><strong>igitur,</strong></span> <span class='ocrx_word' id='word_1_553' title='bbox 2626 1611 2874 1672; x_wconf 88' lang='lat' dir='ltr'><strong>aiebant,</strong></span> <span class='ocrx_word' id='word_1_554' title='bbox 2918 1618 2976 1662; x_wconf 94' lang='lat' dir='ltr'><strong>ut</strong></span> <span class='ocrx_word' id='word_1_555' title='bbox 3013 1609 3160 1662; x_wconf 90' lang='lat' dir='ltr'><strong>illam</strong></span> <span class='ocrx_word' id='word_1_556' title='bbox 3194 1606 3406 1676; x_wconf 90' lang='lat' dir='ltr'><strong>primus</strong></span> <span class='ocrx_word' id='word_1_557' title='bbox 3459 1620 3522 1657; x_wconf 87' lang='lat' dir='ltr'><strong>ac</strong></span> <span class='ocrx_word' id='word_1_558' title='bbox 3550 1618 3744 1658; x_wconf 87' lang='lat' dir='ltr'><strong>secun-</strong></span> 
     </span>
    </p>
   </div>
   <div class='ocr_carea' id='block_1_82' title="bbox 2166 1697 3746 1764">
    <p class='ocr_par' dir='ltr' id='par_1_82' title="bbox 2166 1697 3746 1764">
     <span class='ocr_line' id='line_1_82' title="bbox 2166 1697 3746 1764; baseline -0.006 -5"><span class='ocrx_word' id='word_1_559' title='bbox 2166 1705 2269 1759; x_wconf 91' lang='lat' dir='ltr'><strong>dus</strong></span> <span class='ocrx_word' id='word_1_560' title='bbox 2305 1719 2532 1758; x_wconf 81' lang='lat' dir='ltr'><strong>uxorem</strong></span> <span class='ocrx_word' id='word_1_561' title='bbox 2577 1702 2870 1756; x_wconf 83' lang='lat' dir='ltr'><strong>habuerint</strong></span> <span class='ocrx_word' id='word_1_562' title='bbox 2906 1716 2970 1754; x_wconf 94' lang='lat' dir='ltr'><strong>ac</strong></span> <span class='ocrx_word' id='word_1_563' title='bbox 3019 1697 3224 1752; x_wconf 89' lang='lat' dir='ltr'><strong>mortui</strong></span> <span class='ocrx_word' id='word_1_564' title='bbox 3262 1697 3396 1759; x_wconf 90' lang='lat' dir='ltr'><strong>sint,</strong></span> <span class='ocrx_word' id='word_1_565' title='bbox 3431 1706 3746 1764; x_wconf 85' lang='lat' dir='ltr'><strong>septemque</strong></span> 
     </span>
    </p>
   </div>
   <div class='ocr_carea' id='block_1_83' title="bbox 2168 1789 3753 1857">
    <p class='ocr_par' dir='ltr' id='par_1_83' title="bbox 2168 1789 3753 1857">
     <span class='ocr_line' id='line_1_83' title="bbox 2168 1789 3753 1857; baseline -0.008 -7"><span class='ocrx_word' id='word_1_566' title='bbox 2168 1796 2352 1850; x_wconf 90' lang='lat' dir='ltr'><strong>itidem</strong></span> <span class='ocrx_word' id='word_1_567' title='bbox 2389 1810 2604 1850; x_wconf 85' lang='lat' dir='ltr'><strong>omnes.</strong></span> <span class='ocrx_word' id='word_1_568' title='bbox 2657 1791 2714 1848; x_wconf 90' lang='lat' dir='ltr'><strong>In</strong></span> <span class='ocrx_word' id='word_1_569' title='bbox 2748 1791 3157 1847; x_wconf 87' lang='lat' dir='ltr'><strong>resurrectione</strong></span> <span class='ocrx_word' id='word_1_570' title='bbox 3191 1789 3375 1857; x_wconf 86' lang='lat' dir='ltr'><strong>itaque</strong></span> <span class='ocrx_word' id='word_1_571' title='bbox 3404 1795 3753 1840; x_wconf 84' lang='lat' dir='ltr'><strong>mortuorum</strong></span> 
     </span>
    </p>
   </div>
   <div class='ocr_carea' id='block_1_84' title="bbox 2168 1879 3746 1956">
    <p class='ocr_par' dir='ltr' id='par_1_84' title="bbox 2168 1879 3746 1956">
     <span class='ocr_line' id='line_1_84' title="bbox 2168 1879 3746 1956; baseline -0.008 -14"><span class='ocrx_word' id='word_1_572' title='bbox 2168 1888 2330 1956; x_wconf 88' lang='lat' dir='ltr'><strong>cujus</strong></span> <span class='ocrx_word' id='word_1_573' title='bbox 2367 1888 2481 1942; x_wconf 65' lang='lat' dir='ltr'><strong>haec</strong></span> <span class='ocrx_word' id='word_1_574' title='bbox 2515 1902 2654 1941; x_wconf 82' lang='lat' dir='ltr'><strong>uxor</strong></span> <span class='ocrx_word' id='word_1_575' title='bbox 2676 1887 2802 1949; x_wconf 92' lang='lat' dir='ltr'><strong>erit,</strong></span> <span class='ocrx_word' id='word_1_576' title='bbox 2838 1884 3283 1954; x_wconf 84' lang='lat' dir='ltr'><strong>quandoquidem</strong></span> <span class='ocrx_word' id='word_1_577' title='bbox 3335 1887 3544 1950; x_wconf 87' lang='lat' dir='ltr'><strong>septem</strong></span> <span class='ocrx_word' id='word_1_578' title='bbox 3601 1879 3746 1931; x_wconf 87' lang='lat' dir='ltr'><strong>illam</strong></span> 
     </span>
    </p>
   </div>
   <div class='ocr_carea' id='block_1_85' title="bbox 2166 1972 3741 2049">
    <p class='ocr_par' dir='ltr' id='par_1_85' title="bbox 2166 1972 3741 2049">
     <span class='ocr_line' id='line_1_85' title="bbox 2166 1972 3741 2049; baseline -0.008 -14"><span class='ocrx_word' id='word_1_579' title='bbox 2166 1980 2459 2049; x_wconf 86' lang='lat' dir='ltr'><strong>conjugem</strong></span> <span class='ocrx_word' id='word_1_580' title='bbox 2496 1978 2849 2034; x_wconf 81' lang='lat' dir='ltr'><strong>habuerunt?</strong></span> <span class='ocrx_word' id='word_1_581' title='bbox 2875 1977 2953 2030; x_wconf 77' lang='lat' dir='ltr'><strong>Ad</strong></span> <span class='ocrx_word' id='word_1_582' title='bbox 2988 1977 3100 2030; x_wconf 71' lang='lat' dir='ltr'><strong>haac</strong></span> <span class='ocrx_word' id='word_1_583' title='bbox 3129 1972 3392 2028; x_wconf 84' lang='lat' dir='ltr'><strong>Dominus</strong></span> <span class='ocrx_word' id='word_1_584' title='bbox 3425 1972 3497 2024; x_wconf 91' lang='lat' dir='ltr'><strong>ita</strong></span> <span class='ocrx_word' id='word_1_585' title='bbox 3524 1986 3741 2038; x_wconf 90' lang='lat' dir='ltr'><strong>respon-</strong></span> 
     </span>
    </p>
   </div>
   <div class='ocr_carea' id='block_1_86' title="bbox 2165 2065 3744 2138">
    <p class='ocr_par' dir='ltr' id='par_1_86' title="bbox 2165 2065 3744 2138">
     <span class='ocr_line' id='line_1_86' title="bbox 2165 2065 3744 2138; baseline -0.006 -11"><span class='ocrx_word' id='word_1_586' title='bbox 2165 2073 2245 2127; x_wconf 93' lang='lat' dir='ltr'><strong>dit</strong></span> <span class='ocrx_word' id='word_1_587' title='bbox 2274 2091 2287 2126; x_wconf 90' lang='lat'><strong>:</strong></span> <span class='ocrx_word' id='word_1_588' title='bbox 2325 2073 2538 2126; x_wconf 76' lang='lat' dir='ltr'><strong>Erratis</strong></span> <span class='ocrx_word' id='word_1_589' title='bbox 2565 2072 2852 2126; x_wconf 76' lang='lat' dir='ltr'><strong>nescientes</strong></span> <span class='ocrx_word' id='word_1_590' title='bbox 2879 2068 3210 2138; x_wconf 86' lang='lat' dir='ltr'><strong>Scripturas,</strong></span> <span class='ocrx_word' id='word_1_591' title='bbox 3247 2085 3310 2122; x_wconf 89' lang='lat' dir='ltr'><strong>ac</strong></span> <span class='ocrx_word' id='word_1_592' title='bbox 3333 2068 3577 2122; x_wconf 73' lang='lat' dir='ltr'><strong>virtutem</strong></span> <span class='ocrx_word' id='word_1_593' title='bbox 3606 2065 3700 2118; x_wconf 75' lang='lat' dir='ltr'><strong>Dei</strong></span> <span class='ocrx_word' id='word_1_594' title='bbox 3729 2081 3744 2117; x_wconf 87' lang='lat'><em>:</em></span> 
     </span>
    </p>
   </div>
   <div class='ocr_carea' id='block_1_87' title="bbox 2167 2158 3744 2230">
    <p class='ocr_par' dir='ltr' id='par_1_87' title="bbox 2167 2158 3744 2230">
     <span class='ocr_line' id='line_1_87' title="bbox 2167 2158 3744 2230; baseline -0.006 -14"><span class='ocrx_word' id='word_1_595' title='bbox 2167 2165 2220 2217; x_wconf 88' lang='lat' dir='ltr'><strong>in</strong></span> <span class='ocrx_word' id='word_1_596' title='bbox 2244 2164 2624 2218; x_wconf 88' lang='lat' dir='ltr'><strong>resurrectione</strong></span> <span class='ocrx_word' id='word_1_597' title='bbox 2655 2162 2795 2216; x_wconf 86' lang='lat' dir='ltr'><strong>enim</strong></span> <span class='ocrx_word' id='word_1_598' title='bbox 2827 2169 3160 2212; x_wconf 88' lang='lat' dir='ltr'><strong>mortuorum</strong></span> <span class='ocrx_word' id='word_1_599' title='bbox 3189 2176 3351 2230; x_wconf 86' lang='lat' dir='ltr'><strong>neque</strong></span> <span class='ocrx_word' id='word_1_600' title='bbox 3405 2174 3595 2212; x_wconf 67' lang='lat' dir='ltr'><strong>uxores</strong></span> <span class='ocrx_word' id='word_1_601' title='bbox 3649 2158 3744 2207; x_wconf 85' lang='lat' dir='ltr'><strong>du-</strong></span> 
     </span>
    </p>
   </div>
   <div class='ocr_carea' id='block_1_88' title="bbox 2168 2249 3746 2326">
    <p class='ocr_par' dir='ltr' id='par_1_88' title="bbox 2168 2249 3746 2326">
     <span class='ocr_line' id='line_1_88' title="bbox 2168 2249 3746 2326; baseline -0.004 -17"><span class='ocrx_word' id='word_1_602' title='bbox 2168 2265 2312 2319; x_wconf 88' lang='lat' dir='ltr'><strong>cunt,</strong></span> <span class='ocrx_word' id='word_1_603' title='bbox 2342 2271 2503 2326; x_wconf 87' lang='lat' dir='ltr'><strong>neque</strong></span> <span class='ocrx_word' id='word_1_604' title='bbox 2555 2254 2778 2315; x_wconf 88' lang='lat' dir='ltr'><strong>nubunt,</strong></span> <span class='ocrx_word' id='word_1_605' title='bbox 2823 2252 2912 2306; x_wconf 87' lang='lat' dir='ltr'><strong>sed</strong></span> <span class='ocrx_word' id='word_1_606' title='bbox 2942 2267 3095 2319; x_wconf 86' lang='lat' dir='ltr'><strong>pares</strong></span> <span class='ocrx_word' id='word_1_607' title='bbox 3151 2261 3272 2304; x_wconf 85' lang='lat' dir='ltr'><strong>sunt</strong></span> <span class='ocrx_word' id='word_1_608' title='bbox 3318 2251 3537 2320; x_wconf 78' lang='lat' dir='ltr'><strong>angelis.</strong></span> <span class='ocrx_word' id='word_1_609' title='bbox 3595 2249 3746 2314; x_wconf 66' lang='lat' dir='ltr'><strong>Quot</strong></span> 
     </span>
    </p>
   </div>
   <div class='ocr_carea' id='block_1_89' title="bbox 2166 2343 3745 2415">
    <p class='ocr_par' dir='ltr' id='par_1_89' title="bbox 2166 2343 3745 2415">
     <span class='ocr_line' id='line_1_89' title="bbox 2166 2343 3745 2415; baseline -0.006 -13"><span class='ocrx_word' id='word_1_610' title='bbox 2166 2358 2344 2403; x_wconf 87' lang='lat' dir='ltr'><strong>autem</strong></span> <span class='ocrx_word' id='word_1_611' title='bbox 2368 2348 2567 2401; x_wconf 86' lang='lat' dir='ltr'><strong>mortui</strong></span> <span class='ocrx_word' id='word_1_612' title='bbox 2600 2355 2893 2415; x_wconf 76' lang='lat' dir='ltr'><strong>resurgant,</strong></span> <span class='ocrx_word' id='word_1_613' title='bbox 2938 2343 3150 2414; x_wconf 79' lang='lat' dir='ltr'><strong>Moyses</strong></span> <span class='ocrx_word' id='word_1_614' title='bbox 3178 2361 3264 2398; x_wconf 82' lang='lat' dir='ltr'><strong>vos</strong></span> <span class='ocrx_word' id='word_1_615' title='bbox 3295 2343 3465 2405; x_wconf 82' lang='lat' dir='ltr'><strong>docet,</strong></span> <span class='ocrx_word' id='word_1_616' title='bbox 3499 2343 3745 2412; x_wconf 88' lang='lat' dir='ltr'><strong>quoniam</strong></span> 
     </span>
    </p>
   </div>
   <div class='ocr_carea' id='block_1_90' title="bbox 2165 2435 3746 2506">
    <p class='ocr_par' dir='ltr' id='par_1_90' title="bbox 2165 2435 3746 2506">
     <span class='ocr_line' id='line_1_90' title="bbox 2165 2435 3746 2506; baseline -0.006 -12"><span class='ocrx_word' id='word_1_617' title='bbox 2165 2442 2243 2494; x_wconf 87' lang='lat' dir='ltr'><strong>ita</strong></span> <span class='ocrx_word' id='word_1_618' title='bbox 2274 2440 2416 2495; x_wconf 86' lang='lat' dir='ltr'><strong>Deus</strong></span> <span class='ocrx_word' id='word_1_619' title='bbox 2446 2441 2527 2494; x_wconf 82' lang='lat' dir='ltr'><strong>illi</strong></span> <span class='ocrx_word' id='word_1_620' title='bbox 2555 2439 2823 2506; x_wconf 83' lang='lat' dir='ltr'><strong>respondit</strong></span> <span class='ocrx_word' id='word_1_621' title='bbox 2857 2453 2875 2490; x_wconf 90' lang='lat'><em>:</em></span> <span class='ocrx_word' id='word_1_622' title='bbox 2908 2436 3026 2506; x_wconf 81' lang='lat' dir='ltr'><strong>Ego</strong></span> <span class='ocrx_word' id='word_1_623' title='bbox 3069 2453 3188 2491; x_wconf 88' lang='lat' dir='ltr'><strong>sum</strong></span> <span class='ocrx_word' id='word_1_624' title='bbox 3218 2435 3358 2490; x_wconf 87' lang='lat' dir='ltr'><strong>Deus</strong></span> <span class='ocrx_word' id='word_1_625' title='bbox 3385 2435 3746 2502; x_wconf 28' lang='lat' dir='ltr'><strong>Abrahamtet</strong></span> 
     </span>
    </p>
   </div>
   <div class='ocr_carea' id='block_1_91' title="bbox 2172 2524 3730 2593">
    <p class='ocr_par' dir='ltr' id='par_1_91' title="bbox 2172 2524 3730 2593">
     <span class='ocr_line' id='line_1_91' title="bbox 2172 2524 3730 2593; baseline -0.006 -11"><span class='ocrx_word' id='word_1_626' title='bbox 2172 2528 2307 2583; x_wconf 86' lang='lat' dir='ltr'><strong>Deus</strong></span> <span class='ocrx_word' id='word_1_627' title='bbox 2332 2529 2511 2593; x_wconf 85' lang='lat' dir='ltr'><strong>Isaac,</strong></span> <span class='ocrx_word' id='word_1_628' title='bbox 2538 2539 2586 2582; x_wconf 86' lang='lat' dir='ltr'><strong>et</strong></span> <span class='ocrx_word' id='word_1_629' title='bbox 2624 2527 2761 2580; x_wconf 86' lang='lat' dir='ltr'><strong>Deus</strong></span> <span class='ocrx_word' id='word_1_630' title='bbox 2810 2524 3001 2588; x_wconf 77' lang='lat' dir='ltr'><strong>Jacob,</strong></span> <span class='ocrx_word' id='word_1_631' title='bbox 3040 2525 3178 2579; x_wconf 86' lang='lat' dir='ltr'><strong>Deus</strong></span> <span class='ocrx_word' id='word_1_632' title='bbox 3211 2527 3444 2579; x_wconf 85' lang='lat' dir='ltr'><strong>vivorum</strong></span> <span class='ocrx_word' id='word_1_633' title='bbox 3477 2541 3579 2578; x_wconf 89' lang='lat' dir='ltr'><strong>non</strong></span> <span class='ocrx_word' id='word_1_634' title='bbox 3613 2540 3730 2577; x_wconf 88' lang='lat' dir='ltr'><strong>mor</strong></span> 
     </span>
    </p>
   </div>
   <div class='ocr_carea' id='block_1_92' title="bbox 2167 2615 3744 2676">
    <p class='ocr_par' dir='ltr' id='par_1_92' title="bbox 2167 2615 3744 2676">
     <span class='ocr_line' id='line_1_92' title="bbox 2167 2615 3744 2676; baseline -0.004 -1"><span class='ocrx_word' id='word_1_635' title='bbox 2167 2626 2426 2676; x_wconf 61' lang='lat' dir='ltr'><strong>tuorum”.</strong></span> <span class='ocrx_word' id='word_1_636' title='bbox 2460 2621 2534 2676; x_wconf 90' lang='lat' dir='ltr'><strong>Ita</strong></span> <span class='ocrx_word' id='word_1_637' title='bbox 2567 2636 2630 2675; x_wconf 92' lang='lat' dir='ltr'><strong>os</strong></span> <span class='ocrx_word' id='word_1_638' title='bbox 2651 2621 2760 2674; x_wconf 87' lang='lat' dir='ltr'><strong>illis</strong></span> <span class='ocrx_word' id='word_1_639' title='bbox 2793 2620 3047 2673; x_wconf 82' lang='lat' dir='ltr'><strong>occlusit.</strong></span> <span class='ocrx_word' id='word_1_640' title='bbox 3077 2617 3290 2674; x_wconf 84' lang='lat' dir='ltr'><strong>Faciles</strong></span> <span class='ocrx_word' id='word_1_641' title='bbox 3323 2619 3470 2673; x_wconf 90' lang='lat' dir='ltr'><strong>enim</strong></span> <span class='ocrx_word' id='word_1_642' title='bbox 3505 2617 3572 2672; x_wconf 91' lang='lat' dir='ltr'><strong>ad</strong></span> <span class='ocrx_word' id='word_1_643' title='bbox 3597 2615 3744 2672; x_wconf 72' lang='lat' dir='ltr'><strong>refel-</strong></span> 
     </span>
    </p>
   </div>
   <div class='ocr_carea' id='block_1_93' title="bbox 2170 2710 3744 2780">
    <p class='ocr_par' dir='ltr' id='par_1_93' title="bbox 2170 2710 3744 2780">
     <span class='ocr_line' id='line_1_93' title="bbox 2170 2710 3744 2780; baseline -0.003 -16"><span class='ocrx_word' id='word_1_644' title='bbox 2170 2712 2390 2768; x_wconf 77' lang='lat' dir='ltr'><strong>lendum</strong></span> <span class='ocrx_word' id='word_1_645' title='bbox 2426 2723 2578 2776; x_wconf 91' lang='lat' dir='ltr'><strong>sunt,</strong></span> <span class='ocrx_word' id='word_1_646' title='bbox 2607 2725 2710 2765; x_wconf 89' lang='lat' dir='ltr'><strong>nec</strong></span> <span class='ocrx_word' id='word_1_647' title='bbox 2745 2711 2827 2765; x_wconf 82' lang='lat' dir='ltr'><strong>vel</strong></span> <span class='ocrx_word' id='word_1_648' title='bbox 2873 2710 3025 2764; x_wconf 88' lang='lat' dir='ltr'><strong>brevi</strong></span> <span class='ocrx_word' id='word_1_649' title='bbox 3054 2710 3237 2780; x_wconf 90' lang='lat' dir='ltr'><strong>spatio</strong></span> <span class='ocrx_word' id='word_1_650' title='bbox 3270 2710 3489 2765; x_wconf 88' lang='lat' dir='ltr'><strong>veritati</strong></span> <span class='ocrx_word' id='word_1_651' title='bbox 3520 2717 3744 2780; x_wconf 91' lang='lat' dir='ltr'><strong>possunt</strong></span> 
     </span>
    </p>
   </div>
   <div class='ocr_carea' id='block_1_94' title="bbox 2168 2805 2450 2860">
    <p class='ocr_par' dir='ltr' id='par_1_94' title="bbox 2168 2805 2450 2860">
     <span class='ocr_line' id='line_1_94' title="bbox 2168 2805 2450 2860; baseline -0.011 0"><span class='ocrx_word' id='word_1_652' title='bbox 2168 2805 2450 2860; x_wconf 88' lang='lat' dir='ltr'><strong>resistere.</strong></span> 
     </span>
    </p>
   </div>
   <div class='ocr_carea' id='block_1_95' title="bbox 2636 2997 3266 3068">
    <p class='ocr_par' dir='ltr' id='par_1_95' title="bbox 2636 2997 3266 3068">
     <span class='ocr_line' id='line_1_95' title="bbox 2636 2997 3266 3068; baseline -0.003 -14"><span class='ocrx_word' id='word_1_653' title='bbox 2636 2999 2918 3056; x_wconf 66' lang='lat' dir='ltr'><strong>CONTRA</strong></span> <span class='ocrx_word' id='word_1_654' title='bbox 2939 2997 3266 3068; x_wconf 80' lang='lat' dir='ltr'><strong>_SCRIBAS,</strong></span> 
     </span>
    </p>
   </div>
   <div class='ocr_carea' id='block_1_96' title="bbox 2379 3113 3538 3182">
    <p class='ocr_par' dir='ltr' id='par_1_96' title="bbox 2379 3113 3538 3182">
     <span class='ocr_line' id='line_1_96' title="bbox 2379 3113 3538 3182; baseline -0.001 -12"><span class='ocrx_word' id='word_1_655' title='bbox 2379 3115 2509 3182; x_wconf 69' lang='lat' dir='ltr'><strong>Qua:</strong></span> <span class='ocrx_word' id='word_1_656' title='bbox 2529 3125 2605 3169; x_wconf 87' lang='lat' dir='ltr'><strong>est</strong></span> <span class='ocrx_word' id='word_1_657' title='bbox 2636 3114 2696 3168; x_wconf 84' lang='grc'><em>11</em></span> <span class='ocrx_word' id='word_1_658' title='bbox 2725 3114 2994 3169; x_wconf 80' lang='lat' dir='ltr'><strong>Jutlaismi</strong></span> <span class='ocrx_word' id='word_1_659' title='bbox 3019 3127 3178 3177; x_wconf 80' lang='lat' dir='ltr'><strong>secta,</strong></span> <span class='ocrx_word' id='word_1_660' title='bbox 3212 3114 3394 3168; x_wconf 87' lang='lat' dir='ltr'><strong>ordine</strong></span> <span class='ocrx_word' id='word_1_661' title='bbox 3414 3114 3460 3167; x_wconf 79' lang='grc' dir='ltr'><em>Χ</em></span> <span class='ocrx_word' id='word_1_662' title='bbox 3478 3113 3538 3169; x_wconf 79' lang='grc' dir='ltr'>γ.</span> 
     </span>
    </p>
   </div>
   <div class='ocr_carea' id='block_1_97' title="bbox 2241 3307 3760 3382">
    <p class='ocr_par' dir='ltr' id='par_1_97' title="bbox 2241 3307 3760 3382">
     <span class='ocr_line' id='line_1_97' title="bbox 2241 3307 3760 3382; baseline 0.002 -20"><span class='ocrx_word' id='word_1_663' title='bbox 2241 3307 2371 3365; x_wconf 86' lang='lat' dir='ltr'><strong>Post</strong></span> <span class='ocrx_word' id='word_1_664' title='bbox 2393 3308 2742 3373; x_wconf 65' lang='lat' dir='ltr'><strong>Sadducmos,</strong></span> <span class='ocrx_word' id='word_1_665' title='bbox 2786 3311 3071 3381; x_wconf 75' lang='lat' dir='ltr'><strong>intet&#39;jecto</strong></span> <span class='ocrx_word' id='word_1_666' title='bbox 3105 3319 3351 3382; x_wconf 88' lang='lat' dir='ltr'><strong>tempore</strong></span> <span class='ocrx_word' id='word_1_667' title='bbox 3376 3353 3388 3376; x_wconf 96' lang='lat'><strong>,</strong></span> <span class='ocrx_word' id='word_1_668' title='bbox 3431 3313 3525 3366; x_wconf 67' lang='lat' dir='ltr'><strong>vel.</strong></span> <span class='ocrx_word' id='word_1_669' title='bbox 3563 3311 3760 3367; x_wconf 66' lang='lat' dir='ltr'><strong>eodem.</strong></span> 
     </span>
    </p>
   </div>
   <div class='ocr_carea' id='block_1_98' title="bbox 2171 3605 3751 3677">
    <p class='ocr_par' dir='ltr' id='par_1_98' title="bbox 2171 3605 3751 3677">
     <span class='ocr_line' id='line_1_98' title="bbox 2171 3605 3751 3677; baseline 0 -14"><span class='ocrx_word' id='word_1_670' title='bbox 2171 3607 2372 3676; x_wconf 88' lang='lat' dir='ltr'><strong>scripta</strong></span> <span class='ocrx_word' id='word_1_671' title='bbox 2400 3615 2579 3665; x_wconf 87' lang='lat' dir='ltr'><strong>erant.</strong></span> <span class='ocrx_word' id='word_1_672' title='bbox 2611 3607 2892 3662; x_wconf 84' lang='lat' dir='ltr'><strong>observari</strong></span> <span class='ocrx_word' id='word_1_673' title='bbox 2928 3608 3127 3661; x_wconf 86' lang='lat' dir='ltr'><strong>debere</strong></span> <span class='ocrx_word' id='word_1_674' title='bbox 3155 3607 3302 3661; x_wconf 88' lang='lat' dir='ltr'><strong>solos</strong></span> <span class='ocrx_word' id='word_1_675' title='bbox 3333 3605 3535 3677; x_wconf 83' lang='lat' dir='ltr'><strong>Moysis</strong></span> <span class='ocrx_word' id='word_1_676' title='bbox 3559 3608 3751 3670; x_wconf 85' lang='lat' dir='ltr'><strong>libros.</strong></span> 
     </span>
    </p>
   </div>
   <div class='ocr_carea' id='block_1_99' title="bbox 2171 3678 3752 3748">
    <p class='ocr_par' dir='ltr' id='par_1_99' title="bbox 2171 3678 3752 3748">
     <span class='ocr_line' id='line_1_99' title="bbox 2171 3678 3752 3748; baseline 0 -16"><span class='ocrx_word' id='word_1_677' title='bbox 2171 3679 2372 3748; x_wconf 90' lang='lat' dir='ltr'><strong>quibus</strong></span> <span class='ocrx_word' id='word_1_678' title='bbox 2407 3678 2476 3729; x_wconf 76' lang='grc' dir='ltr'>τὰ</span> <span class='ocrx_word' id='word_1_679' title='bbox 2504 3679 2712 3748; x_wconf 88' lang='grc' dir='ltr'>νόμιμα</span> <span class='ocrx_word' id='word_1_680' title='bbox 2753 3678 3318 3746; x_wconf 85' lang='lat' dir='ltr'><strong>comprehenduntur.</strong></span> <span class='ocrx_word' id='word_1_681' title='bbox 3359 3678 3752 3745; x_wconf 83' lang='lat' dir='ltr'><strong>intelligehant.</strong></span> 
     </span>
    </p>
   </div>
   <div class='ocr_carea' id='block_1_100' title="bbox 2171 3747 3756 3817">
    <p class='ocr_par' dir='ltr' id='par_1_100' title="bbox 2171 3747 3756 3817">
     <span class='ocr_line' id='line_1_100' title="bbox 2171 3747 3756 3817; baseline 0 -14"><span class='ocrx_word' id='word_1_682' title='bbox 2171 3747 2280 3803; x_wconf 84' lang='lat' dir='ltr'><strong>non</strong></span> <span class='ocrx_word' id='word_1_683' title='bbox 2341 3747 2666 3804; x_wconf 72' lang='lat' dir='ltr'><strong>historicos.</strong></span> <span class='ocrx_word' id='word_1_684' title='bbox 2714 3757 2807 3800; x_wconf 91' lang='lat' dir='ltr'><strong>aut</strong></span> <span class='ocrx_word' id='word_1_685' title='bbox 2866 3749 3217 3817; x_wconf 89' lang='lat' dir='ltr'><strong>propheticos</strong></span> <span class='ocrx_word' id='word_1_686' title='bbox 3288 3747 3493 3812; x_wconf 82' lang='lat' dir='ltr'><strong>libros;</strong></span> <span class='ocrx_word' id='word_1_687' title='bbox 3549 3749 3756 3815; x_wconf 86' lang='lat' dir='ltr'><strong>quibus</strong></span> 
     </span>
    </p>
   </div>
   <div class='ocr_carea' id='block_1_101' title="bbox 2173 3819 3752 3886">
    <p class='ocr_par' dir='ltr' id='par_1_101' title="bbox 2173 3819 3752 3886">
     <span class='ocr_line' id='line_1_101' title="bbox 2173 3819 3752 3886; baseline 0.001 -15"><span class='ocrx_word' id='word_1_688' title='bbox 2173 3835 2325 3872; x_wconf 71' lang='lat' dir='ltr'><strong>novze</strong></span> <span class='ocrx_word' id='word_1_689' title='bbox 2363 3819 2556 3879; x_wconf 58' lang='lat' dir='ltr'><strong>nullas,</strong></span> <span class='ocrx_word' id='word_1_690' title='bbox 2604 3826 2698 3872; x_wconf 89' lang='lat' dir='ltr'><strong>aut</strong></span> <span class='ocrx_word' id='word_1_691' title='bbox 2729 3834 3016 3886; x_wconf 69' lang='lat' dir='ltr'><strong>perpaucae</strong></span> <span class='ocrx_word' id='word_1_692' title='bbox 3050 3819 3383 3872; x_wconf 59' lang='lat' dir='ltr'><strong>caerimoniee</strong></span> <span class='ocrx_word' id='word_1_693' title='bbox 3428 3819 3752 3886; x_wconf 66' lang='lat' dir='ltr'><strong>praecipiun-</strong></span> 
     </span>
    </p>
   </div>
   <div class='ocr_carea' id='block_1_102' title="bbox 2174 3888 3219 3958">
    <p class='ocr_par' dir='ltr' id='par_1_102' title="bbox 2174 3888 3219 3958">
     <span class='ocr_line' id='line_1_102' title="bbox 2174 3888 3219 3958; baseline -0.002 -15"><span class='ocrx_word' id='word_1_694' title='bbox 2174 3898 2288 3943; x_wconf 93' lang='lat' dir='ltr'><strong>tur.</strong></span> <span class='ocrx_word' id='word_1_695' title='bbox 2315 3888 2521 3958; x_wconf 64' lang='lat' dir='ltr'><strong>Caatera</strong></span> <span class='ocrx_word' id='word_1_696' title='bbox 2554 3890 2696 3958; x_wconf 89' lang='lat' dir='ltr'><strong>apud</strong></span> <span class='ocrx_word' id='word_1_697' title='bbox 2732 3888 3219 3958; x_wconf 86' lang='lat' dir='ltr'><strong>Serrariumvide.</strong></span> 
     </span>
    </p>
   </div>
   <div class='ocr_carea' id='block_1_103' title="bbox 2243 3957 3760 4028">
    <p class='ocr_par' dir='ltr' id='par_1_103' title="bbox 2243 3957 3760 4028">
     <span class='ocr_line' id='line_1_103' title="bbox 2243 3957 3760 4028; baseline 0 -15"><span class='ocrx_word' id='word_1_698' title='bbox 2243 3958 2356 4026; x_wconf 69' lang='grc'><strong>(94)</strong></span> <span class='ocrx_word' id='word_1_699' title='bbox 2402 3957 2567 4012; x_wconf 80' lang='grc' dir='ltr'><strong>Κατὰ</strong></span> <span class='ocrx_word' id='word_1_700' title='bbox 2590 3959 3009 4028; x_wconf 83' lang='grc' dir='ltr'>Γραμματέων.</span> <span class='ocrx_word' id='word_1_701' title='bbox 3039 3957 3359 4013; x_wconf 86' lang='lat' dir='ltr'><strong>Scribarum</strong></span> <span class='ocrx_word' id='word_1_702' title='bbox 3410 3958 3546 4028; x_wconf 88' lang='lat' dir='ltr'><strong>ordo</strong></span> <span class='ocrx_word' id='word_1_703' title='bbox 3579 3975 3760 4028; x_wconf 80' lang='lat' dir='ltr'><strong>neque</strong></span> 
     </span>
    </p>
   </div>
   <div class='ocr_carea' id='block_1_104' title="bbox 2169 4027 3752 4099">
    <p class='ocr_par' dir='ltr' id='par_1_104' title="bbox 2169 4027 3752 4099">
     <span class='ocr_line' id='line_1_104' title="bbox 2169 4027 3752 4099; baseline -0.001 -16"><span class='ocrx_word' id='word_1_704' title='bbox 2169 4027 2446 4099; x_wconf 69' lang='lat' dir='ltr'><strong>Judaisini</strong></span> <span class='ocrx_word' id='word_1_705' title='bbox 2478 4027 2853 4090; x_wconf 71' lang='lat' dir='ltr'><strong>haeresisluit,</strong></span> <span class='ocrx_word' id='word_1_706' title='bbox 2885 4045 3059 4096; x_wconf 83' lang='lat' dir='ltr'><strong>neque</strong></span> <span class='ocrx_word' id='word_1_707' title='bbox 3086 4029 3222 4099; x_wconf 73' lang='grc' dir='ltr'>πρὸς</span> <span class='ocrx_word' id='word_1_708' title='bbox 3249 4027 3573 4099; x_wconf 61' lang='grc' dir='ltr'>Φαρισαίους</span> <span class='ocrx_word' id='word_1_709' title='bbox 3604 4027 3752 4082; x_wconf 78' lang='grc' dir='ltr'>ἀντι-</span> 
     </span>
    </p>
   </div>
   <div class='ocr_carea' id='block_1_105' title="bbox 2170 4097 3749 4167">
    <p class='ocr_par' dir='ltr' id='par_1_105' title="bbox 2170 4097 3749 4167">
     <span class='ocr_line' id='line_1_105' title="bbox 2170 4097 3749 4167; baseline 0.003 -16"><span class='ocrx_word' id='word_1_710' title='bbox 2170 4097 2616 4167; x_wconf 83' lang='grc' dir='ltr'>διαστελλόμενος</span> <span class='ocrx_word' id='word_1_711' title='bbox 2640 4116 2652 4128; x_wconf 94' lang='grc'><strong>·</strong></span> <span class='ocrx_word' id='word_1_712' title='bbox 2697 4115 2820 4154; x_wconf 89' lang='lat' dir='ltr'><strong>nam</strong></span> <span class='ocrx_word' id='word_1_713' title='bbox 2865 4107 2918 4152; x_wconf 90' lang='lat' dir='ltr'><strong>et</strong></span> <span class='ocrx_word' id='word_1_714' title='bbox 2949 4097 3154 4152; x_wconf 59' lang='lat' dir='ltr'><strong>Scriba}</strong></span> <span class='ocrx_word' id='word_1_715' title='bbox 3192 4098 3436 4166; x_wconf 81' lang='lat' dir='ltr'><strong>plerique</strong></span> <span class='ocrx_word' id='word_1_716' title='bbox 3468 4097 3749 4156; x_wconf 70' lang='lat' dir='ltr'><strong>Pharismi.</strong></span> 
     </span>
    </p>
   </div>
   <div class='ocr_carea' id='block_1_106' title="bbox 2172 4168 3752 4238">
    <p class='ocr_par' dir='ltr' id='par_1_106' title="bbox 2172 4168 3752 4238">
     <span class='ocr_line' id='line_1_106' title="bbox 2172 4168 3752 4238; baseline -0.001 -15"><span class='ocrx_word' id='word_1_717' title='bbox 2172 4185 2282 4223; x_wconf 91' lang='lat' dir='ltr'><strong>non</strong></span> <span class='ocrx_word' id='word_1_718' title='bbox 2315 4177 2495 4223; x_wconf 90' lang='lat' dir='ltr'><strong>tamen</strong></span> <span class='ocrx_word' id='word_1_719' title='bbox 2529 4183 2760 4234; x_wconf 83' lang='lat' dir='ltr'><strong>omnes;</strong></span> <span class='ocrx_word' id='word_1_720' title='bbox 2793 4168 3248 4236; x_wconf 89' lang='lat' dir='ltr'><strong>quemadmodum</strong></span> <span class='ocrx_word' id='word_1_721' title='bbox 3289 4170 3430 4220; x_wconf 81' lang='lat' dir='ltr'><strong>inter</strong></span> <span class='ocrx_word' id='word_1_722' title='bbox 3470 4168 3752 4238; x_wconf 76' lang='lat' dir='ltr'><strong>theologos</strong></span> 
     </span>
    </p>
   </div>
   <div class='ocr_carea' id='block_1_107' title="bbox 2171 4238 3746 4306">
    <p class='ocr_par' dir='ltr' id='par_1_107' title="bbox 2171 4238 3746 4306">
     <span class='ocr_line' id='line_1_107' title="bbox 2171 4238 3746 4306; baseline 0 -14"><span class='ocrx_word' id='word_1_723' title='bbox 2171 4238 2417 4292; x_wconf 88' lang='lat' dir='ltr'><strong>nonnulli</strong></span> <span class='ocrx_word' id='word_1_724' title='bbox 2472 4239 2722 4292; x_wconf 89' lang='lat' dir='ltr'><strong>monachi</strong></span> <span class='ocrx_word' id='word_1_725' title='bbox 2789 4246 2840 4292; x_wconf 88' lang='lat' dir='ltr'><strong>et</strong></span> <span class='ocrx_word' id='word_1_726' title='bbox 2897 4239 3148 4292; x_wconf 84' lang='lat' dir='ltr'><strong>arctioris</strong></span> <span class='ocrx_word' id='word_1_727' title='bbox 3212 4239 3333 4292; x_wconf 75' lang='lat' dir='ltr'><strong>vita:</strong></span> <span class='ocrx_word' id='word_1_728' title='bbox 3385 4238 3746 4306; x_wconf 80' lang='lat' dir='ltr'><strong>professores.</strong></span> 
     </span>
    </p>
   </div>
   <div class='ocr_carea' id='block_1_108' title="bbox 2173 4307 3761 4378">
    <p class='ocr_par' dir='ltr' id='par_1_108' title="bbox 2173 4307 3761 4378">
     <span class='ocr_line' id='line_1_108' title="bbox 2173 4307 3761 4378; baseline -0.001 -17"><span class='ocrx_word' id='word_1_729' title='bbox 2173 4307 2607 4378; x_wconf 79' lang='lat' dir='ltr'><strong>Theophvlactus</strong></span> <span class='ocrx_word' id='word_1_730' title='bbox 2656 4309 2710 4361; x_wconf 86' lang='lat' dir='ltr'><strong>in</strong></span> <span class='ocrx_word' id='word_1_731' title='bbox 2756 4307 2952 4361; x_wconf 86' lang='lat' dir='ltr'><strong>Lucam</strong></span> <span class='ocrx_word' id='word_1_732' title='bbox 3003 4324 3210 4378; x_wconf 34' lang='lat' dir='ltr'><strong>CllpLXI</strong></span> <span class='ocrx_word' id='word_1_733' title='bbox 3249 4327 3262 4362; x_wconf 85' lang='lat'><strong>:</strong></span> <span class='ocrx_word' id='word_1_734' title='bbox 3306 4307 3445 4378; x_wconf 81' lang='lat' dir='ltr'><strong>Sane</strong></span> <span class='ocrx_word' id='word_1_735' title='bbox 3471 4309 3565 4362; x_wconf 89' lang='lat' dir='ltr'><strong>alii</strong></span> <span class='ocrx_word' id='word_1_736' title='bbox 3599 4324 3761 4362; x_wconf 77' lang='lat' dir='ltr'><strong>erant-</strong></span> 
     </span>
    </p>
   </div>
   <div class='ocr_carea' id='block_1_109' title="bbox 2174 4377 3749 4449">
    <p class='ocr_par' dir='ltr' id='par_1_109' title="bbox 2174 4377 3749 4449">
     <span class='ocr_line' id='line_1_109' title="bbox 2174 4377 3749 4449; baseline 0.002 -19"><span class='ocrx_word' id='word_1_737' title='bbox 2174 4377 2459 4449; x_wconf 80' lang='lat' dir='ltr'><strong>legisperiti</strong></span> <span class='ocrx_word' id='word_1_738' title='bbox 2482 4417 2498 4439; x_wconf 93' lang='lat'><strong>,</strong></span> <span class='ocrx_word' id='word_1_739' title='bbox 2537 4388 2585 4431; x_wconf 82' lang='lat' dir='ltr'><strong>et</strong></span> <span class='ocrx_word' id='word_1_740' title='bbox 2638 4380 2733 4431; x_wconf 81' lang='lat' dir='ltr'><strong>alii</strong></span> <span class='ocrx_word' id='word_1_741' title='bbox 2771 4377 3080 4432; x_wconf 47' lang='lat' dir='ltr'><strong>lerisa&#39;iy</strong></span> <span class='ocrx_word' id='word_1_742' title='bbox 3112 4377 3248 4432; x_wconf 87' lang='lat' dir='ltr'><strong>Nam</strong></span> <span class='ocrx_word' id='word_1_743' title='bbox 3302 4377 3568 4433; x_wconf 66' lang='lat' dir='ltr'><strong>Pliarisa&#39;i</strong></span> <span class='ocrx_word' id='word_1_744' title='bbox 3607 4381 3749 4432; x_wconf 74' lang='lat' dir='ltr'><strong>vide-</strong></span> 
     </span>
    </p>
   </div>
   <div class='ocr_carea' id='block_1_110' title="bbox 2174 4449 3750 4519">
    <p class='ocr_par' dir='ltr' id='par_1_110' title="bbox 2174 4449 3750 4519">
     <span class='ocr_line' id='line_1_110' title="bbox 2174 4449 3750 4519; baseline 0.001 -19"><span class='ocrx_word' id='word_1_745' title='bbox 2174 4449 2368 4519; x_wconf 90' lang='lat' dir='ltr'><strong>bantur</strong></span> <span class='ocrx_word' id='word_1_746' title='bbox 2396 4458 2453 4501; x_wconf 88' lang='lat' dir='ltr'><strong>ut</strong></span> <span class='ocrx_word' id='word_1_747' title='bbox 2483 4450 2723 4501; x_wconf 83' lang='lat' dir='ltr'><strong>monachi</strong></span> <span class='ocrx_word' id='word_1_748' title='bbox 2753 4489 2765 4508; x_wconf 95' lang='lat'><strong>,</strong></span> <span class='ocrx_word' id='word_1_749' title='bbox 2799 4459 2844 4501; x_wconf 89' lang='lat' dir='ltr'><strong>et</strong></span> <span class='ocrx_word' id='word_1_750' title='bbox 2885 4450 2974 4516; x_wconf 86' lang='lat' dir='ltr'><strong>qui</strong></span> <span class='ocrx_word' id='word_1_751' title='bbox 3006 4449 3069 4500; x_wconf 87' lang='lat' dir='ltr'><strong>ab</strong></span> <span class='ocrx_word' id='word_1_752' title='bbox 3105 4449 3226 4502; x_wconf 82' lang='lat' dir='ltr'><strong>aliis</strong></span> <span class='ocrx_word' id='word_1_753' title='bbox 3271 4465 3326 4502; x_wconf 86' lang='lat' dir='ltr'><strong>se</strong></span> <span class='ocrx_word' id='word_1_754' title='bbox 3370 4449 3705 4519; x_wconf 85' lang='lat' dir='ltr'><strong>segregabam</strong></span> <span class='ocrx_word' id='word_1_755' title='bbox 3733 4468 3750 4510; x_wconf 68' lang='lat'><strong>,-</strong></span> 
     </span>
    </p>
   </div>
   <div class='ocr_carea' id='block_1_111' title="bbox 2178 4517 3752 4589">
    <p class='ocr_par' dir='ltr' id='par_1_111' title="bbox 2178 4517 3752 4589">
     <span class='ocr_line' id='line_1_111' title="bbox 2178 4517 3752 4589; baseline 0.001 -17"><span class='ocrx_word' id='word_1_756' title='bbox 2178 4517 2466 4588; x_wconf 82' lang='lat' dir='ltr'><strong>legisperiti</strong></span> <span class='ocrx_word' id='word_1_757' title='bbox 2497 4535 2612 4572; x_wconf 84' lang='lat' dir='ltr'><strong>vero</strong></span> <span class='ocrx_word' id='word_1_758' title='bbox 2636 4519 3014 4589; x_wconf 44' lang='lat' dir='ltr'><strong>Scribnﬁermtt</strong></span> <span class='ocrx_word' id='word_1_759' title='bbox 3039 4562 3052 4578; x_wconf 90' lang='lat'><strong>,</strong></span> <span class='ocrx_word' id='word_1_760' title='bbox 3081 4529 3130 4572; x_wconf 90' lang='lat' dir='ltr'><strong>et</strong></span> <span class='ocrx_word' id='word_1_761' title='bbox 3163 4517 3438 4579; x_wconf 61' lang='lat' dir='ltr'><strong>doctores,</strong></span> <span class='ocrx_word' id='word_1_762' title='bbox 3468 4517 3556 4589; x_wconf 81' lang='lat' dir='ltr'><strong>qui</strong></span> <span class='ocrx_word' id='word_1_763' title='bbox 3584 4521 3752 4574; x_wconf 86' lang='lat' dir='ltr'><strong>solve-</strong></span> 
     </span>
    </p>
   </div>
   <div class='ocr_carea' id='block_1_112' title="bbox 2176 4588 3747 4658">
    <p class='ocr_par' dir='ltr' id='par_1_112' title="bbox 2176 4588 3747 4658">
     <span class='ocr_line' id='line_1_112' title="bbox 2176 4588 3747 4658; baseline 0.003 -18"><span class='ocrx_word' id='word_1_764' title='bbox 2176 4592 2301 4641; x_wconf 85' lang='lat' dir='ltr'><strong>bant</strong></span> <span class='ocrx_word' id='word_1_765' title='bbox 2330 4589 2644 4658; x_wconf 71' lang='lat' dir='ltr'><strong>qua&#39;stiones</strong></span> <span class='ocrx_word' id='word_1_766' title='bbox 2675 4589 2821 4656; x_wconf 76' lang='lat' dir='ltr'><strong>legis.</strong></span> <span class='ocrx_word' id='word_1_767' title='bbox 2849 4588 3108 4643; x_wconf 75' lang='lat' dir='ltr'><strong>Tostatus</strong></span> <span class='ocrx_word' id='word_1_768' title='bbox 3135 4591 3186 4642; x_wconf 88' lang='lat' dir='ltr'><strong>in</strong></span> <span class='ocrx_word' id='word_1_769' title='bbox 3217 4606 3331 4656; x_wconf 87' lang='lat' dir='ltr'><strong>cap.</strong></span> <span class='ocrx_word' id='word_1_770' title='bbox 3370 4588 3503 4644; x_wconf 70' lang='lat' dir='ltr'><strong>um</strong></span> <span class='ocrx_word' id='word_1_771' title='bbox 3553 4589 3747 4644; x_wconf 80' lang='lat' dir='ltr'><strong>Matth.</strong></span> 
     </span>
    </p>
   </div>
   <div class='ocr_carea' id='block_1_113' title="bbox 2173 4659 3752 4728">
    <p class='ocr_par' dir='ltr' id='par_1_113' title="bbox 2173 4659 3752 4728">
     <span class='ocr_line' id='line_1_113' title="bbox 2173 4659 3752 4728; baseline 0.003 -18"><span class='ocrx_word' id='word_1_772' title='bbox 2173 4671 2359 4727; x_wconf 81' lang='lat' dir='ltr'><strong>qua&#39;sl.</strong></span> <span class='ocrx_word' id='word_1_773' title='bbox 2391 4675 2500 4711; x_wconf 74' lang='lat' dir='ltr'><strong>xu:</strong></span> <span class='ocrx_word' id='word_1_774' title='bbox 2532 4659 2807 4713; x_wconf 78' lang='lat' dir='ltr'><strong>Sciendum</strong></span> <span class='ocrx_word' id='word_1_775' title='bbox 2839 4660 2975 4728; x_wconf 83' lang='lat' dir='ltr'><strong>quod</strong></span> <span class='ocrx_word' id='word_1_776' title='bbox 3013 4661 3127 4713; x_wconf 77' lang='lat' dir='ltr'><strong>licet</strong></span> <span class='ocrx_word' id='word_1_777' title='bbox 3163 4671 3428 4725; x_wconf 69' lang='lat' dir='ltr'><strong>portantur</strong></span> <span class='ocrx_word' id='word_1_778' title='bbox 3449 4662 3530 4712; x_wconf 83' lang='lat' dir='ltr'><strong>Itic</strong></span> <span class='ocrx_word' id='word_1_779' title='bbox 3551 4661 3752 4714; x_wconf 77' lang='lat' dir='ltr'><strong>Scribm</strong></span> 
     </span>
    </p>
   </div>
   <div class='ocr_carea' id='block_1_114' title="bbox 2172 4728 3753 4799">
    <p class='ocr_par' dir='ltr' id='par_1_114' title="bbox 2172 4728 3753 4799">
     <span class='ocr_line' id='line_1_114' title="bbox 2172 4728 3753 4799; baseline 0.001 -18"><span class='ocrx_word' id='word_1_780' title='bbox 2172 4739 2220 4781; x_wconf 88' lang='lat' dir='ltr'><strong>et</strong></span> <span class='ocrx_word' id='word_1_781' title='bbox 2259 4728 2522 4782; x_wconf 79' lang='lat' dir='ltr'><strong>Phartsrri</strong></span> <span class='ocrx_word' id='word_1_782' title='bbox 2561 4741 2809 4796; x_wconf 84' lang='lat' dir='ltr'><strong>tanquam</strong></span> <span class='ocrx_word' id='word_1_783' title='bbox 2877 4729 3116 4782; x_wconf 83' lang='lat' dir='ltr'><strong>distincti</strong></span> <span class='ocrx_word' id='word_1_784' title='bbox 3147 4771 3159 4787; x_wconf 91' lang='lat'><strong>.</strong></span> <span class='ocrx_word' id='word_1_785' title='bbox 3193 4748 3294 4782; x_wconf 87' lang='lat' dir='ltr'><strong>non</strong></span> <span class='ocrx_word' id='word_1_786' title='bbox 3351 4732 3753 4799; x_wconf 74' lang='lat' dir='ltr'><strong>distinguuntur</strong></span> 
     </span>
    </p>
   </div>
   <div class='ocr_carea' id='block_1_115' title="bbox 2173 4799 3746 4855">
    <p class='ocr_par' dir='ltr' id='par_1_115' title="bbox 2173 4799 3746 4855">
     <span class='ocr_line' id='line_1_115' title="bbox 2173 4799 3746 4855; baseline 0.001 -4"><span class='ocrx_word' id='word_1_787' title='bbox 2173 4799 2309 4852; x_wconf 89' lang='lat' dir='ltr'><strong>inter</strong></span> <span class='ocrx_word' id='word_1_788' title='bbox 2341 4816 2394 4852; x_wconf 82' lang='lat' dir='ltr'><strong>se</strong></span> <span class='ocrx_word' id='word_1_789' title='bbox 2431 4800 2568 4852; x_wconf 84' lang='lat' dir='ltr'><strong>sicut</strong></span> <span class='ocrx_word' id='word_1_790' title='bbox 2622 4799 2926 4852; x_wconf 76' lang='lat' dir='ltr'><strong>Plturiswus</strong></span> <span class='ocrx_word' id='word_1_791' title='bbox 2962 4810 3010 4852; x_wconf 90' lang='lat' dir='ltr'><strong>et</strong></span> <span class='ocrx_word' id='word_1_792' title='bbox 3052 4799 3382 4854; x_wconf 77' lang='lat' dir='ltr'><strong>Sadducwus</strong></span> <span class='ocrx_word' id='word_1_793' title='bbox 3405 4841 3416 4855; x_wconf 92' lang='lat'><strong>.</strong></span> <span class='ocrx_word' id='word_1_794' title='bbox 3478 4805 3579 4854; x_wconf 81' lang='lat' dir='ltr'><strong>sive</strong></span> <span class='ocrx_word' id='word_1_795' title='bbox 3609 4803 3746 4854; x_wconf 85' lang='lat' dir='ltr'><strong>sicut</strong></span> 
     </span>
    </p>
   </div>
   <div class='ocr_carea' id='block_1_116' title="bbox 2173 4869 3742 4938">
    <p class='ocr_par' dir='ltr' id='par_1_116' title="bbox 2173 4869 3742 4938">
     <span class='ocr_line' id='line_1_116' title="bbox 2173 4869 3742 4938; baseline 0.001 -16"><span class='ocrx_word' id='word_1_796' title='bbox 2173 4870 2453 4937; x_wconf 83' lang='lat' dir='ltr'><strong>opposita:</strong></span> <span class='ocrx_word' id='word_1_797' title='bbox 2504 4870 2629 4938; x_wconf 89' lang='lat' dir='ltr'><strong>quia</strong></span> <span class='ocrx_word' id='word_1_798' title='bbox 2669 4870 2846 4923; x_wconf 84' lang='lat' dir='ltr'><strong>nullus</strong></span> <span class='ocrx_word' id='word_1_799' title='bbox 2902 4869 3208 4924; x_wconf 79' lang='lat' dir='ltr'><strong>Phariswus</strong></span> <span class='ocrx_word' id='word_1_800' title='bbox 3246 4881 3323 4924; x_wconf 84' lang='lat' dir='ltr'><strong>est</strong></span> <span class='ocrx_word' id='word_1_801' title='bbox 3377 4870 3742 4930; x_wconf 77' lang='lat' dir='ltr'><strong>Sadducwus:</strong></span> 
     </span>
    </p>
   </div>
   <div class='ocr_carea' id='block_1_117' title="bbox 2173 4939 3745 5010">
    <p class='ocr_par' dir='ltr' id='par_1_117' title="bbox 2173 4939 3745 5010">
     <span class='ocr_line' id='line_1_117' title="bbox 2173 4939 3745 5010; baseline 0.001 -18"><span class='ocrx_word' id='word_1_802' title='bbox 2173 4956 2335 5010; x_wconf 89' lang='lat' dir='ltr'><strong>neque</strong></span> <span class='ocrx_word' id='word_1_803' title='bbox 2377 4957 2404 4993; x_wconf 90' lang='lat' dir='ltr'><strong>e</strong></span> <span class='ocrx_word' id='word_1_804' title='bbox 2441 4941 2742 4998; x_wconf 85' lang='lat' dir='ltr'><strong>contrario,</strong></span> <span class='ocrx_word' id='word_1_805' title='bbox 2786 4941 2909 5008; x_wconf 84' lang='lat' dir='ltr'><strong>quia</strong></span> <span class='ocrx_word' id='word_1_806' title='bbox 2947 4951 3096 4993; x_wconf 86' lang='lat' dir='ltr'><strong>erant</strong></span> <span class='ocrx_word' id='word_1_807' title='bbox 3143 4952 3296 4993; x_wconf 67' lang='lat' dir='ltr'><strong>secta:</strong></span> <span class='ocrx_word' id='word_1_808' title='bbox 3332 4939 3622 5009; x_wconf 77' lang='lat' dir='ltr'><strong>dispm&#39;ala’</strong></span> <span class='ocrx_word' id='word_1_809' title='bbox 3647 4981 3660 4999; x_wconf 87' lang='lat'><strong>,</strong></span> <span class='ocrx_word' id='word_1_810' title='bbox 3695 4951 3745 4994; x_wconf 86' lang='lat' dir='ltr'><strong>et</strong></span> 
     </span>
    </p>
   </div>
   <div class='ocr_carea' id='block_1_118' title="bbox 2171 5010 3744 5079">
    <p class='ocr_par' dir='ltr' id='par_1_118' title="bbox 2171 5010 3744 5079">
     <span class='ocr_line' id='line_1_118' title="bbox 2171 5010 3744 5079; baseline 0.001 -17"><span class='ocrx_word' id='word_1_811' title='bbox 2171 5011 2325 5079; x_wconf 87' lang='lat' dir='ltr'><strong>quasi</strong></span> <span class='ocrx_word' id='word_1_812' title='bbox 2359 5011 2641 5078; x_wconf 70' lang='lat' dir='ltr'><strong>oppositae;</strong></span> <span class='ocrx_word' id='word_1_813' title='bbox 2667 5011 2756 5064; x_wconf 85' lang='lat' dir='ltr'><strong>sed</strong></span> <span class='ocrx_word' id='word_1_814' title='bbox 2782 5010 3179 5078; x_wconf 66' lang='lat' dir='ltr'><strong>distinguuntur</strong></span> <span class='ocrx_word' id='word_1_815' title='bbox 3201 5011 3337 5064; x_wconf 85' lang='lat' dir='ltr'><strong>sicut</strong></span> <span class='ocrx_word' id='word_1_816' title='bbox 3365 5013 3744 5077; x_wconf 81' lang='lat' dir='ltr'><strong>grammaticus</strong></span> 
     </span>
    </p>
   </div>
   <div class='ocr_carea' id='block_1_119' title="bbox 2172 5079 3743 5149">
    <p class='ocr_par' dir='ltr' id='par_1_119' title="bbox 2172 5079 3743 5149">
     <span class='ocr_line' id='line_1_119' title="bbox 2172 5079 3743 5149; baseline 0 -17"><span class='ocrx_word' id='word_1_817' title='bbox 2172 5089 2221 5132; x_wconf 86' lang='lat' dir='ltr'><strong>et</strong></span> <span class='ocrx_word' id='word_1_818' title='bbox 2254 5079 2584 5143; x_wconf 82' lang='lat' dir='ltr'><strong>dialecticus,</strong></span> <span class='ocrx_word' id='word_1_819' title='bbox 2611 5083 2735 5149; x_wconf 88' lang='lat' dir='ltr'><strong>quia</strong></span> <span class='ocrx_word' id='word_1_820' title='bbox 2765 5081 2882 5133; x_wconf 84' lang='lat' dir='ltr'><strong>licet</strong></span> <span class='ocrx_word' id='word_1_821' title='bbox 2904 5079 3052 5133; x_wconf 80' lang='lat' dir='ltr'><strong>aliud</strong></span> <span class='ocrx_word' id='word_1_822' title='bbox 3078 5083 3144 5134; x_wconf 86' lang='lat' dir='ltr'><strong>sit</strong></span> <span class='ocrx_word' id='word_1_823' title='bbox 3177 5082 3575 5147; x_wconf 81' lang='lat' dir='ltr'><strong>grammaticum</strong></span> <span class='ocrx_word' id='word_1_824' title='bbox 3611 5098 3743 5139; x_wconf 83' lang='lat' dir='ltr'><strong>csse,</strong></span> 
     </span>
    </p>
   </div>
   <div class='ocr_carea' id='block_1_120' title="bbox 2173 5149 3744 5218">
    <p class='ocr_par' dir='ltr' id='par_1_120' title="bbox 2173 5149 3744 5218">
     <span class='ocr_line' id='line_1_120' title="bbox 2173 5149 3744 5218; baseline 0.001 -16"><span class='ocrx_word' id='word_1_825' title='bbox 2173 5149 2322 5202; x_wconf 86' lang='lat' dir='ltr'><strong>aliud</strong></span> <span class='ocrx_word' id='word_1_826' title='bbox 2350 5151 2706 5216; x_wconf 84' lang='lat' dir='ltr'><strong>dialecticum,</strong></span> <span class='ocrx_word' id='word_1_827' title='bbox 2727 5161 2900 5203; x_wconf 89' lang='lat' dir='ltr'><strong>tamen</strong></span> <span class='ocrx_word' id='word_1_828' title='bbox 2933 5149 3066 5204; x_wconf 86' lang='lat' dir='ltr'><strong>idem</strong></span> <span class='ocrx_word' id='word_1_829' title='bbox 3095 5159 3261 5218; x_wconf 78' lang='lat' dir='ltr'><strong>potest</strong></span> <span class='ocrx_word' id='word_1_830' title='bbox 3295 5166 3406 5203; x_wconf 74' lang='lat' dir='ltr'><strong>esse</strong></span> <span class='ocrx_word' id='word_1_831' title='bbox 3428 5154 3744 5218; x_wconf 85' lang='lat' dir='ltr'><strong>grammati—</strong></span> 
     </span>
    </p>
   </div>
   <div class='ocr_carea' id='block_1_121' title="bbox 2172 5219 3741 5282">
    <p class='ocr_par' dir='ltr' id='par_1_121' title="bbox 2172 5219 3741 5282">
     <span class='ocr_line' id='line_1_121' title="bbox 2172 5219 3741 5282; baseline 0 -10"><span class='ocrx_word' id='word_1_832' title='bbox 2172 5235 2264 5273; x_wconf 87' lang='lat' dir='ltr'><strong>cus</strong></span> <span class='ocrx_word' id='word_1_833' title='bbox 2296 5229 2345 5273; x_wconf 87' lang='lat' dir='ltr'><strong>et</strong></span> <span class='ocrx_word' id='word_1_834' title='bbox 2375 5221 2704 5275; x_wconf 85' lang='lat' dir='ltr'><strong>dialecticus.</strong></span> <span class='ocrx_word' id='word_1_835' title='bbox 2739 5221 2828 5274; x_wconf 88' lang='lat' dir='ltr'><strong>Sic</strong></span> <span class='ocrx_word' id='word_1_836' title='bbox 2867 5222 3003 5274; x_wconf 90' lang='lat' dir='ltr'><strong>enim</strong></span> <span class='ocrx_word' id='word_1_837' title='bbox 3043 5219 3189 5273; x_wconf 85' lang='lat' dir='ltr'><strong>aliud</strong></span> <span class='ocrx_word' id='word_1_838' title='bbox 3227 5230 3303 5273; x_wconf 87' lang='lat' dir='ltr'><strong>est</strong></span> <span class='ocrx_word' id='word_1_839' title='bbox 3338 5236 3449 5273; x_wconf 86' lang='lat' dir='ltr'><strong>esse</strong></span> <span class='ocrx_word' id='word_1_840' title='bbox 3479 5219 3741 5282; x_wconf 85' lang='lat' dir='ltr'><strong>Scribam,</strong></span> 
     </span>
    </p>
   </div>
   <div class='ocr_carea' id='block_1_122' title="bbox 2172 5290 3746 5359">
    <p class='ocr_par' dir='ltr' id='par_1_122' title="bbox 2172 5290 3746 5359">
     <span class='ocr_line' id='line_1_122' title="bbox 2172 5290 3746 5359; baseline 0.001 -17"><span class='ocrx_word' id='word_1_841' title='bbox 2172 5307 2329 5358; x_wconf 89' lang='lat' dir='ltr'><strong>quam</strong></span> <span class='ocrx_word' id='word_1_842' title='bbox 2363 5290 2731 5344; x_wconf 67' lang='lat' dir='ltr'><strong>I’Itarisa&#39;um:</strong></span> <span class='ocrx_word' id='word_1_843' title='bbox 2766 5290 2889 5359; x_wconf 88' lang='lat' dir='ltr'><strong>quia</strong></span> <span class='ocrx_word' id='word_1_844' title='bbox 2935 5290 3175 5344; x_wconf 83' lang='lat' dir='ltr'><strong>Scribant</strong></span> <span class='ocrx_word' id='word_1_845' title='bbox 3203 5307 3346 5352; x_wconf 77' lang='lat' dir='ltr'><strong>esse,</strong></span> <span class='ocrx_word' id='word_1_846' title='bbox 3379 5301 3453 5342; x_wconf 87' lang='lat' dir='ltr'><strong>est</strong></span> <span class='ocrx_word' id='word_1_847' title='bbox 3493 5307 3602 5343; x_wconf 85' lang='lat' dir='ltr'><strong>esse</strong></span> <span class='ocrx_word' id='word_1_848' title='bbox 3655 5309 3746 5344; x_wconf 87' lang='lat' dir='ltr'><strong>sa-</strong></span> 
     </span>
    </p>
   </div>
   <div class='ocr_carea' id='block_1_123' title="bbox 2171 5360 3742 5431">
    <p class='ocr_par' dir='ltr' id='par_1_123' title="bbox 2171 5360 3742 5431">
     <span class='ocr_line' id='line_1_123' title="bbox 2171 5360 3742 5431; baseline 0.003 -20"><span class='ocrx_word' id='word_1_849' title='bbox 2171 5362 2397 5431; x_wconf 83' lang='lat' dir='ltr'><strong>pientem</strong></span> <span class='ocrx_word' id='word_1_850' title='bbox 2427 5361 2480 5414; x_wconf 86' lang='lat' dir='ltr'><strong>in</strong></span> <span class='ocrx_word' id='word_1_851' title='bbox 2514 5361 2654 5431; x_wconf 80' lang='lat' dir='ltr'><strong>lege;</strong></span> <span class='ocrx_word' id='word_1_852' title='bbox 2716 5360 3045 5414; x_wconf 76' lang='lat' dir='ltr'><strong>Pltaristcum</strong></span> <span class='ocrx_word' id='word_1_853' title='bbox 3076 5377 3188 5431; x_wconf 70' lang='lat' dir='ltr'><strong>esse</strong></span> <span class='ocrx_word' id='word_1_854' title='bbox 3207 5403 3219 5419; x_wconf 89' lang='lat'><strong>,</strong></span> <span class='ocrx_word' id='word_1_855' title='bbox 3265 5369 3380 5412; x_wconf 87' lang='lat' dir='ltr'><strong>erat</strong></span> <span class='ocrx_word' id='word_1_856' title='bbox 3411 5360 3600 5414; x_wconf 84' lang='lat' dir='ltr'><strong>habere</strong></span> <span class='ocrx_word' id='word_1_857' title='bbox 3628 5378 3742 5415; x_wconf 90' lang='lat' dir='ltr'><strong>mo-</strong></span> 
     </span>
    </p>
   </div>
   <div class='ocr_carea' id='block_1_124' title="bbox 2173 5429 3745 5484">
    <p class='ocr_par' dir='ltr' id='par_1_124' title="bbox 2173 5429 3745 5484">
     <span class='ocr_line' id='line_1_124' title="bbox 2173 5429 3745 5484; baseline 0.003 -4"><span class='ocrx_word' id='word_1_858' title='bbox 2173 5430 2299 5482; x_wconf 89' lang='lat' dir='ltr'><strong>dum</strong></span> <span class='ocrx_word' id='word_1_859' title='bbox 2325 5441 2523 5484; x_wconf 88' lang='lat' dir='ltr'><strong>certum</strong></span> <span class='ocrx_word' id='word_1_860' title='bbox 2545 5429 2741 5484; x_wconf 72' lang='lat' dir='ltr'><strong>ricendi</strong></span> <span class='ocrx_word' id='word_1_861' title='bbox 2772 5441 2818 5484; x_wconf 89' lang='lat' dir='ltr'><strong>et</strong></span> <span class='ocrx_word' id='word_1_862' title='bbox 2843 5439 3056 5483; x_wconf 85' lang='lat' dir='ltr'><strong>sectam.</strong></span> <span class='ocrx_word' id='word_1_863' title='bbox 3086 5429 3153 5481; x_wconf 84' lang='lat' dir='ltr'><strong>Et</strong></span> <span class='ocrx_word' id='word_1_864' title='bbox 3181 5443 3354 5482; x_wconf 82' lang='lat' dir='ltr'><strong>tamen</strong></span> <span class='ocrx_word' id='word_1_865' title='bbox 3377 5431 3566 5483; x_wconf 87' lang='lat' dir='ltr'><strong>accidit</strong></span> <span class='ocrx_word' id='word_1_866' title='bbox 3597 5448 3745 5484; x_wconf 74' lang='lat' dir='ltr'><strong>eum-</strong></span> 
     </span>
    </p>
   </div>
   <div class='ocr_carea' id='block_1_125' title="bbox 2173 5500 3744 5560">
    <p class='ocr_par' dir='ltr' id='par_1_125' title="bbox 2173 5500 3744 5560">
     <span class='ocr_line' id='line_1_125' title="bbox 2173 5500 3744 5560; baseline 0.003 -9"><span class='ocrx_word' id='word_1_867' title='bbox 2173 5500 2290 5553; x_wconf 87' lang='lat' dir='ltr'><strong>dem</strong></span> <span class='ocrx_word' id='word_1_868' title='bbox 2316 5519 2426 5554; x_wconf 79' lang='lat' dir='ltr'><strong>esse</strong></span> <span class='ocrx_word' id='word_1_869' title='bbox 2466 5501 2817 5559; x_wconf 71' lang='lat' dir='ltr'><strong>Pharisa&#39;um,</strong></span> <span class='ocrx_word' id='word_1_870' title='bbox 2853 5511 2903 5553; x_wconf 87' lang='lat' dir='ltr'><strong>et</strong></span> <span class='ocrx_word' id='word_1_871' title='bbox 2928 5501 3168 5554; x_wconf 87' lang='lat' dir='ltr'><strong>Scribam</strong></span> <span class='ocrx_word' id='word_1_872' title='bbox 3195 5541 3206 5560; x_wconf 92' lang='lat'><strong>,</strong></span> <span class='ocrx_word' id='word_1_873' title='bbox 3246 5501 3297 5550; x_wconf 88' lang='lat' dir='ltr'><strong>id</strong></span> <span class='ocrx_word' id='word_1_874' title='bbox 3335 5510 3410 5553; x_wconf 84' lang='lat' dir='ltr'><strong>est</strong></span> <span class='ocrx_word' id='word_1_875' title='bbox 3439 5500 3649 5554; x_wconf 87' lang='lat' dir='ltr'><strong>doctum</strong></span> <span class='ocrx_word' id='word_1_876' title='bbox 3689 5503 3744 5556; x_wconf 89' lang='lat' dir='ltr'><strong>in</strong></span> 
     </span>
    </p>
   </div>
   <div class='ocr_carea' id='block_1_126' title="bbox 2177 5564 3741 5640">
    <p class='ocr_par' dir='ltr' id='par_1_126' title="bbox 2177 5564 3741 5640">
     <span class='ocr_line' id='line_1_126' title="bbox 2177 5564 3741 5640; baseline 0.003 -18"><span class='ocrx_word' id='word_1_877' title='bbox 2177 5571 2301 5640; x_wconf 69' lang='lat' dir='ltr'><strong>legs.</strong></span> <span class='ocrx_word' id='word_1_878' title='bbox 2331 5571 2667 5626; x_wconf 78' lang='lat' dir='ltr'><strong>Maltlonatus</strong></span> <span class='ocrx_word' id='word_1_879' title='bbox 2693 5572 2775 5624; x_wconf 91' lang='lat' dir='ltr'><strong>vir</strong></span> <span class='ocrx_word' id='word_1_880' title='bbox 2808 5571 3158 5624; x_wconf 74' lang='lat' dir='ltr'><strong>doctissimus</strong></span> <span class='ocrx_word' id='word_1_881' title='bbox 3212 5564 3281 5620; x_wconf 68' lang='lat' dir='ltr'><strong>ad</strong></span> <span class='ocrx_word' id='word_1_882' title='bbox 3306 5587 3424 5640; x_wconf 89' lang='lat' dir='ltr'><strong>cap.</strong></span> <span class='ocrx_word' id='word_1_883' title='bbox 3454 5587 3492 5624; x_wconf 87' lang='lat' dir='ltr'><strong>ll</strong></span> <span class='ocrx_word' id='word_1_884' title='bbox 3524 5571 3741 5633; x_wconf 82' lang='lat' dir='ltr'><strong>Matth..</strong></span> 
     </span>
    </p>
   </div>
   <div class='ocr_carea' id='block_1_127' title="bbox 2177 5641 3746 5711">
    <p class='ocr_par' dir='ltr' id='par_1_127' title="bbox 2177 5641 3746 5711">
     <span class='ocr_line' id='line_1_127' title="bbox 2177 5641 3746 5711; baseline 0.002 -18"><span class='ocrx_word' id='word_1_885' title='bbox 2177 5641 2392 5695; x_wconf 79' lang='lat' dir='ltr'><strong>Scribas</strong></span> <span class='ocrx_word' id='word_1_886' title='bbox 2434 5645 2640 5708; x_wconf 84' lang='lat' dir='ltr'><strong>proprie</strong></span> <span class='ocrx_word' id='word_1_887' title='bbox 2669 5642 2902 5694; x_wconf 83' lang='lat' dir='ltr'><strong>notarios</strong></span> <span class='ocrx_word' id='word_1_888' title='bbox 2929 5642 3162 5709; x_wconf 82' lang='lat' dir='ltr'><strong>publicos</strong></span> <span class='ocrx_word' id='word_1_889' title='bbox 3197 5642 3360 5708; x_wconf 71' lang='lat' dir='ltr'><strong>[tisse</strong></span> <span class='ocrx_word' id='word_1_890' title='bbox 3390 5643 3573 5706; x_wconf 86' lang='lat' dir='ltr'><strong>docet,</strong></span> <span class='ocrx_word' id='word_1_891' title='bbox 3616 5661 3746 5711; x_wconf 90' lang='lat' dir='ltr'><strong>quo—</strong></span> 
     </span>
    </p>
   </div>
   <div class='ocr_carea' id='block_1_128' title="bbox 2179 5712 3744 5781">
    <p class='ocr_par' dir='ltr' id='par_1_128' title="bbox 2179 5712 3744 5781">
     <span class='ocr_line' id='line_1_128' title="bbox 2179 5712 3744 5781; baseline 0.003 -18"><span class='ocrx_word' id='word_1_892' title='bbox 2179 5729 2294 5764; x_wconf 86' lang='lat' dir='ltr'><strong>rum</strong></span> <span class='ocrx_word' id='word_1_893' title='bbox 2340 5713 2532 5779; x_wconf 67' lang='lat' dir='ltr'><strong>duplex</strong></span> <span class='ocrx_word' id='word_1_894' title='bbox 2563 5722 2676 5764; x_wconf 86' lang='lat' dir='ltr'><strong>erat</strong></span> <span class='ocrx_word' id='word_1_895' title='bbox 2708 5713 2930 5781; x_wconf 77' lang='lat' dir='ltr'><strong>ofﬁcium</strong></span> <span class='ocrx_word' id='word_1_896' title='bbox 2957 5751 2970 5774; x_wconf 90' lang='lat'><strong>,</strong></span> <span class='ocrx_word' id='word_1_897' title='bbox 3021 5713 3244 5764; x_wconf 81' lang='lat' dir='ltr'><strong>alterum</strong></span> <span class='ocrx_word' id='word_1_898' title='bbox 3292 5712 3500 5776; x_wconf 70' lang='lat' dir='ltr'><strong>publica</strong></span> <span class='ocrx_word' id='word_1_899' title='bbox 3542 5717 3744 5767; x_wconf 85' lang='lat' dir='ltr'><strong>instru—</strong></span> 
     </span>
    </p>
   </div>
   <div class='ocr_carea' id='block_1_129' title="bbox 2179 5782 3747 5850">
    <p class='ocr_par' dir='ltr' id='par_1_129' title="bbox 2179 5782 3747 5850">
     <span class='ocr_line' id='line_1_129' title="bbox 2179 5782 3747 5850; baseline 0.001 -15"><span class='ocrx_word' id='word_1_900' title='bbox 2179 5794 2353 5836; x_wconf 83' lang='lat' dir='ltr'><strong>menta</strong></span> <span class='ocrx_word' id='word_1_901' title='bbox 2390 5783 2738 5850; x_wconf 71' lang='lat' dir='ltr'><strong>rtmﬁricndi;</strong></span> <span class='ocrx_word' id='word_1_902' title='bbox 2779 5782 3004 5835; x_wconf 87' lang='lat' dir='ltr'><strong>alterum</strong></span> <span class='ocrx_word' id='word_1_903' title='bbox 3039 5800 3222 5834; x_wconf 78' lang='lat' dir='ltr'><strong>sacras</strong></span> <span class='ocrx_word' id='word_1_904' title='bbox 3252 5782 3552 5848; x_wconf 81' lang='lat' dir='ltr'><strong>Scripturas</strong></span> <span class='ocrx_word' id='word_1_905' title='bbox 3586 5786 3747 5836; x_wconf 64' lang='lat' dir='ltr'><strong>intrr—</strong></span> 
     </span>
    </p>
   </div>
   <div class='ocr_carea' id='block_1_130' title="bbox 2178 5851 3748 5921">
    <p class='ocr_par' dir='ltr' id='par_1_130' title="bbox 2178 5851 3748 5921">
     <span class='ocr_line' id='line_1_130' title="bbox 2178 5851 3748 5921; baseline 0.003 -18"><span class='ocrx_word' id='word_1_906' title='bbox 2178 5855 2454 5921; x_wconf 80' lang='lat' dir='ltr'><strong>prctandi,</strong></span> <span class='ocrx_word' id='word_1_907' title='bbox 2497 5864 2542 5906; x_wconf 87' lang='lat' dir='ltr'><strong>ct</strong></span> <span class='ocrx_word' id='word_1_908' title='bbox 2597 5871 2627 5907; x_wconf 83' lang='lat' dir='ltr'><strong>tt</strong></span> <span class='ocrx_word' id='word_1_909' title='bbox 2679 5851 2974 5921; x_wconf 56' lang='lat' dir='ltr'><strong>corruptela</strong></span> <span class='ocrx_word' id='word_1_910' title='bbox 3029 5854 3346 5909; x_wconf 79' lang='lat' dir='ltr'><strong>vindicandi.</strong></span> <span class='ocrx_word' id='word_1_911' title='bbox 3391 5853 3540 5911; x_wconf 85' lang='lat' dir='ltr'><strong>Unde</strong></span> <span class='ocrx_word' id='word_1_912' title='bbox 3583 5857 3748 5910; x_wconf 82' lang='lat' dir='ltr'><strong>iidem</strong></span> 
     </span>
    </p>
   </div>
  </div>
