4204 6370
486 376 592 432 εις

1195 378 1565 437 ΑυνΕῐιὸυδ
1603 377 1946 436 HERESES
1977 379 2104 435 LIB.
2147 379 2188 436 ι.
2229 378 2392 436 ΤΟΜ.
2436 379 2476 434 Ι.
2518 409 2588 419 -
2628 375 2899 432 ίΙΑῖΒΕδ.
2934 373 3050 430 XV.

3636 368 3746 427 2156

489 491 679 563 ἱμάτια
728 489 1028 552 ἐπετίθετο,
1074 493 1320 546 τουτέστι
1349 494 1558 548 πλατέα
1607 496 1825 567 σήματα
1856 494 2064 567 πορφύ-

2173 494 2371 565 gelium
2413 491 2725 547 meminerit
2758 491 2805 555 ⁸,
2833 489 3105 560 suspicari
3149 488 3418 559 quispiam
3451 488 3646 559 possit,
3674 488 3746 546 de

490 597 591 652 ρας
636 578 769 650 (9T).
812 579 1071 650 Νομίσειε
1102 580 1146 633 δ’
1192 583 1258 636 ἄν
1296 599 1402 648 τις,
1440 583 1735 655 ἐπειδήπερ
1762 585 1858 637 καλ⁸
1889 586 1947 636 ὲν
1988 581 2068 654 τῷ

489 672 803 742 Εὐαγγελιῳ
828 672 851 702 ²
880 670 1055 742 τούτῳ
1084 674 1403 744 ἐμφέρεται,
1439 674 1514 746 μὴ
1547 676 1656 746 ἄρα
1701 675 1721 707 ³
1751 676 2067 746 περιάπτων

485 764 656 833 λέγει.
706 765 923 836 Ἐπειδὴ
970 765 1081 837 γὰρ
1126 766 1220 819 καὶ
1261 766 1481 821 εἰώθασί
1509 785 1651 831 τινες
1676 768 1743 821 τὰ
1790 770 2067 839 περίαπτα

489 854 836 927 φυλακτήρια
885 856 1198 927 ὀνομάζειν·
1233 857 1333 911 οὐκ
1376 858 1490 928 ἔχει
1522 859 1580 912 δὲ
1612 861 1641 912 ὁ
1684 860 1843 928 λόγος
1877 859 1937 913 τὸ
1960 877 2066 913 πα-

492 946 672 1017 ράπαν
702 947 830 1018 περὶ
861 946 1052 1000 τούτου
1072 963 1086 979 ο
1119 948 1233 1002 ἀλλ’
1260 949 1445 1020 ἐπειδὴ
1477 950 1693 1015 στολὰς,
1723 953 1822 1005 εἴτ’
1846 949 1937 1005 οὖν
1964 953 2067 1023 dp.-

491 1036 726 1106 πεχόνας
772 1037 820 1089 οί
863 1036 1092 1091 τοιοῦτοι
1134 1038 1513 1105 ἀνεϐάλλοντο,
1558 1042 1652 1095 καὶ
1698 1042 2062 1116 Δαλματικὰς,

488 1128 587 1181 εἶτ’
614 1124 706 1182 οὖν
755 1128 1098 1194 Κολοὸίωνας
1143 1132 1208 1184 ὲκ
1256 1131 1625 1202 πλατυσήμων
1664 1135 1753 1188 διὰ
1779 1136 2065 1207 πορφύρας

488 1220 882 1291 ἀλουργοῠφεῖς
922 1224 1454 1294 κατεσκευασμένας,
1501 1227 1569 1279 τὰ
1614 1227 1670 1279 δὲ
1706 1228 1925 1297 σήματα
1967 1230 2067 1299 τῆς

489 1311 777 1383 πορφύρας
807 1312 1154 1385 φυλακτήρια
1175 1313 1428 1369 εἰώθασιν
1458 1317 1509 1370 οἱ
1543 1318 1908 1389 ήκριϐωμένοι
1934 1337 2064 1389 μετ-

486 1403 805 1473 ονομάζειν⁸
854 1404 1045 1458 τούτου
1087 1405 1274 1461 ἕνεκεν
1320 1408 1665 1481 φυλακτήρια
1704 1410 1842 1463 αὑτά
1903 1411 1997 1463 καὶ
2038 1413 2067 1464 ὁ

488 1493 694 1565 Κύριος
722 1498 841 1548 κατ’
888 1496 1128 1561 ἐκείνους
1158 1497 1365 1570 εἴρηκε.
1401 1499 1562 1569 Δηλοί
1601 1499 1659 1552 δὲ
1699 1502 1733 1571 ή
1778 1500 2066 1554 ἀκολουθία

486 1586 585 1658 τήν
635 1587 838 1665 φράσιν.
884 1588 985 1657 τῆς
1033 1588 1348 1659 ὀνομασίας,
1391 1592 1486 1645 καὶ
1532 1591 1601 1644 τὰ
1646 1592 1926 1663 κράσπεδα
1958 1592 2066 1646 τῶν

487 1680 752 1751 ἱματίων·
782 1681 851 1734 τὰ
884 1682 1187 1753 κράσπεδα,
1222 1683 1309 1737 ἵνα
1359 1685 1489 1758 είπῃ
1534 1685 1831 1755 κροσσοιὶς⁸
1867 1687 1961 1739 καὶ
1996 1685 2065 1739 τὰ

485 1770 850 1842 φυλακτήρια,
906 1772 992 1824 ῐνα
1042 1771 1172 1842 εἴπῃ
1223 1772 1323 1842 τῆς
1371 1771 1656 1844 πορφύρας
1708 1772 1779 1825 τὰ
1825 1775 2063 1844 σήματα.

2171 584 2428 639 amuletis
2454 583 2541 638 hic
2575 597 2893 637 sermonem
2924 580 3142 635 institui
3171 596 3185 631 :
3211 580 3356 649 quod
3401 594 3432 632 a
3463 579 3744 635 nonnullis

2171 679 2409 733 amuleta
2465 677 2809 748 phylacteria
2851 682 3138 730 vocentur.
3170 672 3373 729 Verum
3429 674 3589 743 longe
3634 674 3742 728 alia

2171 771 2314 824 ratio
2339 779 2441 825 est.
2496 768 2707 838 Quippe
2749 783 2873 822 cum
2906 766 3084 830 stolis,
3115 766 3231 820 sive
3286 766 3600 820 vestimenti
3650 781 3742 836 ge-

2172 880 2302 920 nere
2334 864 2571 934 quodam
2612 870 2895 918 uterentur
2924 862 3035 925 isti,
3084 860 3233 932 quod
3267 860 3617 925 Dalmaticas,
3647 870 3743 915 aut

2171 956 2401 1012 Colobia
2429 955 2709 1026 appellare
2739 970 3053 1025 possumus,
3104 969 3225 1024 quae
3269 953 3625 1022 amplioribus
3674 968 3739 1006 ex

2171 1062 2413 1117 purpura
2431 1046 2845 1117 segmentis33
2861 1055 3017 1102 erant
3047 1047 3273 1102 intexta.
3306 1044 3587 1115 Ejusmodi
3614 1060 3741 1114 por-

2170 1154 2234 1193 ro
2279 1148 2546 1209 segmata,
2582 1138 2674 1209 qui
2736 1139 3069 1194 accuratius-
3101 1139 3431 1208 loquuntur,
3458 1138 3743 1191 nominare

2172 1230 2505 1300 phylacteria
2543 1230 2743 1284 solent.
2779 1227 2984 1283 Horum
3013 1228 3467 1283 consuetudinem
3518 1235 3743 1282 secutus

2172 1319 2439 1375 Dominus
2457 1320 2646 1375 eadem
2682 1320 2772 1373 illa
2804 1319 3137 1390 phylacteria
3160 1320 3518 1388 nuncupavit.
3552 1317 3659 1373 Sed
3688 1327 3743 1373 et

2171 1412 2455 1481 sequentia
2479 1411 2547 1465 de
2578 1411 2898 1479 acceptione
2919 1410 3072 1466 vocis
3106 1410 3269 1466 istius
3322 1410 3469 1464 haud
3518 1409 3741 1465 dubiam

2170 1503 2329 1559 fidem
2374 1502 2606 1557 faciunt.
2661 1501 2897 1572 Suhjicit
2947 1503 3126 1568 enim;
3171 1512 3224 1557 et
3286 1502 3741 1557 vestimentorum

2168 1594 2469 1666 κράσπεδα,
2500 1594 2605 1649 hoc
2625 1603 2708 1649 est
2737 1594 2998 1651 ﬁmbrias.
3062 1592 3134 1647 Ita
3158 1600 3211 1646 et
3241 1593 3576 1665 phylacteria
3611 1607 3743 1663 pur—

2168 1686 2513 1755 pureosillos
2535 1701 2675 1756 quos
2701 1685 2813 1739 dixi
2852 1688 3036 1741 clavos
3091 1685 3400 1754 appellavit.
3451 1683 3740 1750 Quoniam,

2170 1776 2368 1847 inquit,
2398 1776 2641 1830 dilatatis
2671 1776 3018 1846 phylacteria,
3068 1787 3117 1831 et
3147 1774 3384 1844 ﬁmbrias
3409 1776 3744 1829 vestimento-

482 1838 622 1929 φησὶ
646 1838 754 1931 γάρ
772 1876 786 1890 ο
824 1860 955 1914 Ὀτι
980 1838 1317 1916 «datavere
1338 1861 1411 1916 τὰ
1436 1838 1833 1930 φυλακτήρια,
1868 1838 1964 1916 καὶ
1992 1863 2064 1916 τὰ

2168 1838 2286 1919 rum
2308 1838 2591 1935 ampliores
2622 1838 2798 1935 facilis
2823 1867 2865 1919 δ.
2919 1838 3455 1936 Etenimvcoiymbos
3513 1865 3743 1935 punico-

483 1950 797 2020 κράσπεδα
838 1950 955 2006 τῶν
1004 1953 1250 2022 ἱματίων
1280 1952 1446 2023 ὑμῶν
1473 1955 1860 2023 μεγαλύνετε.
1919 1955 2061 2008 Ῥοτ-

483 2058 648 2105 σκους
675 2042 782 2115 γάρ
814 2060 969 2106 τινας
1013 2044 1105 2097 ἐπὶ
1142 2043 1213 2099 τά
1254 2045 1495 2115 τέσσαρα
1528 2044 1636 2115 (98)
1670 2045 1940 2116 πτερύγια
1968 2046 2061 2100 τοῦ

477 2130 745 2205 τρίϐωνος
792 2135 1021 2199 ἕκαστος
1074 2130 1241 2206 εἶχεν,
1297 2136 1358 2201 ἐξ
1410 2137 1575 2191 αὐτοῦ
1630 2136 1726 2191 τοῦ
1794 2140 2065 2211 στήμονος

479 2225 940 2297 καταδεδεμένους
970 2228 1027 2279 ὲν
1060 2219 1107 2296 ᾧ
1151 2226 1329 2298 χρόνῳ
1354 2228 1761 2299 ὲνεκρατεύετο,
1792 2229 1825 2300 ἢ
1858 2230 2061 2299 παρθε-

477 2318 599 2369 νίαν
630 2318 808 2388 ήσκει.
857 2318 1077 2390 Ἐπειδὴ
1126 2318 1235 2391 γὰρ
1267 2318 1501 2383 ἕκαστος
1549 2319 1854 2391 ταξάμενος
1900 2321 2065 2394 ὥριζε

2164 1973 2287 2012 rum
2328 1959 2599 2012 malorum
2643 1958 2825 2028 specie
2847 1967 3086 2028 quatuor
3114 1975 3145 2013 e
3178 1959 3326 2027 pallii
3366 1957 3585 2013 laciniis
3618 1974 3746 2027 pen-

2167 2048 2378 2113 dentes,
2409 2056 2573 2118 atque
2596 2063 2660 2103 ex
2689 2049 2807 2118 ipso
2836 2049 3071 2104 stamine
3117 2049 3372 2119 alligatos
3400 2062 3466 2103 eo
3496 2056 3743 2117 tempore

2167 2140 2453 2210 gerebant,
2484 2154 2594 2209 quo
2644 2140 3039 2194 continentiam
3083 2147 3178 2193 aut
3210 2138 3592 2209 virginitatem
3624 2153 3745 2193 ser-

2168 2234 2390 2285 vabant.
2419 2229 2553 2284 Nam
2590 2232 2822 2301 quilibet
2850 2239 3061 2287 certum
3114 2231 3217 2287 sibi
3269 2242 3485 2301 tempus
3517 2231 3743 2285 castita-

2172 2324 2262 2387 tis,
2304 2333 2399 2377 aut
2421 2325 2776 2379 continentiae
2801 2324 3193 2395 praescribebat
3217 2340 3231 2389 ;
3291 2333 3453 2391 atque
3481 2323 3569 2376 illa
3596 2322 3745 2376 velut

550 2472 566 2502 ⁸
601 2468 793 2525 Matth.
825 2488 879 2536 v,
911 2470 1001 2527 25.
1078 2473 1099 2505 ³
1130 2470 1292 2529 Forte
1326 2472 1503 2527 τοῦτο.
1562 2473 1584 2505 ⁸
1622 2472 1783 2530 Deest
1806 2475 1956 2546 περί.
2032 2474 2053 2506 ⁸

2164 2475 2275 2532 ιιιὴ.
2312 2492 2466 2541 xxm,
2490 2478 2550 2534 ὅ.

477 2642 622 2700 com.
668 2627 735 2693 8,
770 2644 891 2700 cum
945 2627 1327 2685 mandatorum
1378 2644 1602 2686 suorum
1646 2629 1831 2700 iugem
1863 2639 1938 2700 iet
1971 2646 2061 2685 as-

480 2698 724 2771 siduam‘
756 2698 1160 2754 meditationem
1228 2702 1543 2771 praeciperet
1601 2698 1786 2756 Deus:
1851 2699 1921 2754 Et
1994 2703 2064 2754 li-

481 2768 672 2837 gabis,
714 2768 930 2838 inquit,
992 2788 1055 2824 ea
1112 2768 1267 2840 quasi
1328 2768 1536 2841 signum
1590 2772 1645 2825 in
1707 2787 1869 2841 manu
1928 2780 2060 2835 tua,

480 2850 732 2907 eruntque
770 2849 818 2892 et
852 2842 1190 2893 movebuntur
1224 2842 1358 2893 inter
1382 2840 1569 2894 oculos
1603 2851 1753 2907 tuos,
1800 2840 2061 2896 Hebraice

479 2931 632 3012 quin
674 2932 782 3012 ,νει
814 2909 1214 3012 manium.
1240 3008 1249 3012 Α
1273 2924 1559 2980 Chaldaeus
1609 2910 1825 3012 1,531+).
1854 2925 1926 2981 De
1956 2926 2065 3012 To-

479 3006 707 3073 taplioth
760 3016 867 3076 tam
899 3008 991 3076 fab
1044 3006 1322 3071 "eburis,
1365 3022 1527 3076 quam
1580 3006 1627 3059 a'
1659 3010 1861 3063 noslris
1913 3010 2063 3064 varie

481 3076 808 3140 disputatur.
852 3075 988 3129 LXX
1020 3092 1116 3145 pro
1154 3094 1217 3130 ea
1270 3075 1401 3132 voce
1426 3117 1440 3137 ,
1478 3077 1749 3129 άσάλευτα
1789 3078 2060 3135 reddunt:

482 3146 575 3218 καὶ
620 3145 1169 3218 ἔστωσανγάσάλευτα
1204 3146 1309 3218 πρὸ
1342 3146 1633 3216 ὀφθαλμῶν
1690 3165 1803 3207 σου,
1853 3156 1905 3201 et
1955 3151 2065 3202 sint

481 3215 795 3287 immobilia.
862 3217 929 3269 At
991 3215 1466 3287 Scaligerdnepte
1520 3215 1747 3271 Credidit
1787 3217 2058 3270 ἀσάλευτα

481 3286 623 3339 idem
655 3300 779 3338 esse
803 3326 817 3348 ,
853 3295 1015 3354 atque
1070 3286 1341 3340 antuleta:
1395 3304 1553 3351 quam
1592 3304 1765 3340 vocem
1793 3326 1808 3348 ,
1862 3288 2057 3355 inquit,

477 3357 818 3425 grammatici
872 3356 1104 3410 nondum
1137 3358 1191 3409 in
1237 3374 1335 3411 sua
1363 3355 1555 3410 chica
1594 3358 1903 3410 retulerunt.
1943 3356 2061 3410 Ita-

482 3442 580 3497 que
609 3425 746 3479 idem
781 3426 1204 3497 εειίάσάλευτον,
1234 3428 1325 3479 καὶ
1355 3428 1741 3497 φυλακτήριον,
1780 3426 1883 3480 Sed
1919 3429 2063 3482 unde

484 3495 587 3547 huc
618 3497 833 3549 tandem
863 3496 1067 3550 habet?
1094 3497 1226 3550 Nam
1258 3495 1530 3550 ἀσάλευτα
1558 3495 1664 3550 neu
1701 3498 2059 3561 substantive,

482 3565 755 3636 nequegad
793 3582 902 3621 rem
928 3578 1131 3621 certam
1168 3567 1577 3636 significandam
1605 3586 1617 3620 :
1652 3568 1745 3621 sed
1776 3567 2059 3633 adjective,

478 3643 538 3689 et
562 3634 829 3707 ἀορίστως
862 3634 1438 3707 ιιβιιι·ριιι·ιιιιι.Ἑι-ιιηι,
1472 3638 1668 3706 inquit,
1697 3639 1916 3689 immota
1943 3648 2063 3690 ante

483 3705 665 3775 oculos
697 3716 834 3759 tuos.
871 3705 1051 3771 Quare
1097 3707 1254 3775 friget
1290 3707 1404 3760 haec
1442 3722 1596 3761 nova:
1626 3707 2064 3775 vocisiobserva-

483 3774 582 3828 tio.
622 3775 796 3829 Locus
831 3785 915 3846 est
945 3776 1133 3829 Matth.
1166 3774 1324 3837 ixni.
1353 3777 1408 3839 5,
1442 3778 1497 3830 in
1528 3790 1638 3846 quo
1664 3782 1729 3829 ad
1755 3774 2063 3843 Totaphotli

483 3852 538 3915 et
598 3846 848 3915 frontalia
883 3845 1130 3901 Christus
1182 3856 1487 3915 respectum
1543 3845 1796 3901 habuisse
1830 3846 2061 3901 videtur.

484 3912 619 3985 Nam
670 3914 978 3969 Pltarismos
1036 3912 1452 3985 perstringens:
1509 3917 1750 3970 Dilatant
1780 3955 1820 3985 ,_
1867 3915 2063 3985 inquit,

483 3984 812 4056 phylocteria
858 4002 957 4039 sua
1010 3983 1060 4056 et
1106 3983 1449 4055 magniﬁcam
1497 3987 1757 4056 ﬁmbrias.
1791 3983 1962 4050 Quem
1998 3986 2065 4039 ad

488 4057 664 4107 locum
697 4055 1009 4124 llieronym.
1044 4055 1452 4126 Pharisaeorum
1493 4055 1932 4126 Superstitionem
1966 4071 2068 4108 no-

483 4132 607 4187 tat,
647 4126 739 4193 qui
786 4126 931 4194 quod
980 4126 1299 4194 simpliciter
1358 4143 1389 4179 a
1430 4125 1539 4182 Deo
1561 4124 1887 4180 'mandatuni
1925 4134 2064 4188 erat,

490 4203 550 4247 ut
581 4195 633 4247 in
669 4198 783 4263 lege
812 4196 1122 4249 meditanda
1158 4196 1607 4264 observandaque
1635 4195 1853 4249 assidue
1882 4210 2069 4249 versa-

488 4274 712 4330 rentur;
749 4268 933 4334 utique
963 4266 1054 4319 illa
1079 4277 1207 4323 ante
1236 4268 1427 4321 oculos
1458 4273 1717 4336 perpetuo
1749 4265 1907 4336 quasi
1950 4281 2068 4319 mo-

488 4336 787 4387 nimentum
815 4335 1088 4403 quoddam
1121 4344 1359 4390 exstaret
1388 4376 1403 4397 ,
1437 4335 1511 4389 ita
1535 4335 1873 4403 interpretati
1913 4343 2065 4398 sunt,

487 4407 646 4472 quasi
686 4404 1017 4475 descriptam
1067 4406 1120 4458 in
1168 4406 1502 4461 membranis
1547 4406 1717 4475 legem
1744 4444 1759 4467 ,
1791 4413 1847 4459 et
1878 4403 2070 4458 fronti-

487 4475 592 4527 bus
628 4474 923 4545 alligatam
970 4477 1173 4545 gestari
1230 4478 1564 4545 praaciperet.
1594 4474 1906 4545 fQuocirca
1953 4475 2067 4529 hmc

486 4544 675 4615 opinio
721 4543 1029 4615 Hieronymi
1081 4543 1462 4607 iniu—nullum
1503 4544 1717 4599 Judaaos
1748 4543 2063 4615 mandatum

490 4613 745 4669 habuisse
773 4613 840 4669 de
866 4613 1234 4685 pliylacteriis,
1265 4630 1329 4669 ac
1365 4615 1689 4669 frontalibus
1710 4614 2064 4679 membranis;

490 4686 585 4737 sed
613 4699 800 4755 crasse
842 4686 961 4739 illos
991 4695 1045 4738 et
1093 4686 1341 4755 imperite
1383 4687 1624 4739 divinum
1678 4685 1945 4755 monitum
1978 4698 2069 4738 ac-

488 4758 720 4823 cepisse.
764 4753 935 4820 Quam
964 4755 1035 4807 ob
1061 4752 1280 4810 causam
1316 4758 1579 4809 acerrime
1617 4770 1646 4807 a
1672 4752 1951 4822 Scaligero
1982 4771 2069 4809 re-

492 4824 793 4894 prehensus
823 4833 946 4891 est;
987 4827 1077 4894 qui
1119 4842 1184 4879 ex
1224 4826 1356 4894 ipsis
1389 4827 1520 4893 legis
1551 4826 1733 4879 verbis
1771 4832 1973 4892 pugnat
2013 4826 2066 4877 in

495 4893 763 4965 Elettcltoi,
816 4911 965 4965 cape
999 4893 1066 4959 8,
1118 4910 1181 4949 ea
1217 4893 1333 4965 ipsa
1386 4896 1715 4965 phylac-teria
1735 4896 2067 4965 praescripta

494 4964 684 5017 fuisse.
720 4964 835 5021 Non
884 4963 1097 5034 inlicior
1130 4963 1270 5019 idem
1326 4963 1400 5018 ρι’
1430 4963 1703 5034 plerisque
1734 4963 1836 5016 PP.
1874 4964 2066 5034 videri,

492 5042 549 5087 et
578 5038 626 5085 in
658 5036 848 5101 primis
876 5033 1093 5089 Iustino
1115 5075 1129 5095 ,
1162 5036 1216 5088 in
1248 5033 1472 5105 Dialogo
1517 5050 1636 5087 cum
1664 5033 1940 5103 Tryplione
1959 5033 2070 5105 ,_de

494 5106 772 5172 gestandis
802 5105 1197 5174 alligaudisque
1231 5102 1585 5169 frontalibus;
1629 5102 1943 5156 mandatum
1969 5102 2069 5156 Ju-

495 5176 627 5228 dzeis
689 5176 914 5229 editum.
950 5174 1054 5228 Sed
1097 5192 1159 5229 ex
1210 5177 1341 5243 legis
1376 5179 1475 5229 hoc
1522 5175 1700 5228 verbis
1740 5183 1922 5241 aperte
1954 5175 2070 5227 col-

494 5244 585 5313 ligi
626 5260 787 5313 posse
811 5286 825 5306 ,
854 5245 1000 5313 quod
1035 5253 1187 5314 putat
1219 5247 1459 5314 Scaliger
1484 5285 1498 5307 ,
1524 5246 1625 5298 hoc
1653 5260 1778 5297 vero
1811 5259 2067 5313 pernego.

498 5315 560 5385 Et
590 5315 759 5368 multo
789 5316 920 5368 mihi
953 5313 1287 5385 prehabilior
1328 5313 1640 5385 Hieronymi
1690 5313 1956 5385 sententia
1991 5316 2071 5365 vi-

494 5384 672 5448 detur,
702 5384 1222 5453 cumantiquissima
1253 5386 1560 5439 Judaeorum
1591 5384 1928 5438 consuetudo
1961 5398 2069 5435 non

497 5454 674 5522 majus
704 5456 802 5508 hac
842 5457 893 5506 in
923 5467 1074 5524 parte
1106 5456 1475 5524 praejudicium
1506 5454 1726 5514 afferat,
1751 5468 1911 5522 quam
1945 5468 2070 5506 sex-

495 5526 641 5596 centi
680 5525 771 5577 alii
804 5525 941 5596 ritus
989 5526 1433 5596 ιιργδευτερώσεις
1490 5526 1865 5596 nugacissimae
1888 5562 1902 5585 ,
1931 5537 2070 5596 quos

491 5594 606 5663 jam
655 5607 768 5647 tum
806 5595 1010 5647 Christi
1046 5594 1254 5649 Domini
1311 5606 1552 5665 tempore
1602 5610 1666 5647 ex
1719 5594 1852 5661 legis
1891 5594 2069 5665 verbis

498 5679 606 5734 non
642 5665 823 5719 minus
858 5667 1052 5719 stolide
1078 5706 1092 5727 ,
1148 5682 1309 5733 quam
1358 5664 1710 5734 pertinaciter
1761 5664 2067 5734 eliciebant.

497 5731 575 5788 De
603 5734 833 5790 ﬁmbriis
854 5736 1009 5789 aliter
1045 5731 1405 5790 sentiendum.
1433 5736 1640 5789 Etenim
1669 5731 1828 5786 Num.
1861 5748 1949 5794 xv,
1978 5733 2067 5793 38,

500 5806 777 5877 conceptis
819 5805 1002 5863 verbis
1044 5805 1311 5878 jubentur
1361 5806 1603 5875 ﬁmbrias
1650 5820 1745 5875 per
1785 5802 2071 5875 palliorum

2166 2634 2388 2702 angulos
2428 2634 2657 2697 habere,
2707 2634 3008 2701 iisdemque
3047 2634 3203 2686 vittas
3238 2631 3608 2700 hyacinthinus
3646 2633 3745 2687 ad-

2161 2704 2409 2773 jungere.
2440 2703 2709 2759 Fimbrias
2728 2703 2990 2758 llebraice
3015 2703 3192 2757 Moses
3218 2710 3416 2767 ruris;
3446 2702 3585 2756 LXX
3608 2703 3745 2774 κρά-

2170 2797 2359 2849 σπεδα.
2394 2794 2567 2851 Vittas
2597 2808 2773 2850 autem
2808 2796 2896 2850 ille
2926 2780 3100 2859 “una;
3133 2798 3220 2851 isti
3252 2795 3480 2865 κλῶσμα
3521 2804 3742 2849 vocant.

2172 2865 2246 2920 De
2270 2867 2466 2934 quibus
2499 2882 2605 2920 non
2634 2868 2809 2921 solum
2845 2866 3051 2920 Hebraei
3078 2907 3091 2930 ,
3118 2867 3212 2922 sed
3239 2877 3290 2921 et
3327 2875 3603 2921 nostrates
3637 2867 3745 2919 eri»

2169 2937 2260 2990 tici
2294 2938 2513 3006 copiose
2540 2938 2837 2991 disserunt.

2241 3003 2669 3074 (97)”Τουτέστι
2701 3008 2930 3059 πλατέα
2959 3005 3195 3074 σήματα
3228 3007 3553 3073 πορφύρας.
3610 3003 3743 3065 Mira

2168 3077 2419 3131 vocabuli
2475 3077 2637 3144 hujus
2698 3077 2805 3129 τῶν
2870 3076 3252 3147 φυλακτηρίων
3329 3077 3741 3147 interpretatio;

2168 3148 2353 3201 clavos
2406 3162 2528 3201 esse
2573 3162 2873 3216 purpureos
2911 3149 3077 3211 latos;
3130 3148 3223 3216 qui
3266 3146 3496 3200 colobiis
3533 3156 3586 3199 et
3618 3160 3744 3216 epo-

2168 3217 2407 3275 midihus
2439 3219 2804 3270 insuereutur.
2833 3217 2897 3269 ad
2933 3216 3180 3269 eumdem
3216 3217 3432 3269 modum
3460 3255 3474 3276 ,
3504 3231 3612 3284 quo
3638 3216 3746 3268 lto-

2163 3288 2309 3340 mani
2337 3296 2622 3341 senatores
2672 3288 2753 3340 sui
2796 3287 3005 3341 ordinis
3055 3287 3267 3355 insigne
3296 3286 3599 3355 gestabant.
3632 3286 3745 3338 Hoc

2162 3371 2313 3416 vero,
2348 3359 2591 3425 inquam,
2625 3356 3003 3410 admirandum
3037 3356 3219 3424 potius
3243 3397 3257 3419 ,
3301 3371 3464 3424 quam
3508 3357 3746 3409 autsine

2165 3426 2272 3480 alio
2299 3427 2495 3481 idoneo
2524 3436 2745 3481 auctore
2770 3427 2934 3481 nimis
2960 3426 3415 3493 amplectendam.
3446 3436 3538 3479 aut
3561 3427 3745 3479 acrius

2166 3496 2710 3565 reprehendendum;
2747 3498 2890 3565 quinl
2942 3497 2994 3549 in
3033 3496 3258 3549 Elencho
3294 3495 3535 3564 Scaliger
3585 3498 3745 3550 insti-

2166 3568 2290 3618 tuit.
2342 3568 2503 3634 Atqui
2554 3576 2734 3620 utrum
2788 3568 3105 3621 dalmaticas
3141 3567 3276 3620 istas
3327 3573 3380 3619 et
3430 3566 3753 3622 culobionas

2165 3636 2412 3691 clavatos
2438 3636 2695 3691 Pharisaei
2730 3636 2857 3688 olim
2889 3638 3180 3706 gesserint,
3210 3648 3383 3705 eaque
3413 3636 3745 3706 phylacteria

2166 3706 2411 3775 plerique
2442 3708 2860 3768 nominaverint,
2891 3724 3079 3768 necne,
3112 3707 3329 3760 aliunde
3356 3716 3609 3760 constare
3636 3721 3745 3759 non

2168 3774 2387 3845 potest,
2423 3785 2478 3831 et
2511 3793 2575 3831 ex
2606 3777 2902 3831 reconditis
2930 3774 3239 3831 Iudaeorum
3276 3776 3430 3830 libris
3459 3791 3522 3829 ac
3549 3776 3746 3830 ritibus

2167 3847 2336 3917 multa
2369 3846 2700 3917 Epiphanius
2732 3852 2905 3915 potuit
2935 3848 3240 3917 addiscere,
3276 3862 3397 3916 quae
3421 3846 3522 3900 hoc
3546 3848 3747 3899 saeculo

2166 3923 2220 3969 et
2261 3916 2537 3971 hodiernis
2562 3916 2762 3971 Judaeis
2800 3917 2981 3984 ignota
3010 3928 3159 3971 sunt.
3182 3916 3311 3970 Esto
3333 3917 3532 3983 igitur;
3560 3917 3745 3970 clavos

2164 3986 2327 4038 etiam
2357 3988 2662 4042 istiusmodi
2701 3986 3045 4056 φυλακτήρια
3087 3986 3556 4055 nuncupaverint,
3584 3986 3749 4054 vulgo

2169 4064 2349 4110 tamen
2380 4057 2723 4127 φυλακτήρια
2752 4056 2867 4127 illa,
2892 4072 3122 4123 quorum
3151 4057 3440 4111 Mattbazus
3474 4057 3743 4127 meminit.

2168 4142 2290 4178 eum
2328 4124 2657 4197 Hieronymo
2692 4126 2964 4195 pittaeiola
3006 4134 3056 4179 et
3085 4127 3497 4181 membranacea
3540 4124 3746 4179 fronta-

2170 4197 2241 4248 lia
2281 4198 2478 4250 eruditi
2511 4196 2758 4250 homines
2789 4196 3237 4264 interpretantur.

2241 4266 2354 4333 (98)
2396 4268 2702 4331 Ῥοτσκους
2734 4265 2843 4334 γάρ
2868 4263 3032 4330 τινας
3060 4266 3157 4317 ἐπὶ
3192 4264 3263 4317 τὰ
3282 4263 3567 4331 τέσσαρα.
3593 4263 3747 4334 Ridi-

2171 4337 2292 4389 cule
2338 4337 2577 4406 Scaliger
2634 4346 2692 4388 ut
2730 4333 3088 4404 Epiphaniam
3145 4336 3347 4406 erroris
3405 4343 3631 4406 arguat:
3685 4333 3746 4388 Si

2171 4407 2316 4458 mala
2348 4404 2542 4472 punica
2565 4445 2579 4468 ,
2608 4406 2822 4472 inquit,
2876 4422 2975 4458 non
3023 4404 3529 4476 ἱῃὶιιινηκράσπεδα.
3573 4405 3744 4476 Quasi

2174 4492 2281 4529 non
2339 4476 2502 4528 etiam
2564 4476 2769 4547 ῥοΐσκοι
2831 4479 2942 4547 τοῖς
2999 4474 3325 4543 κρασπέδοις
3381 4475 3588 4544 alligari
3650 4490 3748 4544 po-

2098 4530 2142 4585 D
2173 4547 2406 4604 tuerint;
2446 4558 2502 4598 ut
2541 4530 2591 4599 et
2624 4546 2809 4613 spinas
2833 4530 3149 4599 adhibuisse
3173 4586 3185 4607 ,
3227 4530 3337 4609 quo
3366 4530 3615 4598 cruorem
3647 4530 3749 4598 eli-

2171 4626 2376 4681 cereut,
2400 4624 2636 4669 testatur
2665 4616 3043 4686 Hieronymus.
3076 4614 3184 4668 Nec
3217 4618 3418 4677 obstat,
3452 4614 3597 4686 quod
3631 4617 3745 4686 ῥοΐ-

2173 4702 2335 4749 σκους
2368 4701 2613 4759 suu_i_mus
2645 4685 2901 4759 sacerdos
2938 4688 3037 4759 sv”
3064 4687 3421 4759 ἀρχιερατικῇ
3464 4685 3747 4755 στολῇςυ-

2170 4759 2414 4809 staverit.
2458 4755 2591 4808 Nam
2625 4758 2870 4811 diversos
2900 4757 2967 4809 ab
3008 4755 3117 4809 illis
3154 4755 3275 4807 eum
3318 4755 3544 4809 numero
3571 4794 3585 4817 ,
3631 4763 3743 4807 tum

2172 4830 2395 4880 materia
2421 4866 2435 4889 ,
2466 4827 2696 4895 aliisque
2729 4827 2778 4879 id
2818 4842 2988 4897 genus
3018 4825 3273 4878 Pharisaai
3299 4865 3312 4887 ,
3348 4841 3468 4879 cum
3501 4826 3554 4877 in
3592 4834 3747 4878 casto

2169 4906 2375 4965 essent,
2404 4912 2668 4965 usurpare
2708 4905 2974 4965 poterant.
3016 4897 3107 4948 Sic
3138 4897 3590 4965 paludamentum
3620 4908 3744 4965 cum

2169 4962 2555 5020 Romanorum
2578 4962 2741 5035 impp.
2779 4966 3055 5035 proprium
3092 4962 3271 5027 ama,
3300 4967 3459 5035 etiam
3485 4963 3747 5035 militibus

2172 5037 2510 5091 attribuitur.
2552 5034 2727 5106 Atque
2778 5047 2835 5090 ut
2868 5054 2895 5088 a
2918 5034 3123 5089 Iudaeis
3158 5052 3261 5087 non
3298 5034 3586 5106 recedam,
3622 5034 3746 5106 quis

2171 5110 2346 5160 nescit
2378 5109 2516 5160 inter
2556 5102 2753 5161 summi
2803 5106 3101 5160 sacerdotis
3135 5113 3312 5159 vestes
3363 5102 3538 5171 ephod
3564 5141 3578 5163 ,
3634 5105 3747 5156 sive

2172 5177 2269 5245 τὴν
2302 5176 2549 5246 ἐπωμίδα
2571 5218 2584 5239 ,
2622 5192 2684 5228 ac
2735 5175 3177 5243 superhumerale
3228 5176 3435 5246 inisse?
3470 5172 3543 5246 Et
3565 5181 3763 5246 tamen,

2172 5242 2279 5299 neu
2314 5242 2474 5300 modo
2504 5242 2813 5301 sai-erdouss
2858 5260 2921 5298 ac
2970 5246 3144 5297 levitze
3192 5245 3409 5306 caeteri;
3454 5242 3546 5295 sed
3581 5243 3747 5295 etiam

2172 5315 2295 5370 laici
2339 5318 2512 5386 epliod
2562 5317 2893 5377 induebant,
2939 5316 3014 5365 nti
3050 5314 3213 5366 David
3253 5315 3344 5367 lib.
3384 5314 3422 5386 ll
3455 5312 3586 5382 Reg.
3620 5327 3745 5386 cap:

2172 5402 2246 5450 VI,
2282 5381 2506 5441 Μίδεια
2532 5387 2632 5438 huc
2664 5386 2913 5438 videlicet
2945 5385 3143 5437 lincunt
3174 5393 3321 5437 erat:
3354 5381 3583 5435 alterum
3618 5381 3746 5434 illud

2171 5458 2488 5526 pontificum
2522 5457 2799 5524 proprium
2837 5467 3075 5523 quatuor
3112 5469 3174 5505 ex
3206 5454 3494 5526 coloribus
3522 5461 3747 5506 consta-

2173 5524 2286 5589 bat,
2314 5527 2625 5597 hyacintho,
2664 5526 3061 5597 bysso,_cocco,
3098 5538 3370 5597 purpura;
3405 5524 3496 5597 se_t_l
3529 5530 3583 5597 et
3613 5538 3746 5597 aura

2173 5584 2484 5651 eonleitum
2510 5584 2647 5648 erat.
2681 5584 3290 5660 VideHieronprist.
3331 5584 3397 5645 ad
3440 5591 3742 5647 Fabiolam.

2174 5667 2345 5721 Nimis
2375 5667 2538 5735 igitur
2570 5666 2773 5718 insulse
2802 5663 3064 5720 adversus
3104 5662 3466 5735 Epiphaniam
3502 5674 3755 5720 nostrum.

2175 5745 2586 5809 argumentatur
2616 5736 2876 5807 Scaliger.
