4204 6370
446 282 557 339 247

1857 293 1915 350 S.
1957 293 2300 351 EPIPHANII

3618 291 3724 350 2&8

448 404 698 474 exempla
731 406 1004 475 quaedam,
1033 415 1090 466 et
1127 409 1394 481 imagines
1418 420 1597 478 erant,
1647 412 1851 483 quibus
1877 416 2031 470 insti-
2061 443 2071 478 Α

2173 417 2324 488 αιρὸν
2368 416 2606 483 ἁγνείας,
2649 415 2682 485 ἢ
2726 413 3072 486 ἐγκρατείας,
3113 411 3403 466 καὶταῦτα
3433 410 3610 464 αὐτῶν
3657 425 3723 466 τα

450 506 628 552 tutum
661 515 821 554 suum
845 500 1256 571 exprimebant,
1316 519 1389 558 ne
1418 505 1546 575 quis
1579 512 1769 574 utpote
1811 515 2036 564 sanctos

455 591 688 647 auderet
715 593 1009 663 attingere.

524 761 773 830 Quatuor
801 765 946 836 apud
976 765 1196 822 eosdem
1238 769 1613 830 traditionum,
1655 784 1792 839 quas
1817 770 2039 841 δευτερ-

455 856 618 922 ώσεις
646 859 938 923 vocabant,
971 859 1123 916 lue-re
1162 876 1359 931 genera
1388 879 1401 915 :
1441 865 1675 932 primum
1719 859 1889 918 Musis
1922 876 2045 930 pro-

459 950 636 1021 pheta:
686 951 910 1007 nomine
947 961 1033 1008 est
1065 952 1432 1022 inscriptum;
1485 952 1808 1016 secundum,
1857 953 2046 1007 Akibze

457 1041 680 1096 cuidam
712 1043 999 1112 magistro,
1055 1044 1140 1099 vel
1166 1043 1448 1099 Barakibaa
1489 1045 1774 1111 tribuunt;
1821 1045 2043 1099 tertium

461 1133 697 1196 Andani,
733 1135 820 1189 vel
867 1134 1110 1200 Annani,
1157 1135 1253 1206 qui
1297 1143 1350 1190 et
1381 1133 1552 1191 Judas
1597 1136 2044 1207 diciturzquarti

461 1228 804 1283 Assatnonaai
860 1227 1002 1283 ﬁlios
1047 1239 1303 1285 auctores
1345 1228 1624 1299 jactitant.
1679 1228 1931 1296 Quatuor
1979 1245 2048 1285 ex

463 1317 888 1384 hiscel‘ontibus
936 1328 1229 1375 manarunt
1270 1335 1334 1376 ea
1379 1335 1500 1389 quae
1540 1321 1683 1391 apud
1733 1322 1856 1378 illos
1897 1321 2049 1376 inani

463 1410 702 1480 quadam
754 1412 1013 1482 opinione
1068 1412 1350 1483 sapientia:
1395 1413 1716 1477 constituta,
1769 1429 1893 1468 cum
1937 1414 2052 1470 sint

466 1499 649 1571 inepta
679 1501 960 1572 pleraque.
989 1503 1360 1573 praedicantur
1396 1501 1792 1569 nihilominus;
1825 1519 1888 1558 ac
1928 1515 2051 1558 tan-

465 1607 630 1661 quam
692 1595 762 1650 ab
827 1597 1113 1652 excellenti
1172 1597 1461 1667 disciplina
1530 1599 1776 1669 profecta
1837 1612 2052 1652 summa

466 1688 832 1742 ostentatione
862 1688 1237 1743 celebrantur.

821 1799 1196 1858 ADVERSUS
1233 1801 1653 1859 PHARlS/EOS
1678 1845 1692 1866 .

583 1914 718 1981 Qua:
747 1925 824 1969 est
855 1916 1068 1970 hieresis
1089 1915 1362 1972 Judaismi
1393 1917 1516 1980 III.
1549 1918 1735 1972 ordine
1766 1914 1932 1970 XVI.

543 2091 584 2146 1.
627 2091 943 2148 Secundum
979 2095 1167 2150 ambas
1209 2095 1332 2151 illas
1367 2096 1614 2166 proxime
1647 2094 2057 2150 Phariszeorum

475 2186 699 2242 haeresis
749 2188 1019 2257 sequitur,
1079 2188 1305 2244 alterius
1349 2188 1603 2260 generis;
1665 2187 1883 2242 tametsi
1932 2200 2057 2240 cum

475 2273 706 2341 Scribis,
745 2291 884 2346 quos
913 2277 1047 2349 legis
1083 2276 1337 2333 doctores
1390 2278 1840 2348 interpretantur,
1870 2276 2061 2331 eadem

475 2365 768 2422 sentirent.
817 2367 956 2420 Cum
999 2367 1065 2422 iis
1107 2369 1250 2422 enim
1303 2366 1437 2438 legis
1480 2382 1698 2437 quoque
1733 2365 1893 2436 periti
1925 2380 2062 2420 con-

475 2459 650 2528 juncti
685 2469 861 2513 erant.
894 2460 963 2512 At
997 2458 1259 2515 Pharisaei
1295 2460 1360 2514 ad
1400 2459 1595 2514 horum
1633 2460 1772 2514 ritus
1805 2459 1911 2513 alia
1939 2473 2065 2512 rur-

482 2565 580 2605 sus
648 2549 1019 2622 adjiciebant;
1067 2562 1116 2606 et
1168 2551 1538 2608 severioribus
1584 2566 1642 2606 se
1691 2551 1956 2606 institutis
2007 2565 2067 2604 a-

482 2643 841 2699 strinxerant.
874 2642 1107 2710 Quidam
1136 2646 1280 2699 enim
1318 2659 1442 2698 cum
1482 2659 1614 2699 suas
1647 2645 1769 2698 illas
1797 2645 2068 2699 exercita-

482 2737 662 2790 tiones
693 2735 1034 2800 adhiberent,
1062 2735 1274 2799 decem,
1305 2737 1390 2792 vel
1417 2744 1562 2802 octo,
1587 2736 1672 2791 vel
1701 2745 1938 2806 quatuor
1967 2751 2067 2790 an-

485 2841 682 2882 norum
716 2827 820 2883 sibi
852 2827 1027 2898 spatia
1052 2827 1420 2899 praeﬁgebant.
1451 2829 1654 2898 quibus
1674 2827 2066 2899 virginitatem,

485 2931 582 2974 aut
628 2918 1008 2974 castimoniam
1042 2920 1328 2988 colerent;
1376 2920 1480 2976 hoc
1528 2927 1745 2991 tempus
1790 2919 2070 2976 continuis

487 3012 744 3082 precibus
770 3013 1154 3079 traducebant,
1191 3022 1245 3067 et
1293 3013 1346 3068 id
1377 3014 1693 3070 certaminis
1730 3013 2070 3085 frequentius

486 3105 889 3170 instaurabant,
923 3123 990 3160 ne
1017 3105 1126 3178 34
1152 3107 1316 3159 ullam
1356 3105 1604 3176 corporis
1633 3106 1808 3160 labem
1841 3113 2066 3159 contra-

489 3197 702 3260 herent.
747 3216 883 3255 neve
919 3198 1104 3254 l‘urtim
1142 3206 1301 3269 turpe
1341 3199 1561 3268 aliquod
1597 3199 1652 3253 in
1697 3199 1906 3255 somnis
1941 3213 2067 3268 pro-

487 3291 712 3346 ﬂuvium
741 3291 1049 3361 obreperet.
1082 3289 1226 3360 Ergo
1268 3291 1360 3346 alii
1394 3292 1610 3346 tabulas
1635 3292 1702 3345 ad
1748 3306 1872 3346 eum
1905 3305 2066 3345 usum

489 3383 793 3453 parabant,
845 3380 1134 3438 latitudine
1181 3397 1289 3437 non
1337 3383 1572 3454 amplius
1613 3383 1922 3437 dodrantali
1965 3383 2068 3438 :in

484 3472 691 3543 quibus
719 3479 844 3542 post
872 3487 1152 3541 vesperam
1172 3471 1463 3541 iacebant;
1499 3481 1559 3525 ut
1590 3472 1636 3527 si
1666 3473 1901 3528 fortasse
1938 3473 2070 3528 dor-

491 3565 716 3629 mirent,
737 3565 791 3617 in
815 3563 1185 3633 pavimentum
1208 3564 1450 3634 prolapsi
1481 3580 1699 3619 rursum
1727 3579 1787 3620 se
1817 3565 1884 3619 ad
1904 3580 2071 3619 oran-

489 3657 623 3711 dum
651 3655 984 3719 excitarent;
1015 3670 1124 3725 quo
1170 3657 1348 3710 somni
1390 3657 1567 3726 quoad
1602 3657 1793 3712 liceret
1816 3665 2070 3726 expertes

569 3836 680 3905 (99)
733 3835 988 3900 Δευτέρα
1041 3834 1109 3888 δὲ
1143 3837 1230 3900 εὶς
1279 3835 1384 3888 τὸν
1438 3834 1813 3890 διδάσκαλον
1857 3834 2076 3889 αὐτῶν.

498 3907 699 3961 Eadem
728 3905 1104 3976 δευτερώσεῳν
1130 3921 1326 3976 genera
1357 3913 1640 3976 percenset
1667 3906 1856 3959 haeresi
1884 3921 2077 3976 χχχιιι,

499 3996 555 4032 n.
588 3977 642 4032 9.
675 3979 793 4042 Quo
823 3975 899 4030 ex
925 3975 1250 4028 ΙοουῬαϐὅὶ
1288 3975 1509 4030 Ἀκιὸἄν
1544 3991 1641 4046 pro
1672 3975 1982 4046 Βαρακιϐᾶν
2006 3977 2082 4046 le-

499 4049 856 4118 gendumhic
897 4047 1273 4118 admonemur.
1308 4044 1787 4118 l-ligest—illenis'i
1825 4046 1986 4118 l'al|o_r
2012 4044 2080 4098 R.

501 4114 695 4177 Altiba'.
727 4117 794 4171 de
825 4132 933 4186 quo
964 4117 1016 4168 in
1050 4114 1358 4186 Judaaorum
1383 4115 1710 4186 Kalendario
1743 4133 1776 4168 v
1810 4116 1898 4170 die
1927 4114 2074 4170 Tisri

503 4189 618 4244 haec
647 4185 882 4257 ascripta
912 4193 1038 4241 sunt
1062 4205 1075 4242 :
1105 4185 1172 4240 Β.
1201 4187 1366 4240 Akiba
1393 4187 1537 4256 ﬁlius
1564 4185 1759 4256 Ioseph
1792 4186 2076 4255 conjicitur

503 4261 560 4312 in
585 4258 812 4318 uincula,
841 4258 928 4310 ubi
963 4258 1208 4310 moritur.

577 4329 652 4404 (ι)
691 4327 1005 4404 Enr-ﬁgite
1035 4326 1143 4404 γὰρ
1188 4326 1391 4391 αὐτοῖς
1439 4327 1639 4404 καί-ὀί
1681 4327 1948 4404 Νομικ-οί.
1998 4325 2075 4382 De

507 4398 770 4483 Scaligeri
809 4398 1232 4479 hallucinatione
1263 4412 1455 4491 rsupra'
1481 4398 1716 4480 vidimus
1738 4399 1874 4491 ,ΓηΙυὶ
1917 4415 2073 4491 νρμι-
2112 4437 2153 4491 D

507 4468 635 4532 κούς
662 4467 932 4521 act-uarios
962 4483 1085 4522 esse
1109 4510 1124 4531 ,
1161 4483 1224 4522 ac
1257 4467 1602 4535 formularios
1639 4469 1890 4522 credidit.
1943 4468 2077 4521 Pro-

507 4541 690 4592 ximus
721 4539 847 4592 huic
879 4553 1034 4592 error
1074 4546 1191 4601 est;
1242 4539 1386 4606 quod
1434 4549 1752 4606 prmsmrtrm
1796 4538 2082 4606 Epiphanii

509 4609 688 4660 locum
725 4608 805 4660 sic
840 4608 1226 4676 interpretatus
1262 4615 1374 4670 est,
1410 4618 1470 4661 ut
1497 4609 1557 4661 τὸ
1581 4609 1766 4670 αὐτοῖς
1797 4608 1861 4661 ad
1891 4609 2084 4665 Phari-

509 4677 910 4748 steosrel‘erret
933 4717 948 4739 ,
975 4678 1176 4748 quibus
1219 4692 1344 4731 cum
1373 4679 1734 4732 versabantur
1761 4679 1810 4730 oi
1832 4677 2079 4748 νομικοί.

507 4746 871 4818 Epiphanius,
903 4747 1116 4818 inquit;
1150 4756 1328 4818 aperte
1371 4749 1496 4818 τους
1524 4749 1779 4818 νομικούς
1803 4746 2084 4816 distinguit

508 4815 621 4887 ἀπὸ
647 4816 755 4870 τῶν
808 4815 1295 4887 Νομοδιδασκὰλων
1321 4857 1336 4881 ,
1375 4816 1498 4887 *τῶν
1551 4815 1644 4871 καὶ
1686 4815 2082 4887 Γραμματέων.

509 4886 735 4958 Eosdem
768 4885 904 4958 enini
930 4886 1068 4958 facit
1086 4887 1123 4937 Γ
1129 4885 1472 4958 ραμματέας,
1495 4896 1548 4958 et
1562 4885 2084 4958 Νομοδιδασκάλους,

508 4976 543 5011 a
581 4957 769 5026 quibus
817 4956 1097 5026 distinguit
1129 4956 1254 5020 τοὺς
1308 4957 1617 5024 Νομικούς,
1645 4956 1800 5026 φασδ
1850 4969 2087 5012 accenset

510 5025 830 5097 Phariswis.
847 5025 998 5081 ‘Ideo’
1017 5036 1154 5081 recte
1194 5028 1303 5080 ait:
1340 5027 1586 5097 Συνῆσαν
1611 5029 1717 5097 γὰρ
1747 5029 1928 5091 αὐτοῖς
1949 5046 1961 5058 ·
1992 5030 2088 5082 καὶ

507 5099 560 5152 οἱ
599 5096 1128 5168 ΝομικοίηΕοάεηι,
1174 5096 1370 5168 inquit,
1415 5096 1526 5150 loco
1569 5096 1914 5152 censebantur
1944 5097 2092 5151 Pha-

510 5166 696 5233 risaei,
748 5179 798 5221 et
827 5166 1098 5236 Νομικοί,
1138 5166 1513 5236 qui—quamvis
1555 5184 1716 5220 unum
1761 5185 1951 5236 corpus
1997 5170 2091 5222 καὶ

510 5185 694 5233 man,
748 5185 798 5221 et
827 5185 904 5219 uo
955 5185 1098 5232 ικοι,
1138 5185 1226 5236 qui
1276 5185 1513 5236 quamvis
1555 5185 1716 5220 unum
1761 5185 1951 5236 corpus
1997 5185 2091 5222 και

510 5185 1068 5310 τάγμα-εηῑεξεύιαηι,
1118 5247 1289 5310 tamen
1339 5247 1454 5310 erat
1496 5237 1778 5310 discrimen
1824 5238 2091 5306 quoddam

511 5307 651 5361 inter
698 5307 1000 5362 Pharisazos
1027 5349 1040 5372 ,
1073 5307 1166 5360 καὶ
1197 5309 1322 5370 τοὺς
1352 5308 1626 5377 Νομικούς
1649 5325 1660 5338 ·
1697 5314 1831 5377 quod
1863 5312 2091 5364 severius

514 5379 817 5450 institutum
855 5389 988 5431 esset
1027 5377 1446 5450 Pharisteorum,
1479 5395 1638 5449 quam
1664 5380 1773 5432 τῶν
1808 5379 2088 5450 Νομικῶν.

515 5445 657 5518 ωηο
693 5448 1000 5502 Serrarium
1041 5449 1324 5518 imperitiae
1364 5445 1541 5518 arguit
1565 5488 1580 5508 ,
1619 5451 1763 5517 quod
1796 5451 1868 5502 ita
1893 5445 2090 5504 "vertit.

513 5516 812 5590 (ἷγηηιρἱρεὶε
822 5520 964 5571 enim
995 5516 1153 5572 iidem
1177 5527 1348 5580 erant,
1377 5516 1686 5590 etNomici,
1722 5537 1813 5574 seu
1845 5519 2093 5590 Legispe-

516 5586 748 5660 r_iti.ﬁSed
774 5587 1059 5660 Epiphanii
1084 5604 1310 5660 sensum
1335 5589 1574 5657 pessime
1599 5586 1986 5660 interpretatus
2002 5586 2095 5644 est

517 5656 780 5730 Scaliger.
813 5656 1108 5730 Etenimab
1127 5659 1307 5730 αὐτοῖς
1329 5656 1446 5730 non
1472 5661 1629 5730 alios,
1653 5656 1816 5730 quam
1843 5659 2094 5724 Scribas,

516 5727 634 5781 sive
659 5724 1162 5798 Νομοδιδασκάλους
1202 5728 1504 5800 signiﬁcat,
1538 5724 1620 5793 οἷς
1655 5724 1890 5794 συνῆσαν
1919 5731 2011 5784 καὶ
2044 5732 2093 5782 οἱ

2147 510 2474 578 πραπότυπα
2503 505 2590 579 ἦν,
2639 509 2718 570 είς
2744 509 2804 560 τὸ
2836 506 3120 577 ἐμφαίνειν
3161 507 3275 568 τοῖς
3322 502 3629 574 ἀνθρώποις
3659 505 3722 557 τὰ

2146 604 2277 672 παρ’
2306 603 2490 665 αὐτοῖς
2542 600 3009 670 ἐπαγγελλόμενα,
3039 599 3126 652 ἵνα
3172 598 3360 670 μηδεὶς
3399 597 3604 667 ἅψηται
3634 596 3725 667 δῆ-

2148 693 2239 746 θεν
2273 693 2380 745 τῶν
2413 692 2781 764 ήγιασμένων.

2217 784 2578 856 Δευτερώσεις
2621 784 2677 837 δὲ
2721 785 2854 856 παρ’
2884 784 3071 846 αὐτοῖς
3106 781 3372 853 τέσσαρες
3413 775 3588 852 ἦσαν’
3631 779 3726 850 μία

2153 877 2250 949 μὲν
2273 877 2352 940 είς
2384 876 2556 946 ὄνομα
2601 876 2882 939 Μωῦσέως
2929 874 3026 927 τοῦ
3069 875 3370 946 προφήτου,
3405 872 3638 941 δευτέρα
3671 870 3728 924 δὲ

2151 973 2232 1032 είς
2267 967 2361 1022 τὸν
2396 967 2716 1021 διδάσκαλον
2745 966 2926 1020 αὐτῶν
2964 966 3073 1037 (99)
3114 964 3335 1018 Ἀκιϐᾶν
3361 964 3502 1018 οὕτω
3527 962 3727 1016 καλού-

2154 1076 2336 1130 μενον,
2355 1057 2388 1128 ἦ
2413 1056 2724 1126 Βαρακιϐἄν
2741 1071 2757 1088 ·
2777 1056 2912 1126 ἄλλη
2929 1056 2985 1109 δὲ
3001 1059 3081 1119 εἰς
3102 1056 3194 1110 τὸν
3225 1055 3480 1126 Ἀνδᾶν,ἣ
3518 1054 3727 1114 Ἀννᾶν,

2152 1150 2244 1204 τὸν
2274 1149 2370 1204 καὶ
2423 1148 2657 1203 ἰούδανο
2702 1148 2865 1219 ἑτέρα
2901 1148 2958 1201 δὲ
2999 1150 3079 1211 εἰς
3103 1149 3228 1211 τοὺς
3261 1147 3412 1209 υἱοὺς
3447 1147 3734 1215 Ἀσσαμω⁴

2153 1243 2327 1296 ναίου.
2372 1243 2467 1294 Ἐκ
2509 1240 2714 1295 τούτων
2745 1241 2853 1294 τῶν
2881 1242 3162 1312 τεσσάρων
3193 1238 3592 1311 δευτερώσεων,
3632 1239 3733 1291 ὃσα

2157 1333 2287 1403 παρ’
2317 1333 2500 1395 αὐτοῖς
2525 1331 2837 1400 νενόμισται
2866 1333 3038 1402 οἰήσει
3065 1332 3278 1400 σοφίας,
3302 1330 3535 1399 ἀσοφίας
3573 1329 3627 1381 δὲ
3664 1327 3737 1380 τὰ

2157 1423 2405 1487 πλεῖστα,
2430 1424 2677 1494 αὐχεῖται
2703 1424 2800 1476 καὶ
2842 1423 3027 1495 ᾅδεται
3046 1440 3058 1454 ·
3109 1424 3204 1476 καὶ
3233 1425 3291 1476 ὲν
3321 1421 3473 1488 τάξει
3503 1437 3736 1492 προκρι-

2157 1514 2283 1576 τέας
2312 1513 2660 1578 διδασκαλίας
2691 1514 2880 1584 βοᾶταί
2907 1531 2966 1568 τε
2999 1515 3094 1567 καὶ
3116 1511 3437 1586 φημίζεται.

2644 1800 2836 1854 ΚΑΤΑ
2863 1800 3254 1866 ΦΑΡΙΣΑῙΩΝ,

2163 1917 2333 1986 Τρίτη
2373 1915 2605 1984 αἵρεσις
2627 1915 2746 1970 ἀπὸ
2772 1914 2879 1986 τοῦ
2917 1914 3312 1984 Ἰουδαΐσμοῦ,
3354 1897 3742 1984 ἑξκαιδεκάτῃ

2662 1986 2731 2039 δὲ
2768 1985 2842 2054 τῇ
2879 1986 3230 2052 ἀκολουθίᾳ.

2229 2104 2308 2156 Αν.
2347 2102 2584 2166 Ταύταις
2621 2102 2742 2165 ταῖς
2777 2101 2928 2155 δυσὶν
2963 2100 3219 2170 ἀἱρέσεσι
3262 2100 3383 2154 κατ’
3423 2099 3746 2155 ἀκολουθίαν

2164 2195 2432 2264 συνῆπται
2459 2197 2492 2265 ἡ
2527 2193 2638 2247 τῶν
2662 2193 2974 2267 Φαρισαίων
2996 2193 3228 2264 αἵρεσις,
3259 2191 3393 2264 ἄλλη
3420 2211 3524 2257 τις,
3552 2193 3748 2256 οἵτινες

2161 2287 2232 2340 τὰ
2287 2287 2428 2340 αὐτὰ
2463 2286 2676 2350 τούτοις
2713 2286 3007 2359 ἐφρόνουν·
3055 2285 3451 2358 Γραμματεῦσι
3497 2285 3553 2339 δέ
3580 2305 3746 2358 φημι,

2164 2381 2279 2442 τοῖς
2308 2378 2767 2450 ὲρμηνευομένοις
2800 2378 3294 2448 νομοδιδασκάλοις.
3350 2379 3594 2449 Συνῆσαν
3639 2379 3750 2448 γὰρ

2167 2473 2350 2536 αὐτοῖς
2372 2473 2468 2526 καὶ
2487 2473 2535 2524 οἱ
2558 2471 2792 2542 Νομικοί
2820 2470 2920 2543 (1).
2950 2470 3120 2524 Ἀλλα
3146 2470 3202 2523 δὲ
3228 2472 3320 2524 καὶ
3357 2471 3511 2543 παρὰ
3528 2471 3752 2535 τούτους

2170 2564 2334 2618 πάλιν
2384 2565 2433 2616 οἱ
2487 2565 2771 2635 Φαρισαῖοι
2831 2563 3129 2634 ἐφρόνουν,
3182 2563 3460 2625 πολιτείας
3532 2561 3752 2632 μείζους

2169 2655 2404 2726 ἔχοντες.
2446 2654 2600 2718 Τινὲς
2633 2653 2732 2724 μὲν
2766 2654 2875 2724 γὰρ
2923 2653 3122 2717 αὐτῶν,
3168 2653 3256 2706 ὅτε
3298 2654 3520 2724 ἦσκουν,
3554 2652 3752 2724 ὥριζον

2169 2745 2473 2806 δεκαετίαν,
2501 2745 2862 2816 ἢόκταετίαν,
2897 2744 2930 2816 ἥ
2955 2745 3273 2816 τετραετίαν
3290 2762 3303 2774 ·
3328 2745 3528 2815 ὁμοίως
3549 2743 3754 2816 παρθε-

2172 2839 2312 2901 νίας,
2347 2836 2757 2908 ἢὲγκρατείας,
2803 2836 3041 2907 συνεχῶς
3081 2836 3382 2907 εὐχόμενοι,
3422 2837 3754 2908 πυκνότερον

2173 2931 2361 3001 ἀγῶνα.
2381 2930 2568 2984 τοῦτον
2601 2930 2899 2990 ἐνίσταντο,
2941 2928 3029 2981 διὰ
3062 2929 3121 2982 τὸ
3148 2929 3309 3000 δῆθεν
3346 2929 3420 3000 μὴ
3445 2929 3755 3000 σωματικόν

2173 3041 2226 3078 τι
2257 3022 2474 3088 παθεῖν,
2514 3021 2548 3093 ἢ
2589 3021 2866 3092 κλαπῆναι
2891 3021 2956 3074 δι’
2987 3020 3307 3092 ὀνειράτων,
3340 3021 3476 3092 ἀηδῆ
3509 3038 3567 3073 τε
3601 3021 3756 3090 ῥύσιν

2097 3115 2140 3175 C
2175 3113 2428 3185 σώματος
2473 3109 2932 3184 ἀπεργαζομένην
2968 3111 3065 3182 (2).
3128 3113 3239 3164 Καὶ
3293 3113 3343 3164 οί
3396 3111 3493 3182 μὲν
3539 3111 3757 3174 σανίδας

2174 3205 2386 3267 ἑαυτοῖς
2426 3203 2778 3272 έφιλοκάλουν
2824 3201 3106 3272 σπιθαμῆς
3131 3202 3299 3273 μόνης
3330 3200 3391 3254 τὸ
3419 3199 3638 3264 πλάτος,
3663 3199 3758 3253 καὶ

2175 3297 2270 3350 ἐπὶ
2295 3295 2498 3366 ταύτην
2533 3295 2760 3358 ἑαυτοὺς
2797 3293 3043 3347 ἐτίθεσαν
3069 3293 3213 3347 κατὰ
3235 3293 3332 3364 τὴν
3356 3292 3617 3364 ἑσπέραν,
3645 3292 3755 3355 ἵνα,

2176 3387 2225 3439 εί
2259 3383 2527 3439 ὑπνώσειέ
2559 3401 2664 3448 τις,
2710 3385 2804 3437 καὶ
2843 3383 3142 3437 καταπέσοι
3181 3385 3258 3446 εἰς
3290 3381 3574 3450 τούδαφος,
3603 3378 3758 3446 αὖθις

2177 3475 2457 3548 ἐγείρηται
2479 3477 2558 3539 είς
2589 3475 2775 3546 εὐχὴν,
2806 3473 2895 3527 διὰ
2924 3474 2986 3527 τὸ
3025 3474 3301 3544 ἄγρυπνον
3339 3473 3481 3544 ἔχειν
3513 3472 3604 3525 τὸν
3646 3471 3760 3543 βίον

2178 3568 2317 3621 κατὰ
2370 3567 2431 3620 τὸ
2483 3566 2707 3620 δυνατόν
2732 3582 2745 3594 ·
2779 3565 2928 3619 ἄλλοι
2984 3564 3042 3618 δὲ
3089 3563 3370 3634 κάχληκας
3412 3562 3762 3630 συλλέγοντες

2177 3658 2390 3721 ἑαυτοῖς
2415 3656 2848 3729 ὑπεστρώννυον,
2881 3659 2962 3720 είς
2997 3656 3059 3709 τὸ
3093 3655 3452 3726 νυττομένους
3495 3654 3568 3724 μὴ
3609 3653 3762 3724 ὕπνῳ

2176 3837 2428 3922 Νομικοί·
2457 3834 2594 3922 Quis
2627 3835 2828 3922 sepius
2857 3835 3206 3922 ενειηεθιίεξεε
3233 3833 3475 3922 ﬁcales
3494 3839 3559 3922 ΕΡ
3579 3831 3764 3922 Rite}:

2178 3903 2310 3969 κούς
2345 3909 2505 3976 quasi
2539 3903 2834 3961 distinctos
2875 3903 3193 3968 nominant,
3216 3907 3456 3976 tametsi
3485 3919 3549 3958 ex
3571 3903 3762 3976 eodem

2179 3973 2377 4032 essent
2393 3977 2605 4038 ordine,
2643 3978 2806 4046 idque
2843 3977 2925 4030 vel
2952 3978 3073 4028 κατ’
3105 3975 3488 4046 ὲπεξήγησιν,
3525 3973 3604 4046 vel
3635 3975 3762 4040 quia

2181 4047 2500 4102 Scribarum
2523 4043 2835 4116 complures
2865 4055 3023 4100 erant
3061 4043 3302 4116 gradus,
3332 4043 3385 4099 et
3408 4043 3611 4116 ollicia,
3638 4058 3762 4116 cum

2183 4130 2231 4171 et
2274 4118 2529 4171 civilibus
2586 4118 2723 4172 forte
2779 4115 3157 4171 contractibus
3207 4133 3272 4169 ac
3321 4115 3762 4185 stipulationibus

2183 4196 2481 4257 praeessent
2509 4186 2691 4247 iidem,
2720 4195 2773 4241 et
2800 4190 2969 4256 legem
2993 4184 3488 4256 interpretarentur
3511 4204 3523 4238 :
3562 4184 3763 4257 Idcirco

2184 4253 2440 4329 συνῆσαν,
2479 4258 2684 4326 inquit.
2713 4261 2822 4321 τοῖς
2854 4253 3278 4329 Ῑ¹ραμματεῦσιν
3304 4257 3353 4309 οἱ
3382 4254 3633 4326 Νομικοί,
3663 4253 3763 4329 hoc

2181 4337 2266 4382 est
2305 4323 2575 4397 conjuncti
2624 4339 2775 4381 erant
2805 4367 2818 4391 ,
2869 4323 3034 4382 ιιίιυίιί
3081 4327 3268 4397 τάγμα
3309 4335 3364 4380 et
3413 4323 3612 4397 corpus
3656 4323 3766 4397 elli-

2182 4394 2419 4467 ciebant.
2454 4399 2498 4451 A
2524 4413 2632 4467 quo
2680 4415 2785 4451 non
2828 4399 3116 4451 admodum
3167 4394 3423 4450 abhorret
3462 4394 3764 4467 serrarius.

2185 4466 2320 4538 Nam
2351 4466 2768 4538 μεταλήπτικῶς
2793 4467 3127 4538 Epiphanius
3151 4468 3372 4529 indicat,
3397 4466 3616 4538 eosdem
3641 4480 3766 4517 cum

2189 4536 2398 4592 Scribis
2429 4536 2551 4592 esse
2575 4539 2701 4602 τοὺς
2727 4536 3035 4609 Νομιδξούς,
3074 4538 3202 4609 licet
3234 4536 3470 4609 συνεῖναί
3510 4552 3614 4587 τινι
3644 4551 3768 4603 pro-

2187 4609 2305 4677 prie
2337 4623 2440 4662 non
2478 4609 2568 4667 sit,
2600 4609 2738 4662 idem
2772 4607 2894 4662 ease
2923 4624 3047 4661 cum
3079 4608 3283 4676 aliquo.
3331 4607 3616 4659 Postremo
3647 4620 3770 4672 pcr-

2186 4695 2373 4748 perant
2417 4678 2602 4741 αὐτοῖς
2654 4679 2719 4730 ad
2772 4678 3079 4733 Phariseens
3114 4679 3307 4735 referri
3338 4717 3353 4736 .
3410 4678 3604 4748 docent
3646 4690 3770 4744 qua:

2187 4747 2434 4819 proxime
2462 4747 2848 4814 subjiciuntur.
2895 4748 3055 4801 Ἀλλὰ
3081 4749 3175 4800 καὶ
3204 4748 3356 4819 παρὰ
3382 4747 3628 4810 τούτους,
3656 4756 3765 4799 tam

2188 4817 2466 4888 Νομικούς
2491 4820 2719 4888 scilicet,
2749 4834 2911 4887 quam
2946 4817 3335 4888 Γραμματέας.

2261 4886 2338 4956 (2)
2382 4886 2560 4955 Ἀηδῆ
2606 4905 2670 4941 τε
2708 4886 2894 4955 ῥύσιν
2936 4886 3212 4957 σώματος
3265 4887 3766 4958 ἀπεργαᾷιμένην.

2189 4959 2932 5030 Scribendumipronuntiat
3002 4959 3244 5028 Scaliger
3306 4961 3446 5030 ἀήθη
3520 4961 3768 5027 ἔκκρισιν

2192 5030 2507 5097 σπέρματος
2561 5027 3046 5098 ἀπεργαζομένων.
3104 5027 3295 5084 Audax
3362 5027 3526 5084 nimis
3585 5043 3770 5083 emen-

2191 5099 2340 5153 datio
2379 5117 2390 5150 :
2437 5097 3156 5171 minimequenecessaria.
3206 5099 3340 5153 Nam
3388 5097 3770 5171 ἀπεργαζομὲο

2191 5185 2288 5238 νην
2325 5169 2558 5239 passive,
2612 5177 2669 5221 ut
2715 5169 2841 5223 alibi
2879 5185 3042 5238 saepe.
3085 5169 3190 5224 hoc
3227 5172 3349 5224 loco
3387 5167 3770 5239 sunipsit.__Est

2192 5236 2336 5294 enim
2355 5236 2556 5292 Graacae
2571 5240 2919 5310 proprietatis
2945 5236 3133 5310 parum
3152 5240 3354 5310 alioqui
3382 5236 3614 5308 diligens
3638 5237 3767 5306 Epi-

2193 5310 2448 5378 phanius,
2473 5317 2596 5362 utet
2613 5309 2841 5364 Photius
2859 5309 3129 5364 obServat.
3149 5309 3300 5374 Quod
3321 5310 3365 5365 si
3385 5311 3768 5378 commutatio;

2194 5377 2284 5433 his
2314 5379 2561 5450 nonnihil
2587 5397 2726 5448 opus
2751 5381 3022 5450 videatur,
3054 5396 3154 5450 ego
3179 5382 3250 5434 ita
3279 5381 3606 5449 concipiam,
3625 5377 3765 5448 ἀηδῆ

2196 5451 2354 5533 ῥύσιν
2373 5449 2630 5533 σώματος
2656 5449 3138 5533 απεργαζομένωνί
3169 5451 3424 5533 Intelligit
3456 5459 3632 5533 autem

2195 5518 2749 5590 Siveéﬁgvapw‘mdv.
2771 5518 2962 5589 Super
2991 5521 3091 5574 hac
3118 5518 3369 5588 éxxpio’et
3393 5529 3574 5575 exstat
3600 5518 3771 5571 Atha-

2195 5588 2730 5662 nasiiEpist—ola—ml
2769 5588 3017 5644 Animum
3059 5594 3372 5662 monac/lunt
3397 5607 3415 5644 .'
3446 5591 3538 5659 qui
3591 5605 3771 5660 quan-

2198 5660 2398 5713 tumvis
2435 5670 2634 5731 praeter
2674 5662 3009 5718 voluntatem
3059 5660 3348 5731 accideret,
3395 5669 3577 5716 utrum
3611 5662 3771 5730 culpa

2195 5738 2408 5786 careret
2439 5730 2870 5788 addubitaverat.
