4204 6370
519 350 625 400 2&9

1213 348 1581 404 ADVERSUS
1619 350 1961 406 "IERESES
2004 350 2127 406 LlB.
2165 353 2206 408 1.
2248 352 2412 409 TOM.
2457 353 2496 410 Ι.
2534 385 2600 395 --
2640 352 2911 408 ΗᾹΞΒΕΞ.
2944 352 3083 407 XVI.

3671 347 3781 407 250

524 463 974 535 βαϐεῖφὲρεσθαι,
1029 456 1485 532 ἀλλάβιάζεσθαι
1542 467 1839 538 γρήγορσιν
1880 471 2092 533 ἑαυτοῖς

2202 479 2403 524 mtatem
2448 471 2832 541 transigerent.
2890 470 2997 523 Alii
3055 468 3317 523 collectos
3367 468 3611 524 calculos
3651 471 3778 526 sub-

523 555 1016 628 προσπορίζεσϐαι·
1075 557 1221 610 ἄλλοι
1271 557 1328 609 δὲ
1379 558 1471 609 καὶ¹
1515 558 1756 621 ἀκάνθας
1810 560 2097 630 στρωμνὴν

523 644 670 720 εἶχον
694 649 782 701 διὰ
809 648 906 719 τὴν
947 648 1115 719 αὐτὴν
1140 649 1415 703 ὑπόθεσιν.
1466 650 1784 719 Ἐνήστευον
1809 651 1867 703 δὲ
1906 652 1988 713 δὶς
2018 652 2093 722 (5)

524 741 617 794 τοῦ
659 740 947 798 σαϐϐάτου.
984 739 1240 809 δευτέραν
1268 741 1362 792 καὶ
1397 739 1671 810 πέμπτην.
1704 741 2096 793 Ἀπεδεκάτουν

525 834 582 886 δὲ
618 832 714 902 τὴν
760 830 1057 884 δεκάτωσιν
1111 832 1187 900 (ι)
1212 848 1225 861 ·
1259 832 1359 894 τὰς
1390 831 1642 901 ἀπαρχάς
1678 831 1899 894 ἐδίδουν,
1941 848 2097 901 τρια-

528 921 787 983 κοντάδας
804 938 863 972 τε
899 922 995 974 καὶ
1016 921 1468 989 πεντηκοντάδας,
1500 922 1596 982 τάς
1624 937 1684 973 τε
1714 920 1899 981 θυσίας
1919 921 2094 986 ἀσφα-

525 1013 757 1066 λέστατα
788 1013 882 1065 κα)⁵
920 1014 1016 1074 τὰς
1053 1012 1217 1081 εὐχάς
1266 1012 1603 1065 ἀπετίννυον.
1633 1010 1723 1080 Τῴ
1759 1011 1813 1064 δὲ
1837 1027 2097 1081 προειρη-

530 1105 675 1176 μένῳ
705 1106 944 1175 σχήματι
969 1102 1078 1155 τῶν
1123 1103 1497 1173 Γραμματέων
1546 1105 1881 1173 προήρχοντο
1904 1103 1992 1155 διά
2018 1118 2099 1154 τοι

526 1200 624 1270 τῆς
643 1196 978 1269 ἀμπεχόνης,
1026 1196 1120 1249 καὶ
1160 1194 1249 1247 διὰ
1285 1195 1393 1247 τῶν
1440 1193 1612 1247 ἄλλων
1651 1196 1966 1264 σχημάτων,
2007 1195 2100 1246 καὶ⁵

528 1288 860 1357 γυναικικῶν
906 1287 1137 1357 ἱματίων
1181 1286 1255 1352 (5)
1286 1288 1343 1338 ἐν
1378 1286 1659 1349 πλατείαις
1686 1289 1805 1348 ταῖς
1846 1289 2098 1356 κρηπῖσι,

529 1383 625 1437 καὶ
658 1382 923 1451 γλώτταις
946 1379 1055 1431 τῶν
1091 1380 1450 1449 ὑποδημάτων
1483 1378 1780 1450 προϊόντες.
1826 1378 2100 1446 Ἐλέγοντο

527 1477 583 1528 δὲ
609 1475 909 1543 Φαρισαῖοι,
939 1471 1027 1524 διὰ
1053 1471 1114 1523 τὸ
1136 1470 1530 1541 ἀφορισμένους
1567 1466 1704 1522 εἶναι
1753 1470 1946 1533 αὐτοὺς
1993 1469 2100 1521 ἀπὸ

526 1566 635 1617 τῶν
658 1564 831 1619 ἄλλων
850 1562 938 1617 διὰ
955 1560 1054 1632 τὴν
1074 1561 1751 1633 ὲθελοπερισσοθρησκείαν
1774 1562 1901 1629 παρ’
1920 1560 2101 1622 αὐτοῖς

527 1652 943 1725 νενομισμένην.
980 1653 1155 1723 Φάρες
1205 1653 1314 1721 γὰρ
1363 1652 1502 1704 κατά
1556 1650 1654 1720 τὴν
1719 1649 1973 1721 Ἑϐραΐδα
2022 1649 2097 1721 (ϐ)

528 1745 889 1817 ἑρμηνεύεται
910 1743 1232 1815 ἀφορισμός.

600 2009 674 2060 B'.
717 2005 1040 2078 Ὠμολόγουν
1089 2006 1144 2058 δὲ
1203 1997 1347 2058 οὗτοι
1385 2006 1681 2059 ἀνάστασιν
1723 2003 1951 2073 νεκρῶν,
1980 2002 2100 2055 ὲπί-

530 2102 719 2156 στευὸν
752 2117 811 2152 τε
858 2099 1117 2168 ἀγγέλους
1173 2094 1333 2159 εἶναι,
1372 2098 1467 2150 καὶ
1512 2096 1754 2166 Πνεῦμα.
1797 2096 2099 2166 Ἠγνόησαν

526 2198 587 2250 δὲ
612 2197 739 2250 Υἱὺν
764 2196 921 2264 Θεοῦ,
942 2196 1016 2259 ὡς
1039 2197 1088 2247 οἱ
1122 2194 1290 2248 ἄλλοι.
1329 2194 1484 2247 Ἀλλὰ
1518 2195 1611 2246 καὶ
1639 2194 1970 2263 εἱμαρμένη,
2007 2191 2098 2245 καὶ

526 2287 859 2360 ἀστρονομία
889 2287 1015 2360 παρ’
1036 2289 1216 2349 αὐτοῖς
1248 2286 1451 2356 σφόδρα
1480 2284 1866 2356 ἐχρημάτιζεν.
1893 2285 2099 2336 Αὐτίκα

527 2379 658 2448 γοῦν
695 2379 763 2432 ea:
791 2379 1077 2450 Ἐλληνικά
1106 2380 1344 2448 ὀνόματα
1372 2378 1440 2431 τὰ
1465 2380 1530 2430 ὲκ
1557 2378 1655 2447 τῆς
1681 2377 1789 2429 τῶν
1816 2377 2097 2447 πεπλανη-

532 2472 710 2541 μένων
768 2471 1129 2542 ἀστρονομίας
1168 2470 1307 2524 κατά
1358 2468 1457 2539 τήν
1510 2468 1763 2538 Ἐϐραῖδα
1821 2468 2097 2521 διάλεκτον

530 2562 734 2635 ἑτέροις
779 2560 1004 2631 ὀνόμασι
1060 2561 1191 2631 παρ’
1244 2560 1427 2621 αὐτοῖς
1489 2556 1937 2627 μετωνόμασται·
1988 2550 2098 2609 οἷον

484 2644 676 2723 ¹ἥλιος
719 2652 1128 2722 Ἠμακαίσεμες
1199 2650 1297 2721 (7),
1354 2650 1547 2720 σελήνη
1599 2645 2096 2718 Ἰερεεκαιαλὸανὰ,

526 2743 648 2795 ὅθεν
684 2744 777 2796 καὶ
811 2744 971 2813 Μήνη
1001 2741 1262 2795 καλεῖται·
1314 2741 1477 2811 Ἰερεὲ
1505 2739 1615 2809 γὰρ
1650 2742 1678 2792 ὁ
1714 2739 1819 2810 μήν
1860 2738 2096 2806 λέγεται,

530 2835 685 2907 Μήνη
720 2836 775 2888 δὲ
800 2835 1020 2906 σελήνη,
1057 2834 1130 2897 ὡς
1169 2833 1263 2885 καὶ
1280 2834 1407 2901 παρ’
1432 2831 1655 2900 Ἕλλησι
1689 2830 1775 2883 διὰ
1805 2829 1895 2883 τὸν
1933 2831 2096 2901 μῆνα⁶

531 2928 703 2997 Ἀρης
727 2925 919 2995 Χωχὲό
958 2922 1172 2995 Ὀκμώλ
1196 2940 1209 2953 ’
1251 2920 1458 2992 Ἐρμῆς
1487 2918 1677 2989 Χωχὲὸ
1712 2918 1909 2988 Ὀχμόδ
1928 2935 1941 2948 ο
1967 2918 2103 2980 Ζεὺς

527 3017 717 3087 Χωχὲϐ
753 3016 926 3069 Βάαλ¹
968 3014 1254 3087 Ἀφροδίτη
1292 3012 1521 3083 Σεροῦα,
1573 3012 1691 3082 ήτοι
1713 3010 1921 3079 Λουήδ·
1959 3008 2101 3079 Κρό-

2198 562 2538 623 sternebant,
2584 575 2817 630 quorum
2847 560 3121 613 vellicatio
3166 559 3574 628 profundiorem
3630 576 3778 614 som-

2197 666 2327 704 num
2353 661 2585 714 arceret,
2643 660 2701 703 ut
2734 651 2816 704 vel
2862 650 3017 703 inviti
3061 649 3351 719 pervigiles
3387 666 3509 705 esse
3546 666 3779 707 consue-

2198 750 2436 796 scerent.
2476 741 2588 797 Nec
2625 742 2846 796 defuere
2894 742 2986 810 qui
3025 741 3218 795 iisdem
3266 742 3333 795 de
3374 744 3558 797 causis
3593 745 3780 813 spinas

2199 833 2550 900 subjicerent.
2584 833 2852 886 Caeterum
2885 833 2969 887 bis
3017 832 3358 886 hebdomada
3400 848 3618 902 quaque
3646 834 3781 903 jeju-

2199 939 2331 976 nare
2356 939 2473 977 mos
2503 923 2612 977 illis
2642 924 2765 986 fuit,
2799 923 3044 978 secunda
3068 922 3324 976 videlicet
3356 940 3420 977 ac
3451 926 3641 993 quinta
3668 927 3777 980 die.

2199 1014 2277 1066 Ad
2315 1014 2427 1068 haec
2455 1015 2791 1069 decimarum
2819 1016 3063 1070 decimas
3098 1014 3333 1078 dabant;
3363 1016 3631 1083 primitias
3657 1016 3781 1072 offe-

2200 1106 2411 1167 rebant,
2467 1108 2775 1161 tricesimas
2829 1114 2883 1160 et
2932 1106 3449 1176 quinquagesimas;
3506 1106 3781 1161 sacrificia

2199 1208 2434 1265 votaque
2496 1212 2595 1252 sua
2649 1197 3064 1252 accuratissime
3120 1197 3522 1267 persolvebant.
3582 1196 3780 1252 Cultus

2200 1288 2341 1342 idem
2373 1288 2505 1350 illis,
2546 1288 2640 1357 qui
2675 1298 2729 1342 et
2774 1287 3000 1347 Scribis.
3047 1288 3115 1341 de
3162 1303 3271 1356 quo
3301 1286 3546 1356 proxime
3575 1286 3779 1339 dictum

2199 1387 2303 1443 est,
2352 1379 2520 1434 vestis
2566 1380 2777 1434 scilicet
2825 1394 2888 1432 ac
2937 1380 3182 1448 reliquus
3241 1377 3492 1447 corporis
3540 1378 3779 1431 habitus.

2200 1466 2305 1521 Sed
2344 1476 2399 1522 et
2430 1469 2720 1523 muliebria
2748 1469 2970 1538 palliola
3018 1468 3325 1538 gestabant,
3373 1476 3428 1521 et
3465 1482 3589 1520 cum
3626 1467 3783 1520 latio—

2201 1560 2356 1614 ribus
2386 1560 2628 1629 crepidis
2659 1574 2723 1613 ac
2769 1561 3041 1614 solearum
3092 1559 3275 1628 ligulis
3319 1558 3612 1627 procedere
3647 1557 3783 1611 sole-

2200 1651 2355 1705 bant.
2405 1650 2507 1717 Qui
2546 1651 2669 1706 ideo
2723 1649 2985 1706 Pharisaei
3029 1650 3159 1705 dicti
3207 1657 3356 1713 sunt,
3393 1647 3539 1718 quod
3590 1655 3781 1703 essent

2204 1751 2421 1812 propter
2467 1743 2760 1797 aseititiam
2810 1742 2958 1795 illam
3011 1741 3560 1810 superstitiosamque
3607 1740 3775 1794 disci-

2130 1812 2172 1865 Β
2202 1836 2404 1903 plinam
2445 1849 2474 1887 a
2518 1836 2745 1903 reliquis
2781 1833 3037 1902 sejuncti.
3076 1832 3283 1887 Phares
3332 1832 3477 1887 enim
3521 1831 3783 1886 llebraice

2198 1927 2583 1994 separatione":
2608 1924 2901 1995 significat.

2269 2018 2331 2071 ll.
2376 2019 2709 2072 Mor-tuorum
2744 2033 2908 2087 porro
2959 2016 3423 2071 resurrectionem
3465 2031 3783 2085 persuasam

2200 2109 2496 2162 habebant.
2553 2109 2827 2174 Angelos.
2878 2123 2943 2161 ac
2989 2107 3241 2176 spiritum
3283 2122 3406 2161 esse
3464 2106 3783 2174 credebant.

2201 2201 2306 2255 Sed
2330 2212 2383 2253 ut
2409 2201 2590 2254 caeteri
2622 2199 2712 2253 Dei
2736 2198 2929 2252 Filium
2950 2199 3290 2267 ignorarunt.
3318 2195 3464 2262 Quin
3486 2196 3648 2249 etiam
3675 2195 3783 2247 fato

2199 2300 2254 2345 et
2280 2291 2632 2344 astronomia:
2654 2291 2947 2360 plurimum
2982 2289 3317 2342 tribuebant.
3346 2287 3681 2357 Argumenta
3703 2294 3783 2341 cst

2199 2382 2344 2451 quod
2386 2379 2573 2435 Graeca
2606 2381 2789 2434 omnia
2821 2380 3088 2433 vocabula
3126 2378 3440 2431 vanissima:
3478 2377 3625 2430 illius
3652 2377 3785 2430 artis

2201 2475 2422 2543 propria
2452 2473 2674 2527 totidem
2713 2473 2780 2525 ab
2818 2474 2886 2527 iis
2914 2471 3201 2525 Hebraicis
3244 2479 3372 2524 sunt
3400 2469 3611 2523 reddita
3639 2469 3784 2523 voci-

2200 2566 2322 2620 bus.
2376 2564 2621 2634 Exempli
2663 2579 2829 2618 causa
2883 2565 2965 2618 sol
3012 2561 3238 2615 llamma
3269 2571 3322 2616 et
3363 2560 3552 2615 Scines
3606 2560 3676 2613 ab
3719 2560 3786 2613 iis

2201 2658 2523 2726 appellatur.
2578 2655 2753 2719 Luna,
2809 2652 2967 2709 Jeree
3027 2661 3080 2708 et
3140 2652 3435 2706 llallebana
3479 2652 3674 2705 tunde
3730 2660 3785 2705 et

2202 2748 2356 2802 Mene
2405 2756 2676 2802 vocatur:
2712 2763 2833 2799 nam
2867 2744 3025 2799 Jeree
3083 2743 3310 2807 mensis,
3361 2752 3416 2797 et
3461 2744 3588 2795 luna
3634 2742 3787 2796 Mene

2201 2842 2440 2909 dicitur,
2469 2857 2532 2896 ac
2562 2840 2785 2911 perinde
2814 2847 2873 2893 ut
2912 2839 3052 2908 apud
3089 2837 3307 2891 Graecos
3337 2852 3365 2890 a
3394 2852 3583 2891 mense
3610 2836 3787 2889 nomi-

2201 2935 2290 2988 nis
2340 2933 2753 3003 appellationcm
2799 2932 3030 2985 derivat.
3090 2928 3349 2998 Sequitur
3400 2927 3567 2989 Mars,
3624 2943 3786 2996 quem

2202 3024 2421 3079 Cochab
2453 3023 2641 3077 Ocmol
2676 3022 2999 3087 nominant;
3030 3020 3359 3073 Mercurium
3407 3036 3537 3072 vero
3571 3018 3788 3072 Cochab

526 3128 617 3172 νος
648 3108 841 3179 Χωχὲῦ
867 3106 1069 3179 Σαϐήθ.
1102 3106 1404 3175 Λέγεταιδὲ
1432 3105 1592 3158 πάλιν
1631 3106 1758 3175 παρ’
1792 3104 1975 3165 αὐτοῖς
2009 3101 2103 3154 καὶ

2204 3116 2468 3177 Ochmod,
2504 3114 2692 3172 Jovem
2736 3113 2957 3167 Cochab
2991 3112 3141 3164 Baal.
3177 3110 3440 3165 Venerem
3482 3108 3673 3173 Serua,
3707 3110 3787 3163 vel

527 3198 705 3261 ἄλλοις
735 3199 1010 3267 ὀνόμασιν.
1044 3198 1156 3249 Οὐκ
1188 3195 1458 3266 ἠδυνήθην
1493 3195 1548 3247 δὲ
1579 3192 1821 3265 ἀκριϐῶς
1849 3194 1947 3263 τὴν
1981 3190 2105 3244 τού-

524 3307 633 3343 των
664 3288 980 3360 ἐπωνυμίαν
1003 3288 1259 3355 ἐκθεῖναι,
1283 3287 1417 3342 ἀλλά
1452 3286 1547 3339 καὶ
1574 3284 1643 3339 τὰ
1675 3284 1921 3356 ματαίως
1951 3300 2106 3353 νομι-

598 3424 675 3495 (3)
706 3422 1085 3495 :Errio'z'svor
1104 3423 1173 3477 δὲ
1194 3423 1309 3489 δίς.
1339 3421 1727 3495 ερευιιᾶίῃηθι
1754 3422 2002 3495 quintam
2026 3418 2107 3474 fe-

526 3491 665 3548 riam
705 3493 1143 3564 TheOphylactus
1177 3510 1329 3563 aeque
1371 3502 1533 3563 atque
1568 3492 1903 3564 Epiphanius
1934 3491 2109 3564 adno-

528 3573 629 3627 tat,
663 3574 715 3618 et
748 3560 1095 3617 llehrie'orum
1134 3560 1255 3617 libri
1297 3560 1460 3617 fidem
1490 3560 1724 3617 faciunt.
1753 3563 1827 3618 Ut
1856 3577 1920 3616 ea
1952 3560 2020 3616 de
2047 3575 2109 3616 re

528 3637 610 3687 vir
637 3634 831 3688 doctus
860 3634 1060 3687 frustra
1091 3635 1436 3687 dubitaverit.

600 3704 675 3774 (4)
721 3703 1155 3774 Ἀπεὸεκάτουν
1192 3703 1260 3756 δὲ
1290 3703 1405 3771 τὴν
1434 3702 1782 3774 dammam
1816 3700 2105 3772 Proprium

528 3773 631 3827 hoc
715 3775 814 3827 fuit
906 3773 1249 3833 Levitarum.
1330 3779 1423 3842 qui
1501 3773 1876 3835 decimarum,
1968 3788 2106 3841 quas

529 3845 773 3914 populus
813 3846 1137 3914 pra'stabat,
1187 3844 1427 3898 decimas
1482 3844 1860 3896 sacerdotibus
1904 3844 2108 3914 exime-

528 3912 695 3979 bant;
733 3912 1093 3968 Numerorum
1150 3930 1304 3967 xvm.
1360 3914 1521 3981 Atqui
1573 3928 1678 3965 non
1726 3927 1917 3967 omnes
1964 3912 2107 3965 Pha-

529 3986 670 4038 risiei
708 3992 866 4038 erant
896 3986 1114 4047 Levitze,
1153 3985 1295 4053 quod
1344 3993 1524 4037 tamen
1577 3982 1936 4051 Epiphanium
1981 3999 2107 4053 sen—

530 4057 689 4117 sisse,
733 4072 799 4109 ex
849 4057 951 4109 hoc
1001 4058 1121 4108 loco
1169 4052 1436 4124 suspicari
1471 4054 1668 4122 aliquis
1718 4058 1921 4121 posset.
1974 4052 2106 4119 Qua:

528 4128 672 4180 enim
696 4126 896 4194 alioqu‘i
926 4125 1281 4179 decumarum
1312 4133 1440 4177 sunt
1468 4124 1730 4185 decumae,
1755 4137 1878 4194 cum
1912 4133 2107 4194 praeter

530 4193 833 4249 Leviticum’
863 4196 1109 4248 ordinem
1134 4194 1394 4247 decumas
1424 4195 1607 4247 nullus
1638 4193 1946 4262 acceperit?
1991 4193 2106 4245 Pri-

530 4282 675 4318 mum
706 4268 951 4318 omnium
980 4266 1048 4319 ab
1074 4265 1338 4318 lsraelitis
1366 4266 1618 4333 primitiae
1646 4263 1715 4316 de
1744 4262 1933 4331 spicis,
1987 4265 2105 4315 uvis

527 4344 581 4388 et
627 4337 763 4389 oleis
798 4336 1164 4389 alferehantur
1194 4353 1205 4387 :
1238 4332 1468 4389 tum’de
1517 4332 1763 4403 frugibus
1809 4333 2105 4403 elaboratis

527 4407 776 4461 tlieruma
824 4416 876 4459 et
906 4404 1148 4458 decimas.
1180 4404 1452 4458 Theruma
1488 4404 1539 4457 in
1584 4405 1698 4473 lege
1736 4402 1955 4456 definita
1996 4418 2101 4455 non

526 4475 812 4555 erat;_sed
861 4490 892 4528 a
938 4475 1213 4555 magistris
1259 4474 1856 4555 praescriptusnmodus
1904 4480 2021 4555 est,
2041 4480 2101 4524 ut
2134 4495 2176 4548 D

529 4562 596 4599 ue
634 4547 815 4599 minus
854 4542 1190 4613 sexagesima
1228 4542 1577 4613 penderetur.
1616 4542 1797 4607 Quare
1844 4543 1935 4611 qui
1970 4543 2102 4596 lihe—

530 4618 669 4669 rales
713 4625 891 4678 erant,
941 4612 1441 4684 quadragesimam,
1495 4616 1639 4682 parci
1684 4612 2099 4684 sexagesimam,

528 4686 689 4754 medii
726 4686 870 4739 inter
899 4683 1181 4754 utrosque,
1221 4685 1287 4738 ad
1319 4685 1422 4754 hos
1457 4693 1549 4737 aut
1580 4685 1703 4737 illos
1746 4683 2097 4754 accedebant.

533 4753 604 4809 De
629 4770 735 4824 qua
770 4770 829 4809 re
850 4763 1029 4809 exstat
1058 4752 1277 4824 Iosephi
1314 4752 1575 4823 Scaligeri
1600 4753 2103 4824 repusculumginter

528 4822 839 4890 post—Imma.
874 4824 949 4879 De
982 4825 1049 4879 iis
1077 4822 1260 4894 itaque
1288 4822 1552 4878 theruiiiis
1587 4823 1797 4877 fortean
1833 4822 2105 4892 accipien-

528 4897 633 4949 dus
665 4895 1017 4966 Epiphanius,
1054 4911 1178 4966 cum
1210 4894 1621 4964 τριακοντάδας,
1654 4895 2102 4966 ριξπεντηκον-τὰ-

526 4967 624 5029 δας
658 4963 967 5036 persolutas
1013 4980 1044 5019 a
1086 4963 1378 5036 Pharisaeis
1430 4980 1548 5036 esse
1598 4964 1807 5036 scribit.
1858 4963 2014 5036 Quod
2058 4967 2103 5017 si

528 5034 717 5090 verum
761 5042 867 5101 est,
915 5037 1130 5104 egregia
1164 5034 1381 5088 illorum
1428 5034 1725 5087 liberalitas
1754 5035 1983 5104 exstitit,
2019 5043 2105 5087 ut-

528 5116 653 5176 pote
682 5108 774 5176 qui
806 5102 1129 5176 pmlihitum
1161 5121 1189 5156 a
1230 5104 1499 5176 Magis_tris
1524 5104 1816 5176 terminum
1847 5102 1954 5155 τῶν
1982 5122 2104 5157 τεσ-

531 5173 882 5246 σαρακὀστῶν
933 5176 1333 5245 superaverint.
1383 5173 1525 5246 Tria,
1554 5190 1714 5243 porro
1749 5174 2102 5246 decumarum

529 5244 672 5316 apud
718 5245 977 5300 Hebraeos
1006 5244 1220 5314 genera
1268 5252 1460 5314 praeter
1489 5244 1791 5316 theru_mas.
1823 5258 1877 5297 et
1918 5244 2106 5316 primi:-

531 5314 634 5371 tias
672 5318 843 5371 fuere.
886 5316 1068 5369 Prima
1117 5316 1206 5369 illa
1258 5316 1382 5379 fuit,
1437 5331 1600 5384 quam
1636 5314 1888 5368 Leviticae
1934 5314 2098 5367 tribui

529 5388 824 5457 quotannis
861 5386 1229 5457 pensitahant,
1291 5386 1454 5439 Num.
1506 5400 1661 5447 xvm,
1711 5386 1800 5441 20.
1848 5393 1903 5438 et
1950 5385 2106 5457 dein-

529 5456 677 5527 ceps.
705 5456 910 5519 Altera,
946 5472 1109 5525 quam
1143 5458 1373 5526 singulis
1399 5456 1557 5509 annis
1589 5471 1752 5525 penes
1786 5472 1843 5509 sc.
1875 5456 2106 5525 quisque

531 5531 823 5589 retinebat,
858 5539 915 5581 ut
956 5529 1049 5589 ibi,
1083 5529 1173 5582 ubi
1207 5527 1579 5581 sanctuarium
1622 5544 1667 5579 cI
1702 5536 1757 5585 νε,
1800 5528 1887 5578 illa
1918 5542 2106 5579 vesce-

534 5609 698 5663 retur,
733 5600 993 5653 adhibitis
1033 5599 1100 5651 ad
1147 5599 1457 5651 convivium
1512 5597 1735 5655 Levitis,
1797 5597 1849 5647 ι).
1875 5605 1949 5649 ut.
1989 5612 2099 5648 xw.

531 5668 712 5723 Tertia
734 5671 977 5728 demum.
1007 5684 1168 5737 quam
1201 5672 1360 5722 tertio
1385 5682 1603 5736 quoque
1636 5682 1780 5719 anno
1805 5669 1856 5719 iu
1890 5666 2104 5721 Levitas

529 5748 585 5794 et
613 5742 867 5809 pupillos,
888 5740 1195 5809 viduasque
1212 5740 1635 5809 distribuebant,
1652 5738 1779 5809 eod.
1810 5738 1962 5791 Deut.
1981 5752 2101 5805 cap.

601 5806 833 5881 (silici
881 5806 1248 5882 γυναιιιικῶν
1294 5809 1559 5879 ἱματίων.
1619 5806 1944 5877 Magnopcre
1998 5824 2103 5862 iiii-

2209 3211 2379 3265 Lued.
2426 3211 2697 3265 Saturnus
2733 3209 2973 3277 denique
3020 3206 3245 3261 Cochab
3296 3203 3496 3258 Saheth
3532 3212 3784 3258 vocatur.

2211 3301 2350 3356 Sunt
2376 3310 2430 3355 et
2462 3301 2676 3353 illorum
2707 3299 2825 3352 aliae
2877 3297 3323 3358 nomenclaturaz,
3356 3310 3493 3364 quas
3533 3300 3789 3347 accurate

2208 3436 2462 3497 randum,
2495 3434 2541 3488 si
2586 3432 2753 3485 modo
2787 3447 2978 3485 verum
3015 3437 3121 3493 est,
3156 3429 3515 3483 muliebribus
3558 3426 3789 3496 palliolis

2210 3521 2340 3562 usos
2381 3520 2505 3558 esse
2552 3502 2877 3557 Pharismos.
2910 3500 3066 3567 Quod
3114 3503 3385 3568 sequitur,
3416 3502 3472 3551 ὲν
3509 3497 3789 3568 πλατείαις

2207 3579 2328 3639 ταῖς
2357 3577 2608 3646 κρηπῖσι,
2637 3574 2773 3646 lata_s
2806 3574 3025 3646 eosdem
3059 3567 3310 3646 crepidas
3342 3569 3600 3646 habuisse
3625 3567 3789 3636 signi-

2210 3648 2357 3708 ficat,
2395 3640 2494 3698 nec
2528 3645 2687 3696 aliter
2717 3642 3039 3696 Cornarius.
3088 3640 3316 3706 Quidam
3352 3648 3529 3692 tamen
3560 3640 3632 3691 ita
3670 3654 3789 3690 cor-

2209 3714 2494 3785 rigendum
2533 3720 2745 3782 putant,
2775 3715 2837 3785 _év
2866 3712 3163 3785 πλατείαις,
3192 3714 3248 3763 ὲν
3275 3712 3393 3785 ταῖς
3418 3712 3666 3785 κρηπῖσι,
3700 3708 3789 3760 καὶ

2208 3781 2495 3855 γλᾷὓτταις,
2511 3781 2622 3855 etc.
2643 3785 2720 3835 Ac
2739 3783 2942 3855 plateas
2961 3782 3287 3855 intelligunt,
3304 3781 3355 3832 in
3385 3782 3584 3855 quibus
3607 3787 3789 3831 osten-

2208 3849 2396 3911 tabant
2423 3870 2481 3908 se
2510 3849 2791 3907 Pliarisiei.
2827 3852 2937 3919 Ego
2992 3851 3122 3903 nihil
3174 3849 3542 3919 innovandum
3575 3862 3789 3919 censeo.

2280 3926 2355 3993 (ti)
2397 3923 2589 4004 Φάρες
2630 3917 2929 4004 γὰρ-κατὰ
2973 3920 3086 4004 τὴν
3120 3919 3427 4004 Ἐϐραΐδατ.
3457 3917 3587 4004 [ξρε.
3622 3918 3789 4004 codex

2206 3989 2373 4067 Φέρες
2402 3989 2559 4064 quasi
2607 3989 2919 4067 δίιλφέρις,
2950 4000 3002 4067 et
3038 3992 3322 4067 legendum
3365 3989 3433 4042 sit
3473 3989 3789 4058 ἀφωρισμέ-

2206 4060 2313 4129 νος.
2347 4060 2671 4132 Quanquam
2717 4061 3020 4131 ἀφορισμός
3056 4075 3143 4132 res
3167 4068 3259 4132 est
3304 4060 3638 4132 ipsa_,_q_uam
3684 4074 3787 4109 vo-

2206 4128 2462 4190 cabulum
2496 4128 2773 4203 significat
2799 4128 2949 4184 {non
2982 4140 3040 4183 ut
3066 4130 3125 4181 τὸ
3141 4130 3319 4203 Φάρες
3346 4129 3425 4179 vel
3448 4128 3614 4197 Φέρες
3648 4141 3789 4194 pra:-

2208 4208 2323 4261 cise
2380 4206 2452 4259 sit
2497 4198 2714 4256 vei-bule
2773 4202 3176 4255 substantivmu
3227 4198 3515 4269 ἐνέργειαν
3564 4212 3789 4250 sonans.

2208 4277 2304 4331 Est
2332 4276 2477 4330 enim
2518 4274 2699 4343 potius
2729 4282 3029 4339 separatus,
3058 4284 3221 4338 quam
3253 4269 3544 4336 separatio.

2277 4370 2352 4440 {7)
2397 4363 2548 4440 Οἶονᾲ
2578 4366 2751 4440 ἥλιος
2804 4365 3255 4440 Ἦμακαίσειςες.
3292 4361 3365 4440 [_)e
3411 4360 3789 4440 hishllebrieo-

2208 4430 2345 4494 rum'
2380 4430 2832 4507 appellationibus
2868 4430 2984 4503 agit
3037 4433 3446 4507 eruditissimus
3495 4430 3791 4507 Serranus

2206 4501 2464 4564 noster-II
2511 4524 2527 4561 ι
2578 4506 2652 4559 De
2682 4506 2851 4559 tribus
2898 4501 3074 4565 sectis,
3109 4520 3160 4556 c.
3198 4504 3251 4565 2,
3291 4513 3343 4555 et
3388 4506 3441 4555 in
3486 4501 3788 4562 Minervali,

2204 4581 2297 4634 lib.
2348 4594 2421 4642 iv,
2474 4592 2524 4632 c.
2573 4578 2627 4631 5.
2680 4576 2755 4629 Ea
2786 4578 2865 4632 sic
2910 4574 3175 4629 Hebraice
3223 4573 3581 4642 concipienda
3640 4581 3788 4626 sunt.

2200 4680 2347 4734 nm,
2381 4669 2465 4725 vel
2488 4676 2802 4728 tum:sz
2843 4667 2927 4721 vel
2961 4651 3114 4725 ΓΕΖΒ.
3152 4665 3391 4719 Duorum
3445 4666 3789 4733 sequentium

2203 4744 2448 4804 nomina,
2468 4740 2613 4808 quod
2648 4755 2836 4792 eorum
2873 4739 3025 4801 origo
3048 4738 3118 4789 sit
3146 4738 3374 4808 incerta,
3396 4752 3504 4789 non
3545 4736 3679 4808 satis
3707 4734 3790 4808 ei:

2202 4805 2549 4880 εὸραΐζεσοαι
2613 4817 2852 4879 queunt;
2910 4808 3103 4876 Χωχὲϐ
3165 4807 3420 4876 Ὀκμώλ,
3488 4814 3542 4859 et
3600 4805 3789 4871 Χωχὲῦ

2217 4902 2437 4973 Ὀχμόδ.
2469 4902 2711 4967 Quorum
2744 4900 2897 4971 prius
2935 4898 3152 4969 Ὀκμώλ
3172 4901 3307 4953 forte
3326 4914 3353 4949 a
3379 4882 3520 4979 572p,
3546 4896 3688 4965 quod
3703 4904 3788 4949 est

2205 4991 2507 5053 succidere,
2557 4992 2788 5044 alterum
2841 5005 2870 5041 a
2897 4999 3024 5049 mn
3068 4990 3212 5058 quod
3249 4996 3332 5041 est
3372 4989 3785 5055 concupiscere,

2204 5063 2333 5132 quia
2362 5061 2661 5115 Mercurius
2699 5060 3039 5132 Iucrionibus
3092 5067 3145 5114 et
3177 5058 3609 5132 negoniatoribus
3639 5072 3787 5132 quae-

2206 5124 2322 5188 stus
2381 5133 2711 5186 avidissimis
2773 5130 3065 5198 praesidet;
3130 5124 3269 5182 nam'
3328 5126 3470 5196 quod
3545 5124 3789 5198 Scaliger

2205 5202 2392 5257 Oeniol
2448 5203 2512 5255 ad
2568 5197 2894 5260 Camulum,
2950 5200 3041 5266 qui
3094 5200 3149 5252 in
3198 5202 3364 5251 veteri
3425 5197 3787 5265 inscriptione

2206 5281 2406 5332 exstat,
2467 5275 2737 5340 pertinere
2784 5270 3051 5326 defendit.
3104 5284 3208 5340 non
3262 5269 3473 5336 probat.
3525 5267 3787 5340 Sequitur

2204 5353 2331 5407 3711‘:
2367 5335 2509 5399 2:15.
2548 5342 2772 5394 Veneris
2806 5341 2960 5392 stella
3013 5337 3217 5408 Σερούα
3276 5340 3356 5391 vel
3398 5335 3592 5402 Λουήδ.
3628 5335 3786 5408 Prior

2206 5406 2309 5468 vox
2344 5430 2372 5465 a
2406 5424 2530 5476 νηῒ,
2574 5410 2927 5476 utSerrario
2965 5406 3141 5462 visum
3172 5415 3275 5473 est,
3310 5408 3583 5470 deducta;
3625 5406 3783 5475 quasi

2207 5516 2372 5569 ἮἾῚΞ
2405 5504 2762 5571 ΡΟΒιθΓῘΟΓΘΙΙΙ
2796 5516 2825 5553 a
2854 5483 3183 5571 TSVArmalim’r
3210 5513 3372 5566 quam
3647 5494 3783 5550 Nam

2206 5568 2259 5629 et
2288 5568 2496 5643 Assjrii
2527 5572 2842 5642 Ἀφροδίτην
2868 5569 3130 5631 Μύλιττα,
3164 5570 3368 5623 Arabes
3400 5568 3610 5620 Ἀλίττα
3645 5581 3783 5619 nun-

2208 5673 2498 5734 cuparunt.
2535 5664 2739 5717 Auctor
2783 5662 3090 5717 llerodotus
3122 5661 3287 5734 Cl_io._
3369 5646 3588 5734 δτι-τλῆτε
3619 5661 3652 5729 ή
3690 5674 3785 5725 γε-

2207 5730 2455 5806 νέτειρα,
2514 5734 2753 5801 Denique
2801 5743 2932 5793 nam
2984 5743 3108 5791 33D
3161 5730 3383 5787 Sabbati
3428 5732 3589 5788 stella
3633 5736 3783 5785 recte

2212 5809 2480 5860 Saturnus
2507 5806 2727 5859 dicitur.
