4204 6370
443 317 560 376 εδδ

1125 318 1499 377 ADVERSUS
1537 319 1879 378 [LERESES
1915 320 2048 377 LIB.
2088 319 2128 378 Ι.
2164 321 2331 378 ΤΟΜ.
2372 324 2413 379 1.
2457 355 2526 366 —
2558 323 2832 380 IIJERES.
2873 322 3014 382 XVI.

3623 322 3734 382 254

452 437 585 507 ἡμῖν
605 435 702 490 καὶ
728 435 991 509 ὀνομαστὶ
1011 437 1246 510 εἴρηται.
1282 439 1519 510 Ἐσχάτη
1547 439 1605 493 δὲ
1632 440 1817 504 αὐτοῖς
1839 441 2044 513 ἀπορία

2160 440 2316 505 ferre,
2355 442 2678 498 nominatim
2716 441 2805 497 illa
2838 441 3209 512 percensenda
3245 438 3526 496 duximus.
3552 437 3645 499 Est
3671 441 3735 494 il-

453 528 551 580 καὶ
579 528 859 600 ήλιθιότης
882 531 981 603 οὐχ
1010 533 1044 602 ἡ
1061 531 1300 602 τυχοῦσα
1325 535 1437 594 τοῖς
1466 533 1562 587 καὶ
1581 533 1877 588 ἀνάστασιν
1909 536 2042 603 opto-

455 617 696 688 λογοῦσι,
722 623 815 675 καὶ
850 623 1032 695 κρίσιν
1071 625 1286 679 δικαίαν
1311 623 1670 696 ὁριζομένοις,
1701 627 2042 697 εἱμαρμένην

455 711 655 781 λέγειν.
688 713 811 779 [Ιῶς
835 714 942 787 γὰρ
965 715 1188 770 δύναται
1205 717 1386 789 κρίσις
1409 713 1549 772 εἶναι
1577 717 1672 771 καὶ
1707 717 2041 788 εἱμαρμένης

458 808 613 858 Δυοίν
634 806 744 878 γὰρ
766 807 978 878 ἀνάγκη
1011 809 1264 880 θάτερονθ
1290 810 1346 882 ἦ,
1377 792 1646 879 γενέσεως
1665 809 2040 881 ὑπαρχούσης,

462 897 537 969 μὴ
557 893 695 952 εἶναι
716 900 918 970 κρίσιν,
937 899 1025 953 διά
1052 901 1114 954 τὸ
1145 901 1238 955 τὸν
1273 902 1582 972 πράττοντα
1596 902 1698 955 οὐκ
1725 902 1818 972 ἀφ’
1846 900 2042 955 ἑαυτοῦ

459 991 746 1064 πράττειν,
798 991 934 1045 ἀλλά
993 995 1118 1046 κατ’
1143 993 1390 1062 ἀνάγκην
1430 993 1788 1065 ἐπικρατείας
1813 992 1914 1062 τῆς
1945 1009 2043 1045 πε-

458 1084 788 1156 πρωμένης·
811 1083 868 1156 ἦ,
898 1086 980 1139 ὅτι
1007 1086 1242 1158 κρίσεως
1286 1084 1658 1158 ὑπαρχούσης,
1694 1085 1788 1139 καὶ
1827 1087 1885 1138 ὲν
1915 1084 2049 1156 ἀλη-

459 1178 582 1250 θείᾳ⁵
630 1179 1132 1250 ἐπαπειλουμένης,
1179 1179 1275 1232 καὶ
1329 1178 1510 1249 νόμων
1557 1177 1908 1242 δικαζόντων,
1953 1177 2048 1230 καὶ

456 1271 572 1324 τῶν
597 1269 658 1323 τὺ
685 1271 920 1342 πονηρὸν
951 1269 1203 1342 δρώντων
1233 1271 1389 1342 δίκην
1423 1271 1756 1342 ὑπεχόντων,
1787 1270 1954 1340 νόμου
1989 1287 2049 1324 τε

457 1363 892 1435 ὁμολογουμένου
935 1363 1146 1418 δικαίου
1176 1365 1270 1417 καὶ
1296 1364 1531 1436 κρίσεως
1574 1363 1710 1418 Θεοῦ
1738 1363 2042 1434 ἀληθεστά-

457 1471 579 1525 της,
614 1455 788 1526 ἀργὴν
817 1449 956 1509 εἶναι
980 1455 1080 1526 τὴν
1101 1455 1492 1530 πεπρωμένην,
1524 1455 1618 1509 καὶ
1643 1455 1719 1527 μὴ
1737 1454 1880 1525 ἔχειν
1905 1454 2043 1518 ὅλως

459 1545 724 1600 σύστασιν
748 1545 811 1598 τὸ
847 1545 1129 1617 παράπαν.

2148 536 2241 590 iud
2289 551 2422 590 vero
2453 548 2710 591 extrema:
2752 537 3040 607 cujusdam
3091 535 3396 606 imperitiae,
3438 548 3510 588 ne
3553 531 3732 588 dicam

2149 629 2421 690 amentiae,
2468 644 2592 683 cum
2627 629 3088 684 resurrectionem
3123 635 3465 682 mortuorum
3497 641 3620 682 esse
3654 625 3737 681 fa-

2150 728 2317 783 teare,
2359 735 2423 774 ac
2461 721 2831 788 justissitnum
2861 720 2928 774 de
2974 720 3240 790 cujusque
3281 719 3440 774 lactis
3467 718 3736 789 judicium

2153 811 2539 873 constitutum.
2577 809 2745 865 fatum
2794 809 3153 866 nihilominus
3193 825 3317 866 esse
3359 809 3531 864 ullum
3582 823 3736 864 asse-

2150 917 2289 956 rere.
2335 901 2438 968 Qui
2481 903 2625 958 enim
2671 902 2782 957 duo
2823 904 2930 958 ista
2973 902 3269 957 convenire
3297 909 3549 972 possunt,
3591 898 3738 970 judi-

2147 995 2316 1061 cium,
2352 997 2596 1066 inquam,
2639 1007 2804 1066 atque
2837 995 3050 1050 fatum?
3083 997 3291 1050 Horum
3323 995 3468 1050 enim
3505 993 3736 1048 alterum

2147 1104 2375 1146 necesse
2421 1091 2658 1146 estzvel
2707 1091 2756 1146 si
2798 1092 2908 1145 ulla
2959 1091 3032 1147 sit
3089 1088 3345 1160 genitalis
3393 1085 3735 1150 necessitas,

2151 1183 2360 1235 nullum
2390 1184 2800 1254 essejudicium
2831 1203 2844 1238 :
2879 1183 3026 1253 quod
3055 1183 3150 1255 qui
3183 1179 3478 1237 committit
3505 1175 3737 1248 aliquid,

2149 1288 2259 1326 non
2301 1275 2354 1328 id
2395 1290 2491 1329 sua
2539 1284 2733 1344 sponte
2767 1274 2918 1340 facit,
2965 1275 3059 1330 sed
3095 1273 3330 1328 fatorum
3362 1271 3416 1325 vi
3457 1285 3522 1325 ac
3552 1278 3741 1342 tyran-

2151 1365 2282 1419 nide
2321 1368 2661 1436 compulsus,
2709 1367 2795 1423 vel
2841 1367 2886 1423 si
2934 1366 3207 1437 judicium
3257 1371 3343 1419 est
3390 1364 3585 1424 ullum,
3639 1375 3740 1416 nec

2150 1453 2358 1510 frustra
2406 1457 2460 1510 in
2504 1457 3027 1511 comminationibus
3067 1455 3232 1525 objici
3275 1453 3436 1518 solet,
3489 1459 3654 1522 atque
3683 1456 3740 1505 et

2150 1545 2295 1614 leges
2325 1547 2523 1617 aliqua:
2569 1555 2718 1613 sunt,
2754 1556 2809 1603 et
2858 1547 3149 1617 ﬂagitiosis
3193 1545 3511 1601 hominibus
3563 1543 3740 1599 scele-

460 1655 584 1694 rum
611 1655 785 1710 pinnae
811 1639 1180 1706 'constitutaz;
1233 1639 1280 1695 si
1307 1639 1546 1710 denique
1571 1639 1723 1709 justa
1783 1654 1814 1692 a
1881 1636 1992 1694 Deo
2026 1638 2114 1693 lex
2147 1641 2374 1705 tradita,
2421 1651 2475 1696 et
2511 1642 2658 1697 illius
2695 1641 2966 1713 judicium
3010 1641 3161 1696 omni
3215 1655 3282 1695 ex
3331 1646 3485 1710 parte
3518 1636 3740 1694 veritati

459 1744 893 1793 consentaneum
943 1748 1046 1800 est,
1092 1751 1320 1791 necesse
1367 1745 1472 1801 est,
1500 1738 1746 1806 inquam,
1783 1749 2187 1804 supervacuum
2223 1752 2346 1792 esse
2379 1735 2547 1790 latum
2579 1737 2734 1801 illud,
2761 1752 2861 1793 nec
2887 1737 3000 1791 ullo
3026 1737 3080 1789 in
3117 1735 3240 1789 loco
3279 1733 3604 1788 consistere.

531 1835 606 1887 A’.
658 1833 876 1896 Ὁπότε,
933 1831 1023 1886 διὰ
1060 1832 1120 1886 τὸ
1147 1831 1408 1885 δύνασθαι
1451 1831 1810 1903 ἁμαρτάνειν,
1847 1830 1941 1883 καὶ
1973 1831 2048 1902 μὴ

2228 1829 2314 1885 ιν.
2357 1831 2569 1886 Etenim
2602 1848 2712 1887 non
2745 1832 2906 1886 aliam
2934 1831 3006 1886 ob
3030 1845 3276 1894 causam,
3312 1829 3418 1883 nisi
3439 1827 3585 1897 quod
3609 1841 3741 1896 pec-

463 1926 750 1996 ἀμαρτεῑν,
780 1924 872 1978 τὸν
909 1925 1007 1996 μὲν
1060 1923 1150 1977 διά
1190 1924 1260 1978 τὰ
1294 1924 1675 1996 ἁμαρτήματα
1704 1923 1862 1992 δίκην
1890 1923 2054 1974 ἀπαι-

394 2036 406 2052 σ
461 2015 694 2079 τεϊσθαι,
734 2016 824 2069 τὸν
853 2015 912 2070 δὲ
944 2014 1163 2069 ἔπαινον
1199 2015 1615 2086 ἀπεκδέχεσθαι,
1648 2013 1736 2069 διά
1765 2013 1826 2066 τὸ
1863 2009 1922 2067 εὖ
1964 2029 2055 2065 πε-

463 2109 756 2180 πραχέναι,
784 2107 1013 2180 ὥρισται
1060 2107 1185 2160 καθ’
1235 2108 1512 2180 ἑκατέρων
1551 2107 1612 2160 τὸ
1650 2107 1937 2178 διάφορον·
1978 2105 2055 2168 ὡς

462 2202 559 2256 καὶ
604 2201 703 2272 μιᾷ
756 2202 908 2272 φωνῇ
958 2201 1145 2272 δικαίᾳ
1182 2199 1362 2270 λέγειν
1411 2201 1468 2252 ὲν
1503 2199 1755 2269 συντόμῳ
1801 2197 2053 2268 ἀληθείᾳ,

460 2294 553 2351 διὰ
593 2293 814 2348 Ἡσαΐου
843 2292 937 2346 τοῦ
981 2293 1263 2365 προφήτου
1305 2293 1370 2344 ὲκ
1413 2289 1706 2362 προσώπου
1747 2288 1952 2361 Κυρίου
1979 2289 2056 2341 εί-

467 2386 721 2459 ρημένον,
749 2384 841 2438 τό·
887 2383 1030 2438 Ἐὰν
1065 2383 1297 2451 θέλητε,
1340 2382 1438 2435 καὶ
1487 2379 1888 2448 εἱσακούσητέ
1911 2397 2052 2448 μου.

464 2479 538 2532 τὰ
572 2475 765 2544 ἀγαθὰ
812 2471 918 2546 τῆς
969 2473 1082 2546 γῆς
1110 2474 1413 2543 φάγησθε·
1448 2474 1557 2526 ἐὰν
1593 2473 1661 2526 δὲ
1688 2471 1774 2542 μὴ
1818 2471 2053 2538 θέλητε,

467 2568 616 2639 μηδὲ
643 2566 1048 2634 είσακούσητέ
1071 2585 1210 2636 μου,
1249 2565 1514 2636 μάχαιρα
1547 2563 1703 2634 ὑμᾶς
1727 2563 2053 2617 κατέδεται.

475 2664 540 2716 To
567 2663 677 2732 γὰρ
705 2663 902 2730 στόμα
921 2662 1144 2727 Κυρίου
1175 2659 1444 2726 ἑλάλησε
1472 2659 1678 2712 ταῦτα.
1698 2659 1862 2710 Ὥστε
1898 2655 2057 2710 παντί

468 2775 545 2827 τῳ
573 2757 730 2828 δῆλόν
778 2759 898 2810 ἐστι
942 2761 1036 2810 και
1079 2755 1469 2826 ἀναμφίϐολον,
1513 2755 1590 2817 ὡς
1623 2755 1684 2807 τὸ
1713 2753 2057 2818 αὐτεξούσιον

471 2849 760 2921 παρείχετο
787 2848 942 2914 Θεὸς,
980 2849 1046 2902 δι’
1093 2848 1286 2901 ἑαυτοῦ
1327 2849 1506 2917 φήσας
1527 2847 1605 2908 τὸ,
1657 2849 1798 2900 Ἐὰν
1821 2845 2053 2913 θέλητε,

468 2943 566 2996 καὶ
610 2941 698 3010 μὴ
755 2941 999 3008 θέλητεο
1042 2939 1181 2993 ὥστε
1214 2940 1342 3011 περὶ
1371 2939 1462 2991 τὸν
1502 2937 1788 3009 ἄνθρωπον
1828 2933 1967 2990 εἶναι
1999 2937 2058 2990 τὸ

470 3032 849 3105 ἀγαθοεργεῖν.
878 3031 911 3103 ἢ
942 3031 1003 3084 τὸ
1026 3029 1246 3099 φαύλων
1281 3028 1527 3099 ἐφίεσθαι
1563 3029 1924 3099 πραγμάτων.
1964 3022 2058 3091 Οἷς

469 3125 844 3197 ὲπιφωνητέον
870 3125 988 3178 ἐστὶ
1026 3123 1359 3195 πυκνότερον
1400 3123 1495 3176 xal.
1526 3120 1827 3192 πολλαχῶς.
1858 3122 1951 3174 καὶ
1997 3122 2056 3175 ού

2155 1939 2302 1990 care,
2338 1939 2512 1979 necne
2553 1924 2623 1979 sit
2654 1927 2708 1978 in
2754 1923 2984 1979 arbitrio
3009 1923 3300 1994 {cujusque
3331 1921 3592 1992 positum.
3637 1918 3741 1973 hoc

2155 2014 2449 2069 discrimen
2499 2015 2872 2070 introductum
2919 2021 3023 2078 est,
3081 2023 3138 2068 ut
3197 2013 3332 2067 alter
3371 2012 3739 2066 admissorum

2157 2108 2423 2162 scelerum
2470 2122 2661 2177 poenas
2706 2107 2846 2168 luat,
2891 2105 3028 2160 alter
3058 2119 3159 2175 pro
3206 2113 3355 2158 recte
3399 2103 3557 2158 lactis
3603 2118 3742 2173 prae-

2156 2201 2326 2254 mium
2357 2201 2685 2269 laudemque
2719 2205 3112 2267 consequatur.
3147 2195 3302 2262 Quod
3333 2197 3550 2266 quidem
3589 2195 3740 2250 brevi

2153 2293 2581 2363 justissimaque
2633 2292 2904 2347 sententia
2947 2290 3233 2360 complecti
3264 2289 3373 2360 36
3407 2303 3700 2359 possumus
3722 2327 3740 2350 ,

2157 2402 2279 2456 quas
2321 2387 2388 2440 ab
2421 2385 2557 2441 Isaia
2603 2385 2868 2455 propheta
2921 2398 2984 2438 ex
3030 2397 3267 2454 persona
3315 2380 3408 2435 Dei
3455 2379 3742 2434 verissime

2158 2479 2508 2549 pronuntiata
2572 2479 2788 2549 legitur.
2847 2476 2907 2532 Si
2961 2476 3266 2540 volueritis,
3334 2483 3383 2528 et
3441 2472 3741 2527 obedieritis

2158 2569 2308 2632 milii,
2359 2569 2494 2622 bona
2547 2579 2701 2623 terra:
2751 2569 3050 2622 comedetis.
3107 2568 3168 2622 Si
3198 2576 3399 2622 autem
3443 2564 3741 2625 nolueritis,

2159 2676 2320 2729 neque
2367 2661 2665 2714 obedieritis
2726 2661 2872 2725 mihi,
2919 2659 3189 2714 devorabit
3245 2676 3332 2713 cos
3382 2658 3616 2728 gladius.
3671 2659 3744 2712 0s

2157 2757 2297 2809 enim
2342 2754 2554 2808 Domini
2585 2755 2815 2808 locutum
2856 2763 2932 2807 est
2979 2755 3084 2807 ista
3105 2756 3148 2806 ².
3196 2753 3272 2808 Ex
3317 2768 3427 2822 quo
3459 2753 3744 2822 perspicue

2160 2849 2314 2914 illud,
2355 2865 2419 2902 ac
2457 2849 2592 2902 citra
2631 2848 2793 2900 ullam
2834 2847 3233 2901 dubitationem
3274 2845 3524 2905 ellicitur,
3557 2843 3747 2898 Liber-

2161 2949 2326 2994 tatem
2368 2940 2575 2992 homiui
2619 2955 2648 2992 a
2694 2939 2801 2993 Deo
2829 2954 2954 2993 esse
2987 2952 3346 3000 concessam;
3387 2951 3512 2989 cum
3552 2935 3622 2986 ita
3653 2947 3747 3000 per

2162 3047 2284 3087 sese
2306 3030 2507 3085 dixerit
2534 3051 2544 3083 :
2579 3029 2638 3084 Si
2661 3029 2928 3082 volueritis
2953 3037 3006 3084 et
3029 3027 3328 3082 nolueritis.
3355 3026 3506 3080 Adeo
3529 3034 3588 3077 ut
3610 3023 3747 3076 bene

2163 3139 2341 3194 agere,
2391 3123 2473 3178 vel
2525 3123 2791 3176 malorum
2839 3121 3198 3192 cupiditatem
3240 3119 3551 3188 concipere,
3601 3116 3748 3170 illius

468 3219 556 3272 διά
580 3185 722 3290 ’μιᾶς
757 3218 962 3288 φωνῆς,
995 3217 1132 3270 ἀλλά
1169 3185 1429 3278 πολλάκις
1465 3213 1534 3267 τά
1573 3185 1730 3286 παρά
1752 3215 1845 3266 τοῦ
1873 3215 2054 3286 Σωτῆ-

2165 3216 2391 3269 arbitrio
2425 3215 2496 3270 sit
2521 3214 2790 3267 relictum.
2819 3210 3186 3278 Quamobrem
3213 3225 3356 3279 saepe
3386 3185 3540 3269 illud,
3569 3221 3630 3260 ac
3655 3222 3750 3258 va-

473 3324 566 3380 ρος
599 3308 736 3380 πρὸς
781 3309 978 3372 αὐτοὺς
1007 3306 1303 3379 εἰρημένα·
1330 3307 1474 3360 Οὐαὶ
1503 3306 1666 3376 ὑμῖν,
1689 3304 2062 3376 Γραμματεῖς

471 3402 570 3456 καὶ
601 3401 909 3470 Φαρισαῖοι
953 3401 1297 3468 ὑποκριταί·
1339 3397 1426 3452 ὅτι
1469 3399 1943 3452 καταλελοίπατε
1990 3398 2064 3452 τὰ

469 3491 662 3560 βαρέα
699 3492 805 3546 τοῦ
834 3493 1044 3562 νόμου,
1098 3491 1214 3558 τὴν
1239 3491 1444 3559 κρίσιν
1471 3489 1571 3544 καὶ
1604 3491 1711 3544 τὸν
1731 3491 1927 3553 ἔλεον,
1964 3489 2064 3543 καὶ

471 3584 914 3640 ἀποδεκατοῦτε
965 3584 1033 3638 τὸ
1070 3583 1319 3651 ἄνηθον,
1347 3583 1448 3637 καὶ
1480 3584 1547 3638 τὸ
1585 3583 1918 3652 ἡδύοσμον,
1963 3582 2062 3635 καὶ

471 3672 542 3727 τὸ
575 3672 872 3744 πήγανον,
917 3672 1017 3726 καὶ
1060 3670 1400 3740 καθαρίζετε
1438 3673 1506 3726 τὸ
1539 3673 1712 3739 ἐκτὸς
1740 3670 1849 3726 τοῦ
1879 3685 2063 3740 ποτη-

471 3765 606 3834 ρίου
647 3764 748 3819 καὶ
799 3763 908 3819 τοῦ
947 3765 1222 3832 πίνακος,
1264 3765 1332 3820 τὸ
1371 3765 1440 3819 δὲ
1465 3767 1642 3833 ἐντός
1667 3767 1801 3820 ἐστι
1835 3765 2066 3836 μεστὸν

475 3859 848 3928 ἀκαθαρσίας
879 3858 976 3912 καὶ
1011 3858 1326 3926 ἀκρασίας.
1352 3859 1458 3912 Kal
1478 3857 1814 3929 δοκιμάζετε
1833 3858 2068 3912 δίκαιον

475 3947 629 4005 εἶναι
683 3951 936 4020 ὀμνύναι
992 3950 1062 4003 ὲν
1092 3948 1173 4016 τῷ
1204 3950 1406 4004 ἐπάνω
1444 3949 1552 4004 τοῦ
1591 3949 2026 4018 θυσιαστηρίου
2048 3964 2064 3979 ·

475 4044 544 4098 τὸ
581 4043 650 4096 δὲ
698 4044 768 4096 ἐν
803 4042 964 4109 αὺτῷ
1009 4041 1089 4108 τῷ
1131 4042 1538 4110 θυσιαστηρίῳ
1583 4044 1721 4110 παρ’
1778 4042 1922 4111 ὑμῖν
1985 4039 2068 4105 τῷ

478 4134 633 4204 ὅρκῳ
670 4133 950 4188 λέλεκται
983 4133 1026 4196 ¹,
1068 4133 1165 4186 καὶ
1212 4132 1279 4186 τὸ
1308 4132 1378 4185 ἐν
1416 4129 1497 4196 τῷ
1535 4130 1770 4200 οὐρανῷ
1813 4131 2068 4201 ὀμνύναι

480 4223 662 4277 οὐδὲν
690 4219 844 4277 εἶναι
869 4220 1039 4291 φατέ.
1084 4221 1226 4276 Ἐὰν
1261 4220 1328 4274 δέ
1349 4239 1438 4288 τις
1460 4221 1654 4291 ὀμόσῃ
1687 4221 1758 4274 ἐν
1785 4219 1866 4283 τῷ
1887 4222 2068 4288 ὑπερ-

479 4315 603 4368 άνω
616 4313 824 4378 αὐτοῦ,
852 4314 1030 4367 τοῦτο
1054 4312 1442 4370 δεδικαίωται.
1477 4313 1624 4382 Οὐχὶ
1649 4311 1716 4365 τὸ
1741 4311 2071 4378 θυσιαστή-

478 4403 914 4476 ριονβαστώζει
937 4404 1004 4458 τὸ
1047 4404 1446 4472 ἐπικείμενον,
1480 4403 1578 4456 καὶ
1607 4405 1640 4456 ὀ
1661 4401 1920 4471 οὐρανὸς
1939 4401 2070 4470 θρό-

2162 3308 2263 3370 rie,
2309 3321 2408 3360 nec
2444 3321 2548 3358 una
2577 3320 2709 3358 voce
2745 3304 3175 3374 personandum,
3211 3317 3275 3354 ac
3307 3298 3752 3369 frequentissime

2163 3407 2354 3455 contra
2389 3399 2720 3468 impostores
2764 3398 2903 3453 istos
2953 3395 3307 3466 repetendum
3340 3406 3422 3448 εει
3457 3392 3660 3446 dictum
3695 3390 3750 3444 in

2162 3507 2258 3547 eos
2289 3491 2594 3545 Salvatoris
2635 3488 2763 3543 illud
2792 3507 2805 3542 :
2844 3487 2936 3542 γω
2968 3487 3136 3552 nobis,
3175 3485 3377 3541 Scriba:
3403 3493 3452 3539 et
3489 3482 3754 3537 Pltariswi

2164 3583 2474 3653 hypocritw,
2505 3582 2756 3651 quoniam
2789 3579 3078 3649 reliquistis
3113 3594 3230 3649 qua:
3258 3578 3502 3647 graviora
3531 3585 3653 3630 sunt
3681 3574 3754 3627 le-

2164 3675 2265 3744 gis,
2311 3673 2578 3743 judicium
2621 3682 2671 3726 et
2711 3669 3172 3732 misericordiam;
3210 3678 3260 3722 et
3309 3667 3584 3722 decitnatis
3629 3681 3754 3718 ane-

2168 3767 2337 3829 tltum,
2370 3777 2418 3820 et
2463 3765 2750 3828 ment/tam,
2787 3775 2838 3818 et
2869 3771 3067 3826 rutam,
3109 3774 3158 3816 et
3189 3760 3459 3814 mundatis
3488 3757 3626 3824 quod
3663 3754 3755 3811 de-

2167 3858 2299 3928 foris
2330 3866 2406 3911 est
2455 3855 2639 3909 calicis
2681 3863 2730 3908 et
2777 3853 3082 3924 paropsidis
3107 3868 3124 3906 :
3153 3850 3292 3922 quod
3333 3851 3475 3904 intus
3517 3860 3617 3915 est,
3642 3847 3756 3915 ple-

2169 3968 2296 4006 num
2347 3959 2424 4004 est
2488 3947 2827 4002 immunditia
2884 3956 2934 4000 et
2999 3944 3256 4015 foeditate.
3310 3942 3378 3995 Et
3451 3941 3754 4010 approbatis

2158 4043 2366 4112 justum
2409 4056 2522 4094 esse
2537 4039 2727 4106 jurare
2766 4039 2821 4090 in
2854 4053 2935 4100 eo,
2966 4035 3104 4104 quod
3144 4044 3220 4088 est
3252 4049 3408 4100 super
3437 4031 3609 4084 altare
3634 4029 3757 4099 :ju-

2167 4151 2290 4190 rare
2319 4142 2494 4186 autem
2529 4132 2583 4184 in
2623 4128 2787 4184 altari
2813 4129 2946 4198 ipso,
2969 4126 3335 4196 jurisjurandi
3381 4123 3519 4190 apud
3557 4140 3643 4176 vos
3675 4135 3756 4175 re-

2169 4227 2363 4296 ligione
2393 4223 2635 4278 solvitur.
2689 4221 2754 4275 Et
2787 4223 2842 4273 in
2872 4219 2999 4274 cazlo
3024 4219 3211 4288 jurare
3241 4218 3374 4271 nihil
3413 4232 3525 4270 esse
3555 4215 3754 4268 dicitis.

2171 4316 2276 4383 Qui
2311 4325 2486 4369 autem
2518 4313 2780 4384 juraverit
2823 4312 2877 4365 in
2919 4328 3001 4374 eo,
3044 4311 3133 4381 qui
3183 4325 3345 4377 supra
3387 4308 3520 4361 illud
3569 4317 3668 4372 est,
3703 4305 3758 4361 id

2171 4427 2290 4466 vero
2313 4409 2521 4478 justunt
2563 4417 2822 4460 censetur.
2861 4404 3052 4459 Nonne
3099 4402 3271 4456 altare
3304 4410 3480 4471 portat
3512 4401 3590 4466 id,
3620 4400 3758 4472 quod

481 4513 588 4564 νος
612 4496 749 4550 ἐστὶ
785 4497 890 4550 τοῦ
915 4497 1008 4550 ἐπ’
1041 4494 1204 4561 αὐτῷ
1230 4490 1760 4564 ἐπικαθεζομένου;
1815 4494 1924 4548 Καὶ
1977 4492 2057 4546 ὅτι

2171 4501 2474 4571 impositum
2501 4508 2601 4564 est,
2631 4509 2680 4553 et
2716 4497 2903 4552 caelum
2931 4497 3150 4551 thronus
3188 4495 3302 4567 ejus
3324 4504 3422 4558 est,
3455 4496 3544 4565 qui
3579 4496 3632 4548 in
3663 4493 3760 4548 illo

481 4587 707 4658 λέγετε,
743 4587 885 4642 Ἐάν
918 4604 1009 4654 τις
1055 4587 1196 4655 εἴπῃ
1229 4586 1406 4654 πατρὶ
1440 4587 1539 4640 καί
1566 4589 1769 4655 μητρί·
1804 4584 2063 4654 Κορϐὰν,

485 4681 519 4734 ὅ
543 4681 672 4734 ἐστι
703 4678 898 4748 δῶρον
917 4679 943 4732 ε
977 4679 1055 4733 ἂν
1085 4678 1156 4743 ἐξ
1193 4678 1342 4748 ἐμοῦ
1362 4677 1704 4747 ὠφεληθῇς,
1729 4677 1829 4732 καὶ
1862 4677 2064 4732 οὐκέτι

483 4771 566 4843 μὴ
627 4772 865 4842 τιμήσει
913 4770 1024 4824 τὸν
1051 4771 1307 4839 Πατέρα,
1347 4771 1445 4824 καὶ
1474 4770 1808 4839 ἠθετήσατε
1828 4770 1944 4839 τὴν
1966 4769 2066 4822 ἐν-

485 4863 676 4932 τολὴν
708 4863 816 4917 τοῦ
869 4863 1018 4917 Θεοῦ
1045 4862 1141 4916 διὰ
1169 4862 1281 4930 τῆς
1305 4861 1424 4915 τῶν
1455 4861 1874 4930 πρεσϐυτέρων
1902 4859 2070 4930 ὑμῶν

487 4957 898 5027 παραδόσεως.
923 4956 1030 5010 Καὶ
1058 4957 1387 5010 κυκλεύετε
1415 4955 1739 5009 θάλασσαν
1764 4955 1860 5008 καὶ
1877 4952 2071 5021 ξηρὰν

487 5051 738 5120 ποιῆσαι
789 5049 900 5103 ἕνα
957 5047 1390 5117 προσήλυτον⁹
1447 5047 1548 5100 καί
1595 5046 1761 5100 ὅταν
1802 5047 2066 5116 γένηται,

489 5142 705 5198 ποιεῖτε
737 5141 925 5195 αὐτὸν
947 5139 1303 5207 διπλότερον
1325 5136 1492 5206 ὑμῶν
1512 5137 1646 5191 υἱὸν
1669 5136 1942 5206 γεέννης.

563 5257 628 5311 Τί
661 5257 838 5312 τοίνυν
882 5256 1268 5326 περιττότερον
1315 5251 1423 5306 τῶν
1450 5252 1621 5319 ἁγίων
1653 5253 1862 5322 ῥήσεων
1906 5249 2075 5320 ὑπερ-

492 5350 708 5406 ϐάλοιτό
738 5368 822 5414 τις
852 5349 989 5421 πρὸς
1008 5348 1278 5402 ἀντίθεσιν
1295 5345 1403 5398 τῶν
1425 5344 1836 5416 προειρημένων
1858 5358 1872 5407 ;
1914 5342 2075 5395 Ἀλλά

493 5443 590 5496 καὶ
619 5442 906 5512 ἀρκεῖσθαι
948 5441 1093 5512 μάλα
1127 5439 1368 5510 ἠγοῦμαι
1401 5441 1521 5500 ταῖς
1558 5436 1651 5490 τοῦ
1676 5437 1929 5508 Σωτῆρος
1962 5453 2076 5504 φωσ

2169 4592 2406 4650 insidet.’
2463 4591 2528 4645 Et
2573 4593 2713 4662 quod
2754 4589 2933 4644 dicitis
2963 4606 2980 4644 :
3009 4587 3068 4644 Si
3115 4589 3231 4659 quis
3279 4587 3475 4642 dixerit
3516 4587 3659 4654 patri
3709 4591 3760 4638 et

2167 4685 2374 4738 matri:
2400 4682 2633 4747 Corban,
2667 4683 2765 4736 hoc
2808 4691 2888 4736 est
2918 4698 3110 4735 munus
3138 4679 3278 4750 quod
3307 4695 3372 4732 ex
3402 4695 3481 4732 me
3517 4677 3611 4731 tibi
3639 4691 3760 4744 pro-

2168 4779 2327 4842 derit,
2369 4786 2420 4831 et
2459 4793 2561 4830 non
2614 4774 2897 4829 honorabit
2940 4761 3169 4842 patrem,
3210 4782 3259 4825 et
3307 4771 3518 4824 irritum
3562 4767 3760 4837 fecistis

2171 4869 2482 4925 mandatum
2517 4869 2610 4922 Dei
2647 4885 2740 4938 per
2773 4865 3113 4920 traditionem
3145 4865 3410 4918 seniorum
3446 4869 3758 4914 vestrorum.

2173 4963 2241 5016 Et
2279 4963 2515 5016 circuitis
2544 4977 2714 5024 mare,
2760 4971 2809 5015 et
2849 4959 3078 5020 aridam,
3115 4967 3172 5009 ut
3203 4955 3417 5025 faciatis
3447 4968 3607 5004 unum
3636 4965 3763 5019 pro-

2173 5055 2431 5125 selytum;
2477 5062 2524 5107 et
2568 5069 2688 5107 cum
2737 5051 2912 5120 factus
2943 5050 3125 5119 fuerit,
3166 5048 3344 5115 facitis
3394 5043 3550 5097 illum
3595 5041 3758 5097 duolo

2173 5158 2331 5213 quant
2373 5157 2462 5194 vos
2504 5139 2678 5209 [ilium
2703 5136 2950 5208 gehennae
2971 5135 3012 5188 ³.

2246 5251 2390 5319 Quid
2437 5252 2602 5322 igitur
2657 5250 2724 5304 ad
2771 5264 2866 5304 eos
2897 5247 3149 5301 homines
3196 5243 3525 5298 relellendos
3559 5241 3762 5298 divinis

2177 5343 2288 5398 illis
2328 5342 2614 5397 sententiis
2653 5339 2820 5408 adjici
2867 5337 3088 5408 gravius
3137 5334 3353 5406 potest?
3400 5332 3586 5402 Itaque
3627 5332 3763 5387 satis

2175 5451 2298 5491 esse
2325 5435 2565 5488 arbitror
2599 5431 2903 5486 Salvatoris
2936 5443 3126 5484 vocem
3153 5442 3217 5482 ac
3246 5425 3594 5481 verissimum
3627 5422 3762 5478 illud

494 5537 613 5597 ναῖς
635 5535 728 5587 καὶ
759 5534 1040 5604 ἀληθιναῖς
1081 5533 1280 5596 λέξεσι,
1337 5530 1472 5602 πρὸς
1507 5529 1574 5592 ἀς
1609 5530 1706 5582 οὐκ
1735 5527 2057 5599 ἠδυνήθησαε

2185 5525 2494 5588 oraculum,
2530 5524 2616 5577 cui
2656 5539 2723 5577 ne
2765 5520 3053 5576 minimum
3098 5516 3317 5589 quidem
3359 5514 3616 5571 reluctari
3665 5522 3769 5584 po-

495 5623 834 5695 άντωπῆσαι,
859 5621 984 5676 οὔτε
1009 5622 1143 5692 πρὸς
1163 5620 1225 5675 τὸ
1249 5617 1606 5691 βραχύτατον.

2189 5625 2431 5671 luerunt.

571 5767 590 5800 ⁸
620 5764 784 5824 Forte
803 5764 898 5821 τοῦ
923 5765 1084 5838 ὅρκου
1115 5763 1354 5820 λέλυται.
1429 5764 1451 5796 ⁸
1479 5761 1584 5820 Isa.
1610 5777 1649 5830 t,
1681 5761 1767 5828 l9,
1796 5761 1886 5817 20.
1963 5760 1982 5792 ³
2016 5758 2057 5816 Μ

2160 5759 2206 5816 li.
2234 5772 2392 5823 mn,
2418 5756 2486 5813 l5
2521 5769 2639 5826 sqq.
