4204 6370
451 261 562 319 255

680 373 1051 431 ADVERSUS
1090 373 1800 442 HEMEROBAPTISTAS,

579 490 712 557 Qua:
744 500 822 544 est
850 489 1065 545 heresis
1095 489 1122 544 Ι
1141 489 1176 542 ν
1200 489 1493 556 Judaismi,
1524 491 1706 545 ordine
1726 489 1776 544 X
1793 489 1920 545 νιι.

527 667 783 727 Proxima
821 679 905 728 est
938 671 1535 740 Hemerobaptistarum
1584 679 1770 738 secta;
1821 686 1942 741 qua:
1982 677 2042 724 ut

461 763 529 816 ab
554 763 677 817 aliis
702 763 851 816 nulla
876 764 928 816 in
954 780 1011 816 re
1034 763 1140 832 37
1166 763 1396 817 dissidet
1422 781 1436 827 ;
1466 761 1764 830 eademque
1787 761 2041 831 dogmata

459 869 584 908 cum
643 854 852 909 Scribis
903 870 968 909 ac
1013 854 1304 909 Pharisaeis
1349 855 1694 924 amplectitur
1732 872 1745 908 :
1796 854 1870 908 ita
1914 867 2038 906 cum

462 944 777 1000 Sadducaiis
804 962 911 1000 non
939 946 1102 1000 modo
1133 946 1188 1000 in
1221 946 1467 1014 neganda
1496 955 1838 1000 mortuorum
1864 960 2044 1000 resur-

462 1042 706 1096 rectione
751 1041 1044 1107 convenit;
1081 1055 1268 1094 verum
1321 1041 1484 1094 etiam
1528 1055 1872 1094 communem
1915 1055 2039 1094 cum

461 1134 534 1189 iis
581 1134 978 1197 inlidelitatem,
1025 1139 1458 1201 caelerarumque
1503 1147 1684 1186 rerum
1719 1133 2038 1198 pravitatem

459 1226 681 1279 retinet.
736 1223 851 1278 Hoc
905 1239 1037 1279 vero
1080 1224 1413 1294 praecipuum
1456 1224 1688 1286 habent,
1735 1223 1880 1292 quod
1931 1232 2038 1276 tam

394 1298 396 1300 ⁷
461 1333 611 1379 vere,
639 1323 1030 1386 autumnoque,
1058 1331 1218 1383 quam
1256 1324 1464 1376 aestate,
1497 1325 1660 1384 atque
1691 1315 1868 1368 hieme
1905 1329 2042 1382 quo-

463 1407 595 1462 tidie
634 1407 814 1461 lavant
847 1426 858 1460 :
890 1407 1033 1460 unde
1071 1415 1124 1460 et
1169 1406 1764 1475 l-iemerobaptistarum
1803 1406 2042 1474 appella-

461 1497 664 1550 tionem
719 1498 898 1567 adepti
951 1505 1099 1552 sunt.
1148 1497 1224 1551 lta
1277 1500 1422 1552 enim
1469 1498 1824 1552 statuebant:
1858 1498 2039 1552 vivere

461 1586 624 1639 aliter
666 1585 937 1641 hominem
991 1601 1101 1640 non
1151 1603 1332 1656 posse,
1388 1603 1549 1655 quam
1598 1587 1641 1640 si
1694 1587 1936 1655 quotidie
1980 1602 2040 1641 se

459 1676 623 1744 aquis
657 1676 885 1738 clueret,
917 1685 1080 1744 atque
1117 1676 1184 1730 ab
1215 1678 1361 1730 omni
1393 1676 1623 1729 crimine
1654 1684 1930 1745 purgaret.

535 1764 638 1819 Sed
673 1781 703 1818 a
731 1766 888 1819 nobis
937 1782 1046 1819 uno
1075 1767 1241 1822 verbo
1287 1766 1531 1820 funditus
1562 1768 1730 1820 everti
1761 1777 1910 1820 secta
1946 1766 2040 1820 illa

463 1862 678 1924 potest;
702 1853 860 1923 cuius
885 1856 1140 1925 dogmata
1169 1865 1226 1908 ut
1255 1871 1283 1908 a
1327 1855 1428 1908 ﬁde
1465 1872 1692 1924 prorsus
1723 1857 1919 1916 aliena.
1963 1858 2042 1911 sic

461 1962 588 1998 cum
621 1947 943 2000 inﬁdelitate
973 1947 1266 2016 conjuncta
1313 1955 1460 2000 sunt.
1502 1946 1638 2000 Cum
1667 1948 1810 2000 enim
1849 1947 2042 2001 diebus

464 2039 699 2108 singulis
729 2041 1039 2100 abluantur,
1073 2041 1154 2093 vel
1201 2055 1298 2095 sua
1332 2041 1434 2108 ipsi
1485 2041 1819 2094 conscientia
1855 2041 2044 2093 redar-

465 2136 724 2192 gui-nter,
778 2141 994 2179 omnem
1033 2125 1175 2178 illam
1199 2167 1212 2190 ,
1249 2142 1413 2196 quam
1447 2126 1620 2195 pridie
1657 2137 2039 2195 conceperant,

463 2231 616 2285 spem
643 2230 768 2268 cum
795 2215 898 2270 ﬁde
925 2225 1087 2285 atque
1116 2217 1424 2286 expiatione
1460 2218 1781 2288 perdidisse.
1825 2217 1958 2269 Nam
1996 2219 2042 2272 si

465 2323 634 2360 unum
669 2307 936 2378 duntaxat
968 2307 1294 2377 baptismum
1333 2317 1602 2370 tenerent,
1641 2309 1692 2361 in
1741 2325 1805 2363 eo
1835 2309 2044 2364 ﬁduciae

464 2397 672 2467 aliquid
715 2407 902 2468 utpote
928 2408 1184 2468 perpetuo
1213 2407 1377 2468 atque.
1409 2401 1735 2465 immortali,
1771 2402 2044 2456 collocare

465 2497 708 2558 possent.
737 2488 855 2542 Jam
890 2506 1016 2544 vero
1047 2491 1138 2560 qui
1188 2491 1347 2545 hodie
1379 2508 1485 2544 non
1534 2493 1763 2546 curandi
1794 2494 2043 2562 corporis

464 2582 661 2651 gratia,
699 2582 794 2636 sed
829 2582 894 2634 ad
935 2581 1202 2651 expianda
1249 2584 1450 2637 scelera
1485 2585 1576 2637 loti
1627 2594 1786 2649 sunt,
1820 2587 2042 2654 quibus-

464 2687 571 2740 que
599 2671 719 2725 ideo
746 2680 1059 2742 repurgata,
1083 2682 1138 2725 ut
1166 2673 1266 2741 ipsi
1304 2682 1574 2736 statuunt,
1603 2676 1786 2729 omnia
1812 2691 1935 2731 esse
1950 2676 2045 2730 de-

463 2763 593 2816 bent
622 2779 634 2814 :
667 2764 826 2817 iidem
858 2779 982 2817 cum
1027 2765 1290 2833 postridie
1330 2781 1548 2818 rursum
1597 2766 1916 2830 abluuntur,
1949 2767 2044 2821 de—

463 2852 675 2905 clarant
711 2852 952 2920 profecto
983 2851 1297 2906 hesternum
1339 2855 1490 2906 illum
1540 2856 1866 2925 baptismum
1914 2871 2043 2910 era-

465 2943 672 2997 nuisse.
706 2941 820 2996 Nisi
869 2944 1011 2997 enim
1064 2945 1165 2998 iste
1202 2946 1486 3014 periissist,
1520 2947 1654 2999 nihil
1699 2957 1819 3001 erat
1849 2963 1948 3001 cur
1977 2949 2042 3002 ad

1881 254 1941 316 Β.
1975 256 2321 314 EPIPHAMI

2064 387 2112 434 A

3609 254 3716 311 256

2417 369 2605 424 ΚΑΤΑ
2641 367 3265 424 ΗΜΕΡΟΒΔῙῘΤῘΣΤΩΝ
3289 366 3400 437 (10)
3415 412 3431 435 ,

2144 475 2398 551 Τετάρτῃ
2425 483 2666 554 αἵρεσις-⁸
2701 481 2957 554 andem}
2996 481 3391 554 _‘Imidarowoii,
3432 483 3716 536 ἑπτακαι-

2526 550 2742 619 δεκάτη
2775 551 2844 604 δὲ
2875 550 2948 620 τῇ
2976 550 3324 619 ἀκολουθίᾳ.

2213 665 2448 730 Ταύταις
2483 667 2540 720 δὲ
2588 665 2877 719 συνέπεταί
2933 683 3020 730 τις
3068 668 3278 739 αἵρεσις
3316 668 3714 740 Ἦμεροϐαπτι-

2143 759 2302 821 στῶν,
2345 758 2488 812 οὕτω
2541 757 2867 828 καλουμένη,
2922 757 3088 827 μηδὲν
3126 761 3225 829 μὲν
3260 759 3714 830 παραλλάττουσα

2139 849 2249 903 τῶν
2268 849 2465 914 ἄλλων,
2490 849 2604 901 ἀλλ’
2628 849 2720 902 ῐσα
2748 847 2857 900 τῶν
2885 849 3262 919 Γραμματέων
3282 851 3376 901 καὶ
3401 850 3710 920 Φαρισαίων

2143 941 2418 1015 φρονοῦσα
2437 957 2451 972 ο
2483 941 2545 993 οὐ
2579 941 2686 1012 μὴν
2707 940 3025 1010 ἐξισουμὲνη
3056 943 3166 1002 τοῖς
3196 939 3572 1003 Σαδδουκαίοις
3595 941 3709 1011 (Η)

2142 1035 2200 1085 ὲν
2237 1035 2300 1102 τῇ
2328 1031 2436 1084 τῶν
2471 1031 2678 1102 νεκρῶν
2706 1031 3000 1082 ἀναστάσει
3028 1030 3206 1099 μόνον,
3234 1029 3369 1084 ἀλλά
3387 1033 3452 1102 τῇ
3485 1031 3712 1103 ἀπιστίᾳ

2142 1125 2236 1178 καὶ
2263 1126 2376 1187 τοῖς
2402 1124 2598 1186 ἄλλοις.
2655 1123 2824 1175 Τοῦτο
2852 1122 2907 1175 δὲ
2935 1123 3185 1194 περιττὸν
3229 1121 3364 1194 αὕτη
3397 1125 3708 1196 κεκτημένη

2143 1215 2175 1283 ή
2207 1212 2451 1283 αἵρεσιςο
2486 1211 2561 1274 ὼς
2587 1211 2644 1263 ἐν
2675 1211 2796 1282 ἕαρί
2827 1229 2885 1263 τε
2920 1213 3014 1264 καὶ
3047 1211 3363 1282 μετοπώρῳ,
3399 1212 3626 1283 χειμῶνί
3655 1230 3713 1266 τε

2142 1306 2235 1358 καὶ
2261 1305 2405 1375 θέρει
2424 1305 2649 1357 πάντοτε
2663 1303 2982 1374 καθημέραν
3008 1304 3360 1373 βαπτίζεσθαι
3383 1322 3396 1335 ·
3421 1306 3542 1358 ὅθεν
3569 1307 3664 1360 καὶ
3694 1307 3712 1338 ¹

2155 1395 2664 1466 Ἠμεροὸαπτιστάν
2719 1395 2904 1464 εἴληφε
2951 1395 3048 1464 τὴν
3091 1397 3424 1466 ἐπωνυμίαν.
3469 1398 3714 1465 Ἔφασκε

2141 1487 2249 1558 γὰρ
2282 1485 2418 1557 αὓτη
2461 1485 2635 1549 ἄλλως
2683 1503 2803 1549 πως
2832 1487 2905 1557 μὴ
2927 1482 3062 1537 εἶναι
3099 1484 3198 1556 ζῇν
3229 1486 3522 1557 ἀνθρώπῳ,
3557 1490 3604 1539 εί
3638 1489 3713 1557 μή

2140 1593 2192 1628 τι
2227 1577 2334 1646 ἄρα
2364 1575 2485 1628 καθ’
2518 1575 2754 1643 ἑκάστην
2775 1574 2988 1644 ἡμέραν
3017 1573 3326 1642 βαπτίζοιτό
3342 1591 3425 1636 τις
3455 1576 3511 1625 ὲν
3539 1572 3714 1634 ὕδατι,

2141 1665 2535 1736 ἀπολουὸμενός
2559 1681 2616 1716 τε
2652 1665 2744 1716 καὶ
2776 1663 3124 1732 ἀγνιζόμενος
3158 1663 3264 1717 ἀπὸ
3295 1664 3472 1732 πάσης
3513 1662 3712 1725 αἰτίας.

2215 1759 2358 1828 Πρὸς
2407 1757 2608 1826 ταύτην
2646 1756 2702 1808 δὲ
2748 1758 2842 1809 καὶ
2890 1757 3058 1826 αὐτὴν
3097 1755 3155 1820 ἐξ
3214 1755 3332 1819 ἐνὸς
3377 1755 3534 1822 λόγου
3584 1757 3715 1825 ήμῖν

2145 1848 2422 1919 ἀνατροπὴ
2449 1848 2772 1916 γενήσεται·
2809 1849 2890 1898 ὅτι
2925 1846 3178 1909 ἀπιστίας
3213 1847 3338 1918 παρ’
3369 1847 3549 1908 αὐτοῖς
3582 1848 3714 1916 μάλ-

2144 1937 2288 2007 λονή
2327 1937 2560 1999 πίστεως
2587 1937 2636 1989 οἱ
2673 1936 2841 2004 λόγοι.
2887 1936 3127 2006 Ἑλέγχει
3158 1936 3265 2008 γάρ
3299 1937 3495 1999 αὐτοὺς
3527 1938 3560 2006 ἡ
3593 1954 3716 1988 συν-

2144 2029 2350 2099 είδησις
2383 2028 2561 2080 αὐτῶν
2609 2027 2730 2080 καθ’
2761 2027 2997 2097 ἑκάστην
3031 2028 3241 2098 ἡμέραν
3281 2026 3711 2096 βαπτιζομένων,

2142 2121 2216 2182 ὡς
2239 2122 2318 2174 ὅτι
2350 2123 2382 2190 ή
2415 2119 2568 2183 ἐλπὶς
2593 2121 2691 2190 τῆς
2718 2119 2844 2189 χθὲς
2867 2120 3079 2192 ἡμέρας
3107 2120 3234 2189 παρ’
3261 2119 3439 2180 αὐτοῖς
3460 2117 3712 2187 τέθνηκε,

2146 2215 2238 2266 καὶ
2267 2215 2300 2282 ἡ
2331 2213 2512 2274 πίστις
2543 2228 2603 2264 τε
2639 2213 2730 2264 καὶ
2779 2214 2806 2263 ὁ
2836 2213 3118 2281 ἁγνισμύς.
3161 2213 3223 2263 Εἰ
3269 2210 3367 2280 μὲν
3399 2209 3506 2280 γὰρ
3534 2211 3592 2261 ὲν
3634 2210 3715 2262 ἑνὶ

2147 2305 2482 2374 βαπτίσματι
2505 2303 2798 2373 ὲστοίχουν,
2821 2304 2928 2374 ἄρα
2951 2303 3212 2374 ἐθάρρουν
3238 2301 3432 2371 τούτῳ,
3454 2301 3527 2363 ὡς
3553 2299 3714 2363 ζῶντι

2145 2398 2238 2450 καὶ
2268 2396 2518 2467 ἀθανάτῳ
2557 2396 2668 2448 ὄντι
2709 2398 2782 2457 εἰς
2814 2397 2905 2448 τὸν
2955 2395 3152 2447 αἰῶναο
3185 2394 3345 2447 ὁπότε
3380 2394 3435 2446 δὲ
3476 2395 3713 2463 σήμερον

2148 2489 2247 2556 μὲν
2295 2487 2580 2540 ἐλούσαντο
2625 2488 2721 2556 οὐχ
2761 2487 2945 2538 ἕνεκεν
2989 2486 3235 2548 πλύσεως
3270 2484 3541 2555 σώματος,
3579 2485 3713 2537 ἀλλὰ

2144 2581 2328 2632 ἕνεκεν
2363 2578 2794 2649 ἁμαρτημάτων,
2832 2577 2938 2648 ἄρα
2975 2579 3093 2629 κατ’
3125 2577 3321 2638 αὐτοὺς
3356 2575 3708 2645 ἐκαθαρίσθη.

2143 2667 2308 2731 Αὖθις
2356 2670 2413 2722 δὲ
2449 2672 2515 2740 τῇ
2558 2669 2684 2739 ἑξῆς
2732 2668 2892 2722 πάλιν
2921 2668 3216 2738 λουόμενοι,
3259 2669 3608 2736 ἀπεφήναντο
3655 2667 3715 2719 τὸ

2145 2761 2412 2833 παρελθὸν
2446 2763 2502 2814 ὲν
2532 2763 2596 2831 τῇ
2632 2760 2758 2831 χθὲς
2787 2760 3035 2812 τεθνάναι
3066 2760 3368 2830 βάπτισμα.
3398 2760 3459 2810 Εἰ
3494 2758 3568 2829 μὴ
3607 2757 3718 2825 γὰο

2143 2856 2204 2907 τὸ
2244 2855 2348 2926 πρὸ
2379 2856 2509 2924 μιᾶς
2537 2853 2836 2924 ἐτεθνήκει,
2860 2853 2960 2906 οὐκ
3004 2851 3070 2905 ἂν
3105 2854 3184 2916 εἰς
3223 2851 3319 2922 τὴν
3363 2851 3486 2922 tes;
3526 2850 3712 2922 ἑτέρου

2146 2948 2427 3000 ἐπεδέοντο
2475 2946 2611 3018 πρὸς
2659 2945 2998 3014 καθαρισμὸν
3047 2943 3476 3014 ἁμαρτημάτων.
3517 2943 3627 2995 Καὶ
3665 2942 3714 2994 εἰ

463 3034 753 3088 criminum
801 3036 1162 3103 expiationem
1219 3037 1399 3092 denuo
1445 3039 1594 3090 illum
1645 3048 1860 3108 postera
1919 3040 2041 3094 luce

2146 3040 2282 3102 ὅλως
2311 3041 2413 3093 οὐκ
2449 3039 2742 3108 ἀπέχονται
2770 3036 2864 3090 τοῦ
2897 3038 3250 3107 ἁμαρτάνειν,
3270 3034 3602 3106 νομίζοντες,
3633 3035 3715 3087 ὅτι

464 3133 789 3194 repeterent.
831 3126 984 3192 Quod
1015 3127 1060 3181 si
1094 3143 1318 3196 peccare
1346 3129 1567 3182 omnino
1592 3145 1698 3184 non
1743 3130 2037 3197 desinunt;

464 3217 886 3285 existimantque
916 3233 997 3280 se,
1037 3233 1159 3270 cum
1195 3227 1454 3287 perpetuo
1479 3234 1541 3272 ac
1579 3220 1771 3273 diebus
1796 3222 2041 3290 gsingulis

465 3313 710 3375 peccent,
747 3307 953 3375 expiari
986 3323 1125 3377 aqua
1157 3325 1336 3377 posse,
1369 3311 1716 3365 vehementer
1760 3313 2038 3376 aberrant,

463 3413 566 3451 nec
603 3405 898 3452 esteorum
931 3400 1180 3454 instituto
1210 3403 1404 3456 vanius
1435 3415 1526 3456 aut
1566 3403 1859 3458 absurdius
1883 3405 2042 3474 quid-

464 3506 650 3559 quam.
695 3492 902 3545 Etenim
946 3509 1119 3562 neque
1154 3491 1401 3550 Oceanus
1448 3495 1597 3566 ipse,
1639 3513 1816 3567 neque
1868 3499 2040 3551 maria

465 3581 683 3647 omnia;
737 3598 911 3650 neque
963 3598 1224 3651 perennes
1276 3579 1561 3640 ﬂuviorum
1595 3602 1770 3656 aquae,
1803 3590 1884 3642 vel
1919 3588 2040 3642 fon-

464 3674 636 3739 tium;
687 3690 862 3744 neque
908 3676 1168 3746 quidquid
1217 3679 1428 3748 uspiam
1475 3680 1782 3748 pluviarum
1825 3691 1946 3745 est,
1992 3682 2037 3740 si

537 3827 555 3858 ¹
587 3827 747 3886 Forte
787 3831 1318 3901 Ήμεροϐαπτιστῶν.

535 3985 647 4057 (10)
755 3986 1324 4057 Ἦμεροϐαπτιστῶν,
1427 3986 1726 4040 Commune
1821 3985 2037 4057 iJﬁudmis

465 4056 756 4117 omnibus,
803 4067 857 4111 et
916 4061 965 4111 in
1012 4060 1200 4127 primis
1265 4056 1553 4111 Pharisaeis
1599 4058 1769 4112 fuisse
1820 4056 2037 4110 Marcus

463 4129 797 4196 evangelista
831 4139 1058 4182 testatur
1109 4145 1224 4196 cap.
1274 4144 1371 4189 vn,
1410 4127 1442 4180 3
1475 4137 1529 4180 et
1577 4129 1631 4189 4,
1667 4135 1724 4180 ut
1757 4134 1811 4179 et
1843 4140 2038 4180 manus

468 4195 780 4264 frequenter
826 4199 1128 4258 abluerent,
1157 4195 1204 4250 et
1240 4213 1268 4250 a
1311 4196 1427 4248 foro
1461 4197 1750 4251 redeuntes
1795 4197 2038 4264 baptiza-

468 4277 674 4336 rentur.
708 4269 886 4331 Quare
921 4285 1026 4321 non
1059 4270 1272 4320 videtur
1303 4269 1588 4336 peculiaris
1626 4268 1737 4322 hac
1769 4274 1916 4320 secta
1946 4267 2039 4319 Ju-

468 4335 704 4388 dzeorum
740 4339 1048 4401 exstitisse;
1085 4339 1190 4392 nisi
1227 4335 1315 4390 ita’
1345 4340 1588 4390 dicamus
1623 4337 1914 4391 nonnullos
1941 4338 2035 4404 qui

2142 3133 2207 3186 τὸ
2258 3131 2402 3202 ὕδωρ
2446 3130 2729 3202 καθαρίσει
2792 3130 2917 3192 τοὺς
2968 3128 3254 3199 ἐνδελεχῶς
3309 3128 3428 3181 καθ’
3479 3129 3714 3198 ἑκάστην

2147 3226 2586 3295 ἁμαρτάνοντας,
2641 3223 2867 3292 μάταιος
2917 3221 3094 3274 αὐτῶν
3133 3224 3166 3292 ὴ
3212 3221 3472 3283 ὑπόνοια,
3511 3221 3606 3274 καὶ
3653 3219 3715 3274 τὸ

2145 3318 2478 3388 ἐπιτήδευμα
2523 3315 2751 3387 φροῦδον
2795 3314 2890 3367 καὶ
2914 3313 3098 3366 ἕωλον.
3131 3312 3267 3367 Οὔτε
3305 3313 3413 3384 γὰρ
3443 3313 3713 3376 Ὠκεανὸς,

2143 3409 2266 3462 οὔτε
2297 3409 2471 3461 πάντα
2501 3408 2566 3462 τὰ
2602 3407 2790 3480 ῥεῖθρα
2820 3407 2914 3459 καὶ
2961 3405 3192 3476 πελάγη.
3232 3404 3466 3474 ποταμοί
3492 3421 3550 3456 τε
3588 3405 3715 3456 ἀέν-

2146 3519 2263 3555 ναοι
2294 3503 2384 3554 καὶ
2418 3500 2619 3570 πηγαὶ,
2662 3499 2813 3551 πᾶσά
2839 3515 2897 3549 τε
2938 3499 2970 3567 ἡ
3009 3495 3340 3566 ὁμϐροτόκος
3381 3495 3540 3564 φύσις
3587 3512 3713 3548 συν-

2147 3591 2376 3644 ελθοῦσα
2412 3591 2632 3643 δύναται
2677 3590 3048 3660 ἁμαρτήματα
3091 3586 3381 3654 ἀφανίσαι·
3422 3586 3719 3658 ἐπειδήπερ

2146 3684 2207 3735 οὐ
2232 3683 2375 3736 κατὰ
2410 3682 2588 3752 λόγον,
2627 3681 2747 3734 οὐδὲ
2777 3682 2840 3734 ἐκ
2874 3679 3292 3750 προστάγματος
3313 3676 3448 3730 Θεοῦ
3485 3680 3714 3746 γίνεται.

2137 3986 2336 4061 στῇ-τῶν
2363 3987 2572 4061 [sicva
2609 3987 2922 4054 ἀναστάσει,
2955 3989 3088 4045 ἀλλά
3112 3991 3191 4061 ,τῇ
3225 3991 3452 4061 ἀπιστίᾳ
3481 3992 3574 4044 καὶ
3603 3995 3718 4056 τοῖς

2137 4056 2335 4130 ᾇλλοις.
2379 4056 2483 4110 Sed
2515 4058 2640 4130 haec
2671 4062 2936 4130 sententia
2992 4061 3060 4114 ab
3110 4056 3198 4124 iis,
3241 4076 3361 4128 qin
3393 4056 3552 4130 paulo
3592 4070 3718 4117 ante

2140 4127 2428 4199 leguntur;
2465 4136 2578 4180 tum
2629 4128 2682 4180 in
2718 4127 2994 4184 Breviario
3039 4127 3310 4183 sectarum
3365 4127 3526 4199 h'ujus
3571 4133 3716 4198 libri,

2140 4205 2194 4270 et
2256 4197 2335 4270 _in
2385 4199 2768 4270 universarum
2857 4197 3716 4270 AnaeephalmosiHreperiuntur

2137 4268 2205 4320 ab
2256 4266 2580 4338 Epiphanio,
2633 4268 2984 4340 vehementer
3036 4266 3281 4323 dissidet.
3329 4266 3465 4340 Nam
3516 4271 3718 4340 ubique

2140 4337 2455 4391 constanter
2492 4339 2774 4400 asseritur,
2809 4337 3305 4408 liemerobaptistas
3337 4355 3366 4392 a
3396 4337 3600 4394 Judaeis
3627 4337 3714 4395 re-

469 4420 528 4458 se
577 4409 862 4480 sanctitate
913 4399 1168 4480 pra-stare
1216 4408 1427 4460 caeteris
1474 4408 1686 4471 vellent,
1724 4423 1828 4459 non
1875 4399 2034 4480 nio-llo
2070 4399 2112 4455 D
2144 4408 2486 4480 liquisnulla
2521 4399 3144 4480 inparteﬁiscrepare';
3182 4410 3314 4480 sive.
3352 4420 3411 4462 ut
3449 4412 3553 4464 hoc
3591 4412 3714 4465 loco

469 4476 683 4542 quoties
732 4492 759 4526 a
805 4476 922 4529 foro
963 4479 1222 4541 redirent,
1259 4493 1442 4529 verum
1480 4489 1640 4529 etiam
1683 4478 1896 4530 tametsi
1946 4493 2037 4544 pe-

469 4545 590 4597 dem
641 4546 800 4596 donio
837 4562 942 4616 non
988 4548 1330 4616 extulissent.
1378 4547 1444 4598 de
1489 4547 1583 4616 die,
1619 4549 1818 4616 saepius
1858 4547 2038 4616 lavare

469 4616 842 4669 consuevisse.
875 4615 1192 4682 Cujusmodi
1233 4615 1415 4668 Baulis
1446 4615 1534 4669 ille
1567 4615 1808 4679 fuit,’cui
1844 4632 1902 4669 se
1944 4615 2038 4669 Jo-

470 4685 672 4750 sephus
712 4687 763 4736 in
797 4687 1138 4755 disciplinam
1165 4685 1495 4755 tradidit,-ut
1527 4687 1578 4738 in
1607 4685 1728 4739 Vita
1769 4701 1866 4740 sua
1896 4687 2034 4738 scri-

471 4761 621 4821 ptum
690 4754 944 4826 reliquit.
985 4755 1169 4826 Hune
1197 4755 1338 4808 enim
1378 4754 1600 4826 refert,
1631 4756 1823 4826 ψυχρῷ
1883 4755 2033 4826 ὕδατι

469 4825 568 4895 τὴν
597 4825 828 4895 ήμέραν,
862 4827 954 4876 καὶ
990 4825 1087 4894 τὴν
1115 4824 1283 4876 νύκτα
1307 4823 1563 4895 πολλάκις
1592 4823 1878 4895 λουόμενον
1905 4825 2039 4895 πρὸς

470 4893 823 4959 ἁγνείανζδίίι
856 4893 1212 4960 Εεεθιιιοιιιιά
1246 4893 1494 4947 eumdem
1523 4893 1816 4963 .Iosephiun
1848 4893 2036 4960 libftt,

471 4977 591 5034 cap.
627 4963 656 5015 7
684 4979 884 5032 corpus
918 4975 1042 5017 ante
1087 4965 1265 5016 cibum
1312 4965 1604 5034 abluebant
1636 4964 1847 5034 frigida.
1900 4965 2039 5030 Quid

475 5031 636 5100 igitur
679 5031 1158 5102 llemcrolmptistie
1187 5034 1282 5097 illi,
1319 5031 1820 5103 quosEpiphamus
1852 5037 2037 5098 refert,

474 5106 787 5167 meruerint,
821 5115 876 5156 ut
921 5106 1231 5156 distmctam
1263 5105 1330 5156 ab
1357 5105 1477 5158 aliis
1509 5114 1709 5158 sectam
1739 5106 2036 5167 ellicereut,

474 5185 580 5222 non
617 5174 751 5224 satis
779 5174 1157 5228 discernimus.

546 5241 654 5318 5-H)
687 5245 765 5295 Οὐ
791 5245 917 5318 μὴν
938 5241 1298 5318 ἐξισοιεμένη
1327 5243 1447 5307 τοῖς
1465 5241 1908 5318 Σαδὸουκίιίως,
1936 5244 2038 5318 Qui

479 5313 648 5372 primi
695 5315 872 5378 sperie.
901 5317 1188 5366 vei-barum
1215 5313 1441 5365 istorum
1472 5328 1665 5366 sensus
1698 5315 1958 5376 occurrit,
1993 5315 2038 5367 is

477 5385 577 5437 est,
611 5396 764 5442 quem
795 5399 898 5435 non
933 5385 1093 5437 modo
1125 5398 1223 5436 nos
1258 5383 1380 5451 ipsi,
1418 5384 1510 5436 sed
1539 5384 1701 5436 etiam
1739 5382 2039 5437 Carnarius

477 5453 762 5510 expressit.
802 5452 1294 5521 llernsmbaptistas
1334 5471 1438 5505 non
1499 5457 1672 5507 solum
1706 5455 1759 5504 in
1793 5455 2039 5522 neganda

483 5524 1280 5592 mortuorumresurrectione,
1311 5539 1495 5575 verum
1545 5525 1596 5576 in
1638 5526 1842 5592 reliqua
1891 5526 2039 5577 omni

478 5577 786 5661 dogmatum
820 5591 1053 5661 falsuate
1085 5577 1418 5646 concordare
1449 5610 1570 5645 cum
1601 5577 1931 5648 Sadduczris.
1963 5595 2037 5646 Ού

481 5652 590 5717 μὴν
618 5652 934 5730 ὲἔδεισουμένη
976 5662 1154 5730 μόνον,
1185 5663 1380 5732 inquit,
1408 5667 1518 5726 τοῖς
1569 5663 1942 5726 Σαδδουκαίοις
1982 5665 2039 5717 ἐν

2141 4479 2377 4546 scripsit,
2401 4495 2428 4530 a
2455 4477 2664 4532 Scribis
2687 4488 2739 4531 et
2769 4477 3082 4534 Pharismis.
3115 4479 3265 4544 Quod
3290 4480 3334 4532 si
3359 4495 3706 4534 communem

2139 4562 2262 4600 cum
2305 4547 2620 4601 Sadducaeis
2663 4549 3004 4616 negationem
3053 4550 3470 4604 resurrectionis
3510 4550 3713 4605 habue-

2139 4619 2270 4676 rint.
2315 4620 2529 4686 aliaque
2573 4619 2847 4685 dogmata,
2876 4620 3075 4686 quibus
3119 4620 3205 4673 isti
3250 4634 3279 4671 a
3330 4618 3620 4673 Pharisaeis
3657 4630 3712 4674 et

2143 4686 2350 4740 Scribis
2381 4696 2658 4756 tantopere
2687 4688 3073 4750 abhorrebant,
3123 4698 3178 4741 ut
3223 4688 3289 4741 ad
3335 4689 3711 4744 Samaritanos

2141 4759 2481 4818 accederent,
2527 4758 2978 4825 quemadmodum
3025 4759 3076 4812 in
3129 4759 3342 4810 illorum
3383 4758 3712 4814 declaranda

2140 4826 2331 4882 haeresi
2367 4836 2594 4880 testatus
2631 4835 2746 4891 est;
2791 4828 3033 4895 proferto
3079 4830 3304 4881 multum
3356 4843 3478 4881 cum
3521 4844 3550 4881 a
3584 4832 3712 4884 reli-

2140 4899 2263 4964 quis
2307 4896 2614 4951 Judarorum
2663 4897 3006 4959 factionibus,
3047 4909 3156 4950 tum
3209 4914 3240 4949 a
3293 4897 3601 4958 Pharisaeis.
3648 4916 3712 4954 ac

2145 4967 2350 5022 Scribis
2404 4967 2886 5034 llemerobaptistze
2940 4969 3172 5034 separati
3225 4977 3372 5022 sunt.
3440 4968 3569 5032 Qua-2
3628 4985 3714 5024 me

2141 5039 2282 5089 ratio
2315 5047 2638 5097 connuovet,
2687 5045 2744 5088 ut
2789 5038 2943 5090 aliter
2992 5038 3276 5106 Epiphanii
3335 5041 3499 5093 verba
3547 5040 3715 5092 inter-

2141 5108 2400 5174 pretanda
2457 5108 2717 5174 judicent,
2775 5108 3015 5173 adeoque
3062 5109 3337 5161 contrario
3385 5125 3547 5162 sensu
3590 5128 3603 5162 :
3649 5124 3714 5162 ac

2143 5178 2292 5248 prior
2318 5178 2431 5248 ille
2474 5186 2577 5238 est,
2628 5192 2786 5245 quam
2822 5177 2875 5228 in
2905 5175 3094 5230 Latina
3129 5179 3377 5232 versione
3424 5180 3599 5248 posui.
3634 5181 3708 5230 Οὐ

2145 5246 2249 5315 μὴν
2281 5247 2622 5316 ἐξισουμένη,
2673 5247 2868 5312 inquit,
2899 5250 3010 5310 τοῖς
3041 5246 3436 5310 Σαδδουκαίοιςῖ
3471 5247 3592 5302 Non
3629 5259 3710 5300 ta-

2144 5332 2281 5387 men,
2315 5333 2432 5370 cum
2493 5316 2802 5369 Sadduca'is
2851 5332 3160 5384 congruens,
3202 5321 3301 5370 hoc
3362 5334 3469 5371 uno
3512 5320 3708 5387 capite,

2143 5386 2284 5453 quod
2328 5395 2664 5439 mortuorum
2713 5391 3170 5441 resurrectionem
3221 5404 3349 5449 non,
3396 5397 3454 5440 ut
3487 5386 3594 5442 illis
3627 5389 3709 5440 vi-

2143 5471 2261 5528 sum
2290 5465 2395 5516 est,
2432 5458 2680 5528 abneget,
2712 5471 3020 5528 quanquam
3059 5459 3265 5526 reliqua
3298 5459 3351 5510 in
3380 5460 3625 5528 perﬁdia.
3658 5468 3710 5511 et

2143 5526 2405 5580 adversus
2450 5525 2724 5579 Christum
2773 5527 3041 5594 pramipue
3093 5525 3454 5589 contumacia,
3502 5527 3712 5580 Saddu-

2143 5611 2399 5675 eteorum,
2427 5612 2489 5650 ac
2533 5609 2847 5652 cmterarum
2884 5599 3150 5652 Judaismi
3182 5599 3455 5652 haereseon
3498 5600 3712 5668 gemina

2143 5675 2232 5722 Sil.
