4204 6370
459 297 565 354 257
1036 299 1408 358 ADVERSUS
1445 299 1806 358 "IEBESES.
1843 299 1971 356 LIB.
2013 300 2052 356 1.
2097 302 2259 359 ΤΟΜ.
2302 305 2340 358 l.
2384 337 2453 352 ρ-
2495 307 2771 368 llAERES.
2814 311 3174 373 VllX-XVlll.
3634 324 3746 384 238

462 420 869 492 Μετάνοιαγὰρ
911 421 1238 494 καθαρίζει,
1277 424 1375 477 καὶ
1430 421 1494 475 τὸ
1535 422 1594 476 ἐν
1636 422 1920 494 βάπτισμα
1969 421 2032 476 δι(

2159 441 2328 480 unum
2352 427 2406 482 in
2425 429 2604 484 locum
2633 433 2981 500 conveniant,
3009 436 3194 493 eluere
3217 449 3438 507 peccata
3459 445 3742 502 hominum

458 511 563 582 τῆς
588 511 698 565 τῶν
728 515 1042 586 μυστηρίων
1069 515 1389 585 ὀνομασίας.
1423 513 1840 585 Παρελεύσομαι
1872 514 1928 566 δέ
1958 517 2032 568 κα

2159 527 2394 586 possunt
2423 537 2436 574 :
2469 522 2688 592 quando
2718 523 2772 578 id
2806 525 2944 579 citra
2975 540 3191 581 omnem
3238 531 3543 597 rationem,
3571 535 3743 590 citra-

458 603 692 677 ταύτην,
745 606 1038 678 αὐτάρκως
1083 607 1470 678 ήγησάμενος¹
1527 605 1729 660 τὸν-ἐν
1780 605 1947 675 ὀλίγῳ
1991 605 2032 658 τε

2159 622 2268 677 que
2328 608 2420 665 Dei
2474 623 2804 683 praeceptum
2863 617 3172 673 adhibetur.
3231 619 3470 693 Purgare
3519 627 3744 695 proinde

461 697 716 768 ἀλέξημα
743 699 841 768 τῆς
883 697 1062 752 αὐτῶν
1101 698 1529 768 φρενοϐλαϐείας
1565 697 1864 764 ὑποδεῖξαι.
1907 697 2032 749 "Emi

2160 700 2366 790 scelera
2399 704 2738 772 paenitentia:
2763 714 2868 770 est,
2902 709 3176 778 uniusque
3196 712 3475 781 baptismi.
3502 732 3596 786 per
3624 734 3743 790 my-

461 789 717 844 ἐνταυθοί
738 793 850 854 τοῖς
871 789 1260 860 ἐντυγχάνουσι
1299 790 1680 844 συντέτακται.

2159 789 2423 844 sticarum
2465 809 2649 848 rerum
2708 799 3149 866 appellationem.
3214 801 3319 858 Sed
3379 809 3594 862 nosab
3636 789 3741 866 hac

454 885 630 940 etiam
680 895 828 942 secta
868 888 935 942 ad
987 889 1150 941 aliam
1196 887 1558 940 transibimus
1605 905 1618 939 :
1657 900 1782 940 cum
1834 884 2053 938 abunde
2091 898 2214 938 esse
2241 896 2496 954 putemus
2565 892 2753 959 paucis
2787 893 3052 950 adversus
3121 897 3336 954 illorum
3382 903 3738 961 stoliditatem

464 978 706 1034 remedia
747 995 1118 1050 comparasse.
1171 979 1447 1034 Hactenus
1485 981 1653 1050 igitur
1689 980 1746 1033 in
1777 980 2040 1034 lectorum
2079 980 2308 1049 gratiam
2333 983 2435 1037 ista
2468 984 2744 1053 disputata
2781 989 2912 1045 sint.

870 1095 1061 1147 ΚΑΤΑ
1095 1095 1488 1149 ΝΑΖΑΡΑΙΩΝ
1525 1094 1656 1166 (ιε),

510 1207 654 1260 Ἀπὸ
707 1204 1108 1275 ’1ουδαϊσμοῦο
1135 1204 1397 1276 πέμπτη,
1452 1204 1528 1276 τῇ
1571 1205 1640 1259 δὲ
1681 1205 2013 1272 ἀκολουθίᾳ

997 1275 1495 1344 ὀκτωκαιδεκάτη.

533 1391 612 1442 Α’.
660 1388 823 1460 Ἑξῆς
857 1388 913 1442 δὲ
952 1388 1316 1459 ἐπιϐαλοῠμαι
1337 1388 1642 1459 διηγεῖσθαι
1675 1388 1743 1442 τὰ
1776 1387 1918 1440 κατὰ
1946 1385 2044 1458 τὴν

462 1483 675 1553 αἵρεσιν
711 1482 811 1552 τὴν
849 1481 986 1553 μετὰ
1015 1482 1142 1544 τοὺς
1159 1481 1671 1552 Ἡμεροϐαπτιστάς
1701 1480 2043 1551 καλουμένην

459 1574 570 1627 τῶν
596 1573 949 1643 Ναζαραίων,
986 1575 1182 1637 οἵτινες
1219 1575 1464 1627 Ἰουδαῖοί
1495 1577 1600 1626 εἱσι
1625 1572 1684 1626 τὸ
1721 1574 1897 1641 γένος,
1935 1571 2044 1626 ἀπὸ

457 1666 559 1735 τῆς
587 1664 967 1729 Γαλααδίτιδος
1001 1666 1097 1719 καὶ
1124 1666 1496 1730 Βασανίτιδος,
1520 1667 1615 1718 καὶ
1651 1663 1760 1717 τῶν
1787 1664 2040 1717 ἐπέκεινα

2458 1097 2568 1168 3g
2593 1098 2960 1157 onensus
2993 1103 3422 1176 ΝΑΖΑιιΑεοδ,

2263 1207 2382 1272 Qua
2421 1222 2496 1263 est
2529 1211 2800 1267 Judaismi
2828 1215 3040 1271 liwresis
3091 1217 3158 1284 V,
3191 1219 3375 1275 ordine
3396 1221 3628 1281 XVIIa.

2219 1385 2259 1442 l.
2287 1386 2444 1443 Nunc
2488 1391 2592 1444 alia
2632 1395 2761 1446 mihi
2793 1405 2916 1464 post
2960 1396 3462 1471 llemerobaplistas
3508 1405 3734 1464 Incresis

2146 1485 2500 1550 exponenda,
2535 1503 2656 1554 qum
2690 1486 3076 1544 Nazareorum
3117 1493 3340 1548 dicitur.
3376 1498 3480 1562 Qui
3510 1501 3730 1568 quidem

2149 1584 2207 1626 ut
2252 1577 2566 1644 accepimus
2598 1596 2798 1649 genere
2849 1581 3019 1637 Judaei
3062 1593 3224 1649 sunt,
3268 1604 3298 1642 e
3330 1587 3647 1657 Galaatide,
3675 1601 3732 1649 et

2149 1663 2466 1721 Basanitide
2489 1707 2505 1732 ,
2553 1687 2615 1724 ac
2648 1674 2874 1743 reliquis
2908 1678 3049 1729 ultra
3082 1676 3376 1735 Jordanem
3414 1685 3731 1752 regionibus

457 1757 552 1810 τοῦ
592 1757 858 1829 Ἰορδάνου
885 1757 1218 1830 ὁρμώμενοι,
1250 1757 1324 1820 ὡς
1346 1760 1374 1811 ὁ
1406 1761 1485 1821 είς
1516 1759 1662 1828 ἡμᾶς
1695 1756 1862 1810 ἐλθὼν
1886 1775 2032 1828 περι-

2150 1758 2389 1812 oriundi.
2425 1758 2792 1825 Quamobrem
2823 1781 2946 1819 cum
2981 1767 3095 1820 haec
3135 1779 3281 1823 secta
3327 1773 3628 1828 Israelitica
3661 1793 3729 1832 ex

460 1854 576 1922 έχει
607 1852 786 1920 λόγος.
835 1852 923 1918 ἘΞ
963 1851 1128 1905 αὑτοῦ
1156 1853 1212 1904 δὲ
1251 1851 1343 1904 τοῦ
1380 1851 1598 1923 Ἰσραὴλ
1626 1848 1780 1931 οὖσα,
1816 1853 1938 1921 ἥτις
1973 1850 2042 1904 τὰ

458 1948 638 2000 πάντα
667 1946 946 2010 ἱουδαῖζει,
988 1947 1155 2016 μηδὲν
1200 1947 1513 2018 περαιτέρω
1551 1945 1822 2017 φρονοῦσα
1854 1943 2040 2014 σχεδὸν

457 2039 566 2093 τῶν
629 2039 1066 2110 προειρημένων.
1120 2039 1430 2109 Περιτομὴν
1468 2038 1575 2109 γὰρ
1608 2037 1866 2100 ὡσαύτως
1914 2036 2037 2088 ἐκέ-

457 2146 646 2198 κτητο,
698 2127 974 2181 Σάϐϐατον
1006 2127 1068 2180 τὸ
1107 2128 1239 2180 αὐτὸ
1285 2127 1613 2196 ἐφύλαττεν,
1659 2129 1874 2198 ἑορταῖς
1918 2127 2040 2188 ταῖς

456 2221 650 2282 αὐταῖς
670 2222 1049 2291 προσανεῖχεν,
1071 2220 1131 2272 οὺ
1171 2219 1278 2289 μὴν
1301 2219 1644 2292 εἱμαρμένην
1678 2219 2036 2291 παρεισῆγεν,

454 2311 580 2366 οὔτε
614 2310 998 2384 ἀστρονομίαν.
1027 2312 1137 2364 Καὶ
1167 2312 1411 2382 πατέρας
1437 2312 1537 2382 μέν
1571 2311 1784 2382 ἐδέχετο
1819 2311 1946 2373 τοὺς
1979 2312 2038 2362 ἐν

453 2409 523 2478 τῇ
556 2403 914 2474 Πεντατεύχῳ
936 2403 1043 2456 άπὸ
1069 2403 1162 2455 τοῦ
1201 2403 1370 2474 Ἀδάμ
1397 2402 1557 2475 μέχρι
1587 2400 1886 2466 Μωῡσέως,
1911 2401 2038 2464 τοὺς

455 2500 513 2551 ἐν
545 2496 796 2566 ἀριστείᾳ
820 2493 1131 2557 Θεοσεϐείας
1159 2494 1441 2564 διαφανεῖς
1475 2492 1857 2565 ὑπάρξαντας·
1894 2489 2038 2562 φημὶ

453 2589 511 2642 δέ
555 2589 727 2659 Ἀδὰμ
762 2589 857 2641 καὶ
898 2588 1029 2660 Σὴθ,
1065 2588 1159 2641 καὶ
1196 2586 1385 2656 Ἑνὼχ,
1419 2585 1514 2638 καὶ
1552 2584 1903 2646 Μαθουσάλα,
1943 2584 2038 2637 καὶ

453 2680 600 2742 Νῶε,
635 2680 730 2732 καὶ
775 2679 1047 2750 Ἀϐραάμ,
1092 2677 1188 2731 καὶ
1234 2677 1441 2738 Ἰσαὰκ,
1487 2675 1582 2729 καὶ
1621 2672 1836 2737 Ἰακὼϐ,
1873 2675 2037 2727 Λευϊν

451 2788 513 2824 τε
547 2771 641 2824 καὶ
675 2769 907 2843 Ἀαρὼν,
943 2771 1036 2823 καὶ
1078 2769 1286 2840 Ἰησοῦν
1314 2768 1404 2821 τὸν
1429 2767 1523 2819 τοῦ
1553 2765 1711 2836 Ναυῆ
1731 2782 1743 2796 °
1783 2766 1950 2836 αὐτὴν
1979 2765 2037 2818 δὲ

453 2863 515 2916 οὐ
544 2864 867 2934 παρεδέχετο
906 2861 1004 2933 τὴν
1034 2863 1426 2932 Πεντάτευχον,
1455 2860 1591 2912 ἀλλὰ
1635 2858 1906 2930 ὡμολόγει
1938 2860 2037 2931 μὲν

453 2958 546 3009 τὸν
568 2955 827 3017 Μωῦσέα,
867 2956 960 3009 καὶ
982 2957 1070 3008 ὅτε
1101 2955 1322 3020 ἐδέξατο
1347 2953 1689 3025 νομοθεσίαν,
1716 2952 2002 3006 ἐπίστευεν
2019 2969 2032 2982 ⁸

451 3048 514 3100 οὐ
543 3046 748 3116 ταύτην
770 3047 826 3099 δὲ
849 3047 1033 3116 φησὶν,
1058 3045 1171 3098 ἁλλ’
1203 3045 1416 3114 ἑτέραν.
1444 3043 1604 3097 Ὅθεν
1625 3043 1692 3096 τά
1728 3043 1826 3114 μὲν
1857 3044 2034 3096 πάντα

2143 1857 2302 1918 gente
2336 1853 2578 1920 profecta
2609 1854 2700 1917 sit,
2728 1855 3040 1912 Judaeorum
3086 1862 3140 1915 in
3180 1865 3437 1920 omnibus
3475 1866 3728 1937 dogmata

2142 1941 2550 2010 complectitur,
2585 1958 2686 1998 nec
2713 1946 2782 1999 ab
2816 1947 2880 2000 iis
2929 1963 3069 2016 quos
3099 1957 3256 2004 antea
3294 1956 3726 2010 commemoravi

2142 2030 2256 2084 fere
2302 2033 2410 2085 ulla
2445 2034 2498 2086 in
2547 2050 2605 2089 re
2639 2035 2887 2091 dissidet.
2942 2037 3077 2092 Nam
3141 2049 3194 2094 et
3235 2044 3716 2100 circumcisionem

2140 2127 2365 2196 perinde
2404 2137 2565 2198 atque
2595 2131 2686 2184 alii
2742 2137 2974 2197 retinet;
3016 2142 3070 2187 et
3103 2133 3246 2189 idem
3286 2135 3585 2193 Sabbatum
3626 2141 3726 2195 ob-

2141 2232 2354 2285 servat,
2390 2222 2688 2292 eademque
2724 2223 2861 2278 festa
2897 2226 3139 2280 celebrat
3173 2244 3184 2280 :
3217 2227 3313 2281 sed
3349 2245 3526 2299 neque
3552 2230 3722 2286 fatum

2141 2325 2318 2380 neque
2357 2315 2749 2368 astronomiam
2779 2315 3038 2370 admittit.
3072 2317 3150 2372 Ac
3191 2333 3316 2377 cum
3355 2329 3569 2376 veteres
3599 2324 3724 2382 illos

2142 2404 2506 2473 patriarchas,
2540 2407 2606 2459 de
2646 2406 2845 2476 quibus
2889 2408 2942 2461 in
2974 2406 3348 2464 Pentateucbo
3380 2415 3583 2468 mentio
3614 2424 3722 2480 est,

2141 2496 2424 2566 approbet,
2452 2497 2546 2564 qui
2588 2497 2657 2551 ab
2693 2499 2902 2553 Adamo
2932 2499 2998 2554 ad
3041 2499 3257 2572 Moysen
3303 2519 3474 2573 usque
3520 2505 3722 2577 insigni

2140 2587 2344 2655 pietate
2378 2586 2680 2643 ﬂoruerunt
2715 2609 2728 2644 :
2762 2591 3020 2646 nimirum
3061 2592 3270 2656 Adam,
3325 2595 3478 2659 Setb,
3509 2596 3722 2667 Enoch,

2140 2677 2523 2742 Mathusalam,
2563 2680 2696 2744 Noe,
2743 2681 3040 2747 Abraham,
3089 2685 3262 2746 Isaac,
3304 2686 3513 2752 Jacob,
3565 2688 3720 2755 Levi,

2138 2773 2341 2834 Aaron,
2373 2788 2436 2826 ac
2464 2770 2649 2827 Jesuni
2682 2772 2830 2828 Nave
2863 2777 3057 2841 lilium,
3085 2775 3518 2834 Pentateuchum
3553 2782 3720 2836 nihil-

2138 2863 2357 2917 ominus
2397 2864 2568 2934 ipsam
2621 2866 2891 2936 repudiat.
2940 2867 3049 2923 Nec
3091 2868 3312 2939 Moysen
3352 2873 3572 2941 quidem
3621 2876 3718 2929 ab-

2133 2958 2274 3027 jicit,
2305 2973 2482 3028 neque
2514 2958 2750 3012 oblatam
2789 2959 2915 3013 huic
2964 2975 2994 3014 a
3027 2961 3136 3016 Deo
3168 2963 3337 3032 legem
3372 2980 3496 3019 esse
3526 2966 3718 3021 ditiite-

2140 3060 2248 3113 tur,
2275 3051 2370 3106 sed
2405 3052 2563 3104 aliam
2593 3051 2763 3107 fuisse
2794 3053 2928 3106 dicit
2949 3068 3109 3122 quam
3140 3071 3259 3123 (Illa:
3290 3057 3451 3127 vulgo
3480 3059 3716 3112 circumv

454 3138 784 3207 φυλάττουσι
816 3137 925 3190 τῶν
957 3136 1228 3189 Ἰουδαίων
1264 3134 1507 3188 Ἰουδαῖοι
1536 3133 1685 3198 ὄντες
1707 3150 1720 3162 '
1754 3133 1947 3187 θυσίαν
1979 3133 2032 3186 δὲ

2144 3143 2331 3197 fertur.
2363 3143 2442 3198 Ex
2481 3160 2591 3214 quo
2619 3144 2820 3198 factum
2855 3153 2970 3208 est,
3007 3157 3067 3200 ut
3101 3145 3413 3202 Judaeorum
3453 3165 3716 3206 caeremo-

451 3231 552 3282 οὐκ
583 3228 756 3290 ἔθυον,
799 3226 920 3280 οὔτε
967 3226 1226 3297 ἐμψύχων
1269 3227 1544 3296 μετεῖχον·
1593 3223 1730 3276 ἀλλᾶ
1776 3223 2034 3294 ἀθέμιτον

449 3316 519 3391 ἦν
555 3321 684 3391 παρ’
709 3321 891 3382 αὐτοῖς
913 3319 974 3373 τὸ
1000 3319 1179 3390 κρεῶν
1205 3316 1664 3389 μεταλαμϐάνειν,
1695 3317 1728 3389 ἢ
1757 3313 2034 3379 θυσιάζειν

452 3410 671 3473 αὐτούς.
701 3411 978 3478 Ἐφασκον
1007 3411 1118 3480 γὰρ
1165 3406 1475 3460 πεπλάσθαι
1509 3405 1681 3460 ταῦτα
1717 3405 1787 3458 τά
1829 3403 2030 3474 βιϐλία,

453 3505 548 3558 καὶ
601 3503 766 3573 μηδὲν
813 3503 1020 3556 τούτων
1056 3501 1160 3555 ὑπὸ
1201 3499 1309 3553 τῶν
1355 3500 1608 3571 πατέρων
1654 3495 2030 3567 γεγεννῆσθαι.

451 3594 602 3664 Αὕτη
625 3589 692 3666 ἦν
721 3597 752 3665 ἡ
779 3593 888 3646 τῶν
918 3593 1248 3664 Ναζαραίων
1277 3590 1510 3662 διαφορὰ
1547 3590 1687 3662 πρὸς
1713 3589 1813 3652 τὰς
1837 3588 2029 3651 ἄλλας·

451 3685 529 3749 ὡς
558 3687 653 3738 καὶ
686 3685 824 3756 πρὸς
849 3686 1046 3748 αὐτοὺς
1071 3685 1098 3736 ὁ
1129 3683 1349 3754 ἐλεγχος
1378 3684 1476 3737 οὐκ
1501 3684 1558 3734 ἐν
1592 3682 1672 3736 ἐνὶ
1694 3681 1866 3751 τόπῳ,
1897 3677 2034 3733 ἀλλὰ

453 3781 512 3833 ἐν
541 3779 754 3843 πολλοῖς
780 3781 896 3832 ἐστι
927 3778 1181 3848 φανερόν.

523 3958 599 4010 B'.
634 3955 858 4027 Πρῶτον
903 3944 1108 4026 μέν’τὺ,
1133 3953 1416 4025 ὁμολογεῖν
1462 3951 1661 4016 αὐτοὺς
1697 3954 1828 4016 τοὺς
1867 3953 2035 4026 πατέ-

450 4067 573 4123 ρας,
609 4051 704 4102 acati.
734 4048 1102 4119 πατριάρχας,
1141 4046 1234 4099 καὶ
1272 4044 1534 4100 Μωϋσέα.
1560 4044 1762 4116 Ἀλλης
1807 4045 2033 4115 Γραφῆς

525 4205 543 4235 ι
571 4201 732 4257 Forte
756 4202 833 4255 τό.

523 4339 635 4409 (12)
659 4339 819 4392 Κατὰ
845 4335 1206 4409 Ναζὶιραίων.
1227 4333 1494 4409 Nazareni
1523 4332 1754 4409 quinam
1773 4333 1943 4409 veleri
1977 4334 2030 4409 in

449 4402 568 4480 lege
619 4402 845 4470 fuerint,
897 4402 1100 4460 nemini
1146 4405 1544 4480 estignotum.
1581 4403 1686 4480 Sed
1724 4403 1756 4455 ii
1806 4402 1918 4480 fere
1961 4406 2029 4480 ad

2138 3237 2258 3290 nias
2291 3237 2527 3305 reliquas
2565 3238 2878 3302 observent,
2909 3245 3094 3308 utpote
3125 3237 3327 3305 Judaei;
3369 3255 3398 3293 a
3432 3243 3720 3299 sacriliciis

2137 3327 2502 3394 abhorreant;
2535 3343 2711 3398 neque
2741 3328 2979 3382 animata
3012 3343 3072 3382 re
3118 3330 3224 3383 ulla
3261 3341 3575 3386 vescantur.
3612 3331 3720 3388 Ita-

2135 3435 2242 3489 que
2269 3435 2465 3475 carnes
2499 3421 2554 3474 in
2579 3421 2762 3474 cibum
2810 3420 3089 3485 adhibere,
3123 3423 3206 3477 vel
3229 3424 3538 3480 sacriﬁcare
3562 3425 3720 3481 nefas

2135 3526 2259 3566 esse
2291 3510 2582 3587 ducebant.
2617 3512 2867 3566 Conficta
2911 3512 3057 3566 enim
3105 3513 3220 3569 haec
3253 3529 3376 3570 esse
3412 3517 3716 3584 volumina,

2135 3619 2314 3672 neque
2366 3619 2554 3658 eorum
2609 3604 2907 3673 quidquam
2963 3618 2992 3657 a
3048 3606 3347 3674 majoribus
3388 3607 3714 3677 profectum.

2136 3693 2416 3762 Ejusmodi
2464 3692 2848 3748 Nazaraeorum
2904 3693 3196 3749 discrimen
3255 3711 3286 3750 a
3320 3698 3547 3768 reliquis
3591 3698 3714 3755 fuit.

2141 3784 2290 3839 Unde
2319 3793 2374 3840 et
2405 3783 2567 3840 facile
2619 3801 2727 3839 non
2768 3800 2879 3840 uno
2913 3784 3181 3840 duntaxat
3226 3787 3285 3842 in
3338 3789 3494 3853 loco,
3530 3791 3624 3845 sed
3658 3795 3714 3846 in

2134 3876 2384 3947 pluribus
2412 3876 2639 3930 refutari
2673 3883 2919 3944 possunt.

2205 3967 2270 4023 ll.
2297 3968 2375 4023 Ac
2404 3969 2640 4039 primum
2665 3970 2811 4038 quod
2849 3981 3061 4025 veteres
3088 3971 3432 4041 patriarchas
3475 3981 3529 4027 et
3561 3972 3712 4045 Moy-

2134 4076 2229 4115 sen
2263 4061 2518 4132 probant,
2547 4077 2732 4133 qumro
2763 4063 2832 4118 ab
2873 4063 3017 4126 illis,
3060 4080 3183 4118 cum
3219 4065 3368 4118 nulla
3397 4065 3468 4121 de
3496 4066 3563 4121 iis
3605 4069 3713 4124 alia

2133 4344 2318 4400 Ιεαὶιε.
2356 4345 2686 4400 Pbilastrius
2728 4345 3108 4400 Nazaraaorum
3143 4347 3376 4404 hazresin
3429 4357 3574 4406 .nler
3615 4350 3715 4408 Ju-

2132 4418 2317 4491 daicas
2370 4426 2562 4491 sectas
2589 4423 2845 4491 numerat
2888 4435 2902 4470 :
2950 4420 3048 4491 sed
3086 4417 3360 4491 legemqet
3419 4423 3740 4491 prophetas.

450 4473 686 4549 tempus.
721 4496 830 4533 non
858 4491 1118 4557 perpequ
1155 4476 1256 4557 Sibi
1296 4473 1852 4557 μειεοιυξη,ίτίὺρείιηι
1888 4473 2026 4557 ίίιάίή
2059 4475 2105 4532 Ῐ)
2133 4488 2386 4556 amplecti
2437 4487 2648 4557 Scribit,
2695 4502 2872 4557 neque
2920 4473 3216 4557 quidquam
3249 4473 3328 4544 iis,
3363 4473 3712 4546 aliudrattri:

450 4543 580 4622 cere
606 4543 1026 4622 consueverant.
1046 4546 1309 4622 ⁸ξΓιῃιιειεί
1342 4543 1594 4622 perpetui.
1619 4544 1851 4622 quidam
1874 4555 2031 4602 erant

449 4619 689 4676 Nazarazi
724 4635 738 4672 :
771 4618 1081 4685 eujusmodi
1134 4613 1366 4670 Samson
1414 4613 1643 4685 exstitit.
1682 4613 2029 4685 Deindenon

451 4707 628 4760 usque
655 4706 720 4746 eo
753 4682 1052 4758 impietatis
1080 4696 1482 4760 processerant,
1512 4692 1567 4736 ut
1596 4682 2028 4760 Pentateuchum

451 4753 653 4824 Mosis,
711 4776 775 4816 ac
835 4753 1011 4829 legem
1068 4753 1418 4829 repudiarent
1444 4773 1471 4829 _:
1516 4755 1678 4829 quod
1716 4753 2028 4829 Nazarenos

449 4832 589 4887 istos
635 4822 922 4886 factitasse
953 4822 1144 4882 scribit
1192 4825 1548 4896 Epiphanius.
1578 4822 1680 4890 Qui
1718 4841 1822 4878 non
1867 4827 2029 4882 modo

450 4903 596 4958 inter
648 4902 956 4956 Juda'orum
1015 4907 1196 4953 sectas
1250 4896 1561 4949 Nazarcnos
1611 4903 1893 4959 recenset,
1936 4899 2028 4952 sed

448 4977 614 5032 etiam
677 4969 1006 5026 Christianis
1061 4968 1306 5022 ascribit.
1382 4965 1518 5018 Vide
1574 4965 1806 5020 haeresin
1874 4982 2024 5021 χχιχ.

448 5041 712 5108 Quamvis
743 5043 848 5096 hoc
895 5040 1142 5104 interest,
1191 5037 1335 5107 quod
1381 5035 1643 5108 Judaicos
1679 5037 1814 5090 istos
1847 5035 2028 5108 Νασα-

451 5105 674 5183 ﬁatque,
735 5111 1080 5183 Christianos
1147 5105 1501 5183 Ναζωραίους
1568 5107 1857 5183 appellet.”
1885 5105 2028 5183 Sane

449 5176 796 5239 Christianos
837 5181 1010 5235 Judaei
1045 5187 1243 5238 nuru
1312 5179 1614 5233 nominant.
1672 5188 1732 5230 ut
1778 5176 1926 5231 Elias
1971 5179 2026 5232 in

451 5254 634 5308 Thisbi
662 5255 840 5321 docet,
868 5266 900 5304 a
926 5250 1232 5304 Nazaretho
1252 5247 1487 5304 Galilaaae
1507 5247 1741 5321 oppido;
1772 5247 2026 5305 Christus

450 5326 567 5396 ipse
605 5315 920 5379 Nazarenus
967 5321 1271 5396 appellatus
1321 5325 1425 5381 est,
1474 5325 1527 5396 et
1557 5315 1868 5396 ﬁazaraaus,
1917 5330 2026 5373 tam

446 5389 608 5466 aii-pug
637 5411 799 5466 quam
830 5389 1464 5459 7131:,7utﬂieronymus
1492 5390 1695 5466 indicat
1720 5391 1774 5441 in
1809 5405 1926 5466 cap.
1961 5405 2023 5466 iii

445 5460 919 5520 Mattthaza’rtei
950 5471 1162 5517 veteres
1191 5468 1375 5530 Dl'm‘:
1403 5460 1620 5530 proprie
1648 5463 1845 5522 vocati,
1866 5462 2025 5529 quasi

443 5538 639 5600 sancti,
675 5546 730 5591 et
758 5535 1010 5605 separati.
1044 5531 1151 5588 Sed
1181 5548 1306 5586 cum
1323 5529 1666 5605 Epiphanius
1688 5530 1903 5605 duoilla
1932 5547 2024 5600 ge-

446 5623 579 5661 nera
610 5599 888 5662 discernat
918 5624 931 5659 :
968 5605 1219 5674 suspicor
1251 5603 1544 5674 prioreset
1564 5599 2022 5674 Judaicosuiq’iu

447 5671 1135 5746 Nazarwos.posteriores,
1159 5675 1248 5744 qui
1264 5671 1324 5746 in
1341 5671 1628 5746 Christum
1652 5671 2018 5746 crediderant,

441 5757 640 5808 nuru
677 5741 1302 5814 Naiarwos,nominari.
1341 5741 1474 5797 Vide
1492 5741 1708 5800 Hieron.
1742 5743 1794 5795 in
1817 5758 1928 5796 σου.
1965 5761 2018 5800 χι

2131 4555 2269 4620 buit,
2308 4573 2470 4624 quam
2503 4556 2649 4626 quod
2695 4555 2952 4612 Nazaraei‘
2983 4555 3190 4614 veteres
3231 4560 3524 4615 observare
3569 4565 3712 4618 sole-

2130 4629 2282 4699 bant.
2315 4628 2438 4699 Quo
2480 4629 2698 4699 nomine
2727 4628 2883 4682 inter
2903 4629 3150 4688 haereses
3181 4633 3428 4699 c00ptari
3465 4647 3574 4686 non
3615 4634 3711 4687 de-

2130 4698 2385 4772 buerunt.
2414 4697 2483 4750 At
2512 4697 2839 4772 Ιξῖασαραῖοι,
2873 4714 3012 4772 quos
3048 4699 3136 4754 hic
3174 4697 3436 4755 describit
3471 4701 3709 4772 Epipha-

2129 4770 2275 4839 nius,
2311 4770 2480 4838 legent
2527 4767 2692 4839 Hosis
2738 4769 3078 4838 abnegabant
3105 4788 3117 4823 :
3147 4773 3290 4839 quod
3321 4780 3405 4825 est
3451 4767 3591 4826 idem
3644 4789 3708 4827 ac

2126 4837 2466 4893 Judaism’um
2508 4838 2615 4890 ἀπὸ
2643 4839 2744 4907 τῆς
2770 4837 3120 4907 ἀκροπόλεως
3152 4837 3414 4896 evertere.
3457 4841 3609 4896 Unde
3641 4859 3708 4897 ne

2129 4911 2194 4962 ad
2225 4909 2560 4978 posteriores
2590 4910 2809 4978 quidem
2840 4908 3188 4975 Nazarenos;
3223 4913 3314 4980 qui
3351 4911 3570 4966 Christo
3611 4929 3709 4965 no-

2129 4995 2252 5034 men
2297 4981 2579 5040 dederunt,
2619 4981 2821 5049 quique
2868 4982 3132 5048 privatam
3186 4981 3240 5034 in
3287 4980 3707 5038 Christianismo

2129 5059 2332 5104 sectam
2356 5051 2731 5114 instituerunt,
2764 5059 2994 5118 possunt
3033 5051 3246 5104 referri.
3283 5050 3560 5119 Siquidem
3597 5051 3706 5105 Na-

2129 5121 2286 5174 zaraai
2326 5120 2424 5183 illi,
2456 5119 2657 5188 quibus
2697 5135 2822 5172 cum
2857 5135 3011 5172 usuin
3039 5130 3092 5173 ct
3125 5123 3576 5175 consuetudinem
3611 5123 3705 5175 ha-

2129 5190 2248 5262 buit
2272 5188 2662 5262 Hieronymus,
2686 5190 2995 5262 quihusqire
3023 5206 3148 5244 xm
3185 5191 3432 5246 heercsim
3460 5193 3706 5262 assignat

2128 5257 2498 5330 Epiphanius,
2523 5257 2687 5330 Vetus
2706 5257 2718 5259 ’
2739 5257 2920 5314 omne,
2945 5258 3352 5330 Testamentum
3411 5257 3702 5330 admisere,

2129 5329 2191 5384 ut
2233 5331 2392 5383 ambo
2431 5331 2506 5384 illi
2557 5329 2746 5384 Patres
2793 5330 3064 5384 allirmant
3091 5348 3104 5382 :
3134 5331 3280 5399 quod
3321 5329 3548 5386 Judaica
3600 5329 3703 5387 ista

2128 5410 2276 5454 secta
2330 5399 2579 5454 funditus
2627 5400 2907 5470 rejecissei
2955 5401 3203 5462 videtur,
3260 5403 3702 5470 quandoquidem

2125 5470 2555 5527 Pentateuclium
2601 5470 2764 5526 Hosis
2807 5469 3075 5524 Judaismi
3122 5469 3411 5525 medullam
3460 5469 3702 5528 ltinditns

2125 5542 2470 5614 proscripsit.
2511 5540 2614 5614 Sed
2646 5539 2912 5608 ejusmodi
2956 5540 3166 5614 Judaici
3198 5544 3438 5598 nominis
3468 5543 3701 5597 haeresn

2123 5610 2269 5668 haud
2303 5610 2418 5667 scio
2449 5627 2518 5666 an
2570 5613 2709 5666 alius
2754 5620 2953 5681 pratter
2980 5610 3342 5682 Epiphanium
3372 5629 3702 5670 commemo-

2121 5685 2342 5740 raverit.
