4204 6370
439 289 534 346 261

1108 286 1481 344 ADVERSUS
1514 287 1629 343 ΗᾹΞ
1639 286 1876 345 RESES.
1898 286 2003 343 ιιι

2106 285 2128 342 ἶ.
2172 284 2335 343 TOM.
2375 287 2416 342 I.
2451 318 2520 327 —
2553 287 2829 346 llAERES.
2873 286 3012 344 XIX.

3616 283 3722 341 262

442 403 966 477 παραπεπλεγμένη,
997 404 1031 475 ἡ
1062 402 1174 458 τῶν
1211 404 1486 476 Ὀσσηνῶν
1510 405 1842 476 καλουμένη.
1886 406 2003 458 ’1ου-

2124 403 2408 473 implicita.
2439 402 2706 475 “Nam
2736 416 2789 459 et
2815 404 2869 459 hi
2905 402 3131 473 perinde
3156 410 3215 457 ut
3246 401 3323 457 illi
3350 399 3523 455 Judaai
3559 409 3714 465 sunt,

437 497 575 551 δαῖοί
603 514 666 550 τε
716 491 885 560 οὗτοι,
918 495 994 559 ὡς
1036 495 1130 548 κα).
1168 497 1227 548 αἱ
1270 496 1689 567 προειρημέναι,
1728 497 2024 568 ὑποκριταὶ

437 590 528 643 τὸν
574 587 797 661 τρόπον,
845 587 1009 641 δεινοὶ⁸
1052 586 1150 658 τὴν
1190 587 1456 642 ἐπίνοιαν.
1490 588 1797 660 Ὢρμηνται
1844 588 1900 641 δὲ
1929 580 2023 641 οὗ-

436 698 517 735 τοι
542 681 677 753 (15),
700 679 775 743 ὡς
814 681 847 749 ἠ
870 681 951 743 εἰς
985 663 1141 750 ἡμᾶς’
1156 679 1391 734 ἐλθοῦσα
1420 680 1665 751 περιέχει
1700 680 2019 751 παράδοσις.

436 773 545 826 ἀπὸ
576 773 678 843 τῆς
713 772 1034 841 Ναϐατικῆς
1065 770 1271 843 χώρας,
1308 772 1403 825 καὶ
1450 772 1771 843 Ἰτουραίας,
1804 772 2022 825 Μωαϐί-

435 864 581 927 τιδός
605 880 666 916 τε
700 864 797 917 καὶ
825 862 1181 935 Ἀρηῖλίτιδος
1216 864 1325 916 τῶν
1357 864 1615 917 ἐπέκεινα
1641 866 1741 933 τῆς
1778 864 2022 929 κοιλάδος

435 956 536 1028 τῆς
568 956 806 1026 Ἀλυκῆς
844 954 1018 1017 οὕτως
1066 954 1125 1007 ὲν
1170 957 1238 1027 τῇ
1269 955 1392 1027 θείᾳ
1442 956 1632 1028 Γραφῇ
1680 956 2020 1027 καλουμένης

435 1048 843 1120 ὑπερκειμένης
863 1045 1067 1118 χώρας.
1085 1048 1243 1101 Ἐστι
1265 1046 1323 1100 δὲ
1344 1045 1484 1117 αὕτη
1508 1046 1695 1119 Νεκρὰ
1711 1048 2019 1120 καλουμένη

436 1139 722 1193 Θάλασσα.
751 1137 922 1190 Τοῦτο
942 1137 999 1191 δὲ
1014 1137 1075 1189 τὸ
1099 1137 1254 1206 γένος
1275 1135 1385 1190 τῶν
1418 1137 1693 1208 ὐσσηνῶν
1710 1137 1821 1208 (16)
1848 1140 2020 1209 ἑρμη-

434 1231 649 1284 νεύεται
701 1228 789 1282 διὰ
837 1229 937 1299 τῆς
988 1228 1255 1292 ἐκδόσεως
1298 1227 1394 1281 τοῦ
1445 1228 1712 1299 ὀνόματος
1762 1230 2017 1302 στιϐαρὸν

434 1323 613 1392 γένος.
644 1321 899 1391 Συνήφθη
940 1321 997 1374 δὲ
1028 1320 1239 1383 τούτοις
1278 1321 1572 1390 μετέπειτα
1604 1321 1720 1392 (Π)
1757 1324 1785 1375 ὁ
1825 1322 2019 1375 καλού-

436 1431 597 1485 μενος
642 1411 861 1477 ἸΙλξαῒ,
907 1415 966 1465 ὲν
996 1411 1208 1483 χρόνοις
1249 1411 1522 1482 Τραϊανοῦ
1564 1411 1829 1482 βασιλέως
1880 1414 2018 1483 μετά

432 1507 533 1576 τὴν
565 1504 661 1558 τοῦ
706 1505 960 1575 Σωτῆρος
994 1503 1323 1576 παρουσίαν,
1361 1504 1420 1568 ὃς
1461 1505 1679 1572 ἐγένετο
1715 1505 2016 1577 ψευδοπρο-

434 1600 633 1668 φήτης.
682 1595 1068 1667 Συνεγράψατο
1115 1597 1172 1649 δὲ
1222 1591 1377 1660 οὗτος
1421 1595 1626 1665 βιϐλίον
1668 1597 1828 1667 δῆθεν
1874 1599 2017 1652 κατά

433 1689 797 1762 προφητείαν,
833 1689 867 1757 ἢ
907 1688 983 1752 ὡς
1020 1689 1159 1742 κατὰ
1189 1688 1368 1741 ἔνθεον
1399 1689 1609 1756 σοφίαν.
1646 1690 1786 1741 Φασὶ
1824 1690 1881 1742 δὲ
1924 1690 2017 1743 καὶ

2125 504 2181 551 et
2212 495 2502 553 simulandi
2537 495 2795 557 artifices,
2829 504 2994 566 atque
3031 494 3086 548 in
3127 493 3319 565 primis
3353 492 3559 548 callidi.
3601 490 3707 547 Fe-

2125 594 2257 641 runt
2286 589 2422 643 istos
2446 603 2513 642 ex
2543 587 2820 653 Nabataea,
2854 587 3070 652 lturaaa,
3099 586 3390 642 Moabitide
3416 593 3471 641 et
3514 585 3715 640 Areili-

2124 679 2235 734 tide
2266 680 2533 749 originem
2564 680 2832 743 traxisse,
2873 694 2996 750 quae
3031 679 3287 750 regiones
3330 679 3474 733 ultra
3509 678 3711 734 vallem

2122 773 2522 843 salsuginosam
2554 774 2745 842 posita:
2765 780 2911 827 sunt.
2947 770 3064 827 Hoc
3097 771 3244 827 enim
3286 770 3509 826 nomine
3539 770 3716 827 sacris

2127 864 2183 917 in
2225 863 2420 918 litteris
2451 873 2660 918 tractus
2692 864 2783 919 ille
2811 864 3061 934 superior
3088 863 3414 933 appellatur,
3446 863 3540 933 qui
3568 862 3712 917 idem

2119 964 2205 1011 est
2237 970 2361 1009 cum
2396 958 2528 1009 mari
2556 954 2790 1009 Mortuo.
2825 954 3160 1011 Ossenorum
3179 970 3344 1025 porro
3364 970 3537 1025 genus
3567 955 3715 1010 istud

2121 1046 2167 1100 si
2199 1061 2395 1099 nomen
2428 1046 2805 1115 interpretere,
2840 1046 2982 1101 idem
3011 1053 3098 1101 est
3140 1059 3205 1099 ac
3237 1044 3452 1099 firmum
3483 1054 3538 1099 et
3578 1044 3713 1099 soli-

2120 1138 2271 1191 dum.
2307 1136 2388 1191 Ad
2440 1138 2540 1192 hos
2576 1148 2762 1207 postea
2807 1138 2955 1191 Elxai
3001 1154 3060 1194 se
3118 1137 3343 1207 quidam
3376 1137 3710 1207 aggregavit,

2119 1232 2423 1301 imperante
2450 1229 2710 1299 Trajano,
2739 1238 2861 1299 post
2901 1229 3196 1283 adventum
3228 1228 3434 1283 Christi
3470 1227 3709 1282 Domini.

2119 1323 2223 1391 Qui
2272 1339 2395 1378 cum
2436 1322 2574 1378 falso
2605 1322 2923 1392 prophetam
2948 1336 3007 1376 se
3033 1321 3262 1384 diceret,
3294 1320 3489 1374 librum
3520 1335 3713 1389 quem-

2119 1417 2243 1471 dam
2293 1417 2441 1471 velut
2473 1416 2794 1485 prophetico
2820 1416 3016 1483 spiritu
3048 1414 3262 1469 amatus
3289 1412 3493 1476 edidit,
3525 1414 3710 1468 divina

2119 1508 2328 1562 scilicet
2361 1507 2629 1576 sapientia
2665 1507 2903 1574 plenum.
2939 1504 3114 1575 llujus
3148 1514 3409 1573 praeterea
3457 1504 3710 1571 fratrem,

2116 1600 2339 1655 Jexeum
2372 1600 2613 1662 nomine,
2641 1606 3089 1654 commemorant.
3126 1596 3397 1653 Caeterum
3433 1598 3599 1655 homo
3620 1598 3713 1653 ille

2120 1694 2363 1748 moribus
2390 1695 2634 1763 perditus
2658 1701 2825 1762 atque
2858 1692 3129 1761 impostor
3162 1691 3296 1758 fuit;
3322 1705 3447 1745 nam
3466 1706 3589 1745 cum
3617 1707 3710 1762 ge-

430 1782 590 1836 ἄλλον
618 1780 743 1834 τινὰ
784 1779 976 1844 Ἰεξέον
1020 1780 1251 1848 ἀδελφὺν
1286 1780 1498 1834 τούτου.
1544 1779 1741 1847 Γέγονε
1778 1780 1833 1833 δὲ
1862 1776 2003 1844 οὗτος

2116 1802 2245 1841 nere
2280 1801 2344 1841 ac
2390 1794 2537 1840 secta
2585 1785 2806 1841 Iudaeus
2836 1794 3015 1850 esset,
3057 1784 3123 1838 ad
3156 1785 3291 1856 legis
3321 1784 3704 1854 praescriptum

428 1876 457 1928 ὁ
479 1872 766 1942 ἄνθρωπος
800 1870 1214 1941 πεπλανημένος
1240 1870 1332 1923 τὸν
1360 1871 1579 1939 τρόπον,
1612 1871 1889 1941 ἀπατηλὸς
1915 1872 2015 1942 τὴν

427 1964 677 2036 γνώμην,
708 1963 818 2017 ἀπὸ
852 1962 1119 2016 Ἰουδαίων
1146 1961 1485 2033 ὁρμώμενος,
1522 1965 1614 2015 καὶ
1643 1963 1710 2015 τά
1754 1964 2016 2017 Ἰουδαίων

428 2055 666 2127 φρονῶν,
692 2052 835 2107 κατὰ
865 2053 1031 2123 νόμον
1066 2052 1124 2105 δὲ
1170 2051 1245 2123 μὴ
1290 2051 1733 2122 πολιτευόμενος,
1766 2053 1931 2123 ’ἐτερα
1958 2055 2017 2107 δὲ

427 2148 545 2202 ἀνθ’
594 2147 799 2219 ἑτέρων
842 2144 1251 2219 παρεισφέρων,
1292 2146 1387 2197 καὶ
1420 2144 1519 2216 τὴν
1554 2145 1689 2199 ἰδίαν
1731 2145 1895 2199 αὑτοῦ
1932 2147 2015 2199 αϊ-

430 2257 581 2314 ρεσιν
627 2239 931 2308 πλανήσας.
980 2236 1185 2301 ”Αλας,
1234 2238 1329 2289 καὶ
1383 2236 1563 2308 ὕδωρ,
1604 2236 1698 2291 καὶ
1740 2239 1878 2308 γῆν,
1922 2238 2016 2291 κα)⁵

423 2334 625 2404 κάρτον
645 2332 757 2399 (18)
779 2331 875 2384 καὶ
897 2328 1144 2400 οὐρανὸν,
1169 2330 1263 2383 κα)¹
1285 2328 1498 2394 αἰθέρα,
1522 2330 1615 2381 κα)¹
1640 2329 1838 2399 ἄνεμον
1854 2331 2016 2399 ὅρκον

423 2427 611 2488 αὐτοῖς
641 2425 719 2487 είς
755 2422 1007 2493 λατρείαν
1036 2422 1362 2493 ὁρισάμενος
1395 2422 1767 2493 παραδέδωκε.
1792 2424 1928 2475 Ποτὲ
1958 2422 2016 2476 δὲ

426 2518 587 2572 πάλιν
609 2516 805 2579 ἄλλους
833 2514 1115 2585 μάρτυρας
1138 2513 1279 2566 ἑπτὰ
1297 2514 1323 2566 ὁ
1333 2514 1646 2585 ρισάμενος,
1671 2514 1762 2568 τὸν
1788 2515 2015 2587 οὐρανὸν

423 2610 588 2678 φημὶ,
614 2609 708 2660 καὶ
741 2606 800 2659 τὸ
828 2605 994 2677 ὕδωρ,
1034 2606 1127 2657 καὶ
1159 2605 1450 2675 πνεύματα
1480 2607 1665 2676 φησὶν,
1696 2605 1792 2658 κα).
1825 2605 2015 2673 ἁγίους

421 2701 548 2763 τοὺς
574 2697 839 2767 ἀγγέλους
878 2698 976 2768 τῆς
1012 2698 1343 2769 προσευχῆς,
1384 2698 1478 2751 καὶ
1512 2698 1572 2750 τὸ
1604 2698 1801 2765 ἔλαιον,
1836 2700 1928 2753 καὶ
1953 2698 2015 2752 τὸ

422 2790 579 2853 ἅλας,
624 2790 719 2842 καὶ
754 2789 853 2859 τὴν
886 2791 1011 2857 γῆν.
1059 2787 1448 2857 Ἀπεχθάνεται
1497 2788 1553 2841 δὲ
1590 2791 1655 2859 τῇ
1707 2789 2010 2858 παρθενίᾳ,

423 2886 575 2953 μισεῖ
600 2882 656 2935 δὲ
693 2881 791 2953 τὴν
823 2882 1151 2952 ἐγκράτειαν
1170 2921 1183 2945 ,
1213 2882 1511 2948 ἀναγκάζει
1537 2882 1591 2934 δὲ
1635 2883 1811 2951 γάμον
1833 2899 1845 2911 ·
1876 2900 2009 2951 φαν-

418 2973 658 3046 τασιώδη
681 2974 736 3027 δέ
762 2991 882 3026 τινα
905 2973 981 3037 ὡς
1009 2972 1169 3044 δῆθεν
1200 2973 1595 3043 ἀποκαλύψεως
1628 2975 2009 3045 παρεισφέρει·

419 3067 722 3137 ὑποκριτὰς
744 3067 801 3120 δὲ
842 3068 857 3097 ¹
887 3066 1152 3129 διδάσκει,
1187 3068 1364 3137 φήσας
1410 3067 1483 3139 μὴ
1526 3062 1663 3120 εἶναι
1700 3069 1972 3138 ἁμαρτίαν
1993 3107 2007 3129 ,

2116 1878 2341 1932 minime
2370 1878 2531 1931 vitam
2560 1893 2714 1932 suam
2747 1876 3210 1943 accommodavit;
3245 1875 3343 1932 sed
3373 1877 3479 1931 alia
3517 1878 3702 1931 omnia

2117 1970 2239 2023 loco
2258 1968 2382 2036 ejus
2399 1969 2656 2031 obtrusit,
2679 1983 2742 2021 ac
2766 1975 3066 2024 sectatores
3086 1983 3218 2023 suos
3249 1968 3305 2021 in
3331 1974 3706 2025 transversum

2117 2060 2363 2115 abduxit.
2420 2061 2564 2115 Inter
2612 2061 2717 2114 alia
2768 2074 2866 2130 per
2906 2060 3075 2116 salem
3112 2075 3177 2115 ac
3222 2069 3457 2125 terram,
3488 2074 3706 2129 panem,

2116 2152 2314 2205 cmlum
2334 2191 2348 2215 ,
2380 2152 2581 2206 aztliera
2602 2192 2617 2217 ,
2653 2159 2986 2221 ventumque
3011 2152 3161 2207 velut
3202 2151 3429 2206 numina
3461 2150 3709 2221 dejerare

2111 2241 2299 2311 jussit.
2346 2242 2623 2297 Interdum
2654 2257 2729 2295 vn
2781 2244 2919 2298 alios
2969 2250 3137 2298 testes
3187 2240 3415 2297 definit:
3446 2242 3705 2296 nimirum

2116 2336 2338 2397 cmlum,
2374 2350 2570 2405 aquam
2604 2342 2659 2388 et
2695 2336 2944 2405 spiritus,
2980 2343 3203 2390 sanctos
3235 2334 3504 2390 orationis
3543 2350 3708 2406 ange-

2116 2426 2220 2489 los,
2248 2427 2448 2485 oleum.
2491 2426 2660 2480 salem
2691 2437 2745 2481 et
2779 2436 3005 2483 terram.
3042 2426 3311 2483 Praeterea
3337 2428 3707 2499 virginitatem

2115 2519 2249 2581 odit,
2284 2519 2675 2573 continentiam
2709 2519 2956 2581 damnat,
2988 2527 3042 2573 et
3076 2519 3143 2573 ad
3176 2519 3445 2574 ineundas
3482 2520 3706 2588 nuptias

2115 2611 2411 2679 compellit.
2448 2609 2584 2663 Tum
2617 2626 2747 2665 vero
2772 2622 3078 2666 commenta
3126 2611 3373 2682 quaedam
3405 2611 3704 2666 acsomnia

2116 2710 2374 2770 tanquam
2406 2703 2761 2772 apocalypses
2803 2704 2920 2757 suis
2967 2704 3205 2773 reliquit.
3250 2702 3400 2769 Quos
3428 2704 3590 2758 etiam
3630 2703 3706 2757 si-

2115 2794 2415 2847 mulator-es
2465 2809 2589 2848 esse
2639 2794 2859 2859 docuit;
2912 2810 3037 2848 cum
3096 2795 3264 2849 ullum
3305 2802 3531 2864 negaret
3582 2808 3706 2849 esse

2114 2884 2352 2945 crimen,
2390 2885 2435 2938 si
2472 2885 2595 2953 quis
2636 2882 3033 2952 persecutionis
3068 2892 3313 2954 tempore
3355 2885 3499 2939 idola
3539 2898 3693 2937 vene-

2114 2982 2285 3036 retur,
2318 2974 2616 3028 dummodo
2644 2974 2869 3029 minime
2904 2974 2957 3028 id
2982 2991 3047 3029 ex
3083 2977 3267 3029 animo
3306 2975 3505 3043 faciat;
3534 2983 3626 3029 aut
3653 2975 3698 3030 si

2114 3067 2243 3136 quid
2280 3082 2374 3120 ore
2405 3073 2563 3121 tenus
2592 3081 2699 3121 non
2737 3068 2862 3121 item
2894 3068 3078 3121 animo
3103 3067 3448 3138 profiteatur.

418 3158 469 3209 εί
497 3157 590 3210 καὶ
634 3156 1001 3228 παρατύχοιεν
1030 3156 1222 3210 εἴδωλα
1245 3158 1618 3229 προσκυνῆσαι
1642 3157 1835 3230 καιροῦ
1892 3156 2177 3220 ἐνστάντος
2232 3156 2495 3227 διωγμοῦ,
2534 3158 2629 3212 ἐὰν
2679 3158 2838 3229 μόνον
2883 3160 2940 3213 ὲν
2986 3161 3056 3231 τῇ
3096 3158 3400 3231 συνειδήσει
3445 3158 3522 3231 μὴ
3568 3174 3697 3230 προ-

424 3249 700 3318 σκυνήσῃ,
745 3248 842 3301 καὶ
883 3248 938 3301 εἴ
965 3266 1017 3302 τι
1052 3249 1096 3302 δ’
1137 3250 1204 3303 ἂν
1236 3249 1546 3321 ὁμολογήσῃ
1588 3250 1647 3306 ὲν
1693 3250 1941 3321 στόματι,
1981 3251 2040 3303 ὲν
2075 3248 2133 3303 δὲ
2167 3250 2234 3321 τῇ
2266 3247 2463 3320 καρδίᾳ
2504 3249 2600 3319 μή.

488 3362 507 3393 ¹
551 3362 711 3416 Deest
744 3357 903 3417 εἶναι.

482 3514 518 3556 o
543 3499 765 3565 scheva,
789 3506 845 3554 et
875 3497 1118 3555 vicissim
1137 3498 1338 3554 scheva
1362 3513 1460 3569 pro
1477 3498 1656 3554 holem
1679 3508 1999 3570 usurpatur.

416 3514 573 3626 ﬂant.
602 3573 976 3626 coniecturam
1011 3568 1228 3624 duobus
1267 3571 1613 3626 notissimum
1657 3573 2000 3626 argumentis

2108 3500 2165 3552 ὲν
2200 3500 2267 3569 τῇ
2313 3496 2554 3569 Ἰτουρέα
2593 3499 2688 3552 καὶ
2716 3497 3032 3554 Ναϐαττίδι.
3088 3497 3163 3552 Ex

2106 3568 2447 3624 emendanda
2477 3585 2575 3623 vox
2604 3570 2702 3626 τῆς
2735 3570 3113 3626 Ἀοηῖλίτιδος.
3143 3586 3163 3622 r

470 3587 573 3625 anc
602 3573 976 3641 conjecturam
1011 3568 1228 3624 duobus
1267 3571 1613 3639 potissimum
1657 3568 2000 3641 argumentis

416 3643 652 3697 astruit:
695 3642 962 3703 alterum,
1004 3641 1150 3710 quod
1200 3641 1368 3692 multa
1416 3641 1469 3693 in
1510 3656 1699 3697 eorum
1748 3642 1999 3696 instituto

414 3714 1030 3783 νειετυῐηίεεεειιοιοιιηι
1055 3710 1282 3783 vestigia
1310 3719 1651 3783 comparent,
1719 3720 1909 3781 utputa
1962 3715 1994 3783 ἡ

415 3783 523 3837 τῶν
550 3782 796 3851 ἀγγέλων
833 3781 1119 3852 θρησκεία,
1154 3781 1311 3834 cibus
1330 3796 1405 3852 rex
1429 3781 1544 3835 sale
1564 3789 1618 3835 et
1642 3796 1802 3850 pane,
1837 3781 1999 3851 potus

414 3868 484 3923 ex
512 3869 655 3923 aqua
676 3891 692 3917 ,
723 3864 836 3923 tum
861 3851 1006 3922 quod
1039 3852 1232 3906 Osseui
1261 3851 1430 3906 solem
1446 3853 1764 3917 adorarunt,
1792 3853 1931 3907 unde
1946 3864 2000 3908 et

418 3922 681 3994 Sampsan
710 3922 879 3977 dicti:
910 3936 1035 3994 nam
1064 3922 1350 3994 Sampsaei,
1391 3937 1630 3990 quorum
1660 3934 1743 3994 est
1774 3923 1999 3979 haarcsis

413 3990 742 4059 Lua—iidem
782 4007 907 4046 eum
946 3990 1173 4046 Ossenis
1204 3990 1492 4048 ’videntur.
1541 3994 1610 4045 At
1660 3990 1995 4047 Essenorum

414 4064 697 4134 proprium
732 4064 835 4117 hoc
868 4061 986 4134 fuit,
1023 4064 1234 4134 oriente
1255 4063 1371 4117 sole
1404 4077 1592 4130 preces
1619 4060 1879 4134 fundere;
1917 4066 1999 4117 al.

413 4132 593 4189 ierum
626 4144 730 4197 est,
758 4134 902 4202 quod
934 4132 1085 4186 ΕΙχεὶ
1114 4133 1379 4202 impostor
1411 4134 1520 4196 ille,
1546 4133 1636 4202 qui
1669 4134 1734 4185 ad
1756 4138 1997 4189 Ossenus

414 4207 657 4268 transiit,
681 4206 924 4259 Essenus
954 4203 1311 4270 fuerit._Niliil
1346 4203 1491 4257 enim
1525 4203 1671 4256 aliud
1698 4215 1781 4257 est
1814 4205 1995 4270 Ἐλξαῖ

412 4259 576 4345 quam
617 4259 656 4329 δ’
682 4275 932 4336 Ἐσσαῖος
968 4283 1110 4345 ’κεῖ-ι
1142 4259 1213 4345 ξω
1242 4282 1300 4326 ut
1325 4274 1376 4327 id
1399 4283 1583 4335 sectae,
1617 4289 1724 4345 non
1760 4259 1994 4329 hominis

414 4344 698 4416 proprium
723 4345 1017 4416 exstiterit.
1055 4344 1160 4397 Sed
1184 4359 1247 4399 ea
1276 4344 1538 4416 Scaligeri
1562 4344 1880 4416 conjectura
1903 4360 1995 4399 ea-

413 4412 573 4471 tenus
609 4432 638 4469 a
671 4416 830 4470 nobis
854 4414 1135 4484 probatur,
1169 4423 1226 4467 ut
1252 4415 1387 4467 nihil
1419 4412 1583 4484 supra
1617 4412 1991 4478 conjecturam

412 4501 478 4540 ac
527 4483 864 4556 probabilem
894 4485 1205 4555 Opinionem
1250 4486 1464 4539 habeat.
1513 4483 1578 4537 Et
1608 4486 1827 4553 quidem
1863 4500 1990 4539 cum

410 4554 698 4626 tria—apud
728 4554 948 4609 Judzeos
996 4563 1136 4626 ante
1160 4555 1442 4609 Christum
1487 4563 1761 4626 sectarum
1809 4556 1990 4625 capita

410 4624 644 4693 fuerini;
670 4626 1090 4688 Pharisaeorum,
1109 4624 1535 4679 Sadducaaorum
1559 4634 1613 4678 et
1633 4624 1986 4689 Essenorum,

410 4707 621 4752 caetera
653 4713 866 4759 omnes,
891 4712 1015 4765 qua:
1052 4697 1120 4749 ab
1151 4696 1477 4765 Epiphanio,
1505 4695 1589 4748 vel
1626 4696 1749 4750 aliis
1785 4711 1990 4749 memo-

409 4777 622 4833 rantur,
656 4769 893 4822 lttereses
917 4768 984 4820 ad
1013 4767 1231 4820 illarum
1260 4768 1570 4836 quampiam
1599 4767 1793 4820 merito
1827 4781 1987 4819 revo-

407 4850 624 4908 cantur,
657 4854 690 4891 a
724 4854 830 4908 qua
867 4837 1025 4891 initio
1057 4834 1452 4905 profluxerunt.
1499 4834 1825 4908 Quanquam
1856 4852 1990 4908 pau-

406 4907 563 4963 latim
593 4906 831 4963 novis‘ad
856 4908 1165 4961 institutum
1192 4908 1409 4971 ritibus,
1434 4922 1497 4958 ac
1522 4906 1869 4976 dogmatibus
1891 4907 1987 4961 ad-

402 4978 683 5048 jiciendis,
728 4988 823 5032 aut
850 4986 1042 5048 contra
1078 4979 1355 5032 veteribus
1386 4976 1718 5045 rejiciendis,
1754 4978 1984 5048 multum

408 5046 440 5102 a
475 5051 657 5118 priore
686 5049 861 5103 forma
881 5046 1224 5103 deﬂexerint.
1269 5048 1634 5113 Quamobrem
1668 5049 1738 5102 ab
1762 5046 1987 5103 Essenis

406 5118 649 5175 Ossenos
662 5120 799 5176 istos
814 5133 1068 5173 manasse
1085 5118 1349 5173 credibile
1364 5127 1448 5171 est
1468 5136 1480 5171 :
1516 5119 1731 5173 tametsi
1750 5118 1987 5187 plurima

408 5190 519 5245 illis
551 5190 832 5245 contraria
853 5190 1108 5259 dogmata
1124 5188 1317 5243 Osseni
1352 5188 1701 5257 postmodum
1728 5198 1988 5243 astruxe-

406 5261 549 5316 rint:
588 5261 733 5331 quod
761 5277 828 5316 ex
859 5259 1054 5329 Epiph.
1086 5271 1341 5315 constare
1365 5266 1561 5329 potest.

468 5353 929 5425 (15)Ὤρμηνται
954 5349 1023 5425 δέ
1049 5346 1235 5425 οὗτοι.
1256 5348 1412 5425 Unde
1439 5347 1779 5425 et_Sarnpssei
1808 5351 1989 5418 profe-

403 5420 498 5479 cti.
527 5420 630 5490 Qui
665 5420 796 5479 meri
821 5431 951 5479 sunt
983 5420 1198 5486 Osseui,
1237 5422 1341 5476 nisi
1367 5420 1512 5490 quod
1545 5420 1610 5473 ad
1642 5435 1989 5475 communem

404 5496 847 5566 superstitionem
870 5504 1148 5566 utcunque
1175 5491 1478 5566 Christiani
1510 5492 1992 5566 nominisprofes—

403 5561 615 5634 sionem
647 5561 1287 5634 adjunxerantfllorum
1338 5562 1505 5632 igitur
1548 5561 1886 5634 domicilium
1924 5562 1988 5634 in

398 5633 582 5690 Peraea
614 5631 734 5699 fuit,
784 5645 846 5690 ut
882 5635 1073 5689 hzeresi
1108 5631 1520 5701 LIII-scriptum
1548 5643 1654 5697 est,
1689 5632 1863 5703 πέραν
1889 5631 1990 5702 τῆς

402 5705 779 5778 ᾎλυκῆς,ἦτοι
795 5707 1016 5777 Νεκρᾶς
1033 5705 1196 5778 καλου
1207 5703 1747 5778 μένης-θαλάσσηςρν
1761 5706 1824 5778 τῇ
1844 5704 1988 5757 Μοα-

399 5775 559 5832 σίτιδι
583 5772 734 5849 χώρᾳ
754 5779 883 5850 περ).
903 5772 995 5831 τὸν
1011 5772 1345 5847 χειμάρρουν
1371 5772 1576 5844 Ἀρνῶν
1596 5772 1689 5827 καὶ
1708 5775 1983 5839 ἐπέκεινα,

3206 3497 3407 3569 quibus
3444 3496 3697 3557 fortassis

2106 3568 2575 3624 emendandavox
2604 3570 2702 3640 τῆς
2735 3570 3113 3639 Ἀρηῖλίτιδος,
3143 3568 3265 3639 qua:
3292 3570 3393 3623 hoc
3422 3569 3542 3622 loco
3566 3571 3696 3639 legi-

2105 3648 2213 3702 tur,
2240 3655 2361 3709 qua:
2389 3654 2659 3708 nusquam
2689 3642 2993 3709 reperitur:
3026 3655 3231 3709 proque
3264 3655 3327 3693 ea
3355 3640 3697 3694 substituen-

2105 3656 2213 3702 tur,
2240 3656 2361 3709 qua:
2389 3656 2659 3708 nusquam
2689 3656 2993 3764 regentur:
3026 3656 3231 3709 proque
3264 3656 3327 3693 ea
3355 3656 3691 3694 sunsntuen-

2102 3710 2235 3781 dum,
2280 3710 2668 3781 Ἀρωηρίτιδος
2708 3725 2741 3781 _a
2818 3714 3011 3771 Aroer,
3061 3726 3182 3780 quae
3226 3718 3277 3764 et
3322 3712 3405 3781 At:
3443 3720 3691 3773 vocatur,

2103 3779 2478 3850 Moaliitartnn
2514 3781 2650 3834 urbe
2701 3779 3168 3848 frequentissima,
3210 3796 3332 3850 qua:
3369 3780 3577 3850 Graecis
3608 3788 3694 3835 est

2114 3849 2445 3918 Ἀρεόπολις,
2482 3850 2548 3903 ad
2583 3858 2879 3906 torrentem
2898 3852 3125 3911 Arnom,
3159 3849 3319 3904 ut’ad
3350 3867 3400 3903 (τ.
3431 3849 3693 3906 anosue

2102 3919 2309 3975 Masius
2336 3921 2613 3991 observat.
2659 3918 2961 3976 Possumus
2996 3929 3051 3975 et
3092 3921 3467 3991 ’Λρνωνίτιδος
3513 3936 3542 3973 a
3576 3929 3693 3974 tor-

2100 3993 2274 4046 rentis
2304 3990 2526 4045 nomine
2558 3991 2829 4060 suspicari
2862 3992 3151 4059 scriptum.

2171 4060 2284 4131 (l6)
2330 4060 2510 4113 Τοῦτο
2551 4060 2619 4131 δὲ
2660 4058 2849 4129 ίγένος
2888 4058 3007 4114 τῶν
3051 4058 3378 4128 Ὀσσηνῶν.
3435 4059 3605 4126 Ωιιηεί
3658 4077 3688 4115 a

2098 4130 2397 4214 verba]?!
2442 4130 2743 4214 profer-tnui
2797 4134 2903 4195 sit,
2947 4130 3107 4214 .qnold
3140 4132 3195 4214 in
3229 4131 3688 4214 Aram‘madiiigua

2098 4200 2461 4269 fortem'esse,
2511 4202 2592 4254 vel
2625 4201 2877 4254 roborare
2916 4201 3209 4269 significat,
3252 4201 3342 4253 alii
3367 4200 3689 4256 abllebraao

2094 4281 2181 4335 ml
2205 4272 2502 4342 deducunt.
2537 4269 2781 4340 Scaliger
2816 4286 2923 4324 non
2949 4269 3184 4336 dubitat,
3217 4271 3349 4342 quin
3404 4272 3685 4341 ὐσσηνός,

2097 4339 2459 4421 υι”Ἐσσηνδς
2479 4378 2493 4404 ,
2515 4339 2706 4430 ,κατά
2726 4343 3068 4430 παραγωγήν
3112 4339 3445 4430 conceptum!
3481 4339 3689 4397 suam

2094 4411 2189 4465 τοῦ
2213 4421 2376 4471 mon,
2409 4420 2469 4464 ut
2514 4410 2656 4465 idem
2693 4412 2765 4466 sit
2808 4410 3077 4482 Ὀσσαῖος,
3118 4420 3173 4466 et
3222 4411 3481 4482 Ὀσσηνός
3505 4427 3518 4440 ⁸
3556 4428 3684 4468 nam

2094 4482 2367 4550 ejusmodi
2396 4484 2785 4552 patronymica?
2814 4480 3134 4537 inﬂexiones
3163 4482 3218 4535 in
3249 4480 3383 4552 ηνός
3411 4483 3680 4547 Arabum,

2093 4560 2148 4606 et
2172 4552 2502 4606 Asianorum
2531 4552 2787 4622 propria:
2831 4558 2981 4611 sunt.
3028 4559 3087 4605 ut
3122 4553 3263 4607 idem
3305 4569 3369 4607 ex
3406 4552 3685 4622 Stephano

2093 4622 2151 4677 in
2176 4622 2485 4695 "Aﬁacqvo;
2512 4621 2849 4695 docet_,_cuui
2883 4622 3128 4692 Europaei
3157 4623 3321 4695 aliter
3350 4621 3609 4695 forment.
3633 4683 3649 4695 ο

2165 4691 2278 4763 (l7)
2314 4691 2605 4763 Συνήφθη
2648 4692 2716 4745 δὲ
2746 4694 2985 4758 τούτοις
3020 4691 3365 4763 μετέπειτα.
3418 4694 3492 4747 De
3526 4691 3683 4747 Elxai

2091 4762 2365 4831 meminit,
2409 4771 2467 4815 ut
2509 4762 2717 4817 dictum
2757 4772 2865 4827 est,
2911 4764 2965 4816 in
3010 4762 3415 4831 Sampsaeorum
3463 4765 3681 4817 haeresi.

2019 4854 2068 4915 υ
2092 4830 2250 4898 Quod
2289 4841 2453 4887 secta:
2489 4849 2691 4888 nomen
2736 4849 2882 4896 esse,
2932 4849 3049 4888 non
3096 4830 3355 4895 heminis,
3395 4835 3680 4915 proprium

2096 4917 2363 4972 ariolatur
2403 4915 2671 4986 Scaliger.
2730 4916 2941 4972 Etenim
2988 4918 3257 4972 Arabicns
3300 4919 3569 4973 articulus
3610 4903 3683 4978 Lm

2096 5003 2223 5043 cum
2256 4987 2620 5057 appellatione
2647 4996 2847 5057 sectae,
2874 4991 2977 5042 hoc
3013 4997 3097 5043 est
3120 4996 3263 5048 istan
3303 4989 3551 5052 Ἐσσαῖος
3582 5004 3683 5042 ηο-

2092 5086 2217 5125 men
2239 5056 2371 5123 illud
2396 5070 2607 5140 peperit
2634 5056 2883 5131 mon-Sx
2918 5072 3179 5135 Ἐλξαῖος,
3206 5074 3233 5124 ὁ
3262 5072 3528 5134 Ἐσσαῖος.
3561 5070 3678 5138 Qua

2091 5141 2258 5212 etiam
2279 5141 2494 5195 ratione
2519 5141 2763 5209 ejusdem
2798 5142 2966 5196 frater
3000 5141 3221 5207 Ἰεξαῖος
3246 5157 3345 5212 pro
3375 5141 3583 5212 Έξαῖος
3609 5143 3679 5197 ab

2093 5209 2400 5281 Epiphanio
2424 5220 2793 5281 nuncupatur,
2823 5212 2969 5266 sicut
2996 5209 3260 5275 Ἰεσσαῖος
3281 5227 3378 5281 pro
3407 5211 3676 5275 Ἐσεξιῖος.

2097 5279 2213 5336 sed
2238 5282 2352 5335 haec
2384 5296 2535 5334 mera
2572 5279 2836 5349 scaligeri
2861 5281 3126 5335 divinatio
3160 5291 3265 5335 est.

2166 5351 2280 5422 (18)
2322 5352 2523 5417 "Alae,
2544 5351 2642 5404 καὶ
2668 5351 2844 5419 ὕδωρ,
2871 5351 2970 5404 καὶ
2989 5350 3126 5420 γῆν,
3152 5352 3247 5404 καὶ
3272 5350 3473 5418 ἄρτον.
3501 5349 3540 5403 F
3546 5353 3682 5421 riget

2096 5419 2362 5491 Scaligeri
2394 5423 2731 5492 conjectura,
2769 5422 2861 5491 qui
2888 5422 2944 5476 in
2975 5419 3215 5477 Elenclio
3233 5422 3535 5476 Triho'resii
3553 5419 3674 5492 cap.

2092 5492 2185 5558 27,
2207 5492 2657 5562 superstitiosum
2689 5491 3027 5562 Ossenorum
3050 5492 3438 5561 jusjurandum
3469 5509 3563 5561 per
3592 5491 3681 5546 so-

2092 5563 2219 5627 lem,
2257 5561 2451 5632 panem
2475 5572 2529 5616 et
2556 5578 2775 5631 aquam,
2806 5561 2871 5615 ad
2900 5562 3227 5617 Essenorum
3254 5564 3455 5615 victum
3491 5563 3676 5624 refert,

2091 5634 2186 5703 qui
2224 5649 2384 5703 pane,
2421 5634 2535 5687 sale
2563 5643 2615 5686 et
2651 5648 2788 5701 aqua
2827 5634 3131 5687 constabat.
3163 5632 3335 5687 Porro
3368 5644 3417 5687 et
3458 5633 3592 5695 lucc,
3624 5642 3678 5687 et

2090 5720 2213 5773 quae
2253 5705 2513 5771 deinceps
2556 5713 2881 5772 sequuntur,
2912 5704 3241 5758 documento
3268 5720 3391 5758 esse
3424 5703 3674 5773 possunt:

2139 5790 2425 5832 ssenoruin
2452 5784 2659 5828 sectam
2684 5776 2751 5829 ab
2773 5776 2996 5830 Essenis
3018 5776 3166 5831 valde
3185 5774 3458 5830 diversam
3483 5777 3673 5831 fuisse.
