4204 6370
477 325 587 383 263

1875 329 1934 384 S.
1967 326 2313 383 El’lPlIANll

3645 317 3753 372 264

551 438 616 493 ll.
647 436 882 495 Adducit
903 447 959 495 et
987 417 1154 508 hujus
1181 439 1260 495 rei
1288 447 1484 495 testem
1512 448 1787 495 veterator
1819 441 2062 496 l’ltineem

2247 443 2323 496 B'.
2361 441 2632 512 Μάρτυρα
2665 441 2722 494 δέ
2744 458 2865 493 τινα
2899 439 3281 528 παρεισφέρων
3311 437 3409 490 οὐκ
3437 435 3753 506 αἰσχύνεται

478 531 766 601 quemdam
786 531 1125 585 sacerdotem
1148 547 1178 584 e
1208 529 1452 587 Levitico
1477 547 1695 600 genere,
1725 534 1793 586 de
1818 532 2072 594 Aaronis,

477 635 545 676 ac
578 621 777 677 veteris
810 622 957 677 illius
991 622 1224 679 Phinees
1258 625 1430 692 stirpe
1460 642 1473 676 :
1506 624 1598 692 qui
1633 630 1890 694 regnante
1912 621 2074 676 Dario

479 716 534 766 in
567 712 884 782 captivitate
914 712 1246 784 Babylonica
1280 713 1440 767 Susis
1466 715 1692 767 adorata
1731 714 1899 765 Diana
1926 713 2072 781 peri-

477 803 660 856 culum
701 804 896 873 capitis
919 805 1124 874 eﬂ'ugit.
1155 805 1231 858 Ita
1258 807 1380 874 ejus
1409 807 1594 860 omnia
1630 805 1766 859 falsa
1797 812 1961 867 sunt,
2011 818 2076 856 ac

477 894 764 948 ridiculum
787 905 1118 950 commenta.
1138 895 1236 950 llic
1255 897 1419 967 igitur
1435 897 1563 951 olim
1580 913 1640 950 se
1658 894 1722 948 ad
1743 896 2071 949 Osseuorum

475 985 725 1040 haeresim
755 988 1026 1057 adjunxit.
1061 988 1236 1058 Cujus
1272 989 1432 1043 hodie
1465 991 1518 1042 in
1555 989 1848 1042 Nabathaea
1891 995 1946 1040 et
1978 986 2071 1041 l‘e—

475 1091 581 1130 rata
612 1076 867 1133 Hoabitis
890 1080 1071 1133 vicina
1108 1082 1333 1150 regione
1377 1081 1620 1150 reliquiae
1655 1088 1988 1150 supersunt,
2019 1086 2073 1132 et

476 1167 862 1237 Sempseorum
921 1172 1084 1241 vulgo
1144 1174 1297 1226 natio
1336 1172 1454 1225 lnec
1512 1172 1792 1225 hominum
1847 1171 2067 1226 dicitur.

471 1257 576 1329 41
610 1260 655 1312 Α
695 1262 895 1330 quibus
925 1267 1088 1315 etiam
1131 1263 1467 1332 perabsurde
1518 1261 1653 1315 illud
1679 1251 2070 1331 'cxrogitatum

472 1357 576 1414 est,
611 1360 668 1404 ut
698 1353 768 1406 ab
800 1354 1020 1406 occulta
1068 1355 1119 1406 vi
1143 1357 1588 1422 cognominatum
1628 1355 1942 1410 istiusmodi
1981 1373 2074 1411 ne-

471 1441 728 1497 lmlonem
780 1445 1083 1515 ﬁngerent;
1141 1454 1426 1515 propterea
1476 1446 1623 1516 quod
1671 1446 1743 1502 lel
1807 1429 2072 1504 llebraice

471 1538 617 1609 rim_;
646 1535 746 1590 Xai
789 1538 1116 1591 abstrusium
1157 1540 1450 1608 signiﬁcat.
1485 1538 1589 1593 Sed
1636 1540 1802 1609 hujus
1834 1542 2069 1596 instituti

471 1605 708 1691 vanitas.
751 1632 1176 1700 arrogantiaque
1209 1633 1460 1685 convicta
1497 1633 1716 1702 penitus
1765 1643 1849 1688 est
1877 1673 1892 1696 ,
1923 1643 1976 1688 et
2001 1635 2071 1688 ab

474 1719 542 1773 iis
574 1719 733 1774 irrisa
763 1737 1112 1791 magnopere,
1141 1726 1234 1791 qui
1273 1723 1338 1775 ad
1372 1722 1827 1777 considerandam
1857 1724 2069 1779 discer-

473 1812 815 1882 nendumque
847 1815 1133 1867 veritatem
1185 1815 1368 1882 aliquo
1402 1815 1612 1883 judicio
1655 1817 1866 1885 praediti
1904 1826 2056 1872 sunt.

471 1906 650 1972 Atque
683 1919 748 1956 ex
785 1903 921 1973 ipsis
979 1906 1255 1974 inprimis
1307 1905 1654 1970 Constantii,
1705 1921 1870 1978 atque
1915 1911 2066 1964 iuse-

471 1995 754 2062 quentium
791 1995 1184 2064 imperatorum
1213 1999 1551 2066 temporibus
1594 1999 1662 2053 ad
1712 2001 1851 2055 hanc
1899 2002 2064 2063 diem,

468 2085 910 2140 ellicacissimum
943 2087 1009 2140 ad
1038 2087 1162 2142 illos
1187 2087 1518 2145 refellendos
1535 2101 1915 2161 argumentum
1935 2109 2066 2146 con-

470 2176 557 2231 ﬁci
587 2185 769 2247 potest
793 2195 807 2245 ;
835 2195 961 2232 nam
981 2178 1046 2232 ad
1073 2196 1246 2250 usque
1269 2179 1653 2236 Constantium
1681 2185 2064 2254 imperatorem

468 2265 714 2325 Marthus
755 2271 945 2325 nescio
976 2288 1097 2340 qua:
1131 2288 1196 2326 ac
1229 2272 1512 2328 Marthana
1547 2291 1769 2330 sorores
1807 2277 1874 2330 de
1913 2276 2066 2329 Elxai

469 2359 658 2428 stirpe,
695 2360 749 2412 in
787 2359 1006 2413 illorum
1039 2362 1262 2430 regione
1297 2365 1584 2416 numinum
1618 2363 1792 2418 instar
1835 2365 1906 2419 ob
1945 2381 2064 2419 eam

465 2453 696 2522 originis
747 2452 1070 2522 dignitatem
1114 2453 1312 2508 habitae
1347 2465 1497 2509 sunt.
1555 2454 1758 2509 llarum
1819 2455 2066 2512 Mat-thus

468 2557 577 2596 non
613 2543 687 2596 ita
719 2543 928 2613 pridem
959 2546 1195 2599 excessit
1231 2563 1262 2600 e
1293 2546 1435 2610 vita,
1471 2545 1751 2600 Marthana
1800 2549 1855 2602 in
1921 2549 2063 2604 hanc

467 2633 612 2688 diem
654 2643 937 2704 superstes
961 2643 1066 2690 est.
1111 2634 1410 2706 Utriusque
1438 2653 1566 2692 vero
1599 2641 1680 2694 vel
1722 2649 1882 2709 sputa
1921 2642 2061 2710 ipsa,

466 2739 810 2797 cazterasque
840 2728 1093 2798 corporis
1136 2728 1327 2784 sordes
1383 2730 1532 2785 illius
1585 2739 1796 2786 tractus
1825 2733 2060 2787 haeretici

465 2818 826 2874 circumferre
861 2821 1131 2886 solebant,
1167 2821 1234 2874 ad
1273 2822 1592 2875 morborum
1636 2825 1896 2878 remedia.
1932 2824 2063 2891 Quae

465 2917 649 2963 tamen
685 2912 839 2963 irrita
875 2918 1034 2965 erant
1065 2913 1273 2966 omnia.
1311 2911 1418 2968 Sed
1442 2921 1527 2968 est
1557 2915 1940 2970 hazreticorum
1971 2934 2064 2988 ge-

465 3019 571 3058 nus
605 3006 933 3069 l'astuosnm,
957 3013 1010 3059 et
1037 3007 1336 3060 obnoxium
1369 3007 1566 3061 l‘raudi.
1599 3010 1754 3062 Caeca
1784 3011 1929 3064 enim
1967 3028 2064 3064 ne.-

465 3097 635 3166 quitia
668 3099 870 3158 omnis.
902 3109 954 3153 et
980 3099 1266 3168 prudentia
1304 3099 1600 3154 destitutus
1635 3116 1791 3156 error
1819 3112 1921 3158 est.
1956 3103 2060 3159 γε·
2088 3138 2130 3196 C

467 3204 587 3242 rum
634 3190 764 3258 quid
802 3191 1000 3244 attinet
1030 3193 1085 3245 in
1129 3193 1291 3260 hujus
1321 3193 1639 3262 i-mpostoris
1678 3195 1841 3250 rebus
1877 3212 2061 3265 perse-

465 3279 701 3350 quendis
749 3281 1029 3335 immorari
1060 3284 1286 3342 diutius.
1321 3293 1410 3337 aut
1456 3300 1519 3338 ea
1549 3300 1776 3340 narrare
1805 3287 2058 3358 dogmata

464 3386 586 3440 qua:
608 3380 799 3423 contra
833 3375 1112 3426 veritatem
1151 3375 1425 3428 asseruit?

536 3461 621 3514 ΙΙΙ.
661 3461 903 3516 Primum
957 3464 1102 3532 quod
1149 3481 1348 3535 negare
1395 3465 1564 3520 Deum
1616 3483 1881 3538 sequaces
1929 3485 2058 3527 suos

464 3552 717 3614 edocuit,
750 3568 874 3606 cum
904 3558 1372 3610 exsecrandorum
1409 3557 1734 3615 idololatria:
1769 3578 2056 3617 sacrorum

465 3658 562 3713 per
582 3641 988 3698 simulationem
1024 3647 1316 3715 participes
1347 3664 1469 3703 esse
1497 3655 1693 3705 suasit.
1731 3651 1868 3706 Tum
1902 3653 2058 3708 lucu-

467 3725 668 3786 lentius
689 3732 881 3786 iisdem
903 3734 1194 3803 imposuit;
1228 3753 1349 3790 cum
1369 3753 1464 3793 ore
1489 3749 1648 3794 tenus
1675 3741 1879 3810 ejurari
1898 3761 2059 3814 posse

465 3822 649 3882 ﬁdem,
687 3839 786 3877 nec
832 3825 888 3877 in
919 3840 983 3879 eo
1011 3829 1221 3883 crimen
1257 3831 1425 3884 ullum
1453 3848 1576 3887 esse
1623 3833 1782 3888 dixit.
1822 3836 1971 3892 Adeo
1999 3847 2059 3894 ut

463 3915 788 3970 insanabilis
828 3917 898 3970 sit
932 3917 1150 3972 illorum
1184 3921 1442 3987 morbus,
1490 3939 1590 3978 nec
1626 3925 1797 3980 ullum
1825 3929 2053 3984 remedii

461 4023 636 4078 genus
659 4010 930 4063 admittat.
965 4010 1101 4064 Cum
1128 4013 1273 4066 enim
1308 4029 1372 4067 os
1404 4015 1604 4083 ipsum,
1638 4034 1747 4088 quo
1779 4020 2056 4076 confessio

460 4102 712 4156 veritatis
764 4103 1127 4172 exprimitur,
1174 4105 1242 4158 ad
1284 4108 1632 4162 mendacium
1681 4111 2052 4181 subornetur;

459 4195 585 4262 quis
615 4196 738 4250 istis
776 4199 964 4250 credat
992 4212 1098 4251 non
1133 4199 1483 4254 vehementer
1516 4202 1664 4271 ipsos
1693 4203 1895 4274 decipi,
1926 4222 2052 4260 cum

462 4286 750 4354 perspicue
779 4285 982 4341 divinis
1019 4287 1073 4340 in
1104 4288 1300 4343 litteris
1317 4307 1380 4343 ex
1407 4293 1580 4345 sancti
1607 4294 1846 4363 Spiritus
1871 4297 2052 4351 alllatu

462 4379 842 4447 prmscriptum
887 4380 960 4433 sit
990 4398 1002 4433 :
1034 4378 1202 4434 Corde
1227 4382 1295 4433 ad
1326 4385 1598 4451 justitiam
1627 4386 1788 4451 credi,
1821 4404 1909 4441 ore
1936 4405 2052 4442 vero

2175 534 2203 584 ὀ
2222 533 2495 593 ἀπατεὼν,
2523 531 2696 598 λέγων
2723 530 2908 594 Φινεές
2931 547 3049 583 τινα
3089 531 3239 599 ἱερέα
3266 528 3372 581 τῶν
3411 528 3518 579 ἀπὸ
3561 529 3752 615 γένορς

2175 623 2306 676 Λευῒ
2352 639 2410 674 τε
2448 623 2541 674 καὶ
2587 621 2818 692 Ἀαρὼν,
2851 620 3064 674 καὶτοῦ
3103 620 3330 690 ἀρχαίου
3371 619 3555 681 Φινεὲς
3596 621 3653 671 ἐν
3684 622 3750 690 τῇ

2175 713 2458 766 Βαϐυλῶνι
2491 715 2582 765 ἐπὶ
2617 713 2716 782 τῆς
2745 713 3121 782 αἰχμαλωσίας
3162 716 3619 783 προσκυνήσαντα
3652 713 3751 783 τὴν

2179 805 2466 875 Ἄρτεμιν,
2489 809 2546 858 ἐν
2572 807 2792 870 Σούσοις
2819 805 3240 874 διαπεφευγέναι
3265 805 3483 876 ὄλεθρον
3517 805 3747 858 θανάτου

2175 899 2268 950 ἐπὶ
2318 899 2544 969 Δαρείου
2599 898 2693 951 τοῦ
2747 899 3042 968 βασιλέως·
3087 899 3226 950 ὥστε
3281 893 3420 949 εἶναι
3473 897 3638 951 αὑτοῦ
3681 898 3750 950 τὰ

2176 990 2356 1042 πάντα
2400 990 2568 1059 ψευδῆ
2619 991 2708 1043 καὶ
2747 993 2970 1060 μάταια.
3009 986 3179 1053 Οὗτος
3216 990 3314 1059 μὲν
3345 986 3436 1042 οὖν
3475 989 3588 1042 ἀνω
3626 1006 3748 1041 συν-

2173 1080 2345 1150 ῆπται
2390 1084 2456 1151 τῇ
2507 1082 2879 1154 προειρημένῃ
2923 1082 3133 1152 αἱρέσει
3180 1085 3245 1152 τῇ
3304 1082 3411 1132 τῶν
3472 1080 3747 1152 Ὀσσηνῶν

2176 1171 2505 1244 καλουμένῃ,
2534 1169 2600 1243 ἧς
2634 1174 2713 1224 ἔτι
2739 1173 2963 1239 λείφανα
2999 1174 3091 1225 καὶ
3127 1173 3285 1243 δεῦρο
3312 1173 3546 1242 ὑπάρχει
3591 1173 3650 1224 ὲν
3681 1175 3746 1242 τῇ

2174 1264 2310 1332 αὑτῇ
2345 1264 2662 1317 Ναϐατίτιδι
2695 1267 2787 1333 γῇ,
2831 1268 2895 1335 τῇ
2933 1266 3026 1318 καὶ
3066 1265 3273 1337 Περαίᾳ
3307 1265 3442 1335 πρὸς
3478 1267 3542 1334 τῇ
3581 1265 3746 1316 Μωα-

2175 1353 2369 1405 6ίτιδι¹
2399 1355 2536 1423 ὅπερ
2564 1355 2720 1422 γένος
2754 1355 2870 1407 νυνὶ
2912 1355 3169 1425 Σεμψέων
3199 1358 3216 1386 ²
3250 1356 3514 1409 καλεῖται.
3540 1356 3747 1407 Φαντα-

2175 1444 2356 1508 ζονται
2385 1445 2441 1497 δὲ
2471 1445 2626 1514 δῆθεν
2664 1447 2849 1499 καλεῖν
2879 1446 3064 1499 τοῦτον
3105 1445 3334 1517 δύναμιν
3363 1445 3747 1516 ἀποκεκαλυμ-

2176 1537 2364 1606 μένην,
2394 1536 2482 1590 διὰ
2523 1538 2582 1590 τὸ
2616 1538 2721 1604 Ίὴλ
2760 1539 3039 1591 καλεῖσθαι
3080 1539 3192 1607 (l9)
3230 1539 3488 1609 δύναμιν,
3536 1537 3634 1591 Ξαῒ
3687 1538 3746 1590 δὲ

2172 1629 2651 1698 κεκαλυμμένον.
2702 1629 2965 1698 ’Πλέγχθη
2995 1630 3053 1682 δὲ
3089 1629 3148 1681 τὸ
3189 1630 3296 1681 πᾶν
3323 1627 3416 1680 τοῦ
3462 1625 3745 1696 ἐπιτηδεύ-

2176 1739 2342 1792 ματος
2371 1723 2658 1793 φρύαγμα,
2699 1724 2793 1775 καὶ
2831 1725 2909 1786 εἰς
2941 1723 3184 1794 μεγάλην
3211 1721 3470 1791 αἰσχύνην
3501 1721 3744 1773 ὑπέπεσε

2169 1814 2322 1884 παρά
2367 1818 2480 1877 τοῖς
2522 1815 2840 1885 δυναμένοις
2889 1816 2958 1867 τὰ
3001 1815 3174 1884 ἀληθῆ
3216 1817 3500 1867 κατανοεῖν
3551 1829 3611 1864 τε
3651 1813 3745 1864 καὶ

2167 1906 2451 1976 ἀκριϐοῦν.
2480 1908 2597 1960 Ἔτι
2632 1909 2739 1978 γὰρ
2767 1909 2858 1960 καὶ
2887 1907 3045 1978 δεῦρο
3068 1908 3175 1960 ἀπὸ
3200 1907 3306 1959 τῶν
3333 1905 3553 1977 ἡμερώ-ι
3584 1906 3731 1957 Κων-

2170 1996 2420 2047 σταντίου
2457 2012 2515 2047 τε
2545 1996 2638 2050 καὶ
2663 1997 2768 2048 τῶν
2785 1997 2878 2050 νῦν
2909 1997 3171 2066 βασιλέων
3203 1995 3387 2065 σαφῶς
3410 1995 3739 2064 ἐλέγχονται.

2170 2083 2316 2145 Ἕως
2367 2084 2463 2154 μὲν
2498 2084 2604 2154 γάρ
2653 2086 3069 2147 Κωνσταντίου,
3103 2088 3166 2138 ἑκ
3205 2085 3298 2139 τοῦ
3345 2088 3534 2153 γένους
3577 2085 3740 2138 αὑτοῦ

2167 2174 2427 2245 Μαρθοῠς
2456 2193 2541 2239 τις
2574 2177 2668 2230 καὶ
2698 2178 2967 2248 Μαρθάνα
2995 2178 3090 2230 δύο
3119 2177 3343 2245 ἀδελφαὶ
3375 2181 3432 2230 ὲν
3464 2180 3530 2248 τῇ
3561 2176 3741 2229 αὑτῶν

2169 2266 2324 2339 χώρᾳ
2369 2270 2489 2322 ἀντὶ
2539 2269 2674 2324 θεῶν
2719 2271 3181 2341 προσεκυνοῦντο,
3225 2272 3307 2322 ὅτι
3348 2269 3508 2340 δῆθεν
3550 2271 3614 2322 ἐκ
3645 2269 3738 2321 τοῦ

2170 2362 2487 2432 σπέρματος
2529 2362 2622 2414 τοῦ
2677 2363 3074 2433 προειρημένου
3117 2361 3302 2426 Ἢλξαῒ
3343 2362 3602 2433 ὑπῆρχον.
3641 2362 3738 2414 Τὲ⁹

2168 2451 2333 2523 θνηκε
2367 2454 2482 2525 δὲή
2524 2455 2783 2525 Ἀίαρθοῦς
2828 2455 2934 2526 πρὸ
2978 2455 3160 2523 ὀλίγου
3203 2454 3296 2507 τοῦ
3331 2456 3544 2526 χρόνου.
3584 2456 3738 2525 Μαρ-

2167 2545 2305 2599 θάνα
2337 2546 2393 2599 δὲ
2426 2549 2504 2609 εἰς
2532 2547 2612 2600 ἔτι
2638 2547 2799 2617 δεῦρο
2822 2547 3065 2619 ὑπῆρχεν
3101 2542 3176 2604 ὧν
3203 2549 3298 2602 καὶ
3325 2549 3392 2602 τὰ
3424 2549 3736 2618 πτύσματα,

2167 2637 2261 2688 καὶ
2289 2637 2361 2690 τὰ
2399 2638 2535 2692 ἄλλα
2578 2638 2671 2692 τοῦ
2708 2638 2958 2710 σώματος
2999 2640 3143 2712 ῥύπη
3183 2641 3520 2712 ἀπεφέροντο
3557 2643 3605 2694 ot
3644 2659 3740 2701 m-_

2166 2729 2500 2800 πλανημένοι
2529 2733 2792 2803 αἰρετικοὶ
2823 2735 2880 2786 ἐν
2918 2733 3101 2804 ἐκείνῃ
3127 2736 3191 2804 τῇ
3223 2732 3397 2805 χώρᾳ,
3420 2733 3580 2804 δῆθεν
3602 2733 3736 2804 πρὸς

2167 2819 2423 2891 ἀλέξησιν
2466 2822 2811 2892 νοσημάτων.
2857 2824 2932 2874 Οὑ
2979 2823 3085 2893 μὴν
3141 2824 3427 2892 ἐνήργουν.
3476 2819 3634 2872 Ἀλλά
3680 2820 3738 2872 τὸ

2166 2909 2581 2980 πεπλανημένον
2605 2911 2832 2980 σοϐαρὸν
2853 2913 2959 2976 ἀεὶ,
2984 2912 3078 2965 καὶ
3099 2912 3235 2984 πρὸς
3265 2912 3480 2981 ἀπάτην
3499 2912 3608 2964 ἓτοι
3616 2928 3736 2983 μον.

2167 3003 2378 3071 Τυφλὸν
2408 3003 2518 3073 γάρ
2553 3005 2585 3074 ὴ
2642 3005 2837 3069 κακία,
2887 3009 2981 3058 καὶ
3023 3005 3281 3058 ἀσύνετον
3315 3008 3348 3076 ή
3387 3005 3584 3076 πλάνη.
3630 3005 3733 3057 Καὶ

2167 3093 2270 3156 ἕως
2319 3093 2420 3146 ποῦ
2465 3096 2866 3166 κατατρίϐομαι
2905 3097 2972 3151 τὰ
3010 3099 3139 3168 περὶ
3179 3099 3274 3150 τοῦ
3302 3097 3496 3168 γόητος
3544 3096 3737 3149 τούτου

2166 3185 2565 3254 φθεγγόμενος,
2607 3189 2709 3240 ὅσα
2748 3204 2806 3240 τε
2853 3187 2995 3240 κατὰ
3032 3189 3132 3258 τῆς
3175 3188 3431 3260 ἀληθείας
3475 3187 3732 3257 κατεψεύ-

2164 3293 2326 3342 σατο;

2231 3459 2270 3510 Γ
2273 3465 2304 3512 '.
2359 3458 2580 3531 Πρῶτον
2631 3460 2729 3530 μὲν
2781 3461 3046 3514 διδάσκων
3098 3460 3549 3533 ἀπαρνησιθεῖαν,
3612 3460 3734 3514 καθ’

2163 3549 2451 3622 ὑπόκρισιν
2475 3551 2744 3622 βδελυρῶν
2775 3551 2974 3604 θυσιῶν
3004 3553 3100 3623 τῆς
3121 3553 3566 3625 εἰδωλολατρέίας
3603 3570 3734 3624 μετ-

2163 3642 2308 3712 έχειν
2337 3643 2528 3712 λέγων·
2553 3643 2741 3696 ἔπειτα
2763 3643 2820 3696 δὲ
2847 3645 3071 3697 ἀπατῶν
3091 3645 3216 3708 τοὺς
3243 3643 3542 3707 ἀκούοντας
3563 3646 3734 3714 ἀρνεῖι

2163 3733 2287 3786 σθαι
2315 3735 2411 3805 τὴν
2445 3735 2581 3787 ἰδίαν
2603 3735 2783 3789 πίστιν
2805 3737 3052 3806 στόματι,
3071 3738 3162 3790 καὶ
3193 3737 3267 3808 μὴ
3292 3736 3436 3807 ἔχειν
3461 3735 3734 3806 ἁμαρτίαν

2160 3827 2385 3895 φάσκων
2403 3843 2416 3856 ·
2446 3827 2522 3890 ὡς
2561 3824 2698 3880 εἶναι
2725 3828 3092 3900 ἀθεράπευτον
3128 3829 3189 3882 τὸ
3220 3829 3400 3883 αὐτῶν
3421 3829 3613 3892 πάθος,
3640 3830 3730 3881 καὶ

2163 3918 2238 3990 μὴ
2299 3919 2597 3989 δυνάμενον
2637 3919 3018 3990 διορθωθῆναι.
3076 3921 3137 3972 Εἰ
3192 3919 3301 3992 γὰρ
3349 3920 3412 3974 τὸ
3453 3921 3624 3991 στόμα
3672 3921 3733 3973 τὸ

2157 4010 2453 4081 ὁμολογοῦν
2494 4011 2592 4082 τὴν
2632 4011 2889 4082 ἀλήθειαν
2927 4012 3380 4082 προετοιμάζεται
3409 4015 3488 4076 εἰς
3516 4012 3730 4082 ψεῦδος,

2157 4098 2269 4176 ᾇρά
2295 4119 2358 4170 γε
2378 4102 2461 4165 τίς
2483 4103 2667 4166 αὑτοῖς
2698 4103 3082 4172 ὲμπιστεύσειε
3104 4104 3202 4172 τὴν
3231 4103 3458 4174 καρδίαν
3487 4104 3561 4174 μὴ
3587 4103 3731 4174 ἔχειν

2155 4194 2548 4264 ἠπατημένην;
2577 4195 2735 4248 ὁπότε
2764 4194 3058 4266 διαρρήδην
3086 4193 3377 4262 ἐκφάσκων
3414 4195 3442 4245 ὁ
3472 4193 3612 4256 θεῖος
3641 4194 3731 4246 λό-

2156 4303 2251 4354 γος
2281 4287 2339 4339 ὲν
2371 4286 2652 4357 Πνεύματι
2695 4286 2838 4356 ἁγίῳ
2879 4287 3169 4348 διδάσκων,
3217 4287 3335 4338 ’Ότι
3376 4286 3591 4354 καρδίᾳ
3635 4302 3730 4337 πι-

2157 4379 2433 4432 στεύεται
2477 4381 2565 4442 εἰς
2599 4377 3018 4443 δικαιοσύνην,
3050 4377 3299 4444 στόματι
3327 4375 3394 4429 δὲ
3428 4377 3730 4445 ὁμολογεῖ-

459 4468 528 4522 ad
558 4469 783 4522 salutem
825 4472 1200 4542 confessionem
1235 4475 1351 4542 ﬁeri
1387 4475 1444 4527 ‘?
1475 4474 1741 4530 Praeterea
1771 4477 2049 4533 Christum

2168 4493 2246 4528 [αι
2281 4475 2368 4538 εὶς
2397 4473 2720 4541 σωτηρίαν.
2760 4470 2922 4522 Ἀλλὰ
2954 4471 3046 4523 καὶ
3074 4471 3233 4523 πάλιν
3264 4469 3421 4540 δῆθεν
3458 4469 3556 4539 μὲν
3595 4470 3729 4539 Χριο

467 4561 594 4616 licel.
644 4563 866 4616 nomine
911 4564 1030 4631 ipso
1071 4563 1323 4629 fateatur,
1356 4581 1480 4620 cum
1523 4569 1593 4621 ita
1630 4569 1900 4638 loquitur.
1942 4571 2053 4625 Ma-

457 4665 600 4722 gnus
629 4649 742 4704 Rex
774 4660 857 4704 est
883 4650 1173 4706 Christus:
1208 4663 1386 4706 tttrum
1440 4656 1491 4708 id
1525 4664 1703 4710 tamen
1737 4657 1804 4712 de
1832 4659 2052 4713 Christo

456 4739 584 4796 Jesu
620 4740 848 4795 Domino
895 4751 1085 4796 nostro
1116 4747 1574 4811 pronuntiavcrit,
1608 4763 1671 4801 ex
1707 4748 2051 4805 fraudulento

458 4832 558 4895 illo
587 4832 1007 4902 adulterinoque
1039 4833 1199 4897 libro,
1235 4851 1395 4904 quem
1428 4836 1495 4888 de
1521 4838 1679 4908 nugis
1711 4840 1826 4894 suis
1858 4841 2048 4909 edidit,

457 4923 700 4976 nondum
735 4924 1172 4980 animadvertere
1200 4927 1371 4994 potui.
1409 4925 1594 4997 Neque
1619 4929 1764 4983 enim
1789 4932 1934 4985 istud
1962 4933 2050 4986 di-

458 5024 605 5070 serte
636 5015 913 5085 signiﬁcat
947 5035 960 5068 :
1000 5018 1093 5071 sed
1123 5016 1329 5072 Christi
1371 5034 1571 5072 nomen
1605 5020 1927 5089 simpliciter
1953 5039 2051 5094 ap-

458 5108 644 5177 pellat,
682 5107 837 5176 quasi
867 5109 1124 5168 alterum.
1163 5118 1428 5178 quantum
1480 5111 1836 5180 intelligimus
1865 5154 1877 5178 ,
1909 5115 2054 5168 iudi-

456 5207 561 5258 cet,
595 5195 702 5270 42
733 5198 815 5251 vel
858 5207 1150 5268 exspectet.
1209 5198 1344 5252 Nam
1405 5209 1458 5254 et
1488 5202 1555 5253 ad
1603 5201 1881 5258 Orientem
1918 5222 2051 5261 con-

454 5304 615 5341 Verso
644 5289 796 5342 vultu
848 5289 1061 5358 precari
1099 5289 1376 5358 prohibet,
1420 5303 1688 5362 negatque
1721 5294 1962 5352 intentos
1993 5298 2048 5352 in

453 5397 572 5436 eam
613 5392 818 5450 partem
861 5399 962 5439 nos
1008 5398 1130 5439 esse
1159 5395 1447 5453 oportere;
1480 5387 1576 5441 sed
1608 5385 2043 5457 Hierosolymam

532 5539 544 5568 '
584 5538 818 5603 ﬂmmx,
858 5540 940 5596 10.
1019 5540 1229 5595 "Forte
1258 5541 1578 5613 Σαμψαίων.

2159 4567 2281 4620 στὸν
2314 4566 2538 4636 ὀνόματι
2571 4563 2842 4633 ὁμολογεῖ,
2883 4561 3075 4630 λέγων,
3113 4563 3194 4614 ὅτι
3225 4561 3453 4630 Χριστὸς
3493 4563 3522 4612 ὁ
3555 4560 3728 4630 μέγας

2160 4659 2431 4730 βασιλεὺς,
2473 4659 2535 4709 οὑ
2569 4658 2675 4726 μὴν
2717 4657 2854 4708 πάνυ
2897 4671 2960 4721 γε
2991 4643 3292 4723 κατείληφα
3319 4654 3384 4704 ἐκ
3419 4652 3518 4722 τῆς
3562 4652 3728 4705 αὑτοῦ

2156 4752 2378 4822 δολερᾶς
2407 4751 2500 4803 καὶ
2522 4747 3051 4819 παραπεποιημένης
3086 4745 3387 4809 συντάξεως
3417 4745 3515 4815 τῆς
3543 4744 3728 4814 βίϐλου

2155 4844 2256 4914 τῆς
2284 4843 2449 4895 αὑτοῦ
2476 4842 2768 4913 ληρωδίας,
2796 4841 2843 4892 εἰ
2868 4838 2995 4910 περὶ
3021 4837 3115 4891 τοῦ
3147 4838 3353 4908 Κυρίου
3379 4837 3531 4908 ἡμῶν
3551 4836 3727 4908 Ἰησοῦ

2157 4934 2396 5006 Χριστοῦ
2427 4935 2766 5004 ὑφηγήσατο.
2801 4931 2937 4984 Οὔτε
2962 4929 3069 5001 γὰρ
3090 4928 3248 4981 τοῦτο
3272 4928 3464 5000 ὁρίζει·
3497 4927 3729 4997 Χριστὸν

2156 5027 2212 5080 δὲ
2247 5027 2433 5090 ἁπλῶς
2463 5027 2631 5094 λέγει,
2662 5025 2737 5087 ὡς
2762 5023 2820 5086 ἐξ
2847 5017 2921 5076 ὧν
2954 5020 3362 5092 κατειλήφαμέν
3398 5037 3516 5071 τινα
3544 5020 3729 5089 ἕτερον

2157 5119 2437 5190 σημαίνων
2483 5120 2515 5189 ἢ
2564 5117 2899 5190 προσδοκῶνο
2950 5115 3148 5170 κωλύει
3191 5114 3299 5182 γὰρ
3347 5115 3426 5174 είς
3467 5109 3727 5173 ἀνατολὰς

2154 5209 2432 5273 εὔξασθαι,
2467 5210 2690 5278 φάσκων
2734 5209 2807 5279 μὴ
2848 5207 2957 5260 δεῖν
2994 5207 3280 5278 προσέχειν
3313 5204 3505 5266 οὕτως·
3538 5203 3629 5255 ἐπὶ
3661 5202 3727 5255 τὰ

2165 5302 2510 5374 Ἱεροσόλυμα
2550 5304 2608 5356 δὲ
2651 5301 2796 5372 ἔχειν
2840 5301 2901 5354 τὸ
2946 5302 3238 5370 πρόσωπον
3273 5298 3337 5350 ὲκ
3370 5298 3586 5350 πάντων
3618 5295 3727 5346 τῶν

2155 5391 2359 5461 μερῶν,
2390 5393 2516 5456 τοὺς
2563 5391 2661 5461 μὲν
2703 5390 2798 5444 ἀπ’
2831 5388 3105 5443 ἀνατολῶν
3144 5391 3222 5450 είς
3251 5386 3404 5440 δύσιν
3438 5384 3724 5457 προσέχειν

530 5700 640 5770 (l9)
674 5702 776 5753 Διὰ
805 5702 867 5754 τὸ
911 5701 1039 5771 Ἰἡλ
1070 5699 1401 5759 καλεῖσθαι.
1443 5701 1707 5758 Hebraice
1737 5700 1808 5755 ita
1835 5697 2062 5768 COIIClpil

2168 5713 2195 5752 a
2225 5705 2353 5754 sunt
2383 5708 2474 5758 vn:
2508 5681 2622 5762 5’71,
2665 5699 2745 5754 vel
2781 5704 2912 5763 “ob,
2949 5697 3111 5752 virtus
3140 5697 3462 5751 abscondita.
