  <div class='ocr_page' id='page_1' title='image "/cluster/home/n/w/nwhite01/storage/ocr_20150623/41/nnc1.0046978747/160.png"; bbox 0 0 4204 6370; ppageno 0'>
   <div class='ocr_carea' id='block_1_1' title="bbox 432 341 540 397">
    <p class='ocr_par' dir='ltr' id='par_1_1' title="bbox 432 341 540 397">
     <span class='ocr_line' id='line_1_1' title="bbox 432 341 540 397; baseline 0.009 -1"><span class='ocrx_word' id='word_1_1' title='bbox 432 341 540 397; x_wconf 74' lang='grc'><strong>265</strong></span> 
     </span>
    </p>
   </div>
   <div class='ocr_carea' id='block_1_2' title="bbox 1132 339 3013 400">
    <p class='ocr_par' dir='ltr' id='par_1_2' title="bbox 1132 339 3013 400">
     <span class='ocr_line' id='line_1_2' title="bbox 1132 339 3013 400; baseline 0.003 -7"><span class='ocrx_word' id='word_1_2' title='bbox 1132 339 1497 396; x_wconf 77' lang='lat' dir='ltr'><strong>ADVERSUS</strong></span> <span class='ocrx_word' id='word_1_3' title='bbox 1535 340 1878 398; x_wconf 60' lang='lat' dir='ltr'><strong>HERESES</strong></span> <span class='ocrx_word' id='word_1_4' title='bbox 1912 343 2041 398; x_wconf 85' lang='lat' dir='ltr'><strong>LIB.</strong></span> <span class='ocrx_word' id='word_1_5' title='bbox 2083 344 2125 399; x_wconf 92' lang='lat' dir='ltr'><strong>l.</strong></span> <span class='ocrx_word' id='word_1_6' title='bbox 2167 342 2330 400; x_wconf 74' lang='lat' dir='ltr'><strong>TOM.</strong></span> <span class='ocrx_word' id='word_1_7' title='bbox 2373 343 2413 397; x_wconf 87' lang='grc'>1.</span> <span class='ocrx_word' id='word_1_8' title='bbox 2457 342 2830 399; x_wconf 73' lang='lat' dir='ltr'><strong>-H1ERES.</strong></span> <span class='ocrx_word' id='word_1_9' title='bbox 2872 343 3013 398; x_wconf 74' lang='lat' dir='ltr'><strong>XIX.</strong></span> 
     </span>
    </p>
   </div>
   <div class='ocr_carea' id='block_1_3' title="bbox 3581 345 3688 402">
    <p class='ocr_par' dir='ltr' id='par_1_3' title="bbox 3581 345 3688 402">
     <span class='ocr_line' id='line_1_3' title="bbox 3581 345 3688 402; baseline 0 0"><span class='ocrx_word' id='word_1_10' title='bbox 3581 345 3688 402; x_wconf 64' lang='lat'><strong>968</strong></span> 
     </span>
    </p>
   </div>
   <div class='ocr_carea' id='block_1_4' title="bbox 433 454 2021 529">
    <p class='ocr_par' dir='ltr' id='par_1_4' title="bbox 433 454 2015 529">
     <span class='ocr_line' id='line_1_4' title="bbox 433 454 2015 529; baseline -0.001 -17"><span class='ocrx_word' id='word_1_11' title='bbox 433 461 500 528; x_wconf 85' lang='grc' dir='ltr'>τῇ</span> <span class='ocrx_word' id='word_1_12' title='bbox 543 455 922 528; x_wconf 83' lang='grc' dir='ltr'>Ἰερουσαλὴμ,</span> <span class='ocrx_word' id='word_1_13' title='bbox 966 455 1094 518; x_wconf 83' lang='grc' dir='ltr'>τοὺς</span> <span class='ocrx_word' id='word_1_14' title='bbox 1133 455 1190 508; x_wconf 81' lang='grc' dir='ltr'>δὲ</span> <span class='ocrx_word' id='word_1_15' title='bbox 1232 457 1340 509; x_wconf 84' lang='grc' dir='ltr'><strong>ἀπὸ</strong></span> <span class='ocrx_word' id='word_1_16' title='bbox 1385 454 1592 520; x_wconf 79' lang='grc' dir='ltr'>δύσεως</span> <span class='ocrx_word' id='word_1_17' title='bbox 1632 460 1713 521; x_wconf 83' lang='grc' dir='ltr'><strong>είς</strong></span> <span class='ocrx_word' id='word_1_18' title='bbox 1753 457 2015 529; x_wconf 83' lang='grc' dir='ltr'>ἀνατολὴν</span> 
     </span>
    </p>
   </div>
   <div class='ocr_carea' id='block_1_5' title="bbox 2120 454 3692 529">
    <p class='ocr_par' dir='ltr' id='par_1_5' title="bbox 2120 455 3692 528">
     <span class='ocr_line' id='line_1_5' title="bbox 2120 455 3692 528; baseline 0.002 -18"><span class='ocrx_word' id='word_1_19' title='bbox 2120 473 2314 513; x_wconf 89' lang='lat' dir='ltr'><strong>versus</strong></span> <span class='ocrx_word' id='word_1_20' title='bbox 2361 455 2722 526; x_wconf 90' lang='lat' dir='ltr'><strong>undequaque</strong></span> <span class='ocrx_word' id='word_1_21' title='bbox 2745 459 3060 528; x_wconf 85' lang='lat' dir='ltr'><strong>prospicere</strong></span> <span class='ocrx_word' id='word_1_22' title='bbox 3078 497 3091 520; x_wconf 92' lang='lat'><strong>,</strong></span> <span class='ocrx_word' id='word_1_23' title='bbox 3118 457 3293 527; x_wconf 89' lang='lat' dir='ltr'><strong>utqui</strong></span> <span class='ocrx_word' id='word_1_24' title='bbox 3323 456 3391 512; x_wconf 91' lang='lat' dir='ltr'><strong>ad</strong></span> <span class='ocrx_word' id='word_1_25' title='bbox 3425 457 3692 514; x_wconf 75' lang='lat' dir='ltr'><strong>orientem</strong></span> 
     </span>
    </p>
   </div>
   <div class='ocr_carea' id='block_1_6' title="bbox 433 547 2016 621">
    <p class='ocr_par' dir='ltr' id='par_1_6' title="bbox 433 547 2016 621">
     <span class='ocr_line' id='line_1_6' title="bbox 433 547 2016 621; baseline 0 -19"><span class='ocrx_word' id='word_1_26' title='bbox 433 553 500 620; x_wconf 86' lang='grc' dir='ltr'>τῇ</span> <span class='ocrx_word' id='word_1_27' title='bbox 530 549 692 618; x_wconf 82' lang='grc' dir='ltr'>αὐτῇ,</span> <span class='ocrx_word' id='word_1_28' title='bbox 717 549 842 610; x_wconf 79' lang='grc' dir='ltr'>τοὺς</span> <span class='ocrx_word' id='word_1_29' title='bbox 868 547 924 600; x_wconf 82' lang='grc' dir='ltr'>δὲ</span> <span class='ocrx_word' id='word_1_30' title='bbox 954 547 1062 600; x_wconf 87' lang='grc' dir='ltr'><strong>ἀπὸ</strong></span> <span class='ocrx_word' id='word_1_31' title='bbox 1106 547 1259 600; x_wconf 85' lang='grc' dir='ltr'><strong>νότου</strong></span> <span class='ocrx_word' id='word_1_32' title='bbox 1288 548 1382 601; x_wconf 77' lang='grc' dir='ltr'><strong>καὶ</strong></span> <span class='ocrx_word' id='word_1_33' title='bbox 1429 547 1776 620; x_wconf 86' lang='grc' dir='ltr'>μεσημϐρίας</span> <span class='ocrx_word' id='word_1_34' title='bbox 1810 552 1889 613; x_wconf 88' lang='grc' dir='ltr'><strong>είς</strong></span> <span class='ocrx_word' id='word_1_35' title='bbox 1921 550 2016 621; x_wconf 78' lang='grc' dir='ltr'><strong>ἄρ·</strong></span> 
     </span>
    </p>
   </div>
   <div class='ocr_carea' id='block_1_7' title="bbox 435 637 2017 709">
    <p class='ocr_par' dir='ltr' id='par_1_7' title="bbox 435 637 2017 709">
     <span class='ocr_line' id='line_1_7' title="bbox 435 637 2017 709; baseline -0.001 -15"><span class='ocrx_word' id='word_1_36' title='bbox 435 657 582 702; x_wconf 84' lang='grc' dir='ltr'>κτον,</span> <span class='ocrx_word' id='word_1_37' title='bbox 609 641 737 701; x_wconf 82' lang='grc' dir='ltr'>τοὺς</span> <span class='ocrx_word' id='word_1_38' title='bbox 756 638 814 690; x_wconf 86' lang='grc' dir='ltr'>δὲ</span> <span class='ocrx_word' id='word_1_39' title='bbox 845 639 937 690; x_wconf 74' lang='grc' dir='ltr'>ἀπ’</span> <span class='ocrx_word' id='word_1_40' title='bbox 967 637 1172 709; x_wconf 73' lang='grc' dir='ltr'>ἄρκτου</span> <span class='ocrx_word' id='word_1_41' title='bbox 1204 640 1284 701; x_wconf 85' lang='grc' dir='ltr'>εἰς</span> <span class='ocrx_word' id='word_1_42' title='bbox 1311 638 1678 709; x_wconf 89' lang='grc' dir='ltr'>μεσημϐρίαν,</span> <span class='ocrx_word' id='word_1_43' title='bbox 1706 639 1782 703; x_wconf 87' lang='grc' dir='ltr'>ὡς</span> <span class='ocrx_word' id='word_1_44' title='bbox 1813 657 2017 693; x_wconf 87' lang='grc' dir='ltr'>παντα-</span> 
     </span>
    </p>
   </div>
   <div class='ocr_carea' id='block_1_8' title="bbox 434 726 2012 804">
    <p class='ocr_par' dir='ltr' id='par_1_8' title="bbox 434 726 2012 804">
     <span class='ocr_line' id='line_1_8' title="bbox 434 726 2012 804; baseline 0 -19"><span class='ocrx_word' id='word_1_45' title='bbox 434 733 590 803; x_wconf 83' lang='grc' dir='ltr'>χόθεν</span> <span class='ocrx_word' id='word_1_46' title='bbox 618 733 677 784; x_wconf 85' lang='grc' dir='ltr'><strong>τὸ</strong></span> <span class='ocrx_word' id='word_1_47' title='bbox 707 731 1001 802; x_wconf 82' lang='grc' dir='ltr'>πρόσωπον</span> <span class='ocrx_word' id='word_1_48' title='bbox 1031 730 1290 801; x_wconf 84' lang='grc' dir='ltr'>ἄντικρυς</span> <span class='ocrx_word' id='word_1_49' title='bbox 1331 726 1470 783; x_wconf 76' lang='grc' dir='ltr'>εἶναι</span> <span class='ocrx_word' id='word_1_50' title='bbox 1505 731 1603 800; x_wconf 81' lang='grc' dir='ltr'><strong>τῆς</strong></span> <span class='ocrx_word' id='word_1_51' title='bbox 1642 733 1944 802; x_wconf 82' lang='grc' dir='ltr'>Ὶερουσαλή</span> <span class='ocrx_word' id='word_1_52' title='bbox 1955 752 2012 804; x_wconf 89' lang='grc' dir='ltr'><strong>μ.</strong></span> 
     </span>
    </p>
   </div>
   <div class='ocr_carea' id='block_1_9' title="bbox 434 820 2016 894">
    <p class='ocr_par' dir='ltr' id='par_1_9' title="bbox 434 820 2016 894">
     <span class='ocr_line' id='line_1_9' title="bbox 434 820 2016 894; baseline -0.001 -18"><span class='ocrx_word' id='word_1_53' title='bbox 434 825 546 878; x_wconf 76' lang='grc' dir='ltr'><strong>Καὶ</strong></span> <span class='ocrx_word' id='word_1_54' title='bbox 588 825 689 894; x_wconf 84' lang='grc' dir='ltr'>ὂρα</span> <span class='ocrx_word' id='word_1_55' title='bbox 717 823 815 893; x_wconf 83' lang='grc' dir='ltr'>τὴν</span> <span class='ocrx_word' id='word_1_56' title='bbox 848 821 943 875; x_wconf 89' lang='grc' dir='ltr'><strong>τοῦ</strong></span> <span class='ocrx_word' id='word_1_57' title='bbox 975 820 1292 884; x_wconf 74' lang='grc' dir='ltr'><strong>ἀπατεῶνας</strong></span> <span class='ocrx_word' id='word_1_58' title='bbox 1322 820 1766 892; x_wconf 69' lang='grc' dir='ltr'>φρενοϐλάϐειαν.</span> <span class='ocrx_word' id='word_1_59' title='bbox 1799 823 2016 876; x_wconf 81' lang='grc' dir='ltr'>Ἀναθε-</span> 
     </span>
    </p>
   </div>
   <div class='ocr_carea' id='block_1_10' title="bbox 439 911 2017 986">
    <p class='ocr_par' dir='ltr' id='par_1_10' title="bbox 439 911 2017 986">
     <span class='ocr_line' id='line_1_10' title="bbox 439 911 2017 986; baseline -0.001 -19"><span class='ocrx_word' id='word_1_60' title='bbox 439 915 654 986; x_wconf 76' lang='grc' dir='ltr'>ματίζει</span> <span class='ocrx_word' id='word_1_61' title='bbox 683 914 784 985; x_wconf 82' lang='grc' dir='ltr'>μὲν</span> <span class='ocrx_word' id='word_1_62' title='bbox 807 914 916 983; x_wconf 82' lang='grc' dir='ltr'><strong>γάρ</strong></span> <span class='ocrx_word' id='word_1_63' title='bbox 943 911 1134 976; x_wconf 78' lang='grc' dir='ltr'>θυσίας</span> <span class='ocrx_word' id='word_1_64' title='bbox 1158 913 1251 966; x_wconf 72' lang='grc' dir='ltr'>καὶ</span> <span class='ocrx_word' id='word_1_65' title='bbox 1279 913 1610 983; x_wconf 80' lang='grc' dir='ltr'>ἱερουργίας,</span> <span class='ocrx_word' id='word_1_66' title='bbox 1637 913 1712 976; x_wconf 82' lang='grc' dir='ltr'>ὡς</span> <span class='ocrx_word' id='word_1_67' title='bbox 1731 913 2017 985; x_wconf 83' lang='grc' dir='ltr'>ἀλλοτρίας</span> 
     </span>
    </p>
   </div>
   <div class='ocr_carea' id='block_1_11' title="bbox 434 1003 2017 1076">
    <p class='ocr_par' dir='ltr' id='par_1_11' title="bbox 434 1003 2017 1076">
     <span class='ocr_line' id='line_1_11' title="bbox 434 1003 2017 1076; baseline 0 -17"><span class='ocrx_word' id='word_1_68' title='bbox 434 1006 602 1070; x_wconf 80' lang='grc' dir='ltr'>οὔσας</span> <span class='ocrx_word' id='word_1_69' title='bbox 631 1005 791 1068; x_wconf 84' lang='grc' dir='ltr'>Θεοῦ,</span> <span class='ocrx_word' id='word_1_70' title='bbox 819 1005 912 1058; x_wconf 73' lang='grc' dir='ltr'>καὶ</span> <span class='ocrx_word' id='word_1_71' title='bbox 945 1005 1083 1075; x_wconf 84' lang='grc' dir='ltr'>μήτε</span> <span class='ocrx_word' id='word_1_72' title='bbox 1113 1003 1248 1068; x_wconf 79' lang='grc' dir='ltr'>ὅλως</span> <span class='ocrx_word' id='word_1_73' title='bbox 1271 1003 1388 1073; x_wconf 86' lang='grc' dir='ltr'><strong>Θεῷ</strong></span> <span class='ocrx_word' id='word_1_74' title='bbox 1417 1006 1482 1056; x_wconf 84' lang='grc' dir='ltr'><strong>ὲκ</strong></span> <span class='ocrx_word' id='word_1_75' title='bbox 1511 1003 1617 1056; x_wconf 83' lang='grc' dir='ltr'>τῶν</span> <span class='ocrx_word' id='word_1_76' title='bbox 1649 1005 1898 1076; x_wconf 75' lang='grc' dir='ltr'>πατέριον</span> <span class='ocrx_word' id='word_1_77' title='bbox 1923 1007 2017 1059; x_wconf 78' lang='grc' dir='ltr'><strong>καὶ</strong></span> 
     </span>
    </p>
   </div>
   <div class='ocr_carea' id='block_1_12' title="bbox 436 1095 2016 1166">
    <p class='ocr_par' dir='ltr' id='par_1_12' title="bbox 436 1095 2016 1166">
     <span class='ocr_line' id='line_1_12' title="bbox 436 1095 2016 1166; baseline 0.001 -17"><span class='ocrx_word' id='word_1_78' title='bbox 436 1097 531 1150; x_wconf 86' lang='grc' dir='ltr'><strong>τοῦ</strong></span> <span class='ocrx_word' id='word_1_79' title='bbox 560 1097 727 1166; x_wconf 83' lang='grc' dir='ltr'>νόμου</span> <span class='ocrx_word' id='word_1_80' title='bbox 765 1096 896 1149; x_wconf 83' lang='grc' dir='ltr'>ποτὲ</span> <span class='ocrx_word' id='word_1_81' title='bbox 926 1095 1402 1166; x_wconf 81' lang='grc' dir='ltr'>προσενεχθείσας·</span> <span class='ocrx_word' id='word_1_82' title='bbox 1447 1096 1540 1148; x_wconf 75' lang='grc' dir='ltr'><strong>καὶ</strong></span> <span class='ocrx_word' id='word_1_83' title='bbox 1576 1095 1726 1164; x_wconf 84' lang='grc' dir='ltr'><strong>λέγει</strong></span> <span class='ocrx_word' id='word_1_84' title='bbox 1757 1097 1874 1149; x_wconf 80' lang='grc' dir='ltr'>ἐκεῖ</span> <span class='ocrx_word' id='word_1_85' title='bbox 1908 1097 2016 1151; x_wconf 82' lang='grc' dir='ltr'>δεῖν</span> 
     </span>
    </p>
   </div>
   <div class='ocr_carea' id='block_1_13' title="bbox 437 1183 2017 1260">
    <p class='ocr_par' dir='ltr' id='par_1_13' title="bbox 437 1183 2017 1260">
     <span class='ocr_line' id='line_1_13' title="bbox 437 1183 2017 1260; baseline -0.001 -17"><span class='ocrx_word' id='word_1_86' title='bbox 437 1189 694 1260; x_wconf 74' lang='grc' dir='ltr'>εὔχεσθαι</span> <span class='ocrx_word' id='word_1_87' title='bbox 727 1191 809 1252; x_wconf 84' lang='grc' dir='ltr'>εἰς</span> <span class='ocrx_word' id='word_1_88' title='bbox 848 1188 1228 1259; x_wconf 82' lang='grc' dir='ltr'>Ἰερουσαλὴμ,</span> <span class='ocrx_word' id='word_1_89' title='bbox 1269 1188 1399 1240; x_wconf 85' lang='grc' dir='ltr'>ὃπου</span> <span class='ocrx_word' id='word_1_90' title='bbox 1440 1183 1509 1258; x_wconf 79' lang='grc' dir='ltr'>ἦν</span> <span class='ocrx_word' id='word_1_91' title='bbox 1541 1187 1602 1241; x_wconf 85' lang='grc' dir='ltr'><strong>τὸ</strong></span> <span class='ocrx_word' id='word_1_92' title='bbox 1635 1188 2017 1260; x_wconf 83' lang='grc' dir='ltr'>θυσιαστήριον</span> 
     </span>
    </p>
   </div>
   <div class='ocr_carea' id='block_1_14' title="bbox 437 1277 2018 1349">
    <p class='ocr_par' dir='ltr' id='par_1_14' title="bbox 437 1277 2018 1349">
     <span class='ocr_line' id='line_1_14' title="bbox 437 1277 2018 1349; baseline 0 -17"><span class='ocrx_word' id='word_1_93' title='bbox 437 1281 532 1332; x_wconf 75' lang='grc' dir='ltr'><strong>καὶ</strong></span> <span class='ocrx_word' id='word_1_94' title='bbox 571 1281 629 1331; x_wconf 73' lang='lat' dir='ltr'><strong>at</strong></span> <span class='ocrx_word' id='word_1_95' title='bbox 675 1278 882 1344; x_wconf 82' lang='grc' dir='ltr'>θυσίαι,</span> <span class='ocrx_word' id='word_1_96' title='bbox 918 1277 1252 1348; x_wconf 83' lang='grc' dir='ltr'>ἀρνούμενος</span> <span class='ocrx_word' id='word_1_97' title='bbox 1283 1278 1382 1348; x_wconf 82' lang='grc' dir='ltr'>τὴν</span> <span class='ocrx_word' id='word_1_98' title='bbox 1413 1278 1565 1349; x_wconf 85' lang='grc' dir='ltr'><strong>παρά</strong></span> <span class='ocrx_word' id='word_1_99' title='bbox 1591 1282 1702 1343; x_wconf 85' lang='grc' dir='ltr'>τοῖς</span> <span class='ocrx_word' id='word_1_100' title='bbox 1745 1280 2018 1343; x_wconf 83' lang='grc' dir='ltr'>Ἰουδαίοις</span> 
     </span>
    </p>
   </div>
   <div class='ocr_carea' id='block_1_15' title="bbox 439 1367 2017 1442">
    <p class='ocr_par' dir='ltr' id='par_1_15' title="bbox 439 1367 2017 1442">
     <span class='ocr_line' id='line_1_15' title="bbox 439 1367 2017 1442; baseline 0 -18"><span class='ocrx_word' id='word_1_101' title='bbox 439 1370 840 1442; x_wconf 77' lang='grc' dir='ltr'>σαρκοφαγίαν,</span> <span class='ocrx_word' id='word_1_102' title='bbox 877 1369 970 1422; x_wconf 75' lang='grc' dir='ltr'><strong>καὶ</strong></span> <span class='ocrx_word' id='word_1_103' title='bbox 1000 1367 1254 1432; x_wconf 72' lang='grc' dir='ltr'>τάἀλλα,</span> <span class='ocrx_word' id='word_1_104' title='bbox 1288 1369 1469 1422; x_wconf 77' lang='grc' dir='ltr'>καὶτὸ</span> <span class='ocrx_word' id='word_1_105' title='bbox 1513 1370 1912 1442; x_wconf 83' lang='grc' dir='ltr'>θυσιαστήριον,</span> <span class='ocrx_word' id='word_1_106' title='bbox 1956 1372 2017 1425; x_wconf 88' lang='grc' dir='ltr'><strong>τό</strong></span> 
     </span>
    </p>
   </div>
   <div class='ocr_carea' id='block_1_16' title="bbox 433 1459 2013 1534">
    <p class='ocr_par' dir='ltr' id='par_1_16' title="bbox 433 1459 2013 1534">
     <span class='ocr_line' id='line_1_16' title="bbox 433 1459 2013 1534; baseline 0 -20"><span class='ocrx_word' id='word_1_107' title='bbox 433 1481 498 1514; x_wconf 83' lang='grc' dir='ltr'><strong>τε</strong></span> <span class='ocrx_word' id='word_1_108' title='bbox 525 1463 636 1534; x_wconf 86' lang='grc' dir='ltr'><strong>πῦρ</strong></span> <span class='ocrx_word' id='word_1_109' title='bbox 663 1462 794 1514; x_wconf 73' lang='grc' dir='ltr'>ὡσεὶ</span> <span class='ocrx_word' id='word_1_110' title='bbox 817 1460 953 1514; x_wconf 88' lang='grc' dir='ltr'>Θεοῦ</span> <span class='ocrx_word' id='word_1_111' title='bbox 979 1460 1281 1531; x_wconf 87' lang='grc' dir='ltr'>ἀλλότριον.</span> <span class='ocrx_word' id='word_1_112' title='bbox 1312 1460 1385 1512; x_wconf 89' lang='grc' dir='ltr'>Τὸ</span> <span class='ocrx_word' id='word_1_113' title='bbox 1407 1461 1464 1514; x_wconf 76' lang='grc' dir='ltr'>δὲ</span> <span class='ocrx_word' id='word_1_114' title='bbox 1487 1459 1631 1532; x_wconf 77' lang='grc' dir='ltr'>ὕδωρ</span> <span class='ocrx_word' id='word_1_115' title='bbox 1663 1459 1802 1515; x_wconf 79' lang='grc' dir='ltr'>εἶναι</span> <span class='ocrx_word' id='word_1_116' title='bbox 1824 1461 2013 1526; x_wconf 80' lang='grc' dir='ltr'>δεξιόν·</span> 
     </span>
    </p>
   </div>
   <div class='ocr_carea' id='block_1_17' title="bbox 439 1548 2020 1626">
    <p class='ocr_par' dir='ltr' id='par_1_17' title="bbox 439 1548 2020 1626">
     <span class='ocr_line' id='line_1_17' title="bbox 439 1548 2020 1626; baseline 0 -20"><span class='ocrx_word' id='word_1_117' title='bbox 439 1554 551 1626; x_wconf 80' lang='grc' dir='ltr'><strong>πῦρ</strong></span> <span class='ocrx_word' id='word_1_118' title='bbox 585 1553 644 1606; x_wconf 83' lang='grc' dir='ltr'>δὲ</span> <span class='ocrx_word' id='word_1_119' title='bbox 678 1552 963 1624; x_wconf 88' lang='grc' dir='ltr'>ἀλλότριον</span> <span class='ocrx_word' id='word_1_120' title='bbox 993 1548 1132 1606; x_wconf 78' lang='grc' dir='ltr'>εἶναι</span> <span class='ocrx_word' id='word_1_121' title='bbox 1164 1551 1388 1620; x_wconf 74' lang='grc' dir='ltr'>φάσκων</span> <span class='ocrx_word' id='word_1_122' title='bbox 1421 1550 1510 1604; x_wconf 84' lang='grc' dir='ltr'>διὰ</span> <span class='ocrx_word' id='word_1_123' title='bbox 1549 1551 1755 1606; x_wconf 85' lang='grc' dir='ltr'>τούτων</span> <span class='ocrx_word' id='word_1_124' title='bbox 1789 1553 1894 1607; x_wconf 82' lang='grc' dir='ltr'><strong>τῶν</strong></span> <span class='ocrx_word' id='word_1_125' title='bbox 1934 1553 2020 1606; x_wconf 89' lang='grc' dir='ltr'>λέ-</span> 
     </span>
    </p>
   </div>
   <div class='ocr_carea' id='block_1_18' title="bbox 437 1637 2014 1713">
    <p class='ocr_par' dir='ltr' id='par_1_18' title="bbox 437 1637 2014 1713">
     <span class='ocr_line' id='line_1_18' title="bbox 437 1637 2014 1713; baseline 0.001 -21"><span class='ocrx_word' id='word_1_126' title='bbox 437 1641 596 1705; x_wconf 82' lang='grc' dir='ltr'>ξεων·</span> <span class='ocrx_word' id='word_1_127' title='bbox 629 1641 826 1701; x_wconf 83' lang='grc' dir='ltr'>Τέκνα,</span> <span class='ocrx_word' id='word_1_128' title='bbox 853 1639 1152 1710; x_wconf 83' lang='grc' dir='ltr'>πορεύεσθε</span> <span class='ocrx_word' id='word_1_129' title='bbox 1188 1641 1262 1713; x_wconf 83' lang='grc' dir='ltr'>μὴ</span> <span class='ocrx_word' id='word_1_130' title='bbox 1290 1640 1426 1712; x_wconf 78' lang='grc' dir='ltr'>πρὸς</span> <span class='ocrx_word' id='word_1_131' title='bbox 1454 1641 1516 1693; x_wconf 83' lang='grc' dir='ltr'>τὸ</span> <span class='ocrx_word' id='word_1_132' title='bbox 1537 1637 1674 1704; x_wconf 80' lang='grc' dir='ltr'>εἶδος</span> <span class='ocrx_word' id='word_1_133' title='bbox 1704 1642 1798 1694; x_wconf 87' lang='grc' dir='ltr'><strong>τοῦ</strong></span> <span class='ocrx_word' id='word_1_134' title='bbox 1824 1642 2014 1712; x_wconf 80' lang='grc' dir='ltr'>πυρὸς,</span> 
     </span>
    </p>
   </div>
   <div class='ocr_carea' id='block_1_19' title="bbox 437 1730 2016 1802">
    <p class='ocr_par' dir='ltr' id='par_1_19' title="bbox 437 1730 2016 1802">
     <span class='ocr_line' id='line_1_19' title="bbox 437 1730 2016 1802; baseline -0.001 -17"><span class='ocrx_word' id='word_1_135' title='bbox 437 1733 521 1785; x_wconf 79' lang='grc' dir='ltr'><strong>ὅτι</strong></span> <span class='ocrx_word' id='word_1_136' title='bbox 571 1730 867 1785; x_wconf 79' lang='grc' dir='ltr'>πλανᾶσθε·</span> <span class='ocrx_word' id='word_1_137' title='bbox 914 1731 1088 1802; x_wconf 89' lang='grc' dir='ltr'>πλάνη</span> <span class='ocrx_word' id='word_1_138' title='bbox 1135 1731 1245 1802; x_wconf 88' lang='grc' dir='ltr'><strong>γάρ</strong></span> <span class='ocrx_word' id='word_1_139' title='bbox 1290 1732 1404 1783; x_wconf 78' lang='grc' dir='ltr'>ἐστι</span> <span class='ocrx_word' id='word_1_140' title='bbox 1447 1731 1508 1784; x_wconf 85' lang='grc' dir='ltr'><strong>τὸ</strong></span> <span class='ocrx_word' id='word_1_141' title='bbox 1553 1731 1810 1785; x_wconf 89' lang='grc' dir='ltr'>τοιοῦτον.</span> <span class='ocrx_word' id='word_1_142' title='bbox 1855 1732 2016 1802; x_wconf 84' lang='grc' dir='ltr'><strong>Ὁρᾷς</strong></span> 
     </span>
    </p>
   </div>
   <div class='ocr_carea' id='block_1_20' title="bbox 2116 547 3690 619">
    <p class='ocr_par' dir='ltr' id='par_1_20' title="bbox 2116 547 3690 619">
     <span class='ocr_line' id='line_1_20' title="bbox 2116 547 3690 619; baseline 0.002 -18"><span class='ocrx_word' id='word_1_143' title='bbox 2116 547 2542 619; x_wconf 77' lang='lat' dir='ltr'><strong>Hierosolymam</strong></span> <span class='ocrx_word' id='word_1_144' title='bbox 2567 550 2884 618; x_wconf 89' lang='lat' dir='ltr'><strong>respiciunt,</strong></span> <span class='ocrx_word' id='word_1_145' title='bbox 2914 550 2968 602; x_wconf 89' lang='lat' dir='ltr'><strong>in</strong></span> <span class='ocrx_word' id='word_1_146' title='bbox 2994 565 3112 603; x_wconf 91' lang='lat' dir='ltr'><strong>eam</strong></span> <span class='ocrx_word' id='word_1_147' title='bbox 3141 550 3207 604; x_wconf 89' lang='lat' dir='ltr'><strong>ad</strong></span> <span class='ocrx_word' id='word_1_148' title='bbox 3225 565 3478 605; x_wconf 87' lang='lat' dir='ltr'><strong>occasum</strong></span> <span class='ocrx_word' id='word_1_149' title='bbox 3499 549 3690 604; x_wconf 80' lang='lat' dir='ltr'><strong>faciem</strong></span> 
     </span>
    </p>
   </div>
   <div class='ocr_carea' id='block_1_21' title="bbox 2116 640 3693 710">
    <p class='ocr_par' dir='ltr' id='par_1_21' title="bbox 2116 640 3693 710">
     <span class='ocr_line' id='line_1_21' title="bbox 2116 640 3693 710; baseline 0 -16"><span class='ocrx_word' id='word_1_150' title='bbox 2116 642 2400 694; x_wconf 76' lang='lat' dir='ltr'><strong>obvertam</strong></span> <span class='ocrx_word' id='word_1_151' title='bbox 2425 657 2438 704; x_wconf 91' lang='lat'><strong>;</strong></span> <span class='ocrx_word' id='word_1_152' title='bbox 2462 640 2552 710; x_wconf 86' lang='lat' dir='ltr'><strong>qui</strong></span> <span class='ocrx_word' id='word_1_153' title='bbox 2581 657 2708 695; x_wconf 84' lang='lat' dir='ltr'><strong>vero</strong></span> <span class='ocrx_word' id='word_1_154' title='bbox 2741 642 2807 695; x_wconf 90' lang='lat' dir='ltr'><strong>ad</strong></span> <span class='ocrx_word' id='word_1_155' title='bbox 2831 640 3167 696; x_wconf 87' lang='lat' dir='ltr'><strong>occidentem</strong></span> <span class='ocrx_word' id='word_1_156' title='bbox 3194 641 3280 696; x_wconf 84' lang='lat' dir='ltr'><strong>siti</strong></span> <span class='ocrx_word' id='word_1_157' title='bbox 3313 650 3464 706; x_wconf 88' lang='lat' dir='ltr'><strong>sunt,</strong></span> <span class='ocrx_word' id='word_1_158' title='bbox 3499 641 3693 695; x_wconf 80' lang='lat' dir='ltr'><strong>eodem</strong></span> 
     </span>
    </p>
   </div>
   <div class='ocr_carea' id='block_1_22' title="bbox 2117 727 3694 802">
    <p class='ocr_par' dir='ltr' id='par_1_22' title="bbox 2117 727 3694 802">
     <span class='ocr_line' id='line_1_22' title="bbox 2117 727 3694 802; baseline 0.003 -19"><span class='ocrx_word' id='word_1_159' title='bbox 2117 732 2181 786; x_wconf 88' lang='lat' dir='ltr'><strong>ad</strong></span> <span class='ocrx_word' id='word_1_160' title='bbox 2213 733 2478 787; x_wconf 87' lang='lat' dir='ltr'><strong>orientem</strong></span> <span class='ocrx_word' id='word_1_161' title='bbox 2514 741 2760 802; x_wconf 83' lang='lat' dir='ltr'><strong>vergant,</strong></span> <span class='ocrx_word' id='word_1_162' title='bbox 2806 733 2885 788; x_wconf 91' lang='lat' dir='ltr'><strong>sic</strong></span> <span class='ocrx_word' id='word_1_163' title='bbox 2918 734 3082 787; x_wconf 89' lang='lat' dir='ltr'><strong>etiam</strong></span> <span class='ocrx_word' id='word_1_164' title='bbox 3122 727 3529 802; x_wconf 80' lang='lat' dir='ltr'><strong>septentriones</strong></span> <span class='ocrx_word' id='word_1_165' title='bbox 3558 749 3694 788; x_wconf 91' lang='lat' dir='ltr'><strong>con-</strong></span> 
     </span>
    </p>
   </div>
   <div class='ocr_carea' id='block_1_23' title="bbox 2118 824 3694 895">
    <p class='ocr_par' dir='ltr' id='par_1_23' title="bbox 2118 824 3694 895">
     <span class='ocr_line' id='line_1_23' title="bbox 2118 824 3694 895; baseline 0.001 -19"><span class='ocrx_word' id='word_1_166' title='bbox 2118 830 2372 879; x_wconf 86' lang='lat' dir='ltr'><strong>tueantur</strong></span> <span class='ocrx_word' id='word_1_167' title='bbox 2397 824 2490 894; x_wconf 89' lang='lat' dir='ltr'><strong>qui</strong></span> <span class='ocrx_word' id='word_1_168' title='bbox 2521 825 2588 879; x_wconf 90' lang='lat' dir='ltr'><strong>ad</strong></span> <span class='ocrx_word' id='word_1_169' title='bbox 2619 833 2865 879; x_wconf 88' lang='lat' dir='ltr'><strong>austrum</strong></span> <span class='ocrx_word' id='word_1_170' title='bbox 2889 825 3160 893; x_wconf 85' lang='lat' dir='ltr'><strong>objacent,</strong></span> <span class='ocrx_word' id='word_1_171' title='bbox 3179 834 3425 879; x_wconf 86' lang='lat' dir='ltr'><strong>austrum</strong></span> <span class='ocrx_word' id='word_1_172' title='bbox 3449 840 3578 880; x_wconf 90' lang='lat' dir='ltr'><strong>vero</strong></span> <span class='ocrx_word' id='word_1_173' title='bbox 3598 825 3694 895; x_wconf 84' lang='lat' dir='ltr'><strong>qui</strong></span> 
     </span>
    </p>
   </div>
   <div class='ocr_carea' id='block_1_24' title="bbox 2118 915 3690 986">
    <p class='ocr_par' dir='ltr' id='par_1_24' title="bbox 2118 915 3690 986">
     <span class='ocr_line' id='line_1_24' title="bbox 2118 915 3690 986; baseline 0.001 -19"><span class='ocrx_word' id='word_1_174' title='bbox 2118 930 2281 982; x_wconf 87' lang='lat' dir='ltr'><strong>supra</strong></span> <span class='ocrx_word' id='word_1_175' title='bbox 2336 915 2482 969; x_wconf 86' lang='lat' dir='ltr'><strong>illam</strong></span> <span class='ocrx_word' id='word_1_176' title='bbox 2535 916 3000 985; x_wconf 87' lang='lat' dir='ltr'><strong>septentrionibus</strong></span> <span class='ocrx_word' id='word_1_177' title='bbox 3050 925 3176 970; x_wconf 91' lang='lat' dir='ltr'><strong>sunt</strong></span> <span class='ocrx_word' id='word_1_178' title='bbox 3225 916 3690 986; x_wconf 85' lang='lat' dir='ltr'><strong>propinquiores:</strong></span> 
     </span>
    </p>
   </div>
   <div class='ocr_carea' id='block_1_25' title="bbox 2117 1006 3697 1077">
    <p class='ocr_par' dir='ltr' id='par_1_25' title="bbox 2117 1006 3697 1077">
     <span class='ocr_line' id='line_1_25' title="bbox 2117 1006 3697 1077; baseline 0.003 -19"><span class='ocrx_word' id='word_1_179' title='bbox 2117 1021 2225 1075; x_wconf 91' lang='lat' dir='ltr'><strong>quo</strong></span> <span class='ocrx_word' id='word_1_180' title='bbox 2253 1007 2488 1077; x_wconf 89' lang='lat' dir='ltr'><strong>undique</strong></span> <span class='ocrx_word' id='word_1_181' title='bbox 2523 1006 3074 1077; x_wconf 84' lang='lat' dir='ltr'><strong>llierosolymitanam</strong></span> <span class='ocrx_word' id='word_1_182' title='bbox 3100 1008 3154 1062; x_wconf 93' lang='lat' dir='ltr'><strong>in</strong></span> <span class='ocrx_word' id='word_1_183' title='bbox 3184 1009 3375 1062; x_wconf 87' lang='lat' dir='ltr'><strong>urbem</strong></span> <span class='ocrx_word' id='word_1_184' title='bbox 3411 1007 3697 1063; x_wconf 82' lang='lat' dir='ltr'><strong>universo-</strong></span> 
     </span>
    </p>
   </div>
   <div class='ocr_carea' id='block_1_26' title="bbox 2116 1096 3695 1166">
    <p class='ocr_par' dir='ltr' id='par_1_26' title="bbox 2116 1096 3695 1166">
     <span class='ocr_line' id='line_1_26' title="bbox 2116 1096 3695 1166; baseline 0.003 -17"><span class='ocrx_word' id='word_1_185' title='bbox 2116 1112 2238 1150; x_wconf 91' lang='lat' dir='ltr'><strong>rum</strong></span> <span class='ocrx_word' id='word_1_186' title='bbox 2277 1112 2373 1152; x_wconf 90' lang='lat' dir='ltr'><strong>ora</strong></span> <span class='ocrx_word' id='word_1_187' title='bbox 2425 1098 2672 1166; x_wconf 88' lang='lat' dir='ltr'><strong>conjecta</strong></span> <span class='ocrx_word' id='word_1_188' title='bbox 2703 1098 2834 1152; x_wconf 89' lang='lat' dir='ltr'><strong>sint.</strong></span> <span class='ocrx_word' id='word_1_189' title='bbox 2883 1096 2988 1153; x_wconf 89' lang='lat' dir='ltr'><strong>Sed</strong></span> <span class='ocrx_word' id='word_1_190' title='bbox 3017 1099 3363 1155; x_wconf 90' lang='lat' dir='ltr'><strong>circulatoris</strong></span> <span class='ocrx_word' id='word_1_191' title='bbox 3403 1100 3695 1154; x_wconf 88' lang='lat' dir='ltr'><strong>amentiam</strong></span> 
     </span>
    </p>
   </div>
   <div class='ocr_carea' id='block_1_27' title="bbox 2118 1188 3696 1261">
    <p class='ocr_par' dir='ltr' id='par_1_27' title="bbox 2118 1188 3696 1261">
     <span class='ocr_line' id='line_1_27' title="bbox 2118 1188 3696 1261; baseline 0.002 -20"><span class='ocrx_word' id='word_1_192' title='bbox 2118 1189 2354 1244; x_wconf 88' lang='lat' dir='ltr'><strong>attende.</strong></span> <span class='ocrx_word' id='word_1_193' title='bbox 2392 1188 2609 1244; x_wconf 89' lang='lat' dir='ltr'><strong>Etenim</strong></span> <span class='ocrx_word' id='word_1_194' title='bbox 2651 1189 2920 1245; x_wconf 86' lang='lat' dir='ltr'><strong>sacriﬁcia</strong></span> <span class='ocrx_word' id='word_1_195' title='bbox 2957 1192 3174 1261; x_wconf 88' lang='lat' dir='ltr'><strong>penitus</strong></span> <span class='ocrx_word' id='word_1_196' title='bbox 3204 1192 3554 1254; x_wconf 83' lang='lat' dir='ltr'><strong>condemnat,</strong></span> <span class='ocrx_word' id='word_1_197' title='bbox 3586 1197 3640 1244; x_wconf 90' lang='lat' dir='ltr'><strong>et</strong></span> <span class='ocrx_word' id='word_1_198' title='bbox 3665 1205 3696 1244; x_wconf 87' lang='lat' dir='ltr'><strong>a</strong></span> 
     </span>
    </p>
   </div>
   <div class='ocr_carea' id='block_1_28' title="bbox 2117 1277 3698 1351">
    <p class='ocr_par' dir='ltr' id='par_1_28' title="bbox 2117 1277 3698 1351">
     <span class='ocr_line' id='line_1_28' title="bbox 2117 1277 3698 1351; baseline 0.001 -21"><span class='ocrx_word' id='word_1_199' title='bbox 2117 1277 2229 1334; x_wconf 91' lang='lat' dir='ltr'><strong>Deo</strong></span> <span class='ocrx_word' id='word_1_200' title='bbox 2257 1281 2434 1334; x_wconf 87' lang='lat' dir='ltr'><strong>aliena</strong></span> <span class='ocrx_word' id='word_1_201' title='bbox 2450 1295 2572 1336; x_wconf 88' lang='lat' dir='ltr'><strong>esse</strong></span> <span class='ocrx_word' id='word_1_202' title='bbox 2597 1281 2939 1351; x_wconf 87' lang='lat' dir='ltr'><strong>pronuntiat,</strong></span> <span class='ocrx_word' id='word_1_203' title='bbox 2969 1281 3130 1336; x_wconf 89' lang='lat' dir='ltr'><strong>simul</strong></span> <span class='ocrx_word' id='word_1_204' title='bbox 3160 1288 3318 1351; x_wconf 79' lang='lat' dir='ltr'><strong>negat</strong></span> <span class='ocrx_word' id='word_1_205' title='bbox 3343 1281 3432 1334; x_wconf 89' lang='lat' dir='ltr'><strong>illa</strong></span> <span class='ocrx_word' id='word_1_206' title='bbox 3458 1294 3698 1350; x_wconf 84' lang='lat' dir='ltr'><strong>unquam</strong></span> 
     </span>
    </p>
   </div>
   <div class='ocr_carea' id='block_1_29' title="bbox 2117 1368 3700 1441">
    <p class='ocr_par' dir='ltr' id='par_1_29' title="bbox 2117 1368 3700 1441">
     <span class='ocr_line' id='line_1_29' title="bbox 2117 1368 3700 1441; baseline 0.002 -20"><span class='ocrx_word' id='word_1_207' title='bbox 2117 1368 2226 1424; x_wconf 90' lang='lat' dir='ltr'><strong>Deo</strong></span> <span class='ocrx_word' id='word_1_208' title='bbox 2261 1371 2316 1424; x_wconf 90' lang='lat' dir='ltr'><strong>in</strong></span> <span class='ocrx_word' id='word_1_209' title='bbox 2345 1371 2461 1440; x_wconf 84' lang='lat' dir='ltr'><strong>lege</strong></span> <span class='ocrx_word' id='word_1_210' title='bbox 2489 1371 2572 1426; x_wconf 92' lang='lat' dir='ltr'><strong>vel</strong></span> <span class='ocrx_word' id='word_1_211' title='bbox 2607 1373 2854 1441; x_wconf 90' lang='lat' dir='ltr'><strong>patribus</strong></span> <span class='ocrx_word' id='word_1_212' title='bbox 2887 1373 3088 1427; x_wconf 91' lang='lat' dir='ltr'><strong>oblata.</strong></span> <span class='ocrx_word' id='word_1_213' title='bbox 3135 1372 3200 1426; x_wconf 90' lang='lat' dir='ltr'><strong>Et</strong></span> <span class='ocrx_word' id='word_1_214' title='bbox 3229 1381 3412 1426; x_wconf 90' lang='lat' dir='ltr'><strong>tamen</strong></span> <span class='ocrx_word' id='word_1_215' title='bbox 3445 1372 3700 1426; x_wconf 86' lang='lat' dir='ltr'><strong>Hieroso-</strong></span> 
     </span>
    </p>
   </div>
   <div class='ocr_carea' id='block_1_30' title="bbox 2117 1462 3701 1534">
    <p class='ocr_par' dir='ltr' id='par_1_30' title="bbox 2117 1462 3701 1534">
     <span class='ocr_line' id='line_1_30' title="bbox 2117 1462 3701 1534; baseline 0.001 -19"><span class='ocrx_word' id='word_1_216' title='bbox 2117 1463 2313 1532; x_wconf 86' lang='lat' dir='ltr'><strong>lymam</strong></span> <span class='ocrx_word' id='word_1_217' title='bbox 2345 1471 2564 1518; x_wconf 89' lang='lat' dir='ltr'><strong>orantes</strong></span> <span class='ocrx_word' id='word_1_218' title='bbox 2600 1464 2800 1518; x_wconf 90' lang='lat' dir='ltr'><strong>intueri</strong></span> <span class='ocrx_word' id='word_1_219' title='bbox 2827 1464 3091 1534; x_wconf 66' lang='lat' dir='ltr'><strong>praicipit,</strong></span> <span class='ocrx_word' id='word_1_220' title='bbox 3118 1465 3212 1519; x_wconf 89' lang='lat' dir='ltr'><strong>ttbi</strong></span> <span class='ocrx_word' id='word_1_221' title='bbox 3242 1472 3296 1518; x_wconf 90' lang='lat' dir='ltr'><strong>et</strong></span> <span class='ocrx_word' id='word_1_222' title='bbox 3323 1462 3492 1518; x_wconf 87' lang='lat' dir='ltr'><strong>altare</strong></span> <span class='ocrx_word' id='word_1_223' title='bbox 3523 1478 3701 1533; x_wconf 85' lang='lat' dir='ltr'><strong>quon-</strong></span> 
     </span>
    </p>
   </div>
   <div class='ocr_carea' id='block_1_31' title="bbox 2117 1537 3698 1624">
    <p class='ocr_par' dir='ltr' id='par_1_31' title="bbox 2117 1537 3698 1624">
     <span class='ocr_line' id='line_1_31' title="bbox 2117 1537 3698 1624; baseline 0.001 -18"><span class='ocrx_word' id='word_1_224' title='bbox 2117 1552 2239 1606; x_wconf 91' lang='lat' dir='ltr'><strong>dam</strong></span> <span class='ocrx_word' id='word_1_225' title='bbox 2277 1559 2330 1607; x_wconf 91' lang='lat' dir='ltr'><strong>et</strong></span> <span class='ocrx_word' id='word_1_226' title='bbox 2370 1553 2641 1608; x_wconf 80' lang='lat' dir='ltr'><strong>sacriﬁcia</strong></span> <span class='ocrx_word' id='word_1_227' title='bbox 2690 1553 2946 1618; x_wconf 87' lang='lat' dir='ltr'><strong>fuerunt,</strong></span> <span class='ocrx_word' id='word_1_228' title='bbox 2975 1570 3099 1609; x_wconf 92' lang='lat' dir='ltr'><strong>cum</strong></span> <span class='ocrx_word' id='word_1_229' title='bbox 3141 1555 3340 1624; x_wconf 80' lang='lat' dir='ltr'><strong>alioqui</strong></span> <span class='ocrx_word' id='word_1_230' title='bbox 3377 1562 3430 1608; x_wconf 91' lang='lat' dir='ltr'><strong>et</strong></span> <span class='ocrx_word' id='word_1_231' title='bbox 3480 1537 3698 1608; x_wconf 63' lang='lat' dir='ltr'><strong>Iudaeos</strong></span> 
     </span>
    </p>
   </div>
   <div class='ocr_carea' id='block_1_32' title="bbox 2117 1642 3698 1713">
    <p class='ocr_par' dir='ltr' id='par_1_32' title="bbox 2117 1642 3698 1713">
     <span class='ocr_line' id='line_1_32' title="bbox 2117 1642 3698 1713; baseline 0 -18"><span class='ocrx_word' id='word_1_232' title='bbox 2117 1642 2409 1712; x_wconf 85' lang='lat' dir='ltr'><strong>improbet,</strong></span> <span class='ocrx_word' id='word_1_233' title='bbox 2441 1645 2533 1713; x_wconf 89' lang='lat' dir='ltr'><strong>qui</strong></span> <span class='ocrx_word' id='word_1_234' title='bbox 2563 1645 2824 1700; x_wconf 88' lang='lat' dir='ltr'><strong>carnibus</strong></span> <span class='ocrx_word' id='word_1_235' title='bbox 2848 1655 3224 1709; x_wconf 86' lang='lat' dir='ltr'><strong>vescerentur,</strong></span> <span class='ocrx_word' id='word_1_236' title='bbox 3262 1659 3361 1699; x_wconf 90' lang='lat' dir='ltr'><strong>nec</strong></span> <span class='ocrx_word' id='word_1_237' title='bbox 3393 1659 3503 1698; x_wconf 90' lang='lat' dir='ltr'><strong>non</strong></span> <span class='ocrx_word' id='word_1_238' title='bbox 3533 1651 3588 1698; x_wconf 90' lang='lat' dir='ltr'><strong>et</strong></span> <span class='ocrx_word' id='word_1_239' title='bbox 3617 1644 3698 1696; x_wconf 85' lang='lat' dir='ltr'><strong>al-</strong></span> 
     </span>
    </p>
   </div>
   <div class='ocr_carea' id='block_1_33' title="bbox 2118 1733 3700 1804">
    <p class='ocr_par' dir='ltr' id='par_1_33' title="bbox 2118 1733 3700 1804">
     <span class='ocr_line' id='line_1_33' title="bbox 2118 1733 3700 1804; baseline 0.001 -21"><span class='ocrx_word' id='word_1_240' title='bbox 2118 1737 2234 1786; x_wconf 90' lang='lat' dir='ltr'><strong>tare</strong></span> <span class='ocrx_word' id='word_1_241' title='bbox 2285 1733 2461 1803; x_wconf 79' lang='lat' dir='ltr'><strong>ipsum</strong></span> <span class='ocrx_word' id='word_1_242' title='bbox 2486 1775 2502 1800; x_wconf 94' lang='lat'><strong>,</strong></span> <span class='ocrx_word' id='word_1_243' title='bbox 2545 1742 2598 1787; x_wconf 91' lang='lat' dir='ltr'><strong>et</strong></span> <span class='ocrx_word' id='word_1_244' title='bbox 2627 1734 2806 1802; x_wconf 72' lang='lat' dir='ltr'><strong>ignem</strong></span> <span class='ocrx_word' id='word_1_245' title='bbox 2857 1736 3014 1804; x_wconf 89' lang='lat' dir='ltr'><strong>quasi</strong></span> <span class='ocrx_word' id='word_1_246' title='bbox 3067 1751 3096 1788; x_wconf 91' lang='lat' dir='ltr'><strong>a</strong></span> <span class='ocrx_word' id='word_1_247' title='bbox 3133 1734 3241 1789; x_wconf 91' lang='lat' dir='ltr'><strong>Deo</strong></span> <span class='ocrx_word' id='word_1_248' title='bbox 3274 1735 3544 1799; x_wconf 89' lang='lat' dir='ltr'><strong>alienum;</strong></span> <span class='ocrx_word' id='word_1_249' title='bbox 3574 1746 3700 1786; x_wconf 88' lang='lat' dir='ltr'><strong>nam</strong></span> 
     </span>
    </p>
   </div>
   <div class='ocr_carea' id='block_1_34' title="bbox 439 1822 2021 1894">
    <p class='ocr_par' dir='ltr' id='par_1_34' title="bbox 439 1822 2014 1894">
     <span class='ocr_line' id='line_1_34' title="bbox 439 1822 2014 1894; baseline -0.001 -19"><span class='ocrx_word' id='word_1_250' title='bbox 439 1823 568 1894; x_wconf 75' lang='grc' dir='ltr'>γὰρ,</span> <span class='ocrx_word' id='word_1_251' title='bbox 593 1825 780 1892; x_wconf 70' lang='grc' dir='ltr'>φησιν,</span> <span class='ocrx_word' id='word_1_252' title='bbox 804 1823 936 1876; x_wconf 82' lang='grc' dir='ltr'>αὐτὸ</span> <span class='ocrx_word' id='word_1_253' title='bbox 960 1823 1268 1891; x_wconf 79' lang='grc' dir='ltr'>ἐγγυτάτω,</span> <span class='ocrx_word' id='word_1_254' title='bbox 1295 1823 1386 1876; x_wconf 71' lang='grc' dir='ltr'><strong>καὶ</strong></span> <span class='ocrx_word' id='word_1_255' title='bbox 1414 1822 1560 1875; x_wconf 74' lang='grc' dir='ltr'>ἔστιν</span> <span class='ocrx_word' id='word_1_256' title='bbox 1584 1823 1691 1875; x_wconf 84' lang='grc' dir='ltr'><strong>ἀπὸ</strong></span> <span class='ocrx_word' id='word_1_257' title='bbox 1716 1822 2014 1893; x_wconf 76' lang='grc' dir='ltr'>πόῤῥωθεν.</span> 
     </span>
    </p>
   </div>
   <div class='ocr_carea' id='block_1_35' title="bbox 2120 1822 3700 1894">
    <p class='ocr_par' dir='ltr' id='par_1_35' title="bbox 2120 1825 3700 1894">
     <span class='ocr_line' id='line_1_35' title="bbox 2120 1825 3700 1894; baseline 0.001 -19"><span class='ocrx_word' id='word_1_258' title='bbox 2120 1838 2313 1892; x_wconf 91' lang='lat' dir='ltr'><strong>aquam</strong></span> <span class='ocrx_word' id='word_1_259' title='bbox 2345 1825 2484 1879; x_wconf 91' lang='lat' dir='ltr'><strong>idem</strong></span> <span class='ocrx_word' id='word_1_260' title='bbox 2527 1827 2722 1881; x_wconf 90' lang='lat' dir='ltr'><strong>scitam</strong></span> <span class='ocrx_word' id='word_1_261' title='bbox 2756 1841 2820 1880; x_wconf 89' lang='lat' dir='ltr'><strong>ac</strong></span> <span class='ocrx_word' id='word_1_262' title='bbox 2865 1827 3065 1882; x_wconf 77' lang='lat' dir='ltr'><strong>bon-am</strong></span> <span class='ocrx_word' id='word_1_263' title='bbox 3104 1841 3226 1881; x_wconf 89' lang='lat' dir='ltr'><strong>esse</strong></span> <span class='ocrx_word' id='word_1_264' title='bbox 3269 1825 3494 1892; x_wconf 84' lang='lat' dir='ltr'><strong>deﬁnit;</strong></span> <span class='ocrx_word' id='word_1_265' title='bbox 3524 1825 3700 1894; x_wconf 80' lang='lat' dir='ltr'><strong>ignem</strong></span> 
     </span>
    </p>
   </div>
   <div class='ocr_carea' id='block_1_36' title="bbox 439 1906 2020 1994">
    <p class='ocr_par' dir='ltr' id='par_1_36' title="bbox 439 1906 2020 1984">
     <span class='ocr_line' id='line_1_36' title="bbox 439 1906 2020 1984; baseline -0.001 -20"><span class='ocrx_word' id='word_1_266' title='bbox 439 1912 531 1981; x_wconf 82' lang='grc' dir='ltr'><strong>Μὴ</strong></span> <span class='ocrx_word' id='word_1_267' title='bbox 575 1911 874 1984; x_wconf 83' lang='grc' dir='ltr'>πορεύεσθε</span> <span class='ocrx_word' id='word_1_268' title='bbox 918 1912 1054 1982; x_wconf 70' lang='grc' dir='ltr'>πρὸς</span> <span class='ocrx_word' id='word_1_269' title='bbox 1100 1910 1161 1963; x_wconf 83' lang='grc' dir='ltr'><strong>τὸ</strong></span> <span class='ocrx_word' id='word_1_270' title='bbox 1194 1906 1332 1973; x_wconf 81' lang='grc' dir='ltr'>εἶδος</span> <span class='ocrx_word' id='word_1_271' title='bbox 1381 1910 1568 1964; x_wconf 82' lang='grc' dir='ltr'>αὑτοῦ·</span> <span class='ocrx_word' id='word_1_272' title='bbox 1619 1909 1917 1982; x_wconf 83' lang='grc' dir='ltr'>πορεύεσθε</span> <span class='ocrx_word' id='word_1_273' title='bbox 1963 1909 2020 1963; x_wconf 81' lang='grc' dir='ltr'>δὲ</span> 
     </span>
    </p>
   </div>
   <div class='ocr_carea' id='block_1_37' title="bbox 443 2001 2017 2076">
    <p class='ocr_par' dir='ltr' id='par_1_37' title="bbox 443 2001 2017 2076">
     <span class='ocr_line' id='line_1_37' title="bbox 443 2001 2017 2076; baseline -0.003 -18"><span class='ocrx_word' id='word_1_274' title='bbox 443 2005 644 2076; x_wconf 78' lang='grc' dir='ltr'>μᾶλλον</span> <span class='ocrx_word' id='word_1_275' title='bbox 674 2005 766 2057; x_wconf 78' lang='grc' dir='ltr'>ἐπὶ</span> <span class='ocrx_word' id='word_1_276' title='bbox 798 2005 897 2075; x_wconf 81' lang='grc' dir='ltr'><strong>τὴν</strong></span> <span class='ocrx_word' id='word_1_277' title='bbox 941 2003 1124 2075; x_wconf 68' lang='grc' dir='ltr'>φωνὴν</span> <span class='ocrx_word' id='word_1_278' title='bbox 1163 2003 1258 2056; x_wconf 87' lang='grc' dir='ltr'><strong>τοῦ</strong></span> <span class='ocrx_word' id='word_1_279' title='bbox 1301 2001 1511 2066; x_wconf 81' lang='grc' dir='ltr'>ὓδατος.</span> <span class='ocrx_word' id='word_1_280' title='bbox 1558 2002 1670 2056; x_wconf 76' lang='grc' dir='ltr'>Καὶ</span> <span class='ocrx_word' id='word_1_281' title='bbox 1700 2001 1871 2056; x_wconf 87' lang='grc' dir='ltr'>πολλά</span> <span class='ocrx_word' id='word_1_282' title='bbox 1901 2003 2017 2055; x_wconf 78' lang='grc' dir='ltr'>ἐστι</span> 
     </span>
    </p>
   </div>
   <div class='ocr_carea' id='block_1_38' title="bbox 442 2093 1752 2165">
    <p class='ocr_par' dir='ltr' id='par_1_38' title="bbox 442 2093 1752 2165">
     <span class='ocr_line' id='line_1_38' title="bbox 442 2093 1752 2165; baseline -0.002 -16"><span class='ocrx_word' id='word_1_283' title='bbox 442 2095 510 2158; x_wconf 74' lang='grc' dir='ltr'>-τά</span> <span class='ocrx_word' id='word_1_284' title='bbox 542 2095 707 2148; x_wconf 76' lang='grc' dir='ltr'>αὐτοῦ</span> <span class='ocrx_word' id='word_1_285' title='bbox 746 2093 1190 2165; x_wconf 84' lang='grc' dir='ltr'>μυθολογήματα.</span> <span class='ocrx_word' id='word_1_286' title='bbox 1744 2105 1752 2108; x_wconf 86' lang='grc'><strong><em>“</em></strong></span> 
     </span>
    </p>
   </div>
   <div class='ocr_carea' id='block_1_39' title="bbox 2121 1912 3699 1987">
    <p class='ocr_par' dir='ltr' id='par_1_39' title="bbox 2121 1912 3699 1987">
     <span class='ocr_line' id='line_1_39' title="bbox 2121 1912 3699 1987; baseline -0.001 -20"><span class='ocrx_word' id='word_1_287' title='bbox 2121 1931 2252 1970; x_wconf 89' lang='lat' dir='ltr'><strong>vero</strong></span> <span class='ocrx_word' id='word_1_288' title='bbox 2297 1916 2534 1972; x_wconf 91' lang='lat' dir='ltr'><strong>alienum</strong></span> <span class='ocrx_word' id='word_1_289' title='bbox 2569 1917 2849 1987; x_wconf 85' lang='lat' dir='ltr'><strong>quiddam,</strong></span> <span class='ocrx_word' id='word_1_290' title='bbox 2886 1919 2973 1973; x_wconf 89' lang='lat' dir='ltr'><strong>bis</strong></span> <span class='ocrx_word' id='word_1_291' title='bbox 3003 1917 3218 1972; x_wconf 83' lang='lat' dir='ltr'><strong>verbis;</strong></span> <span class='ocrx_word' id='word_1_292' title='bbox 3255 1915 3402 1983; x_wconf 90' lang='lat' dir='ltr'><strong>Filii,</strong></span> <span class='ocrx_word' id='word_1_293' title='bbox 3441 1914 3607 1969; x_wconf 89' lang='lat' dir='ltr'><strong>nolite</strong></span> <span class='ocrx_word' id='word_1_294' title='bbox 3631 1912 3699 1967; x_wconf 88' lang='lat' dir='ltr'><strong>ad</strong></span> 
     </span>
    </p>
   </div>
   <div class='ocr_carea' id='block_1_40' title="bbox 2119 2007 3700 2078">
    <p class='ocr_par' dir='ltr' id='par_1_40' title="bbox 2119 2007 3700 2078">
     <span class='ocr_line' id='line_1_40' title="bbox 2119 2007 3700 2078; baseline -0.001 -17"><span class='ocrx_word' id='word_1_295' title='bbox 2119 2008 2262 2077; x_wconf 83' lang='lat' dir='ltr'><strong>ignis</strong></span> <span class='ocrx_word' id='word_1_296' title='bbox 2294 2010 2528 2078; x_wconf 87' lang='lat' dir='ltr'><strong>speciem</strong></span> <span class='ocrx_word' id='word_1_297' title='bbox 2553 2009 2835 2072; x_wconf 88' lang='lat' dir='ltr'><strong>accedere,</strong></span> <span class='ocrx_word' id='word_1_298' title='bbox 2853 2009 3051 2065; x_wconf 88' lang='lat' dir='ltr'><strong>erratis</strong></span> <span class='ocrx_word' id='word_1_299' title='bbox 3081 2010 3247 2074; x_wconf 91' lang='lat' dir='ltr'><strong>enim,</strong></span> <span class='ocrx_word' id='word_1_300' title='bbox 3275 2016 3330 2063; x_wconf 90' lang='lat' dir='ltr'><strong>et</strong></span> <span class='ocrx_word' id='word_1_301' title='bbox 3348 2007 3492 2064; x_wconf 90' lang='lat' dir='ltr'><strong>istud</strong></span> <span class='ocrx_word' id='word_1_302' title='bbox 3523 2008 3700 2078; x_wconf 83' lang='lat' dir='ltr'><strong>ipsum</strong></span> 
     </span>
    </p>
   </div>
   <div class='ocr_carea' id='block_1_41' title="bbox 2120 2076 3698 2169">
    <p class='ocr_par' dir='ltr' id='par_1_41' title="bbox 2120 2076 3698 2169">
     <span class='ocr_line' id='line_1_41' title="bbox 2120 2076 3698 2169; baseline 0 -19"><span class='ocrx_word' id='word_1_303' title='bbox 2120 2111 2276 2152; x_wconf 92' lang='lat' dir='ltr'><strong>error</strong></span> <span class='ocrx_word' id='word_1_304' title='bbox 2328 2105 2433 2153; x_wconf 90' lang='lat' dir='ltr'><strong>est.</strong></span> <span class='ocrx_word' id='word_1_305' title='bbox 2474 2096 2609 2151; x_wconf 85' lang='lat' dir='ltr'><strong>Nam</strong></span> <span class='ocrx_word' id='word_1_306' title='bbox 2644 2115 2770 2153; x_wconf 93' lang='lat' dir='ltr'><strong>cum</strong></span> <span class='ocrx_word' id='word_1_307' title='bbox 2806 2099 2958 2152; x_wconf 89' lang='lat' dir='ltr'><strong>illum</strong></span> <span class='ocrx_word' id='word_1_308' title='bbox 3013 2099 3070 2153; x_wconf 91' lang='lat' dir='ltr'><strong>in</strong></span> <span class='ocrx_word' id='word_1_309' title='bbox 3123 2098 3434 2169; x_wconf 88' lang='lat' dir='ltr'><strong>propinquo</strong></span> <span class='ocrx_word' id='word_1_310' title='bbox 3489 2076 3698 2158; x_wconf 78' lang='lat' dir='ltr'><strong>videas,</strong></span> 
     </span>
    </p>
   </div>
   <div class='ocr_carea' id='block_1_42' title="bbox 440 2175 3741 2262">
    <p class='ocr_par' dir='ltr' id='par_1_42' title="bbox 440 2175 3741 2262">
     <span class='ocr_line' id='line_1_42' title="bbox 440 2175 3741 2262; baseline 0 -21"><span class='ocrx_word' id='word_1_311' title='bbox 440 2189 598 2244; x_wconf 87' lang='lat' dir='ltr'><strong>abest</strong></span> <span class='ocrx_word' id='word_1_312' title='bbox 621 2197 802 2242; x_wconf 89' lang='lat' dir='ltr'><strong>tamen</strong></span> <span class='ocrx_word' id='word_1_313' title='bbox 831 2187 1065 2259; x_wconf 79' lang='lat' dir='ltr'><strong>longius.</strong></span> <span class='ocrx_word' id='word_1_314' title='bbox 1095 2186 1293 2240; x_wconf 86' lang='lat' dir='ltr'><strong>Cavete</strong></span> <span class='ocrx_word' id='word_1_315' title='bbox 1325 2185 1491 2256; x_wconf 77' lang='lat' dir='ltr'><strong>igitur</strong></span> <span class='ocrx_word' id='word_1_316' title='bbox 1524 2185 1592 2239; x_wconf 88' lang='lat' dir='ltr'><strong>ad</strong></span> <span class='ocrx_word' id='word_1_317' title='bbox 1619 2183 1741 2253; x_wconf 86' lang='lat' dir='ltr'><strong>ejus</strong></span> <span class='ocrx_word' id='word_1_318' title='bbox 1771 2186 2009 2256; x_wconf 88' lang='lat' dir='ltr'><strong>speciem</strong></span> <span class='ocrx_word' id='word_1_319' title='bbox 2047 2191 2400 2246; x_wconf 87' lang='lat' dir='ltr'><strong>accesseritis</strong></span> <span class='ocrx_word' id='word_1_320' title='bbox 2433 2209 2446 2243; x_wconf 91' lang='lat'><strong>:</strong></span> <span class='ocrx_word' id='word_1_321' title='bbox 2481 2190 2614 2261; x_wconf 89' lang='lat' dir='ltr'><strong>quin</strong></span> <span class='ocrx_word' id='word_1_322' title='bbox 2648 2192 2832 2260; x_wconf 91' lang='lat' dir='ltr'><strong>potius</strong></span> <span class='ocrx_word' id='word_1_323' title='bbox 2860 2191 2927 2245; x_wconf 89' lang='lat' dir='ltr'><strong>ad</strong></span> <span class='ocrx_word' id='word_1_324' title='bbox 2995 2205 3148 2262; x_wconf 68' lang='lat' dir='ltr'><strong>aqua:</strong></span> <span class='ocrx_word' id='word_1_325' title='bbox 3208 2206 3396 2246; x_wconf 87' lang='lat' dir='ltr'><strong>vocem</strong></span> <span class='ocrx_word' id='word_1_326' title='bbox 3435 2175 3699 2245; x_wconf 84' lang='lat' dir='ltr'><strong>accedite.</strong></span> <span class='ocrx_word' id='word_1_327' title='bbox 3735 2182 3741 2191; x_wconf 83' lang='grc'><strong><em>“</em></strong></span> 
     </span>
    </p>
   </div>
   <div class='ocr_carea' id='block_1_43' title="bbox 442 2277 1636 2350">
    <p class='ocr_par' dir='ltr' id='par_1_43' title="bbox 442 2277 1636 2350">
     <span class='ocr_line' id='line_1_43' title="bbox 442 2277 1636 2350; baseline -0.005 -14"><span class='ocrx_word' id='word_1_328' title='bbox 442 2280 724 2350; x_wconf 78' lang='lat' dir='ltr'><strong>Ejusmodi</strong></span> <span class='ocrx_word' id='word_1_329' title='bbox 749 2281 1019 2350; x_wconf 58' lang='lat' dir='ltr'><strong>pleraque</strong></span> <span class='ocrx_word' id='word_1_330' title='bbox 1050 2287 1180 2333; x_wconf 90' lang='lat' dir='ltr'><strong>sunt</strong></span> <span class='ocrx_word' id='word_1_331' title='bbox 1218 2279 1367 2334; x_wconf 92' lang='lat' dir='ltr'><strong>illius</strong></span> <span class='ocrx_word' id='word_1_332' title='bbox 1399 2277 1636 2346; x_wconf 66' lang='lat' dir='ltr'><strong>ineptiae.</strong></span> 
     </span>
    </p>
   </div>
   <div class='ocr_carea' id='block_1_44' title="bbox 512 2362 2019 2442">
    <p class='ocr_par' dir='ltr' id='par_1_44' title="bbox 512 2362 2019 2442">
     <span class='ocr_line' id='line_1_44' title="bbox 512 2362 2019 2442; baseline -0.003 -18"><span class='ocrx_word' id='word_1_333' title='bbox 512 2374 587 2425; x_wconf 86' lang='lat' dir='ltr'><strong>A&#39;.</strong></span> <span class='ocrx_word' id='word_1_334' title='bbox 621 2367 754 2424; x_wconf 81' lang='grc' dir='ltr'>Εἶτα</span> <span class='ocrx_word' id='word_1_335' title='bbox 787 2372 843 2424; x_wconf 78' lang='grc' dir='ltr'>δὲ</span> <span class='ocrx_word' id='word_1_336' title='bbox 875 2372 1165 2442; x_wconf 72' lang='grc' dir='ltr'>διαγράφει</span> <span class='ocrx_word' id='word_1_337' title='bbox 1191 2371 1425 2438; x_wconf 78' lang='grc' dir='ltr'>Χριστὸν</span> <span class='ocrx_word' id='word_1_338' title='bbox 1451 2370 1573 2422; x_wconf 82' lang='grc' dir='ltr'>τινὰ</span> <span class='ocrx_word' id='word_1_339' title='bbox 1601 2362 1742 2422; x_wconf 81' lang='grc' dir='ltr'>εἶναι</span> <span class='ocrx_word' id='word_1_340' title='bbox 1770 2367 2019 2438; x_wconf 84' lang='grc' dir='ltr'>δύναμιν,</span> 
     </span>
    </p>
   </div>
   <div class='ocr_carea' id='block_1_45' title="bbox 437 2459 2020 2536">
    <p class='ocr_par' dir='ltr' id='par_1_45' title="bbox 437 2459 2020 2536">
     <span class='ocr_line' id='line_1_45' title="bbox 437 2459 2020 2536; baseline -0.006 -16"><span class='ocrx_word' id='word_1_341' title='bbox 437 2459 504 2521; x_wconf 75' lang='grc' dir='ltr'>οὗ</span> <span class='ocrx_word' id='word_1_342' title='bbox 533 2466 626 2518; x_wconf 82' lang='grc' dir='ltr'><strong>καὶ</strong></span> <span class='ocrx_word' id='word_1_343' title='bbox 653 2465 724 2517; x_wconf 77' lang='grc' dir='ltr'>τὰ</span> <span class='ocrx_word' id='word_1_344' title='bbox 764 2464 938 2536; x_wconf 80' lang='grc' dir='ltr'>μέτρα</span> <span class='ocrx_word' id='word_1_345' title='bbox 963 2463 1238 2534; x_wconf 79' lang='grc' dir='ltr'>σημαίνειο</span> <span class='ocrx_word' id='word_1_346' title='bbox 1270 2461 1726 2532; x_wconf 77' lang='grc' dir='ltr'>εἰκοσιτεσσάρων</span> <span class='ocrx_word' id='word_1_347' title='bbox 1754 2461 1850 2528; x_wconf 80' lang='grc' dir='ltr'><strong>μὲν</strong></span> <span class='ocrx_word' id='word_1_348' title='bbox 1873 2477 2020 2530; x_wconf 86' lang='grc' dir='ltr'>σχοι-</span> 
     </span>
    </p>
   </div>
   <div class='ocr_carea' id='block_1_46' title="bbox 443 2537 2024 2626">
    <p class='ocr_par' dir='ltr' id='par_1_46' title="bbox 443 2537 2024 2626">
     <span class='ocr_line' id='line_1_46' title="bbox 443 2537 2024 2626; baseline -0.004 -16"><span class='ocrx_word' id='word_1_349' title='bbox 443 2556 572 2612; x_wconf 90' lang='grc' dir='ltr'>νίων</span> <span class='ocrx_word' id='word_1_350' title='bbox 600 2556 713 2626; x_wconf 70' lang='lat'><strong>(‘30)</strong></span> <span class='ocrx_word' id='word_1_351' title='bbox 740 2556 800 2608; x_wconf 85' lang='grc' dir='ltr'><strong>τὸ</strong></span> <span class='ocrx_word' id='word_1_352' title='bbox 837 2557 1031 2626; x_wconf 83' lang='grc' dir='ltr'>μῆκος,</span> <span class='ocrx_word' id='word_1_353' title='bbox 1066 2537 1142 2619; x_wconf 75' lang='grc' dir='ltr'><strong>ὡς</strong></span> <span class='ocrx_word' id='word_1_354' title='bbox 1180 2555 1371 2624; x_wconf 81' lang='grc' dir='ltr'>μιλίων</span> <span class='ocrx_word' id='word_1_355' title='bbox 1405 2551 1841 2622; x_wconf 77' lang='grc' dir='ltr'>ὲννενηκονταὲξ.</span> <span class='ocrx_word' id='word_1_356' title='bbox 1880 2552 1940 2604; x_wconf 83' lang='grc' dir='ltr'><strong>τὸ</strong></span> <span class='ocrx_word' id='word_1_357' title='bbox 1969 2553 2024 2604; x_wconf 78' lang='grc' dir='ltr'>δὲ</span> 
     </span>
    </p>
   </div>
   <div class='ocr_carea' id='block_1_47' title="bbox 446 2641 2025 2716">
    <p class='ocr_par' dir='ltr' id='par_1_47' title="bbox 446 2641 2025 2716">
     <span class='ocr_line' id='line_1_47' title="bbox 446 2641 2025 2716; baseline -0.004 -16"><span class='ocrx_word' id='word_1_358' title='bbox 446 2648 646 2710; x_wconf 84' lang='grc' dir='ltr'>πλάτος</span> <span class='ocrx_word' id='word_1_359' title='bbox 676 2645 924 2716; x_wconf 74' lang='grc' dir='ltr'>σχοινίων</span> <span class='ocrx_word' id='word_1_360' title='bbox 953 2645 1032 2709; x_wconf 82' lang='grc' dir='ltr'>ἓξ,</span> <span class='ocrx_word' id='word_1_361' title='bbox 1086 2645 1278 2716; x_wconf 85' lang='grc' dir='ltr'>μιλίων</span> <span class='ocrx_word' id='word_1_362' title='bbox 1325 2645 1799 2716; x_wconf 80' lang='grc' dir='ltr'>εἰκοσιτεσσάρων·</span> <span class='ocrx_word' id='word_1_363' title='bbox 1836 2642 1930 2695; x_wconf 75' lang='grc' dir='ltr'><strong>καὶ</strong></span> <span class='ocrx_word' id='word_1_364' title='bbox 1964 2641 2025 2693; x_wconf 84' lang='grc' dir='ltr'>τὸ</span> 
     </span>
    </p>
   </div>
   <div class='ocr_carea' id='block_1_48' title="bbox 447 2733 2021 2810">
    <p class='ocr_par' dir='ltr' id='par_1_48' title="bbox 447 2733 2021 2810">
     <span class='ocr_line' id='line_1_48' title="bbox 447 2733 2021 2810; baseline -0.005 -16"><span class='ocrx_word' id='word_1_365' title='bbox 447 2741 617 2810; x_wconf 82' lang='grc' dir='ltr'>πάχος</span> <span class='ocrx_word' id='word_1_366' title='bbox 643 2738 842 2808; x_wconf 86' lang='grc' dir='ltr'>ὁμοίως</span> <span class='ocrx_word' id='word_1_367' title='bbox 873 2738 1318 2807; x_wconf 86' lang='grc' dir='ltr'>τερατευόμενος,</span> <span class='ocrx_word' id='word_1_368' title='bbox 1354 2737 1449 2790; x_wconf 75' lang='grc' dir='ltr'><strong>καὶ</strong></span> <span class='ocrx_word' id='word_1_369' title='bbox 1477 2737 1601 2797; x_wconf 82' lang='grc' dir='ltr'>τοὺς</span> <span class='ocrx_word' id='word_1_370' title='bbox 1624 2734 1808 2797; x_wconf 87' lang='grc' dir='ltr'>πόδας,</span> <span class='ocrx_word' id='word_1_371' title='bbox 1840 2734 1932 2785; x_wconf 75' lang='grc' dir='ltr'><strong>καὶ</strong></span> <span class='ocrx_word' id='word_1_372' title='bbox 1954 2733 2021 2786; x_wconf 72' lang='grc' dir='ltr'>τὰ</span> 
     </span>
    </p>
   </div>
   <div class='ocr_carea' id='block_1_49' title="bbox 442 2822 2024 2899">
    <p class='ocr_par' dir='ltr' id='par_1_49' title="bbox 442 2822 2024 2899">
     <span class='ocr_line' id='line_1_49' title="bbox 442 2822 2024 2899; baseline -0.006 -14"><span class='ocrx_word' id='word_1_373' title='bbox 442 2831 584 2885; x_wconf 76' lang='grc' dir='ltr'>ἄλλα</span> <span class='ocrx_word' id='word_1_374' title='bbox 628 2827 1072 2899; x_wconf 80' lang='grc' dir='ltr'>μυθολογήματα.</span> <span class='ocrx_word' id='word_1_375' title='bbox 1110 2822 1264 2880; x_wconf 81' lang='grc' dir='ltr'>Εἶναι</span> <span class='ocrx_word' id='word_1_376' title='bbox 1297 2827 1354 2880; x_wconf 76' lang='grc' dir='ltr'>δὲ</span> <span class='ocrx_word' id='word_1_377' title='bbox 1390 2827 1483 2879; x_wconf 71' lang='grc' dir='ltr'><strong>καὶ</strong></span> <span class='ocrx_word' id='word_1_378' title='bbox 1517 2826 1577 2878; x_wconf 73' lang='grc' dir='ltr'>τὸ</span> <span class='ocrx_word' id='word_1_379' title='bbox 1610 2824 1762 2892; x_wconf 83' lang='grc' dir='ltr'>ἆγιον</span> <span class='ocrx_word' id='word_1_380' title='bbox 1797 2823 2024 2894; x_wconf 83' lang='grc' dir='ltr'>Πνεῦμα</span> 
     </span>
    </p>
   </div>
   <div class='ocr_carea' id='block_1_50' title="bbox 447 2917 2022 2992">
    <p class='ocr_par' dir='ltr' id='par_1_50' title="bbox 447 2917 2022 2992">
     <span class='ocr_line' id='line_1_50' title="bbox 447 2917 2022 2992; baseline -0.004 -17"><span class='ocrx_word' id='word_1_381' title='bbox 447 2923 542 2992; x_wconf 74' lang='grc' dir='ltr'>καὶ</span> <span class='ocrx_word' id='word_1_382' title='bbox 570 2921 699 2974; x_wconf 78' lang='grc' dir='ltr'>αὐτὸ</span> <span class='ocrx_word' id='word_1_383' title='bbox 720 2920 960 2991; x_wconf 86' lang='grc' dir='ltr'>θήλειαν,</span> <span class='ocrx_word' id='word_1_384' title='bbox 984 2921 1167 2990; x_wconf 85' lang='grc' dir='ltr'>ὅμοιον</span> <span class='ocrx_word' id='word_1_385' title='bbox 1187 2918 1266 2989; x_wconf 80' lang='grc' dir='ltr'><strong>τῷ</strong></span> <span class='ocrx_word' id='word_1_386' title='bbox 1285 2918 1505 2990; x_wconf 85' lang='grc' dir='ltr'>Χριστῷ</span> <span class='ocrx_word' id='word_1_387' title='bbox 1532 2917 1846 2987; x_wconf 86' lang='grc' dir='ltr'>ἀνδριάντος</span> <span class='ocrx_word' id='word_1_388' title='bbox 1869 2917 2022 2987; x_wconf 85' lang='grc' dir='ltr'>δίκην</span> 
     </span>
    </p>
   </div>
   <div class='ocr_carea' id='block_1_51' title="bbox 447 3011 2026 3090">
    <p class='ocr_par' dir='ltr' id='par_1_51' title="bbox 447 3011 2026 3090">
     <span class='ocr_line' id='line_1_51' title="bbox 447 3011 2026 3090; baseline -0.006 -17"><span class='ocrx_word' id='word_1_389' title='bbox 447 3022 588 3090; x_wconf 76' lang='grc' dir='ltr'>ὑπὲρ</span> <span class='ocrx_word' id='word_1_390' title='bbox 621 3019 874 3088; x_wconf 73' lang='grc' dir='ltr'>νεφέλην,</span> <span class='ocrx_word' id='word_1_391' title='bbox 909 3019 1003 3072; x_wconf 77' lang='grc' dir='ltr'><strong>καὶ</strong></span> <span class='ocrx_word' id='word_1_392' title='bbox 1041 3016 1316 3087; x_wconf 72' lang='grc' dir='ltr'>ἀναμέσων</span> <span class='ocrx_word' id='word_1_393' title='bbox 1355 3013 1446 3067; x_wconf 78' lang='grc' dir='ltr'>δύο</span> <span class='ocrx_word' id='word_1_394' title='bbox 1479 3013 1651 3084; x_wconf 84' lang='grc' dir='ltr'>ὀρέων</span> <span class='ocrx_word' id='word_1_395' title='bbox 1682 3011 1872 3075; x_wconf 79' lang='grc' dir='ltr'>ἑστώς.</span> <span class='ocrx_word' id='word_1_396' title='bbox 1919 3013 2026 3064; x_wconf 77' lang='grc' dir='ltr'><strong>Καὶ</strong></span> 
     </span>
    </p>
   </div>
   <div class='ocr_carea' id='block_1_52' title="bbox 447 3101 2025 3182">
    <p class='ocr_par' dir='ltr' id='par_1_52' title="bbox 447 3101 2025 3182">
     <span class='ocr_line' id='line_1_52' title="bbox 447 3101 2025 3182; baseline -0.008 -16"><span class='ocrx_word' id='word_1_397' title='bbox 447 3115 517 3168; x_wconf 76' lang='grc' dir='ltr'>τὰ</span> <span class='ocrx_word' id='word_1_398' title='bbox 538 3113 671 3168; x_wconf 78' lang='grc' dir='ltr'>ἄλλα</span> <span class='ocrx_word' id='word_1_399' title='bbox 698 3113 983 3182; x_wconf 84' lang='grc' dir='ltr'>σιωπήσω,</span> <span class='ocrx_word' id='word_1_400' title='bbox 1012 3111 1097 3163; x_wconf 83' lang='grc' dir='ltr'>ἵνα</span> <span class='ocrx_word' id='word_1_401' title='bbox 1124 3110 1198 3180; x_wconf 83' lang='grc' dir='ltr'>μὴ</span> <span class='ocrx_word' id='word_1_402' title='bbox 1222 3111 1299 3171; x_wconf 80' lang='grc' dir='ltr'>εἰς</span> <span class='ocrx_word' id='word_1_403' title='bbox 1323 3105 1648 3178; x_wconf 83' lang='grc' dir='ltr'>μυθολογίαν</span> <span class='ocrx_word' id='word_1_404' title='bbox 1671 3101 2025 3172; x_wconf 84' lang='grc' dir='ltr'>φαντασιάσω</span> 
     </span>
    </p>
   </div>
   <div class='ocr_carea' id='block_1_53' title="bbox 2196 2367 3699 2439">
    <p class='ocr_par' dir='ltr' id='par_1_53' title="bbox 2196 2367 3699 2439">
     <span class='ocr_line' id='line_1_53' title="bbox 2196 2367 3699 2439; baseline 0.003 -21"><span class='ocrx_word' id='word_1_405' title='bbox 2196 2367 2284 2421; x_wconf 85' lang='lat' dir='ltr'><strong>IV.</strong></span> <span class='ocrx_word' id='word_1_406' title='bbox 2321 2367 2523 2423; x_wconf 84' lang='lat' dir='ltr'><strong>Deinde</strong></span> <span class='ocrx_word' id='word_1_407' title='bbox 2548 2368 2824 2424; x_wconf 87' lang='lat' dir='ltr'><strong>Christum</strong></span> <span class='ocrx_word' id='word_1_408' title='bbox 2852 2369 3018 2424; x_wconf 89' lang='lat' dir='ltr'><strong>veluti</strong></span> <span class='ocrx_word' id='word_1_409' title='bbox 3049 2369 3156 2423; x_wconf 86' lang='lat' dir='ltr'><strong>vim</strong></span> <span class='ocrx_word' id='word_1_410' title='bbox 3183 2369 3472 2439; x_wconf 86' lang='lat' dir='ltr'><strong>quamdam</strong></span> <span class='ocrx_word' id='word_1_411' title='bbox 3497 2371 3699 2426; x_wconf 89' lang='lat' dir='ltr'><strong>descri-</strong></span> 
     </span>
    </p>
   </div>
   <div class='ocr_carea' id='block_1_54' title="bbox 2125 2459 3699 2531">
    <p class='ocr_par' dir='ltr' id='par_1_54' title="bbox 2125 2459 3699 2531">
     <span class='ocr_line' id='line_1_54' title="bbox 2125 2459 3699 2531; baseline 0.002 -17"><span class='ocrx_word' id='word_1_412' title='bbox 2125 2459 2227 2524; x_wconf 86' lang='lat' dir='ltr'><strong>bit,</strong></span> <span class='ocrx_word' id='word_1_413' title='bbox 2262 2461 2421 2528; x_wconf 84' lang='lat' dir='ltr'><strong>cujus</strong></span> <span class='ocrx_word' id='word_1_414' title='bbox 2444 2471 2498 2515; x_wconf 89' lang='lat' dir='ltr'><strong>et</strong></span> <span class='ocrx_word' id='word_1_415' title='bbox 2530 2475 2820 2515; x_wconf 88' lang='lat' dir='ltr'><strong>mensuras</strong></span> <span class='ocrx_word' id='word_1_416' title='bbox 2840 2461 3064 2530; x_wconf 81' lang='lat' dir='ltr'><strong>exponit</strong></span> <span class='ocrx_word' id='word_1_417' title='bbox 3099 2479 3112 2513; x_wconf 87' lang='lat'><strong>:</strong></span> <span class='ocrx_word' id='word_1_418' title='bbox 3141 2461 3499 2531; x_wconf 87' lang='lat' dir='ltr'><strong>longitudinis</strong></span> <span class='ocrx_word' id='word_1_419' title='bbox 3523 2462 3699 2518; x_wconf 68' lang='lat' dir='ltr'><strong>schm-</strong></span> 
     </span>
    </p>
   </div>
   <div class='ocr_carea' id='block_1_55' title="bbox 2128 2552 3706 2620">
    <p class='ocr_par' dir='ltr' id='par_1_55' title="bbox 2128 2552 3706 2620">
     <span class='ocr_line' id='line_1_55' title="bbox 2128 2552 3706 2620; baseline 0.003 -14"><span class='ocrx_word' id='word_1_420' title='bbox 2128 2567 2230 2607; x_wconf 89' lang='lat' dir='ltr'><strong>nos</strong></span> <span class='ocrx_word' id='word_1_421' title='bbox 2267 2569 2418 2613; x_wconf 70' lang='lat' dir='ltr'><strong>xxrv,</strong></span> <span class='ocrx_word' id='word_1_422' title='bbox 2457 2553 2560 2606; x_wconf 88' lang='lat' dir='ltr'><strong>hoc</strong></span> <span class='ocrx_word' id='word_1_423' title='bbox 2593 2561 2677 2608; x_wconf 91' lang='lat' dir='ltr'><strong>est</strong></span> <span class='ocrx_word' id='word_1_424' title='bbox 2707 2552 2960 2606; x_wconf 88' lang='lat' dir='ltr'><strong>milliaria</strong></span> <span class='ocrx_word' id='word_1_425' title='bbox 2995 2568 3115 2606; x_wconf 73' lang='lat' dir='ltr'><strong>xcv:</strong></span> <span class='ocrx_word' id='word_1_426' title='bbox 3142 2571 3157 2620; x_wconf 89' lang='lat'><strong>;</strong></span> <span class='ocrx_word' id='word_1_427' title='bbox 3190 2553 3495 2611; x_wconf 89' lang='lat' dir='ltr'><strong>latitudinis</strong></span> <span class='ocrx_word' id='word_1_428' title='bbox 3527 2555 3706 2610; x_wconf 79' lang='lat' dir='ltr'><strong>schm-</strong></span> 
     </span>
    </p>
   </div>
   <div class='ocr_carea' id='block_1_56' title="bbox 2128 2643 3705 2714">
    <p class='ocr_par' dir='ltr' id='par_1_56' title="bbox 2128 2643 3705 2714">
     <span class='ocr_line' id='line_1_56' title="bbox 2128 2643 3705 2714; baseline 0.002 -18"><span class='ocrx_word' id='word_1_429' title='bbox 2128 2658 2229 2696; x_wconf 89' lang='lat' dir='ltr'><strong>nos</strong></span> <span class='ocrx_word' id='word_1_430' title='bbox 2249 2659 2325 2708; x_wconf 81' lang='lat' dir='ltr'><strong>vr,</strong></span> <span class='ocrx_word' id='word_1_431' title='bbox 2359 2643 2608 2697; x_wconf 88' lang='lat' dir='ltr'><strong>milliaria</strong></span> <span class='ocrx_word' id='word_1_432' title='bbox 2636 2657 2784 2706; x_wconf 78' lang='lat' dir='ltr'><strong>xxtv,</strong></span> <span class='ocrx_word' id='word_1_433' title='bbox 2811 2659 2910 2697; x_wconf 91' lang='lat' dir='ltr'><strong>nec</strong></span> <span class='ocrx_word' id='word_1_434' title='bbox 2935 2645 3112 2699; x_wconf 90' lang='lat' dir='ltr'><strong>minus</strong></span> <span class='ocrx_word' id='word_1_435' title='bbox 3133 2652 3445 2714; x_wconf 91' lang='lat' dir='ltr'><strong>portentose</strong></span> <span class='ocrx_word' id='word_1_436' title='bbox 3467 2646 3534 2700; x_wconf 90' lang='lat' dir='ltr'><strong>de</strong></span> <span class='ocrx_word' id='word_1_437' title='bbox 3551 2662 3705 2701; x_wconf 87' lang='lat' dir='ltr'><strong>cras-</strong></span> 
     </span>
    </p>
   </div>
   <div class='ocr_carea' id='block_1_57' title="bbox 2135 2739 3706 2809">
    <p class='ocr_par' dir='ltr' id='par_1_57' title="bbox 2135 2739 3706 2809">
     <span class='ocr_line' id='line_1_57' title="bbox 2135 2739 3706 2809; baseline 0.002 -17"><span class='ocrx_word' id='word_1_438' title='bbox 2135 2739 2371 2792; x_wconf 88' lang='lat' dir='ltr'><strong>situdine</strong></span> <span class='ocrx_word' id='word_1_439' title='bbox 2401 2746 2654 2808; x_wconf 83' lang='lat' dir='ltr'><strong>nugatur,</strong></span> <span class='ocrx_word' id='word_1_440' title='bbox 2689 2739 2865 2809; x_wconf 90' lang='lat' dir='ltr'><strong>deque</strong></span> <span class='ocrx_word' id='word_1_441' title='bbox 2894 2739 3151 2809; x_wconf 88' lang='lat' dir='ltr'><strong>pedibus,</strong></span> <span class='ocrx_word' id='word_1_442' title='bbox 3193 2755 3256 2793; x_wconf 89' lang='lat' dir='ltr'><strong>ac</strong></span> <span class='ocrx_word' id='word_1_443' title='bbox 3286 2741 3498 2796; x_wconf 69' lang='lat' dir='ltr'><strong>caeteris</strong></span> <span class='ocrx_word' id='word_1_444' title='bbox 3529 2741 3706 2795; x_wconf 83' lang='lat' dir='ltr'><strong>omni-</strong></span> 
     </span>
    </p>
   </div>
   <div class='ocr_carea' id='block_1_58' title="bbox 2135 2827 3704 2899">
    <p class='ocr_par' dir='ltr' id='par_1_58' title="bbox 2135 2827 3704 2899">
     <span class='ocr_line' id='line_1_58' title="bbox 2135 2827 3704 2899; baseline 0.001 -16"><span class='ocrx_word' id='word_1_445' title='bbox 2135 2830 2237 2883; x_wconf 86' lang='lat' dir='ltr'><strong>bus</strong></span> <span class='ocrx_word' id='word_1_446' title='bbox 2268 2827 2505 2882; x_wconf 81' lang='lat' dir='ltr'><strong>fabulam</strong></span> <span class='ocrx_word' id='word_1_447' title='bbox 2553 2830 2803 2898; x_wconf 87' lang='lat' dir='ltr'><strong>pertexit.</strong></span> <span class='ocrx_word' id='word_1_448' title='bbox 2841 2829 2920 2883; x_wconf 80' lang='lat' dir='ltr'><strong>Ad</strong></span> <span class='ocrx_word' id='word_1_449' title='bbox 2973 2831 3086 2884; x_wconf 66' lang='lat' dir='ltr'><strong>haec</strong></span> <span class='ocrx_word' id='word_1_450' title='bbox 3147 2829 3406 2899; x_wconf 89' lang='lat' dir='ltr'><strong>Spiritum</strong></span> <span class='ocrx_word' id='word_1_451' title='bbox 3455 2839 3704 2885; x_wconf 89' lang='lat' dir='ltr'><strong>sanctum</strong></span> 
     </span>
    </p>
   </div>
   <div class='ocr_carea' id='block_1_59' title="bbox 2133 2918 3700 2984">
    <p class='ocr_par' dir='ltr' id='par_1_59' title="bbox 2133 2918 3700 2984">
     <span class='ocr_line' id='line_1_59' title="bbox 2133 2918 3700 2984; baseline 0.003 -10"><span class='ocrx_word' id='word_1_452' title='bbox 2133 2934 2254 2974; x_wconf 83' lang='lat' dir='ltr'><strong>esse</strong></span> <span class='ocrx_word' id='word_1_453' title='bbox 2277 2918 2634 2984; x_wconf 88' lang='lat' dir='ltr'><strong>demonstrat,</strong></span> <span class='ocrx_word' id='word_1_454' title='bbox 2664 2934 2795 2973; x_wconf 79' lang='lat' dir='ltr'><strong>sexu</strong></span> <span class='ocrx_word' id='word_1_455' title='bbox 2825 2918 3102 2984; x_wconf 81' lang='lat' dir='ltr'><strong>feminam,</strong></span> <span class='ocrx_word' id='word_1_456' title='bbox 3128 2935 3190 2973; x_wconf 89' lang='lat' dir='ltr'><strong>ac</strong></span> <span class='ocrx_word' id='word_1_457' title='bbox 3217 2918 3420 2974; x_wconf 89' lang='lat' dir='ltr'><strong>Christi</strong></span> <span class='ocrx_word' id='word_1_458' title='bbox 3445 2921 3700 2983; x_wconf 88' lang='lat' dir='ltr'><strong>similem,</strong></span> 
     </span>
    </p>
   </div>
   <div class='ocr_carea' id='block_1_60' title="bbox 2133 3009 3704 3082">
    <p class='ocr_par' dir='ltr' id='par_1_60' title="bbox 2133 3009 3704 3082">
     <span class='ocr_line' id='line_1_60' title="bbox 2133 3009 3704 3082; baseline 0.003 -20"><span class='ocrx_word' id='word_1_459' title='bbox 2133 3009 2306 3062; x_wconf 86' lang='lat' dir='ltr'><strong>instar</strong></span> <span class='ocrx_word' id='word_1_460' title='bbox 2332 3009 2611 3063; x_wconf 90' lang='lat' dir='ltr'><strong>simulacri</strong></span> <span class='ocrx_word' id='word_1_461' title='bbox 2643 3023 2809 3078; x_wconf 90' lang='lat' dir='ltr'><strong>supra</strong></span> <span class='ocrx_word' id='word_1_462' title='bbox 2860 3010 3061 3064; x_wconf 90' lang='lat' dir='ltr'><strong>nubem</strong></span> <span class='ocrx_word' id='word_1_463' title='bbox 3106 3019 3267 3082; x_wconf 91' lang='lat' dir='ltr'><strong>atque</strong></span> <span class='ocrx_word' id='word_1_464' title='bbox 3310 3010 3452 3064; x_wconf 89' lang='lat' dir='ltr'><strong>inter</strong></span> <span class='ocrx_word' id='word_1_465' title='bbox 3489 3019 3704 3066; x_wconf 89' lang='lat' dir='ltr'><strong>montes</strong></span> 
     </span>
    </p>
   </div>
   <div class='ocr_carea' id='block_1_61' title="bbox 2133 3082 3703 3171">
    <p class='ocr_par' dir='ltr' id='par_1_61' title="bbox 2133 3082 3703 3171">
     <span class='ocr_line' id='line_1_61' title="bbox 2133 3082 3703 3171; baseline 0.002 -18"><span class='ocrx_word' id='word_1_466' title='bbox 2133 3101 2272 3155; x_wconf 91' lang='lat' dir='ltr'><strong>duos</strong></span> <span class='ocrx_word' id='word_1_467' title='bbox 2300 3107 2554 3155; x_wconf 87' lang='lat' dir='ltr'><strong>stantem.</strong></span> <span class='ocrx_word' id='word_1_468' title='bbox 2595 3099 2749 3155; x_wconf 87' lang='lat' dir='ltr'><strong>Mitto</strong></span> <span class='ocrx_word' id='word_1_469' title='bbox 2779 3082 3009 3170; x_wconf 81' lang='lat' dir='ltr'><strong>reliqua,</strong></span> <span class='ocrx_word' id='word_1_470' title='bbox 3044 3116 3113 3156; x_wconf 91' lang='lat' dir='ltr'><strong>nc</strong></span> <span class='ocrx_word' id='word_1_471' title='bbox 3133 3116 3318 3156; x_wconf 88' lang='lat' dir='ltr'><strong>eorum</strong></span> <span class='ocrx_word' id='word_1_472' title='bbox 3353 3103 3442 3171; x_wconf 92' lang='lat' dir='ltr'><strong>qui</strong></span> <span class='ocrx_word' id='word_1_473' title='bbox 3472 3102 3584 3156; x_wconf 82' lang='lat' dir='ltr'><strong>haec</strong></span> <span class='ocrx_word' id='word_1_474' title='bbox 3616 3103 3703 3156; x_wconf 91' lang='lat' dir='ltr'><strong>in-</strong></span> 
     </span>
    </p>
   </div>
   <div class='ocr_carea' id='block_1_62' title="bbox 447 3193 2021 3278">
    <p class='ocr_par' dir='ltr' id='par_1_62' title="bbox 447 3195 2021 3278">
     <span class='ocr_line' id='line_1_62' title="bbox 447 3195 2021 3278; baseline -0.01 -19"><span class='ocrx_word' id='word_1_475' title='bbox 447 3207 549 3277; x_wconf 78' lang='grc' dir='ltr'>τὴν</span> <span class='ocrx_word' id='word_1_476' title='bbox 581 3205 750 3278; x_wconf 88' lang='grc' dir='ltr'>ἀκοὴν</span> <span class='ocrx_word' id='word_1_477' title='bbox 780 3204 888 3258; x_wconf 87' lang='grc' dir='ltr'><strong>τῶν</strong></span> <span class='ocrx_word' id='word_1_478' title='bbox 931 3201 1389 3272; x_wconf 76' lang='grc' dir='ltr'>ἐντυγχανόντων.</span> <span class='ocrx_word' id='word_1_479' title='bbox 1439 3197 1596 3251; x_wconf 70' lang='lat' dir='ltr'><strong>Ticrt.1</strong></span> <span class='ocrx_word' id='word_1_480' title='bbox 1624 3196 1681 3250; x_wconf 82' lang='grc' dir='ltr'>δὲ</span> <span class='ocrx_word' id='word_1_481' title='bbox 1724 3196 1901 3264; x_wconf 83' lang='grc' dir='ltr'>λόγοις</span> <span class='ocrx_word' id='word_1_482' title='bbox 1939 3195 2021 3247; x_wconf 65' lang='grc' dir='ltr'><strong>καλ</strong></span> 
     </span>
    </p>
   </div>
   <div class='ocr_carea' id='block_1_63' title="bbox 2120 3193 3706 3278">
    <p class='ocr_par' dir='ltr' id='par_1_63' title="bbox 2135 3193 3706 3265">
     <span class='ocr_line' id='line_1_63' title="bbox 2135 3193 3706 3265; baseline 0.003 -19"><span class='ocrx_word' id='word_1_483' title='bbox 2135 3193 2372 3264; x_wconf 80' lang='lat' dir='ltr'><strong>telligent</strong></span> <span class='ocrx_word' id='word_1_484' title='bbox 2401 3208 2562 3248; x_wconf 89' lang='lat' dir='ltr'><strong>aures</strong></span> <span class='ocrx_word' id='word_1_485' title='bbox 2597 3193 2833 3248; x_wconf 87' lang='lat' dir='ltr'><strong>anilibus</strong></span> <span class='ocrx_word' id='word_1_486' title='bbox 2863 3193 3132 3264; x_wconf 80' lang='lat' dir='ltr'><strong>ﬁgmentis</strong></span> <span class='ocrx_word' id='word_1_487' title='bbox 3168 3195 3435 3265; x_wconf 87' lang='lat' dir='ltr'><strong>oppleam.</strong></span> <span class='ocrx_word' id='word_1_488' title='bbox 3469 3194 3706 3262; x_wconf 85' lang='lat' dir='ltr'><strong>Quibus-</strong></span> 
     </span>
    </p>
   </div>
   <div class='ocr_carea' id='block_1_64' title="bbox 449 3287 2028 3366">
    <p class='ocr_par' dir='ltr' id='par_1_64' title="bbox 449 3287 2028 3366">
     <span class='ocr_line' id='line_1_64' title="bbox 449 3287 2028 3366; baseline -0.008 -16"><span class='ocrx_word' id='word_1_489' title='bbox 449 3296 808 3365; x_wconf 68' lang='grc' dir='ltr'>κενοφωνίαις</span> <span class='ocrx_word' id='word_1_490' title='bbox 838 3295 1064 3366; x_wconf 82' lang='grc' dir='ltr'>ὕστερον</span> <span class='ocrx_word' id='word_1_491' title='bbox 1089 3296 1146 3345; x_wconf 79' lang='grc' dir='ltr'>ὲν</span> <span class='ocrx_word' id='word_1_492' title='bbox 1175 3295 1242 3363; x_wconf 82' lang='grc' dir='ltr'>τῇ</span> <span class='ocrx_word' id='word_1_493' title='bbox 1279 3291 1444 3362; x_wconf 82' lang='grc' dir='ltr'>βίϐλῳ</span> <span class='ocrx_word' id='word_1_494' title='bbox 1472 3290 1658 3360; x_wconf 80' lang='grc' dir='ltr'>ἀπατᾷ</span> <span class='ocrx_word' id='word_1_495' title='bbox 1687 3287 1884 3355; x_wconf 82' lang='grc' dir='ltr'>λέγων’</span> <span class='ocrx_word' id='word_1_496' title='bbox 1906 3288 2028 3356; x_wconf 84' lang='grc' dir='ltr'><strong>Μη-</strong></span> 
     </span>
    </p>
   </div>
   <div class='ocr_carea' id='block_1_65' title="bbox 444 3379 2028 3461">
    <p class='ocr_par' dir='ltr' id='par_1_65' title="bbox 444 3379 2028 3461">
     <span class='ocr_line' id='line_1_65' title="bbox 444 3379 2028 3461; baseline -0.006 -19"><span class='ocrx_word' id='word_1_497' title='bbox 444 3389 559 3452; x_wconf 77' lang='grc' dir='ltr'>δεὶς</span> <span class='ocrx_word' id='word_1_498' title='bbox 589 3385 804 3461; x_wconf 75' lang='grc' dir='ltr'>ζητήσῃ</span> <span class='ocrx_word' id='word_1_499' title='bbox 822 3388 922 3458; x_wconf 83' lang='grc' dir='ltr'><strong>τὴν</strong></span> <span class='ocrx_word' id='word_1_500' title='bbox 951 3385 1268 3458; x_wconf 78' lang='grc' dir='ltr'>ἑρμηνείαν,</span> <span class='ocrx_word' id='word_1_501' title='bbox 1301 3383 1414 3436; x_wconf 83' lang='grc' dir='ltr'>ἀλλ’</span> <span class='ocrx_word' id='word_1_502' title='bbox 1440 3382 1472 3452; x_wconf 85' lang='grc' dir='ltr'>ἢ</span> <span class='ocrx_word' id='word_1_503' title='bbox 1514 3381 1670 3452; x_wconf 89' lang='grc' dir='ltr'>μόνον</span> <span class='ocrx_word' id='word_1_504' title='bbox 1701 3381 1758 3431; x_wconf 84' lang='grc' dir='ltr'>ὲν</span> <span class='ocrx_word' id='word_1_505' title='bbox 1789 3381 1856 3449; x_wconf 82' lang='grc' dir='ltr'>τῇ</span> <span class='ocrx_word' id='word_1_506' title='bbox 1895 3379 2028 3448; x_wconf 80' lang='grc' dir='ltr'>εὐχῇ</span> 
     </span>
    </p>
   </div>
   <div class='ocr_carea' id='block_1_66' title="bbox 445 3468 2027 3548">
    <p class='ocr_par' dir='ltr' id='par_1_66' title="bbox 445 3468 2027 3548">
     <span class='ocr_line' id='line_1_66' title="bbox 445 3468 2027 3548; baseline -0.009 -14"><span class='ocrx_word' id='word_1_507' title='bbox 445 3481 575 3534; x_wconf 81' lang='grc' dir='ltr'>τάδε</span> <span class='ocrx_word' id='word_1_508' title='bbox 613 3480 837 3548; x_wconf 82' lang='grc' dir='ltr'>λεγέτω.</span> <span class='ocrx_word' id='word_1_509' title='bbox 878 3480 988 3533; x_wconf 76' lang='grc' dir='ltr'><strong>Καὶ</strong></span> <span class='ocrx_word' id='word_1_510' title='bbox 1036 3478 1174 3532; x_wconf 86' lang='grc' dir='ltr'><strong>αὺτά</strong></span> <span class='ocrx_word' id='word_1_511' title='bbox 1221 3475 1382 3546; x_wconf 77' lang='grc' dir='ltr'>δῆθεν</span> <span class='ocrx_word' id='word_1_512' title='bbox 1427 3472 1537 3528; x_wconf 82' lang='grc' dir='ltr'><strong>ἀπὸ</strong></span> <span class='ocrx_word' id='word_1_513' title='bbox 1575 3471 1870 3542; x_wconf 81' lang='grc' dir='ltr'>Ἐϐραῖκῆς</span> <span class='ocrx_word' id='word_1_514' title='bbox 1909 3468 2027 3521; x_wconf 88' lang='grc' dir='ltr'>δια-</span> 
     </span>
    </p>
   </div>
   <div class='ocr_carea' id='block_1_67' title="bbox 446 3562 2030 3642">
    <p class='ocr_par' dir='ltr' id='par_1_67' title="bbox 446 3562 2030 3642">
     <span class='ocr_line' id='line_1_67' title="bbox 446 3562 2030 3642; baseline -0.007 -17"><span class='ocrx_word' id='word_1_515' title='bbox 446 3573 640 3625; x_wconf 67' lang='grc' dir='ltr'>λέκτου</span> <span class='ocrx_word' id='word_1_516' title='bbox 681 3570 1040 3642; x_wconf 84' lang='grc' dir='ltr'>μετενέγκας,</span> <span class='ocrx_word' id='word_1_517' title='bbox 1087 3568 1163 3628; x_wconf 86' lang='grc' dir='ltr'>ὡς</span> <span class='ocrx_word' id='word_1_518' title='bbox 1211 3567 1318 3620; x_wconf 78' lang='grc' dir='ltr'><strong>ἀπὸ</strong></span> <span class='ocrx_word' id='word_1_519' title='bbox 1369 3565 1568 3636; x_wconf 87' lang='grc' dir='ltr'>μέρους</span> <span class='ocrx_word' id='word_1_520' title='bbox 1623 3562 2030 3631; x_wconf 76' lang='grc' dir='ltr'>κατειλήφαμεν</span> 
     </span>
    </p>
   </div>
   <div class='ocr_carea' id='block_1_68' title="bbox 2134 3284 3705 3356">
    <p class='ocr_par' dir='ltr' id='par_1_68' title="bbox 2134 3284 3705 3356">
     <span class='ocr_line' id='line_1_68' title="bbox 2134 3284 3705 3356; baseline 0.001 -18"><span class='ocrx_word' id='word_1_521' title='bbox 2134 3287 2258 3339; x_wconf 88' lang='lat' dir='ltr'><strong>dam</strong></span> <span class='ocrx_word' id='word_1_522' title='bbox 2306 3300 2469 3356; x_wconf 90' lang='lat' dir='ltr'><strong>porro</strong></span> <span class='ocrx_word' id='word_1_523' title='bbox 2507 3285 2708 3348; x_wconf 89' lang='lat' dir='ltr'><strong>verbis,</strong></span> <span class='ocrx_word' id='word_1_524' title='bbox 2741 3284 3184 3354; x_wconf 85' lang='lat' dir='ltr'><strong>inanissimisque</strong></span> <span class='ocrx_word' id='word_1_525' title='bbox 3214 3285 3442 3340; x_wconf 86' lang='lat' dir='ltr'><strong>vocibus</strong></span> <span class='ocrx_word' id='word_1_526' title='bbox 3473 3285 3705 3340; x_wconf 87' lang='lat' dir='ltr'><strong>subinde</strong></span> 
     </span>
    </p>
   </div>
   <div class='ocr_carea' id='block_1_69' title="bbox 2130 3373 3704 3443">
    <p class='ocr_par' dir='ltr' id='par_1_69' title="bbox 2130 3373 3704 3443">
     <span class='ocr_line' id='line_1_69' title="bbox 2130 3373 3704 3443; baseline -0.003 -10"><span class='ocrx_word' id='word_1_527' title='bbox 2130 3374 2323 3434; x_wconf 84' lang='lat' dir='ltr'><strong>eodem</strong></span> <span class='ocrx_word' id='word_1_528' title='bbox 2354 3375 2411 3428; x_wconf 91' lang='lat' dir='ltr'><strong>in</strong></span> <span class='ocrx_word' id='word_1_529' title='bbox 2438 3374 2577 3427; x_wconf 91' lang='lat' dir='ltr'><strong>libro</strong></span> <span class='ocrx_word' id='word_1_530' title='bbox 2601 3373 2781 3428; x_wconf 77' lang='lat' dir='ltr'><strong>fucum</strong></span> <span class='ocrx_word' id='word_1_531' title='bbox 2812 3373 2964 3439; x_wconf 82' lang='lat' dir='ltr'><strong>facit,</strong></span> <span class='ocrx_word' id='word_1_532' title='bbox 2989 3389 3112 3427; x_wconf 88' lang='lat' dir='ltr'><strong>eum</strong></span> <span class='ocrx_word' id='word_1_533' title='bbox 3147 3374 3218 3428; x_wconf 89' lang='lat' dir='ltr'><strong>ita</strong></span> <span class='ocrx_word' id='word_1_534' title='bbox 3241 3374 3510 3443; x_wconf 87' lang='lat' dir='ltr'><strong>loquitur:</strong></span> <span class='ocrx_word' id='word_1_535' title='bbox 3535 3373 3704 3429; x_wconf 88' lang='lat' dir='ltr'><strong>Nemo</strong></span> 
     </span>
    </p>
   </div>
   <div class='ocr_carea' id='block_1_70' title="bbox 2135 3465 3705 3536">
    <p class='ocr_par' dir='ltr' id='par_1_70' title="bbox 2135 3465 3705 3536">
     <span class='ocr_line' id='line_1_70' title="bbox 2135 3465 3705 3536; baseline 0 -16"><span class='ocrx_word' id='word_1_536' title='bbox 2135 3466 2636 3536; x_wconf 87' lang='lat' dir='ltr'><strong>interpretationem</strong></span> <span class='ocrx_word' id='word_1_537' title='bbox 2669 3473 2903 3535; x_wconf 63' lang='lat' dir='ltr'><strong>quaerat,</strong></span> <span class='ocrx_word' id='word_1_538' title='bbox 2943 3465 3040 3520; x_wconf 91' lang='lat' dir='ltr'><strong>sed</strong></span> <span class='ocrx_word' id='word_1_539' title='bbox 3087 3466 3232 3520; x_wconf 88' lang='lat' dir='ltr'><strong>inter</strong></span> <span class='ocrx_word' id='word_1_540' title='bbox 3277 3465 3542 3520; x_wconf 89' lang='lat' dir='ltr'><strong>orandum</strong></span> <span class='ocrx_word' id='word_1_541' title='bbox 3589 3465 3705 3520; x_wconf 68' lang='lat' dir='ltr'><strong>ha‘c</strong></span> 
     </span>
    </p>
   </div>
   <div class='ocr_carea' id='block_1_71' title="bbox 2135 3554 3799 3626">
    <p class='ocr_par' dir='ltr' id='par_1_71' title="bbox 2135 3554 3799 3626">
     <span class='ocr_line' id='line_1_71' title="bbox 2135 3554 3799 3626; baseline -0.001 -14"><span class='ocrx_word' id='word_1_542' title='bbox 2135 3559 2403 3612; x_wconf 75' lang='lat' dir='ltr'><strong>duntaxat</strong></span> <span class='ocrx_word' id='word_1_543' title='bbox 2430 3556 2690 3626; x_wconf 84' lang='lat' dir='ltr'><strong>proferat.</strong></span> <span class='ocrx_word' id='word_1_544' title='bbox 2724 3555 2855 3621; x_wconf 74' lang='lat' dir='ltr'><strong>Quae</strong></span> <span class='ocrx_word' id='word_1_545' title='bbox 2875 3555 3093 3625; x_wconf 85' lang='lat' dir='ltr'><strong>quidem</strong></span> <span class='ocrx_word' id='word_1_546' title='bbox 3123 3571 3188 3610; x_wconf 84' lang='lat' dir='ltr'><strong>ex</strong></span> <span class='ocrx_word' id='word_1_547' title='bbox 3221 3554 3485 3610; x_wconf 86' lang='lat' dir='ltr'><strong>llebraica</strong></span> <span class='ocrx_word' id='word_1_548' title='bbox 3523 3556 3706 3626; x_wconf 79' lang='lat' dir='ltr'><strong>lingua</strong></span> <span class='ocrx_word' id='word_1_549' title='bbox 3793 3573 3799 3580; x_wconf 91' lang='grc'><strong>·</strong></span> 
     </span>
    </p>
   </div>
   <div class='ocr_carea' id='block_1_72' title="bbox 447 3649 2021 3732">
    <p class='ocr_par' dir='ltr' id='par_1_72' title="bbox 447 3651 2021 3732">
     <span class='ocr_line' id='line_1_72' title="bbox 447 3651 2021 3732; baseline -0.008 -17"><span class='ocrx_word' id='word_1_550' title='bbox 447 3665 604 3716; x_wconf 81' lang='grc' dir='ltr'>οὐδὲν</span> <span class='ocrx_word' id='word_1_551' title='bbox 637 3663 766 3716; x_wconf 73' lang='grc' dir='ltr'>ὄντα</span> <span class='ocrx_word' id='word_1_552' title='bbox 805 3661 875 3715; x_wconf 77' lang='grc' dir='ltr'>τὰ</span> <span class='ocrx_word' id='word_1_553' title='bbox 904 3662 1035 3732; x_wconf 83' lang='grc' dir='ltr'>παρ’</span> <span class='ocrx_word' id='word_1_554' title='bbox 1077 3657 1224 3728; x_wconf 80' lang='grc' dir='ltr'>αὐτῷ</span> <span class='ocrx_word' id='word_1_555' title='bbox 1255 3656 1659 3726; x_wconf 71' lang='grc' dir='ltr'>φανταζόμενα.</span> <span class='ocrx_word' id='word_1_556' title='bbox 1689 3655 1890 3708; x_wconf 82' lang='grc' dir='ltr'>Φάσκει</span> <span class='ocrx_word' id='word_1_557' title='bbox 1922 3651 2021 3721; x_wconf 74' lang='grc' dir='ltr'>γὰρ</span> 
     </span>
    </p>
   </div>
   <div class='ocr_carea' id='block_1_73' title="bbox 2120 3649 3700 3732">
    <p class='ocr_par' dir='ltr' id='par_1_73' title="bbox 2125 3649 3700 3718">
     <span class='ocr_line' id='line_1_73' title="bbox 2125 3649 3700 3718; baseline 0 -15"><span class='ocrx_word' id='word_1_558' title='bbox 2125 3650 2416 3704; x_wconf 70' lang='lat' dir='ltr'><strong>transtulit</strong></span> <span class='ocrx_word' id='word_1_559' title='bbox 2462 3667 2474 3703; x_wconf 90' lang='lat'><strong>:</strong></span> <span class='ocrx_word' id='word_1_560' title='bbox 2516 3657 2572 3703; x_wconf 90' lang='lat' dir='ltr'><strong>et</strong></span> <span class='ocrx_word' id='word_1_561' title='bbox 2614 3649 2696 3703; x_wconf 91' lang='lat' dir='ltr'><strong>vel</strong></span> <span class='ocrx_word' id='word_1_562' title='bbox 2742 3649 2844 3702; x_wconf 89' lang='lat' dir='ltr'><strong>hac</strong></span> <span class='ocrx_word' id='word_1_563' title='bbox 2897 3663 2965 3702; x_wconf 80' lang='lat' dir='ltr'><strong>ex</strong></span> <span class='ocrx_word' id='word_1_564' title='bbox 3016 3656 3170 3718; x_wconf 87' lang='lat' dir='ltr'><strong>parte</strong></span> <span class='ocrx_word' id='word_1_565' title='bbox 3211 3649 3700 3718; x_wconf 86' lang='lat' dir='ltr'><strong>deprehendimus,</strong></span> 
     </span>
    </p>
   </div>
   <div class='ocr_carea' id='block_1_74' title="bbox 449 3744 2028 3826">
    <p class='ocr_par' dir='ltr' id='par_1_74' title="bbox 449 3744 2028 3826">
     <span class='ocr_line' id='line_1_74' title="bbox 449 3744 2028 3826; baseline -0.009 -17"><span class='ocrx_word' id='word_1_566' title='bbox 449 3757 650 3824; x_wconf 80' lang='grc' dir='ltr'>λέγειν.</span> <span class='ocrx_word' id='word_1_567' title='bbox 699 3755 898 3826; x_wconf 78' lang='grc' dir='ltr'><strong>ΙἈϐαρ,</strong></span> <span class='ocrx_word' id='word_1_568' title='bbox 940 3753 1108 3816; x_wconf 71' lang='grc' dir='ltr'>Ἀνὶδ,</span> <span class='ocrx_word' id='word_1_569' title='bbox 1144 3751 1302 3805; x_wconf 78' lang='grc' dir='ltr'>Μωῒϐ</span> <span class='ocrx_word' id='word_1_570' title='bbox 1339 3749 1472 3820; x_wconf 62' lang='grc' dir='ltr'>(ει),</span> <span class='ocrx_word' id='word_1_571' title='bbox 1507 3745 1742 3816; x_wconf 81' lang='grc' dir='ltr'>Νωχιλὲ,</span> <span class='ocrx_word' id='word_1_572' title='bbox 1792 3744 2028 3812; x_wconf 78' lang='grc' dir='ltr'>Δαασὶμ,</span> 
     </span>
    </p>
   </div>
   <div class='ocr_carea' id='block_1_75' title="bbox 450 3833 2026 3915">
    <p class='ocr_par' dir='ltr' id='par_1_75' title="bbox 450 3833 2026 3915">
     <span class='ocr_line' id='line_1_75' title="bbox 450 3833 2026 3915; baseline -0.008 -18"><span class='ocrx_word' id='word_1_573' title='bbox 450 3845 604 3915; x_wconf 83' lang='grc' dir='ltr'>Ἀνὴ,</span> <span class='ocrx_word' id='word_1_574' title='bbox 627 3844 876 3914; x_wconf 74' lang='grc' dir='ltr'>Δαασὶμ,</span> <span class='ocrx_word' id='word_1_575' title='bbox 907 3841 1144 3911; x_wconf 82' lang='grc' dir='ltr'>Νωχιλὲ,</span> <span class='ocrx_word' id='word_1_576' title='bbox 1174 3839 1359 3904; x_wconf 80' lang='grc' dir='ltr'>Μωῖϐ,</span> <span class='ocrx_word' id='word_1_577' title='bbox 1395 3837 1559 3902; x_wconf 76' lang='grc' dir='ltr'>Ἀνὶδ,</span> <span class='ocrx_word' id='word_1_578' title='bbox 1597 3835 1798 3907; x_wconf 66' lang='grc' dir='ltr'><strong>ΙἌδαρ,</strong></span> <span class='ocrx_word' id='word_1_579' title='bbox 1826 3833 2026 3902; x_wconf 83' lang='grc' dir='ltr'>Σελάμ.</span> 
     </span>
    </p>
   </div>
   <div class='ocr_carea' id='block_1_76' title="bbox 455 3923 2027 4004">
    <p class='ocr_par' dir='ltr' id='par_1_76' title="bbox 455 3923 2027 4004">
     <span class='ocr_line' id='line_1_76' title="bbox 455 3923 2027 4004; baseline -0.01 -16"><span class='ocrx_word' id='word_1_580' title='bbox 455 3935 648 3988; x_wconf 77' lang='grc' dir='ltr'>Ἀτινα</span> <span class='ocrx_word' id='word_1_581' title='bbox 691 3932 1100 4004; x_wconf 82' lang='grc' dir='ltr'>έρμηνευόμενα</span> <span class='ocrx_word' id='word_1_582' title='bbox 1149 3929 1260 4000; x_wconf 75' lang='grc' dir='ltr'>ἔχει</span> <span class='ocrx_word' id='word_1_583' title='bbox 1309 3929 1406 3999; x_wconf 83' lang='grc' dir='ltr'>τὴν</span> <span class='ocrx_word' id='word_1_584' title='bbox 1453 3928 1750 3996; x_wconf 84' lang='grc' dir='ltr'>σαφήνειαν</span> <span class='ocrx_word' id='word_1_585' title='bbox 1802 3923 2027 3997; x_wconf 80' lang='grc' dir='ltr'>ταύτην·</span> 
     </span>
    </p>
   </div>
   <div class='ocr_carea' id='block_1_77' title="bbox 449 4016 2026 4094">
    <p class='ocr_par' dir='ltr' id='par_1_77' title="bbox 449 4016 2026 4094">
     <span class='ocr_line' id='line_1_77' title="bbox 449 4016 2026 4094; baseline -0.009 -15"><span class='ocrx_word' id='word_1_586' title='bbox 449 4023 777 4094; x_wconf 84' lang='grc' dir='ltr'>Παρελθέτω</span> <span class='ocrx_word' id='word_1_587' title='bbox 815 4022 1142 4084; x_wconf 86' lang='grc' dir='ltr'>ταπείνωσις</span> <span class='ocrx_word' id='word_1_588' title='bbox 1180 4022 1245 4073; x_wconf 83' lang='grc' dir='ltr'>ὲκ</span> <span class='ocrx_word' id='word_1_589' title='bbox 1277 4018 1529 4088; x_wconf 86' lang='grc' dir='ltr'>πατέρων</span> <span class='ocrx_word' id='word_1_590' title='bbox 1561 4033 1688 4087; x_wconf 91' lang='grc' dir='ltr'>μου,</span> <span class='ocrx_word' id='word_1_591' title='bbox 1725 4016 1823 4084; x_wconf 81' lang='grc' dir='ltr'>τῆς</span> <span class='ocrx_word' id='word_1_592' title='bbox 1857 4028 2026 4065; x_wconf 85' lang='grc' dir='ltr'>κατα-</span> 
     </span>
    </p>
   </div>
   <div class='ocr_carea' id='block_1_78' title="bbox 561 4201 910 4257">
    <p class='ocr_par' dir='ltr' id='par_1_78' title="bbox 561 4201 910 4257">
     <span class='ocr_line' id='line_1_78' title="bbox 561 4201 910 4257; baseline -0.006 0"><span class='ocrx_word' id='word_1_593' title='bbox 561 4206 582 4237; x_wconf 58' lang='grc' dir='ltr'><strong><em>ῒ</em></strong></span> <span class='ocrx_word' id='word_1_594' title='bbox 605 4202 758 4257; x_wconf 89' lang='lat' dir='ltr'><strong>Fort.</strong></span> <span class='ocrx_word' id='word_1_595' title='bbox 775 4201 910 4255; x_wconf 82' lang='grc' dir='ltr'>τισί.</span> 
     </span>
    </p>
   </div>
   <div class='ocr_carea' id='block_1_79' title="bbox 526 4377 2027 4456">
    <p class='ocr_par' dir='ltr' id='par_1_79' title="bbox 526 4377 2027 4456">
     <span class='ocr_line' id='line_1_79' title="bbox 526 4377 2027 4456; baseline -0.007 -16"><span class='ocrx_word' id='word_1_596' title='bbox 526 4386 638 4456; x_wconf 69' lang='lat'><strong>(20)</strong></span> <span class='ocrx_word' id='word_1_597' title='bbox 660 4387 871 4456; x_wconf 71' lang='grc' dir='ltr'>Εἴκοσι</span> <span class='ocrx_word' id='word_1_598' title='bbox 893 4382 1204 4456; x_wconf 73' lang='grc' dir='ltr'>τεσσάρων</span> <span class='ocrx_word' id='word_1_599' title='bbox 1219 4379 1334 4449; x_wconf 73' lang='grc' dir='ltr'><strong>μὲν</strong></span> <span class='ocrx_word' id='word_1_600' title='bbox 1348 4380 1656 4456; x_wconf 57' lang='grc' dir='ltr'>σχοινίων.</span> <span class='ocrx_word' id='word_1_601' title='bbox 1688 4377 1799 4431; x_wconf 84' lang='lat' dir='ltr'><strong>Hac</strong></span> <span class='ocrx_word' id='word_1_602' title='bbox 1814 4377 2027 4456; x_wconf 72' lang='lat' dir='ltr'><strong>ratione</strong></span> 
     </span>
    </p>
   </div>
   <div class='ocr_carea' id='block_1_80' title="bbox 2135 3739 3707 3806">
    <p class='ocr_par' dir='ltr' id='par_1_80' title="bbox 2135 3739 3707 3806">
     <span class='ocr_line' id='line_1_80' title="bbox 2135 3739 3707 3806; baseline 0 -10"><span class='ocrx_word' id='word_1_603' title='bbox 2135 3742 2291 3796; x_wconf 81' lang='lat' dir='ltr'><strong>nihili</strong></span> <span class='ocrx_word' id='word_1_604' title='bbox 2312 3756 2434 3798; x_wconf 88' lang='lat' dir='ltr'><strong>esse</strong></span> <span class='ocrx_word' id='word_1_605' title='bbox 2466 3740 2626 3796; x_wconf 90' lang='lat' dir='ltr'><strong>istius</strong></span> <span class='ocrx_word' id='word_1_606' title='bbox 2648 3741 2885 3795; x_wconf 89' lang='lat' dir='ltr'><strong>hominis</strong></span> <span class='ocrx_word' id='word_1_607' title='bbox 2909 3747 3238 3806; x_wconf 84' lang='lat' dir='ltr'><strong>commenta.</strong></span> <span class='ocrx_word' id='word_1_608' title='bbox 3271 3739 3346 3793; x_wconf 86' lang='lat' dir='ltr'><strong>ita</strong></span> <span class='ocrx_word' id='word_1_609' title='bbox 3372 3740 3514 3794; x_wconf 89' lang='lat' dir='ltr'><strong>enim</strong></span> <span class='ocrx_word' id='word_1_610' title='bbox 3549 3755 3707 3796; x_wconf 86' lang='lat' dir='ltr'><strong>orare</strong></span> 
     </span>
    </p>
   </div>
   <div class='ocr_carea' id='block_1_81' title="bbox 2131 3827 3703 3896">
    <p class='ocr_par' dir='ltr' id='par_1_81' title="bbox 2131 3827 3703 3896">
     <span class='ocr_line' id='line_1_81' title="bbox 2131 3827 3703 3896; baseline 0.003 -17"><span class='ocrx_word' id='word_1_611' title='bbox 2131 3828 2302 3896; x_wconf 88' lang='lat' dir='ltr'><strong>jubet.</strong></span> <span class='ocrx_word' id='word_1_612' title='bbox 2357 3829 2526 3890; x_wconf 88' lang='lat' dir='ltr'><strong>Abar,</strong></span> <span class='ocrx_word' id='word_1_613' title='bbox 2571 3828 2735 3891; x_wconf 85' lang='lat' dir='ltr'><strong>Anid,</strong></span> <span class='ocrx_word' id='word_1_614' title='bbox 2781 3827 2946 3889; x_wconf 83' lang='lat' dir='ltr'><strong>Moib,</strong></span> <span class='ocrx_word' id='word_1_615' title='bbox 2985 3827 3229 3891; x_wconf 87' lang='lat' dir='ltr'><strong>Nochile,</strong></span> <span class='ocrx_word' id='word_1_616' title='bbox 3278 3828 3512 3892; x_wconf 89' lang='lat' dir='ltr'><strong>Daasim,</strong></span> <span class='ocrx_word' id='word_1_617' title='bbox 3573 3829 3703 3893; x_wconf 76' lang='lat' dir='ltr'><strong>Anc,</strong></span> 
     </span>
    </p>
   </div>
   <div class='ocr_carea' id='block_1_82' title="bbox 2135 3915 3708 3991">
    <p class='ocr_par' dir='ltr' id='par_1_82' title="bbox 2135 3915 3708 3991">
     <span class='ocr_line' id='line_1_82' title="bbox 2135 3915 3708 3991; baseline 0.002 -20"><span class='ocrx_word' id='word_1_618' title='bbox 2135 3918 2373 3983; x_wconf 88' lang='lat' dir='ltr'><strong>Daasim,</strong></span> <span class='ocrx_word' id='word_1_619' title='bbox 2396 3918 2642 3980; x_wconf 79' lang='lat' dir='ltr'><strong>Nochile,</strong></span> <span class='ocrx_word' id='word_1_620' title='bbox 2667 3915 2832 3981; x_wconf 85' lang='lat' dir='ltr'><strong>Moib,</strong></span> <span class='ocrx_word' id='word_1_621' title='bbox 2851 3917 3014 3981; x_wconf 83' lang='lat' dir='ltr'><strong>Anid,</strong></span> <span class='ocrx_word' id='word_1_622' title='bbox 3035 3919 3200 3985; x_wconf 87' lang='lat' dir='ltr'><strong>Abar,</strong></span> <span class='ocrx_word' id='word_1_623' title='bbox 3225 3917 3422 3972; x_wconf 88' lang='lat' dir='ltr'><strong>Selam.</strong></span> <span class='ocrx_word' id='word_1_624' title='bbox 3447 3918 3553 3991; x_wconf 68' lang='grc'><strong>43</strong></span> <span class='ocrx_word' id='word_1_625' title='bbox 3577 3919 3708 3985; x_wconf 61' lang='lat' dir='ltr'><strong>Quae</strong></span> 
     </span>
    </p>
   </div>
   <div class='ocr_carea' id='block_1_83' title="bbox 2129 4009 3708 4080">
    <p class='ocr_par' dir='ltr' id='par_1_83' title="bbox 2129 4009 3708 4080">
     <span class='ocr_line' id='line_1_83' title="bbox 2129 4009 3708 4080; baseline -0.001 -15"><span class='ocrx_word' id='word_1_626' title='bbox 2129 4012 2278 4066; x_wconf 90' lang='lat' dir='ltr'><strong>hunc</strong></span> <span class='ocrx_word' id='word_1_627' title='bbox 2316 4025 2535 4066; x_wconf 89' lang='lat' dir='ltr'><strong>sensum</strong></span> <span class='ocrx_word' id='word_1_628' title='bbox 2575 4010 2858 4064; x_wconf 90' lang='lat' dir='ltr'><strong>continent</strong></span> <span class='ocrx_word' id='word_1_629' title='bbox 2884 4029 2898 4064; x_wconf 90' lang='lat'><strong>:</strong></span> <span class='ocrx_word' id='word_1_630' title='bbox 2922 4009 3188 4065; x_wconf 86' lang='lat' dir='ltr'><strong>Transeat</strong></span> <span class='ocrx_word' id='word_1_631' title='bbox 3217 4010 3448 4079; x_wconf 86' lang='lat' dir='ltr'><strong>abjectio</strong></span> <span class='ocrx_word' id='word_1_632' title='bbox 3479 4027 3509 4064; x_wconf 86' lang='lat' dir='ltr'><strong>a</strong></span> <span class='ocrx_word' id='word_1_633' title='bbox 3539 4012 3708 4080; x_wconf 76' lang='lat' dir='ltr'><strong>patri-</strong></span> 
     </span>
    </p>
   </div>
   <div class='ocr_carea' id='block_1_84' title="bbox 2133 4365 3706 4454">
    <p class='ocr_par' dir='ltr' id='par_1_84' title="bbox 2133 4365 3706 4454">
     <span class='ocr_line' id='line_1_84' title="bbox 2133 4365 3706 4454; baseline -0.005 -26"><span class='ocrx_word' id='word_1_634' title='bbox 2133 4374 2456 4454; x_wconf 58' lang='grc' dir='ltr'>κατάκρισιν</span> <span class='ocrx_word' id='word_1_635' title='bbox 2488 4370 2636 4454; x_wconf 73' lang='lat' dir='ltr'><strong>nullo</strong></span> <span class='ocrx_word' id='word_1_636' title='bbox 2670 4369 2831 4454; x_wconf 79' lang='lat' dir='ltr'><strong>modo</strong></span> <span class='ocrx_word' id='word_1_637' title='bbox 2869 4368 3158 4448; x_wconf 74' lang='lat' dir='ltr'><strong>signiiieat.</strong></span> <span class='ocrx_word' id='word_1_638' title='bbox 3209 4365 3322 4420; x_wconf 87' lang='lat' dir='ltr'><strong>Nisi</strong></span> <span class='ocrx_word' id='word_1_639' title='bbox 3351 4367 3480 4447; x_wconf 77' lang='lat' dir='ltr'><strong>quid</strong></span> <span class='ocrx_word' id='word_1_640' title='bbox 3503 4367 3706 4454; x_wconf 49' lang='lat' dir='ltr'><strong>potius</strong></span> 
     </span>
    </p>
   </div>
   <div class='ocr_carea' id='block_1_85' title="bbox 454 4437 3704 4522">
    <p class='ocr_par' dir='ltr' id='par_1_85' title="bbox 454 4437 3704 4522">
     <span class='ocr_line' id='line_1_85' title="bbox 454 4437 3704 4522; baseline -0.007 -11"><span class='ocrx_word' id='word_1_641' title='bbox 454 4437 1098 4512; x_wconf 54' lang='lat' dir='ltr'><strong>scindentisntilliaribns&#39;</strong></span> <span class='ocrx_word' id='word_1_642' title='bbox 1121 4437 1335 4505; x_wconf 55' lang='lat' dir='ltr'><strong>con&#39;stat</strong></span> <span class='ocrx_word' id='word_1_643' title='bbox 1375 4437 1433 4502; x_wconf 61' lang='grc' dir='ltr'><em>Ν</em></span> <span class='ocrx_word' id='word_1_644' title='bbox 1464 4449 1657 4522; x_wconf 65' lang='lat' dir='ltr'><strong>stadiis</strong></span> <span class='ocrx_word' id='word_1_645' title='bbox 1679 4457 1790 4522; x_wconf 26' lang='lat' dir='ltr'><strong>,‘ut</strong></span> <span class='ocrx_word' id='word_1_646' title='bbox 1822 4448 1874 4500; x_wconf 87' lang='lat' dir='ltr'><strong>in</strong></span> <span class='ocrx_word' id='word_1_647' title='bbox 1906 4446 2027 4522; x_wconf 67' lang='lat' dir='ltr'><strong>mil-</strong></span> <span class='ocrx_word' id='word_1_648' title='bbox 2059 4464 2101 4518; x_wconf 78' lang='grc' dir='ltr'><strong>ι)</strong></span> <span class='ocrx_word' id='word_1_649' title='bbox 2131 4437 3202 4522; x_wconf 40' lang='lat' dir='ltr'><strong>aemeliusHebraicaz‘linguteperitiores</strong></span> <span class='ocrx_word' id='word_1_650' title='bbox 3219 4437 3704 4522; x_wconf 44' lang='lat' dir='ltr'><strong>re_pct&#39;erin‘t&#39;,qut_ul</strong></span> 
     </span>
    </p>
   </div>
   <div class='ocr_carea' id='block_1_86' title="bbox 457 4515 2021 4594">
    <p class='ocr_par' dir='ltr' id='par_1_86' title="bbox 457 4515 2021 4594">
     <span class='ocr_line' id='line_1_86' title="bbox 457 4515 2021 4594; baseline -0.008 -15"><span class='ocrx_word' id='word_1_651' title='bbox 457 4528 611 4579; x_wconf 88' lang='lat' dir='ltr'><strong>liaria</strong></span> <span class='ocrx_word' id='word_1_652' title='bbox 645 4525 859 4594; x_wconf 85' lang='lat' dir='ltr'><strong>singula</strong></span> <span class='ocrx_word' id='word_1_653' title='bbox 889 4525 1328 4594; x_wconf 80' lang='lat' dir='ltr'><strong>xvtimputentur</strong></span> <span class='ocrx_word' id='word_1_654' title='bbox 1363 4533 1510 4594; x_wconf 62' lang='grc' dir='ltr'>μιν.</span> <span class='ocrx_word' id='word_1_655' title='bbox 1545 4517 1876 4594; x_wconf 67' lang='lat' dir='ltr'><strong>Herodotus,</strong></span> <span class='ocrx_word' id='word_1_656' title='bbox 1909 4515 2021 4567; x_wconf 85' lang='lat' dir='ltr'><strong>Eu-</strong></span> 
     </span>
    </p>
   </div>
   <div class='ocr_carea' id='block_1_87' title="bbox 448 4587 2020 4663">
    <p class='ocr_par' dir='ltr' id='par_1_87' title="bbox 448 4587 2020 4663">
     <span class='ocr_line' id='line_1_87' title="bbox 448 4587 2020 4663; baseline -0.009 -15"><span class='ocrx_word' id='word_1_657' title='bbox 448 4605 626 4662; x_wconf 62' lang='lat' dir='ltr'><strong>~terp.:</strong></span> <span class='ocrx_word' id='word_1_658' title='bbox 691 4587 846 4647; x_wconf 71' lang='grc' dir='ltr'>’Όσοι</span> <span class='ocrx_word' id='word_1_659' title='bbox 898 4593 998 4663; x_wconf 81' lang='grc' dir='ltr'>μὲν</span> <span class='ocrx_word' id='word_1_660' title='bbox 1030 4587 1661 4663; x_wconf 28' lang='grc' dir='ltr'><strong>γάρ,γεωπεῖναίμείσινΔ</strong></span> <span class='ocrx_word' id='word_1_661' title='bbox 1699 4587 2020 4663; x_wconf 65' lang='grc' dir='ltr'>ἀνθρώπων,</span> 
     </span>
    </p>
   </div>
   <div class='ocr_carea' id='block_1_88' title="bbox 451 4653 2024 4736">
    <p class='ocr_par' dir='ltr' id='par_1_88' title="bbox 451 4653 2024 4736">
     <span class='ocr_line' id='line_1_88' title="bbox 451 4653 2024 4736; baseline -0.007 -20"><span class='ocrx_word' id='word_1_662' title='bbox 451 4653 704 4736; x_wconf 74' lang='grc' dir='ltr'>ὀργυίῃσι</span> <span class='ocrx_word' id='word_1_663' title='bbox 725 4653 1420 4736; x_wconf 26' lang='grc' dir='ltr'>με-μετρήκσξσιίτὴνμχῲρην</span> <span class='ocrx_word' id='word_1_664' title='bbox 1439 4674 1451 4686; x_wconf 90' lang='grc'><strong>·</strong></span> <span class='ocrx_word' id='word_1_665' title='bbox 1488 4658 1600 4710; x_wconf 81' lang='grc' dir='ltr'>ὅσοι</span> <span class='ocrx_word' id='word_1_666' title='bbox 1621 4657 1676 4710; x_wconf 82' lang='grc' dir='ltr'>δὲ</span> <span class='ocrx_word' id='word_1_667' title='bbox 1700 4653 1865 4736; x_wconf 71' lang='grc' dir='ltr'>ἦσσρν</span> <span class='ocrx_word' id='word_1_668' title='bbox 1888 4671 2024 4722; x_wconf 91' lang='grc' dir='ltr'>γεω-</span> 
     </span>
    </p>
   </div>
   <div class='ocr_carea' id='block_1_89' title="bbox 456 4725 2018 4797">
    <p class='ocr_par' dir='ltr' id='par_1_89' title="bbox 456 4725 2018 4797">
     <span class='ocr_line' id='line_1_89' title="bbox 456 4725 2018 4797; baseline 0.017 -11"><span class='ocrx_word' id='word_1_669' title='bbox 456 4725 658 4794; x_wconf 71' lang='grc' dir='ltr'>πείναῇ</span> <span class='ocrx_word' id='word_1_670' title='bbox 684 4725 970 4786; x_wconf 69' lang='grc' dir='ltr'><strong>σταδίοισιΖ</strong></span> <span class='ocrx_word' id='word_1_671' title='bbox 1005 4731 1052 4784; x_wconf 88' lang='grc' dir='ltr'>οἳ</span> <span class='ocrx_word' id='word_1_672' title='bbox 1073 4731 1129 4782; x_wconf 84' lang='grc' dir='ltr'>δὲ</span> <span class='ocrx_word' id='word_1_673' title='bbox 1155 4725 1350 4797; x_wconf 58' lang='grc' dir='ltr'>πολλὴν</span> <span class='ocrx_word' id='word_1_674' title='bbox 1376 4728 1578 4797; x_wconf 75' lang='grc' dir='ltr'>ἔχουσιν</span> <span class='ocrx_word' id='word_1_675' title='bbox 1604 4725 2018 4797; x_wconf 49' lang='grc' dir='ltr'><strong>παράσάγγῃσν</strong></span> 
     </span>
    </p>
   </div>
   <div class='ocr_carea' id='block_1_90' title="bbox 456 4795 2024 4872">
    <p class='ocr_par' dir='ltr' id='par_1_90' title="bbox 456 4795 2024 4872">
     <span class='ocr_line' id='line_1_90' title="bbox 456 4795 2024 4872; baseline -0.008 -15"><span class='ocrx_word' id='word_1_676' title='bbox 456 4806 508 4858; x_wconf 86' lang='grc' dir='ltr'>οἱ</span> <span class='ocrx_word' id='word_1_677' title='bbox 538 4804 592 4856; x_wconf 76' lang='grc' dir='ltr'><strong>δὲ</strong></span> <span class='ocrx_word' id='word_1_678' title='bbox 634 4803 863 4872; x_wconf 65' lang='grc' dir='ltr'>ἄφθονον</span> <span class='ocrx_word' id='word_1_679' title='bbox 894 4802 1036 4861; x_wconf 86' lang='grc' dir='ltr'>λίαν,</span> <span class='ocrx_word' id='word_1_680' title='bbox 1070 4795 1384 4872; x_wconf 49' lang='grc' dir='ltr'><strong>σμίνοισᾷςΔ</strong></span> <span class='ocrx_word' id='word_1_681' title='bbox 1394 4795 1617 4872; x_wconf 73' lang='grc' dir='ltr'>δύναται</span> <span class='ocrx_word' id='word_1_682' title='bbox 1645 4797 1720 4872; x_wconf 56' lang='grc' dir='ltr'><strong>δέ¹</strong></span> <span class='ocrx_word' id='word_1_683' title='bbox 1739 4797 1767 4846; x_wconf 89' lang='grc' dir='ltr'><strong>ό</strong></span> <span class='ocrx_word' id='word_1_684' title='bbox 1799 4795 2024 4872; x_wconf 78' lang='grc' dir='ltr'>μὲνπα-</span> 
     </span>
    </p>
   </div>
   <div class='ocr_carea' id='block_1_91' title="bbox 445 4863 2023 4944">
    <p class='ocr_par' dir='ltr' id='par_1_91' title="bbox 445 4863 2023 4944">
     <span class='ocr_line' id='line_1_91' title="bbox 445 4863 2023 4944; baseline -0.008 -17"><span class='ocrx_word' id='word_1_685' title='bbox 445 4863 741 4944; x_wconf 64' lang='grc' dir='ltr'>ρασάγγής</span> <span class='ocrx_word' id='word_1_686' title='bbox 760 4863 1282 4944; x_wconf 33' lang='grc' dir='ltr'>τριήκοντα-στάδια·</span> <span class='ocrx_word' id='word_1_687' title='bbox 1306 4869 1341 4918; x_wconf 82' lang='grc' dir='ltr'><strong>’ὁ</strong></span> <span class='ocrx_word' id='word_1_688' title='bbox 1363 4867 1651 4944; x_wconf 35' lang='grc' dir='ltr'>δὲισχοῖνος</span> <span class='ocrx_word' id='word_1_689' title='bbox 1673 4864 1902 4927; x_wconf 76' lang='grc' dir='ltr'>ἕκαστος</span> <span class='ocrx_word' id='word_1_690' title='bbox 1927 4863 2023 4934; x_wconf 90' lang='grc' dir='ltr'>μέ-</span> 
     </span>
    </p>
   </div>
   <div class='ocr_carea' id='block_1_92' title="bbox 453 4937 1990 5013">
    <p class='ocr_par' dir='ltr' id='par_1_92' title="bbox 453 4937 1990 5013">
     <span class='ocr_line' id='line_1_92' title="bbox 453 4937 1990 5013; baseline -0.005 -18"><span class='ocrx_word' id='word_1_691' title='bbox 453 4937 581 5013; x_wconf 71' lang='grc' dir='ltr'>ἷτρον</span> <span class='ocrx_word' id='word_1_692' title='bbox 614 4937 1556 5013; x_wconf 44' lang='grc' dir='ltr'><strong>ἱέδνίΑίγιίολιττιονἑξήκοντα.στάδιαΖ</strong></span> <span class='ocrx_word' id='word_1_693' title='bbox 1623 5005 1654 5013; x_wconf 56' lang='grc' dir='ltr'>η</span> <span class='ocrx_word' id='word_1_694' title='bbox 1794 5001 1837 5013; x_wconf 58' lang='grc' dir='ltr'>η</span> <span class='ocrx_word' id='word_1_695' title='bbox 1873 5002 1888 5013; x_wconf 83' lang='lat'><strong><em>_</em></strong></span> <span class='ocrx_word' id='word_1_696' title='bbox 1977 5001 1990 5013; x_wconf 41' lang='grc' dir='ltr'><strong><em>ο</em></strong></span> 
     </span>
    </p>
   </div>
   <div class='ocr_carea' id='block_1_93' title="bbox 451 5001 2024 5081">
    <p class='ocr_par' dir='ltr' id='par_1_93' title="bbox 451 5001 2024 5081">
     <span class='ocr_line' id='line_1_93' title="bbox 451 5001 2024 5081; baseline -0.011 -10"><span class='ocrx_word' id='word_1_697' title='bbox 451 5067 457 5072; x_wconf 91' lang='grc'>,</span> <span class='ocrx_word' id='word_1_698' title='bbox 530 5013 610 5081; x_wconf 72' lang='grc'><strong>(21</strong></span> <span class='ocrx_word' id='word_1_699' title='bbox 627 5012 722 5080; x_wconf 68' lang='grc' dir='ltr'><strong>ῃνΑ</strong></span> <span class='ocrx_word' id='word_1_700' title='bbox 733 5001 864 5078; x_wconf 66' lang='grc' dir='ltr'>ϐαρ,</span> <span class='ocrx_word' id='word_1_701' title='bbox 891 5009 1071 5073; x_wconf 57' lang='lat' dir='ltr'><strong>mea,</strong></span> <span class='ocrx_word' id='word_1_702' title='bbox 1087 5001 1264 5062; x_wconf 79' lang='grc' dir='ltr'>Μωΐϐ.</span> <span class='ocrx_word' id='word_1_703' title='bbox 1285 5006 1403 5081; x_wconf 84' lang='lat' dir='ltr'><strong>Non</strong></span> <span class='ocrx_word' id='word_1_704' title='bbox 1427 5005 1690 5081; x_wconf 81' lang='lat' dir='ltr'><strong>est__facile</strong></span> <span class='ocrx_word' id='word_1_705' title='bbox 1705 5019 1771 5058; x_wconf 80' lang='lat' dir='ltr'><strong>ex</strong></span> <span class='ocrx_word' id='word_1_706' title='bbox 1794 5001 2024 5081; x_wconf 78' lang='lat' dir='ltr'><strong>Hebrai-</strong></span> 
     </span>
    </p>
   </div>
   <div class='ocr_carea' id='block_1_94' title="bbox 455 5073 2028 5143">
    <p class='ocr_par' dir='ltr' id='par_1_94' title="bbox 455 5073 2028 5143">
     <span class='ocr_line' id='line_1_94' title="bbox 455 5073 2028 5143; baseline -0.006 -11"><span class='ocrx_word' id='word_1_707' title='bbox 455 5073 708 5136; x_wconf 44' lang='lat' dir='ltr'><strong>cis‘his&#39;ce</strong></span> <span class='ocrx_word' id='word_1_708' title='bbox 757 5073 940 5135; x_wconf 73' lang='lat' dir='ltr'><strong>verbis</strong></span> <span class='ocrx_word' id='word_1_709' title='bbox 968 5095 1087 5133; x_wconf 87' lang='lat' dir='ltr'><strong>eam</strong></span> <span class='ocrx_word' id='word_1_710' title='bbox 1121 5077 1444 5131; x_wconf 88' lang='lat' dir='ltr'><strong>sententiam</strong></span> <span class='ocrx_word' id='word_1_711' title='bbox 1475 5077 1670 5130; x_wconf 89' lang='lat' dir='ltr'><strong>elicere</strong></span> <span class='ocrx_word' id='word_1_712' title='bbox 1703 5088 1866 5143; x_wconf 84' lang='lat' dir='ltr'><strong>quam</strong></span> <span class='ocrx_word' id='word_1_713' title='bbox 1895 5073 2028 5124; x_wconf 89' lang='lat' dir='ltr'><strong>sub-</strong></span> 
     </span>
    </p>
   </div>
   <div class='ocr_carea' id='block_1_95' title="bbox 448 5147 2024 5219">
    <p class='ocr_par' dir='ltr' id='par_1_95' title="bbox 448 5147 2024 5219">
     <span class='ocr_line' id='line_1_95' title="bbox 448 5147 2024 5219; baseline -0.004 -15"><span class='ocrx_word' id='word_1_714' title='bbox 448 5150 583 5218; x_wconf 81' lang='lat' dir='ltr'><strong>jecit</strong></span> <span class='ocrx_word' id='word_1_715' title='bbox 627 5151 984 5219; x_wconf 84' lang='lat' dir='ltr'><strong>Epiphanius.</strong></span> <span class='ocrx_word' id='word_1_716' title='bbox 1040 5147 1151 5202; x_wconf 86' lang='lat' dir='ltr'><strong>Nos</strong></span> <span class='ocrx_word' id='word_1_717' title='bbox 1205 5148 1279 5200; x_wconf 91' lang='lat' dir='ltr'><strong>ita</strong></span> <span class='ocrx_word' id='word_1_718' title='bbox 1325 5147 1698 5209; x_wconf 80' lang='lat' dir='ltr'><strong>tentavimus;</strong></span> <span class='ocrx_word' id='word_1_719' title='bbox 1752 5150 1840 5206; x_wconf 65' lang='grc' dir='ltr'><strong>’ἓν</strong></span> <span class='ocrx_word' id='word_1_720' title='bbox 1885 5149 2024 5204; x_wconf 64' lang='grc' dir='ltr'><strong>’π’-ΣΠ</strong></span> 
     </span>
    </p>
   </div>
   <div class='ocr_carea' id='block_1_96' title="bbox 455 5219 2026 5320">
    <p class='ocr_par' dir='ltr' id='par_1_96' title="bbox 455 5219 2026 5320">
     <span class='ocr_line' id='line_1_96' title="bbox 455 5219 2026 5320; baseline -0.004 -21"><span class='ocrx_word' id='word_1_721' title='bbox 455 5249 541 5320; x_wconf 65' lang='grc' dir='ltr'><strong>ἐν</strong></span> <span class='ocrx_word' id='word_1_722' title='bbox 579 5249 795 5320; x_wconf 62' lang='lat' dir='ltr'><strong>trium</strong></span> <span class='ocrx_word' id='word_1_723' title='bbox 841 5225 992 5296; x_wconf 53' lang='lat' dir='ltr'><strong>una:</strong></span> <span class='ocrx_word' id='word_1_724' title='bbox 1021 5244 1203 5312; x_wconf 68' lang='lat' dir='ltr'><strong>mam</strong></span> <span class='ocrx_word' id='word_1_725' title='bbox 1237 5245 1326 5300; x_wconf 67' lang='grc' dir='ltr'>ην</span> <span class='ocrx_word' id='word_1_726' title='bbox 1372 5245 1555 5320; x_wconf 61' lang='lat' dir='ltr'><strong>pacm</strong></span> <span class='ocrx_word' id='word_1_727' title='bbox 1592 5219 1744 5293; x_wconf 55' lang='lat' dir='ltr'><strong>abin:</strong></span> <span class='ocrx_word' id='word_1_728' title='bbox 1779 5239 2026 5292; x_wconf 63' lang='lat' dir='ltr'><strong>tri-lnam</strong></span> 
     </span>
    </p>
   </div>
   <div class='ocr_carea' id='block_1_97' title="bbox 448 5315 2028 5398">
    <p class='ocr_par' dir='ltr' id='par_1_97' title="bbox 448 5315 2028 5398">
     <span class='ocr_line' id='line_1_97' title="bbox 448 5315 2028 5398; baseline -0.008 -11"><span class='ocrx_word' id='word_1_729' title='bbox 448 5315 583 5390; x_wconf 55' lang='grc' dir='ltr'>σθω</span> <span class='ocrx_word' id='word_1_730' title='bbox 609 5316 854 5390; x_wconf 54' lang='lat' dir='ltr'><strong>nimbum</strong></span> <span class='ocrx_word' id='word_1_731' title='bbox 872 5340 1021 5393; x_wconf 71' lang='lat' dir='ltr'><strong>&#39;mi&#39;l&#39;</strong></span> <span class='ocrx_word' id='word_1_732' title='bbox 1057 5329 1274 5382; x_wconf 83' lang='lat' dir='ltr'><strong>Hoc-est</strong></span> <span class='ocrx_word' id='word_1_733' title='bbox 1299 5347 1311 5381; x_wconf 93' lang='lat'>:</span> <span class='ocrx_word' id='word_1_734' title='bbox 1348 5315 1669 5398; x_wconf 83' lang='grc' dir='ltr'>Παρελθέτω</span> <span class='ocrx_word' id='word_1_735' title='bbox 1700 5324 2028 5398; x_wconf 82' lang='grc' dir='ltr'>ταπείνωσις</span> 
     </span>
    </p>
   </div>
   <div class='ocr_carea' id='block_1_98' title="bbox 452 5393 2025 5470">
    <p class='ocr_par' dir='ltr' id='par_1_98' title="bbox 452 5393 2025 5470">
     <span class='ocr_line' id='line_1_98' title="bbox 452 5393 2025 5470; baseline -0.003 -20"><span class='ocrx_word' id='word_1_736' title='bbox 452 5399 521 5450; x_wconf 80' lang='grc' dir='ltr'>ἐκ</span> <span class='ocrx_word' id='word_1_737' title='bbox 544 5402 794 5470; x_wconf 86' lang='grc' dir='ltr'>πατέρων</span> <span class='ocrx_word' id='word_1_738' title='bbox 819 5418 940 5469; x_wconf 88' lang='grc' dir='ltr'>μου,</span> <span class='ocrx_word' id='word_1_739' title='bbox 971 5401 1070 5468; x_wconf 81' lang='grc' dir='ltr'>τῆς</span> <span class='ocrx_word' id='word_1_740' title='bbox 1089 5399 1410 5470; x_wconf 85' lang='grc' dir='ltr'>δολιότητος,</span> <span class='ocrx_word' id='word_1_741' title='bbox 1433 5393 1530 5464; x_wconf 79' lang='grc' dir='ltr'>τῆς</span> <span class='ocrx_word' id='word_1_742' title='bbox 1559 5393 2025 5470; x_wconf 67' lang='grc' dir='ltr'>καταπατησάσης</span> 
     </span>
    </p>
   </div>
   <div class='ocr_carea' id='block_1_99' title="bbox 453 5463 2025 5538">
    <p class='ocr_par' dir='ltr' id='par_1_99' title="bbox 453 5463 2025 5538">
     <span class='ocr_line' id='line_1_99' title="bbox 453 5463 2025 5538; baseline -0.004 -18"><span class='ocrx_word' id='word_1_743' title='bbox 453 5470 668 5538; x_wconf 79' lang='grc' dir='ltr'>αὐτοὺς,</span> <span class='ocrx_word' id='word_1_744' title='bbox 687 5463 800 5523; x_wconf 76' lang='grc' dir='ltr'>’καὶ</span> <span class='ocrx_word' id='word_1_745' title='bbox 819 5463 993 5522; x_wconf 71' lang='grc' dir='ltr'>’πόνου</span> <span class='ocrx_word' id='word_1_746' title='bbox 1025 5463 1510 5538; x_wconf 78' lang='grc' dir='ltr'>καταπατήσαντος</span> <span class='ocrx_word' id='word_1_747' title='bbox 1556 5463 1909 5538; x_wconf 43' lang='grc' dir='ltr'>αὐτοὺς,ῌτῆς</span> <span class='ocrx_word' id='word_1_748' title='bbox 1936 5463 2025 5515; x_wconf 88' lang='grc' dir='ltr'>δο-</span> 
     </span>
    </p>
   </div>
   <div class='ocr_carea' id='block_1_100' title="bbox 453 5533 2024 5608">
    <p class='ocr_par' dir='ltr' id='par_1_100' title="bbox 453 5533 2024 5608">
     <span class='ocr_line' id='line_1_100' title="bbox 453 5533 2024 5608; baseline -0.004 -19"><span class='ocrx_word' id='word_1_749' title='bbox 453 5535 692 5608; x_wconf 76' lang='grc' dir='ltr'>λιότητος</span> <span class='ocrx_word' id='word_1_750' title='bbox 715 5543 777 5592; x_wconf 80' lang='grc' dir='ltr'><strong>ἐκ</strong></span> <span class='ocrx_word' id='word_1_751' title='bbox 800 5539 1049 5608; x_wconf 87' lang='grc' dir='ltr'>πατέρων</span> <span class='ocrx_word' id='word_1_752' title='bbox 1079 5556 1200 5607; x_wconf 88' lang='grc' dir='ltr'>μου,</span> <span class='ocrx_word' id='word_1_753' title='bbox 1220 5533 1321 5608; x_wconf 73' lang='grc' dir='ltr'><strong>τῆς</strong></span> <span class='ocrx_word' id='word_1_754' title='bbox 1349 5535 1722 5608; x_wconf 61' lang='grc' dir='ltr'>ταπεινώσεως</span> <span class='ocrx_word' id='word_1_755' title='bbox 1754 5533 1854 5601; x_wconf 77' lang='grc' dir='ltr'>τῆς</span> <span class='ocrx_word' id='word_1_756' title='bbox 1881 5548 2024 5608; x_wconf 75' lang='grc' dir='ltr'>παρ-</span> 
     </span>
    </p>
   </div>
   <div class='ocr_carea' id='block_1_101' title="bbox 452 5602 2023 5688">
    <p class='ocr_par' dir='ltr' id='par_1_101' title="bbox 452 5602 2023 5688">
     <span class='ocr_line' id='line_1_101' title="bbox 452 5602 2023 5688; baseline -0.004 -30"><span class='ocrx_word' id='word_1_757' title='bbox 452 5602 734 5679; x_wconf 72' lang='grc' dir='ltr'>ελθοῦσης,</span> <span class='ocrx_word' id='word_1_758' title='bbox 769 5610 824 5660; x_wconf 84' lang='grc' dir='ltr'><strong>έν</strong></span> <span class='ocrx_word' id='word_1_759' title='bbox 885 5602 1153 5688; x_wconf 76' lang='grc' dir='ltr'>ἀποστολῇ</span> <span class='ocrx_word' id='word_1_760' title='bbox 1201 5602 1528 5688; x_wconf 72' lang='grc' dir='ltr'>τελειώσεως</span> <span class='ocrx_word' id='word_1_761' title='bbox 1559 5602 1716 5688; x_wconf 38' lang='grc' dir='ltr'><strong>..βω</strong></span> <span class='ocrx_word' id='word_1_762' title='bbox 1759 5603 2023 5688; x_wconf 69' lang='lat' dir='ltr'><strong>nonnulla</strong></span> 
     </span>
    </p>
   </div>
   <div class='ocr_carea' id='block_1_102' title="bbox 454 5671 2022 5744">
    <p class='ocr_par' dir='ltr' id='par_1_102' title="bbox 454 5671 2022 5744">
     <span class='ocr_line' id='line_1_102' title="bbox 454 5671 2022 5744; baseline -0.004 -16"><span class='ocrx_word' id='word_1_763' title='bbox 454 5671 768 5732; x_wconf 70' lang='lat' dir='ltr'><strong>necessario</strong></span> <span class='ocrx_word' id='word_1_764' title='bbox 815 5671 1306 5740; x_wconf 65' lang='lat' dir='ltr'><strong>conunutavi&#39;mus,</strong></span> <span class='ocrx_word' id='word_1_765' title='bbox 1357 5675 1502 5744; x_wconf 86' lang='lat' dir='ltr'><strong>quod</strong></span> <span class='ocrx_word' id='word_1_766' title='bbox 1554 5674 1712 5744; x_wconf 85' lang='lat' dir='ltr'><strong>aliter</strong></span> <span class='ocrx_word' id='word_1_767' title='bbox 1763 5671 2022 5744; x_wconf 51' lang='lat' dir='ltr'><strong>extricat-i</strong></span> 
     </span>
    </p>
   </div>
   <div class='ocr_carea' id='block_1_103' title="bbox 452 5739 2021 5817">
    <p class='ocr_par' dir='ltr' id='par_1_103' title="bbox 452 5739 2021 5817">
     <span class='ocr_line' id='line_1_103' title="bbox 452 5739 2021 5817; baseline -0.006 -14"><span class='ocrx_word' id='word_1_768' title='bbox 452 5750 721 5804; x_wconf 72' lang='lat' dir='ltr'><strong>Sententia</strong></span> <span class='ocrx_word' id='word_1_769' title='bbox 742 5763 848 5801; x_wconf 90' lang='lat' dir='ltr'><strong>non</strong></span> <span class='ocrx_word' id='word_1_770' title='bbox 873 5757 1098 5817; x_wconf 88' lang='lat' dir='ltr'><strong>poterat.</strong></span> <span class='ocrx_word' id='word_1_771' title='bbox 1142 5745 1244 5799; x_wconf 79' lang='lat' dir='ltr'><strong>Sed</strong></span> <span class='ocrx_word' id='word_1_772' title='bbox 1265 5746 1315 5797; x_wconf 91' lang='lat' dir='ltr'><strong>iu</strong></span> <span class='ocrx_word' id='word_1_773' title='bbox 1347 5739 1536 5816; x_wconf 69' lang='lat' dir='ltr'><strong>primis</strong></span> <span class='ocrx_word' id='word_1_774' title='bbox 1559 5743 1616 5796; x_wconf 77' lang='grc' dir='ltr'><strong>τὸ</strong></span> <span class='ocrx_word' id='word_1_775' title='bbox 1643 5741 1851 5810; x_wconf 85' lang='grc' dir='ltr'>νωχιλέ,</span> <span class='ocrx_word' id='word_1_776' title='bbox 1875 5739 2021 5810; x_wconf 87' lang='lat' dir='ltr'><strong>quod</strong></span> 
     </span>
    </p>
   </div>
   <div class='ocr_carea' id='block_1_104' title="bbox 728 5839 1310 5910">
    <p class='ocr_par' dir='ltr' id='par_1_104' title="bbox 728 5839 1310 5910">
     <span class='ocr_line' id='line_1_104' title="bbox 728 5839 1310 5910; baseline -0.003 -7"><span class='ocrx_word' id='word_1_777' title='bbox 728 5844 999 5910; x_wconf 68' lang='grc' dir='ltr'>ἓίιτιιοι..</span> <span class='ocrx_word' id='word_1_778' title='bbox 1034 5840 1144 5901; x_wconf 82' lang='lat' dir='ltr'><strong>Gn.</strong></span> <span class='ocrx_word' id='word_1_779' title='bbox 1173 5839 1310 5901; x_wconf 77' lang='lat' dir='ltr'><strong>XLI</strong></span> 
     </span>
    </p>
   </div>
   <div class='ocr_carea' id='block_1_105' title="bbox 2130 4507 3703 4580">
    <p class='ocr_par' dir='ltr' id='par_1_105' title="bbox 2130 4507 3703 4580">
     <span class='ocr_line' id='line_1_105' title="bbox 2130 4507 3703 4580; baseline -0.004 -14"><span class='ocrx_word' id='word_1_780' title='bbox 2130 4529 2236 4566; x_wconf 86' lang='lat' dir='ltr'><strong>non</strong></span> <span class='ocrx_word' id='word_1_781' title='bbox 2278 4513 2652 4580; x_wconf 89' lang='lat' dir='ltr'><strong>desperamus.</strong></span> <span class='ocrx_word' id='word_1_782' title='bbox 2679 4509 2746 4560; x_wconf 86' lang='lat' dir='ltr'><strong>At</strong></span> <span class='ocrx_word' id='word_1_783' title='bbox 2779 4507 3025 4574; x_wconf 82' lang='lat' dir='ltr'><strong>Scaliger</strong></span> <span class='ocrx_word' id='word_1_784' title='bbox 3063 4509 3183 4559; x_wconf 89' lang='lat' dir='ltr'><strong>loco</strong></span> <span class='ocrx_word' id='word_1_785' title='bbox 3211 4507 3381 4580; x_wconf 77' lang='lat' dir='ltr'><strong>citato</strong></span> <span class='ocrx_word' id='word_1_786' title='bbox 3409 4508 3703 4580; x_wconf 84' lang='lat' dir='ltr'><strong>nu_llam_in</strong></span> 
     </span>
    </p>
   </div>
   <div class='ocr_carea' id='block_1_106' title="bbox 2125 4576 3704 4647">
    <p class='ocr_par' dir='ltr' id='par_1_106' title="bbox 2125 4576 3704 4647">
     <span class='ocr_line' id='line_1_106' title="bbox 2125 4576 3704 4647; baseline -0.006 -11"><span class='ocrx_word' id='word_1_787' title='bbox 2125 4584 2231 4638; x_wconf 90' lang='lat' dir='ltr'><strong>ista</strong></span> <span class='ocrx_word' id='word_1_788' title='bbox 2276 4576 2563 4635; x_wconf 78' lang='lat' dir='ltr'><strong>verborum</strong></span> <span class='ocrx_word' id='word_1_789' title='bbox 2603 4582 2966 4647; x_wconf 86' lang='lat' dir='ltr'><strong>conceptione</strong></span> <span class='ocrx_word' id='word_1_790' title='bbox 3001 4576 3258 4647; x_wconf 90' lang='lat' dir='ltr'><strong>precandi</strong></span> <span class='ocrx_word' id='word_1_791' title='bbox 3297 4576 3586 4630; x_wconf 79' lang='lat' dir='ltr'><strong>forumlam</strong></span> <span class='ocrx_word' id='word_1_792' title='bbox 3619 4576 3704 4628; x_wconf 83' lang='lat' dir='ltr'><strong>in—</strong></span> 
     </span>
    </p>
   </div>
   <div class='ocr_carea' id='block_1_107' title="bbox 2123 4647 3701 4721">
    <p class='ocr_par' dir='ltr' id='par_1_107' title="bbox 2123 4647 3701 4721">
     <span class='ocr_line' id='line_1_107' title="bbox 2123 4647 3701 4721; baseline -0.005 -13"><span class='ocrx_word' id='word_1_793' title='bbox 2123 4669 2245 4708; x_wconf 89' lang='lat' dir='ltr'><strong>esse</strong></span> <span class='ocrx_word' id='word_1_794' title='bbox 2266 4659 2462 4721; x_wconf 88' lang='lat' dir='ltr'><strong>putat;</strong></span> <span class='ocrx_word' id='word_1_795' title='bbox 2497 4648 2592 4705; x_wconf 90' lang='lat' dir='ltr'><strong>sed</strong></span> <span class='ocrx_word' id='word_1_796' title='bbox 2625 4658 2736 4702; x_wconf 89' lang='lat' dir='ltr'><strong>tres</strong></span> <span class='ocrx_word' id='word_1_797' title='bbox 2775 4647 3018 4717; x_wconf 84' lang='grc' dir='ltr'>γνώμας,</span> <span class='ocrx_word' id='word_1_798' title='bbox 3050 4661 3113 4700; x_wconf 91' lang='lat' dir='ltr'><strong>ac</strong></span> <span class='ocrx_word' id='word_1_799' title='bbox 3150 4647 3536 4716; x_wconf 80' lang='lat' dir='ltr'><strong>magistrorum</strong></span> <span class='ocrx_word' id='word_1_800' title='bbox 3572 4662 3701 4700; x_wconf 87' lang='lat' dir='ltr'><strong>scn-</strong></span> 
     </span>
    </p>
   </div>
   <div class='ocr_carea' id='block_1_108' title="bbox 2124 4722 3704 4802">
    <p class='ocr_par' dir='ltr' id='par_1_108' title="bbox 2124 4722 3704 4802">
     <span class='ocr_line' id='line_1_108' title="bbox 2124 4722 3704 4802; baseline -0.001 -10"><span class='ocrx_word' id='word_1_801' title='bbox 2124 4738 2525 4794; x_wconf 83' lang='lat' dir='ltr'><strong>tcntias.Prima</strong></span> <span class='ocrx_word' id='word_1_802' title='bbox 2539 4748 2621 4793; x_wconf 88' lang='lat' dir='ltr'><strong>est</strong></span> <span class='ocrx_word' id='word_1_803' title='bbox 2642 4722 2818 4797; x_wconf 55' lang='lat' dir='ltr'><strong>m5”):</strong></span> <span class='ocrx_word' id='word_1_804' title='bbox 2839 4745 3084 4799; x_wconf 56' lang='lat'><strong>8:117:23!</strong></span> <span class='ocrx_word' id='word_1_805' title='bbox 3100 4747 3274 4799; x_wconf 60' lang='lat' dir='ltr'><strong>&quot;n‘n,</strong></span> <span class='ocrx_word' id='word_1_806' title='bbox 3292 4737 3393 4789; x_wconf 83' lang='lat' dir='ltr'><strong>hoc</strong></span> <span class='ocrx_word' id='word_1_807' title='bbox 3408 4747 3704 4802; x_wconf 74' lang='grc' dir='ltr'>ρει-,ταπει-</span> 
     </span>
    </p>
   </div>
   <div class='ocr_carea' id='block_1_109' title="bbox 2124 4807 3699 4882">
    <p class='ocr_par' dir='ltr' id='par_1_109' title="bbox 2124 4807 3699 4882">
     <span class='ocr_line' id='line_1_109' title="bbox 2124 4807 3699 4882; baseline -0.001 -20"><span class='ocrx_word' id='word_1_808' title='bbox 2124 4810 2456 4882; x_wconf 70' lang='grc' dir='ltr'>νοφροσύνης</span> <span class='ocrx_word' id='word_1_809' title='bbox 2489 4808 2862 4882; x_wconf 66' lang='grc' dir='ltr'>τεαρελθοῦσης</span> <span class='ocrx_word' id='word_1_810' title='bbox 2891 4807 3243 4882; x_wconf 73' lang='grc' dir='ltr'>ὑπεισάγεται</span> <span class='ocrx_word' id='word_1_811' title='bbox 3279 4807 3537 4882; x_wconf 60' lang='grc' dir='ltr'>δολιόεης.</span> <span class='ocrx_word' id='word_1_812' title='bbox 3593 4809 3699 4882; x_wconf 78' lang='lat' dir='ltr'><strong>Qui</strong></span> 
     </span>
    </p>
   </div>
   <div class='ocr_carea' id='block_1_110' title="bbox 2124 4875 3694 4946">
    <p class='ocr_par' dir='ltr' id='par_1_110' title="bbox 2124 4875 3694 4946">
     <span class='ocr_line' id='line_1_110' title="bbox 2124 4875 3694 4946; baseline -0.003 -14"><span class='ocrx_word' id='word_1_813' title='bbox 2124 4875 2470 4933; x_wconf 71' lang='lat' dir='ltr'><strong>Imitit&#39;litatém</strong></span> <span class='ocrx_word' id='word_1_814' title='bbox 2496 4875 2758 4932; x_wconf 75' lang='lat' dir='ltr'><strong>abdicavit</strong></span> <span class='ocrx_word' id='word_1_815' title='bbox 2781 4875 2914 4946; x_wconf 57' lang='lat' dir='ltr'><strong>sirpe</strong></span> <span class='ocrx_word' id='word_1_816' title='bbox 2926 4879 2987 4945; x_wconf 79' lang='lat' dir='ltr'><strong>ﬁt</strong></span> <span class='ocrx_word' id='word_1_817' title='bbox 3004 4876 3390 4945; x_wconf 79' lang='lat' dir='ltr'><strong>fraudulentus.</strong></span> <span class='ocrx_word' id='word_1_818' title='bbox 3411 4875 3659 4931; x_wconf 85' lang='lat' dir='ltr'><strong>Secunda</strong></span> <span class='ocrx_word' id='word_1_819' title='bbox 3680 4895 3694 4927; x_wconf 88' lang='lat'><strong>:</strong></span> 
     </span>
    </p>
   </div>
   <div class='ocr_carea' id='block_1_111' title="bbox 2123 4958 3699 5035">
    <p class='ocr_par' dir='ltr' id='par_1_111' title="bbox 2123 4958 3699 5035">
     <span class='ocr_line' id='line_1_111' title="bbox 2123 4958 3699 5035; baseline 0.002 -17"><span class='ocrx_word' id='word_1_820' title='bbox 2123 4958 2276 5031; x_wconf 59' lang='grc' dir='ltr'>κίνει</span> <span class='ocrx_word' id='word_1_821' title='bbox 2305 4982 2498 5032; x_wconf 63' lang='grc' dir='ltr'>ωτωκτ</span> <span class='ocrx_word' id='word_1_822' title='bbox 2519 4980 2604 5034; x_wconf 67' lang='grc' dir='ltr'><strong>ἐν</strong></span> <span class='ocrx_word' id='word_1_823' title='bbox 2624 4980 2834 5035; x_wconf 66' lang='lat' dir='ltr'><strong>unum,</strong></span> <span class='ocrx_word' id='word_1_824' title='bbox 2853 4966 3290 5030; x_wconf 74' lang='grc' dir='ltr'>καταπατοῦντες</span> <span class='ocrx_word' id='word_1_825' title='bbox 3319 4967 3504 5020; x_wconf 87' lang='grc' dir='ltr'>πενίαν</span> <span class='ocrx_word' id='word_1_826' title='bbox 3529 4985 3699 5021; x_wconf 86' lang='grc' dir='ltr'>κατα--</span> 
     </span>
    </p>
   </div>
   <div class='ocr_carea' id='block_1_112' title="bbox 2125 5040 3700 5112">
    <p class='ocr_par' dir='ltr' id='par_1_112' title="bbox 2125 5040 3700 5112">
     <span class='ocr_line' id='line_1_112' title="bbox 2125 5040 3700 5112; baseline -0.004 -15"><span class='ocrx_word' id='word_1_827' title='bbox 2125 5044 2353 5096; x_wconf 87' lang='grc' dir='ltr'>πατοῦσι</span> <span class='ocrx_word' id='word_1_828' title='bbox 2380 5042 2681 5112; x_wconf 86' lang='grc' dir='ltr'>δολιότητα.</span> <span class='ocrx_word' id='word_1_829' title='bbox 2715 5041 2820 5106; x_wconf 79' lang='grc' dir='ltr'><strong>ριιὶ</strong></span> <span class='ocrx_word' id='word_1_830' title='bbox 2849 5040 3158 5094; x_wconf 76' lang='lat' dir='ltr'><strong>conculcant</strong></span> <span class='ocrx_word' id='word_1_831' title='bbox 3185 5049 3544 5112; x_wconf 80' lang='lat' dir='ltr'><strong>paupertatem</strong></span> <span class='ocrx_word' id='word_1_832' title='bbox 3573 5054 3700 5090; x_wconf 80' lang='lat' dir='ltr'><strong>cou-</strong></span> 
     </span>
    </p>
   </div>
   <div class='ocr_carea' id='block_1_113' title="bbox 2121 5110 3694 5200">
    <p class='ocr_par' dir='ltr' id='par_1_113' title="bbox 2121 5110 3694 5200">
     <span class='ocr_line' id='line_1_113' title="bbox 2121 5110 3694 5200; baseline -0.003 -14"><span class='ocrx_word' id='word_1_833' title='bbox 2121 5133 2333 5186; x_wconf 80' lang='lat' dir='ltr'><strong>culcant</strong></span> <span class='ocrx_word' id='word_1_834' title='bbox 2358 5110 2617 5200; x_wconf 73' lang='lat' dir='ltr'><strong>fraudem.</strong></span> <span class='ocrx_word' id='word_1_835' title='bbox 2643 5128 2824 5200; x_wconf 85' lang='lat' dir='ltr'><strong>Tertia</strong></span> <span class='ocrx_word' id='word_1_836' title='bbox 2849 5127 3116 5200; x_wconf 72' lang='lat' dir='ltr'><strong>denique:</strong></span> <span class='ocrx_word' id='word_1_837' title='bbox 3141 5110 3268 5200; x_wconf 65' lang='grc' dir='ltr'><strong>ξὺν]</strong></span> <span class='ocrx_word' id='word_1_838' title='bbox 3286 5134 3694 5200; x_wconf 52' lang='lat' dir='ltr'><strong>naufraga-tn.</strong></span> 
     </span>
    </p>
   </div>
   <div class='ocr_carea' id='block_1_114' title="bbox 2126 5194 3697 5272">
    <p class='ocr_par' dir='ltr' id='par_1_114' title="bbox 2126 5194 3697 5272">
     <span class='ocr_line' id='line_1_114' title="bbox 2126 5194 3697 5272; baseline -0.006 -17"><span class='ocrx_word' id='word_1_839' title='bbox 2126 5194 2948 5272; x_wconf 25' lang='grc' dir='ltr'>ὑπεισελθοῦσης’ταπεινότητος</span> <span class='ocrx_word' id='word_1_840' title='bbox 2969 5194 3137 5272; x_wconf 68' lang='grc' dir='ltr'>ᾤχετο</span> <span class='ocrx_word' id='word_1_841' title='bbox 3157 5194 3465 5264; x_wconf 84' lang='grc' dir='ltr'>ἀσπασμός.</span> <span class='ocrx_word' id='word_1_842' title='bbox 3498 5195 3602 5272; x_wconf 66' lang='grc' dir='ltr'><strong>ριιὶ</strong></span> <span class='ocrx_word' id='word_1_843' title='bbox 3631 5208 3697 5245; x_wconf 75' lang='lat' dir='ltr'><strong>ea:</strong></span> 
     </span>
    </p>
   </div>
   <div class='ocr_carea' id='block_1_115' title="bbox 2124 5264 3698 5340">
    <p class='ocr_par' dir='ltr' id='par_1_115' title="bbox 2124 5264 3698 5340">
     <span class='ocr_line' id='line_1_115' title="bbox 2124 5264 3698 5340; baseline -0.008 -16"><span class='ocrx_word' id='word_1_844' title='bbox 2124 5273 2284 5326; x_wconf 78' lang='lat' dir='ltr'><strong>divite</strong></span> <span class='ocrx_word' id='word_1_845' title='bbox 2316 5264 2514 5338; x_wconf 57' lang='lat' dir='ltr'><strong>pauper</strong></span> <span class='ocrx_word' id='word_1_846' title='bbox 2547 5269 2714 5340; x_wconf 74' lang='lat' dir='ltr'><strong>factus</strong></span> <span class='ocrx_word' id='word_1_847' title='bbox 2741 5264 3237 5340; x_wconf 38' lang='lat' dir='ltr'><strong>est,_non_sc_tloatur</strong></span> <span class='ocrx_word' id='word_1_848' title='bbox 3267 5273 3322 5316; x_wconf 85' lang='lat' dir='ltr'><strong>ut</strong></span> <span class='ocrx_word' id='word_1_849' title='bbox 3354 5273 3508 5340; x_wconf 79' lang='lat' dir='ltr'><strong>ante._</strong></span> <span class='ocrx_word' id='word_1_850' title='bbox 3547 5264 3698 5326; x_wconf 80' lang='lat' dir='ltr'><strong>Quo-</strong></span> 
     </span>
    </p>
   </div>
   <div class='ocr_carea' id='block_1_116' title="bbox 2125 5334 3691 5412">
    <p class='ocr_par' dir='ltr' id='par_1_116' title="bbox 2125 5334 3691 5412">
     <span class='ocr_line' id='line_1_116' title="bbox 2125 5334 3691 5412; baseline -0.006 -17"><span class='ocrx_word' id='word_1_851' title='bbox 2125 5343 2273 5395; x_wconf 86' lang='lat' dir='ltr'><strong>circa</strong></span> <span class='ocrx_word' id='word_1_852' title='bbox 2299 5334 2365 5395; x_wconf 82' lang='lat' dir='ltr'><strong>ab</strong></span> <span class='ocrx_word' id='word_1_853' title='bbox 2391 5334 2616 5412; x_wconf 58' lang='lat' dir='ltr'><strong>Hebraeo</strong></span> <span class='ocrx_word' id='word_1_854' title='bbox 2635 5339 2746 5400; x_wconf 92' lang='lat' dir='ltr'><strong>illo,</strong></span> <span class='ocrx_word' id='word_1_855' title='bbox 2774 5351 2934 5412; x_wconf 80' lang='lat' dir='ltr'><strong>quem</strong></span> <span class='ocrx_word' id='word_1_856' title='bbox 2959 5335 3294 5412; x_wconf 64' lang='lat' dir='ltr'><strong>Epiphanius</strong></span> <span class='ocrx_word' id='word_1_857' title='bbox 3319 5334 3691 5412; x_wconf 72' lang='lat' dir='ltr'><strong>consuluerat,</strong></span> 
     </span>
    </p>
   </div>
   <div class='ocr_carea' id='block_1_117' title="bbox 2126 5402 3694 5471">
    <p class='ocr_par' dir='ltr' id='par_1_117' title="bbox 2126 5402 3694 5471">
     <span class='ocr_line' id='line_1_117' title="bbox 2126 5402 3694 5471; baseline -0.008 -6"><span class='ocrx_word' id='word_1_858' title='bbox 2126 5413 2311 5465; x_wconf 86' lang='lat' dir='ltr'><strong>l‘ucum</strong></span> <span class='ocrx_word' id='word_1_859' title='bbox 2343 5426 2470 5465; x_wconf 88' lang='lat' dir='ltr'><strong>esse</strong></span> <span class='ocrx_word' id='word_1_860' title='bbox 2505 5411 2709 5462; x_wconf 78' lang='lat' dir='ltr'><strong>factum</strong></span> <span class='ocrx_word' id='word_1_861' title='bbox 2749 5402 3072 5460; x_wconf 33' lang='lat' dir='ltr'><strong>eiistimat.’</strong></span> <span class='ocrx_word' id='word_1_862' title='bbox 3098 5402 3173 5456; x_wconf 91' lang='lat' dir='ltr'><strong>De</strong></span> <span class='ocrx_word' id='word_1_863' title='bbox 3210 5419 3315 5471; x_wconf 89' lang='lat' dir='ltr'><strong>qua</strong></span> <span class='ocrx_word' id='word_1_864' title='bbox 3357 5417 3416 5456; x_wconf 90' lang='lat' dir='ltr'><strong>re</strong></span> <span class='ocrx_word' id='word_1_865' title='bbox 3455 5402 3694 5471; x_wconf 78' lang='lat' dir='ltr'><strong>amplius</strong></span> 
     </span>
    </p>
   </div>
   <div class='ocr_carea' id='block_1_118' title="bbox 2125 5472 3694 5549">
    <p class='ocr_par' dir='ltr' id='par_1_118' title="bbox 2125 5472 3694 5549">
     <span class='ocr_line' id='line_1_118' title="bbox 2125 5472 3694 5549; baseline -0.005 -17"><span class='ocrx_word' id='word_1_866' title='bbox 2125 5481 2437 5536; x_wconf 83' lang='lat' dir='ltr'><strong>videndum.</strong></span> <span class='ocrx_word' id='word_1_867' title='bbox 2465 5480 2704 5549; x_wconf 85' lang='lat' dir='ltr'><strong>Apparet</strong></span> <span class='ocrx_word' id='word_1_868' title='bbox 2724 5484 2903 5529; x_wconf 89' lang='lat' dir='ltr'><strong>autem</strong></span> <span class='ocrx_word' id='word_1_869' title='bbox 2922 5475 2978 5526; x_wconf 92' lang='lat' dir='ltr'><strong>in</strong></span> <span class='ocrx_word' id='word_1_870' title='bbox 2999 5473 3181 5542; x_wconf 90' lang='lat' dir='ltr'><strong>priore</strong></span> <span class='ocrx_word' id='word_1_871' title='bbox 3207 5472 3501 5534; x_wconf 75' lang='lat' dir='ltr'><strong>sententia,</strong></span> <span class='ocrx_word' id='word_1_872' title='bbox 3528 5488 3694 5542; x_wconf 83' lang='lat' dir='ltr'><strong>quam</strong></span> 
     </span>
    </p>
   </div>
   <div class='ocr_carea' id='block_1_119' title="bbox 2125 5549 3690 5643">
    <p class='ocr_par' dir='ltr' id='par_1_119' title="bbox 2125 5549 3690 5643">
     <span class='ocr_line' id='line_1_119' title="bbox 2125 5549 3690 5643; baseline -0.009 -14"><span class='ocrx_word' id='word_1_873' title='bbox 2125 5572 2463 5643; x_wconf 83' lang='lat' dir='ltr'><strong>Epiphanius</strong></span> <span class='ocrx_word' id='word_1_874' title='bbox 2501 5569 2745 5638; x_wconf 82' lang='lat' dir='ltr'><strong>exponit,</strong></span> <span class='ocrx_word' id='word_1_875' title='bbox 2791 5574 2918 5620; x_wconf 87' lang='lat' dir='ltr'><strong>ante</strong></span> <span class='ocrx_word' id='word_1_876' title='bbox 2946 5549 3075 5624; x_wconf 58' lang='lat' dir='ltr'><strong>abut.</strong></span> <span class='ocrx_word' id='word_1_877' title='bbox 3111 5564 3302 5620; x_wconf 88' lang='lat' dir='ltr'><strong>deesse</strong></span> <span class='ocrx_word' id='word_1_878' title='bbox 3342 5565 3690 5643; x_wconf 77' lang='lat' dir='ltr'><strong>vocabulum,</strong></span> 
     </span>
    </p>
   </div>
   <div class='ocr_carea' id='block_1_120' title="bbox 2125 5649 3605 5734">
    <p class='ocr_par' dir='ltr' id='par_1_120' title="bbox 2125 5649 3605 5734">
     <span class='ocr_line' id='line_1_120' title="bbox 2125 5649 3605 5734; baseline -0.013 -15"><span class='ocrx_word' id='word_1_879' title='bbox 2125 5664 2268 5734; x_wconf 86' lang='lat' dir='ltr'><strong>quod</strong></span> <span class='ocrx_word' id='word_1_880' title='bbox 2315 5663 2414 5732; x_wconf 81' lang='grc' dir='ltr'><strong>τὴν</strong></span> <span class='ocrx_word' id='word_1_881' title='bbox 2467 5660 2768 5730; x_wconf 80' lang='grc' dir='ltr'>ἀποστολήν</span> <span class='ocrx_word' id='word_1_882' title='bbox 2822 5649 3126 5730; x_wconf 81' lang='lat' dir='ltr'><strong>signiticet,</strong></span> <span class='ocrx_word' id='word_1_883' title='bbox 3180 5672 3278 5727; x_wconf 87' lang='lat' dir='ltr'><strong>pro</strong></span> <span class='ocrx_word' id='word_1_884' title='bbox 3332 5671 3442 5728; x_wconf 90' lang='lat' dir='ltr'><strong>quo</strong></span> <span class='ocrx_word' id='word_1_885' title='bbox 3483 5660 3605 5715; x_wconf 73' lang='lat' dir='ltr'><strong>mm</strong></span> 
     </span>
    </p>
   </div>
   <div class='ocr_carea' id='block_1_121' title="bbox 2127 5735 3607 5797">
    <p class='ocr_par' dir='ltr' id='par_1_121' title="bbox 2127 5735 3607 5797">
     <span class='ocr_line' id='line_1_121' title="bbox 2127 5735 3607 5797; baseline -0.016 -6"><span class='ocrx_word' id='word_1_886' title='bbox 2127 5735 2536 5797; x_wconf 78' lang='lat' dir='ltr'><strong>substituimus.</strong></span> <span class='ocrx_word' id='word_1_887' title='bbox 3329 5789 3341 5795; x_wconf 92' lang='lat'><strong>_</strong></span> <span class='ocrx_word' id='word_1_888' title='bbox 3603 5759 3607 5768; x_wconf 93' lang='lat'><strong>.</strong></span> 
     </span>
    </p>
   </div>
   <div class='ocr_carea' id='block_1_122' title="bbox 3384 5821 3422 5880">
    <p class='ocr_par' dir='ltr' id='par_1_122' title="bbox 3384 5821 3422 5880">
     <span class='ocr_line' id='line_1_122' title="bbox 3384 5821 3422 5880; baseline 0 0"><span class='ocrx_word' id='word_1_889' title='bbox 3384 5821 3422 5880; x_wconf 87' lang='lat'>9</span> 
     </span>
    </p>
   </div>
  </div>
