4204 6370
516 336 635 396 267

1923 331 1983 390 S.
2019 331 2365 389 EPIPHANII

3656 340 3767 395 268

524 459 629 514 bus
668 454 803 512 meis
828 458 1154 526 propagata,
1197 450 1664 508 condemnationis
1693 450 1937 521 ipsorum
1960 490 1978 518 ,
2039 459 2095 508 et

2196 453 2430 526 κρίσεως
2462 432 2661 521 αὐτῶν,
2698 455 2790 509 καὶ
2824 456 3110 526 καταπατή
3120 468 3288 527 ματος
3311 456 3508 523 αὐτῶν,
3545 474 3638 512 και
3666 458 3766 512 πό-

525 546 958 604 conculcationis
1010 546 1273 615 ipsorum,
1310 551 1364 598 et
1409 544 1615 599 laboris
1654 544 1917 613 ipsorum,
1962 559 2098 600 con.

526 639 832 695 culcatione
874 639 930 693 in
981 635 1433 691 condemnatione
1471 649 1569 705 per
1616 642 1800 705 patres
1848 650 2001 691 meos
2029 651 2096 690 ex

527 731 832 800 abjectione
858 744 979 799 qua:
1015 727 1274 799 praeteriit
1303 726 1357 779 in
1382 726 1689 796 apostolatu
1725 724 2092 796 perfectionis.

527 822 658 889 Quae
687 822 870 877 omnia
916 822 971 875 in
1022 820 1113 874 illo
1157 819 1276 888 ipso
1315 818 1555 889 perfecta
1611 827 1769 883 sunt;
1805 818 1963 887 cujus
2013 819 2096 874 vis

525 915 706 970 omnis
745 923 908 984 atque
944 913 1094 967 fraus
1132 912 1185 966 in
1221 912 1449 965 nihilum
1477 918 1563 966 est
1588 911 1826 965 redacta.
1859 910 2011 977 Quod
2048 913 2095 968 si

527 1005 652 1075 quis
678 1004 1018 1074 singulorum
1049 1002 1339 1056 verborum
1366 1002 1862 1071 interpretationem
1907 1001 2097 1057 audire

525 1096 676 1159 velit,
717 1110 785 1148 ne
813 1094 915 1148 hoc
944 1093 1159 1163 quidem
1194 1093 1372 1147 facere
1402 1092 1676 1162 pigrabor,
1710 1093 1805 1148 sed
1833 1094 1899 1148 iis
1932 1094 2095 1148 etiam

527 1184 621 1253 qui
650 1183 956 1237 minutatim
989 1182 1129 1237 scire
1176 1181 1282 1236 ista
1322 1180 1633 1235 desiderant
1679 1181 1902 1237 omnino
1936 1182 2097 1236 satis-

528 1275 743 1331 faciam.
783 1275 954 1345 lgitur
983 1272 1214 1343 singulis
1241 1272 1467 1327 vocibus
1514 1273 1788 1343 prepriam
1828 1274 2098 1343 interpre-

524 1368 783 1423 tationem
849 1364 1192 1428 adscribam,
1255 1378 1375 1433 qua:
1429 1371 1515 1419 est
1581 1365 1851 1434 ejusmodi
1902 1366 2098 1420 :Abar

525 1464 797 1524 transeat;
844 1455 1019 1520 Anid,
1066 1453 1340 1524 abjectio;
1388 1453 1551 1521 Moib,
1595 1470 1623 1508 a
1659 1456 1902 1524 patribus
1963 1458 2095 1511 meis

525 1556 851 1618 propagata;
877 1544 1120 1608 Nocbile,
1156 1546 1624 1602 condemnationis
1657 1547 1896 1615 ipsorum
1921 1564 1934 1611 ;
1956 1544 2096 1600 Daa-

512 1639 626 1693 sim
669 1676 685 1701 ,
715 1645 770 1691 et
800 1634 1228 1690 conculcationis
1279 1635 1556 1704 ipsorum;
1613 1633 1750 1700 Ane,
1792 1642 1846 1689 et
1891 1635 2093 1690 laboris

516 1730 798 1801 ipsorum;
837 1726 1074 1790 Daasim,
1125 1725 1570 1796 proculcatione;
1610 1724 1835 1781 Nochile
1881 1725 1936 1779 in
1963 1741 2094 1781 con-

2197 562 2288 599 νου
2321 546 2521 611 αὐτῶν,
2569 550 2993 620 καταπατήματι
3042 550 3100 601 ἐν
3150 550 3471 620 κατακρίσει
3518 549 3606 603 διὰ
3652 550 3767 605 τῶν

2197 637 2448 707 πατέρων
2477 654 2599 705 μου,
2627 638 2737 690 ἀπὸ
2760 637 3137 701 ταπεινώσεως
3163 635 3539 709 παρελθούσης
3556 640 3614 693 ἐν
3631 640 3771 693 ἁπο-

2199 727 2356 798 στολῇ
2403 726 2752 790 τελειώσεως.
2788 729 2905 781 Ἐπ’
2940 728 3086 798 αύτῷ
3126 729 3183 782 δὲ
3236 730 3412 784 πάντα
3464 728 3768 799 πληροῦται

2194 816 2386 871 ταῦτα.
2413 818 2728 872 Κεκένωται
2754 818 2864 891 γὰρ
2889 818 3054 873 αὐτοῦ
3075 821 3107 890 ἡ
3138 820 3364 891 δύναμις
3388 820 3534 890 καὶὴ
3563 819 3770 890 πλάνη.

2197 910 2258 961 Ei
2318 911 2374 963 δέ
2403 908 2461 963 ἓν
2500 910 2655 981 ῥῆμα
2695 911 2831 983 πρὸς
2866 911 2923 964 ἓν
2956 910 3170 981 θελήσει
3210 928 3294 976 τις
3339 911 3479 965 κατά
3510 911 3773 964 λεπτολο-

2196 1003 2321 1070 γίαν
2349 1001 2579 1056 ἀκοῦσαι
2603 1003 3057 1074 ἑρμηνευόμενον,
3093 1002 3364 1055 καὶτοῦτο
3392 1004 3491 1055 οὐκ
3516 1002 3583 1056 ἂν
3605 1002 3770 1074 ὀκνή-

2198 1110 2391 1163 σαιμεν
2430 1095 2675 1164 ποιῆσαι,
2715 1094 2831 1147 ἀλλ’
2862 1096 2940 1157 εἱς
2971 1093 3208 1163 καθῆκον
3251 1093 3394 1147 κατά
3442 1095 3616 1147 πάντα
3654 1093 3769 1146 τῶν

2197 1184 2535 1255 βουλομένων
2559 1185 2582 1215 ²
2619 1184 2956 1253 λεπτολόγως
2996 1184 3235 1249 ἀκούειν,
3286 1184 3425 1238 αύτά
3463 1184 3527 1256 δὴ
3565 1184 3633 1239 τὰ
3666 1187 3765 1258 ρήο

2198 1294 2344 1347 ματα
2372 1276 2535 1329 αὑτοῦ
2560 1279 2653 1329 καὶ
2672 1278 2770 1340 τὰς
2794 1277 2972 1330 αὐτῶν
2997 1277 3291 1348 ἑρμηνείας
3313 1277 3568 1348 ἄντικρυς
3594 1294 3775 1348 παραυ

2197 1368 2495 1440 θησόμεθα,
2525 1370 2619 1424 καὶ
2650 1370 2796 1423 ἐστιν
2824 1369 3016 1433 οὕτως·
3051 1370 3225 1441 Ἀϐαρ
3256 1370 3589 1441 παρελθέτω
3620 1371 3770 1424 Ἀνὶδ

2194 1462 2542 1525 ταπείνωσις·
2584 1461 2743 1515 Μωῖὅ
2785 1464 2817 1532 ή
2859 1464 2923 1515 ἐκ
2963 1463 3215 1534 πατέρων
3259 1480 3381 1533 μου·
3418 1462 3631 1533 Νωχιλέ
3664 1464 3767 1534 τῆς

2195 1553 2575 1625 κατακρίσεως
2621 1552 2820 1607 αὐτῶν·
2881 1555 3094 1625 Δαασ“ιμ
3153 1556 3244 1609 καὶ
3304 1557 3767 1626 καταπατήματος

2195 1645 2391 1699 αύτῶψ
2442 1644 2569 1715 Ἀνὴ
2615 1644 2713 1698 καὶ
2755 1645 2919 1700 πόνου
2952 1646 3147 1702 αὐτῶν·
3195 1648 3411 1717 Δαασὶμ
3448 1649 3769 1718 καταπατη-

2198 1754 2347 1807 ματι⁸
2376 1737 2585 1807 Νωχιλὲ
2614 1739 2670 1791 ἐν
2701 1738 3040 1810 κατακρίσει·
3072 1739 3228 1792 Μωῒῦ
3255 1739 3344 1793 διὰ
3371 1739 3478 1792 τῶν
3511 1740 3767 1811 πατέρων

512 1800 904 1884 demnatione;
936 1817 1081 1874 Moib
1111 1833 1205 1888 per
1251 1826 1434 1887 patres
1467 1833 1651 1885 meos;
1696 1817 1858 1880 Anid,
1891 1832 1959 1873 ex
1998 1819 2095 1873 ab-

2197 1800 2317 1900 μου⁸
2354 1800 2504 1882 Ἀνὶδ
2538 1830 2645 1882 ἀπὸ
2692 1800 3093 1894 ταπεινώσεως·
3142 1832 3319 1903 ’Δΰαρ
3364 1800 3761 1902 παρελθούσης·

515 1914 756 1985 jectione
779 1911 977 1979 ;Abar,
1009 1924 1129 1980 qua:
1150 1909 1443 1980 praeteriit;
1471 1906 1649 1964 Selam
1667 1947 1682 1972 ,
1710 1909 1767 1963 in
1791 1910 2096 1980 apostolatu

516 2004 891 2077 perfectionis.

593 2094 657 2149 V.
683 2092 963 2166 Ejusmodi
986 2102 1069 2149 est
1085 2091 1419 2147 Ossenorum
1441 2096 1865 2145 commemorata
1886 2104 1915 2143 a
1937 2088 2094 2145 nobis

517 2189 765 2251 haeresis,
789 2202 909 2258 qua:
935 2200 1057 2241 cum
1086 2183 1399 2239 Iudaeorum
1423 2185 1491 2238 ad
1512 2184 1676 2237 ritum
1701 2184 1865 2237 vitam
1892 2183 2091 2253 exigat,

519 2287 575 2335 et
606 2277 926 2341 Sabbatum,
960 2291 1023 2330 ac
1055 2274 1527 2329 circumcisionem
1573 2283 1835 2344 usurpet,
1881 2273 2095 2342 aliaque

519 2388 641 2444 qua:
659 2371 786 2442 iege
806 2370 1241 2441 praescribuntur
1262 2369 1442 2424 omnia
1460 2407 1475 2433 ,
1513 2376 1692 2423 certos
1719 2374 1899 2421 tamen
1925 2365 2093 2419 libros

518 2462 903 2520 Nazaraaorum
933 2464 1180 2532 exemplo
1224 2462 1473 2531 repudiat
1506 2480 1518 2514 :
1562 2467 1726 2529 atque
1759 2473 1791 2512 a
1830 2473 1926 2512 sex
1963 2457 2090 2511 reli-

518 2557 643 2628 quis
664 2556 830 2610 sectis
858 2555 1006 2609 velut
1038 2553 1331 2609 schismate
1360 2552 1680 2622 sejungitur.
1706 2549 1813 2605 Sed
1845 2550 1911 2602 ad
1945 2549 2091 2602 illam

516 2646 765 2701 funditus
798 2642 1191 2715 profligandam
1232 2658 1397 2697 unum
1430 2642 1562 2696 illud
1594 2641 1856 2705 sufﬁciet,
1885 2639 2031 2711 quod
2059 2655 2090 2694 a

516 2737 630 2793 Deo
658 2737 873 2808 penitus
902 2737 1212 2791 abhorreat.
1250 2735 1459 2789 Etenim
1487 2750 1609 2789 cum
1654 2734 1860 2789 diserte
1899 2732 2087 2788 Domi-

517 2843 622 2884 nus
636 2837 864 2892 asserat,
884 2826 1199 2883 sacerdotes
1213 2826 1265 2880 in
1284 2827 1484 2897 templo
1504 2826 1707 2880 violare
1730 2825 2025 2880 Sabbatum
2045 2826 2087 2889 ¹,

515 2918 648 2991 quid
679 2918 932 2974 estaliud
961 2932 1068 2988 quo
1096 2918 1302 2972 violare
1328 2917 1469 2972 diem
1500 2917 1649 2971 illum
1682 2918 1958 2982 dicuntur,
1980 2915 2089 2971 nisi

513 3010 661 3082 quod
695 3009 932 3064 Sabbato
960 3022 1119 3064 nemo
1157 3023 1294 3075 opus
1322 3008 1492 3061 ullum
1529 3006 1764 3071 faceret;
1810 3014 1865 3060 at
1906 3020 2090 3061 sacer~

514 3101 671 3157 dotes
707 3101 764 3155 in
792 3100 993 3170 templo
1025 3098 1309 3154 sacriﬁciis
1334 3098 1548 3169 operati
1574 3097 1871 3152 Sabbatum
1906 3097 2086 3195 solve:-
2112 3133 2158 3195 ρ

514 3203 657 3257 rent,
691 3199 747 3248 et
794 3192 1095 3246 hostiarum
1145 3191 1479 3245 mactatione
1523 3189 1746 3245 assidua
1778 3187 2085 3245 violarent?

516 3283 624 3340 Sed
657 3299 757 3356 ego
778 3283 1009 3339 hazresin
1035 3283 1180 3337 illam
1210 3283 1637 3351 praetermittam.
1677 3280 1810 3336 Nam
1848 3289 1903 3337 et
1932 3280 2085 3335 Elxai

514 3388 708 3430 rursus
738 3374 843 3429 iste
870 3388 994 3428 cum
1032 3372 1325 3438 Ebionmis,
1351 3373 1443 3443 qui
1486 3371 1690 3427 Christi
1721 3380 1963 3441 tempora
1996 3386 2085 3426 se-

515 3464 627 3519 cuti
668 3472 816 3528 sunt,
848 3464 1175 3533 conjunctus
1204 3470 1307 3530 est,
1341 3477 1443 3517 nec
1474 3477 1582 3517 non
1618 3477 1742 3516 cum
1769 3461 2087 3532 posteriori-

514 3557 618 3612 bus
643 3555 914 3611 Nazaraais
930 3575 946 3625 ;
963 3571 1197 3627 eumque
1219 3564 1382 3613 secta:
1401 3564 1637 3627 quatuor
1664 3563 1942 3611 auctorem
1978 3554 2084 3610 sibi

512 3648 824 3712 vindicant,
851 3664 972 3718 qua:
1021 3649 1167 3702 illius
1196 3649 1487 3719 praestigiis
1531 3646 1837 3701 aﬂiciuntur
1871 3665 1883 3699 :
1921 3645 2085 3700 nimi-

512 3754 634 3794 rum
670 3738 905 3795 Ebionaei
926 3781 940 3805 ,
974 3754 1037 3794 ac
1084 3740 1413 3811 posteriores
1448 3738 1715 3803 Nazaraei,
1766 3738 1959 3794 Osseni
1992 3739 2084 3808 qui

511 3837 624 3884 tam
660 3838 788 3885 ante
825 3830 1000 3895 illum,
1032 3846 1196 3901 quam
1223 3846 1346 3885 cum
1387 3831 1480 3890 illo
1524 3831 1865 3901 prodierunt,
1894 3839 1948 3884 et
1977 3828 2085 3883 Na-

511 3921 695 3984 :arazi,
720 3921 788 3976 de
823 3922 1022 3991 quibus
1057 3933 1216 3976 antea
1241 3922 1533 3991 disputavi.
1567 3921 1837 3977 Caeterum
1868 3936 1975 3975 una
2001 3928 2086 3975 est

513 4012 629 4066 haec
676 4012 896 4067 haeresis
949 4028 1014 4067 ex
1066 4014 1174 4068 illis
1224 4022 1465 4084 septem,
1521 4029 1640 4084 quae
1692 4012 2083 4084 Hierosolymis

512 4102 863 4168 exstiterunt,
903 4110 956 4157 et
987 4103 1053 4157 ad
1084 4103 1289 4158 Christi
1314 4103 1605 4157 adventum
1631 4101 1741 4174 44
1761 4118 1935 4171 usque
1956 4116 2084 4169 pro-

509 4202 716 4261 pagata
745 4202 893 4257 sunt,
935 4209 999 4247 ac
1026 4193 1281 4263 deinceps
1321 4194 1390 4249 ab
1431 4194 1594 4263 hujus
1633 4194 1968 4263 temporibus
2014 4192 2083 4246 ad

512 4283 1064 4355 llierosolymitanum
1081 4285 1374 4349 excidium,
1401 4285 1547 4355 quod
1564 4285 1686 4339 Tito
1728 4285 1867 4338 duce
1902 4283 2082 4337 conti-

506 4376 606 4445 git,
625 4374 915 4431 Domitiani
935 4376 1121 4440 fratre,
1146 4385 1200 4431 et
1220 4374 1542 4446 Vespasiani
1571 4376 1916 4446 imperatoris
1947 4376 2077 4431 filio.

2193 1921 2375 1992 Σελάμ
2399 1923 2456 1974 ἐν
2486 1922 2755 1993 ἀποστολῇ
2780 1921 3128 1984 τελειώσεως.

2262 2096 2337 2152 E'.
2381 2098 2529 2170 Αῦτη
2564 2098 2694 2168 γοῦν
2742 2103 2775 2171 ὴ
2825 2101 3037 2172 αἵρεσις
3088 2103 3120 2172 ἡ
3170 2099 3277 2153 τῶν
3322 2100 3600 2171 Ὀσσηνῶν
3648 2100 3766 2155 ἄνω

2192 2190 2585 2262 προειρημένη,
2620 2193 2652 2261 ἡ
2682 2191 3070 2263 πολιτευομένη
3103 2191 3203 2261 μὲν
3236 2192 3333 2263 τὴν
3363 2191 3470 2244 τῶν
3491 2191 3767 2244 Ἰουδαίων

2192 2278 2486 2344 πολιτείαν,
2512 2281 2652 2334 κατά
2673 2280 2732 2333 τὸ
2760 2280 3105 2346 σαϐϐατίζειν
3125 2299 3185 2334 τε
3204 2282 3295 2334 καὶ
3318 2280 3761 2352 περιτέμνεσθαι,

2190 2371 2283 2423 καὶ
2308 2369 2401 2423 τοῦ
2427 2371 2593 2442 νόμου
2617 2375 2790 2425 ποιεῖν
2811 2373 2879 2426 τὰ
2905 2374 3100 2437 πάντα,
3127 2374 3285 2443 μόνον
3316 2373 3373 2425 δὲ
3401 2373 3763 2444 ἀπαγορεύειν

2189 2464 2289 2527 τὰς
2317 2464 2532 2535 βίϐλους
2564 2465 2767 2536 ὁμοίως
2801 2467 2912 2529 τοῖς
2941 2464 3292 2536 Ναζαραίοις.
3328 2465 3538 2535 Σχίσμα
3575 2464 3631 2517 δὲ
3670 2466 3764 2534 ἐρ-

2189 2555 2413 2623 γάζεται
2447 2555 2587 2626 αῦτη
2638 2555 3002 2627 διαφερομένη
3051 2556 3187 2626 πρὸς
3223 2555 3322 2619 τὰς
3362 2555 3525 2618 ἄλλας
3562 2554 3619 2621 ἒξ
3652 2554 3762 2608 τῶν

2188 2647 2451 2717 αἱρέσεων
2480 2648 2705 2701 τούτων.
2744 2647 2996 2718 Ἀρκέσει
3028 2646 3158 2715 γοῦν
3180 2650 3260 2709 εἰς
3287 2648 3599 2718 ἀνατροπὴν
3627 2646 3761 2699 ταύ-

2187 2752 2287 2806 της
2318 2737 2379 2789 τὸ
2404 2732 2542 2791 εἶναι
2577 2738 2746 2809 αὐτὴν
2784 2737 3069 2809 ἀλλοτρίαν
3106 2737 3262 2803 Θεοῦ,
3293 2738 3393 2791 τοῦ
3421 2737 3625 2808 Κυρίου
3658 2754 3760 2789 σα-

2188 2827 2303 2897 φῶς
2328 2827 2600 2897 λέγοντος,
2629 2830 2711 2882 ὅτι
2746 2829 2796 2881 οἱ
2827 2830 2991 2900 ἱερεῖς
3020 2829 3080 2881 ἑν
3111 2826 3189 2898 τῷ
3222 2828 3349 2899 ἱερῷ
3380 2828 3665 2900 βεὸηλοῦσι
3698 2830 3763 2882 τὸ

2188 2918 2483 2973 Σάὅόατον.
2529 2920 2597 2971 Ἦ
2628 2919 2683 2972 δὲ
2720 2919 3019 2989 βεϐήλωσις
3047 2920 3143 2972 τοῦ
3176 2920 3457 2974 Σαϐϐάτου
3480 2922 3564 2984 τίς
3593 2921 3761 2991 αὕτη,

2187 3009 2302 3062 ἀλλ’
2349 3010 2430 3062 ὅτι
2462 3009 2621 3081 ἔργον
2654 3011 2829 3074 οὐδεὶς
2858 3013 3142 3083 εἰργάζετο
3180 3014 3236 3065 ἐν
3264 3011 3343 3081 τῷ
3374 3012 3656 3083 Σαϐὅάτῳ,
3698 3015 3765 3068 ἐν

2187 3097 2244 3149 δὲ
2274 3097 2351 3168 τῷ
2396 3099 2524 3171 ἱερῷ
2567 3100 2756 3153 θυσίαν
2796 3102 2845 3153 οἱ
2894 3103 3060 3173 ἱερεῖς
3107 3101 3478 3166 ἐπιτελοῦντες
3511 3101 3664 3155 ἔλυον
3694 3102 3761 3155 τὸ

2188 3188 2484 3254 Σάϐϐατον,
2534 3188 2885 3261 βεδηλοῦντες
2909 3190 3000 3243 διὰ
3049 3192 3146 3263 τὴν
3176 3191 3424 3262 ἐνδελεχῆ
3455 3190 3568 3247 τῶν
3602 3193 3761 3255 ζώων

2188 3279 2408 3346 θυσίαν;
2438 3280 2852 3351 Παρελεύσομαι
2881 3282 2975 3335 καὶ⁵
3005 3281 3210 3351 ταύτην
3233 3283 3331 3353 τὴν
3360 3283 3591 3354 αἵρεσιν.
3625 3284 3759 3337 Συνσ.

2185 3371 2354 3443 ἧπται
2386 3373 2495 3444 γὰρ
2520 3367 2675 3437 οὗτος
2708 3373 2871 3427 πάλιν
2905 3376 2934 3426 ὁ
2966 3373 3158 3439 Ἥλξαῒ
3191 3377 3303 3437 τοῖς
3340 3376 3479 3446 μετὰ
3508 3376 3601 3429 τὸν
3626 3377 3762 3448 Χρι-

2189 3461 2308 3515 στὸν
2349 3462 2703 3528 Ἐδιωναίοις,
2751 3463 2888 3517 ἀλλὰ
2930 3465 3025 3519 καὶ
3082 3467 3195 3528 τοῖς
3241 3466 3598 3536 Ναζαραίοις,
3645 3469 3759 3530 τοῖς

2188 3551 2481 3620 μετέπειτα
2524 3552 2797 3621 γεγονόσι·
2842 3554 2937 3609 καὶ
2979 3555 3273 3626 κέχρηνται
3308 3554 3458 3625 αὐτῷ
3495 3555 3760 3628 τέσσαρες

2186 3644 2446 3715 αἱρέσεις,
2485 3645 2675 3717 ἐπειδὴ
2719 3645 3002 3714 θελγονται
3044 3649 3113 3717 τῇ
3140 3646 3303 3701 αὐτοῦ
3336 3647 3532 3719 πλάνη·
3569 3647 3760 3700 Ἐϐιω-

2185 3734 2350 3789 ναίων
2390 3751 2472 3800 τε,
2513 3736 2619 3789 τῶν
2668 3737 2962 3808 μετέπειτα
3005 3737 3354 3809 Ναζαραίων,
3397 3738 3674 3810 Ὀσσηνῶν
3697 3755 3758 3791 τε

2183 3824 2293 3878 τῶν
2328 3826 2434 3897 πρὸ
2469 3827 2633 3880 αὐτοῦ
2676 3829 2772 3881 καὶ
2812 3829 2909 3884 σὺν
2944 3828 3113 3899 αύτῷ,
3158 3830 3255 3882 καὶ
3290 3826 3617 3900 Ναζαραίων
3648 3830 3758 3882 τῶν

2184 3915 2298 3969 ἄνω
2331 3933 2420 3986 μοι
2466 3917 2980 3989 προδεδηλωμένων.
3019 3918 3169 3989 Αὕτη
3213 3919 3271 3972 δὲ
3314 3921 3347 3989 η
3391 3919 3602 3990 αἵρεσις
3646 3918 3758 3971 τῶν

2185 4008 2325 4061 ἑπτά
2360 4006 2469 4060 τῶν
2512 4010 2571 4061 ἑν
2612 4009 3027 4080 Ἱεροσολύμοις,
3063 4012 3269 4074 αἵτινες
3303 4011 3587 4081 ἐνέμειναν
3625 4012 3757 4082 ἄχρι

2184 4103 2284 4169 τῆς
2312 4099 2407 4152 τοῦ
2441 4101 2676 4174 Χριστοῦ
2710 4102 3033 4173 παρουσίας,
3076 4104 3173 4156 καὶ
3218 4102 3356 4173 μετά
3392 4104 3493 4175 τὴν
3518 4102 3757 4174 Χριστοῦ

2184 4188 2447 4260 ἑνσαρκον
2498 4191 2799 4259 παρουσίαν
2856 4193 2985 4264 ἄχρι
3035 4193 3135 4262 τῆς
3190 4193 3304 4246 τῶν
3365 4194 3757 4265 Ἱεροσολύμων

2185 4280 2457 4346 ἁλώσεως,
2487 4282 2610 4352 ἥτις
2638 4283 2862 4352 γέγονεν
2898 4284 3003 4336 ὑπὸ
3041 4283 3199 4337 Τίτου
3233 4284 3498 4354 βασιλέως
3519 4283 3754 4354 ἀδελφοῦ

2183 4370 2533 4441 Δομετιανοῦ,
2573 4372 2689 4425 υἱοῦ
2726 4373 2783 4426 δὲ
2817 4375 3225 4429 Οὐεσπασιανοῦ
3271 4375 3553 4445 βασιλέως.
3601 4377 3757 4431 Μετὰ

509 4464 547 4519 Γ
555 4475 641 4522 ost
680 4482 869 4521 eversa
913 4466 1132 4522 demum
1184 4466 1556 4540 Hierosolyma
1600 4470 1752 4523 stetit
1802 4469 1894 4523 illa
1929 4470 2078 4524 brevi

2187 4461 2243 4514 δέ
2289 4461 2385 4533 τὴν
2426 4462 2535 4516 τῶν
2590 4464 2979 4536 Ἱεροσολύμων
3026 4466 3223 4521 ἅλωσιν
3273 4468 3560 4537 ἐπέμεινεν
3612 4467 3648 4537 ἥ
3691 4483 3754 4520 τε

505 4568 752 4627 tempore
781 4572 905 4611 cum
934 4559 1145 4612 caeteris
1176 4574 1295 4627 qua:
1325 4567 1434 4612 tum
1461 4560 1878 4615 celebrabantur
1894 4564 2080 4628 sectis;

508 4662 696 4717 eaeque
737 4645 959 4701 fuerunt
1000 4646 1423 4700 Sadduczeorum
1445 4686 1459 4712 ,
1499 4647 1815 4704 Scribarum
1839 4692 1853 4717 ,
1885 4648 2082 4704 Phari-

508 4753 769 4801 saeorum,
815 4736 1430 4807 Hemerobaptistarum,
1475 4738 1891 4806 Nazaraeorum,
1923 4741 2085 4797 Osse-

508 4844 707 4885 norum
738 4837 793 4884 et
821 4827 1276 4893 Herodianorum,
1303 4830 1477 4884 donec
1502 4846 1601 4885 sua
1624 4848 1851 4903 quaeque
1882 4848 2085 4903 oppor-

508 4921 743 4976 tunitate
772 4934 837 4973 ac
869 4926 1114 4989 tempore
1140 4919 1403 4989 dissipata
1429 4923 1613 4990 periit.

581 5009 672 5066 Vl.
712 5009 992 5066 Postremo
1025 5011 1160 5065 satis
1195 5026 1318 5066 esse
1358 5012 1537 5078 debet,
1572 5013 1717 5083 quod
1753 5028 1820 5069 ex
1848 5014 2081 5084 ipsamet

506 5104 727 5159 illorum
756 5102 997 5167 vesania,
1032 5102 1272 5172 ipsisque
1310 5101 1447 5158 adeo
1480 5104 1729 5169 vocibus,
1761 5106 1961 5175 quibus
1983 5108 2082 5161 do-

507 5202 689 5265 gmata
722 5207 820 5248 sua
865 5193 1197 5263 pradicant,
1230 5201 1420 5247 contra
1462 5194 1659 5249 letbale
1695 5211 1884 5251 eorum
1926 5198 2081 5252 virus

506 5284 816 5354 comparari
847 5285 1163 5356 remedium;
1188 5293 1393 5354 potest,
1445 5286 1514 5340 ab
1552 5300 1619 5339 eo
1647 5286 1743 5355 qui
1789 5288 2078 5357 prudentia

507 5373 687 5442 aliqua
736 5376 808 5427 sit
854 5374 1146 5443 praeditus,
1203 5382 1261 5428 ut
1304 5373 1463 5431 facile
1511 5376 1789 5430 sordidam
1846 5377 2079 5433 istorum

422 5510 425 5515 .
507 5464 849 5530 doctrinam,
890 5473 945 5520 et
984 5466 1366 5536 loquacitatem
1405 5467 1752 5522 condemnet.
1796 5466 2079 5540 Praecipue

507 5566 576 5610 ex
607 5569 674 5609 eo
703 5556 844 5625 quod
885 5563 996 5611 tam
1040 5558 1095 5612 in
1134 5558 1281 5628 lege,
1329 5573 1491 5631 quam
1523 5559 1579 5616 in
1621 5558 1915 5633 Evangelia
1942 5564 2014 5619 sit
2045 5577 2077 5618 a

581 5706 601 5738 ⁸
636 5706 823 5764 Matth.
850 5726 948 5777 xu,
979 5712 1040 5783 .5.
1113 5714 1134 5745 ³
1164 5712 1310 5770 Fort.
1331 5713 1407 5786 τῷ
1434 5714 1765 5790 βουλομένῳ.

2181 4552 2341 4623 αὕτη,
2371 4555 2464 4607 καὶ
2504 4556 2560 4608 αἱ
2593 4555 2749 4609 ἄλλαι
2781 4556 2946 4627 ὀλίγῳ
2970 4557 3048 4627 τῷ
3079 4558 3255 4628 χρόνῳ
3292 4559 3349 4611 αἱ
3381 4558 3753 4628 φημιζόμεναι

2181 4647 2443 4719 αἱρέσεις,
2479 4648 2855 4703 Σαδδουκαίων
2886 4651 3047 4720 φημὶ,
3074 4652 3168 4703 καὶ
3210 4651 3609 4721 Γραμματέων,
3644 4652 3753 4703 Φα-

2181 4736 2407 4807 ρισαίων
2426 4755 2505 4805 τε,
2520 4738 2614 4792 καὶ
2627 4738 3163 4811 Ἦμεροϐαπτιστῶν,
3182 4742 3276 4794 καὶ
3292 4742 3754 4811 Ναζαραίων,⁷καὶ

2180 4828 2477 4901 Ὀσσηνῶν,
2506 4830 2975 4902 καὶἩρωδιανῶψ
2997 4831 3153 4902 ἄχρις
3178 4826 3238 4885 οὗ
3268 4830 3412 4884 κατὰ
3436 4832 3629 4902 καιρὸν
3656 4831 3758 4885 καὶ

2180 4921 2322 4974 κατά
2339 4920 2529 4992 χρόνον
2554 4922 2759 4991 ἑκάστη
2790 4922 2969 4977 αὐτῶν
2998 4922 3483 4992 διασκορπισθεὼα
3507 4922 3748 4994 διελύθη.

2254 5015 2343 5079 ς’.
2377 5012 2651 5084 Ἀρκετῶς
2686 5013 2742 5065 δὲ
2782 5014 2926 5084 ἔχειν
2963 5014 3057 5067 ἀπ’
3091 5013 3261 5082 αὐτῆς
3287 5014 3386 5084 τῆς
3415 5014 3594 5068 αὐτῶν
3622 5032 3753 5088 φρε-

2179 5103 2516 5170 νοϐλαϐείας,
2566 5104 2662 5158 καὶ
2703 5104 2809 5158 τῶν
2852 5107 3113 5179 ῥημάτων
3141 5108 3234 5160 τοῦ
3266 5106 3622 5179 κηρύγματος
3655 5109 3755 5162 τοῦ

2176 5192 2508 5265 δηλητηρίου
2559 5195 2639 5248 ίοῦ
2691 5196 3049 5267 ἀλεξητήριον
3092 5198 3269 5269 ἑαυτῷ
3310 5199 3486 5253 πάντα
3520 5202 3752 5273 νουνεχῆ

2180 5285 2605 5349 κατασκευάσαι,
2647 5286 2984 5353 καταγνόντα
3011 5287 3109 5357 τῆς
3155 5289 3528 5359 συρφετώδους
3574 5290 3753 5343 αὐτῶν

2179 5376 2528 5441 διδασκαλίας
2556 5395 2615 5431 τε
2647 5379 2740 5431 κει.)⁸
2776 5378 2985 5443 λαλιᾶς,
3024 5380 3116 5434 καί
3146 5381 3382 5450 μάλιστα
3415 5382 3507 5436 τοῦ
3542 5381 3751 5453 Κυρίου

2180 5466 2340 5530 εὐθὺς
2377 5466 2627 5535 λέγοντος
2649 5465 2706 5520 ἐν
2737 5484 2796 5520 τε
2820 5467 2898 5538 τῷ
2928 5468 3075 5541 νόμῳ
3100 5472 3193 5523 καὶ
3220 5474 3276 5524 ὲν
3302 5471 3379 5543 τῷ
3407 5473 3751 5542 Εὑαγγελίῳο

2174 5559 2297 5613 οὐκ
2338 5557 2582 5613 ἔσονται
2610 5573 2709 5614 σοι
2732 5559 2853 5615 θεοὶ
2876 5559 3062 5630 ἕτεροι
3083 5562 3249 5633 πλὴν
3273 5562 3440 5634 ἐμοῦ·
3472 5566 3543 5621 οὐ
3568 5563 3744 5635 λήψῃ
