4204 6370
442 344 549 400 269

1140 350 1509 411 aovsnsus
1547 339 1888 411 umnsses
1924 355 2054 413 LIB.
2097 356 2137 413 ι.
2191 360 2350 419 ΤΟΜ.
2394 362 2431 417 ι.
2474 396 2541 406 -
2580 366 2853 426 uanas.
2896 369 3013 427 xx.

3600 376 3709 435 270

444 459 632 530 ὄνομά
678 479 845 529 τινος
890 462 1097 534 ἐτέρου
1139 463 1235 534 ἐφ’
1284 465 1460 533 ὄρκῳο
1502 468 1598 522 καὶ
1636 467 1799 523 πάλιν
1847 470 1907 523 ἐν
1949 470 2006 541 τῆ

2133 470 2361 531 Domino
2392 477 2594 534 dictum
2623 479 2780 537 :Non
2808 482 3020 536 habebis
3059 484 3178 538 deos
3228 485 3361 540 alios
3388 498 3579 555 prmter
3602 507 3704 546 me.

442 551 763 624 Εὑαγγελίῳ
795 554 1067 624 λέγοντος
1103 556 1199 625 Μὴ
1236 558 1487 626 ἐμνύναι
1514 559 1667 628 μήτε
1703 562 1811 614 τὸν
1840 563 2019 629 οὐρα-

440 643 570 708 νὸν,
598 644 756 712 μήτε
785 645 902 714 τὴν
937 647 1075 716 γῆν,
1093 647 1247 717 μήτε
1265 649 1470 718 ἕτερόν
1493 668 1627 705 τινα
1657 652 1858 719 ὅρκον·
1878 655 2021 709 ἀλλ’

440 729 560 799 ἤτω
587 732 756 798 ὑμῶν
788 735 853 788 τὸ
886 735 985 790 ναὶ
1021 738 1144 802 ναὶ,
1179 739 1281 793 καὶ
1320 739 1386 793 τό
1422 739 1495 794 οὒ
1521 742 1615 795 οὔ·
1646 744 1712 797 τὸ
1738 750 2019 815 περισσό-

441 838 615 890 τερον
640 823 753 892 γὰρ
775 826 1002 879 τούτων
1019 828 1089 882 ἐκ
1114 829 1219 884 τοῦ
1248 834 1517 902 πονηροῦ
1554 836 1833 905 ὑπάρχει.
1876 838 2018 907 Ἐγὼ

438 911 498 964 δὲ
531 913 660 986 περὶ
692 915 884 969 τούτου
920 918 1128 989 νομίζω
1157 919 1410 978 θεσπίσαι
1439 924 1531 979 τὸν
1565 925 1790 999 Κύριον,
1828 929 1914 984 διὰ
1957 932 2018 985 τὸ

442 1003 656 1074 μέλλειν
683 1007 838 1071 τινὰς
865 1007 1065 1077 λέγειν,
1101 1011 1159 1064 ἐν
1192 1010 1373 1078 ἄλλοις
1397 1016 1655 1087 ὀνόμασιν
1688 1020 1850 1092 ὅρκον
1881 1039 2016 1094 προ-

440 1095 752 1152 ϐάλλεσθαι.
784 1100 1005 1170 Πρῶτον
1035 1103 1133 1172 μὲν
1161 1100 1276 1173 οὖν,
1309 1106 1393 1161 ὅτι
1421 1107 1481 1161 οὐ
1517 1109 1601 1164 δεῖ
1629 1111 1858 1183 ὀμνύναι
1892 1114 2016 1169 οὔτε

436 1187 602 1241 αὐτὸν
627 1188 719 1243 τὸν
743 1191 967 1263 Κύριον,
989 1192 1114 1249 οὔτε
1144 1195 1302 1251 ἀλλον
1325 1199 1447 1254 τινὰ
1466 1201 1646 1274 ὅρκον·
1672 1205 1765 1259 τοῦ
1789 1206 1900 1276 γάρ
1928 1225 2019 1262 που

789 1281 852 1334 τὸ
892 1282 1143 1352 ὀμνύναι.
1182 1287 1425 1361 Πονηρὸς
1450 1290 1506 1346 δὲ
1536 1294 1643 1366 ἄρα
1676 1296 1770 1350 xal.
1802 1300 1830 1351 ὀ
1856 1300 1915 1353 ἐν
1938 1300 2018 1371 τῷ

447 1368 632 1464 fingat
684 1370 942 1464 λαλήσας,
999 1376 1026 1429 ὀ
1066 1382 1487 1449 καταναγκάσας
1518 1386 1580 1439 οὐ
1609 1388 1769 1460 μόνον
1800 1391 1858 1444 ἐν
1897 1368 2017 1464 Θεῷ

428 1459 681 1530 ὀμνύναι,
713 1463 849 1517 ἀλλά
880 1465 973 1519 καὶ
999 1468 1056 1519 ἐν
1087 1468 1176 1521 ἀλὶ
1204 1469 1299 1524 καὶ
1325 1472 1383 1525 ἐν
1411 1472 1581 1541 ὕδατι,
1610 1478 1703 1531 καὶ
1732 1480 1790 1534 ἐν
1816 1459 2013 1555 αἰθέρι,

430 1551 526 1604 καὶ
550 1553 608 1605 ἐν
633 1554 843 1625 ἀνέμῳ,
868 1558 961 1610 καὶ
984 1558 1043 1612 ἐν
1057 1562 1126 1630 τῇ
1176 1564 1268 1630 γῇ,
1301 1565 1397 1617 καὶ
1425 1566 1483 1619 ἐν
1503 1568 1737 1641 οὐρανῷ.
1761 1551 2016 1644 ’Δρκετὸν

434 1644 494 1698 δὲ
522 1646 598 1710 ὡς
619 1648 678 1700 ἐν
708 1650 925 1721 παρόδῳ
958 1652 1048 1706 δτά
1071 1652 1177 1707 τῶν
1200 1654 1293 1709 δύο
1335 1657 1508 1728 λόγων
1557 1663 1693 1733 πρὸς
1743 1666 2016 1723 ἀντίθεσιν

428 1736 533 1807 τῆς
563 1740 729 1793 αὐτοῦ
760 1740 969 1813 πλάνης
1001 1744 1260 1818 ἀντιδότῳ
1291 1749 1526 1823 χρῆσθαι
1571 1753 1662 1807 τὸν
1695 1754 2016 1828 βουλόμενον

432 1828 799 1901 ἰατρευθῆναι.
864 1834 1158 1905 Παρελθὼν
1205 1838 1263 1890 δέ
1302 1820 1493 1894 τούτου
1528 1844 1627 1914 τὴν
1672 1820 2007 1919 ἐνρεσχε-λίαν,
2046 1820 2089 1875 Β

427 1921 604 1975 καὶτὸ
634 1921 867 1978 ὓπουλον
894 1926 1098 1997 ταύτης
1127 1931 1227 2000 τῆς
1249 1930 1532 2002 αἱρέσεως,
1565 1936 1765 2009 ἐφεξῆς
1787 1944 2009 2015 ποιήσο.

428 2029 529 2082 μαι
569 2014 671 2085 τῆς
714 2017 949 2089 ἐϐδὸμης
985 2020 1250 2092 αἱρέσεως
1294 2024 1383 2077 τὸν
1435 2025 1672 2099 ἔλεγχον,
1709 2033 1810 2105 τῆς
1855 2039 2007 2111 παρά

422 2106 536 2169 τοῖς
568 2107 753 2173 αὐτοῖς
783 2110 903 2163 τότε
935 2114 1415 2187 νομιστευομένης.
1445 2119 1555 2173 Καὶ
1580 2120 1727 2178 ἐστιν
1751 2125 1913 2201 αὕτη.

2125 562 2248 620 Non
2292 569 2573 636 usurpabis
2612 571 2667 625 in
2694 572 3051 641 jurejurando
3091 590 3275 630 nomen
3319 578 3539 633 alterius
3570 581 3611 635 ί.
3634 583 3707 636 At

2121 663 2178 719 in
2211 662 2506 737 Evangelio
2540 668 2808 739 praecipit,
2855 670 2983 725 Non
3018 671 3237 740 jurare,
3288 690 3448 743 neque
3491 675 3704 740 caelum,

2120 773 2283 827 neque
2316 766 2552 822 terram,
2598 776 2761 831 neque
2807 762 2955 815 aliud
2988 762 3375 832 jusjurandum
3399 781 3417 817 :
3458 770 3548 819 sed
3591 774 3705 821 esto

2119 846 2259 902 vobis
2277 849 2639 920 jurisjurandi
2674 852 2865 919 instar,
2890 852 3088 911 Etiam.
3116 854 3295 915 etiam.
3315 864 3367 909 et
3403 854 3546 921 Non,
3578 872 3701 913 non.

2120 937 2276 1006 Quod
2312 932 2473 995 enim'
2499 941 2857 996 abundantius
2894 943 2962 997 iis
2993 952 3141 1011 est,a
3180 943 3322 998 malo
3351 946 3491 1000 αι’.
3535 945 3704 1015 Equi-

2118 1030 2239 1086 dem
2279 1031 2485 1087 idcirco
2515 1031 2805 1087 Dominum
2854 1033 2924 1089 de
2972 1049 3037 1088 ea
3069 1049 3129 1090 re
3164 1035 3417 1092 sanxisse
3453 1037 3702 1094 credide-

2118 1124 2247 1190 rim,
2290 1124 2441 1196 quod
2477 1127 2741 1183 exsistere
2767 1126 2902 1182 certi
2954 1127 3205 1183 homines
3259 1128 3561 1195 deberent,
3605 1130 3701 1199 qui

2119 1213 2224 1269 alia
2265 1231 2532 1287 usurpare
2560 1215 2614 1271 in
2659 1216 2957 1287 deierando
2988 1219 3211 1273 nomina
3256 1217 3577 1274 suaderent.
3618 1220 3701 1274 Ae

2117 1307 2356 1376 primum
2386 1308 2665 1373 statuisse,
2694 1324 2805 1365 non
2851 1324 2977 1368 esse
3012 1310 3311 1383 jurandum
3347 1313 3596 1382 penitus,
3629 1327 3699 1368 ne

2117 1398 2406 1456 Dominum
2426 1401 2647 1472 quidem
2674 1402 2875 1473 ipsum,
2913 1419 3093 1475 neque
3129 1404 3277 1461 aliud
3319 1406 3488 1460 ullum
3515 1403 3697 1475 jusju-

2117 1492 2272 1547 randi
2298 1507 2471 1563 genus
2498 1494 2939 1565 concipiendum.
2996 1496 3121 1551 Mali
3159 1496 3304 1552 enim
3354 1504 3441 1553 est
3468 1496 3698 1551 omnino

2112 1582 2321 1651 jurare.
2374 1583 2613 1641 Proinde
2661 1586 2842 1640 malus
2879 1596 2965 1642 est
3004 1588 3098 1656 qui
3138 1602 3236 1657 per
3268 1584 3422 1641 Elxai
3478 1585 3696 1640 locutus

2116 1683 2201 1731 est
2233 1695 2247 1731 :
2281 1676 2373 1746 qui
2414 1693 2519 1732 non
2556 1678 2720 1733 modo
2757 1678 3004 1749 dejerare
3030 1693 3127 1749 per
3171 1677 3344 1733 Deum
3388 1678 3562 1748 cogit,
3598 1694 3695 1732 ve-

2118 1779 2237 1817 rum
2282 1765 2449 1820 etiam
2487 1780 2585 1835 per
2624 1767 2828 1832 salem,
2870 1781 3087 1838 aquam,
3144 1769 3385 1832 mthera,
3443 1774 3691 1832 ventum,

2118 1861 2341 1916 terram.
2374 1866 2539 1927 atque
2582 1859 2807 1914 caelum.
2851 1859 3028 1931 Atque
3080 1860 3164 1916 hae
3200 1860 3322 1915 dua:
3349 1860 3623 1923 rationes,
3659 1877 3690 1916 a

2116 1962 2204 2002 me
2231 1948 2407 2004 obiter
2437 1949 2719 2020 explicatae
2750 1951 3027 2007 sulﬁciunt
3046 1992 3062 2018 ,
3094 1961 3155 2008 ut
3201 1962 3394 2009 contra
3428 1953 3577 2008 illius
3602 1967 3691 2007 er-

2116 2055 2269 2096 rores
2309 2041 2571 2112 quilibet,
2622 2044 2715 2114 qui
2751 2045 2973 2114 quidem
3009 2046 3192 2101 curari
3232 2046 3394 2110 velit,
3436 2051 3688 2116 paratum

2112 2134 2412 2191 antidotum
2443 2136 2659 2191 habeat.
2693 2136 3057 2203 Quamobrem
3087 2139 3248 2211 nugis
3273 2140 3434 2195 istius
3462 2136 3687 2194 hazresis

420 2212 490 2251 ac
529 2198 1145 2306 subdolancavillatione
1177 2211 1567 2306 praetermissa,
1599 2214 1664 2269 ad
1689 2232 1763 2272 vn
1790 2198 2003 2297 earum,
2040 2246 2161 2303 qua:
2193 2243 2303 2295 tum
2327 2230 2472 2303 apud
2502 2229 2720 2289 Iudaeos
2769 2232 3054 2304 vigebant,
3107 2198 3539 2306 redarguendam
3599 2247 3688 2287 me

415 2290 718 2347 conferam.
746 2292 824 2348 Ea
846 2302 934 2350 est
960 2295 1252 2366 ejusmodi.

776 2426 970 2481 KATA
1030 2429 1430 2489 uPoAtANnN
1465 2438 1620 2510 (τε),

503 2515 751 2588 Ἑϐδόμη
795 2521 1189 2611 αζρεσιςηιξπὸ
1212 2527 1618 2611 ςιουῄδατσμοῦ,
1658 2536 1901 2611 εικοστὴ
1932 2545 2001 2598 δὲ

982 2595 1060 2661 τῇ
1079 2595 1430 2665 ἀκολουθίᾳ.

485 2718 567 2772 A'.
606 2720 763 2815 Μετὰ
792 2722 996 2795 ταύτην
1025 2725 1081 2779 δὲ
1110 2726 1204 2781 καὶ
1228 2728 1367 2799 μετὰ
1388 2731 1592 2801 ταύτας
1607 2737 1767 2793 πάλιν
1792 2741 1992 2815 ἑϐδόμη

414 2808 627 2879 αἵρεσις
653 2807 722 2883 ἦν
770 2814 803 2883 ἡ
857 2814 963 2867 τῶν
1005 2815 1349 2888 Ἡρωδιανῶν
1380 2822 1708 2899 καλουμένη.
1744 2807 1997 2887 Οὐδὲν-δέ

413 2899 575 2971 ἔσχον
622 2919 674 2957 τι
725 2905 1177 2978 παρηλλαγμένον
1206 2904 1381 2964 οὗτοι’
1407 2914 1522 2967 ἀλλ’
1548 2917 1658 2971 ὅλοι
1706 2922 1844 2976 εἰσὶν
1867 2922 1996 2978 Ἰου-

410 2992 567 3058 δαῖοι,
584 2993 743 3064 ἀργοί
768 3012 825 3048 τε
853 2998 946 3050 καὶ
971 2999 1281 3071 ὑποκριταί.
1301 3002 1545 3077 Ἡρώδην
1566 3006 1621 3061 δὲ
1641 3001 1784 3065 οὗτοι
1804 3013 1997 3084 ἡγοῦν.

407 3100 476 3137 το
506 3086 740 3157 Χριστὸν
768 3088 993 3160 Κύριον.
1024 3090 1114 3143 τὸν
1142 3092 1201 3145 ἐν
1233 3094 1435 3160 πάσαις
1462 3098 1707 3170 Γραφαῖς
1741 3105 1903 3176 νόμου
1937 3124 1996 3161 τε

2381 2457 2489 2530 45
2536 2456 2907 2514 ADVERSUS
2948 2458 3390 2516 HERODIANOS
3404 2504 3419 2529 ,

2232 2546 2365 2613 Quae
2392 2558 2472 2603 est
2500 2549 2714 2604 haeresis
2736 2549 3007 2604 Judaismi
3049 2549 3182 2616 VII,
3216 2551 3400 2607 ordine
3426 2553 3552 2609 XX.

2177 2722 2218 2780 1.
2258 2723 2501 2795 Septima
2546 2734 2671 2795 post
2713 2726 3026 2796 superiores
3072 2728 3195 2784 illas
3245 2727 3679 2788 Herodianorum

2105 2815 2331 2874 haeresis
2365 2826 2469 2873 est.
2499 2816 2602 2883 Qui
2634 2818 2770 2872 nihil
2811 2818 3087 2874 diversum
3131 2830 3161 2874 a
3202 2822 3430 2893 reliquis
3470 2823 3679 2881 habue-

2105 2914 2268 2972 runt;
2299 2914 2353 2962 et
2377 2905 2546 2962 Judaei
2588 2909 2723 2963 meri
2752 2920 2904 2971 sunt,
2935 2910 3137 2967 inertes
3169 2911 3330 2967 iidem
3361 2929 3425 2969 ac
3451 2917 3679 2970 simula-

2102 3007 2275 3056 tores.
2302 2999 2404 3066 Qui
2436 2998 2705 3055 Herodem
2736 3000 3012 3056 Christum
3050 3000 3336 3057 Dominum
3366 3022 3489 3062 esse
3523 3005 3676 3062 diee—

2102 3090 2448 3159 bant;eum,
2480 3092 2724 3162 inquam,
2769 3092 3072 3159 Christum,
3121 3097 3215 3166 qui
3267 3098 3322 3151 in
3373 3096 3675 3168 Scripturis

411 3175 507 3228 καὶ
539 3179 835 3248 προφητῶν
865 3182 1335 3255 προσδοκώμενον,
1365 3189 1686 3259 νομίσαντες
1722 3175 1883 3250 αὑτὸν
1912 3193 1991 3250 εἷ-

2103 3185 2353 3240 omnibus
2376 3200 2441 3239 ac
2467 3186 2745 3256 prophetis
2773 3188 3215 3257 exspectabatur,
3246 3204 3367 3245 esse
3400 3189 3675 3248 Herodem

410 3290 497 3324 ναι
519 3271 611 3326 τὸν
647 3273 891 3346 Ἡρώδην
918 3278 1171 3349 Χριστὸν,
1207 3282 1299 3335 καὶ
1333 3284 1418 3336 ἐπ’
1449 3285 1598 3357 αὐτῷ
1622 3288 1991 3362 ἀπατώμενοι,

411 3362 770 3433 ἐσεμνύνοντο
792 3366 869 3437 τῷ
898 3367 1132 3442 Ἡρώδῃ,
1161 3371 1225 3423 ἐκ
1256 3370 1351 3425 τοῦ
1388 3374 1554 3445 ῥητοῦ
1590 3380 1993 3451 συναρπασθέν-

406 3470 523 3517 τες,
561 3457 700 3525 μετά
729 3458 825 3511 τοῦ
855 3460 948 3513 καὶ
965 3462 1049 3525 εἰς
1083 3464 1241 3535 χάριν
1270 3464 1364 3518 τοῦ
1395 3468 1517 3521 τότε
1544 3468 1810 3539 βασιλέως
1836 3490 1991 3528 κενο-

403 3544 650 3616 ὼξῆσαι,
686 3547 781 3600 τοῦ
817 3550 1138 3621 εἰρημένου·
1190 3556 1311 3609 Οὐκ
1360 3556 1629 3627 ἐκλείψει
1672 3559 1875 3629 ἅρχων
1920 3562 1991 3628 ἐξ

419 3637 625 3703 Ἰούδα,
648 3639 790 3693 οὐδὲ
820 3642 1151 3712 ἡγούμενος
1172 3645 1240 3700 ἐκ
1271 3648 1389 3702 τῶν
1415 3649 1622 3719 μηρῶν
1643 3653 1853 3721 αὐτοῦ,
1880 3655 1991 3720 ἕως

405 3726 484 3782 ἂν
514 3730 663 3819 ἕβθῃ
708 3725 758 3797 ᾧ
800 3733 1126 3819 ἀπόκειται.
1144 3739 1232 3801 Ὠς
1261 3739 1317 3793 δέ
1339 3739 1450 3811 ἔχει
1475 3742 1542 3795 τά
1570 3742 1704 3797 ἄλλα
1740 3745 1990 3819 ἀντίγρα-

405 3832 504 3908 φα,
536 3817 647 3884 ἕως
674 3819 825 3890 ἔλθῃ
851 3814 900 3887 ᾧ
918 3824 991 3878 τὰ
1015 3826 1399 3896 ἀποκείμενα.
1416 3831 1744 3906 Ἐπειδήπερ
1769 3835 1798 3887 ὀ
1821 3814 1988 3908 Ἡρώ-

403 3906 502 3976 δης
547 3908 661 3972 υἱὸς
684 3910 797 3981 (25)
843 3911 1200 3986 Ἀντιπάτρου
1244 3917 1540 3988 ἐτύγχανεν
1586 3906 1984 3978 Ἀσκαλωνίτου

402 3999 549 4064 τινὸς
575 4001 872 4071 ἱεροδούλου
891 4006 1224 4072 Ἀπόλλωνος
1251 4010 1346 4062 τοῦ
1377 4010 1619 4066 εἰδώλου.
1642 4008 1718 4068 Ob
1746 4014 1775 4067 ὀ
1800 4016 1983 4089 πατὴρ

400 4090 497 4143 τοῦ
560 4093 725 4181 αὐτοῦ
766 4095 1123 4181 ξᾼντιπάτρου
1164 4101 1412 4173 Ἡρώδης
1461 4105 1559 4175 μὲν
1610 4102 1678 4177 ἦν
1722 4107 1981 4181 τοῦνομα,

402 4182 518 4246 υἱὸς
548 4183 604 4237 δὲ
635 4180 705 4255 ἦν
731 4178 888 4251 οὗτος
910 4188 1005 4242 τοῦ
1031 4190 1277 4247 Ἀντίπα.
1308 4194 1662 4265 Αἰχμάλωτος
1692 4196 1747 4250 δὲ
1771 4178 1978 4271 ἐλήφθη

412 4275 723 4346 Ἰδουμαίων
755 4281 784 4332 ὀ
807 4280 970 4344 αὐτὸς
1001 4281 1377 4355 Ἀντίπατρος,
1397 4287 1621 4341 κάκεῖσε
1651 4289 1709 4341 ἐν
1734 4293 1799 4360 τῇ
1820 4290 1982 4344 Ἰδου-

402 4365 539 4436 μαίᾳ
568 4367 858 4439 διατρίϐων
882 4370 1140 4442 ἐγέννησε
1172 4375 1262 4427 τὸν
1279 4375 1539 4447 'Hptbb‘nv.
1558 4376 1665 4430 Τοῦ
1694 4379 1751 4432 δὲ
1774 4380 1981 4451 πατρὸς

397 4456 629 4529 πένητος
648 4459 820 4525 ὄντος,
856 4463 952 4515 καὶ
1002 4464 1077 4535 μὴ
1118 4464 1419 4536 δυναμένου
1450 4467 1666 4540 λύτροις
1713 4470 1977 4540 ῥύσασθαι

2096 3274 2505 3339 existimabant,
2532 3275 2707 3347 deque
2735 3291 2801 3331 eo
2836 3276 2972 3332 falsa
3007 3278 3239 3349 quadam
3291 3279 3457 3335 animi
3515 3280 3674 3336 indu-

2094 3367 2276 3421 ctione
2307 3366 2701 3437 gloriabantur.
2745 3368 2823 3423 Ac
2846 3380 3202 3440 praeterquam
3243 3370 3387 3441 quod
3438 3374 3490 3426 in
3524 3373 3673 3429 illius

2094 3458 2240 3528 regis
2265 3460 2498 3529 gratiam
2523 3475 2660 3516 vane
2685 3461 2789 3517 ista
2819 3461 3124 3532 jactabant,
3152 3465 3314 3518 etiam
3349 3465 3484 3535 ipsis
3515 3463 3668 3520 Scri-

2092 3557 2265 3617 ptura;
2309 3552 2401 3606 ille
2441 3552 2598 3607 locus
2642 3552 2941 3623 imposuit:
2980 3551 3105 3608 Non
3144 3554 3343 3610 desinet
3379 3558 3614 3625 princeps
3638 3574 3670 3613 ο

2089 3642 2256 3709 Juda,
2289 3659 2451 3714 neque
2495 3642 2608 3695 dua:
2659 3659 2724 3698 ea:
2766 3644 2881 3714 ejus
2910 3644 3129 3714 femore,
3173 3645 3334 3700 donec
3378 3649 3548 3701 veniat
3580 3649 3669 3702 cui

2090 3743 2412 3789 reservatum
2445 3744 2524 3788 est
2545 3736 2587 3790 ³.
2651 3734 2749 3790 Vel
2782 3743 2843 3790 ut
2879 3735 2935 3790 in
2966 3736 3088 3792 aliis
3116 3738 3378 3808 exemplis
3411 3740 3663 3810 legimus.

2087 3825 2251 3879 donec
2283 3827 2456 3879 veniat
2493 3826 2579 3879 cui
2622 3836 2756 3905 sunt
2779 3835 3067 3881 reservata.
3102 3827 3382 3897 Siquidem
3420 3828 3662 3885 Herodes
3704 3882 3708 3895 λ

2085 3918 2359 3987 Antipatri
2419 3917 2707 3989 cujusdam
2757 3919 3105 3983 Ascalonita,
3166 3928 3333 3991 atque
3390 3922 3661 3993 Apollinis

2084 4009 2294 4066 IEditui
2340 4010 2484 4068 tilius
2528 4011 2650 4067 fuit.
2686 4012 2860 4082 Cujus
2896 4013 3121 4085 insuper
3151 4012 3423 4084 Antipalri
3461 4031 3661 4086 parens

2084 4101 2328 4159 Herodes
2363 4103 2585 4159 nomine
2614 4104 2759 4160 filius
2808 4103 3022 4176 Antipae
3074 4104 3199 4159 fuit.
3249 4105 3536 4178 Antipater
3588 4110 3660 4164 ab

2082 4194 2332 4251 ldumaais
2358 4203 2553 4266 captus
2576 4206 2631 4251 et
2656 4197 2710 4250 in
2735 4196 2972 4252 Idumaea
3005 4197 3206 4268 degens
3228 4196 3497 4254 Herodem
3525 4216 3656 4256 sus-

2081 4288 2233 4357 cipit.
2273 4287 2392 4354 Qua
2443 4289 2501 4343 in
2542 4289 2763 4359 regione
2801 4288 2895 4343 diu
2940 4289 3233 4345 admodum
3283 4291 3341 4346 in
3392 4295 3658 4349 servitute

2081 4380 2249 4434 vixit:
2300 4380 2446 4449 quod
2478 4394 2601 4435 eum
2649 4379 2888 4436 Herodes
2919 4388 3074 4450 pater
3113 4381 3187 4437 ob
3220 4383 3460 4454 inopiam
3503 4386 3654 4440 redi-

2082 4483 2231 4523 mere
2259 4483 2367 4523 non
2409 4476 2617 4537 posset.
2658 4465 2900 4522 Tandem
2934 4483 2966 4524 a
3000 4468 3358 4538 popularibus
3392 4470 3656 4526 collatitia

394 4546 487 4600 τὺν
518 4549 652 4614 υἱὸν,
676 4549 821 4619 λέγω
854 4551 918 4624 δὴ
946 4553 1038 4607 τὸν
1056 4554 1435 4627 Ἀντίπατρον,
1466 4536 1680 4627 ἔμεινεν
1708 4536 1766 4611 ἐν
1802 4558 1981 4631 πολλῷ

2103 4557 2318 4614 )ecunia
2344 4536 2450 4612 una
2477 4570 2601 4613 cum
2630 4554 2845 4613 Herode
2873 4558 2985 4613 tilio
3000 4536 3277 4615 liberatus
3313 4559 3654 4629 postliminio

465 4729 482 4761 ⁸
507 4727 677 4789 Exod.
709 4745 802 4798 xx,
828 4732 881 4788 5.
957 4733 979 4765 ³
1012 4732 1204 4788 Matth.
1235 4751 1289 4800 v,
1319 4735 1387 4791 54
1425 4751 1547 4807 sqq.
1623 4736 1645 4768 ³
1682 4734 1816 4792 Gen.
1843 4753 1993 4806 χιιι,
2041 4736 2125 4791 10.

484 4901 577 4972 22)
615 4904 777 4984 gaza
816 4863 1199 4984 ᾘρωδιανῷέ.
1232 4906 1602 4984 ,ΙΙε-τοᾶίεηοε,
1647 4926 1879 4984 quorum
1912 4912 1967 4966 in

2103 4929 2140 4969 lc
2163 4911 2423 4984 Scaligeri
2443 4913 2804 4969 ἀναπόδεικτα
2836 4916 2904 4971 de
2932 4912 3147 4974 Herode
3175 4916 3391 4973 somnia
3414 4917 3644 4973 validis-

389 4969 701 5052 Evangelia
714 4969 916 5052 mentio
945 4986 1049 5052 est,
1081 4979 1175 5031 alii
1196 4978 1264 5052 ab
1286 4978 1497 5035 Herode
1522 4969 1740 5052 magno,
1769 4982 1859 5052 alii
1898 4984 1967 5038 ab
2071 4986 2211 5039 sime
2243 4969 2515 5039 refutavit.

388 5042 511 5111 ejus
527 5044 638 5097 lilio
661 5044 872 5116 Herode
889 5046 1084 5116 Antipa
1106 5049 1416 5104 nominatos
1436 5042 1771 5105 existimant.
1806 5050 1936 5105 Prio
1952 5084 1965 5095 .

391 5127 503 5166 rem
531 5115 858 5170 sententiam
890 5115 1072 5188 tuetur
1100 5117 1475 5187 Epiphanius;
1502 5121 1596 5188 qui
1627 5129 1681 5176 et
1704 5120 1963 5175 Herodia-

392 5197 585 5236 norum
609 5195 839 5259 s_ec_t_am,
861 5200 929 5259 ac
951 5187 1149 5259 dogma
1171 5189 1396 5259 eopiose
1424 5187 1787 5259 persequitur.
1820 5191 1959 5245 Cum

388 5260 583 5326 autem
601 5255 669 5308 de
694 5252 931 5326 Herode,
972 5252 1147 5326 deque
1174 5252 1498 5315 Herodianis
1521 5252 1955 5326 accuratissime,

2064 5263 2155 5318 ille
2183 5262 2530 5335 Antipatrum
2564 5262 2857 5335 ldummum

2142 5054 2256 5138 (252
2307 5054 2654 5123 Ἐπειδήπερ
2677 5058 2732 5138 ¹ὀ
2776 5054 3027 5138 Ἡρώδης
3081 5054 3263 5138 υζᾷςη
3293 5054 3393 5138 D‘en
3408 5055 3643 5138 Herodis

2107 5132 2294 5209 arente
2341 5123 2905 5209 aloqueiajosepho
2941 5127 3271 5209 dissentiunt
3318 5126 3636 5209 dimicantis,

2090 5194 2357 5257 Eusebius,
2380 5193 2738 5264 Epiphanius.
2762 5195 2963 5318 aliiqltlte
2978 5196 3169 5251 Patres
3186 5205 3397 5251 omnes.
3424 5194 3637 5252 Etenim

2090 5264 2155 5318 lle
2183 5264 2530 5335 Antipatrum
2564 5262 2857 5336 ldummum
2933 5265 3116 5336 erodis
3144 5273 3351 5333 patrem
3382 5267 3638 5336 przedivi-

388 5322 865 5403 eruditissimeque
885 5322 1171 5403 Serrarius
1202 5339 1387 5383 noster
1420 5330 1681 5403 peculiari
1714 5331 1766 5384 in
1793 5322 1958 5402 apere
2062 5344 2169 5388 tem
2202 5347 2268 5403 ac
2300 5322 2573 5403 potentem
2609 5334 2782 5388 fuisse
2823 5334 3037 5397 scribit,
3068 5322 3228 5387 avum
3261 5322 3443 5389 aute'm
3471 5336 3636 5390 Anti-

386 5390 987 5470 disputaver_it,_'_neque
1011 5397 1339 5470 quidquam,
1376 5390 1520 5468 quod
1551 5415 1616 5454 eo
1637 5390 1953 5470 pertineret,

385 5461 673 5538 intactum,
693 5461 1066 5538 indictumque
1089 5461 1810 5538 rel'iquerit,'superva'cuum
1838 5461 1951 5526 exii

386 5531 679 5609 Stimamus
701 5534 924 5609 verbum
942 5531 1558 5609 ampliusullum'super
1574 5555 1643 5609 ea
1659 5556 1716 5594 re
1742 5541 1951 5607 facere;

384 5614 513 5654 cum
542 5602 607 5654 ad
634 5617 853 5681 man-um
877 5602 1245 5681 sit-liberine,
1276 5608 1332 5681 in
1365 5602 1481 5678 quo
1505 5609 1573 5663 de
1603 5608 1831 5666 Herodis
1860 5602 1952 5681 ge;

2100 5418 2187 5457 am
2220 5402 2587 5474 Idumaeaa_ab
2620 5403 2932 5474 Alexandro
2966 5419 3092 5474 rege
3132 5404 3509 5474 praepositum.
3561 5407 3635 5461 At

2104 5481 2250 5528 atres
2293 5489 2452 5528 avum
2474 5471 2715 5528 Herodis
2758 5481 2814 5527 et
2857 5471 3151 5543 parentem'
3184 5471 3629 5542 obscurissimos,

2054 5558 2119 5597 ac
2149 5544 2527 5613 pauperrimos
2552 5542 2834 5597 exstitisse
2867 5542 3194 5606 memorant,
3230 5550 3289 5597 ut
3322 5559 3444 5613 cum
3473 5545 3631 5612 Anti-

2053 5612 2226 5682 pater,
2251 5632 2278 5665 ιι
2306 5630 2415 5693 quo
2435 5612 2673 5693 Herodes
2692 5615 2908 5682 genitus
2930 5622 3036 5693 est,
3065 5621 3271 5693 captus
3290 5613 3359 5668 ab
3377 5612 3627 5693 Idumaei:

386 5673 897 5752 pere,lconditiott_e,
916 5674 1105 5752 neque
1123 5673 1468 5752 Herodianis,
1488 5694 1552 5733 ac
1578 5681 1808 5752 caneris,
1828 5673 1949 5751 quae
2050 5673 2222 5746 esset,
2254 5673 2449 5738 redimi
2491 5698 2520 5736 a
2563 5673 2721 5752 patre
2749 5697 2849 5736 suo
2880 5673 3101 5752 propter
3128 5673 3364 5751 inopiam
3403 5685 3629 5741 minime

383 5738 493 5795 hoc
539 5741 661 5827 loco
700 5738 893 5818 attigit
912 5738 1278 5828 Epiphanius.
1303 5738 1592 5823 diligenter
1632 5738 1944 5831 explicavit,
2048 5738 2402 5822 potuerit.De
2426 5753 2527 5809 hac
2545 5738 2845 5828 quaestione
2865 5738 3091 5810 consule
3126 5738 3626 5824 ,Serrarium,b.ct
