4204 6370
499 394 570 448 ‘27
582 393 600 446 l

1889 385 1943 443 S.
1998 385 2341 440 EPIPHANII

3639 381 3743 437 '27‘2

505 514 557 565 in
594 510 820 584 patriam
867 486 1177 563 reverti-tur.
1231 506 1403 572 Quam
1449 503 1519 558 ob
1565 518 1787 557 causam
1833 503 1901 558 ab
1951 503 2071 568 aliis
2099 507 2144 562 Α

2099 507 2144 562 Α
2171 503 2248 573 τῷ
2281 501 2456 575 χρόνῳ
2491 500 2781 554 δουλεύων*
2815 499 3036 570 ὕστερον
3068 500 3121 552 δὲ
3153 492 3426 569 ἐλυτρωυη
3459 498 3517 562 ἐξ
3548 498 3741 566 ἐράνου

507 602 792 663 Ιάιιιηατιις,
834 601 902 654 ab
944 601 1065 654 aliis
1104 598 1418 652 Ascalonita
1461 595 1648 651 fuisse.
1674 595 1922 665 proditus
1962 603 2069 651 est.

504 692 699 750 Postea
723 708 845 746 cum
871 693 935 746 ad
964 691 1220 746 Demetrii
1252 689 1679 743 familiaritatem
1711 687 2068 756 pervenisset,

508 793 560 844 in
591 788 774 842 Judzea
799 785 1240 856 procurationem
1263 784 1520 838 obtinuit.
1547 782 1685 835 Tum
1715 783 1878 836 etiam
1910 787 2073 833 notus

505 881 751 949 Augusto
780 876 1092 946 imperatori
1120 875 1238 928 fuit.
1267 875 1443 943 Atque
1471 890 1538 929 ex
1563 875 1653 927 illa
1685 871 2074 949 procuratione

508 969 840 1040 proselylum
869 983 926 1021 se
952 966 1160 1020 faciens
1189 979 1293 1018 una
1314 981 1435 1018 cum
1461 963 1672 1018 Herode
1703 943 1810 1014 filio
1839 963 2075 1015 cireum-

508 1063 658 1116 cisus
695 1069 797 1121 est,
845 1058 910 1112 ad
958 1073 1117 1128 quem
1174 1055 1488 1110 Iudaeorum
1534 1068 1763 1124 regnum
1804 1052 2073 1122 pervenit.

507 1153 642 1206 Nam
673 1154 918 1219 Augusto
952 1147 1267 1218 imperatori
1309 1147 1590 1215 subjectus
1636 1144 1947 1198 Judaeorum
1988 1141 2078 1194 ille

509 1261 605 1298 rex
635 1244 926 1313 populique
953 1239 1184 1293 Romani
1217 1237 1517 1292 foederatus
1541 1244 1678 1291 erat.
1711 1233 2078 1299 Quamobrem

509 1334 654 1404 quod
697 1349 762 1386 ex
813 1331 988 1386 aliena
1036 1329 1126 1382 ille
1169 1335 1326 1397 gente
1370 1340 1598 1396 regnare
1651 1329 1916 1392 emperat,
1951 1335 2076 1375 cum

510 1427 779 1479 hactenus
833 1440 862 1476 a
902 1421 1064 1486 Juda,
1117 1428 1170 1474 et
1231 1419 1429 1473 Davide
1487 1432 1734 1489 regnum,
1794 1423 1961 1483 atque
2011 1429 2078 1468 ex

509 1517 663 1572 Judaa
689 1517 859 1584 stirpe
896 1511 1172 1583 principes
1215 1526 1280 1564 ac
1319 1510 1647 1581 patriarchae
1688 1508 2076 1578 perstitissent,

513 1597 681 1679 quod,
725 1608 969 1675 inquam,
1007 1601 1294 1671 imperium
1351 1601 1405 1654 in
1461 1607 1746 1654 externum
1805 1597 2079 1651 hominem

513 1699 837 1753 translatum
871 1694 1068 1754 fuerat,
1106 1693 1363 1746 idoneum
1397 1691 1503 1745 illis
1533 1691 1710 1744 visum
1756 1695 1841 1743 est
1873 1687 2080 1742 erroris

513 1797 914 1858 argumentum,
952 1793 1010 1838 ut
1045 1782 1313 1838 Herodem
1361 1797 1484 1838 esse
1521 1781 1796 1836 Christum
1849 1779 2083 1832 arbitra-

2173 595 2281 646 τῶν
2317 592 2547 645 πολιτῶν
2573 594 2667 645 σὺν
2697 591 2775 661 τῷ
2799 592 2949 644 παιδὶ
2985 590 3221 660 Ἡρώδῃ,
3250 589 3345 642 καὶ
3378 588 3640 659 μετῆλθεν
3663 590 3743 650 είς

2173 685 2240 738 τὰ
2291 687 2483 738 οἰκεῖα.
2512 685 2710 754 Διόπερ
2762 683 2904 744 τινὲς
2945 683 3108 734 αὐτὸν
3154 681 3400 749 λέγουσιν
3424 680 3741 748 Ἰδουμαῖον,

2174 777 2320 830 ἄλλοι
2349 777 2403 829 δὲ
2426 775 2824 845 Ἀσκαλωνίτην
2869 773 3074 827 ἴσασιν·
3113 773 3336 844 ὕστερον
3380 771 3436 824 δὲ
3483 767 3743 840 ὲφιλιώθη

2175 863 2467 933 Δημητρίῳ
2498 862 2631 932 (9.4),
2672 864 2764 915 καὶ
2791 863 3078 934 ἐπίτροπος
3112 861 3346 932 κατέστη
3377 861 3469 913 ἐπὶ
3497 861 3594 929 τῆς
3613 859 3746 911 Ἰου⁴

2175 954 2344 1016 δαίας,
2369 953 2458 1006 Ἐν
2491 953 2686 1021 γνώσει
2723 971 2782 1006 τε
2813 954 3032 1022 γέγονεν
3065 953 3356 1022 Αὐγούστῳ
3387 952 3610 1022 βασιλεῖ,
3651 949 3745 1002 καὶ

2178 1045 2284 1098 ἀπὸ
2309 1045 2401 1098 τοῦ
2438 1045 2811 1115 ἐπιτροπεύειν
2839 1045 3248 1117 προσηλυτεύει,
3282 1041 3663 1115 περιτέμνεταί
3686 1057 3747 1093 τε

2178 1139 2271 1190 καὶ
2304 1137 2462 1200 αὐτὸς
2494 1138 2626 1205 (25),
2653 1138 2745 1190 καὶ
2775 1137 3089 1208 περιτέμνει
3123 1135 3364 1207 Ἡρώδην
3389 1135 3475 1187 τὸν
3507 1133 3643 1197 υἱὸν,
3667 1133 3748 1193 είς

2178 1229 2236 1282 ὃν
2267 1226 2429 1299 ἦλθεν
2478 1232 2506 1281 6
2554 1229 2752 1299 κλῆρος
2787 1229 2885 1298 τῆς
2913 1229 3020 1282 τῶν
3040 1228 3306 1282 Ἰουδαίων
3339 1220 3750 1297 βασιλείας.⁷Ην

2178 1320 2233 1373 δὲ
2275 1320 2521 1389 βασιλεὺς
2567 1323 2625 1373 ὲν
2658 1323 2724 1391 τῇ
2750 1322 2981 1392 Ἰουδαίᾳ
3015 1321 3119 1373 ὑπὸ
3163 1319 3384 1388 βασιλέα
3417 1317 3746 1385 Αὔγουστον,

2181 1412 2341 1474 αὐτὸς
2386 1412 2715 1475 ὑπόσπονδος
2744 1413 3022 1484 ὑπάρχων.
3048 1413 3202 1466 Ἐπεὶ
3228 1407 3319 1464 οὖν
3351 1411 3410 1474 ἐξ
3438 1408 3750 1476 ἀλλοφύλων

2180 1498 2332 1567 οὗτος
2363 1503 2650 1574 βασιλεύει,
2680 1505 2820 1557 κατὰ
2851 1505 3103 1575 διαδοχὴν
3128 1503 3184 1556 δὲ
3211 1504 3496 1573 διήρκεσεν
3527 1500 3633 1553 ἀπὸ
3655 1497 3749 1550 τοῦ

2193 1596 2360 1649 Ἰούδα
2389 1597 2481 1650 καὶ
2509 1597 2614 1650 ἀπὺ
2641 1595 2735 1648 τοῦ
2761 1595 2921 1648 Δαὸὶδ
2945 1597 3004 1647 τὸ
3033 1594 3318 1664 βασίλειον,
3351 1594 3442 1646 καὶ
3476 1593 3525 1644 οί
3568 1592 3632 1643 ἐκ
3655 1587 3750 1642 τοῦ

2194 1692 2362 1746 Ἰούδα
2388 1691 2644 1762 ἄρχοντες
2682 1690 2776 1743 καὶ
2809 1687 3162 1760 πατριάρχαι,
3200 1685 3430 1755 μετέστη
3463 1684 3521 1737 δὲ
3549 1681 3610 1736 τὸ
3651 1681 3752 1750 βα·-

2185 1782 2378 1834 σίλειον
2429 1783 2507 1843 είς
2549 1778 2841 1848 ἀλλόφυλον
2862 1793 2874 1806 ·
2909 1776 3131 1830 πιθανὸν
3165 1774 3340 1838 ἔδοξεν
3370 1775 3427 1825 ὲν
3455 1775 3520 1842 τῇ
3553 1769 3753 1838 ὑπολή-

514 1880 903 1949 τεηιυτ,ξ‹ιιιοι1
934 1894 999 1932 ex
1025 1879 1115 1930 illo
1139 1875 1248 1946 46
1273 1874 1573 1944 Scriptura:
1597 1875 1719 1927 loco
1740 1885 2082 1941 consequens
2112 1852 2154 1905 Β

2112 1852 2154 1905 Β
2183 1873 2272 1941 ψει
2305 1872 2413 1924 τῶν
2447 1869 2876 1939 πεπλανημένων
2908 1869 2970 1920 τὸ
3003 1866 3350 1936 ἀπατηθῆναι
3394 1864 3487 1916 καὶ
3533 1860 3753 1930 νομίσαι

513 1973 799 2027 videbatur
837 1988 850 2023 :
892 1969 1014 2022 Non
1051 1969 1247 2022 desinet
1281 1969 1518 2035 princeps
1550 1983 1578 2020 e
1606 1965 1772 2028 Juda,
1803 1965 1964 2017 donec
1997 1979 2083 2016 re-

514 2064 650 2117 nerit
671 2063 754 2115 cui
773 2069 1090 2114 reservatum
1115 2068 1210 2112 est.
1243 2056 1310 2111 Ut
1332 2073 1397 2113 eo
1421 2073 1585 2112 sensu
1610 2057 1680 2111 sit
1706 2054 2081 2124 accipiendus,

517 2155 674 2225 quasi
729 2151 930 2208 Herodi
981 2157 1318 2206 reservatum
1367 2159 1533 2203 esset.
1590 2147 1882 2202 Desierunt
1911 2147 2084 2212 enim,

517 2248 754 2311 aiebant,
790 2246 888 2298 illi.
927 2243 1098 2299 Porro
1129 2243 1232 2297 iste
1275 2241 1342 2296 de
1383 2239 1537 2294 Judae
1590 2254 1787 2308 genere
1837 2253 1946 2292 non
1978 2246 2083 2301 est,

517 2355 581 2393 ac
616 2354 683 2392 ne
716 2338 938 2392 omnino
969 2336 1187 2404 quidem
1223 2331 1534 2386 israelitieae
1562 2331 1758 2399 gentis.
1811 2328 1950 2383 Huic
1982 2344 2083 2381 au-

519 2442 626 2487 tem
650 2431 868 2487 Christo
902 2442 1024 2482 esse
1049 2431 1385 2480 reservatum
1412 2422 1612 2477 fuerat.

587 2608 653 2660 ll.
691 2605 890 2660 Verum
922 2617 1041 2671 quae
1069 2609 1376 2670 sequuntur
1408 2600 1530 2653 illos
1568 2598 1858 2654 manifeste
1894 2597 2086 2652 redar-

521 2707 694 2774 guunt
724 2717 738 2752 :
775 2698 1038 2764 Quoniam
1074 2697 1182 2765 ipse
1205 2695 1521 2763 exspectatio
1549 2694 1779 2763 gentium
1805 2694 2002 2756 erit,.et
2032 2693 2087 2744 in

518 2811 634 2849 eum
657 2801 832 2862 gentes
860 2788 1162 2859 sperabunt.
1200 2787 1458 2852 Quatnam
1491 2801 1620 2840 vero
1654 2785 1805 2839 natio
1834 2786 1888 2838 in
1920 2783 2090 2839 Hero—

522 2885 642 2938 dem
692 2879 969 2951 speravit?
1013 2885 1105 2931 aut
1154 2892 1275 2946 quae
1337 2876 1577 2947 gentium
1624 2890 1749 2944 spes
1803 2875 1857 2928 in
1898 2889 2090 2942 exspe-

523 2973 724 3029 ctando
747 2972 959 3027 Herode
989 2971 1161 3025 deﬁxa
1185 2970 1308 3025 est?
1334 2968 1413 3022 Ad
1445 2967 1561 3022 haec
1588 2966 1680 3036 qui
1714 2965 1928 3020 tandem
1959 2963 2090 3017 illud

524 3069 665 3140 apud
696 3068 834 3121 istos
877 3065 1155 3135 impletum
1187 3061 1595 3118 cst?Dormivit
1636 3067 1693 3110 ut
1734 3059 1810 3112 leo
1850 3074 1912 3110 ac
1955 3057 2090 3111 velut

2183 1964 2345 2017 αὑτὸν
2378 1963 2610 2034 Χριστὸν
2641 1958 2798 2024 εἶναι,
2833 1960 2940 2014 ἀπὸ
2973 1959 3072 2029 τῆς
3097 1956 3415 2018 ἀκολουθίας
3447 1953 3540 2007 τοῦ
3571 1968 3756 2022 προει-

2189 2055 2421 2126 ρημένου
2447 2052 2633 2125 ῥητοῦ,
2666 2050 2782 2115 τοῦ,
2826 2053 2944 2105 Οὐκ
2973 2051 3240 2116 ἐκλείψει
3273 2047 3473 2116 ἄρχων
3508 2045 3577 2108 ἐξ
3609 2043 3756 2098 Ἰού-

2184 2148 2277 2207 δα,
2303 2147 2412 2212 ἓως
2441 2145 2517 2199 ἂν
2543 2147 2688 2213 ἔλθῃ
2714 2137 2762 2209 ᾧ
2789 2144 3112 2197 ἀπόκειται.
3130 2142 3218 2204 Ὠς
3262 2135 3400 2192 εἶναι
3433 2136 3589 2190 τοῦτο
3623 2133 3756 2205 παρ’

2185 2241 2366 2302 αὐτοῖς
2415 2238 2653 2308 νοητέον,
2687 2237 2770 2290 ὅτι
2814 2233 2988 2303 τούτῳ
3021 2231 3300 2294 ἀπέκειτο,
3344 2229 3528 2299 φησίν.
3551 2225 3756 2293 Ἐξέλι-

2186 2348 2285 2382 πον
2310 2329 2419 2400 γὰρ
2441 2331 2653 2390 ἐκεῖνοι,
2675 2328 2769 2381 καὶ
2795 2322 2948 2389 οὗτος
2978 2326 3078 2378 οὐκ
3101 2323 3210 2377 ἀπὸ
3239 2322 3427 2390 γένους
3446 2320 3540 2373 τοῦ
3563 2319 3755 2382 Ἰούδα,
3776 2353 3780 2359 -

2186 2421 2299 2474 ἀλλ’
2330 2419 2452 2473 οῦτε
2497 2419 2632 2482 ὅλως
2677 2417 2770 2470 τοῦ
2801 2416 3018 2488 Ἰσραὴλ
3065 2415 3320 2485 ὑπάρχει.
3351 2411 3533 2466 Τούτω
3565 2410 3622 2463 δὲ
3648 2410 3757 2462 ἀπ-

2188 2514 2363 2571 έκειτο
2396 2509 2533 2564 εἶναι
2561 2509 2813 2581 Χριστόν.

2261 2608 2333 2660 B'.
2376 2604 2513 2657 Ἀλλ’
2545 2603 2756 2672 ἐλέγχει
2805 2600 3002 2662 αὐτοὺς
3034 2602 3066 2670 ἡ
3106 2597 3394 2652 ἀκολουθία
3437 2597 3757 2665 φάσκουσα·

2191 2700 2310 2750 ’Ότι
2353 2695 2534 2762 αὐτὸς
2579 2692 2907 2763 προσδοκία
2932 2689 3140 2755 ἐθνῶν,
3171 2688 3269 2742 καὶ
3309 2689 3402 2741 ἐπ’
3429 2686 3588 2751 αὐτῷ
3613 2686 3760 2755 ἔθνη

2189 2791 2484 2845 ἐλπιοῦσι.
2520 2789 2675 2841 Ποῖον
2714 2786 2771 2840 δὲ
2799 2784 2907 2837 τῶν
2939 2782 3107 2835 ἐθνῶν
3149 2782 3243 2833 ἐπὶ
3287 2778 3498 2850 Ἡρώδῃ
3533 2778 3761 2848 ἤλπισες

2194 2882 2322 2936 ποία
2355 2881 2410 2934 δὲ
2457 2877 2751 2951 προσδοκία
2799 2874 2966 2928 ἐθνῶν
3001 2871 3247 2943 Ἡρώδην
3273 2869 3595 2940 καραδοκεῖ;
3637 2865 3762 2929 Πῶς

2189 2973 2244 3026 δὲ
2273 2972 2353 3036 τὸ,
2371 2969 2685 3039 Ἑκοιμήθη
2722 2967 2856 3034 παρ’
2873 2964 3096 3029 αὐτοῖς,
3131 2961 3452 3032 ἐπληροῦτο,
3479 2960 3558 3024 ὡς
3583 2959 3758 3023 λέων,

2193 3064 2292 3117 καὶ
2341 3064 2422 3128 ὡς
2475 3062 2739 3130 σκύμνος
2792 3059 3068 3122 λέοντος’
3117 3057 3207 3120 τίς
3243 3054 3506 3124 ἐξεγερεῖ
3543 3055 3766 3116 αὐτόν;

523 3159 686 3214 leonis
717 3156 964 3221 catulus;
996 3155 1113 3224 quis
1145 3155 1317 3222 ipsum
1340 3149 1586 3205 excitabit
1612 3154 1636 3206 ?
1676 3148 1905 3203 Ubinam
1935 3147 2087 3201 deni-
2117 3183 2162 3246 Ο

2117 3183 2162 3246 c
2194 3155 2303 3208 Ποῦ
2335 3154 2390 3207 δὲ
2418 3153 2644 3206 ἓπλυνεν
2675 3153 2731 3204 ὲν
2760 3151 2952 3220 αἵματι
2981 3149 3077 3218 τὴν
3113 3147 3302 3218 στολὴν
3331 3145 3492 3199 αὑτοῦ
3521 3149 3549 3198 ό
3589 3143 3765 3214 Ἡρώ-

525 3267 630 3322 que
655 3249 785 3302 lavit
813 3248 866 3299 in
895 3260 1091 3299 cruore
1120 3243 1314 3300 stolam
1347 3256 1523 3305 suam,
1552 3248 1606 3295 et
1637 3240 1894 3293 amictum
1931 3253 2089 3293 suum

526 3345 583 3398 in
618 3356 736 3396 uvae
777 3337 1083 3408 sanguine?
1139 3333 1596 3406 quemadmodum
1639 3329 1801 3386 Jesus
1839 3329 2092 3385 Christus

529 3432 792 3490 Dominus
828 3438 1037 3491 noster,
1063 3427 1154 3496 qui
1183 3441 1282 3481 suo
1307 3425 1574 3494 sanguine
1605 3437 1808 3493 corpus
1837 3417 2104 3490 aspersit,

525 3532 581 3581 et
628 3539 745 3578 uva:
789 3521 1054 3590 sanguine
1101 3517 1419 3572 vestimenta
1467 3529 1566 3569 sua
1612 3513 1817 3567 tinxit?
1850 3511 1930 3565 Tu
1966 3526 2096 3566 vero

523 3633 649 3687 qua:
684 3631 714 3668 a
744 3629 830 3668 me
857 3611 1116 3666 dicuntur
1143 3609 1326 3661 animo
1356 3606 1595 3677 percipe.
1631 3603 1788 3657 Dabit
1810 3603 1960 3657 enim
1991 3600 2090 3654 tibi

528 3708 794 3763 Dominus
819 3697 1229 3771 intelligentiam
1271 3699 1329 3752 in
1360 3697 1638 3752 omnibus.
1668 3696 1878 3765 Quippe
1909 3693 2093 3764 populi

529 3799 624 3854 Dei
666 3796 942 3868 piaculum
972 3801 1030 3845 ut
1061 3790 1360 3854 exhiberet,
1396 3788 1544 3842 venit
1576 3788 1688 3853 ille,
1723 3801 1832 3855 quo
1868 3798 1964 3853 per
1997 3782 2096 3835 ἀοι

523 3891 713 3943 ctrina:
739 3902 852 3942 sua:
874 3885 1020 3939 velut
1047 3881 1367 3950 sanguinem
1405 3878 1596 3933 dentes
1640 3876 1923 3931 hominum
1962 3887 2096 3942 pur-

529 3990 681 4052 garet
710 3992 966 4049 pecorum
1011 3974 1277 4045 sanguine
1317 3988 1380 4026 ac
1414 3969 1628 4034 nidore,
1661 3983 1726 4022 ac
1757 3964 2098 4021 detestandis

530 4069 817 4130 sacriﬁciis
841 4067 1176 4138 inquinatos.
1211 4065 1534 4133 Quanquam
1563 4059 1693 4131 quid
1740 4058 1932 4112 attinet
1977 4057 2100 4126 plu-

529 4166 681 4218 ribus
709 4162 812 4216 ista
840 4157 1128 4229 persequi?
1158 4155 1376 4210 Infinita
1406 4161 1533 4207 sunt
1578 4152 1757 4216 enim;
1802 4162 1978 4218 neque
2013 4163 2101 4202 me

530 4258 584 4310 in
619 4253 999 4324 superioribus
1023 4247 1339 4304 refellendis
1366 4243 1667 4300 hzeresibus
1690 4241 1989 4309 longiorem
2017 4239 2102 4291 in-

532 4351 758 4404 stituere
790 4357 1094 4400 sermonem
1123 4338 1389 4410 temporis
1419 4337 1558 4391 ratio
1587 4334 1816 4405 patitur.

603 4439 690 4492 Ill.
725 4437 867 4507 Ergo
903 4442 1110 4503 septem
1140 4431 1364 4486 omnino
1395 4429 1631 4482 lnereses
1662 4425 1767 4479 illae
1792 4423 2102 4494 Hierosoly-

2193 3247 2308 3316 δης,
2333 3246 2366 3316 ἦ
2395 3248 2446 3298 ἐν
2477 3245 2667 3314 αἵματι
2707 3241 2981 3312 σταφυλῆς
3009 3240 3068 3292 τὸ
3099 3239 3442 3310 περιϐόλαιον
3475 3234 3660 3300 αὑτοῦ,
3690 3235 3767 3298 ὡς

2193 3340 2220 3391 6
2247 3337 2448 3408 Κύριος
2478 3335 2635 3406 ἡμῶν
2661 3334 2868 3405 Ἰησοῦς
2897 3332 3128 3403 Χριστὸς
3154 3331 3213 3383 τὸ
3241 3331 3400 3399 σῶμα
3427 3327 3590 3380 αὑτοῦ
3629 3329 3769 3396 ραν-

2194 3431 2343 3494 τίσας
2396 3431 2586 3500 αἵματι
2631 3428 2708 3498 τῷ
2757 3427 2892 3496 ίδίῳ,
2928 3425 3020 3478 καὶ
3063 3426 3124 3478 ὲν
3157 3424 3350 3494 αἵματι
3385 3420 3658 3490 σταφυλῆς
3706 3416 3770 3471 τὸ

2200 3521 2544 3591 περιϐόλαιον
2573 3519 2768 3584 αὑτοῦ;
2803 3517 2965 3570 Ἀλλὰ
2987 3520 3095 3570 νόει
3129 3515 3163 3568 ἆ
3193 3515 3352 3581 λέγω.
3389 3514 3508 3583 Δῴη
3541 3511 3650 3582 γάρ
3685 3527 3768 3564 σοι

2197 3613 2225 3664 6
2249 3613 2452 3685 Κύριος
2483 3613 2695 3666 σύνεσιν
2720 3613 2776 3663 ὲν
2804 3610 3115 3662 πᾶσιν.’Ἰνα
3145 3606 3251 3677 γὰρ
3279 3605 3428 3676 δείξῃ
3469 3604 3532 3656 τὸ
3565 3602 3771 3672 καθάρ-

2200 3722 2311 3757 σιον
2363 3705 2460 3775 τῆς
2505 3702 2598 3756 τοῦ
2649 3701 2779 3755 λαοῦ
2827 3701 2920 3754 τοῦ
2960 3698 3166 3769 Κυρίου
3207 3696 3612 3758 καταστάσεως,
3639 3690 3769 3764 ἦλθε

2197 3792 2284 3846 διὰ
2317 3791 2410 3844 τοῦ
2449 3791 2577 3843 ίδίου
2623 3790 2850 3859 αἵματος
2875 3789 2972 3857 τῆς
3002 3784 3346 3846 διδασκαλίας
3379 3781 3616 3852 καθᾶραι
3646 3782 3771 3841 τοὺς

2199 3883 2414 3944 ὀδόντας
2447 3881 2552 3934 τῶν
2587 3879 2908 3949 ἀνθρώπων,
2937 3879 3062 3940 τοὺς
3097 3879 3176 3939 είς
3202 3871 3342 3946 αἷμα
3379 3875 3570 3943 κνίσης
3592 3889 3652 3925 τε
3679 3873 3776 3925 κα)⁸

2199 3971 2458 4041 ἀθεμίτου
2491 3969 2682 4032 θυσίας
2715 3967 3174 4039 μεμολυσμένους.
3206 3965 3315 4017 Καὶ
3344 3964 3393 4016 τί
3427 3980 3516 4034 μοι
3540 3962 3608 4014 τὰ
3637 3961 3774 4031 πλή-

2202 4061 2269 4132 θη
2301 4062 2511 4129 λέγειν;
2545 4059 2722 4112 Πολλὰ
2749 4060 2857 4130 γάρ
2882 4061 3018 4124 ἐστι,
3049 4059 3143 4111 καὶ
3173 4059 3273 4110 οὐκ
3303 4055 3572 4124 ἐνδέχεται
3594 4055 3623 4105 6
3644 4051 3775 4122 χρόα

2202 4172 2290 4217 νος
2326 4154 2458 4223 πρὸς
2492 4153 2761 4206 ἀντίθεσιν
2788 4151 2893 4203 τῶν
2917 4149 3328 4222 προειρημένων
3355 4147 3616 4218 αἱρέσεων
3649 4146 3775 4196 ὲπι-

2207 4245 2464 4317 μηκύνειν
2493 4244 2584 4296 τὸν
2617 4242 2792 4311 λόγον.

2276 4425 2312 4477 Γ
2315 4431 2347 4474 '.
2392 4421 2532 4475 Ἀλλ’
2557 4419 2719 4474 αὐταὶ
2751 4418 2850 4489 μὲν
2878 4417 2934 4470 αἱ
2961 4415 3101 4469 ἑπτὰ
3125 4409 3264 4484 ἦσαν
3293 4415 3350 4466 ἐν
3383 4412 3602 4483 Ἰσραὴλ
3625 4410 3681 4463 έν
3710 4425 3771 4462 τε

532 4535 640 4590 mis
671 4542 832 4601 atque
865 4531 918 4586 in
949 4528 1134 4582 Judaea
1177 4526 1413 4585 fuerunt,
1450 4528 1685 4591 quatuor
1711 4533 1841 4572 vero
1876 4532 1906 4570 a
1941 4517 2100 4571 nobis
2129 4521 2181 4580 ι)

2129 4521 2181 4580 D
2207 4518 2270 4586 τῇ
2313 4511 2662 4585 Ἰερουσαλὴμ
2692 4511 2786 4563 καὶ
2829 4511 2885 4560 ὲν
2915 4510 2980 4578 τῇ
3009 4505 3266 4576 Ἰουδαίᾳ·
3313 4505 3368 4556 αἱ
3414 4502 3472 4555 δὲ
3517 4502 3779 4571 τέσσαρες

538 4635 699 4680 antea
723 4631 1159 4679 commemorata:
1189 4614 1330 4687 apud
1359 4611 1660 4668 Samaritas
1682 4617 1737 4664 et
1770 4609 1824 4662 in
1858 4607 2101 4662 Samaria

536 4721 854 4790 viguerunt;
887 4714 982 4768 sed
1012 4713 1126 4778 jam
1161 4723 1355 4778 magna
1384 4721 1450 4760 ex
1483 4713 1636 4773 parte
1667 4701 1917 4770 collapsa:
1947 4709 2101 4755 sunt.

538 4789 724 4879 Neque
748 4808 892 4862 enim
928 4803 1132 4858 Scribzr.
1157 4799 1391 4869 amplius
1415 4795 1509 4850 ulli
1536 4801 1686 4859 sunt,
1711 4807 1887 4861 neque
1913 4789 2107 4844 Phari-

615 4969 722 5038 (24)
747 4949 1029 5032 Ὕστερον
1048 4953 1412 5038 essem"
1429 4946 2104 5038 ρημητρέιςξο,,Ρςθξ¹1εθιτίυξ

541 5019 1036 5108 iste—cognomento
1063 5019 1328 5108 Εὐξξαίρου
1365 5019 1626 5079 αΙυὰωἰε
1657 5019 1964 5072 Alexandro
1989 5021 2104 5099 regi

544 5089 644 5166 ὲίἱό
667 5089 894 5162 infensis
937 5103 1002 5157 ad
1036 5089 1298 5154 auxilium
1329 5103 1551 5166 vocatus
1597 5105 1721 5166 cum
1751 5104 1819 5166 eo
1844 5089 2104 5157 pugnavit

543 5159 815 5249 ὲΐρὲξειίὸ
842 5173 1138 5249 superavit.
1175 5167 1283 5222 Seul
1323 5180 1444 5218 cum
1473 5161 1777 5249 Alexander
1796 5159 1861 5249 ‘i‘n
1885 5166 2102 5249 montes

546 5227 1022 5314 recepisset,
1070 5241 1134 5294 ad
1179 5249 1410 5314 eumque
1440 5230 1660 5314 plurimi
1689 5227 2102 5314 continuissent,

547 5298 1114 5375 iéir‘nh'sbémeuius,
1145 5298 1338 5362 relicta
1367 5298 1572 5375 Iudaea,
1593 5298 2103 5375 contraRPhilippum

550 5367 771 5441 iisti-Eia
797 5367 994 5439 bellum
1023 5367 1310 5449 aggressus
1342 5382 1445 5449 est.
1478 5374 1538 5424 ln
1593 5385 1702 5449 quo
1728 5367 1994 5449 anParthis
2015 5382 2109 5421 ca-

693 5437 884 5509 morbo
908 5437 1292 5526 apudue'osdem
1309 5437 1729 5526 exstinctusest.
1749 5437 2110 5503 Quamobrem

554 5510 687 5579 nihil
731 5539 852 5577 cum
897 5510 962 5575 eo
994 5519 1223 5574 Herodis
1266 5528 1462 5585 parens
1495 5510 1778 5585 Antipater
1822 5521 2112 5585 commune

553 5576 994 5657 barbuiti,inedum
1031 5599 1088 5642 ut
1121 5589 1188 5641 ab
1221 5576 1314 5657 illo
1337 5582 1538 5657 Judaeae
1564 5576 1941 5657 priefecturam
1968 5576 2112 5657 obti-

554 5655 758 5717 nuerit.»
783 5663 850 5714 At
874 5660 1102 5714 Herodis
1129 5673 1260 5711 avus
1292 5655 1540 5722 Antipas,
1564 5665 1671 5722 quo
1697 5655 1918 5722 parente
1949 5655 2111 5698 natus

555 5740 639 5785 est
673 5733 973 5801 Antipater,
999 5726 1306 5801 Alexandro
1332 5717 1442 5791 regi
1473 5717 1793 5801 percharusI,
1841 5717 2112 5801 eoque

564 5785 819 5854 Idumaea;
849 5785 1170 5869 praepositus
1211 5803 1315 5860 est,
1348 5785 1568 5846 auctore
1599 5787 1835 5857 Josepho
1866 5785 1960 5840 lib.
1995 5799 2107 5852 xw,

2210 4612 2265 4662 αἱ
2293 4604 2684 4676 προειρημέναι
2717 4600 2867 4672 παρὰ
2894 4598 3258 4668 Σαμαρείταις
3292 4597 3348 4647 ἐν
3376 4596 3442 4664 τῇ
3474 4591 3776 4662 Σαμαρείᾳ.

2211 4703 2276 4756 Αἰ
2305 4697 2521 4762 πλείους
2549 4698 2605 4749 δὲ
2628 4689 3232 4764 καθῃρέθησαν.οὐκέτι
3253 4687 3625 4756 Γραμματεῖς,
3648 4686 3780 4737 οὐκ·

2213 4795 2293 4847 ἐτι
2319 4791 2620 4862 Φαρισαῖοι,
2643 4785 2824 4838 οὐκέτι
2855 4782 3219 4844 Σαδδουκαῖοι,
3254 4777 3435 4831 οὐκέτι
3476 4777 3784 4847 Ἦμεροϐα-

2214 4957 2335 5012 cap.
2370 4941 2425 5012 2.
2458 4937 2814 5012 Suspicamur
2845 4943 3029 5012 itaque
3062 4929 3436 5012 multipliciter
3470 4928 3784 5012 hallucina-

2215 4999 2330 5065 tuin
2376 4999 2787 5078 Epiphaniunr:
2852 4999 3086 5078 primum
3127 4999 3276 5078 quod
3312 4999 3642 5078 Demetrium
3678 5013 3784 5078 pro

2217 5068 2523 5135 Alexanilr'o
2555 5077 2816 5146 posuerit.
2853 5068 3020 5146 'Tum
3062 5068 3205 5146 quod
3236 5068 3469 5146 Herodis
3503 5077 3784 5137 parentem

2217 5167 2316 5221 pro
2341 5164 2448 5221 avo_
2466 5139 2751 5221 ;Ju'da_2amj
2778 5160 2876 5221 pro
2924 5139 3155 5221 ldumaza
3193 5139 3509 5218 imprudens
3551 5153 3784 5221 usurpat

2217 5206 2374 5276 verit.
2417 5206 2676 5284 Quamvis
2705 5206 2848 5284 quod
2889 5215 2956 5269 ad
2987 5206 3368 5284 praefecturam
3398 5209 3611 5284 attinet,
3649 5206 3781 5260 alibi

2217 5306 2360 5361 saepe
2382 5277 2737 5361 Antipatrum
2769 5277 3003 5361 Herodis
3033 5291 3310 5353 parentem
3339 5277 3540 5361 ludam:
3583 5291 3784 5361 procu:

2218 5345 2454 5414 rat'orem
2490 5345 2559 5412 a'b
2587 5357 2833 5425 Augusto
2868 5345 3073 5408 factum
3101 5358 3401 5407 asseverat.
3461 5347 3538 5404 De
3570 5361 3680 5415 quo
3711 5345 3784 5400 ad

2217 5431 2466 5486 haeresim
2490 5444 2539 5481 Li
2569 5427 2766 5480 dicturi
2793 5440 3004 5479 sumus.

2291 5500 2401 5571 (ΞΒ)
2433 5495 2843 5571 "egregio-ero!
2871 5491 3290 5571 sanatam-dc.
3310 5487 3488 5571 .lﬂegat
3513 5487 3623 5571 hoc
3649 5485 3788 5571 Sea-

2218 5554 2352 5639 liger
2383 5554 2462 5621 [in
2503 5554 2826 5639 Eusebianis
2855 5554 3453 5639 Animadversionibus,
3483 5554 3784 5639 quod_ldu-

2220 5626 2388 5695 m‘ieus
2411 5645 2554 5693 esset
2572 5637 2873 5704 Antipater.
2904 5635 2972 5686 At
2995 5631 3216 5704 Idumaei
3240 5644 3429 5704 omnes
3453 5636 3579 5680 ante
3601 5626 3787 5704 plures

2220 5725 2394 5764 annos
2432 5708 2572 5762 inter
2611 5696 2827 5760 Jud'aaos
2879 5703 3123 5772 ascripti.
3184 5698 3291 5755 Sed
3335 5699 3449 5752 haec
3496 5696 3710 5752 erudite
3751 5707 3786 5748 α

2222 5779 2468 5856 Set-rario
2500 5786 2687 5839 nostro
2713 5775 3049 5832 refelluntur.
