4204 6370
464 335 573 394 275

1140 349 1510 409 ADVERSUS
1551 354 1894 413 HIERESES
1931 359 2040 412 LIB

2217 362 2380 418 TOM.
2422 364 2462 418 1.
2505 395 2574 406 -
2615 367 2886 425 ll/ERES.
2931 371 3046 427 XX.

3611 373 3722 430 274

466 463 710 529 πισταὶ,
748 466 928 522 οὐκέτι
967 463 1308 543 Ἦρωδίανοί.
1342 463 1508 532 Μόνοὶ
1540 481 1595 534 δέ
1619 500 1766 546 τινες
1806 485 1864 536 ἐν
1913 487 2042 540 σπά-

2156 488 2289 552 smi;
2323 505 2498 560 neque
2534 489 2839 560 Sadducmi,
2875 511 3055 565 neque
3085 493 3588 566 I-lemerobaptistm,
3623 513 3724 552 nec

373 608 376 610 ν
463 569 548 607 νει
589 557 955 627 εὑρίσκονται,
992 563 1025 633 ἢ
1063 565 1166 618 ποῦ
1200 561 1300 632 εἷς,
1341 571 1372 641 ἥ
1407 571 1500 624 δύο
1551 571 1862 645 Νασαρηνοὶ
1911 577 2050 649 ὑπὲρ

465 643 566 712 τὴν
613 644 725 699 ἄνω
772 647 1034 719 Θηϐαΐδα,
1072 656 1167 708 καὶ
1221 658 1476 712 ἐπέκεινα
1515 663 1612 733 τῆς
1642 643 1918 734 Ἀραϐίας,
1956 643 2049 720 καὶ

479 735 754 808 Ὀσσηνῶν
774 741 836 794 τὸ
856 742 1095 813 λῆμμα¹,
1109 747 1290 801 οὐκέτι
1313 749 1616 820 Ἰουδαΐζον,
1635 755 1769 808 ἀλλά
1785 757 2048 826 συναφθὲν

464 826 772 897 Σαμψίταις
801 837 914 897 τοῖς
950 836 1092 888 κατὰ
1117 837 1371 910 διαδοχὴν
1404 845 1460 895 ἐν
1494 844 1570 914 τῷ
1603 845 1776 916 πέραν
1809 847 1907 917 τῆς
1944 848 2050 899 Νε-

465 921 605 989 κρᾶς
635 920 912 996 θαλάσσης
940 927 1365 1002 ὑπερκειμένης.
1391 933 1526 987 Νυνὶ
1553 935 1612 987 δὲ
1643 939 1709 1006 τῇ
1736 938 1843 990 τῶν
1860 937 2049 992 Ἐϐιω-

463 1008 628 1062 ναίων
649 1012 858 1082 αἱρέσει
881 1017 1251 1088 συνήφθησαν.
1281 1022 1390 1074 Καὶ
1417 1024 1608 1092 γέγονε
1631 1025 1786 1094 λῆξαι
1820 1027 1917 1096 μὲν
1944 1027 2043 1079 αὑ-

461 1100 588 1164 τοὺς
630 1103 738 1157 ἀπὸ
768 1106 1125 1179 Ἰουδαῐσμοῦ,
1160 1110 1349 1184 ὥσπερ
1390 1114 1446 1167 δὲ
1496 1114 1651 1184 ῥίζαν
1682 1117 1974 1188 τμηθῆναι,
2007 1118 2041 1188 ἢ

463 1188 624 1260 σῶμα
657 1193 910 1263 ἑρπετοῦ,
950 1199 1044 1251 καὶ
1088 1201 1147 1266 ἐξ
1192 1204 1356 1257 αὑτοῦ
1408 1205 1570 1274 φῦναι
1605 1208 1908 1277 δικέφαλον,
1949 1211 2044 1263 καὶ

459 1279 687 1370 ᾄρριζον
715 1285 838 1353 ὄφιν
872 1289 931 1341 ἐν
959 1291 1039 1344 ἐνὶ
1070 1291 1282 1364 σώματι
1311 1297 1565 1369 ήμιτόμῳ
1605 1300 1914 1370 ἐκπεφυκὸς
1949 1304 2043 1356 καὶ

461 1369 556 1440 ἐξη
567 1389 664 1443 ρτη
672 1375 852 1444 μένον.

2155 577 2451 636 Ilerodiaui
2484 594 2799 654 supersunt.
2843 587 3008 641 Pauci
3060 588 3281 657 quidem
3322 588 3588 642 duntaxat
3617 585 3723 640 Na-a

2155 675 2360 739 zareni,
2390 691 2532 732 unus
2558 677 2768 732 scilicet
2795 679 2880 733 vel
2903 681 3042 734 alter
3071 696 3236 750 supra
3265 679 3594 734 Thebaidem
3633 695 3726 734 su-

2153 765 2447 832 periorem,
2475 777 2569 821 aut
2604 768 2858 824 Arabiam
2895 777 3121 826 restant.
3166 771 3270 825 Sed
3305 779 3357 825 et
3389 770 3722 827 Ossenorum

2153 856 2430 910 nonnullae
2465 865 2593 912 sunt
2620 859 2882 929 reliquiae,
2905 876 3025 929 quae
3051 877 3175 915 cum
3204 877 3230 914 a
3255 856 3497 917 Judaicis
3525 864 3728 915 ritibus.

2152 945 2478 1012 defecerint,
2508 964 2567 1004 se
2589 951 2655 1004 ad
2690 949 2995 1021 Sampsitas
3025 958 3391 1022 aggregarunt
3420 970 3431 1004 :
3468 966 3587 1020 qua:
3642 950 3726 1003 fa-

2153 1037 2265 1089 ctio
2280 1036 2418 1091 ultra
2449 1053 2602 1093 mare
2632 1038 2926 1104 Mortuum,
2946 1040 3091 1112 quod
3122 1039 3425 1094 Palaestina:
3456 1039 3724 1100 imminet,

2151 1127 2483 1184 constitutas
2517 1133 2547 1182 a
2595 1131 2899 1200 majoribus
2931 1133 3088 1188 sedes
3117 1132 3319 1186 obtinet
3351 1150 3364 1197 ;
3418 1129 3514 1186 sed
3564 1129 3726 1185 hodie

2150 1212 2421 1272 Ebiouitis
2451 1217 2695 1287 adiuncti
2736 1230 2883 1275 sunt.
2920 1224 3000 1275 Ita
3034 1221 3238 1276 factum
3269 1222 3539 1284 Videmus,
3584 1231 3644 1274 ut
3672 1228 3728 1274 et

2151 1302 2238 1356 isti
2267 1318 2294 1354 a
2328 1302 2554 1360 Judaica
2598 1309 2860 1379 religione
2899 1310 3249 1376 desciverint,
3289 1320 3342 1366 et
3372 1311 3522 1365 velut
3570 1310 3726 1364 radix

2149 1396 2394 1466 quaedam
2426 1400 2478 1453 in
2515 1400 2652 1455 duas
2677 1410 2860 1471 partes
2887 1404 3060 1458 scissa
3094 1405 3185 1470 sit,
3218 1405 3557 1474 serpentisve
3600 1419 3726 1459 cor-

460 1476 598 1568 pus,
615 1480 682 1519 ex
729 1481 839 1537 quo
865 1468 1051 1541 biceps
1106 1476 1324 1546 anguis,
1355 1479 1756 1551 posteriorique
1814 1491 1967 1551 parte
2033 1489 2260 1545 mutilus
2319 1491 2608 1547 dimidiato
2638 1468 2870 1564 corpore
2906 1468 3177 1563 adnatus,
3206 1468 3563 1568 pendensquc
3606 1509 3728 1566 pro-

459 1552 647 1612 dierit.

532 1647 678 1712 Ἕως
703 1644 805 1705 ὧδε
837 1653 870 1724 ἡ
907 1655 1034 1726 περὶ
1067 1656 1174 1710 τῶν
1205 1662 1486 1733 τεσσάρων
1509 1664 1775 1734 αἱρέσεων
1804 1665 1913 1719 τῶν
1938 1667 2042 1718 Σα-

2217 1666 2325 1738 47
2345 1666 2620 1725 Hactenus
2642 1670 2709 1725 de
2728 1687 2778 1726 Iv
2800 1670 3272 1727 Samaritanorum
3298 1676 3482 1739 sectis,
3503 1673 3723 1730 Iudaeo-

462 1742 736 1812 μαρειτῶν
785 1744 1027 1818 διαλογὴ,
1078 1752 1170 1802 καὶ
1212 1751 1352 1804 ἑπτὰ
1399 1753 1508 1805 τῶν
1532 1757 1823 1821 Ἰουδαίων,
1866 1757 1924 1824 ἐξ
1968 1752 2042 1810 ὧν

2149 1771 2268 1811 rum
2307 1772 2420 1814 vn:
2464 1775 2530 1815 ex
2561 1762 2760 1831 quibus
2793 1762 3149 1820 Samaritauae
3173 1767 3441 1821 duntaxat
3481 1776 3592 1824 tres
3622 1770 3726 1823 hoc

456 1835 646 1889 οὐκέτι
682 1836 1034 1912 ἐμφέρονται,
1064 1842 1096 1912 ἢ
1145 1847 1294 1914 τρεῖς
1323 1845 1421 1916 μὲν
1449 1849 1505 1900 αἱ
1531 1847 1640 1901 τῶν
1666 1849 2040 1921 Σαμαρειτῶν,

447 1925 746 1996 -Γορθηνῶν
788 1946 848 1982 τε
896 1932 989 1984 καὶ
1037 1934 1326 2001 Δοσιθέων,
1359 1938 1453 1991 καὶ
1500 1939 1822 2005 Σεόουαίων,
1849 1942 2044 2012 Ἐσση-

453 2017 569 2072 νῶν
595 2019 652 2072 δὲ
676 2021 737 2073 οὐ
767 2023 930 2088 πάνυ,
956 2025 1070 2078 ἀλλ’
1093 2026 1168 2090 ὡς
1193 2029 1250 2081 ἐν
1275 2029 1452 2101 σκότῳ
1475 2032 1851 2103 τεθαμμένων.
1886 2035 2043 2105 Παρὰ

547 2113 658 2174 τοῖς
687 2113 961 2178 Ἰουδαίοις
992 2118 1196 2181 οὐκέτι,
1225 2119 1340 2173 ἀλλ’
1370 2123 1396 2192 ἡ
1430 2122 1699 2176 Ἰουδαίων
1731 2127 1825 2178 καὶ
1856 2124 2040 2180 Νασα-

461 2202 652 2274 ραίων.
678 2204 927 2278 Ὀσσηνοὶ
974 2209 1030 2262 δὲ
1081 2210 1418 2282 μετέστησαν
1458 2214 1567 2267 ἀπὸ
1594 2217 1932 2287 Ἰουδαῖσμοῦ
1963 2220 2042 2282 είς

454 2294 557 2365 τὴν
595 2295 704 2349 τῶν
733 2298 1001 2368 Σαμψέων
1025 2301 1260 2372 αἵρεσιν,
1286 2304 1380 2356 κοιλΙ
1408 2305 1594 2358 οὐκέτι
1643 2305 1764 2359 οῦτε
1798 2308 2042 2362 Ἰουδαῖοι

451 2387 797 2460 ’ὑπάρχουσιν
849 2384 972 2446 οὔτε
1020 2395 1359 2464 Χριστιανοί.
1393 2397 1580 2452 Ταῦτά
1629 2415 1717 2469 μοι
1759 2400 1888 2471 περὶ
1933 2400 2041 2453 τῶν

459 2481 870 2551 προειρημένων
898 2476 1003 2548 ἕως
1030 2479 1130 2538 ὧδε
1165 2487 1356 2556 ἐχέτω.

471 2589 773 2673 Ἔνδῃιιίᾳ.
795 2597 1053 2673 Χριστοῦ
1091 2600 1227 2673 (26),
1259 2602 1354 2673 mi
1389 2603 1684 2672 ἐνσαρκος
1717 2605 2042 2673 παρουσία,

530 2662 635 2744 καί
657 2664 937 2745 ἐλήρειαῇ
973 2662 1339 2744 [πρόσωπον]
1367 2675 1412 2742 Δἡ
1440 2662 1551 2743 μίᾰ
1584 2662 1682 2728 καὶ
1704 2662 1860 2745 μόίοη
1887 2662 2044 2732 οὖσά

785 2735 812 2747 η

530 2733 637 2787 τοῦ
667 2735 813 2790 Θεοῦ
845 2733 1068 2805 πίσὲιςῖ.

529 2845 610 2898 A'.
651 2843 830 2910 Εὐθὺς
857 2848 914 2900 δὲ
939 2849 1251 2921 ἐπεδήμησε
1279 2852 1418 2906 κατὰ
1449 2853 1614 2918 πόδας
1651 2857 1678 2926 ἡ
1707 2855 1798 2908 τοῦ
1844 2857 2040 2930 Κυρίου

459 2933 619 3003 ἡμῶν
645 2935 821 3006 Ἰησοῦ
863 2938 1100 3009 Χριστοῦ
1139 2941 1401 3013 ένσαρκος
1431 2944 1719 3014 παρουσία,
1745 2946 1867 3014 ἥτις
1909 2963 2044 3000 κατ-

459 3026 620 3078 έλαϐε
647 3026 744 3091 τὰς
778 3031 1181 3100 προειρημένας
1209 3033 1348 3087 έπτά
1377 3035 1616 3105 αἱρέσεις
1648 3038 1704 3088 ἐν
1746 3037 2041 3108 Ἰεροσολύ-

2146 1857 2388 1921 tempore
2439 1864 2734 1923 supersunt
2775 1872 2788 1908 :
2827 1855 3258 1924 Gorthenormn,
3315 1857 3722 1926 Dositheorum,

2145 1955 2209 1995 ac
2237 1941 2612 1998 Sebuaeorum.
2658 1944 2794 1999 Nam
2841 1945 3177 2003 Essenorum
3205 1952 3356 2005 velut
3389 1953 3444 2006 in
3485 1954 3724 2009 tenebris

2145 2034 2482 2102 sepultorum
2523 2036 2756 2091 obscura
2807 2039 3052 2107 quzedam
3115 2042 3344 2114 vestigia
3397 2054 3720 2100 cernuntur.

2143 2123 2220 2178 Ex
2255 2123 2500 2182 Judaicis
2545 2128 2646 2183 soli
2679 2127 2850 2183 Iud-.ei
2883 2146 2947 2184 ac
2981 2131 3222 2188 Nazaraei
3256 2143 3489 2191 restant.
3527 2137 3725 2192 Osseni

2144 2229 2173 2267 a
2195 2212 2426 2270 Judaico
2457 2217 2567 2270 ritu
2604 2218 2672 2272 ad
2698 2219 3090 2291 Sampseorum
3118 2223 3369 2281 haeresim
3410 2225 3726 2296 transfuge—

2143 2313 2293 2365 runt,
2327 2312 2385 2358 ut
2433 2322 2610 2377 neque
2638 2307 2834 2374 Judaei,
2871 2328 3048 2382 neque
3077 2313 3377 2370 Christiani
3421 2317 3550 2372 sint.
3598 2316 3725 2373 Haec

2144 2396 2330 2462 habui,
2362 2415 2483 2470 qua:
2512 2401 2578 2456 de
2607 2404 2863 2460 omnibus
2896 2405 3004 2462 illis
3037 2410 3202 2465 sectis
3235 2409 3522 2480 hucusque
3550 2409 3726 2466 disse-

2141 2505 2341 2545 rerem.

2144 2603 2222 2657 De
2246 2603 2620 2682 Incarngtione
2663 2607 2862 2682 Christi
2905 2609 3139 2676 Domini,
3175 2629 3237 2665 ac
3278 2616 3497 2670 veritate
3529 2614 3729 2682 [perso-

2254 2677 2466 2749 narum]
2490 2695 2607 2746 qua:
2639 2688 2714 2732 est
2745 2681 2903 2733 unica
2937 2698 2999 2734 ac
3030 2684 3318 2752 singularia
3343 2686 3441 2738 Dei
3463 2677 3615 2756 ﬁdes.

2217 2851 2256 2904 1.
2285 2845 2390 2902 Sed
2420 2864 2450 2903 e
2480 2850 2711 2921 vestigio
2747 2851 2950 2908 Christi
2996 2851 3125 2908 Jesu
3164 2855 3376 2911 Domini
3408 2862 3581 2914 nostri
3623 2863 3726 2916 ad-

2143 2949 2340 2997 ventus
2365 2956 2490 2995 cum
2523 2957 2588 2996 eo
2619 2944 2762 3012 quod
2795 2953 3116 3015 susceperat
3139 2962 3367 3018 corpore
3390 2962 3721 3010 consecutus

2145 3040 2266 3099 est;
2300 3033 2391 3099 qui
2431 3040 2485 3088 et
2514 3048 2588 3086 vn
2628 3034 2748 3088 illas
2784 3037 3022 3091 hmreses
3052 3035 3446 3116 Hierosolymis
3478 3043 3726 3109 oﬂ'endit,

447 3115 847 3185 -μοις.Ἕσ6εσε
871 3119 930 3171 δὲ
960 3122 1215 3193 ταύταςή
1243 3124 1406 3177 αὑτοῦ
1433 3125 1681 3196 δύναμις,
1712 3127 1804 3181 καὶ
1834 3129 2042 3182 διεσκέ-

2145 3131 2198 3177 et
2219 3125 2438 3178 easdem
2465 3134 2564 3179 sua
2589 3125 2637 3178 vi
2661 3125 2950 3197 dissipavit
2973 3139 3028 3184 ct
3046 3133 3331 3186 exstinxit.
3356 3115 3724 3199 Quamobrem

457 3207 610 3261 δασε.
647 3209 847 3263 Λοιπὸν
896 3212 952 3264 δὲ
1009 3215 1147 3283 μετὰ
1189 3215 1288 3286 τὴν
1326 3217 1489 3271 αὐτοῦ
1520 3218 1815 3289 ἐπιδημίαν
1839 3221 1894 3273 αἱ
1921 3239 2045 3290 μετ-

460 3297 652 3350 έπειτα
685 3302 856 3354 πᾶσαι
891 3304 1180 3370 γεγόνασιν
1208 3307 1449 3378 αἱρέσεις
1470 3328 1481 3339 ⁸
1521 3309 1665 3377 λέγω
1710 3310 1774 3378 δὴ
1818 3311 1955 3380 μετὰ
1982 3313 2043 3365 τὸ

459 3388 914 3460 εὐαγγελισθῆναι
942 3394 1174 3464 Μαριὰμ
1194 3396 1252 3449 ὲν
1274 3397 1528 3468 Ναζαρὲτ
1546 3399 1633 3452 διὰ
1662 3399 1753 3451 τοῦ
1779 3401 2039 3472 Γαϐριὴλ,

461 3480 555 3531 καὶ
608 3482 746 3550 μετὰ
793 3485 972 3536 πᾶσαν
1023 3485 1212 3550 ἁπλῶς
1254 3487 1355 3558 τὴν
1405 3488 1670 3561 ένσαρκου
1690 3492 1798 3545 κτοῦ
1833 3495 2040 3565 Κυρίου

459 3574 785 3644 παρουσίαν,
814 3572 930 3630 εἶτα
953 3576 1238 3649 ἀνάληψιν,
1263 3581 1543 3653 Ηύδόκησε
1565 3582 1674 3655 γὰρ
1698 3587 1725 3637 ὁ
1751 3585 1884 3648 Θεὸς
1905 3586 2042 3657 πρὸς

460 3667 734 3736 σωτηρίαν
783 3669 892 3722 τῶν
935 3670 1235 3740 ἀνθρώπων
1263 3673 1354 3726 τὸν
1400 3674 1530 3728 ἴδιον
1564 3677 1690 3730 Υίὸν
1718 3678 2042 3732 κατελθόντα

461 3758 523 3808 ἐν
573 3759 757 3829 μήτρᾳ
800 3759 1103 3831 παρθενικῇ
1150 3762 1542 3835 συλληφθῆναι,
1579 3767 1751 3834 Λόγον
1779 3767 1908 3821 ὄντα
1947 3769 2040 3821 ἀπ’

460 3847 710 3918 οὐρανοῦ,
747 3851 811 3903 ἐκ
839 3851 1054 3905 κόλπων
1083 3853 1352 3924 πατρῴων
1381 3855 1777 3927 γεγεννημένον
1801 3858 2043 3928 ἀχρόνως

461 3939 559 3992 καὶ
597 3941 870 4013 ἀνάρχως,
917 3943 1139 3998 ἐλθόντα
1168 3944 1225 3996 δὲ
1257 3946 1344 3997 ἐπ’
1375 3947 1619 4016 ἐσχάτων
1652 3947 1760 4000 τῶν
1795 3948 2038 4019 ἡμερῶν,

459 4031 596 4084 Θεὸν
627 4033 797 4102 Λόγον
840 4035 966 4088 ὄντα
1000 4038 1064 4089 ἐκ
1094 4037 1228 4090 Θεοῦ
1256 4038 1466 4108 Πατρὸς
1488 4039 1766 4110 ἀληθινῶς]
1787 4057 2042 4112 γεγεννη-

465 4122 644 4191 μένον,
670 4126 954 4194 ὁμοούσιον
985 4127 1112 4180 ὄντα
1140 4127 1218 4198 τῷ
1246 4129 1440 4200 Πατρὶ,
1472 4130 1568 4184 καὶ
1596 4131 1746 4184 οὐδὲν
1783 4131 1927 4203 παρὰ
1950 4133 2041 4186 τὸν

461 4215 683 4286 Πατέρα
708 4216 1088 4289 ἠλλοιωμένον,
1117 4220 1231 4273 ἀλλ’
1258 4221 1528 4291 ἄτρεπτον
1564 4222 1694 4276 ὄντα
1745 4224 1839 4277 καὶ
1880 4224 2042 4277 ἀναλ-

462 4304 699 4360 λοίωτον·
719 4309 900 4381 ἀπαθῆ
937 4327 996 4362 τε
1022 4310 1176 4374 ὅλως,
1213 4313 1288 4383 μὴ
1317 4313 1616 4383 πάσχοντα,
1647 4316 2040 4384 συμπάσχοντα

461 4402 520 4456 δὲ
540 4403 620 4474 τῷ
650 4406 901 4477 ἡμετέρῳ
934 4406 1102 4476 γένει,
1127 4409 1454 4462 κατελθόντα
1483 4409 1576 4462 ἀπ’
1596 4408 1850 4480 οὐρανοῦ,
1876 4413 2040 4478 ἐγκω-

2148 3216 2371 3284 reliquae
2397 3231 2588 3270 omnes
2612 3217 2847 3273 haereses
2874 3219 3107 3275 adventu
3132 3223 3224 3276 illo
3249 3225 3580 3294 posteriores
3603 3226 3727 3282 fue-

2144 3315 2309 3373 runt;
2345 3308 2602 3361 nimirum
2639 3319 2928 3380 postquam
2960 3311 3129 3367 Maria
3172 3313 3335 3386 Virgo
3371 3315 3662 3373 Nazarethi
3695 3336 3726 3372 τι

2146 3396 2398 3452 Gabriele
2432 3400 2708 3453 coelestem
2751 3403 3003 3455 nuntium
3055 3407 3302 3474 accepit,
3345 3422 3410 3461 ac
3463 3406 3728 3463 Dominus

2145 3490 2386 3544 humano
2416 3505 2648 3561 corpore
2690 3493 3061 3551 circumfusus
3095 3497 3316 3567 prodiit,
3349 3507 3403 3553 et
3441 3499 3494 3552 in
3526 3501 3726 3554 caelum

2145 3591 2400 3652 receptus
2439 3591 2543 3639 est.
2596 3583 2810 3640 Etenim
2845 3586 2912 3640 ad
2965 3589 3189 3642 humani
3238 3590 3455 3658 generis
3496 3591 3725 3644 salutem

2145 3675 2218 3728 ita
2254 3673 2366 3729 Deo
2398 3674 2577 3730 visum
2606 3685 2708 3740 est,
2735 3687 2794 3731 ut
2826 3678 3001 3748 ipsius
3032 3679 3198 3734 Filius
3229 3696 3258 3734 e
3285 3682 3426 3734 caelo
3470 3681 3728 3750 delapsus

2144 3771 2495 3842 in'Virginis
2548 3779 2705 3828 utero
2761 3773 3075 3844 gigneretur
3115 3773 3418 3836 :Verbum,
3478 3775 3724 3844 inquam,

2146 3861 2279 3916 illud
2307 3871 2595 3927 aeternum,
2627 3865 2776 3933 quod
2810 3881 2839 3918 e
2890 3872 3121 3934 paterno
3155 3865 3281 3919 sinu
3329 3875 3455 3919 ante
3512 3874 3728 3935 tempus

2146 3961 2308 4023 atque
2339 3955 2554 4007 initium
2580 3970 2742 4009 omne
2765 3957 3007 4025 genitum
3040 3968 3158 4024 est;
3193 3957 3444 4026 idemque
3465 3959 3727 4011 extremis

2142 4046 2480 4114 temporibus
2503 4046 2767 4115 allapsum
2791 4044 2933 4100 Deus
2951 4044 3238 4100 Verbuma
3286 4045 3397 4100 Deo
3439 4046 3598 4100 Patre
3642 4062 3729 4099 re-

2141 4152 2265 4190 vera
2299 4137 2536 4206 genitus,
2575 4138 3461 4206 ejusdemquecumilloessentize,
3498 4151 3596 4190 nec
3620 4137 3726 4190 ulla

2144 4245 2203 4283 re
2235 4246 2264 4282 a
2289 4229 2444 4284 Patre
2471 4237 2748 4296 mutatus;
2783 4230 2879 4284 sed
2901 4231 3299 4285 vicissitudinis
3320 4245 3383 4283 ac
3406 4231 3728 4284 mutationis

2145 4332 2199 4376 et
2249 4321 2555 4376 aﬂ'ectionis
2597 4323 2775 4376 omnis
2821 4338 3042 4391 expers.
3091 4321 3350 4387 Quicum
3387 4322 3525 4376 citra
3556 4323 3724 4374 ullam

2146 4415 2314 4469 animi
2346 4414 2767 4468 commotionem
2795 4413 3010 4482 generis
3048 4413 3225 4466 nostri
3264 4413 3522 4467 misertus
3563 4413 3726 4474 foret.

465 4496 764 4566 μονηθέντα
823 4500 924 4552 οὐκ
971 4500 1080 4553 ἀπὸ
1133 4502 1446 4572 σπέρματος
1498 4503 1721 4574 ἀνδρὸς,
1775 4505 1910 4559 ἀλλὰ
1956 4507 2042 4561 διὰ

2148 4502 2486 4557 descendite
2516 4503 2679 4562 cmlo.
2720 4518 2784 4556 ac
2814 4503 2881 4557 de
2913 4501 3121 4572 Spiritu
3151 4511 3362 4567 sancto,
3395 4519 3505 4557 non
3529 4520 3557 4558 e
3583 4505 3729 4557 virili

461 4588 778 4660 Πνεύματος
809 4592 988 4659 ἁγίου,
1015 4593 1286 4663 ἀληθινῶς
1316 4595 1474 4665 σῶμα
1503 4595 1610 4649 ἀπὸ
1642 4597 1862 4668 Μαρίας
1887 4600 2044 4670 ἐσχη-

463 4681 614 4746 κότα,
649 4682 1034 4738 ἀναπλάσαντα
1087 4685 1267 4754 ἐαυτῷ
1313 4686 1411 4756 τὴν
1455 4687 1633 4758 σάρκα
1661 4688 1768 4740 ἀπὸ
1801 4689 1898 4759 τῆς
1935 4693 2041 4762 μή·

459 4787 595 4842 τρας
620 4772 716 4842 τῆς
744 4773 924 4841 ἁγίας,
949 4773 1041 4826 καὶ
1066 4773 1243 4844 ψυχὴν
1269 4775 1368 4846 τὴν
1393 4775 1736 4848 ἀνθρωπείαν
1759 4777 2038 4847 είεληφότα,

461 4861 557 4914 καὶ
582 4861 724 4925 νοῦν,
756 4864 848 4916 καὶ
875 4865 982 4916 πᾶν
1006 4863 1133 4916 εἴτι
1167 4866 1313 4917 ἐστὶν
1347 4865 1632 4938 ἄνθρωπος
1661 4869 1830 4938 χωρὶς
1860 4869 2043 4942 ἁμαρ-

458 4952 602 5016 τίας,
625 4955 705 5016 είς
731 4955 919 5008 ἑαυτὸν
948 4958 1014 5026 τῇ
1050 4956 1243 5009 ἑαυτοῦ
1271 4956 1485 5029 θεότητι
1519 4959 1923 5013 συνενῶσαντα⁶
1949 4978 2044 5029 γε-

460 5046 787 5116 γεννημένον
807 5065 864 5100 τε
894 5050 950 5100 ἐν
980 5049 1246 5119 Βηθλεὲμ,
1277 5051 1683 5122 περιτμηθέντα
1714 5055 1772 5108 ὲν
1799 5054 1877 5124 τῷ
1907 5071 2044 5126 σπη-

461 5135 619 5207 λαίῳ,
637 5139 1067 5210 προσενεχθέντα
1096 5143 1153 5194 ἐν
1178 5143 1441 5213 Ἰεροσολύ
1451 5161 1592 5212 μοις,
1618 5144 2040 5212 ἐναγκαλισθέν-

459 5243 530 5280 τα
563 5227 668 5280 ὑπὸ
710 5228 804 5281 τοῦ
831 5230 1136 5300 Συμεῶνος,
1171 5233 1670 5304 ἀνθομολογηθέντα
1711 5236 1815 5288 ὑπὸ
1845 5237 2043 5307 Ἀννης

459 5317 560 5388 τῆς
580 5317 675 5370 τοῦ
703 5320 945 5391 Φανουὴλ
975 5324 1326 5394 προφήτιδας,
1354 5325 1720 5395 ἀπενεχθέντα
1746 5329 1826 5391 είς
1858 5328 2044 5392 Ναζα-

536 5476 554 5507 ¹
591 5475 741 5534 Fort.
772 5479 1000 5552 λεῖμμα.
1074 5482 1095 5512 ¹
1129 5481 1263 5554 Reg.
1295 5483 1541 5555 ἀλήθεια.
1577 5485 1642 5537 Ἥ
1677 5483 1790 5554 μία,
1830 5491 1936 5540 etc.

450 5607 458 5624 li
489 5710 498 5712 _
540 5638 652 5712 (26)
675 5645 677 5647 ’
703 5640 982 5709 Ἐνδημιά
1025 5643 1302 5710 Χριστοῦ.
1357 5641 1488 5708 Quae
1522 5643 1609 5697 hic
1647 5637 1715 5699 ab
1742 5642 2044 5712 Epiphanio

463 5710 536 5784 de
561 5708 858 5766 Salvatoris
879 5708 1030 5774 urtu,
1062 5708 1372 5784 cunabulis,
1402 5730 1464 5767 ac
1490 5725 1764 5784 postremo
1788 5708 2044 5784 passione

467 5779 746 5849 dicuntur,
779 5796 879 5837 nec
907 5798 1016 5838 non
1045 5790 1098 5838 et
1122 5783 1188 5838 de
1226 5779 1667 5857 Augustifatque
1692 5779 1922 5841 Herodis
1947 5800 2041 5840 an-

2151 4594 2358 4646 semine
2386 4593 2708 4662 productus,
2747 4609 2938 4648 verum
2975 4610 3177 4664 corpus
3204 4611 3234 4649 e
3260 4594 3430 4648 Maria
3459 4597 3724 4662 suscepit,

2149 4698 2275 4737 cum
2299 4701 2329 4739 e
2358 4691 2549 4738 sancto
2577 4685 2696 4752 ejus
2724 4693 2882 4739 utero
2920 4700 3144 4739 carnem
3189 4686 3289 4740 sibi
3326 4685 3593 4747 tinxisset,
3625 4686 3728 4738 hu-

2150 4791 2477 4845 manamque
2521 4784 2637 4830 tum
2669 4778 2933 4841 animam,
2983 4785 3096 4830 tum
3146 4786 3382 4832 mentem
3424 4778 3724 4843 induisset;

2149 4882 2212 4920 ac
2242 4867 2507 4938 quidquid
2539 4869 2763 4922 omnino
2796 4884 2919 4922 cum
2956 4869 3174 4923 homine
3219 4868 3572 4936 coniunctum
3617 4877 3722 4932 est,

2149 4968 2345 5028 praeter
2377 4967 2658 5029 peceatum
2689 4977 2876 5015 secum
2925 4975 2987 5012 ac
3021 4977 3144 5014 cum
3183 4960 3465 5014 divinitate
3503 4974 3597 5014 sua
3628 4975 3726 5017 co-

2149 5052 2417 5120 pulasset.
2444 5052 2575 5106 lnde
2604 5052 2931 5107 Bethlehemi
2958 5053 3012 5105 in
3042 5056 3214 5106 lucem
3246 5053 3448 5114 editus,
3477 5060 3642 5120 atque
3671 5051 3723 5102 in

2150 5157 2315 5212 Specu
2343 5143 2707 5198 circumcisus
2733 5143 3121 5214 Hierosolymis
3141 5144 3360 5197 oblatus
3383 5150 3466 5196 est
3492 5160 3504 5206 ;
3542 5141 3724 5210 ibique

2151 5250 2179 5286 a
2215 5235 2475 5290 Simeone
2512 5237 2654 5291 inter
2681 5237 2903 5290 brachia
2929 5247 3238 5304 susceptus.
3278 5234 3388 5305 48
3405 5243 3457 5286 et
3477 5234 3544 5286 ab
3567 5233 3722 5286 Anna

2149 5325 2445 5385 Phanuelis
2475 5329 2584 5384 lilia
2608 5329 2952 5399 prophetissa
2977 5315 3324 5397 praedicatus:
3356 5326 3721 5378 Nazarethum

2153 5643 2260 5704 nis,
2290 5640 2652 5710 opportunius
2683 5640 2748 5694 ad
2775 5641 3022 5695 haeresim
3051 5654 3103 5694 LI
3126 5639 3487 5708 explicantur.
3527 5639 3628 5693 Ubi
3657 5640 3722 5694 da

2153 5728 2297 5766 anno
2331 5710 2596 5765 Dominici
2631 5710 2857 5771 Natalis,
2904 5726 2968 5764 ac
3016 5710 3306 5779 passionis.
3357 5726 3419 5763 ac
3471 5712 3720 5781 reliquis,

2135 5774 2272 5853 quae
2293 5784 2481 5840 eodem
2513 5790 2778 5852 spectant.
2815 5774 3082 5854 agendum
3114 5785 3215 5836 erit
3247 5781 3516 5850 pluribus.
