4204 6370
526 337 630 393 275

1917 349 1973 406 S.
2018 350 2359 407 EPiPHANIl

3659 365 3766 424 276

529 452 847 523 deportatus
876 459 977 507 est.
1005 450 1141 507 Tum
1174 467 1321 508 anno
1351 455 1595 522 sequenti
1626 454 2017 530 Hierosolymis
2040 477 2084 517 ει

2204 464 2313 534 ρὲτ,
2347 464 2570 518 ἐλθόντα
2596 466 2675 537 τῷ
2718 467 2843 537 έξῆς
2874 470 3102 542 ἐνιαυτῷ
3134 471 3362 543 ὀφθῆναι
3398 475 3627 532 ὲνιυπιον
3654 483 3769 535 Κυ-

528 557 712 598 eoram
739 542 849 599 Deo
872 546 1316 613 repmsentavit:
1350 551 1517 615 atque
1537 546 1662 603 inde
1683 547 2092 605 Bethlehemum

525 641 751 704 prepter
801 635 1019 706 generis
1075 638 1537 709 propinquitatem
1586 652 1616 693 a
1662 646 1835 695 matre
1882 640 2095 698 delatus

526 733 630 781 est.
670 722 775 781 Sed
821 743 1041 783 rursum
1086 727 1453 784 Nazarethum
1491 729 1709 786 rediens
1747 746 1893 787 anno
1921 733 2095 788 altero

529 828 777 875 vertente
832 818 1209 893 Hierosolyma
1264 820 1789 893 Bethlehemumque
1847 831 2095 893 gestante

529 918 703 963 matre
724 908 1018 980 perductus
1042 916 1148 967 est.
1170 907 1503 965 Bethleheml
1525 923 1690 979 porro
1719 925 1843 965 cum
1861 911 1927 964 ad
1952 909 2095 969 aedes

529 1001 794 1069 quasdam
841 1016 965 1056 cum
1012 999 1181 1058 Matre
1235 1016 1299 1056 ac
1343 999 1581 1072 Josepbo
1629 1000 1961 1065 divertisset,
2000 1002 2095 1073 qui

524 1092 638 1164 jam
684 1092 877 1163 grandi
914 1100 1047 1147 natu
1079 1108 1203 1148 cum
1235 1090 1407 1148 Maria
1448 1094 1702 1164 degebat,
1747 1096 1992 1152 secundo
2026 1096 2095 1150 ab

531 1181 817 1239 uativitate
849 1196 993 1237 anno
1023 1197 1053 1237 a
1079 1181 1249 1254 Magis
1275 1182 1540 1239 adorandi
1566 1197 1737 1240 causa
1765 1192 2091 1252 conventus,

527 1286 592 1326 ac
620 1272 779 1329 donis
803 1280 1029 1328 ornatus
1054 1281 1159 1329 est.
1194 1273 1392 1329 Eadem
1415 1289 1546 1329 vero
1576 1281 1758 1343 nocte,
1791 1290 1923 1331 cum
1940 1274 2095 1333 Jose-

529 1364 670 1433 phus
706 1379 802 1434 per
833 1364 1104 1420 somnium
1141 1364 1210 1419 ab
1252 1365 1445 1437 angelo
1481 1374 1627 1422 esset
1661 1365 1996 1433 admonitus,
2037 1368 2092 1423 in

533 1453 824 1525 Aigyptum
857 1454 1206 1510 transfertur.
1240 1454 1397 1513 Unde
1427 1472 1625 1513 rursus
1660 1468 1783 1529 post
1809 1459 2091 1514 biennium

528 1552 747 1599 mortuo
771 1543 883 1613 jam
921 1542 1154 1610 Herode,
1182 1560 1248 1600 ac
1275 1547 1601 1604 succedente
1620 1548 1885 1607 Archelao
1906 1564 2094 1605 rever-

518 1636 677 1690 titur.

594 1726 659 1782 ll.
691 1726 968 1798 Siquidem
993 1742 1137 1783 anno
1164 1725 1393 1785 Herodis
1444 1745 1639 1795 xxxm,
1690 1731 1923 1802 Augusti
1978 1747 2092 1787 XLII

2199 555 2314 626 ρίου
2361 559 2441 620 είς
2472 558 2844 630 Ἰερουσαλὴμ,
2869 562 3157 632 γενόμενόν
3200 581 3261 617 τε
3302 567 3361 619 ὲν
3404 567 3653 640 Βηθλεὲμ
3677 573 3767 629 διὰ

2195 646 2292 718 τὴν
2322 649 2639 717 συγγένειαν
2667 651 2894 721 ὑπὸ.τῆς
2919 654 3124 724 μητρὸς
3155 655 3581 729 βασταζόμενον·
3612 660 3764 729 αὖθις

2197 738 2358 792 πάλιν
2395 742 2476 803 εἰς
2506 740 2759 813 Ναζαρὲτ
2791 742 3178 812 ἀπενεχθέντα,
3207 748 3300 800 καὶ
3337 750 3479 802 κατά
3511 751 3766 823 δευτέραν

2196 831 2442 903 περίοδον
2484 833 2728 887 ἐνιαυτοῦ
2783 835 2861 898 εἰς
2902 835 2969 889 τά
3004 837 3350 909 Ἰεροσόλυμα
3394 843 3488 896 καὶ
3521 844 3768 918 Βηθλεὲμ

2196 923 2513 994 ἐληλυθότα,
2540 925 2939 995 βασταζόμενον
2965 927 3225 996 ὡσαύτως
3251 932 3357 986 ὑπὸ
3374 934 3473 1004 τῆς
3502 935 3637 1001 ἰδίας
3663 955 3767 1012 μη-

2196 1012 2350 1084 τρόςο
2380 1014 2438 1068 ὲν
2467 1013 2712 1085 Βηθλεὲμ
2734 1015 2793 1070 δὲ
2814 1018 2872 1070 έν
2899 1018 3047 1089 οἰκία
3071 1020 3403 1077 κατελθόντα
3429 1026 3526 1079 σὺν
3555 1029 3621 1097 τῇ
3660 1028 3766 1098 ἰδίᾳ

2198 1107 2367 1178 μητρὶ
2416 1109 2510 1161 καὶ
2540 1108 2736 1179 Ἰωσὴφ
2783 1107 2997 1180 γέροντι
3041 1109 3175 1171 δντι,
3204 1113 3301 1167 σὺν
3346 1117 3411 1186 τῇ
3470 1118 3660 1190 Μαρία
3708 1119 3768 1173 δὲ

2194 1196 2307 1249 ὄντι
2327 1213 2342 1228 ο
2368 1198 2586 1251 κάκεῖσε
2615 1200 2692 1269 τῷ
2716 1199 2951 1271 δευτέρῳ
2974 1199 3083 1254 ἔτει
3112 1202 3277 1258 αὑτοῦ
3308 1208 3612 1279 γεννήσεως
3634 1227 3765 1265 κατ-

2194 1292 2524 1349 οπτευθέντα
2580 1295 2684 1349 ὑπὸ
2732 1296 2841 1350 τῶν
2892 1295 3082 1367 μάγων
3130 1298 3568 1370 προσκυνηθῆναι
3617 1301 3767 1373 δῶρα

2195 1380 2448 1447 λαϐόντα,
2479 1385 2573 1437 καὶ
2599 1385 2657 1437 ὲν
2682 1384 2816 1456 αὐτῇ
2860 1388 2925 1456 τῇ
2964 1385 3119 1438 νυκτὶ
3148 1387 3241 1440 ὑπ’
3274 1387 3505 1456 ἀγγέλου
3532 1389 3627 1442 τοῦ
3651 1391 3767 1443 Ἰω-

2197 1473 2305 1544 σὴφ
2324 1474 2760 1545 χρηματίσαντος
2786 1477 2865 1539 εἰς
2883 1476 3160 1546 Αἴγυπτον
3189 1477 3611 1549 παραληφθέντα
3630 1495 3644 1509 '
3668 1480 3766 1535 ἀπ’

2194 1566 2403 1621 ἐκεῖθέν
2430 1583 2488 1620 τε
2511 1565 2674 1621 πάλιν
2710 1566 2797 1620 διά
2833 1568 2927 1622 δύο
2957 1569 3094 1622 ὲτῶν
3123 1570 3558 1640 ἐπανεληλυθότα
3583 1570 3767 1626 τελευ-

2192 1660 2455 1730 τήσαντος
2479 1658 2571 1713 τοῦ
2609 1659 2872 1732 Ἡρώδου,
2895 1660 3189 1733 Ἀρχελάου
3211 1663 3670 1733 τεδιαδεξαμένου

2266 1751 2342 1806 B’.
2383 1750 2473 1820 Τῷ
2514 1749 2624 1821 γὰρ
2663 1752 2971 1823 τριακοστῷ
3003 1753 3171 1824 τρίτῳ
3208 1753 3318 1807 ἔτει
3348 1754 3610 1824 Ἡρώδου,
3645 1770 3767 1808 τεσ-

521 1816 854 1873 Bethlehemi
897 1819 953 1873 in
983 1818 1167 1873 Iudaea
1217 1818 1463 1875 Salvator
1507 1823 1771 1878 nascitur.
1804 1822 1942 1878 Tum
1989 1823 2084 1880 He-

2197 1856 2265 1893 σα
2273 1802 2519 1911 ρακόστῷ
2527 1802 2615 1894 ’δέ
3070 1802 3198 1899 ego
3210 1802 3491 1915 ἐσῖςὲιίῶξ
3511 1802 3765 1914 γεννᾶται

524 1908 675 1965 rodis
736 1924 880 1965 xxxv
937 1910 995 1966 in
1056 1909 1346 1982 Egyptum
1397 1911 1676 1981 profectus
1722 1921 1829 1969 est.
1887 1914 2091 1970 Eodem

523 1998 738 2055 Herode
782 2008 1020 2069 mortuo,
1048 2002 1116 2056 ab
1164 2001 1400 2075 Egypto
1434 2004 1615 2059 rediit.
1648 2004 1829 2070 Quare
1868 2021 2092 2063 necesse

521 2099 606 2145 est
658 2105 843 2145 xxxvn
869 2088 1097 2147 Herodis
1121 2106 1264 2148 anno
1290 2100 1547 2162 quartum
1575 2097 1755 2150 astatis
1794 2111 1907 2151 suae
1956 2112 2090 2167 pue-

522 2181 707 2236 rulum
736 2182 936 2252 egisse,
970 2197 1094 2237 cum
1124 2181 1389 2249 Herodes,
1411 2184 1655 2255 inquam,
1678 2193 1885 2257 septem
1913 2203 1978 2244 ac
1998 2189 2092 2243 tri-

519 2274 671 2345 ginta
721 2274 986 2331 confectis
1026 2275 1186 2331 annis
1234 2276 1452 2332 vivendi
1505 2277 1666 2332 linem
1708 2279 1916 2335 habuit.
1962 2280 2092 2337 Post

520 2363 667 2418 hunc
685 2364 982 2421 Archelaus
1001 2380 1193 2421 novem
1218 2348 1378 2421 annis
1395 2368 1678 2437 imperavit
1698 2387 1713 2436 ;
1736 2385 1845 2439 quo
1860 2386 2087 2443 regnum

518 2456 743 2512 ineunte
772 2455 1038 2526 Iosephus
1062 2472 1129 2512 ex
1173 2455 1410 2528 ngypto
1437 2473 1562 2514 cum
1595 2458 1787 2525 Maria,
1820 2476 1883 2517 ac
1919 2478 2090 2533 puero

519 2546 826 2617 digressus,
862 2548 954 2603 ubi
981 2547 1309 2605 Archelaum
1348 2550 1617 2621 imperare
1644 2552 1860 2619 didicit,
1894 2555 1949 2609 in
1981 2555 2092 2611 Gao

517 2635 714 2691 lilaeam
746 2637 993 2701 secessit,
1041 2652 1106 2692 ac
1142 2644 1259 2693 tum
1306 2637 1554 2695 Nazareti
1595 2641 1842 2697 consedit
1913 2643 2089 2702 Caete-

518 2741 638 2780 rum
661 2726 961 2784 Archelaus
990 2726 1256 2784 Hcrodem
1279 2729 1552 2800 juniorem
1575 2733 1796 2802 genuit;
1824 2734 1918 2806 qui
1945 2750 2089 2789 nono

520 2818 697 2888 patris
724 2833 868 2874 anno
892 2820 949 2875 in
975 2820 1264 2891 imperium
1292 2824 1578 2879 successit.
1611 2823 1866 2896 Idemque
1908 2842 2087 2885 annus

519 2926 553 2965 a
588 2911 873 2967 nativitate
905 2913 1112 2968 Christi
1154 2928 1254 2968 xm
1301 2916 1676 2974 numerandus
1703 2926 1809 2975 est.
1880 2919 2089 2977 Octavo

517 3003 732 3059 decimo
759 3018 903 3059 anno
928 3004 1159 3062 Herodis
1187 3007 1457 3079 Agrippae,
1491 3008 1655 3068 .lesus
1679 3010 1936 3070 Christus
1960 3030 2087 3085 pro—

2193 1932 2223 1985 ὁ
2249 1932 2437 2005 Σωτὴρ
2466 1933 2522 1987 έν
2550 1932 2795 2004 Βηθλεὲμ
2818 1933 2918 2003 τῆς
2937 1935 3215 1999 Ἰουδαίας.
3240 1937 3466 1990 Κάτεισι
3488 1936 3543 1989 δὲ
3568 1938 3647 1999 είς
3672 1935 3767 1989 Αε-

2191 2040 2399 2092 γυπτον
2440 2022 2516 2094 τῷ
2560 2022 2868 2095 τριακοστῷ
2919 2022 3028 2077 ἔτει
3075 2026 3171 2079 καὶ
3206 2024 3442 2097 πέμπτῳ
3480 2024 3763 2097 Ἡρώδουο

2191 2115 2363 2170 ἄνεισι
2404 2116 2460 2169 δὲ
2504 2116 2611 2169 ἀπὸ
2642 2116 2741 2186 τῆς
2767 2117 3040 2186 Αἰγύπτου
3074 2116 3213 2188 μετά
3259 2117 3358 2188 τὴν
3400 2117 3640 2190 Ἡρώδου
3675 2134 3768 2171 τε-

2190 2205 2403 2276 λευτήν.
2435 2205 2527 2259 Διὸ
2558 2208 2650 2260 ἐπὶ
2677 2208 2969 2278 τριάκοντα
3012 2209 3105 2263 καὶ
3134 2208 3272 2262 ἑπτά
3296 2208 3440 2263 ἔτεσι
3468 2209 3567 2281 τῆς
3597 2209 3767 2281 αὐτῆς

2187 2296 2286 2352 τοῦ
2330 2295 2570 2369 Ἡρώδου
2599 2299 2772 2370 ἀρχῆς
2815 2295 2883 2370 ἦν
2932 2303 2961 2353 ό
3004 2303 3132 2363 παῖς
3154 2302 3438 2372 τεσσάρων
3471 2300 3765 2355 έτῶν.”οτε

2200 2386 2465 2460 Ἡρώδης,
2499 2391 2936 2461 τριακονταεπτά
2963 2391 3057 2463 ἔτη
3092 2390 3404 2463 πληρώσας,
3431 2391 3765 2463 κατέστρεψε

2188 2480 2281 2533 τὸν
2306 2479 2438 2550 βίον.
2462 2480 2752 2551 Ἀρχέλαος
2786 2482 2842 2535 δὲ
2871 2483 3024 2537 ὲννέα
3059 2483 3151 2555 έτη
3180 2483 3473 2553 βασιλεύει,
3495 2477 3556 2538 οῦ
3582 2485 3638 2536 ὲν
3663 2484 3766 2555 άρ-

2190 2572 2256 2641 χῇ
2285 2570 2384 2639 τῆς
2409 2569 2683 2641 βασιλείας
2711 2570 2870 2638 ἐξιὼν
2894 2574 3094 2645 Ἰωσὴφ
3128 2575 3224 2627 ἀπ’
3250 2574 3523 2643 Αἰγύπτου
3560 2575 3675 2645 ἅμα
3697 2576 3765 2645 τῇ

2188 2663 2377 2735 Μαρίᾳ
2409 2663 2503 2716 καὶ
2546 2663 2627 2734 τῷ
2672 2665 2842 2729 παιδὶ,
2885 2665 3123 2730 ἀκούσας
3162 2667 3253 2720 τὸν
3272 2666 3562 2736 Ἀρχέλαον
3610 2666 3764 2736 βασι-

2187 2752 2381 2808 λεύειν.
2413 2754 2757 2825 ἀνεχώρησεν
2798 2756 2878 2818 εἰς
2922 2755 2990 2809 τὰ
3028 2757 3167 2828 μέρη
3202 2756 3302 2827 τῆς
3326 2757 3632 2821 Γαλιλαίας,
3669 2756 3765 2809 καὶ

2190 2844 2478 2916 κατῴκησε
2509 2847 2631 2899 τότε
2652 2847 2733 2910 είς
2760 2846 3031 2918 Ναζαρέτ.
3062 2848 3354 2919 ’Δρχέλαος
3395 2849 3453 2901 δὲ
3485 2850 3648 2918 γεννᾷ
3672 2848 3765 2900 τὸν

2199 2935 2446 3008 Ἡρώδην
2496 2937 2587 2991 τὸν
2633 2937 2914 3009 νεώτερον.
2946 2941 3056 2994 Καὶ
3104 2939 3374 3008 βασιλεύει
3411 2941 3655 3010 Ἡρώδης
3686 2940 3765 3011 τῷ

2188 3024 2395 3095 ὲννάτῳ
2422 3024 2530 3079 ἔτει
2558 3020 2657 3096 τῆς
2687 3025 2781 3079 τοῦ
2810 3026 3013 3098 πατρὸς
3036 3028 3330 3101 Ἀρχελάου
3365 3028 3638 3099 βασιλείας
3666 3047 3765 3082 κα-

512 3094 757 3165 mulgare
805 3095 1051 3150 divinum
1096 3098 1323 3152 verbum
1378 3113 1670 3171 aggressus
1725 3110 1831 3167 est,
1862 3120 1929 3159 ac
1958 3120 2081 3161 cum

2187 3115 2254 3169 τά
2282 3116 2553 3188 διαδοχήν.
2586 3094 2696 3171 Καὶ
2743 3094 2936 3189 γέγονε
2977 3118 3057 3189 τῷ
3264 3094 3524 3192 δεκατρία
3553 3120 3647 3192 έτη
3676 3120 3765 3175 λο-

512 3182 744 3243 Joannis
791 3187 1061 3257 baptismo
1100 3188 1382 3259 initiatur,
1412 3199 1529 3247 tum
1559 3208 1762 3249 annum
1810 3196 1962 3251 illum
1990 3213 2084 3252 ac-

513 3286 730 3347 ceptum
775 3278 831 3332 in
866 3293 930 3333 ea
973 3282 1229 3348 praeconii
1277 3280 1559 3339 iunctione
1602 3289 1900 3351 consumit,
1932 3290 2086 3345 nullo

516 3381 695 3433 neque
722 3364 1055 3437 Iudaeorum,
1091 3384 1267 3439 neque
1292 3372 1595 3441 gentilium,
1628 3391 1806 3446 neque
1851 3376 2087 3434 Samari-

515 3465 804 3522 tanorum,
843 3474 1020 3528 neque
1057 3460 1285 3517 alterius
1330 3466 1547 3533 generis
1588 3479 1943 3538 repugnante.
1981 3470 2082 3528 Se-

511 3547 694 3602 cundo
715 3550 971 3618 praeconii
992 3551 1231 3607 cmlestis
1259 3567 1401 3609 anno
1423 3558 1853 3627 quamplurimas
1902 3562 2087 3619 obtre-

511 3645 755 3696 ctatores
786 3640 1013 3709 habuit;
1049 3644 1376 3715 quiquidem
1411 3646 1643 3705 Herodis
1687 3653 1931 3721 ejusdem
1966 3672 2081 3721 xIx,

513 3727 722 3784 Christi
763 3746 914 3784 xxxn
952 3735 1180 3788 exstitit.
1212 3733 1439 3791 Demum
1484 3754 1553 3792 xx
1595 3743 1883 3797 tetrarchae
1910 3744 2083 3801 Hero-

514 3817 602 3874 dis
631 3833 780 3875 anno
808 3819 1061 3879 Christus
1091 3822 1353 3883 Dominus
1387 3828 1458 3883 ob
1490 3830 1711 3886 humani
1744 3838 1961 3904 generis
1990 3853 2080 3893 sa-

515 3908 685 3965 lutem
719 3925 938 3982 passus,
979 3922 1143 3984 atque
1183 3916 1372 3971 eodem
1424 3928 1671 3990 tempore
1709 3924 1844 3979 nihil
1887 3940 2086 3995 passus

510 4001 761 4075 “est:
791 4012 909 4059 tum
939 4020 1063 4060 eum
1110 4017 1340 4064 mortem
1372 4010 1670 4082 degustans
1714 4015 1889 4085 ipsum
1923 4020 2085 4073 etiam

519 4096 706 4151 crucis
750 4097 1079 4166 supplicium
1126 4098 1325 4163 subiit,
1367 4116 1493 4155 cum
1536 4103 1752 4158 interim
1796 4106 1931 4161 nihil
1968 4108 2086 4177 ipsa

511 4185 799 4242 divinitate
855 4195 1155 4258 pateretur.
1205 4188 1413 4249 Christo
1455 4194 1615 4257 enim,
1662 4195 1739 4248 ait
1780 4195 2082 4267 Scriptura,

510 4293 606 4346 pro
627 4280 778 4334 nobis
806 4281 859 4333 in
879 4297 1038 4335 carne
1056 4296 1215 4346 passo
1231 4284 1272 4338 ί.
1300 4282 1651 4356 Rursumque
1684 4303 1697 4339 :
1722 4287 2085 4357 Mortiﬁcatus

508 4386 689 4434 carne,
722 4372 1021 4438 viviﬁcatus
1047 4382 1223 4427 autem
1242 4375 1433 4435 spiritu
1455 4378 1497 4441 ³,
1519 4385 1578 4430 et
1608 4394 1728 4448 qua:
1756 4390 2081 4450 sequuntur.

2185 3207 2447 3279 γιζόμενα
2479 3213 2544 3280 τῇ
2579 3210 2827 3282 ὲνσάρκῳ
2862 3211 3097 3283 Χριστοῦ
3125 3212 3419 3284 παρουσίᾳ.
3462 3213 3761 3266 Ὀκτωκαι-

2185 3305 2397 3375 δεκάτῳ
2425 3303 2481 3357 δὲ
2507 3303 2617 3357 ἔτει
2638 3304 2878 3376 Ἡρώδου
2904 3304 2997 3358 τοῦ
3032 3304 3416 3375 ἐπικληθέντος
3436 3306 3760 3377 Ἀγρίππου,

2185 3399 2305 3454 τότε
2346 3398 2548 3471 ῆρξατο
2574 3398 2831 3471 ὁἿησοῦς
2872 3399 2965 3452 τοῦ
3011 3398 3385 3470 κηρύγματος,
3427 3400 3521 3453 καὶ
3556 3400 3617 3452 τὸ
3667 3391 3763 3469 βά-

2186 3508 2396 3562 πτισμα
2420 3491 2481 3544 τὸ
2511 3490 2620 3544 ἀπὺ
2649 3491 2893 3544 Ἰωάννου
2923 3490 3042 3544 τότε
3076 3490 3365 3561 λαμϐάνει,
3417 3490 3513 3544 καὶ
3558 3489 3764 3561 κηρύσ-

2186 3597 2268 3634 σει
2343 3581 2589 3635 ὲνιαυτὸν
2654 3581 2839 3635 δεκτὸν
2866 3622 2880 3643 ,
2935 3582 3026 3635 ὑπ’
3059 3581 3269 3644 οὐδενὸς
3324 3581 3758 3652 ἀντιλεγόμενος,

2185 3673 2308 3725 οὔτε
2354 3673 2460 3727 ὑπὸ
2496 3673 2796 3735 Ἰουδαίων,
2843 3672 2967 3727 οὔτε
3012 3674 3117 3727 ὑπὸ
3152 3673 3439 3745 Ἑλλήνων,
3486 3672 3605 3727 οὔτε
3656 3673 3766 3727 ὑπδ

2186 3763 2556 3834 Σαμαρειτῶν,
2587 3763 2708 3817 οὔτε
2756 3764 2859 3817 ὑπό
2912 3781 3054 3828 τινος
3100 3764 3310 3836 ἐτέρου.
3340 3764 3569 3819 Ἔπειτα
3608 3766 3761 3819 ἀντι-

2185 3853 2476 3923 λεγόμενος
2516 3854 2779 3926 ἐκήρυξεν
2820 3855 3061 3909 ἐνιαυτὸν
3099 3856 3371 3928 δεύτερον,
3410 3857 3502 3908 καὶ
3541 3856 3764 3924 γέγονεν

2186 3944 2571 3999 ἐννεακαίδεκα
2618 3945 2713 4016 ἐτη
2766 3945 2843 4017 τῷ
2892 3945 3039 4017 αὐτῷ
3070 3946 3305 4019 Ἡρώδῃ,
3333 3947 3413 4018 τῷ
3446 3948 3503 4001 δὲ
3547 3948 3761 4018 Σωτῆρι

2186 4034 2506 4104 τριακοστὸν
2548 4034 2820 4105 δεύτερον.
2862 4035 2952 4089 Ἐν
3006 4036 3059 4090 δὲ
3110 4036 3186 4107 τῷ
3235 4036 3466 4107 εἰκοστῷ
3512 4035 3621 4090 ἔτει
3663 4036 3759 4091 τοῦ

2197 4122 2438 4194 Ἡρώδου
2470 4122 2564 4176 τοῦ
2591 4124 2890 4196 τετράρχου
2918 4125 3250 4196 καλουμένου
3275 4126 3483 4195 γίνεται
3506 4126 3567 4180 τὸ
3594 4127 3762 4196 σωτή-

2189 4230 2303 4283 ριον
2335 4212 2506 4277 πάθος
2537 4215 2629 4267 καὶ
2662 4217 2695 4286 ή
2724 4215 2982 4280 ἀπάθεια,
3013 4216 3047 4286 ἢ
3074 4215 3305 4270 θανάτου
3333 4216 3542 4285 γεῦσις,
3573 4217 3761 4285 γεῦσις

2185 4322 2245 4358 τε
2290 4304 2545 4372 θανάτου,
2593 4307 2722 4379 ἄχρι
2772 4308 3006 4376 σταυροῦ
3059 4309 3359 4379 πάσχοντος
3403 4311 3462 4362 ὲν
3510 4309 3759 4380 ἀληθείᾳ,

2186 4397 2431 4462 ἀπαθοῦς
2458 4399 2515 4451 δὲ
2543 4399 2793 4471 μένοντος
2834 4401 2893 4455 ὲν
2929 4401 3165 4472 θεότητι.
3195 4401 3452 4470 Χριστοῦ
3497 4402 3607 4472 γὰρ
3648 4417 3761 4455 παρ

510 4459 568 4515 In
600 4479 767 4519 cruce
800 4469 1174 4536 suspenditur,
1197 4468 1493 4538 sepelitur;
1524 4469 1593 4524 ad
1623 4469 1830 4526 inferos
1852 4488 1977 4526 cum
2000 4474 2080 4527 di-

2188 4488 2399 4556 θόντος
2412 4459 2570 4558 eas};
2594 4459 2985 4561 mitia-oapr
3014 4459 3177 4564 φησιν
3205 4459 3456 4564 ὴ-Γραφή
3477 4459 3624 4545 sardi
3654 4493 3760 4546 πά-

506 4555 736 4610 vinitate
766 4572 889 4621 sua,
925 4560 1215 4629 animaque
1252 4561 1572 4624 descendit;
1604 4564 1875 4631 captivam
1930 4565 2082 4620 ducit

507 4647 922 4716 captivitatem;
965 4663 1029 4701 ac
1073 4650 1234 4704 tertio
1279 4650 1367 4705 die
1413 4666 1536 4705 cum
1578 4654 1928 4710 sanctissimo
1979 4671 2082 4712 suo

508 4752 739 4808 corpore
786 4739 853 4792 ad
893 4740 1058 4794 vitam
1098 4744 1388 4797 excitatur.
1421 4742 1576 4810 Quod
1627 4745 1844 4815 quidem
1877 4762 2078 4819 corpus

509 4846 688 4900 neque
727 4830 1134 4887 dissolvendum
1171 4834 1429 4903 amplius,
1472 4850 1574 4891 nec
1614 4851 1928 4906 passurum,
1977 4856 2080 4896 uec

508 4921 612 4977 sub
640 4922 833 4977 mortis
883 4921 1222 4977 dominatum
1252 4932 1440 4995 postea
1484 4940 1767 4982 cessurum
1813 4943 1938 4983 cum
1978 4946 2079 4986 sua

507 5012 796 5070 divinitate
837 5014 1142 5084 conjunxit.
1182 5014 1239 5070 ld
1288 5016 1433 5086 quod
1472 5015 1719 5088 Apostoli
1765 5021 2078 5078 testimonio

509 5107 937 5176 comprobatur:
976 5106 1148 5175 Mors,
1179 5109 1377 5180 inquit,
1417 5126 1521 5164 non
1556 5112 1786 5181 amplius
1828 5114 1876 5168 ei
1906 5113 2079 5171 domi-

510 5200 728 5253 nubitur
759 5200 802 5254 ³.

579 5291 665 5345 lll.
702 5290 819 5347 Hoc
861 5293 1029 5364 igitur
1066 5282 1246 5365 ipsum
1289 5308 1514 5365 corpus,
1559 5311 1777 5351 carnem
1816 5297 1989 5370 ipsam
2024 5309 2080 5355 et

510 5383 771 5449 animum,
823 5386 941 5455 ipsa
982 5387 1183 5457 quibus
1229 5387 1516 5442 constabat
1553 5390 1755 5455 omnia,
1786 5406 1895 5444 non
1929 5391 2076 5445 aliud

507 5472 803 5544 quidquam
831 5485 1026 5546 praeter
1052 5493 1240 5533 verum
1264 5493 1484 5549 corpus,
1512 5480 1605 5534 sed
1632 5480 1919 5550 ipsummet
1942 5484 2074 5538 illud

506 5563 561 5616 vi
590 5565 799 5621 ccelesti
831 5568 1091 5636 perfudit,
1116 5576 1170 5624 et
1205 5568 1261 5623 in
1291 5584 1461 5623 unum
1491 5569 1763 5641 idemque,
1801 5572 1855 5627 in
1887 5590 2073 5642 unam,

588 5723 606 5755 ⁸
637 5722 659 5777 1
691 5721 835 5778 Petr.
872 5739 946 5792 ιν,
986 5726 1033 5779 1.
1116 5729 1134 5759 ²
1162 5725 1179 5781 1
1206 5723 1351 5785 Petr.
1386 5743 1469 5794 ιιι,
1512 5730 1597 5785 18.
1675 5734 1693 5767 ³
1727 5735 1880 5790 Rom.
1911 5749 1984 5797 Vl,
2014 5733 2069 5788 θ.

2190 4577 2270 4635 λιν
2287 4600 2300 4613 ·
2334 4584 2701 4649 Θανατωθεὶς
2729 4584 2926 4652 σαρκὶ,
2952 4584 3331 4654 ζωογηονηθεὶς
3355 4583 3423 4637 δὲ
3445 4584 3755 4653 πνεύματι,

2186 4673 2280 4726 καὶ
2322 4673 2394 4726 τά
2443 4674 2591 4745 ἑξῆς.
2620 4675 2974 4746 Σταυροῦται,
3004 4676 3287 4743 θάπτεται,
3324 4676 3651 4747 κατέρχεται
3678 4678 3759 4739 είς

2185 4765 2255 4818 τά
2282 4766 2609 4836 καταχθόνια
2636 4769 2693 4820 ὲν
2719 4767 2932 4839 θεότητι
2957 4770 3050 4822 καὶ
3074 4770 3131 4822 έν
3151 4768 3296 4839 ψυχῇ
3315 4781 3331 4797 ⁸
3361 4767 3757 4838 αἰχμαλωτεύει

2185 4857 2284 4925 τὴν
2318 4857 2712 4927 αἰχμαλωσίαν,
2734 4859 2827 4912 καὶ
2852 4858 3135 4913 ἀνίσταται
3166 4861 3232 4931 τῇ
3261 4858 3418 4930 τρίτῃ
3445 4857 3628 4930 ἡμέρᾳ.
3660 4859 3756 4911 σὺν

2186 4946 2333 5018 αὐτῷ
2363 4947 2442 5018 τῷ
2469 4949 2609 5020 ἁγίῳ
2641 4949 2874 5021 σώματι,
2906 4953 3209 5015 συνενώσας
3235 4951 3297 5004 τὸ
3326 4951 3484 5023 σῶμα
3531 4956 3596 5024 τῇ
3640 4952 3757 5005 θεό-

2183 5055 2326 5109 τητι,
2364 5039 2559 5111 μηκέτι
2596 5040 2873 5111 λυόμενον,
2918 5044 3115 5113 μηκέτι
3158 5044 3386 5113 πάσχον,
3424 5043 3618 5115 μηκέτι
3651 5044 3757 5097 ὑπὸ

2186 5128 2417 5183 θανάτου
2466 5131 2873 5203 κυριευόμενον,
2901 5133 2977 5196 ὥς
3006 5151 3168 5204 φησιν
3198 5136 3228 5187 ό
3256 5133 3577 5197 Ἀπόστολος
3596 5150 3607 5161 ·
3642 5133 3755 5187 Θάτ-

2183 5236 2363 5285 νατος
2390 5220 2577 5275 αὐτοῦ
2603 5222 2803 5277 οὐκέτι
2825 5226 3102 5293 κυριεύει.

2253 5312 2326 5364 Γ¹.
2369 5312 2509 5365 Αὐτὸ
2535 5312 2695 5384 σῶμα
2724 5314 3009 5385 ἀληθινῶς,
3032 5315 3198 5386 αὐτὴν
3229 5317 3327 5388 τὴν
3354 5317 3552 5388 σάρκα,
3580 5315 3751 5384 αὐτὴν

2182 5401 2281 5473 τὴν
2315 5401 2513 5474 ψυχὴν,
2537 5404 2676 5458 αύτά
2699 5406 2767 5459 τά
2794 5408 2971 5461 πάντα
2994 5450 3008 5475 ,
3041 5410 3140 5462 οὐκ
3172 5409 3298 5462 ἀλλο
3331 5426 3383 5461 τι
3411 5408 3560 5479 παρά
3593 5407 3654 5460 τὸ
3692 5408 3752 5461 ὃν

2186 5492 2376 5564 σῶμα,
2409 5494 2523 5547 ἀλλ’
2558 5496 2689 5549 αὐτὸ
2721 5498 2782 5551 τὸ
2807 5498 2866 5551 ὃν
2904 5499 3317 5570 ένδυναμώσας,
3352 5501 3431 5563 εἰς
3476 5500 3604 5569 μίαν
3634 5498 3752 5552 ἐνό-

2183 5598 2320 5655 τητα
2339 5624 2353 5652 ,
2387 5585 2464 5649 εἰς
2504 5583 2632 5655 μίαν
2669 5585 2897 5661 θεότητα
2917 5629 2933 5656 ,
2974 5590 3044 5647 τὸ
3067 5590 3327 5663 σαρκικδν
3358 5589 3661 5659 ’ἀφθαρτον,
3689 5586 3752 5641 τὸ
