4204 6370
485 324 591 379 ⁸277

1162 321 1536 379 ADVERSUS
1574 322 1915 380 “IERESES
1948 324 2080 380 LIB.
2121 326 2163 381 1.
2204 326 2367 384 TOM.
2408 325 2449 383 Ι.
2491 360 2558 369 —-
2596 327 2870 387 H/EBES.
2905 332 3026 390 XX.

3624 339 3738 398 278

488 437 802 510 σωματικὸν
834 436 1238 508 πνευματικὸν,
1264 438 1326 491 τὸ
1364 439 1679 509 παχυμερὲς
1713 438 2062 510 λεπτομερὲς,

2172 440 2772 511 inquam,divinitatem
2814 446 3195 510 consociavit;
3231 455 3290 502 ut
3324 458 3377 505 et
3408 466 3573 509 carne
3598 468 3736 510 con-

486 533 548 586 τδ
572 532 765 603 θνητὸν
799 531 1087 598 ἀθάνατον,
1124 531 1199 602 μὴ
1222 531 1464 602 ἐωρακὺς
1487 531 1623 595 ὅλως
1645 530 1963 601 διαφθορὰν,
1992 530 2066 602 μὴ

487 622 943 693 καταλειφθείσης
972 621 1075 691 τῆς
1109 620 1292 692 ψυχῆς
1334 623 1392 675 ὲν
1424 621 1523 692 ᾅδῃ
1543 660 1559 685 ,
1597 620 1671 691 μὴ
1718 620 2067 692 μερισθέντος

485 713 582 768 τοῦ
618 713 852 785 ὀργάνου
886 712 1024 784 πρὸς
1061 712 1355 783 ἁμαρτίαν.
1389 714 1463 783 μὴ
1490 712 1813 783 χρανθέντος
1849 712 1943 765 τοῦ
1974 710 2065 766 νοῦ

484 806 663 877 τροπῇ
687 843 703 867 ,
730 802 868 857 ἀλλά
894 803 963 857 τά
988 804 1089 858 ὅλα
1119 803 1223 875 μὲν
1255 802 1543 875 ἀνθρώπου
1576 802 1754 857 λαϐὼν
1775 846 1791 869 ,
1826 804 2067 873 φυλάξας

486 896 544 950 δὲ
574 895 672 950 ὅλα
695 896 877 949 τέλεια
918 893 1307 958 ὲπιδεδωκυίας
1333 895 1432 965 τῆς
1461 895 1715 964 θεότητος
1738 898 1805 967 τῇ
1840 896 2066 967 ἀληθινῇ

488 986 900 1058 ὲνανθρωπήσει
947 986 1086 1058 πρὸς
1124 986 1225 1050 τὰς
1268 986 1521 1055 εὐλόγους
1565 988 1789 1058 χρείας,
1832 987 1975 1058 λέγω
2000 989 2066 1061 δὴ

485 1079 590 1141 τὰς
623 1078 689 1130 ὲκ
717 1075 967 1147 σώματός
1002 1094 1060 1129 τε
1095 1076 1190 1129 καὶ¹
1215 1076 1423 1147 ψυχῆς,
1453 1078 1548 1130 καὶ
1576 1078 1642 1130 ἐκ
1667 1076 1758 1129 νοῦ
1790 1077 2066 1149 ἀνθρωπί-

486 1187 582 1222 νου
607 1168 1042 1239 ὲπιζητουμένας
1074 1168 1171 1239 τὴν
1196 1168 1591 1241 πληροφορίαν,
1627 1170 1876 1223 τουτέστι
1903 1169 2064 1244 πείνῃ

485 1263 585 1317 καὶ
618 1261 793 1332 δίψει,
824 1258 1088 1330 κλαυθμῷ
1114 1276 1174 1313 τε
1202 1260 1297 1314 καὶ
1326 1260 1535 1331 ἀθυμίᾳ
1555 1300 1569 1325 ,
1595 1260 1853 1331 δακρύσει
1878 1278 1939 1315 τε
1971 1262 2067 1316 καὶ

490 1354 646 1425 ὕπνῳ
671 1353 768 1407 καὶ
796 1351 1122 1408 ἀναπαύσει.
1166 1350 1353 1404 Ταῦτα
1388 1351 1499 1422 γὰρ
1531 1352 1628 1421 οὐχ
1676 1352 1949 1422 ἁμαρτίας
1984 1347 2066 1405 εῖ-

486 1444 609 1509 δος,
654 1443 769 1497 ἀλλ’
815 1444 1279 1515 ὲνανθρωπήσεως
1333 1442 1704 1514 ἀληθεστάτης
1755 1441 2062 1513 γνώρισμα,

488 1535 718 1609 ἀληθείᾳ
743 1536 843 1607 τῆς
875 1534 1126 1606 θεότητος
1156 1532 1424 1604 συνούσης
1453 1536 1518 1604 τῇ
1554 1532 1933 1606 ἀνθρωπότητι
1955 1570 1971 1596 ,
2001 1533 2064 1585 οὐ

488 1626 559 1681 τὰ
589 1626 904 1699 ἀνθρώπινα
935 1624 1272 1697 πασχούσης,
1305 1624 1444 1678 ἀλλὰ
1465 1624 1567 1694 τῆς
1593 1623 1847 1694 θεότητος
1876 1639 2067 1677 συνευ-

483 1719 753 1789 δοκούσης
789 1720 869 1782 είς
895 1717 963 1771 τὰ
998 1716 1217 1785 εὔλογα,
1245 1716 1339 1770 καὶ
1365 1715 1435 1769 τὰ
1466 1716 1624 1779 ἐκτὸς
1657 1714 1933 1787 ἁμαρτίας
1970 1714 2065 1766 καὶ

486 1810 698 1882 τροπῆς
730 1809 1186 1881 ἀπηγορευμένης
1206 1826 1219 1839 ⁸
1250 1808 1449 1879 ἀνέστη
1472 1847 1487 1874 ,
1517 1808 1611 1861 καὶ
1642 1806 1822 1878 θυρῶν
1847 1808 2059 1861 κεκλειο

484 1903 702 1973 σμένων
728 1902 995 1973 εἰσῆλθεν,
1030 1902 1117 1956 ἵνα
1140 1901 1201 1955 τὸ
1229 1900 1542 1972 παχυμερὲς
1571 1900 1906 1971 λεπτομερὲς
1927 1900 2066 1954 ἀπο-

482 1992 634 2064 δείξῃ
655 2033 670 2059 ,
698 1992 833 2047 αὐτὸ
861 1993 922 2046 τὸ
950 1992 1011 2046 ὃν
1043 1993 1141 2047 σὺν
1175 1993 1340 2063 σαρκὶ
1368 1993 1465 2045 καὶ
1505 1992 1733 2056 ὀστέοις.
1762 1991 1921 2046 Μετὰ
1956 1992 2065 2064 γὰρ

481 2085 549 2137 τὸ
590 2083 876 2150 εἰσελθεῖν,
921 2084 1089 2151 ἔδειξε
1139 2086 1331 2156 χεῖρας
1357 2083 1451 2137 καὶ
1478 2082 1647 2147 πόδας
1689 2084 1783 2137 καὶ
1822 2083 2065 2154 πλευρὰν

484 2176 841 2247 νενυγμένην,
866 2175 1029 2229 ὀστέα
1055 2193 1117 2229 τε
1147 2175 1239 2229 καὶ
1279 2175 1448 2246 νεῦρα
1468 2213 1485 2238 ,
1527 2174 1623 2228 καὶ
1651 2174 1817 2230 τᾶλλα
1836 2214 1851 2239 ,
1882 2174 1958 2237 ὡς
1988 2174 2063 2246 μὴ

481 2265 624 2322 εἶναι
648 2268 950 2337 φαντασίαν
974 2266 1043 2321 τὰ
1070 2268 1345 2339 ὁρώμενα.
1373 2266 1619 2330 Πίστεως
1642 2284 1702 2319 τε
1726 2266 1819 2319 καὶ
1846 2264 2063 2329 ἐλπίδος

480 2360 585 2431 τῆς
622 2359 898 2430 ἡμετέρας
922 2356 1022 2429 τὴν
1046 2358 1339 2429 ὑπόσχεσιν
1378 2356 1617 2411 ἐποιεῖτο
1656 2356 1722 2410 δι’
1753 2355 1945 2410 ἑαυτοῦ
1992 2354 2063 2409 τά

476 2450 581 2505 ὅλα
612 2449 856 2511 τελείως.
897 2450 1009 2504 Kal
1038 2447 1382 2513 συναλίζεται
1409 2450 1470 2503 οὐ
1500 2449 1742 2519 δοκήσει,
1770 2447 1907 2502 ἀλλὰ
1930 2448 2063 2519 ἀλη-

481 2540 637 2611 θείᾳ·
675 2539 945 2593 παιδεύων
992 2556 1051 2593 τε
1094 2539 1301 2603 ἐδίδαξε
1354 2538 1629 2609 βασιλείαν
1670 2537 1915 2609 οὐρανῶν
1961 2555 2062 2609 κη-

483 2632 707 2706 ρύσσειν
734 2634 793 2687 ὲν
817 2631 1068 2703 ἀληθείᾳ,
1116 2631 1176 2685 τὸ
1206 2632 1351 2702 μέγα
1381 2632 1476 2685 καὶ
1504 2630 1931 2702 κορυφαιότατον
1960 2646 2062 2701 ση-

486 2725 695 2797 μαίνων
714 2727 829 2788 τοῖς
859 2724 1150 2796 μαθηταῖς,
1186 2725 1281 2778 καὶ
1310 2723 1484 2792 λέγων
1502 2739 1517 2753 ⁸
1544 2722 1969 2792 Μαθητεύσατε
1989 2721 2063 2776 τὰ

480 2815 657 2883 ἐθνψ
690 2815 935 2868 τουτέστι
970 2814 1336 2886 μεταϐάλλετε
1367 2814 1436 2868 τά
1463 2813 1590 2885 ἔθνη
1624 2814 1732 2867 ἀπὸ
1762 2812 1959 2877 κακίας
1979 2816 2063 2878 είς

481 2907 777 2979 ἀλήθειαν,
817 2909 927 2962 ἀπὸ
968 2909 1230 2981 αἱρέσεων
1275 2908 1355 2970 είς
1388 2907 1519 2978 μίαν
1549 2908 1798 2979 ἑνότητα.
1842 2908 2062 2964 Βαπτι-

480 3017 633 3056 σατε
660 3002 882 3068 αὐτοὺς
902 3004 991 3067 είς
1013 3002 1202 3071 ὄνομα
1226 3000 1457 3068 Πατρός
1476 2999 1574 3053 καὶ
1601 3000 1737 3054 Υὶοῦ
1763 3000 1863 3054 καὶ
1887 3001 2060 3070 ἁγίου

2170 539 2325 585 stans
2368 538 2423 585 et
2466 530 2867 602 incorruptum,
2902 548 3227 604 corporeum
3265 538 3427 592 simul
3473 555 3536 595 ac
3568 543 3734 611 spiri-

2168 622 2337 687 tuale,
2366 629 2692 677 concretum
2738 637 2802 677 ac
2831 630 3016 686 tenue,
3063 628 3290 682 mortale
3322 630 3526 698 pariter
3570 640 3735 703 atque

2170 711 2477 768 immortale
2506 712 2637 767 illud
2666 722 2843 769 esset:
2873 715 3017 785 quod
3046 717 3195 771 nulla
3223 719 3447 774 omnino
3473 722 3597 776 tabe
3619 723 3736 779 dis-

2170 803 2413 857 solutum
2442 802 2622 859 fuerat
2646 821 2660 871 ;
2693 821 2867 875 neque
2894 807 3015 876 ejus
3045 809 3228 864 anima
3260 812 3402 881 apud
3428 814 3635 872 inferos
3657 831 3738 871 re-

2164 892 2318 958 licta,
2354 908 2454 949 nec
2488 894 2665 964 ipsum
2695 900 2842 950 velut
2873 896 3297 954 instrumentum
3320 902 3590 972 quoddam
3638 904 3739 959 ali-

2168 998 2278 1055 qua
2306 999 2374 1038 ex
2403 993 2559 1055 parte
2587 986 2797 1055 peccati
2827 986 2881 1040 in
2909 986 3228 1057 obsequium
3272 987 3602 1059 impensum,
3633 1006 3736 1045 ne-

2168 1091 2277 1145 que
2312 1091 2467 1131 mens
2502 1076 2609 1129 ulla
2639 1086 2752 1131 eral
2791 1078 2845 1131 in
2893 1077 3137 1133 deterius
3174 1080 3479 1135 mutatione
3508 1082 3732 1151 polluta.

2171 1164 2279 1221 Sed
2328 1165 2402 1219 ita
2445 1167 2548 1222 sibi
2599 1167 2782 1221 omnia
2836 1183 2955 1237 quae
3007 1169 3286 1224 hominum
3334 1171 3555 1241 propria
3608 1181 3739 1228 sunt

2168 1256 2426 1320 adscivit,
2459 1258 2647 1313 eadem
2684 1269 2743 1313 ut
2784 1260 2997 1330 integra
3024 1269 3285 1324 servaret,
3316 1277 3438 1332 quae
3462 1277 3604 1317 verae
3633 1264 3734 1329 illi,

2167 1362 2330 1418 quam
2357 1348 2461 1403 sibi
2486 1351 2898 1417 conciliaverat,
2919 1362 3128 1406 natura:
3147 1354 3489 1409 necessarios
3507 1354 3575 1409 ad
3600 1370 3737 1411 usus

2166 1437 2426 1494 divinitas
2469 1449 2844 1506 concesserat,
2875 1457 3011 1497 usus
3045 1442 3305 1497 nimirum
3353 1444 3495 1509 illos,
3541 1446 3636 1514 qui
3675 1452 3737 1499 ut

2165 1546 2291 1587 esse
2324 1532 2542 1601 penitus
2580 1535 2791 1605 possint
2831 1538 3026 1605 partim
3051 1537 3302 1605 corporis
3324 1545 3502 1607 egent,
3533 1537 3735 1607 partim

2165 1623 2356 1688 animi,
2403 1632 2565 1696 atque
2612 1626 2861 1681 humana:
2909 1628 3109 1682 mentis
3141 1628 3735 1697 adminiculo:cujus-

2167 1714 2315 1769 modi
2358 1724 2487 1770 sunt
2520 1716 2712 1781 fames,
2743 1719 2884 1783 sitis,
2917 1717 3099 1783 fletus,
3142 1733 3206 1773 ac
3246 1719 3423 1785 dolor,
3458 1719 3734 1791 lacrymae,

2169 1821 2395 1863 somnus
2415 1824 2479 1863 ac
2501 1812 2739 1880 requies.
2767 1809 2891 1865 Haec
2914 1813 3062 1866 enim
3084 1813 3267 1868 omnia
3289 1814 3436 1867 nulla
3460 1812 3734 1869 infuscata

2166 1900 2377 1970 peccati
2426 1901 2642 1970 specie,
2688 1912 2954 1973 susceptae
2997 1904 3180 1976 reipsa
3234 1913 3445 1960 naturae
3493 1904 3736 1959 hominis

2166 2000 2487 2062 argumenta
2521 1993 2827 2058 continent,
2857 2010 2964 2065 qua
2993 2010 3117 2050 cum
3148 2011 3274 2051 vere
3307 1996 3625 2051 consociata
3650 1995 3736 2050 di-

2166 2079 2369 2139 vinitas
2392 2084 2691 2139 humanum
2725 2078 2907 2141 tamen
2932 2088 3135 2157 patitur
3161 2087 3319 2151 nihil,
3358 2087 3575 2143 tametsi
3612 2103 3736 2158 qua:

2164 2174 2363 2229 rationi
2414 2184 2783 2232 consentanea
2837 2176 3051 2245 forent,
3094 2184 3150 2233 et
3194 2180 3264 2232 ah
3307 2179 3456 2233 omni
3503 2178 3733 2243 scelere,

2165 2271 2330 2334 atque
2359 2265 2416 2319 in
2446 2267 2601 2337 pejus
2631 2268 2935 2323 mutatione
2963 2268 3156 2338 procul
3186 2276 3392 2333 essent,
3429 2267 3749 2337 admiserit,

2164 2352 2247 2409 Ad
2278 2355 2393 2411 haec
2420 2357 2688 2414 excitatus
2719 2372 2750 2412 a
2786 2366 2961 2414 morte
2988 2359 3239 2415 Christus
3268 2361 3511 2417 occlusis
3548 2360 3734 2430 januis

2164 2444 2445 2518 ingressus
2472 2457 2575 2514 est,
2617 2450 2697 2505 uti
2725 2450 2871 2521 quod
2914 2451 3180 2507 hactenus
3222 2468 3471 2509 crassum
3504 2468 3736 2508 concre-

2163 2544 2390 2609 tumque
2427 2539 2602 2595 fuerat
2638 2555 2859 2611 corpus,
2904 2541 3095 2597 eadem
3122 2558 3247 2597 cum
3281 2557 3447 2597 carne
3485 2543 3736 2598 ossibus-

2161 2644 2269 2697 que
2314 2637 2477 2686 tenue
2509 2646 2573 2687 ac
2604 2634 2803 2689 subtile
2832 2648 2956 2689 esse
2981 2641 3332 2689 monstraret.
3366 2634 3562 2688 Statim
3590 2637 3736 2691 enim

2162 2728 2333 2792 atque
2366 2723 2738 2795 introgressus
2768 2732 2854 2780 est
2883 2740 3081 2781 manus
3111 2740 3175 2779 ac
3209 2726 3395 2795 pedes,
3426 2735 3481 2781 et
3507 2726 3735 2781 confos-

2161 2826 2284 2868 sum
2332 2812 2478 2871 latus
2524 2829 2652 2870 cum
2700 2815 2922 2872 ossibus
2952 2830 3017 2870 ac
3053 2816 3236 2872 nervis
3286 2816 3562 2872 ostendit:
3598 2816 3735 2871 adeo

2161 2917 2284 2974 qua:
2312 2913 2425 2958 tum
2458 2905 2785 2960 videbantur
2818 2906 2994 2961 solida
3026 2916 3201 2973 erant,
3236 2922 3337 2962 nec
3360 2908 3542 2977 specie
3572 2914 3735 2963 tenus

2161 2999 2472 3054 exstabant.
2502 2999 2713 3065 Quibus
2736 3000 2901 3054 rebus
2924 3014 3113 3054 eorum
3142 3000 3409 3063 omnium,
3436 3013 3557 3069 qua:
3588 2999 3733 3065 fidei,

482 3096 830 3165 Πνεύματος
850 3111 863 3125 ο
902 3096 981 3158 εἰς
1015 3095 1115 3166 τὴν
1142 3090 1427 3165 Κυριακὴν
1451 3093 1747 3163 ὀνομασίαν
1772 3093 1871 3163 τῆς
1895 3092 2060 3163 Τριά-

2163 3091 2387 3161 speique
2430 3098 2633 3146 nostra:
2676 3090 2783 3161 50
2824 3091 3107 3162 proposita
3154 3098 3303 3156 sunt,
3336 3092 3733 3160 promissorum

476 3188 606 3255 δος,
636 3189 735 3260 τὴν
766 3190 930 3257 ἁγίαν
973 3188 1068 3241 καὶ
1106 3186 1387 3259 βασιλικὴν
1430 3186 1734 3260 σφραγῖδα·
1779 3187 1866 3239 ἵνα
1904 3184 2054 3255 δείξῃ

478 3278 554 3333 ὲκ
585 3277 681 3332 τοῦ
709 3279 973 3350 ὀνόματος
1012 3278 1279 3351 μηδεμίαν
1306 3278 1588 3331 ἀλλοίωσιν
1624 3272 1763 3330 εἶναι
1793 3276 1892 3347 τῆς
1926 3276 2056 3346 μιᾶς

480 3370 752 3441 ἑνότητος.
781 3370 956 3423 Ὅπου
987 3369 1094 3442 γὰρ
1124 3371 1173 3423 οί
1200 3369 1584 3440 βαπτιζόμενοι
1615 3367 1926 3422 κελεύονται
1962 3366 2055 3420 ὑπ’

473 3461 648 3515 αὐτοῦ
682 3464 768 3526 εἰς
794 3462 982 3531 ὄνομα
1019 3461 1269 3529 Πατρός,
1300 3460 1549 3531 ἀσφαλὴς
1576 3460 1610 3531 ἡ
1636 3457 1941 3526 δοξολογία’
1967 3459 2057 3525 είς

474 3551 670 3621 ὄνομα
706 3552 865 3619 Υὶοῦ,
899 3553 998 3606 οὐκ
1023 3552 1392 3623 ἀποδέοντοςὴ
1419 3550 1730 3621 ἐπίκλησις·
1760 3551 1847 3614 είς
1871 3549 2059 3618 ὄνομα

464 3643 654 3711 ,ἁγίου
678 3644 1051 3712 Πνεύματος,
1077 3644 1138 3696 οὺ
1162 3643 1488 3716 διῃρημένος
1516 3643 1547 3695 ὀ
1575 3642 1872 3712 σύνδεσμος
1890 3682 1905 3708 ,
1931 3640 2057 3694 οὔτε

481 3732 993 3806 ἀπηλλοτριωμένος
1017 3736 1115 3806 τῆς
1143 3737 1271 3807 μιᾶς
1301 3734 1551 3806 θεότητος
1585 3732 1724 3805 ἔχων
1752 3734 1853 3803 τὴν
1886 3748 2057 3803 σφρα·

491 3827 625 3893 ﬂia.

2160 3199 2258 3254 per
2285 3198 2407 3239 sese
2443 3184 2726 3238 veritatem
2759 3184 2975 3253 penitus
3001 3184 3343 3255 approbavit.
3382 3183 3579 3241 Postea
3622 3200 3736 3240 non

2164 3274 2287 3329 (icta
2320 3275 2584 3329 duntaxat
2614 3274 2871 3344 imagine,
2903 3274 2998 3329 sed
3032 3276 3212 3345 reipsa
3244 3291 3367 3329 cum
3406 3276 3523 3331 suis
3550 3277 3735 3346 epula-

2163 3377 2252 3423 tus
2281 3366 2502 3423 eosdem
2536 3366 2795 3431 instituit,
2835 3382 2899 3422 ac
2922 3368 3146 3423 caeleste
3184 3383 3410 3439 regnum
3439 3383 3564 3423 cum
3590 3368 3736 3423 veri-

2159 3468 2269 3515 tate
2314 3459 2571 3514 nuntiare
2613 3457 2799 3513 docuit
2837 3478 2851 3514 :
2910 3466 3027 3513 tum
3082 3473 3207 3513 cum
3260 3460 3557 3514 maximum
3603 3460 3735 3515 illud

2163 3550 2431 3620 longeque
2468 3550 2803 3621 praecipuum
2854 3566 3119 3606 arcanum
3164 3551 3452 3623 discipulis
3498 3554 3730 3624 aperuit.

2161 3640 2822 3710 Docete,inquit',omnes
2850 3651 3046 3712 gentes.
3076 3642 3191 3697 Hoc
3222 3652 3335 3698 est:
3368 3644 3448 3699 Ab
3473 3645 3735 3715 improbi-

2162 3738 2276 3787 tate
2305 3731 2427 3787 illas
2455 3731 2522 3785 ad
2551 3732 2873 3799 veritatem;
2909 3732 2976 3787 ab
3005 3734 3168 3788 sectis
3197 3734 3362 3789 variis
3393 3734 3461 3789 ad
3485 3735 3732 3804 ejusdem

2156 3821 2435 3891 dogmatis
2474 3825 2915 3897 communionem
2964 3824 3253 3880 traducite.
3316 3827 3593 3894 Baptizate
3645 3845 3736 3883 eos

503 3937 537 3974 n
574 3923 781 3975 nomine
814 3919 1019 3987 Patris,
1074 3928 1126 3975 et
1173 3920 1326 3984 Filii,
1399 3928 1451 3974 et
1503 3917 1736 3988 Spiritus
1796 3916 2003 3982 sancti;
2062 3914 2321 3969 nimirum
2370 3915 2428 3969 in
2484 3914 2764 3971 Dominica
2811 3916 3097 3972 Trinitatis
3151 3919 3530 3989 appellatione,
3586 3922 3735 3993 quod

486 4030 661 4084 .psum
689 4024 1099 4070 sacrosanctum
1136 4023 1240 4079 est,
1291 4029 1354 4069 ac
1390 4015 1601 4086 regium
1644 4014 1901 4084 signum;
1946 4026 2057 4082 quo
2096 4011 2180 4067 vel
2230 4011 2351 4081 ipso
2398 4011 2623 4066 nomine
2660 4011 3014 4082 significaret,
3056 4013 3193 4067 nihil
3241 4028 3363 4067 esse
3413 4012 3484 4066 ab
3528 4013 3739 4068 unitate

488 4106 781 4161 liversum.
827 4107 965 4161 Cum
999 4108 1143 4161 enim
1192 4108 1456 4178 baptizari
1503 4096 1757 4163 homines
1792 4106 1947 4177 jubet
1991 4106 2047 4159 in
2110 4106 2318 4159 nomine
2346 4102 2553 4166 Patris.
2581 4104 2735 4159 ﬁrma
2775 4121 2839 4161 ac
2871 4106 3081 4162 stabilis
3133 4113 3215 4161 est
3240 4106 3427 4177 gloriae
3472 4106 3737 4175 praedica-

486 4196 581 4252 .io.
630 4196 789 4264 Quod
835 4213 965 4252 vero
1006 4198 1225 4253 additur
1282 4201 1339 4253 in
1376 4201 1583 4254 nomine
1628 4196 1783 4267 Filii,
1850 4199 1999 4255 nulla
2038 4212 2101 4252 re
2153 4196 2300 4251 hunc
2340 4212 2372 4250 a
2423 4206 2651 4266 paterna
2691 4195 2955 4266 dignitate
2994 4195 3225 4251 deficere
3270 4196 3562 4266 appellatio
3610 4196 3733 4266 ipsa

486 4292 745 4348 .ieclarat.
780 4290 1065 4347 Postremo
1097 4293 1165 4348 iis
1204 4293 1260 4347 in
1285 4295 1489 4359 verbis,
1522 4296 1579 4349 in
1622 4297 1830 4350 nomine
1877 4293 2111 4363 Spiritus
2160 4291 2368 4357 sancti,
2420 4289 2571 4344 nulla
2616 4296 2703 4345 est
2744 4288 3150 4360 conjunctionis
3203 4288 3437 4357 divisio,
3492 4289 3734 4347 varietas

488 4386 661 4453 mila;
694 4385 787 4441 sed
830 4387 995 4442 unius
1039 4385 1343 4443 divinitatis
1385 4389 1535 4443 velut
1583 4390 1798 4460 signum
1840 4391 2224 4457 repraesentat.
3477 4429 3485 4437 .

551 4478 625 4530 A'.
668 4478 778 4530 Kal.
808 4477 1086 4548 ἀνελήφθη
1140 4479 1219 4542 είς
1263 4479 1491 4551 οὐρανὸν
1533 4484 1590 4535 ἐν
1630 4481 1781 4553 αὐτῷ
1822 4480 1902 4552 τῷ
1951 4480 2056 4534 σώ-

2233 4471 2321 4529 ιν.
2353 4470 2599 4543 Denique
2638 4472 2829 4528 eodem
2857 4486 2982 4527 cum
3014 4486 3247 4543 corpore
3277 4480 3333 4528 et
3362 4473 3543 4527 anima
3577 4488 3733 4529 men—

479 4586 614 4641 ματι
634 4609 649 4633 ,
684 4569 780 4621 καὶ
804 4571 870 4638 τῇ
902 4568 1085 4639 ψυχῇ,
1122 4569 1215 4621 καὶ
1245 4569 1324 4640 τῷ
1357 4570 1452 4640 νῷ,
1479 4570 1788 4634 συνενώσας
1812 4573 1891 4634 είς
1928 4570 2056 4641 μίαν

484 4658 711 4729 ἑνότητα
747 4658 841 4711 καὶ
885 4659 1016 4728 μίαν
1057 4660 1434 4730 πνευματικὴν
1470 4661 1788 4717 ὑπόστασιν.
1825 4661 1935 4714 Καὶ
1972 4660 2059 4715 ἐν·

484 4755 601 4802 θεον
648 4748 1013 4811 ἀποτελέσας,
1064 4748 1315 4802 ἐκάθισεν
1362 4750 1423 4803 ὲν
1472 4748 1620 4821 δεξιᾷ
1669 4748 1763 4804 τοῦ
1810 4752 2056 4822 Πατρὸς,

487 4839 703 4911 πέμψας
745 4840 994 4908 κήρυκας
1026 4842 1105 4903 εἰς
1138 4839 1267 4910 ὅλην
1301 4840 1401 4912 τὴν
1445 4841 1790 4912 οἰκουμένην,
1838 4843 2058 4913 Σίμωνα

483 4927 720 4999 Πέτρον,
759 4928 852 4980 καὶ
904 4927 1157 4998 Ἀνδρέαν
1184 4928 1277 4981 τὸν
1300 4928 1527 4998 ἀδελφὸν
1560 4929 1759 4992 αὐτοῦ,
1803 4930 2059 4984 Ἰάκωϐον

483 5019 575 5073 καὶ
613 5020 864 5090 Ἰωάννην
896 5018 1023 5081 τοὺς
1052 5020 1199 5082 υἱοὺς
1227 5019 1532 5085 Ζεϐεδαίου,
1562 5020 1658 5084 οὓς
1685 5020 1851 5074 πάλαι
1878 5020 2057 5086 ἐξελέ-

484 5107 641 5174 ξατοο
670 5110 935 5162 Φίλιππον
981 5109 1075 5162 καὶ
1122 5108 1524 5181 Βαρθολομαῖον
1543 5151 1558 5176 ,
1589 5111 1897 5178 Ματθαῖον,
1936 5111 2055 5164 Θω-

483 5199 593 5269 μᾶν
624 5216 683 5251 τε
725 5199 819 5252 καὶ
860 5198 1089 5264 Ἰούδαν,
1136 5199 1231 5252 καὶ
1260 5199 1549 5267 Θαδδαῖον,
1586 5199 1805 5270 Σίμωνα
1833 5200 1925 5253 τὸν
1953 5202 2058 5271 Ζη-

482 5289 677 5357 Αωτήν.
716 5288 917 5353 Ἰούδας
944 5289 1054 5361 γὰρ
1082 5292 1111 5343 ὀ
1152 5288 1505 5362 Ἰσκαριώτης
1524 5329 1539 5353 ,
1571 5292 1619 5343 εί
1652 5292 1746 5344 καὶ
1780 5290 1970 5360 πρώην
2001 5292 2058 5344 ὲν

489 5383 593 5444 τοῖς
621 5380 828 5436 δώδεκα
856 5380 1168 5452 ἐψηφίζετο,
1198 5384 1458 5455 προδότης
1476 5384 1782 5455 γενόμενος,
1812 5385 2056 5456 ἀπετμή-

479 5468 551 5539 θη
588 5468 683 5522 τοῦ
720 5471 873 5538 ἁγίου
914 5471 1021 5524 τῶν
1051 5472 1362 5526 ἀποστόλων
1394 5473 1716 5542 καταλόγου.
1750 5473 2062 5527 Ἀπέστειλε

480 5557 544 5615 δὲ
575 5560 670 5613 καὶ
699 5560 891 5624 ἀλλους
920 5562 1386 5633 ἑϐδομηκονταδύο
1415 5565 1727 5637 κηρύττειν,
1748 5563 1809 5631 ὲξ
1825 5559 1901 5621 ὧν
1921 5561 2061 5639 ἦσαν

562 5735 578 5765 ⁸
607 5731 799 5788 Matth.
836 5748 1027 5805 xxvm,
1058 5735 1143 5791 i9.

2160 4574 2325 4635 teque
2381 4564 2447 4619 ad
2498 4578 2725 4633 superos
2769 4571 2989 4620 evectus
3037 4574 3143 4629 est,
3198 4565 3463 4621 omnibus
3517 4565 3627 4619 illis
3676 4565 3730 4621 in

2162 4673 2332 4712 unum
2365 4656 2639 4721 conﬂatis,
2676 4663 2839 4725 atque
2872 4655 2928 4710 in
2955 4656 3199 4711 eamdem
3232 4656 3575 4727 spiritualem
3605 4670 3734 4725 per-

2163 4765 2355 4806 sonam
2398 4748 2891 4812 concurrentibus,
2939 4747 3250 4818 divinisque
3299 4746 3550 4802 redditis.
3602 4747 3733 4803 Inde

2164 4856 2293 4895 mox
2324 4847 2383 4894 ut
2420 4839 2487 4894 ad
2531 4838 2711 4894 Patris
2762 4840 3007 4895 dextram
3051 4839 3322 4904 consedit,
3364 4855 3644 4910 praecones
3673 4842 3732 4896 in

2162 4933 2479 4988 universum
2530 4933 2719 4988 orbem
2765 4932 2994 4996 dimisit,
3051 4927 3329 4985 Simonem
3380 4930 3623 4997 Petrum,
3675 4940 3731 4987 et

2157 5023 2432 5079 Andream
2463 5022 2585 5093 ejus
2616 5022 2863 5089 fratrem,
2894 5020 3159 5076 Iacobum
3182 5031 3237 5075 et
3269 5020 3535 5075 Joannem
3567 5021 3732 5078 Zebe-

2155 5115 2259 5171 dmi
2296 5115 2459 5181 filios,
2488 5127 2628 5185 quos
2670 5115 2800 5169 olim
2842 5112 3136 5180 delegerat,
3166 5110 3477 5182 Philippum
3507 5122 3563 5169 et
3591 5112 3729 5168 Bar-

2161 5208 2533 5272 tholomaeum,
2573 5205 2906 5268 Matthaaum,
2950 5202 3237 5270 Thomam,
3287 5214 3342 5259 et
3392 5204 3612 5270 Judam,
3663 5222 3731 5261 ac

2159 5298 2511 5365 Thaddaaum,
2554 5312 2618 5352 ac
2667 5296 2943 5351 Simonem
2989 5294 3244 5350 Zeloten:
3288 5312 3410 5349 nam
3441 5296 3735 5354 lscariotes

2160 5388 2331 5445 Judas
2364 5390 2466 5444 etsi
2494 5389 2757 5442 hactenus
2783 5386 2849 5441 ad
2870 5401 2943 5440 xu
2971 5386 3247 5456 ascriptus
3281 5385 3478 5449 fuerat,
3510 5397 3728 5457 postea-

2157 5496 2322 5551 quam
2356 5480 2685 5551 proditorem
2708 5494 2766 5533 se
2793 5478 2941 5542 fecit,
2960 5478 3028 5531 ab
3045 5492 3203 5533 sacro
3221 5481 3591 5548 apostolorum
3624 5498 3725 5536 nu-

2158 5590 2310 5632 mero
2328 5581 2415 5632 est
2441 5580 2763 5645 expunctus.
2787 5570 2988 5628 Praeter
3011 5572 3131 5643 hos,
3160 5588 3305 5627 Lnn
3332 5572 3468 5630 alios
3489 5575 3556 5631 ad
3582 5591 3730 5631 eam-
