4204 6370
517 358 623 418 279

1910 353 1969 408 S.
2012 353 2346 410 ΕΡΙΡΙΙΑΝΙΙ

3663 355 3769 410 280

514 471 636 526 dem
667 467 1001 522 l'unctionem
1035 465 1254 536 allegat,
1287 480 1318 520 e
1347 458 1546 535 quibus
1575 480 1646 518 vn
1684 465 1757 517 illi
1792 463 1962 527 fuere,
1995 463 2080 532 qui

2193 467 2238 516 οἱ
2277 463 2440 526 ἑπτὰ,
2480 465 2528 516 οἱ
2570 464 2661 516 ἐπὶ
2705 464 2812 517 τῶν
2858 465 3043 535 χηρῶν
3077 464 3431 535 τεταγμένοι·
3469 464 3766 533 Στέφανος,

515 563 582 616 ad
619 561 904 614 viduarum
936 559 1262 628 obsequium
1300 556 1491 612 delecti
1543 567 1704 611 sunt:
1757 554 2085 624 Stephanus,

512 653 819 720 Philippus,
851 650 1184 714 Procborus,
1216 649 1468 713 Nicanor,
1509 649 1726 710 Timon,
1770 649 2084 709 l’armenas,

511 751 567 794 et
603 741 878 801 Nicolaus,
926 749 980 795 et
1013 749 1140 795 ante
1188 740 1286 794 hos
1327 739 1602 804 Matthias,
1649 740 1743 808 qui
1788 739 1906 792 loco
1937 737 2088 793 Judaa

513 835 654 887 inter
684 833 963 902 apostolos
999 840 1290 902 cooptatus
1324 839 1430 887 est.
1469 832 1550 886 Ad
1583 841 1838 900 septenos
1869 832 1991 887 illos
2024 847 2088 886 ac

515 924 818 987 Matthiam,
873 923 1113 978 Marcum
1174 924 1419 992 insuper,
1474 931 1529 978 et
1574 922 1800 989 Lucam,
1847 923 2082 990 Justum,

514 1013 838 1078 Barnabam,
869 1014 1170 1084 Appellem,
1201 1013 1443 1077 Rutl‘um,
1466 1013 1714 1083 Nigrum,
1738 1030 1802 1069 ac
1827 1015 2084 1084 reliquos,

515 1104 592 1158 uti
629 1105 890 1168 diximus,
925 1121 1071 1158 Lxxu
1102 1105 1319 1173 adjecit.
1357 1104 1570 1171 Quibus
1602 1121 1726 1159 cum
1755 1106 1919 1160 etiam
1955 1123 2084 1162 san-

513 1202 661 1248 ctum
686 1195 910 1248 Paulum
942 1203 1132 1263 suapte
1157 1195 1225 1248 de
1255 1195 1393 1249 coelo
1423 1210 1555 1251 voce
1577 1196 1742 1250 missa
1776 1198 2084 1266 apostolum

511 1287 753 1354 gentium
783 1300 847 1339 ac
876 1301 1205 1355 praeconem,
1233 1293 1286 1341 et
1316 1287 1630 1356 apostolicae
1655 1288 1922 1343 doctrina:
1952 1304 2084 1342 con-

509 1386 902 1434 summatorem
929 1377 1186 1434 instituit.
1212 1377 1315 1444 Qui
1339 1380 1554 1449 quidem
1587 1389 1834 1434 sanctum
1854 1380 2082 1445 Lucam,

510 1478 572 1521 ut
614 1477 951 1534 memorant,
1000 1486 1171 1524 unum
1222 1485 1252 1526 e
1297 1485 1446 1524 um
1499 1470 1790 1542 discipulis
1831 1471 1932 1542 51
1990 1474 2083 1542 qui

511 1561 692 1615 varias
717 1561 770 1614 in
801 1562 1054 1631 regiones
1093 1562 1345 1631 dissipati
1391 1561 1631 1628 fuerant,
1660 1563 1897 1626 reduxit,
1925 1579 2083 1618 eum-

509 1666 617 1720 que
653 1651 910 1706 comitem
937 1660 992 1706 et
1024 1652 1330 1722 adjutorcm
1361 1651 1638 1725 Evangelii
1665 1655 1827 1710 simul
1861 1665 1914 1709 et
1953 1669 2080 1724 apo-

507 1742 706 1795 stolum
737 1741 1005 1796 adhibuit.
1037 1741 1152 1797 Hoc
1181 1743 1344 1797 modo
1379 1751 1550 1798 totum
1596 1743 1875 1813 Evangelii
1911 1761 2084 1816 nego-

507 1832 642 1885 tium
673 1831 740 1885 ad
779 1833 830 1886 id
864 1847 1038 1903 usque
1070 1836 1332 1904 temperis
1358 1835 1668 1890 confectum
1695 1843 1800 1892 est.

579 1944 758 2014 Atque
789 1945 1057 2002 hactenus
1087 1947 1154 2002 dc
1193 1964 1242 2002 ιι
1277 1949 1468 2015 sectis,
1499 1949 1677 2019 deque
1707 1965 1773 2005 eo
1805 1951 1952 2021 quod
1987 1966 2082 2006 or-

509 2035 637 2090 dine
677 2047 1032 2092 consecutum
1069 2051 1173 2103 est,
1220 2049 1274 2094 ct
1320 2055 1350 2092 a
1394 2056 1481 2094 me
1524 2056 1623 2110 pro
1672 2041 1870 2095 virium
1917 2052 2082 2112 captu

508 2127 701 2193 paucis
731 2128 1084 2197 explicatum,
1120 2130 1432 2201 evangelica
1476 2132 1687 2186 scilicet
1730 2132 1871 2198 luce,
1901 2149 2022 2204 qua:
2051 2149 2082 2187 a

505 2218 729 2272 Christo
753 2217 1004 2286 Domino,
1024 2221 1334 2292 Christique
1353 2223 1639 2293 discipulis
1663 2225 1782 2279 orbi
1807 2233 2080 2280 terrarum

508 2306 657 2360 illata
691 2307 812 2360 fuit.
844 2306 1053 2373 Quibus
1076 2324 1105 2362 a
1128 2325 1214 2364 me
1237 2311 1398 2365 dictis
1427 2320 1793 2366 consentanea
1822 2312 2082 2381 pleraque

503 2400 764 2468 colligere
791 2400 937 2461 licet,
960 2414 1023 2453 ac
1051 2401 1308 2455 vaticinia
1328 2410 1380 2457 et
1403 2404 1626 2456 oracula
1652 2419 1719 2457 ex
1741 2403 1858 2475 lege
1886 2403 2079 2467 veteri,

504 2491 592 2543 vel
620 2490 850 2544 Psalmis
881 2489 1112 2560 aliisque
1158 2493 1313 2548 libris
1359 2495 1705 2563 conquirere,
1742 2504 1795 2549 et
1838 2497 2079 2549 omnium

507 2581 1110 2654 scriem,ordinemque
1150 2587 1516 2653 perscrutari;
1565 2601 1630 2641 ex
1673 2587 1853 2658 iisque
1897 2585 2082 2641 lucar-

507 2673 786 2726 nationem
839 2673 1044 2729 Christi
1107 2673 1322 2730 Domini
1382 2679 1671 2748 perspicue
1724 2681 2083 2749 comprobare

507 2778 617 2816 non
645 2766 1074 2834 supposititiam,
1109 2769 1203 2823 sed
1246 2785 1429 2824 veram
1481 2773 1784 2836 exstitisse,
1829 2782 1992 2844 atque
2027 2775 2079 2827 in

503 2853 624 2922 lege
654 2855 820 2909 veteri
854 2857 1183 2926 nuntiatam,
1212 2868 1271 2913 ut
1293 2861 1360 2915 de
1390 2878 1456 2916 eo
1485 2864 1668 2918 nullus
1698 2865 1768 2918 sit
1796 2864 2079 2918 dubitandi

506 2945 660 3000 locus
693 2946 941 3003 relictus.
971 2947 1078 3004 Sed
1111 2965 1179 3004 ne
1204 2951 1368 3020 hujus
1391 2955 1572 3022 Operis
1598 2958 1854 3010 tractatio
1886 2959 1938 3010 in
1966 2956 2084 3010 inti-

505 3037 681 3090 nitum
720 3047 1024 3103 excrescat,
1057 3039 1144 3095 his
1178 3058 1301 3112 quae
1342 3045 1486 3099 dicta
1537 3057 1668 3101 sunt
1698 3051 1907 3103 erimus
1949 3064 2081 3102 con-

503 3126 660 3180 tenti.
1153 3148 1159 3156 -

572 3238 652 3292 Ac
694 3239 954 3311 deinceps
1001 3244 1290 3313 opiniones
1343 3246 1488 3311 illas,
1536 3263 1658 3319 quae
1702 3250 1756 3305 in
1790 3251 2076 3306 hominum

501 3330 669 3385 vitam
696 3343 882 3402 postea
908 3335 1150 3404 pessimo
1173 3338 1357 3394 colore
1383 3354 1446 3393 ac
1473 3342 1656 3410 specie
1682 3343 1905 3412 prolata
1931 3353 2078 3407 sunt,

501 3435 692 3479 eadem
725 3428 866 3481 serie
903 3437 1213 3498 pertexam:
1264 3440 1619 3503 posteaquam
1663 3451 1717 3489 χι
1766 3435 2078 3491 Judaeorum

505 3513 1090 3588 Samaritanorumque
1144 3529 1328 3578 sectas
1387 3539 1513 3577 cum
1569 3527 1944 3595 superioribus
2001 3545 2077 3591 ix,

500 3621 622 3675 qua:
652 3608 848 3662 partim
887 3625 919 3664 e
951 3608 1175 3675 Graecis,
1209 3614 1407 3682 partim
1447 3631 1515 3670 ex
1560 3617 1805 3674 barbaris
1848 3619 2078 3689 aliisque

500 3698 749 3753 conﬂata:
792 3709 921 3756 sunt
967 3712 1096 3758 ante
1146 3703 1448 3761 Salvatoris
1496 3709 1808 3774 adventum,
1842 3711 1909 3764 ad
1961 3710 2077 3763 lucc

501 3805 676 3859 usque
703 3799 950 3862 tempora
982 3795 1168 3850 habita
1206 3796 1493 3854 brevitatis
1526 3801 1738 3855 ratione
1763 3804 2074 3872 percensui.

820 3925 899 3980 De
925 3925 1250 3995 Nazarem's,
1284 3931 1390 3986 sive
1417 3931 1757 3988 Christianis.

569 4057 952 4117 Nazarzeorum
977 4064 1091 4120 sive
1113 4064 1552 4122 Christianorum
1577 4075 1661 4122 est
1689 4067 1780 4136 qui
1815 4083 1843 4120 a
1875 4067 2074 4125 Judmis

498 4147 650 4204 brevi
673 4150 960 4221 interjecto
981 4164 1228 4232 tempore
1247 4167 1473 4211 vocatus
1491 4167 1572 4212 est
1593 4157 2070 4223 Christianismus,

499 4244 554 4290 et
587 4238 656 4292 ab
686 4240 822 4309 ipsis
857 4241 993 4296 adeo
1028 4244 1291 4313 apostolis
1322 4244 1374 4298 id
1404 4259 1605 4298 nomen
1643 4247 1898 4313 obtinuit,
1944 4262 2069 4301 cum

499 4327 574 4382 ita
604 4327 796 4386 Petrus
820 4332 1037 4390 locutus
1067 4335 1159 4399 sit,
1185 4334 1368 4390 Iesum
1395 4335 1735 4391 Nazarenam
1768 4341 1935 4392 virum
1958 4355 2075 4407 pro-

500 4423 678 4474 batum
704 4439 736 4475 a
761 4421 870 4477 Deo
893 4425 932 4487 ¹,
968 4434 1074 4481 etc.
1110 4424 1303 4482 Postea
1332 4445 1462 4482 vero
1485 4431 1785 4485 Antiochia:
1807 4433 2073 4487 Christia-

2195 555 2458 617 Φίλιππος
2478 593 2492 616 ,
2523 555 2824 625 Πρόχορος,
2857 557 3142 626 Νικάνωρ,
3174 557 3392 626 Τίμων,
3432 557 3763 626 Παρμηνᾶς,

2197 649 2290 702 καὶ
2320 647 2602 709 Νικόλαος.
2631 648 2742 717 Πρὸ
2772 649 2974 700 τούτων
3001 649 3057 700 δὲ
3086 648 3353 712 Ματθίας,
3379 653 3407 702 ό
3441 651 3561 702 ἀντὶ
3603 651 3767 705 Ἰούδα

2197 739 2601 810 συμψηφισθεὶς
2647 739 2784 808 μετά
2825 737 2933 789 τῶν
2975 739 3308 793 ἀποστόλων.
3356 741 3510 793 Μετὰ
3544 742 3764 804 τούτους

2194 831 2252 883 δὲ
2279 833 2402 892 τοὺς
2433 829 2570 882 ἑπτὰ
2606 831 2699 883 καὶ
2738 829 2987 881 Ματθίαν
3021 831 3110 882 τὸν
3150 831 3253 900 πρὸ
3284 831 3484 895 αὐτῶν,
3518 833 3762 902 Μάρκον,

2194 923 2428 984 Λουκᾶν,
2462 918 2712 982 Ἰοῦστον,
2745 918 3052 988 Βαρνάϐαν,
3082 921 3174 970 ml.
3209 919 3489 988 Ἀπελλῆν,
3517 920 3762 989 Ῥοῦφον.

2193 1014 2423 1088 Νίγερα,
2454 1012 2548 1064 ml
2576 1011 2698 1074 τοὺς
2725 1010 2941 1072 λοιποὺς
2976 1009 3082 1063 τῶν
3117 1009 3596 1080 ἑϐδομηκονταδύο.
3630 1013 3763 1065 Μετ’

2193 1105 2386 1166 αὐτοὺς
2414 1103 2468 1155 δὲ
2503 1102 2709 1165 πάντας
2752 1102 2848 1154 καὶ
2895 1101 2992 1153 σὺν
3021 1101 3202 1164 αὐτοῖς
3252 1101 3459 1154 Παῦλον
3494 1103 3582 1155 τὸν
3612 1103 3764 1171 ἅγιον

2193 1195 2488 1250 ἀπόστολον
2521 1193 2607 1247 διὰ
2643 1194 2824 1263 φωνῆς
2872 1192 3006 1255 ἰδίας
3054 1193 3146 1245 ἀπ’
3193 1193 3420 1263 οὐρανοῦ
3470 1194 3764 1249 ἀπόστολον

2193 1286 2328 1357 ὁμοῦ
2364 1288 2456 1339 καὶ
2493 1287 2710 1356 κήρυκα
2735 1283 2902 1336 ὲθνῶν
2920 1323 2934 1347 ,
2966 1284 3060 1336 καὶ
3089 1283 3379 1355 πληρωτὴν
3404 1285 3763 1355 ἀποστολικῆς

2191 1377 2536 1438 διδασκαλίας
2589 1374 2887 1441 ἐξελέξατο.
2949 1376 3044 1437 ⁸·ος
3100 1374 3412 1444 εὑρίσκεται
3473 1376 3564 1428 τὸν
3611 1376 3763 1443 ἅγιον

2191 1471 2405 1523 Δουκᾶν
2447 1468 2576 1522 ὄντα
2603 1469 2711 1520 τῶν
2744 1466 3207 1536 ἑϐδομηκονταδύο
3253 1467 3359 1520 τῶν
3398 1467 3764 1538 ἐσκορπισμέ-

2192 1579 2332 1624 νων,
2383 1560 2754 1631 ἐπιστρέψας,
2795 1559 2889 1610 καὶ
2933 1558 3221 1612 ἀκόλουθον
3278 1558 3454 1629 ἐαυτῷ
3498 1561 3761 1630 ποιήσας,

2194 1652 2454 1727 συνεργὸν
2496 1652 2589 1704 τοῦ
2625 1651 2959 1720 Εὐαγγελίου
2987 1651 3122 1722 ὁμοῦ
3164 1651 3258 1704 ml.
3294 1650 3607 1704 ἀπόστολον.
3653 1651 3764 1702 Καὶ

2192 1743 2362 1807 οὕτως
2388 1743 2640 1814 ἐτελέσθη
2674 1745 2709 1815 ὴ
2742 1744 2892 1796 πᾶσα
2916 1741 3258 1812 Εὐαγγελικὴ
3288 1739 3640 1812 πραγματεία
3659 1739 3764 1802 ἕως

2115 1832 2158 1887 Β
2185 1836 2375 1889 τούτου
2405 1836 2498 1889 τοῦ
2527 1837 2737 1908 χρόνου.

2258 1949 2449 2000 Ἔσται
2490 1947 2548 2000 δέ
2595 1965 2683 2018 μοι
2725 1949 2754 2000 ό
2794 1947 2949 2015 λόγος
2982 1947 3087 2010 ἕως
3128 1938 3230 1998 ὧδε
3265 1944 3394 2014 περὶ
3432 1943 3542 1997 τῶν
3571 1945 3766 1998 ’ἐνδεκα

2184 2039 2468 2110 αἱρέσεων,
2503 2039 2596 2090 ml
2621 2039 2720 2109 τῆς
2755 2038 2896 2092 κατά
2927 2036 3152 2106 δύναμιν
3194 2035 3512 2097 ἀκολουθίας
3544 2037 3600 2086 ὲν
3635 2052 3762 2087 συν-

2183 2131 2334 2201 τόμῳ
2372 2147 2461 2200 μοι
2497 2131 2822 2200 εἰρημένης,
2863 2129 3222 2198 εὐαγγελικῆς
3263 2127 3626 2196 φωταγωγίας
3664 2125 3764 2195 τῆς

2184 2223 2240 2274 ὲν
2267 2223 2456 2292 κόσμῳ
2485 2222 2553 2275 δι’
2577 2221 2745 2274 αὑτοῦ
2789 2221 2883 2274 καί¹
2910 2220 3020 2272 τῶν
3046 2219 3303 2290 μαθητῶν
3336 2217 3501 2271 αὑτοῦ
3529 2234 3761 2287 γεγενη-

2187 2313 2386 2385 μένης·
2416 2312 2510 2377 οὒς
2541 2313 2609 2366 τὰ
2639 2314 2800 2384 ὃμοια
2842 2311 3090 2377 συλλέξαι
3116 2351 3130 2375 ,
3185 2309 3278 2363 καὶ
3324 2307 3661 2378 παραθέσθαι
3692 2305 3764 2358 τὰ

2184 2406 2641 2476 προθεσπίσματά
2672 2422 2729 2458 τε
2766 2401 2858 2458 ml.
2898 2405 2996 2467 τὰς
3045 2402 3380 2474 προφητείας
3424 2401 3532 2452 ἀπὸ
3578 2398 3762 2468 Νόμου

2183 2512 2241 2548 τε
2275 2495 2368 2548 καὶ
2398 2495 2642 2565 Ψαλμῶν
2682 2495 2776 2548 καὶ
2809 2494 2914 2547 τῶν
2941 2493 3114 2547 ἄλλων
3145 2492 3242 2554 τὰς
3271 2488 3592 2550 ἀκολουθίας
3614 2529 3630 2552 ,
3671 2486 3763 2539 καὶ

2183 2586 2282 2651 τάς
2311 2588 2534 2656 ἀγωγὰς
2579 2587 2784 2640 ἔνεστιν
2821 2587 2971 2648 ἰδεῖν,
3005 2587 3098 2638 καὶ
3143 2585 3242 2654 τὴν
3282 2582 3566 2653 ἀκρίϐειαν
3593 2596 3762 2633 καταε-

2184 2680 2442 2733 λαϐέσθαι
2469 2720 2482 2740 ,
2525 2680 2601 2742 ὡς
2658 2681 2718 2731 οὐ
2754 2679 2905 2742 νόθος
2931 2721 2944 2744 ,
2978 2677 3092 2732 ἀλλ’
3123 2675 3348 2745 ἀληθὴς,
3382 2675 3475 2726 καὶ
3531 2687 3762 2741 προκατ-

2185 2771 2467 2839 αγγελθεὶς
2490 2773 2509 2800 ²
2551 2771 2659 2822 ἀπὸ
2696 2771 2794 2840 τῆς
2827 2771 3067 2832 Παλαιᾶς
3095 2767 3368 2837 Διαθήκης
3398 2762 3762 2833 ἀναμφίὸολός

2185 2866 2332 2915 ὲστιν
2358 2866 2389 2933 ἡ
2418 2863 2679 2933 ἐνσαρκος
2710 2861 2946 2930 Χριστοῦ
2980 2860 3269 2930 παρουσία,
3303 2859 3396 2911 καὶ
3430 2853 3760 2924 εὐαγγελικὴ

2183 2955 2520 3009 διδασκαλία.
2555 2955 2671 3007 Ἵνα
2716 2953 2772 3005 δὲ
2825 2953 2898 3023 μὴ
2948 2953 3028 3015 είς
3072 2952 3234 3020 ὄγκον
3286 2947 3625 3018 παρεκτείνω
3661 2945 3759 3014 τὴν

2183 3048 2282 3116 τῆς
2337 3046 2639 3111 συντάξεως
2694 3045 3096 3117 πραγματείαν,
3150 3043 3359 3105 τούτοις
3423 3037 3757 3111 ἀρκεσθήσο-

2109 3177 2150 3234 C
2191 3157 2307 3210 μαι.

2262 3251 2471 3322 Προϊὼν
2499 3250 2555 3303 δὲ
2591 3250 2790 3320 ἐφεξῆς
2821 3249 2918 3313 τὰς
2946 3248 3240 3319 μετέπειτα
3270 3246 3348 3316 τῷ
3379 3246 3476 3315 βίῳ
3516 3238 3759 3310 ἐπιρρυεῦ-

2191 3361 2285 3406 σας
2335 3342 2426 3395 ἐπὶ
2468 3346 2612 3414 κακῇ
2656 3343 2922 3414 apo-gaias:
2978 3341 3134 3406 δόξας
3167 3341 3366 3411 ὁμοίως
3398 3334 3756 3406 διαγορεύσω,

2188 3433 2286 3503 ἤδη
2321 3433 2418 3495 τὰς
2452 3433 2641 3486 ἕνδεκα
2675 3434 2772 3497 τὰς
2801 3434 2910 3486 ἀπὸ
2949 3431 3211 3486 Ἰουδαίων
3241 3433 3334 3484 καὶ
3382 3427 3754 3499 Σαμαρειτῶν,

2187 3525 2280 3577 καὶ
2317 3524 2416 3586 τὰς
2455 3525 2558 3596 πρὸ
2588 3525 2762 3578 αὐτῶν
2805 3525 2961 3578 ἐννέα
3000 3525 3056 3590 ἐξ
3096 3524 3387 3592 Ἑλλήνων,
3420 3521 3514 3575 καὶ
3554 3518 3758 3590 βαρϐά-

2189 3632 2326 3685 ρων,
2361 3617 2455 3670 καὶ
2481 3617 2590 3669 τῶν
2622 3617 2797 3670 ἄλλων
2825 3616 3123 3686 γενομένας
3170 3614 3274 3685 πρὸ
3301 3616 3398 3680 τῆς
3427 3612 3520 3664 τοῦ
3554 3610 3754 3680 Κυρίου

2187 3709 2507 3778 παρουσίας,
2550 3711 2642 3763 ml.
2682 3709 2787 3773 ἕως
2831 3708 2996 3762 αὐτοῦ
3029 3706 3123 3761 τοῦ
3155 3707 3342 3779 χρόνου
3383 3705 3614 3776 μετρίως
3651 3703 3757 3755 ἀτο-

2184 3797 2644 3868 αριθμησάμενος.

2402 3934 2542 4001 Περὶ
2574 3934 2936 4001 Ναζωραίων,
2972 3934 3102 4002 ἤτοι
3139 3929 3526 4001 Χριστιανῶν.

2253 4065 2624 4138 Ναζωραίων,
2680 4069 2708 4121 ὅ
2760 4069 2876 4120 ἐστι
2929 4065 3299 4138 Χριστιανῶν,
3351 4067 3381 4117 ὁ
3427 4062 3647 4133 κληθεὶς
3698 4062 3758 4113 ὲν

2181 4159 2344 4229 ὀλίγῳ
2382 4159 2557 4229 χρόνῳ
2586 4159 2689 4212 ὑπὸ
2735 4159 3001 4212 Ἰουδαίων
3033 4156 3482 4229 Χριστιανισμὸς,
3536 4146 3628 4207 ml.
3662 4154 3754 4205 ὑπ’

2181 4252 2358 4305 αὐτῶν
2392 4251 2499 4303 τῶν
2537 4251 2878 4315 ἀποστόλων,
2923 4251 3172 4318 λέγοντος
3228 4249 3435 4319 Πέτρου
3460 4263 3472 4276 ·
3521 4245 3756 4312 Ἰησοῦν

2181 4345 2288 4398 τὸν
2326 4345 2658 4413 Ναζωραῖον
2681 4385 2694 4409 ,
2745 4344 2932 4411 ἄνδρα
2976 4341 3474 4409 ἀποδεδειγμένον
3519 4339 3587 4391 ἐκ
3648 4336 3757 4391 τοῦ

2183 4437 2352 4500 Θεοῦ,
2385 4438 2477 4489 καὶ
2507 4438 2574 4490 τά
2610 4437 2736 4507 ἑξῆς
2758 4454 2771 4466 ’
2809 4436 3036 4506 ὕστερον
3073 4435 3128 4486 δὲ
3155 4433 3262 4487 ἀπὺ
3299 4430 3626 4500 Ἀντιοχείας
3654 4429 3754 4497 ἀρ-

497 4511 711 4566 nismus
754 4515 1016 4583 appellari
1051 4519 1236 4578 cmoit.
1280 4519 1374 4576 Est
1407 4529 1461 4575 et
1493 4523 1598 4576 alia
1642 4526 1860 4594 proprie
1897 4525 2072 4582 Naza-

2183 4523 2411 4594 ξάμενος
2436 4525 2710 4579 καλεῖσθαι
2739 4524 3178 4596 Χριστιανισμός.
3211 4524 3366 4576 Ἔστι
3391 4522 3447 4574 δὲ
3473 4521 3563 4572 καὶ
3593 4518 3753 4587 φύσει

498 4617 732 4656 raeorum
767 4613 938 4671 secta,
973 4608 1039 4662 de
1070 4611 1269 4677 qmbus
1302 4627 1404 4665 suo
1424 4613 1542 4667 loco
1569 4613 1992 4684 disputabimus.

569 4955 583 4984 ¹
609 4957 728 5010 Act.
759 4970 822 5021 tl,
853 4953 943 5010 22.
1027 4958 1049 4989 ³
1071 4956 1219 5014 Fort.
1255 4964 1804 5033 προκαταγγελθείσα.

2175 4616 2383 4686 αἵρεσις
2420 4617 2778 4689 Ναζωραίων,
2809 4618 2936 4688 περὶ
2975 4610 3050 4670 ὧν
3101 4615 3330 4685 καθεξῆς
3363 4611 3586 4682 λέξομεν
3615 4609 3753 4663 κατὰ

2181 4706 2269 4760 τὸν
2296 4707 2488 4776 καιρὸν
2512 4709 2612 4779 τῆς
2637 4708 2972 4772 ἀκολουθίας.
