  <div class='ocr_page' id='page_1' title='image "/cluster/home/n/w/nwhite01/storage/ocr_20150623/41/nnc1.0046978747/168.png"; bbox 0 0 4204 6370; ppageno 0'>
   <div class='ocr_carea' id='block_1_1' title="bbox 496 322 593 377">
    <p class='ocr_par' dir='ltr' id='par_1_1' title="bbox 496 322 593 377">
     <span class='ocr_line' id='line_1_1' title="bbox 496 322 593 377; baseline -0.021 0"><span class='ocrx_word' id='word_1_1' title='bbox 496 322 593 377; x_wconf 79' lang='grc'><strong>281</strong></span> 
     </span>
    </p>
   </div>
   <div class='ocr_carea' id='block_1_2' title="bbox 1462 318 2761 381">
    <p class='ocr_par' dir='ltr' id='par_1_2' title="bbox 1462 318 2761 381">
     <span class='ocr_line' id='line_1_2' title="bbox 1462 318 2761 381; baseline 0.002 -5"><span class='ocrx_word' id='word_1_2' title='bbox 1462 322 1830 378; x_wconf 75' lang='lat' dir='ltr'><strong>ADVERSUS</strong></span> <span class='ocrx_word' id='word_1_3' title='bbox 1868 318 2213 381; x_wconf 69' lang='lat' dir='ltr'><strong>&quot;ASRESES,</strong></span> <span class='ocrx_word' id='word_1_4' title='bbox 2242 320 2370 375; x_wconf 90' lang='lat' dir='ltr'><strong>LIB.</strong></span> <span class='ocrx_word' id='word_1_5' title='bbox 2414 324 2456 376; x_wconf 88' lang='lat' dir='ltr'><strong>l.</strong></span> <span class='ocrx_word' id='word_1_6' title='bbox 2499 322 2660 378; x_wconf 80' lang='grc' dir='ltr'><strong>ΤΟΜ.</strong></span> <span class='ocrx_word' id='word_1_7' title='bbox 2704 325 2761 378; x_wconf 92' lang='lat' dir='ltr'><strong>tl.</strong></span> 
     </span>
    </p>
   </div>
   <div class='ocr_carea' id='block_1_3' title="bbox 3645 318 3748 373">
    <p class='ocr_par' dir='ltr' id='par_1_3' title="bbox 3645 318 3748 373">
     <span class='ocr_line' id='line_1_3' title="bbox 3645 318 3748 373; baseline 0 0"><span class='ocrx_word' id='word_1_8' title='bbox 3645 318 3748 373; x_wconf 67' lang='lat'><strong>282</strong></span> 
     </span>
    </p>
   </div>
   <div class='ocr_carea' id='block_1_4' title="bbox 499 537 3726 578">
    <p class='ocr_par' dir='ltr' id='par_1_4' title="bbox 499 537 3726 578">
     <span class='ocr_line' id='line_1_4' title="bbox 499 537 3726 578; baseline 0.001 -8"><span class='ocrx_word' id='word_1_9' title='bbox 499 537 3726 578; x_wconf 38' lang='grc' dir='ltr'>Μ</span> 
     </span>
    </p>
   </div>
   <div class='ocr_carea' id='block_1_5' title="bbox 1238 650 3020 764">
    <p class='ocr_par' dir='ltr' id='par_1_5' title="bbox 1238 650 3020 764">
     <span class='ocr_line' id='line_1_5' title="bbox 1238 650 3020 764; baseline -0.001 -16"><span class='ocrx_word' id='word_1_10' title='bbox 1238 696 1418 749; x_wconf 75' lang='grc' dir='ltr'><strong>ΤΑΔΕ</strong></span> <span class='ocrx_word' id='word_1_11' title='bbox 1448 692 1719 747; x_wconf 76' lang='grc' dir='ltr'><strong>ΕΝΕΣΤΙ</strong></span> <span class='ocrx_word' id='word_1_12' title='bbox 1746 689 1879 744; x_wconf 85' lang='grc' dir='ltr'><strong>ΚΑΙ</strong></span> <span class='ocrx_word' id='word_1_13' title='bbox 1907 692 2005 743; x_wconf 84' lang='lat' dir='ltr'><strong>EN</strong></span> <span class='ocrx_word' id='word_1_14' title='bbox 2052 658 2280 762; x_wconf 77' lang='grc' dir='ltr'><em>ΤΟῨΤῼ</em></span> <span class='ocrx_word' id='word_1_15' title='bbox 2334 694 2416 761; x_wconf 72' lang='lat' dir='ltr'><strong>Tn</strong></span> <span class='ocrx_word' id='word_1_16' title='bbox 2459 694 2541 746; x_wconf 84' lang='lat' dir='ltr'><strong>AE</strong></span> <span class='ocrx_word' id='word_1_17' title='bbox 2556 690 2785 762; x_wconf 83' lang='grc' dir='ltr'><em>ΥΤΕΡῼ</em></span> <span class='ocrx_word' id='word_1_18' title='bbox 2830 695 3020 764; x_wconf 72' lang='lat' dir='ltr'><strong>Temo</strong></span> 
     </span>
    </p>
   </div>
   <div class='ocr_carea' id='block_1_6' title="bbox 1746 844 2523 910">
    <p class='ocr_par' dir='ltr' id='par_1_6' title="bbox 1746 844 2523 910">
     <span class='ocr_line' id='line_1_6' title="bbox 1746 844 2523 910; baseline -0.003 -11"><span class='ocrx_word' id='word_1_19' title='bbox 1746 846 1883 900; x_wconf 89' lang='grc' dir='ltr'><strong>ΤΟΥ</strong></span> <span class='ocrx_word' id='word_1_20' title='bbox 1913 845 2189 900; x_wconf 82' lang='grc' dir='ltr'><strong>ΠΡΩἸῸΥ</strong></span> <span class='ocrx_word' id='word_1_21' title='bbox 2226 844 2523 910; x_wconf 80' lang='grc' dir='ltr'><strong>ΒΙΒΛΙΟΥ,</strong></span> 
     </span>
    </p>
   </div>
   <div class='ocr_carea' id='block_1_7' title="bbox 1525 996 2757 1069">
    <p class='ocr_par' dir='ltr' id='par_1_7' title="bbox 1525 996 2757 1069">
     <span class='ocr_line' id='line_1_7' title="bbox 1525 996 2757 1069; baseline 0.005 -18"><span class='ocrx_word' id='word_1_22' title='bbox 1525 1005 1627 1059; x_wconf 77' lang='grc' dir='ltr'>Ἐν</span> <span class='ocrx_word' id='word_1_23' title='bbox 1656 996 1705 1069; x_wconf 82' lang='grc' dir='ltr'><strong>ᾧ</strong></span> <span class='ocrx_word' id='word_1_24' title='bbox 1734 1004 1893 1055; x_wconf 74' lang='grc' dir='ltr'>εἰσιν</span> <span class='ocrx_word' id='word_1_25' title='bbox 1925 999 2183 1068; x_wconf 76' lang='grc' dir='ltr'><strong>αἱρέσεις</strong></span> <span class='ocrx_word' id='word_1_26' title='bbox 2218 999 2524 1068; x_wconf 80' lang='grc' dir='ltr'><strong>δεκατρεῖς</strong></span> <span class='ocrx_word' id='word_1_27' title='bbox 2546 1001 2757 1069; x_wconf 83' lang='grc' dir='ltr'>οὕτως.</span> 
     </span>
    </p>
   </div>
   <div class='ocr_carea' id='block_1_8' title="bbox 1247 1248 3001 1323">
    <p class='ocr_par' dir='ltr' id='par_1_8' title="bbox 1247 1248 3001 1323">
     <span class='ocr_line' id='line_1_8' title="bbox 1247 1248 3001 1323; baseline -0.002 -6"><span class='ocrx_word' id='word_1_28' title='bbox 1247 1254 1666 1317; x_wconf 87' lang='lat' dir='ltr'><strong>INDICULUS</strong></span> <span class='ocrx_word' id='word_1_29' title='bbox 1709 1251 1989 1313; x_wconf 85' lang='lat' dir='ltr'><strong>EORUM</strong></span> <span class='ocrx_word' id='word_1_30' title='bbox 2033 1250 2218 1323; x_wconf 67' lang='lat' dir='ltr'><strong>QUAS</strong></span> <span class='ocrx_word' id='word_1_31' title='bbox 2262 1250 2344 1309; x_wconf 83' lang='grc' dir='ltr'><strong>ΙΝ</strong></span> <span class='ocrx_word' id='word_1_32' title='bbox 2394 1248 2589 1310; x_wconf 82' lang='lat' dir='ltr'><strong>TOM.</strong></span> <span class='ocrx_word' id='word_1_33' title='bbox 2649 1249 2707 1310; x_wconf 83' lang='lat' dir='ltr'><strong>ll</strong></span> <span class='ocrx_word' id='word_1_34' title='bbox 2780 1252 2930 1312; x_wconf 81' lang='lat' dir='ltr'><strong>LIB.</strong></span> <span class='ocrx_word' id='word_1_35' title='bbox 2972 1255 3001 1314; x_wconf 88' lang='grc' dir='ltr'><strong>Ι</strong></span> 
     </span>
    </p>
   </div>
   <div class='ocr_carea' id='block_1_9' title="bbox 1929 1402 2328 1452">
    <p class='ocr_par' dir='ltr' id='par_1_9' title="bbox 1929 1402 2328 1452">
     <span class='ocr_line' id='line_1_9' title="bbox 1929 1402 2328 1452; baseline -0.008 -11"><span class='ocrx_word' id='word_1_36' title='bbox 1929 1402 2328 1452; x_wconf 71' lang='lat' dir='ltr'><strong>CONTINENTUR,</strong></span> 
     </span>
    </p>
   </div>
   <div class='ocr_carea' id='block_1_10' title="bbox 1372 1535 2926 1620">
    <p class='ocr_par' dir='ltr' id='par_1_10' title="bbox 1372 1535 2926 1620">
     <span class='ocr_line' id='line_1_10' title="bbox 1372 1535 2926 1620; baseline -0.001 -13"><span class='ocrx_word' id='word_1_37' title='bbox 1372 1546 1496 1620; x_wconf 88' lang='lat' dir='ltr'><strong>Qui</strong></span> <span class='ocrx_word' id='word_1_38' title='bbox 1540 1545 1822 1606; x_wconf 57' lang='lat' dir='ltr'><strong>haereses</strong></span> <span class='ocrx_word' id='word_1_39' title='bbox 1868 1535 2317 1617; x_wconf 77' lang='lat' dir='ltr'><strong>complectitur</strong></span> <span class='ocrx_word' id='word_1_40' title='bbox 2358 1555 2476 1599; x_wconf 79' lang='lat' dir='ltr'><strong>xm</strong></span> <span class='ocrx_word' id='word_1_41' title='bbox 2518 1540 2638 1603; x_wconf 90' lang='lat' dir='ltr'><strong>hoc</strong></span> <span class='ocrx_word' id='word_1_42' title='bbox 2680 1543 2926 1606; x_wconf 84' lang='lat' dir='ltr'><strong>ordine.</strong></span> 
     </span>
    </p>
   </div>
   <div class='ocr_carea' id='block_1_11' title="bbox 569 1788 2069 1876">
    <p class='ocr_par' dir='ltr' id='par_1_11' title="bbox 569 1788 2069 1874">
     <span class='ocr_line' id='line_1_11' title="bbox 569 1788 2069 1874; baseline -0.012 -15"><span class='ocrx_word' id='word_1_43' title='bbox 569 1804 651 1859; x_wconf 84' lang='lat' dir='ltr'><strong>A&#39;.</strong></span> <span class='ocrx_word' id='word_1_44' title='bbox 689 1799 1013 1874; x_wconf 69' lang='grc' dir='ltr'>Σιμωνιανοὶ</span> <span class='ocrx_word' id='word_1_45' title='bbox 1036 1837 1054 1865; x_wconf 90' lang='grc'><strong>,</strong></span> <span class='ocrx_word' id='word_1_46' title='bbox 1097 1798 1148 1850; x_wconf 87' lang='grc' dir='ltr'>οἱ</span> <span class='ocrx_word' id='word_1_47' title='bbox 1179 1797 1287 1851; x_wconf 86' lang='grc' dir='ltr'><strong>ἀπὸ</strong></span> <span class='ocrx_word' id='word_1_48' title='bbox 1320 1796 1563 1865; x_wconf 86' lang='grc' dir='ltr'>Σίμωνος</span> <span class='ocrx_word' id='word_1_49' title='bbox 1608 1793 1702 1845; x_wconf 87' lang='grc' dir='ltr'><strong>τοῦ</strong></span> <span class='ocrx_word' id='word_1_50' title='bbox 1742 1791 1935 1859; x_wconf 83' lang='grc' dir='ltr'>Μάγου</span> <span class='ocrx_word' id='word_1_51' title='bbox 1983 1788 2069 1842; x_wconf 77' lang='grc' dir='ltr'><strong>τοῦ</strong></span> 
     </span>
    </p>
   </div>
   <div class='ocr_carea' id='block_1_12' title="bbox 2172 1788 3750 1876">
    <p class='ocr_par' dir='ltr' id='par_1_12' title="bbox 2249 1795 3750 1876">
     <span class='ocr_line' id='line_1_12' title="bbox 2249 1795 3750 1876; baseline 0.01 -28"><span class='ocrx_word' id='word_1_52' title='bbox 2249 1795 2354 1866; x_wconf 76' lang='grc'><strong>52</strong></span> <span class='ocrx_word' id='word_1_53' title='bbox 2391 1795 2428 1851; x_wconf 93' lang='grc' dir='ltr'><strong>Ι.</strong></span> <span class='ocrx_word' id='word_1_54' title='bbox 2472 1797 2776 1854; x_wconf 88' lang='lat' dir='ltr'><strong>Simoniani</strong></span> <span class='ocrx_word' id='word_1_55' title='bbox 2822 1816 2852 1855; x_wconf 86' lang='lat' dir='ltr'><strong>a</strong></span> <span class='ocrx_word' id='word_1_56' title='bbox 2902 1801 3122 1858; x_wconf 85' lang='lat' dir='ltr'><strong>Simone</strong></span> <span class='ocrx_word' id='word_1_57' title='bbox 3155 1804 3312 1875; x_wconf 77' lang='lat' dir='ltr'><strong>Mago</strong></span> <span class='ocrx_word' id='word_1_58' title='bbox 3363 1807 3750 1876; x_wconf 88' lang='lat' dir='ltr'><strong>cognominati,</strong></span> 
     </span>
    </p>
   </div>
   <div class='ocr_carea' id='block_1_13' title="bbox 498 1885 2076 1966">
    <p class='ocr_par' dir='ltr' id='par_1_13' title="bbox 498 1885 2076 1966">
     <span class='ocr_line' id='line_1_13' title="bbox 498 1885 2076 1966; baseline -0.01 -16"><span class='ocrx_word' id='word_1_59' title='bbox 498 1897 593 1950; x_wconf 74' lang='grc' dir='ltr'>ἐπὶ</span> <span class='ocrx_word' id='word_1_60' title='bbox 615 1896 821 1966; x_wconf 79' lang='grc' dir='ltr'><strong>Πέτρου</strong></span> <span class='ocrx_word' id='word_1_61' title='bbox 847 1893 941 1946; x_wconf 88' lang='grc' dir='ltr'><strong>τοῦ</strong></span> <span class='ocrx_word' id='word_1_62' title='bbox 966 1890 1285 1951; x_wconf 78' lang='grc' dir='ltr'><strong>ἀποστόλου,</strong></span> <span class='ocrx_word' id='word_1_63' title='bbox 1313 1888 1506 1959; x_wconf 84' lang='grc' dir='ltr'><strong>κώμης</strong></span> <span class='ocrx_word' id='word_1_64' title='bbox 1530 1886 1734 1940; x_wconf 85' lang='grc' dir='ltr'>Γιτθῶν</span> <span class='ocrx_word' id='word_1_65' title='bbox 1763 1886 1864 1955; x_wconf 84' lang='grc' dir='ltr'>τῆς</span> <span class='ocrx_word' id='word_1_66' title='bbox 1890 1885 2076 1953; x_wconf 80' lang='grc' dir='ltr'>Σαμα-</span> 
     </span>
    </p>
   </div>
   <div class='ocr_carea' id='block_1_14' title="bbox 503 1973 2074 2059">
    <p class='ocr_par' dir='ltr' id='par_1_14' title="bbox 503 1973 2074 2059">
     <span class='ocr_line' id='line_1_14' title="bbox 503 1973 2074 2059; baseline -0.01 -19"><span class='ocrx_word' id='word_1_67' title='bbox 503 1987 670 2059; x_wconf 86' lang='grc' dir='ltr'>ρείας.</span> <span class='ocrx_word' id='word_1_68' title='bbox 712 1978 882 2047; x_wconf 78' lang='grc' dir='ltr'>Οὗτος</span> <span class='ocrx_word' id='word_1_69' title='bbox 925 1983 1033 2037; x_wconf 83' lang='grc' dir='ltr'><strong>ἀπὸ</strong></span> <span class='ocrx_word' id='word_1_70' title='bbox 1082 1978 1438 2051; x_wconf 72' lang='grc' dir='ltr'>Σαμαρειτῶν</span> <span class='ocrx_word' id='word_1_71' title='bbox 1475 1979 1721 2049; x_wconf 83' lang='grc' dir='ltr'><strong>ὡρμᾶτο,</strong></span> <span class='ocrx_word' id='word_1_72' title='bbox 1752 1974 1988 2046; x_wconf 82' lang='grc' dir='ltr'>Χριστοῦ</span> <span class='ocrx_word' id='word_1_73' title='bbox 2018 1973 2074 2025; x_wconf 88' lang='grc' dir='ltr'><strong>δὲ</strong></span> 
     </span>
    </p>
   </div>
   <div class='ocr_carea' id='block_1_15' title="bbox 497 2065 2070 2146">
    <p class='ocr_par' dir='ltr' id='par_1_15' title="bbox 497 2065 2070 2146">
     <span class='ocr_line' id='line_1_15' title="bbox 497 2065 2070 2146; baseline -0.007 -16"><span class='ocrx_word' id='word_1_74' title='bbox 497 2077 662 2130; x_wconf 80' lang='grc' dir='ltr'>ὑπέδυ</span> <span class='ocrx_word' id='word_1_75' title='bbox 693 2076 861 2146; x_wconf 77' lang='grc' dir='ltr'>ὄνομα</span> <span class='ocrx_word' id='word_1_76' title='bbox 895 2074 1076 2146; x_wconf 88' lang='grc' dir='ltr'>μόνον.</span> <span class='ocrx_word' id='word_1_77' title='bbox 1118 2070 1356 2134; x_wconf 79' lang='grc' dir='ltr'>Έδίδαξε</span> <span class='ocrx_word' id='word_1_78' title='bbox 1384 2071 1441 2123; x_wconf 85' lang='grc' dir='ltr'>δὲ</span> <span class='ocrx_word' id='word_1_79' title='bbox 1470 2069 1878 2140; x_wconf 89' lang='grc' dir='ltr'>αἰσχροποιίαν,</span> <span class='ocrx_word' id='word_1_80' title='bbox 1928 2065 2070 2136; x_wconf 79' lang='grc' dir='ltr'>μίξιν</span> 
     </span>
    </p>
   </div>
   <div class='ocr_carea' id='block_1_16' title="bbox 499 2159 2072 2238">
    <p class='ocr_par' dir='ltr' id='par_1_16' title="bbox 499 2159 2072 2238">
     <span class='ocr_line' id='line_1_16' title="bbox 499 2159 2072 2238; baseline -0.006 -18"><span class='ocrx_word' id='word_1_81' title='bbox 499 2166 779 2238; x_wconf 76' lang='grc' dir='ltr'><strong>μολυσμοῦ</strong></span> <span class='ocrx_word' id='word_1_82' title='bbox 800 2206 815 2229; x_wconf 89' lang='grc'><strong>,</strong></span> <span class='ocrx_word' id='word_1_83' title='bbox 854 2163 1129 2234; x_wconf 85' lang='grc' dir='ltr'>γυναικῶν</span> <span class='ocrx_word' id='word_1_84' title='bbox 1164 2162 1506 2232; x_wconf 79' lang='grc' dir='ltr'>ἀδιαφορίαν.</span> <span class='ocrx_word' id='word_1_85' title='bbox 1549 2160 1825 2230; x_wconf 87' lang='grc' dir='ltr'>Σωμάτων</span> <span class='ocrx_word' id='word_1_86' title='bbox 1855 2159 1911 2211; x_wconf 80' lang='grc' dir='ltr'><strong>δὲ</strong></span> <span class='ocrx_word' id='word_1_87' title='bbox 1936 2160 2072 2211; x_wconf 84' lang='grc' dir='ltr'>ἀπο-</span> 
     </span>
    </p>
   </div>
   <div class='ocr_carea' id='block_1_17' title="bbox 496 2247 2073 2327">
    <p class='ocr_par' dir='ltr' id='par_1_17' title="bbox 496 2247 2073 2327">
     <span class='ocr_line' id='line_1_17' title="bbox 496 2247 2073 2327; baseline -0.006 -15"><span class='ocrx_word' id='word_1_88' title='bbox 496 2258 751 2312; x_wconf 77' lang='grc' dir='ltr'>ϐάλλεται</span> <span class='ocrx_word' id='word_1_89' title='bbox 795 2258 892 2327; x_wconf 79' lang='grc' dir='ltr'><strong>τὴν</strong></span> <span class='ocrx_word' id='word_1_90' title='bbox 923 2256 1238 2319; x_wconf 79' lang='grc' dir='ltr'>ἀνάστασιν,</span> <span class='ocrx_word' id='word_1_91' title='bbox 1287 2254 1379 2307; x_wconf 74' lang='grc' dir='ltr'><strong>καὶ</strong></span> <span class='ocrx_word' id='word_1_92' title='bbox 1421 2253 1510 2305; x_wconf 83' lang='grc' dir='ltr'><strong>τὸν</strong></span> <span class='ocrx_word' id='word_1_93' title='bbox 1558 2253 1759 2322; x_wconf 83' lang='grc' dir='ltr'>κόσμον</span> <span class='ocrx_word' id='word_1_94' title='bbox 1810 2252 1884 2322; x_wconf 85' lang='grc' dir='ltr'>μὴ</span> <span class='ocrx_word' id='word_1_95' title='bbox 1934 2247 2073 2303; x_wconf 79' lang='grc' dir='ltr'>εἶναι</span> 
     </span>
    </p>
   </div>
   <div class='ocr_carea' id='block_1_18' title="bbox 497 2343 2073 2419">
    <p class='ocr_par' dir='ltr' id='par_1_18' title="bbox 497 2343 2073 2419">
     <span class='ocr_line' id='line_1_18' title="bbox 497 2343 2073 2419; baseline -0.006 -16"><span class='ocrx_word' id='word_1_96' title='bbox 497 2351 630 2403; x_wconf 86' lang='grc' dir='ltr'>Θεοῦ</span> <span class='ocrx_word' id='word_1_97' title='bbox 670 2350 888 2419; x_wconf 84' lang='grc' dir='ltr'>φάσκει.</span> <span class='ocrx_word' id='word_1_98' title='bbox 939 2347 1138 2401; x_wconf 84' lang='grc' dir='ltr'>Εἰκόνα</span> <span class='ocrx_word' id='word_1_99' title='bbox 1165 2347 1221 2400; x_wconf 85' lang='grc' dir='ltr'>δὲ</span> <span class='ocrx_word' id='word_1_100' title='bbox 1247 2344 1411 2398; x_wconf 81' lang='grc' dir='ltr'>αὑτοῦ</span> <span class='ocrx_word' id='word_1_101' title='bbox 1438 2345 1513 2407; x_wconf 82' lang='grc' dir='ltr'>ὡς</span> <span class='ocrx_word' id='word_1_102' title='bbox 1541 2345 1681 2409; x_wconf 78' lang='grc' dir='ltr'>Διὸς,</span> <span class='ocrx_word' id='word_1_103' title='bbox 1715 2344 1807 2396; x_wconf 77' lang='grc' dir='ltr'>καὶ</span> <span class='ocrx_word' id='word_1_104' title='bbox 1841 2343 1939 2413; x_wconf 82' lang='grc' dir='ltr'>τῆς</span> <span class='ocrx_word' id='word_1_105' title='bbox 1977 2345 2073 2395; x_wconf 79' lang='grc' dir='ltr'><strong>σὺν</strong></span> 
     </span>
    </p>
   </div>
   <div class='ocr_carea' id='block_1_19' title="bbox 497 2436 2075 2514">
    <p class='ocr_par' dir='ltr' id='par_1_19' title="bbox 497 2436 2075 2514">
     <span class='ocr_line' id='line_1_19' title="bbox 497 2436 2075 2514; baseline -0.006 -18"><span class='ocrx_word' id='word_1_106' title='bbox 497 2442 645 2512; x_wconf 85' lang='grc' dir='ltr'>αύτῷ</span> <span class='ocrx_word' id='word_1_107' title='bbox 688 2442 894 2514; x_wconf 83' lang='grc' dir='ltr'><strong>πόρνης</strong></span> <span class='ocrx_word' id='word_1_108' title='bbox 949 2442 1171 2510; x_wconf 87' lang='grc' dir='ltr'>ὀνόματι</span> <span class='ocrx_word' id='word_1_109' title='bbox 1212 2439 1450 2508; x_wconf 83' lang='grc' dir='ltr'>Ἑλένης,</span> <span class='ocrx_word' id='word_1_110' title='bbox 1495 2436 1725 2507; x_wconf 80' lang='grc' dir='ltr'>Ἀθηνᾶς</span> <span class='ocrx_word' id='word_1_111' title='bbox 1754 2437 1923 2488; x_wconf 83' lang='grc' dir='ltr'>τύπον</span> <span class='ocrx_word' id='word_1_112' title='bbox 1962 2438 2075 2497; x_wconf 86' lang='grc' dir='ltr'>τοῖς</span> 
     </span>
    </p>
   </div>
   <div class='ocr_carea' id='block_1_20' title="bbox 499 2529 2072 2604">
    <p class='ocr_par' dir='ltr' id='par_1_20' title="bbox 499 2529 2072 2604">
     <span class='ocr_line' id='line_1_20' title="bbox 499 2529 2072 2604; baseline -0.005 -17"><span class='ocrx_word' id='word_1_113' title='bbox 499 2534 691 2587; x_wconf 80' lang='grc' dir='ltr'>ἑαυτοῦ</span> <span class='ocrx_word' id='word_1_114' title='bbox 730 2534 997 2604; x_wconf 78' lang='grc' dir='ltr'><strong>μαθηταῖς</strong></span> <span class='ocrx_word' id='word_1_115' title='bbox 1027 2532 1311 2603; x_wconf 81' lang='grc' dir='ltr'>παρεδίδου</span> <span class='ocrx_word' id='word_1_116' title='bbox 1344 2533 1422 2593; x_wconf 88' lang='grc' dir='ltr'>εἰς</span> <span class='ocrx_word' id='word_1_117' title='bbox 1450 2529 1841 2599; x_wconf 81' lang='grc' dir='ltr'>προσκύνησιν.</span> <span class='ocrx_word' id='word_1_118' title='bbox 1882 2529 2072 2595; x_wconf 82' lang='grc' dir='ltr'><em>Ἔλεγε</em></span> 
     </span>
    </p>
   </div>
   <div class='ocr_carea' id='block_1_21' title="bbox 494 2618 2073 2694">
    <p class='ocr_par' dir='ltr' id='par_1_21' title="bbox 494 2618 2073 2694">
     <span class='ocr_line' id='line_1_21' title="bbox 494 2618 2073 2694; baseline -0.006 -15"><span class='ocrx_word' id='word_1_119' title='bbox 494 2626 552 2680; x_wconf 83' lang='grc' dir='ltr'>δὲ</span> <span class='ocrx_word' id='word_1_120' title='bbox 582 2625 773 2677; x_wconf 79' lang='grc' dir='ltr'>ἑαυτὸν</span> <span class='ocrx_word' id='word_1_121' title='bbox 812 2623 1179 2694; x_wconf 79' lang='grc' dir='ltr'>Σαμαρείταις</span> <span class='ocrx_word' id='word_1_122' title='bbox 1206 2624 1302 2692; x_wconf 82' lang='grc' dir='ltr'><strong>μὲν</strong></span> <span class='ocrx_word' id='word_1_123' title='bbox 1328 2622 1419 2675; x_wconf 86' lang='grc' dir='ltr'><strong>τὸν</strong></span> <span class='ocrx_word' id='word_1_124' title='bbox 1443 2621 1682 2689; x_wconf 84' lang='grc' dir='ltr'>Πατέρα,</span> <span class='ocrx_word' id='word_1_125' title='bbox 1722 2619 1991 2681; x_wconf 83' lang='grc' dir='ltr'>Ἰουδαίοις</span> <span class='ocrx_word' id='word_1_126' title='bbox 2016 2618 2073 2671; x_wconf 88' lang='grc' dir='ltr'>δὲ</span> 
     </span>
    </p>
   </div>
   <div class='ocr_carea' id='block_1_22' title="bbox 495 2715 1287 2786">
    <p class='ocr_par' dir='ltr' id='par_1_22' title="bbox 495 2715 1287 2786">
     <span class='ocr_line' id='line_1_22' title="bbox 495 2715 1287 2786; baseline -0.001 -16"><span class='ocrx_word' id='word_1_127' title='bbox 495 2718 585 2771; x_wconf 84' lang='grc' dir='ltr'><strong>τὸν</strong></span> <span class='ocrx_word' id='word_1_128' title='bbox 610 2715 862 2786; x_wconf 84' lang='grc' dir='ltr'>Χριστόν.</span> <span class='ocrx_word' id='word_1_129' title='bbox 1284 2780 1287 2781; x_wconf 19' lang='grc' dir='ltr'><strong>ν</strong></span> 
     </span>
    </p>
   </div>
   <div class='ocr_carea' id='block_1_23' title="bbox 566 2802 2072 2877">
    <p class='ocr_par' dir='ltr' id='par_1_23' title="bbox 566 2802 2072 2877">
     <span class='ocr_line' id='line_1_23' title="bbox 566 2802 2072 2877; baseline -0.001 -19"><span class='ocrx_word' id='word_1_130' title='bbox 566 2808 642 2860; x_wconf 89' lang='lat' dir='ltr'><strong>B&#39;.</strong></span> <span class='ocrx_word' id='word_1_131' title='bbox 688 2805 1103 2877; x_wconf 78' lang='grc' dir='ltr'>Μενανδριανοὶ,</span> <span class='ocrx_word' id='word_1_132' title='bbox 1135 2807 1185 2857; x_wconf 81' lang='grc' dir='ltr'>οἱ</span> <span class='ocrx_word' id='word_1_133' title='bbox 1223 2805 1331 2857; x_wconf 83' lang='grc' dir='ltr'><strong>ἀπὸ</strong></span> <span class='ocrx_word' id='word_1_134' title='bbox 1360 2804 1551 2858; x_wconf 80' lang='grc' dir='ltr'>τούτου</span> <span class='ocrx_word' id='word_1_135' title='bbox 1586 2802 1679 2856; x_wconf 79' lang='grc' dir='ltr'><strong>τοῦ</strong></span> <span class='ocrx_word' id='word_1_136' title='bbox 1713 2804 1955 2874; x_wconf 86' lang='grc' dir='ltr'>Σίμωνος</span> <span class='ocrx_word' id='word_1_137' title='bbox 1986 2802 2072 2856; x_wconf 83' lang='grc' dir='ltr'>διὰ</span> 
     </span>
    </p>
   </div>
   <div class='ocr_carea' id='block_1_24' title="bbox 493 2897 2072 2970">
    <p class='ocr_par' dir='ltr' id='par_1_24' title="bbox 493 2897 2072 2970">
     <span class='ocr_line' id='line_1_24' title="bbox 493 2897 2072 2970; baseline -0.002 -18"><span class='ocrx_word' id='word_1_138' title='bbox 493 2899 805 2970; x_wconf 84' lang='grc' dir='ltr'>Μενάνδρου</span> <span class='ocrx_word' id='word_1_139' title='bbox 850 2899 995 2961; x_wconf 77' lang='grc' dir='ltr'>τινος</span> <span class='ocrx_word' id='word_1_140' title='bbox 1028 2898 1385 2967; x_wconf 75' lang='grc' dir='ltr'>ἐναρξάμενοι</span> <span class='ocrx_word' id='word_1_141' title='bbox 1427 2897 1806 2969; x_wconf 80' lang='grc' dir='ltr'>διαφερόμενοί</span> <span class='ocrx_word' id='word_1_142' title='bbox 1839 2915 1898 2950; x_wconf 88' lang='grc' dir='ltr'><strong>τε</strong></span> <span class='ocrx_word' id='word_1_143' title='bbox 1937 2898 2072 2968; x_wconf 85' lang='grc' dir='ltr'>πρὸς</span> 
     </span>
    </p>
   </div>
   <div class='ocr_carea' id='block_1_25' title="bbox 494 2988 2071 3061">
    <p class='ocr_par' dir='ltr' id='par_1_25' title="bbox 494 2988 2071 3061">
     <span class='ocr_line' id='line_1_25' title="bbox 494 2988 2071 3061; baseline -0.001 -19"><span class='ocrx_word' id='word_1_144' title='bbox 494 2992 621 3053; x_wconf 81' lang='grc' dir='ltr'>τοὺς</span> <span class='ocrx_word' id='word_1_145' title='bbox 668 2991 1034 3061; x_wconf 81' lang='grc' dir='ltr'>Σιμωνιανοὺς</span> <span class='ocrx_word' id='word_1_146' title='bbox 1078 2989 1221 3042; x_wconf 88' lang='grc' dir='ltr'>κατά</span> <span class='ocrx_word' id='word_1_147' title='bbox 1266 3004 1353 3041; x_wconf 90' lang='grc' dir='ltr'>τι·</span> <span class='ocrx_word' id='word_1_148' title='bbox 1395 2988 1452 3052; x_wconf 85' lang='grc' dir='ltr'>ὃς</span> <span class='ocrx_word' id='word_1_149' title='bbox 1487 2989 1594 3041; x_wconf 87' lang='grc' dir='ltr'><strong>ἀπὸ</strong></span> <span class='ocrx_word' id='word_1_150' title='bbox 1634 2989 1881 3058; x_wconf 87' lang='grc' dir='ltr'>ἀγγέλων</span> <span class='ocrx_word' id='word_1_151' title='bbox 1920 2988 2071 3057; x_wconf 75' lang='grc' dir='ltr'>ἔλεγε</span> 
     </span>
    </p>
   </div>
   <div class='ocr_carea' id='block_1_26' title="bbox 492 3081 1200 3153">
    <p class='ocr_par' dir='ltr' id='par_1_26' title="bbox 492 3081 1200 3153">
     <span class='ocr_line' id='line_1_26' title="bbox 492 3081 1200 3153; baseline -0.001 -17"><span class='ocrx_word' id='word_1_152' title='bbox 492 3084 582 3136; x_wconf 84' lang='grc' dir='ltr'><strong>τὸν</strong></span> <span class='ocrx_word' id='word_1_153' title='bbox 616 3084 819 3153; x_wconf 79' lang='grc' dir='ltr'>κόσμον</span> <span class='ocrx_word' id='word_1_154' title='bbox 851 3081 1200 3152; x_wconf 78' lang='grc' dir='ltr'>γεγενῆσθαι.</span> 
     </span>
    </p>
   </div>
   <div class='ocr_carea' id='block_1_27' title="bbox 562 3253 2071 3328">
    <p class='ocr_par' dir='ltr' id='par_1_27' title="bbox 562 3253 2071 3328">
     <span class='ocr_line' id='line_1_27' title="bbox 562 3253 2071 3328; baseline 0 -18"><span class='ocrx_word' id='word_1_155' title='bbox 562 3257 635 3310; x_wconf 87' lang='grc' dir='ltr'><strong>Γ’.</strong></span> <span class='ocrx_word' id='word_1_156' title='bbox 678 3256 1112 3328; x_wconf 76' lang='grc' dir='ltr'>Σατορνιλιανοὶ,</span> <span class='ocrx_word' id='word_1_157' title='bbox 1161 3256 1209 3309; x_wconf 71' lang='lat' dir='ltr'><strong>ei</strong></span> <span class='ocrx_word' id='word_1_158' title='bbox 1259 3253 1401 3308; x_wconf 83' lang='grc' dir='ltr'>κατὰ</span> <span class='ocrx_word' id='word_1_159' title='bbox 1442 3255 1543 3326; x_wconf 82' lang='grc' dir='ltr'>τὴν</span> <span class='ocrx_word' id='word_1_160' title='bbox 1585 3254 1783 3326; x_wconf 88' lang='grc' dir='ltr'>Συρίαν</span> <span class='ocrx_word' id='word_1_161' title='bbox 1826 3255 1922 3327; x_wconf 82' lang='grc' dir='ltr'>τὴν</span> <span class='ocrx_word' id='word_1_162' title='bbox 1963 3256 2071 3311; x_wconf 83' lang='grc' dir='ltr'>τῶν</span> 
     </span>
    </p>
   </div>
   <div class='ocr_carea' id='block_1_28' title="bbox 491 3347 2071 3421">
    <p class='ocr_par' dir='ltr' id='par_1_28' title="bbox 491 3347 2071 3421">
     <span class='ocr_line' id='line_1_28' title="bbox 491 3347 2071 3421; baseline 0.001 -22"><span class='ocrx_word' id='word_1_163' title='bbox 491 3347 843 3417; x_wconf 86' lang='grc' dir='ltr'>Σιμωνιανῶν</span> <span class='ocrx_word' id='word_1_164' title='bbox 899 3349 1252 3421; x_wconf 86' lang='grc' dir='ltr'>κρατύνοντες</span> <span class='ocrx_word' id='word_1_165' title='bbox 1307 3349 1686 3419; x_wconf 78' lang='grc' dir='ltr'>αἰσχρολογίαν</span> <span class='ocrx_word' id='word_1_166' title='bbox 1714 3388 1728 3414; x_wconf 94' lang='grc'><strong>,</strong></span> <span class='ocrx_word' id='word_1_167' title='bbox 1785 3349 1949 3419; x_wconf 72' lang='grc' dir='ltr'>ἔτερα</span> <span class='ocrx_word' id='word_1_168' title='bbox 2014 3348 2071 3401; x_wconf 85' lang='grc' dir='ltr'>δὲ</span> 
     </span>
    </p>
   </div>
   <div class='ocr_carea' id='block_1_29' title="bbox 492 3438 2072 3511">
    <p class='ocr_par' dir='ltr' id='par_1_29' title="bbox 492 3438 2072 3511">
     <span class='ocr_line' id='line_1_29' title="bbox 492 3438 2072 3511; baseline 0.001 -21"><span class='ocrx_word' id='word_1_169' title='bbox 492 3438 646 3509; x_wconf 86' lang='grc' dir='ltr'>παρὰ</span> <span class='ocrx_word' id='word_1_170' title='bbox 686 3440 811 3499; x_wconf 80' lang='grc' dir='ltr'>τοὺς</span> <span class='ocrx_word' id='word_1_171' title='bbox 843 3442 1213 3511; x_wconf 74' lang='grc' dir='ltr'>Σιμωνιανοῦς</span> <span class='ocrx_word' id='word_1_172' title='bbox 1251 3442 1330 3503; x_wconf 89' lang='grc' dir='ltr'><strong>εἰς</strong></span> <span class='ocrx_word' id='word_1_173' title='bbox 1382 3440 1639 3510; x_wconf 77' lang='grc' dir='ltr'>ἔκπληξιν</span> <span class='ocrx_word' id='word_1_174' title='bbox 1682 3441 2072 3511; x_wconf 86' lang='grc' dir='ltr'>περισσοτέραν</span> 
     </span>
    </p>
   </div>
   <div class='ocr_carea' id='block_1_30' title="bbox 491 3531 2071 3603">
    <p class='ocr_par' dir='ltr' id='par_1_30' title="bbox 491 3531 2071 3603">
     <span class='ocr_line' id='line_1_30' title="bbox 491 3531 2071 3603; baseline 0 -20"><span class='ocrx_word' id='word_1_175' title='bbox 491 3531 857 3602; x_wconf 81' lang='grc' dir='ltr'>κηρύσσοντες</span> <span class='ocrx_word' id='word_1_176' title='bbox 885 3572 901 3596; x_wconf 89' lang='grc'><strong>,</strong></span> <span class='ocrx_word' id='word_1_177' title='bbox 937 3533 1045 3586; x_wconf 85' lang='grc' dir='ltr'><strong>ἀπὸ</strong></span> <span class='ocrx_word' id='word_1_178' title='bbox 1077 3534 1133 3586; x_wconf 85' lang='grc' dir='ltr'>δὲ</span> <span class='ocrx_word' id='word_1_179' title='bbox 1163 3531 1484 3603; x_wconf 85' lang='grc' dir='ltr'>Σατορνίλου</span> <span class='ocrx_word' id='word_1_180' title='bbox 1510 3533 1609 3603; x_wconf 80' lang='grc' dir='ltr'>τὴν</span> <span class='ocrx_word' id='word_1_181' title='bbox 1640 3532 1812 3603; x_wconf 84' lang='grc' dir='ltr'>ἀρχὴν</span> <span class='ocrx_word' id='word_1_182' title='bbox 1840 3532 2071 3602; x_wconf 79' lang='grc' dir='ltr'>ἐσχηκό-</span> 
     </span>
    </p>
   </div>
   <div class='ocr_carea' id='block_1_31' title="bbox 490 3624 2071 3696">
    <p class='ocr_par' dir='ltr' id='par_1_31' title="bbox 490 3624 2071 3696">
     <span class='ocr_line' id='line_1_31' title="bbox 490 3624 2071 3696; baseline 0.001 -19"><span class='ocrx_word' id='word_1_183' title='bbox 490 3641 604 3688; x_wconf 86' lang='grc' dir='ltr'>τες,</span> <span class='ocrx_word' id='word_1_184' title='bbox 646 3624 705 3689; x_wconf 82' lang='grc' dir='ltr'>ὃς</span> <span class='ocrx_word' id='word_1_185' title='bbox 731 3626 824 3679; x_wconf 80' lang='grc' dir='ltr'>καὶ</span> <span class='ocrx_word' id='word_1_186' title='bbox 870 3627 1033 3691; x_wconf 83' lang='grc' dir='ltr'>αὐτὸς</span> <span class='ocrx_word' id='word_1_187' title='bbox 1080 3624 1223 3679; x_wconf 85' lang='grc' dir='ltr'><strong>κατά</strong></span> <span class='ocrx_word' id='word_1_188' title='bbox 1253 3624 1564 3696; x_wconf 86' lang='grc' dir='ltr'>Μένανδρον</span> <span class='ocrx_word' id='word_1_189' title='bbox 1592 3627 1681 3678; x_wconf 82' lang='grc' dir='ltr'><strong>ὑπ’</strong></span> <span class='ocrx_word' id='word_1_190' title='bbox 1709 3626 1955 3693; x_wconf 84' lang='grc' dir='ltr'>ἀγγέλων</span> <span class='ocrx_word' id='word_1_191' title='bbox 1980 3627 2071 3678; x_wconf 83' lang='grc' dir='ltr'><strong>τὸν</strong></span> 
     </span>
    </p>
   </div>
   <div class='ocr_carea' id='block_1_32' title="bbox 491 3715 2071 3790">
    <p class='ocr_par' dir='ltr' id='par_1_32' title="bbox 491 3715 2071 3790">
     <span class='ocr_line' id='line_1_32' title="bbox 491 3715 2071 3790; baseline 0.001 -21"><span class='ocrx_word' id='word_1_192' title='bbox 491 3715 696 3786; x_wconf 79' lang='grc' dir='ltr'>κόσμον</span> <span class='ocrx_word' id='word_1_193' title='bbox 738 3717 1066 3786; x_wconf 80' lang='grc' dir='ltr'>γεγενῆσθαι</span> <span class='ocrx_word' id='word_1_194' title='bbox 1106 3716 1330 3786; x_wconf 74' lang='grc' dir='ltr'>ἔφασκε,</span> <span class='ocrx_word' id='word_1_195' title='bbox 1374 3716 1548 3786; x_wconf 86' lang='grc' dir='ltr'>μόνων</span> <span class='ocrx_word' id='word_1_196' title='bbox 1588 3717 1645 3770; x_wconf 83' lang='grc' dir='ltr'>δὲ</span> <span class='ocrx_word' id='word_1_197' title='bbox 1677 3718 1819 3777; x_wconf 76' lang='grc' dir='ltr'><strong>ἐπτά</strong></span> <span class='ocrx_word' id='word_1_198' title='bbox 1848 3717 1935 3772; x_wconf 83' lang='grc' dir='ltr'>διὰ</span> <span class='ocrx_word' id='word_1_199' title='bbox 1972 3719 2071 3790; x_wconf 84' lang='grc' dir='ltr'>τὴν</span> 
     </span>
    </p>
   </div>
   <div class='ocr_carea' id='block_1_33' title="bbox 488 3806 1244 3880">
    <p class='ocr_par' dir='ltr' id='par_1_33' title="bbox 488 3806 1244 3880">
     <span class='ocr_line' id='line_1_33' title="bbox 488 3806 1244 3880; baseline 0.003 -19"><span class='ocrx_word' id='word_1_200' title='bbox 488 3806 583 3861; x_wconf 83' lang='grc' dir='ltr'><strong>τοῦ</strong></span> <span class='ocrx_word' id='word_1_201' title='bbox 614 3807 725 3861; x_wconf 80' lang='grc' dir='ltr'>ἄνω</span> <span class='ocrx_word' id='word_1_202' title='bbox 750 3809 964 3879; x_wconf 84' lang='grc' dir='ltr'>Πατρὸς</span> <span class='ocrx_word' id='word_1_203' title='bbox 998 3808 1244 3880; x_wconf 85' lang='grc' dir='ltr'>γνώμην.</span> 
     </span>
    </p>
   </div>
   <div class='ocr_carea' id='block_1_34' title="bbox 562 3900 2071 3975">
    <p class='ocr_par' dir='ltr' id='par_1_34' title="bbox 562 3900 2071 3975">
     <span class='ocr_line' id='line_1_34' title="bbox 562 3900 2071 3975; baseline 0.003 -24"><span class='ocrx_word' id='word_1_204' title='bbox 562 3903 635 3953; x_wconf 88' lang='grc' dir='ltr'><strong>Δ’.</strong></span> <span class='ocrx_word' id='word_1_205' title='bbox 678 3900 1087 3965; x_wconf 72' lang='grc' dir='ltr'>Βασιλειδιανοὶ,</span> <span class='ocrx_word' id='word_1_206' title='bbox 1120 3905 1169 3954; x_wconf 85' lang='grc' dir='ltr'><strong>οἰ</strong></span> <span class='ocrx_word' id='word_1_207' title='bbox 1207 3907 1305 3975; x_wconf 85' lang='grc' dir='ltr'>τῆς</span> <span class='ocrx_word' id='word_1_208' title='bbox 1335 3905 1507 3975; x_wconf 76' lang='grc' dir='ltr'>αὐτῆς</span> <span class='ocrx_word' id='word_1_209' title='bbox 1558 3903 1946 3974; x_wconf 79' lang='grc' dir='ltr'>αἰσχρουργίας</span> <span class='ocrx_word' id='word_1_210' title='bbox 1982 3920 2071 3956; x_wconf 82' lang='grc' dir='ltr'>τε·</span> 
     </span>
    </p>
   </div>
   <div class='ocr_carea' id='block_1_35' title="bbox 489 3990 2072 4067">
    <p class='ocr_par' dir='ltr' id='par_1_35' title="bbox 489 3990 2072 4067">
     <span class='ocr_line' id='line_1_35' title="bbox 489 3990 2072 4067; baseline 0.002 -23"><span class='ocrx_word' id='word_1_211' title='bbox 489 3990 695 4057; x_wconf 73' lang='grc' dir='ltr'>ὶεσταί,</span> <span class='ocrx_word' id='word_1_212' title='bbox 737 3994 845 4047; x_wconf 82' lang='grc' dir='ltr'><strong>ἀπὸ</strong></span> <span class='ocrx_word' id='word_1_213' title='bbox 872 3994 1184 4049; x_wconf 88' lang='grc' dir='ltr'>Βασιλείδου</span> <span class='ocrx_word' id='word_1_214' title='bbox 1231 3996 1324 4049; x_wconf 89' lang='grc' dir='ltr'><strong>τοῦ</strong></span> <span class='ocrx_word' id='word_1_215' title='bbox 1355 3997 1472 4067; x_wconf 78' lang='grc' dir='ltr'><strong>ἃμα</strong></span> <span class='ocrx_word' id='word_1_216' title='bbox 1510 3996 1816 4066; x_wconf 85' lang='grc' dir='ltr'>Σατορνίλῳ</span> <span class='ocrx_word' id='word_1_217' title='bbox 1842 3998 1953 4058; x_wconf 82' lang='grc' dir='ltr'>τοῖς</span> <span class='ocrx_word' id='word_1_218' title='bbox 1982 3996 2072 4047; x_wconf 87' lang='grc' dir='ltr'>Σι-</span> 
     </span>
    </p>
   </div>
   <div class='ocr_carea' id='block_1_36' title="bbox 494 4086 2071 4159">
    <p class='ocr_par' dir='ltr' id='par_1_36' title="bbox 494 4086 2071 4159">
     <span class='ocr_line' id='line_1_36' title="bbox 494 4086 2071 4159; baseline 0.004 -23"><span class='ocrx_word' id='word_1_219' title='bbox 494 4088 781 4153; x_wconf 80' lang='grc' dir='ltr'>μωνιανοῖς</span> <span class='ocrx_word' id='word_1_220' title='bbox 828 4086 923 4139; x_wconf 79' lang='grc' dir='ltr'>καὶ</span> <span class='ocrx_word' id='word_1_221' title='bbox 967 4087 1387 4159; x_wconf 82' lang='grc' dir='ltr'>Μενανδριανοίς</span> <span class='ocrx_word' id='word_1_222' title='bbox 1440 4087 1950 4158; x_wconf 85' lang='grc' dir='ltr'>μεμαθητευμένοι,</span> <span class='ocrx_word' id='word_1_223' title='bbox 2003 4088 2071 4142; x_wconf 78' lang='grc' dir='ltr'>τὰ</span> 
     </span>
    </p>
   </div>
   <div class='ocr_carea' id='block_1_37' title="bbox 488 4176 2072 4250">
    <p class='ocr_par' dir='ltr' id='par_1_37' title="bbox 488 4176 2072 4250">
     <span class='ocr_line' id='line_1_37' title="bbox 488 4176 2072 4250; baseline 0.001 -20"><span class='ocrx_word' id='word_1_224' title='bbox 488 4176 649 4245; x_wconf 74' lang='grc' dir='ltr'>ὅμοια</span> <span class='ocrx_word' id='word_1_225' title='bbox 684 4177 782 4248; x_wconf 88' lang='grc' dir='ltr'>μὲν</span> <span class='ocrx_word' id='word_1_226' title='bbox 807 4178 1160 4249; x_wconf 80' lang='grc' dir='ltr'>φρονοῦντος,</span> <span class='ocrx_word' id='word_1_227' title='bbox 1192 4180 1333 4233; x_wconf 87' lang='grc' dir='ltr'>κατά</span> <span class='ocrx_word' id='word_1_228' title='bbox 1364 4194 1416 4232; x_wconf 87' lang='grc' dir='ltr'><strong>τι</strong></span> <span class='ocrx_word' id='word_1_229' title='bbox 1441 4180 1497 4232; x_wconf 81' lang='grc' dir='ltr'>δὲ</span> <span class='ocrx_word' id='word_1_230' title='bbox 1522 4180 1937 4250; x_wconf 78' lang='grc' dir='ltr'>διαφερομένου.</span> <span class='ocrx_word' id='word_1_231' title='bbox 1968 4180 2072 4232; x_wconf 85' lang='grc' dir='ltr'><strong>Λέ-</strong></span> 
     </span>
    </p>
   </div>
   <div class='ocr_carea' id='block_1_38' title="bbox 488 4266 2066 4342">
    <p class='ocr_par' dir='ltr' id='par_1_38' title="bbox 488 4266 2066 4342">
     <span class='ocr_line' id='line_1_38' title="bbox 488 4266 2066 4342; baseline 0.003 -23"><span class='ocrx_word' id='word_1_232' title='bbox 488 4284 577 4337; x_wconf 85' lang='grc' dir='ltr'><strong>γει</strong></span> <span class='ocrx_word' id='word_1_233' title='bbox 622 4268 678 4321; x_wconf 82' lang='grc' dir='ltr'>δὲ</span> <span class='ocrx_word' id='word_1_234' title='bbox 721 4271 1065 4341; x_wconf 82' lang='grc' dir='ltr'>τριακοσίους</span> <span class='ocrx_word' id='word_1_235' title='bbox 1111 4271 1539 4341; x_wconf 80' lang='grc' dir='ltr'>ἐξηκονταπέντε</span> <span class='ocrx_word' id='word_1_236' title='bbox 1603 4272 1866 4342; x_wconf 82' lang='grc' dir='ltr'>οὐρανοὺς</span> <span class='ocrx_word' id='word_1_237' title='bbox 1909 4266 2066 4335; x_wconf 81' lang='grc' dir='ltr'>εἶναι,</span> 
     </span>
    </p>
   </div>
   <div class='ocr_carea' id='block_1_39' title="bbox 488 4360 2067 4433">
    <p class='ocr_par' dir='ltr' id='par_1_39' title="bbox 488 4360 2067 4433">
     <span class='ocr_line' id='line_1_39' title="bbox 488 4360 2067 4433; baseline 0.003 -22"><span class='ocrx_word' id='word_1_238' title='bbox 488 4360 582 4412; x_wconf 79' lang='grc' dir='ltr'>καὶ</span> <span class='ocrx_word' id='word_1_239' title='bbox 607 4360 818 4423; x_wconf 89' lang='grc' dir='ltr'>τούτοις</span> <span class='ocrx_word' id='word_1_240' title='bbox 852 4361 1092 4430; x_wconf 86' lang='grc' dir='ltr'>ὀνόματα</span> <span class='ocrx_word' id='word_1_241' title='bbox 1120 4362 1387 4430; x_wconf 86' lang='grc' dir='ltr'>ἀγγελικά</span> <span class='ocrx_word' id='word_1_242' title='bbox 1419 4362 1686 4433; x_wconf 86' lang='grc' dir='ltr'>ἐκτίθησι.</span> <span class='ocrx_word' id='word_1_243' title='bbox 1716 4364 1805 4415; x_wconf 83' lang='grc' dir='ltr'>Διὸ</span> <span class='ocrx_word' id='word_1_244' title='bbox 1845 4364 1940 4416; x_wconf 76' lang='grc' dir='ltr'><strong>καὶ</strong></span> <span class='ocrx_word' id='word_1_245' title='bbox 1979 4363 2067 4416; x_wconf 85' lang='grc' dir='ltr'><strong>τὸν</strong></span> 
     </span>
    </p>
   </div>
   <div class='ocr_carea' id='block_1_40' title="bbox 2102 3134 2142 3188">
    <p class='ocr_par' dir='ltr' id='par_1_40' title="bbox 2102 3134 2142 3188">
     <span class='ocr_line' id='line_1_40' title="bbox 2102 3134 2142 3188; baseline 0 0"><span class='ocrx_word' id='word_1_246' title='bbox 2102 3134 2142 3188; x_wconf 87' lang='grc' dir='ltr'><strong>Β</strong></span> 
     </span>
    </p>
   </div>
   <div class='ocr_carea' id='block_1_41' title="bbox 2175 1889 3754 1961">
    <p class='ocr_par' dir='ltr' id='par_1_41' title="bbox 2175 1889 3754 1961">
     <span class='ocr_line' id='line_1_41' title="bbox 2175 1889 3754 1961; baseline 0.011 -22"><span class='ocrx_word' id='word_1_247' title='bbox 2175 1889 2268 1956; x_wconf 88' lang='lat' dir='ltr'><strong>qui</strong></span> <span class='ocrx_word' id='word_1_248' title='bbox 2301 1890 2533 1957; x_wconf 77' lang='lat' dir='ltr'><strong>apostoli</strong></span> <span class='ocrx_word' id='word_1_249' title='bbox 2565 1889 2712 1945; x_wconf 90' lang='lat' dir='ltr'><strong>Petri</strong></span> <span class='ocrx_word' id='word_1_250' title='bbox 2748 1895 3087 1961; x_wconf 90' lang='lat' dir='ltr'><strong>temporibus</strong></span> <span class='ocrx_word' id='word_1_251' title='bbox 3120 1896 3279 1957; x_wconf 79' lang='lat' dir='ltr'><strong>vixit,</strong></span> <span class='ocrx_word' id='word_1_252' title='bbox 3324 1912 3354 1951; x_wconf 90' lang='lat' dir='ltr'><strong>e</strong></span> <span class='ocrx_word' id='word_1_253' title='bbox 3399 1897 3602 1955; x_wconf 86' lang='lat' dir='ltr'><strong>Gitthis</strong></span> <span class='ocrx_word' id='word_1_254' title='bbox 3631 1902 3754 1955; x_wconf 87' lang='lat' dir='ltr'><strong>vico</strong></span> 
     </span>
    </p>
   </div>
   <div class='ocr_carea' id='block_1_42' title="bbox 2175 1981 3755 2055">
    <p class='ocr_par' dir='ltr' id='par_1_42' title="bbox 2175 1981 3755 2055">
     <span class='ocr_line' id='line_1_42' title="bbox 2175 1981 3755 2055; baseline 0.008 -22"><span class='ocrx_word' id='word_1_255' title='bbox 2175 1981 2411 2049; x_wconf 87' lang='lat' dir='ltr'><strong>quodam</strong></span> <span class='ocrx_word' id='word_1_256' title='bbox 2432 1983 2718 2041; x_wconf 85' lang='lat' dir='ltr'><strong>oriundus.</strong></span> <span class='ocrx_word' id='word_1_257' title='bbox 2752 1984 2857 2039; x_wconf 91' lang='lat' dir='ltr'><strong>Iste</strong></span> <span class='ocrx_word' id='word_1_258' title='bbox 2873 2001 2994 2040; x_wconf 90' lang='lat' dir='ltr'><strong>cum</strong></span> <span class='ocrx_word' id='word_1_259' title='bbox 3014 1997 3159 2042; x_wconf 88' lang='lat' dir='ltr'><strong>esset</strong></span> <span class='ocrx_word' id='word_1_260' title='bbox 3178 1986 3575 2055; x_wconf 76' lang='lat' dir='ltr'><strong>Samaritanus,</strong></span> <span class='ocrx_word' id='word_1_261' title='bbox 3596 1991 3755 2047; x_wconf 91' lang='lat' dir='ltr'><strong>Chri-</strong></span> 
     </span>
    </p>
   </div>
   <div class='ocr_carea' id='block_1_43' title="bbox 2176 2074 3754 2144">
    <p class='ocr_par' dir='ltr' id='par_1_43' title="bbox 2176 2074 3754 2144">
     <span class='ocr_line' id='line_1_43' title="bbox 2176 2074 3754 2144; baseline 0.009 -20"><span class='ocrx_word' id='word_1_262' title='bbox 2176 2080 2318 2124; x_wconf 90' lang='lat' dir='ltr'><strong>stum</strong></span> <span class='ocrx_word' id='word_1_263' title='bbox 2352 2074 2571 2128; x_wconf 85' lang='lat' dir='ltr'><strong>nomine</strong></span> <span class='ocrx_word' id='word_1_264' title='bbox 2604 2084 2764 2129; x_wconf 90' lang='lat' dir='ltr'><strong>tenus</strong></span> <span class='ocrx_word' id='word_1_265' title='bbox 2811 2075 3093 2144; x_wconf 82' lang='lat' dir='ltr'><strong>professus</strong></span> <span class='ocrx_word' id='word_1_266' title='bbox 3123 2088 3237 2133; x_wconf 89' lang='lat' dir='ltr'><strong>est:</strong></span> <span class='ocrx_word' id='word_1_267' title='bbox 3277 2088 3469 2133; x_wconf 86' lang='lat' dir='ltr'><strong>auctor</strong></span> <span class='ocrx_word' id='word_1_268' title='bbox 3504 2083 3754 2139; x_wconf 68' lang='lat' dir='ltr'><strong>nefanda!</strong></span> 
     </span>
    </p>
   </div>
   <div class='ocr_carea' id='block_1_44' title="bbox 2175 2162 3753 2234">
    <p class='ocr_par' dir='ltr' id='par_1_44' title="bbox 2175 2162 3753 2234">
     <span class='ocr_line' id='line_1_44' title="bbox 2175 2162 3753 2234; baseline 0.009 -20"><span class='ocrx_word' id='word_1_269' title='bbox 2175 2162 2555 2229; x_wconf 72' lang='lat' dir='ltr'><strong>obscenitatis,</strong></span> <span class='ocrx_word' id='word_1_270' title='bbox 2613 2172 2667 2219; x_wconf 87' lang='lat' dir='ltr'><strong>et</strong></span> <span class='ocrx_word' id='word_1_271' title='bbox 2729 2165 3159 2234; x_wconf 84' lang='lat' dir='ltr'><strong>inquinatissimi</strong></span> <span class='ocrx_word' id='word_1_272' title='bbox 3210 2171 3557 2227; x_wconf 86' lang='lat' dir='ltr'><strong>concubitus.</strong></span> <span class='ocrx_word' id='word_1_273' title='bbox 3606 2172 3753 2228; x_wconf 65' lang='lat' dir='ltr'><strong>Prae-</strong></span> 
     </span>
    </p>
   </div>
   <div class='ocr_carea' id='block_1_45' title="bbox 2173 2256 3754 2337">
    <p class='ocr_par' dir='ltr' id='par_1_45' title="bbox 2173 2256 3754 2337">
     <span class='ocr_line' id='line_1_45' title="bbox 2173 2256 3754 2337; baseline 0.008 -30"><span class='ocrx_word' id='word_1_274' title='bbox 2173 2262 2323 2308; x_wconf 88' lang='lat' dir='ltr'><strong>terea</strong></span> <span class='ocrx_word' id='word_1_275' title='bbox 2346 2256 2689 2324; x_wconf 90' lang='lat' dir='ltr'><strong>promiscuas</strong></span> <span class='ocrx_word' id='word_1_276' title='bbox 2716 2273 2916 2313; x_wconf 85' lang='lat' dir='ltr'><strong>uxores</strong></span> <span class='ocrx_word' id='word_1_277' title='bbox 2942 2274 3065 2314; x_wconf 88' lang='lat' dir='ltr'><strong>esse</strong></span> <span class='ocrx_word' id='word_1_278' title='bbox 3096 2261 3283 2315; x_wconf 89' lang='lat' dir='ltr'><strong>voluit.</strong></span> <span class='ocrx_word' id='word_1_279' title='bbox 3318 2264 3563 2337; x_wconf 79' lang='lat' dir='ltr'><strong>Corpora</strong></span> <span class='ocrx_word' id='word_1_280' title='bbox 3593 2274 3754 2335; x_wconf 78' lang='lat' dir='ltr'><strong>negat</strong></span> 
     </span>
    </p>
   </div>
   <div class='ocr_carea' id='block_1_46' title="bbox 2175 2348 3757 2415">
    <p class='ocr_par' dir='ltr' id='par_1_46' title="bbox 2175 2348 3757 2415">
     <span class='ocr_line' id='line_1_46' title="bbox 2175 2348 3757 2415; baseline 0.008 -17"><span class='ocrx_word' id='word_1_281' title='bbox 2175 2360 2485 2415; x_wconf 83' lang='lat' dir='ltr'><strong>resurgere.</strong></span> <span class='ocrx_word' id='word_1_282' title='bbox 2516 2363 2616 2402; x_wconf 89' lang='lat' dir='ltr'><strong>nec</strong></span> <span class='ocrx_word' id='word_1_283' title='bbox 2647 2363 2678 2401; x_wconf 84' lang='lat' dir='ltr'><strong>a</strong></span> <span class='ocrx_word' id='word_1_284' title='bbox 2710 2348 2821 2403; x_wconf 89' lang='lat' dir='ltr'><strong>Deo</strong></span> <span class='ocrx_word' id='word_1_285' title='bbox 2854 2350 3111 2404; x_wconf 90' lang='lat' dir='ltr'><strong>mundum</strong></span> <span class='ocrx_word' id='word_1_286' title='bbox 3142 2351 3466 2408; x_wconf 83' lang='lat' dir='ltr'><strong>fabricatum</strong></span> <span class='ocrx_word' id='word_1_287' title='bbox 3496 2371 3618 2411; x_wconf 91' lang='lat' dir='ltr'><strong>esse</strong></span> <span class='ocrx_word' id='word_1_288' title='bbox 3649 2367 3757 2411; x_wconf 89' lang='lat' dir='ltr'><strong>sta-</strong></span> 
     </span>
    </p>
   </div>
   <div class='ocr_carea' id='block_1_47' title="bbox 2176 2436 3754 2513">
    <p class='ocr_par' dir='ltr' id='par_1_47' title="bbox 2176 2436 3754 2513">
     <span class='ocr_line' id='line_1_47' title="bbox 2176 2436 3754 2513; baseline 0.008 -23"><span class='ocrx_word' id='word_1_289' title='bbox 2176 2437 2303 2490; x_wconf 91' lang='lat' dir='ltr'><strong>tuit.</strong></span> <span class='ocrx_word' id='word_1_290' title='bbox 2329 2436 2626 2508; x_wconf 83' lang='lat' dir='ltr'><strong>Imaginem</strong></span> <span class='ocrx_word' id='word_1_291' title='bbox 2661 2454 2827 2508; x_wconf 87' lang='lat' dir='ltr'><strong>porro</strong></span> <span class='ocrx_word' id='word_1_292' title='bbox 2858 2455 3013 2494; x_wconf 90' lang='lat' dir='ltr'><strong>suam</strong></span> <span class='ocrx_word' id='word_1_293' title='bbox 3059 2444 3339 2513; x_wconf 89' lang='lat' dir='ltr'><strong>scortiqne</strong></span> <span class='ocrx_word' id='word_1_294' title='bbox 3388 2446 3495 2509; x_wconf 92' lang='lat' dir='ltr'><strong>sui,</strong></span> <span class='ocrx_word' id='word_1_295' title='bbox 3534 2449 3754 2503; x_wconf 89' lang='lat' dir='ltr'><strong>nomine</strong></span> 
     </span>
    </p>
   </div>
   <div class='ocr_carea' id='block_1_48' title="bbox 2175 2528 3755 2605">
    <p class='ocr_par' dir='ltr' id='par_1_48' title="bbox 2175 2528 3755 2605">
     <span class='ocr_line' id='line_1_48' title="bbox 2175 2528 3755 2605; baseline 0.008 -24"><span class='ocrx_word' id='word_1_296' title='bbox 2175 2528 2413 2595; x_wconf 76' lang='lat' dir='ltr'><strong>llelenze,</strong></span> <span class='ocrx_word' id='word_1_297' title='bbox 2447 2533 2549 2586; x_wconf 92' lang='lat' dir='ltr'><strong>sub</strong></span> <span class='ocrx_word' id='word_1_298' title='bbox 2589 2532 2845 2587; x_wconf 70' lang='lat' dir='ltr'><strong>Minerva:</strong></span> <span class='ocrx_word' id='word_1_299' title='bbox 2879 2534 3062 2602; x_wconf 81' lang='lat' dir='ltr'><strong>Specie</strong></span> <span class='ocrx_word' id='word_1_300' title='bbox 3091 2535 3375 2605; x_wconf 87' lang='lat' dir='ltr'><strong>discipulis</strong></span> <span class='ocrx_word' id='word_1_301' title='bbox 3416 2539 3755 2594; x_wconf 73' lang='lat' dir='ltr'><strong>adorandam</strong></span> 
     </span>
    </p>
   </div>
   <div class='ocr_carea' id='block_1_49' title="bbox 2173 2612 3755 2695">
    <p class='ocr_par' dir='ltr' id='par_1_49' title="bbox 2173 2612 3755 2695">
     <span class='ocr_line' id='line_1_49' title="bbox 2173 2612 3755 2695; baseline 0.006 -21"><span class='ocrx_word' id='word_1_302' title='bbox 2173 2612 2432 2676; x_wconf 81' lang='lat' dir='ltr'><strong>obtrusit.</strong></span> <span class='ocrx_word' id='word_1_303' title='bbox 2462 2622 2618 2691; x_wconf 83' lang='lat' dir='ltr'><strong>Apud</strong></span> <span class='ocrx_word' id='word_1_304' title='bbox 2653 2624 2956 2679; x_wconf 84' lang='lat' dir='ltr'><strong>Samaritas</strong></span> <span class='ocrx_word' id='word_1_305' title='bbox 2985 2641 3083 2695; x_wconf 90' lang='lat' dir='ltr'><strong>pro</strong></span> <span class='ocrx_word' id='word_1_306' title='bbox 3108 2625 3219 2681; x_wconf 90' lang='lat' dir='ltr'><strong>Deo</strong></span> <span class='ocrx_word' id='word_1_307' title='bbox 3251 2627 3411 2684; x_wconf 86' lang='lat' dir='ltr'><strong>Patre</strong></span> <span class='ocrx_word' id='word_1_308' title='bbox 3458 2646 3517 2684; x_wconf 91' lang='lat' dir='ltr'><strong>se</strong></span> <span class='ocrx_word' id='word_1_309' title='bbox 3567 2631 3755 2684; x_wconf 87' lang='lat' dir='ltr'><strong>vendi-</strong></span> 
     </span>
    </p>
   </div>
   <div class='ocr_carea' id='block_1_50' title="bbox 2173 2712 3365 2778">
    <p class='ocr_par' dir='ltr' id='par_1_50' title="bbox 2173 2712 3365 2778">
     <span class='ocr_line' id='line_1_50' title="bbox 2173 2712 3365 2778; baseline 0.005 -13"><span class='ocrx_word' id='word_1_310' title='bbox 2173 2721 2320 2778; x_wconf 89' lang='lat' dir='ltr'><strong>tans,</strong></span> <span class='ocrx_word' id='word_1_311' title='bbox 2352 2712 2555 2768; x_wconf 63' lang='lat' dir='ltr'><strong>ludatis</strong></span> <span class='ocrx_word' id='word_1_312' title='bbox 2583 2714 2861 2771; x_wconf 86' lang='lat' dir='ltr'><strong>Christum</strong></span> <span class='ocrx_word' id='word_1_313' title='bbox 2889 2733 2948 2771; x_wconf 91' lang='lat' dir='ltr'><strong>se</strong></span> <span class='ocrx_word' id='word_1_314' title='bbox 2976 2733 3099 2772; x_wconf 82' lang='lat' dir='ltr'><strong>esse</strong></span> <span class='ocrx_word' id='word_1_315' title='bbox 3128 2718 3365 2774; x_wconf 88' lang='lat' dir='ltr'><strong>diccbat.</strong></span> 
     </span>
    </p>
   </div>
   <div class='ocr_carea' id='block_1_51' title="bbox 2246 2803 3755 2880">
    <p class='ocr_par' dir='ltr' id='par_1_51' title="bbox 2246 2803 3755 2880">
     <span class='ocr_line' id='line_1_51' title="bbox 2246 2803 3755 2880; baseline 0.007 -25"><span class='ocrx_word' id='word_1_316' title='bbox 2246 2803 2309 2858; x_wconf 92' lang='grc'><strong>11.</strong></span> <span class='ocrx_word' id='word_1_317' title='bbox 2346 2803 2721 2859; x_wconf 81' lang='lat' dir='ltr'><strong>Menandriani</strong></span> <span class='ocrx_word' id='word_1_318' title='bbox 2762 2807 2831 2861; x_wconf 89' lang='lat' dir='ltr'><strong>ab</strong></span> <span class='ocrx_word' id='word_1_319' title='bbox 2883 2808 3076 2861; x_wconf 90' lang='lat' dir='ltr'><strong>eodem</strong></span> <span class='ocrx_word' id='word_1_320' title='bbox 3110 2809 3203 2862; x_wconf 91' lang='lat' dir='ltr'><strong>illo</strong></span> <span class='ocrx_word' id='word_1_321' title='bbox 3253 2810 3475 2865; x_wconf 88' lang='lat' dir='ltr'><strong>Simone</strong></span> <span class='ocrx_word' id='word_1_322' title='bbox 3509 2826 3605 2880; x_wconf 85' lang='lat' dir='ltr'><strong>per</strong></span> <span class='ocrx_word' id='word_1_323' title='bbox 3644 2810 3755 2866; x_wconf 78' lang='lat' dir='ltr'><strong>Me-</strong></span> 
     </span>
    </p>
   </div>
   <div class='ocr_carea' id='block_1_52' title="bbox 2172 2896 3754 2969">
    <p class='ocr_par' dir='ltr' id='par_1_52' title="bbox 2172 2896 3754 2969">
     <span class='ocr_line' id='line_1_52' title="bbox 2172 2896 3754 2969; baseline 0.007 -23"><span class='ocrx_word' id='word_1_324' title='bbox 2172 2896 2440 2948; x_wconf 89' lang='lat' dir='ltr'><strong>nandrum</strong></span> <span class='ocrx_word' id='word_1_325' title='bbox 2476 2898 2764 2966; x_wconf 87' lang='lat' dir='ltr'><strong>quemdam</strong></span> <span class='ocrx_word' id='word_1_326' title='bbox 2816 2899 3082 2969; x_wconf 83' lang='lat' dir='ltr'><strong>originem</strong></span> <span class='ocrx_word' id='word_1_327' title='bbox 3111 2908 3418 2967; x_wconf 81' lang='lat' dir='ltr'><strong>traxerunt,</strong></span> <span class='ocrx_word' id='word_1_328' title='bbox 3442 2903 3754 2959; x_wconf 84' lang='lat' dir='ltr'><strong>nonnullis-</strong></span> 
     </span>
    </p>
   </div>
   <div class='ocr_carea' id='block_1_53' title="bbox 2172 2987 3755 3062">
    <p class='ocr_par' dir='ltr' id='par_1_53' title="bbox 2172 2987 3755 3062">
     <span class='ocr_line' id='line_1_53' title="bbox 2172 2987 3755 3062; baseline 0.008 -25"><span class='ocrx_word' id='word_1_329' title='bbox 2172 3001 2279 3055; x_wconf 89' lang='lat' dir='ltr'><strong>que</strong></span> <span class='ocrx_word' id='word_1_330' title='bbox 2325 2987 2379 3040; x_wconf 91' lang='lat' dir='ltr'><strong>in</strong></span> <span class='ocrx_word' id='word_1_331' title='bbox 2425 2988 2590 3042; x_wconf 88' lang='lat' dir='ltr'><strong>rebus</strong></span> <span class='ocrx_word' id='word_1_332' title='bbox 2635 3005 2662 3042; x_wconf 89' lang='lat' dir='ltr'><strong>a</strong></span> <span class='ocrx_word' id='word_1_333' title='bbox 2708 2989 3043 3045; x_wconf 88' lang='lat' dir='ltr'><strong>Simonianis</strong></span> <span class='ocrx_word' id='word_1_334' title='bbox 3074 2991 3410 3062; x_wconf 87' lang='lat' dir='ltr'><strong>discrepant.</strong></span> <span class='ocrx_word' id='word_1_335' title='bbox 3456 2996 3755 3051; x_wconf 87' lang='lat' dir='ltr'><strong>Menander</strong></span> 
     </span>
    </p>
   </div>
   <div class='ocr_carea' id='block_1_54' title="bbox 2174 3079 3753 3153">
    <p class='ocr_par' dir='ltr' id='par_1_54' title="bbox 2174 3079 3753 3153">
     <span class='ocr_line' id='line_1_54' title="bbox 2174 3079 3753 3153; baseline 0.008 -24"><span class='ocrx_word' id='word_1_336' title='bbox 2174 3093 2337 3145; x_wconf 88' lang='lat' dir='ltr'><strong>porro</strong></span> <span class='ocrx_word' id='word_1_337' title='bbox 2379 3079 2643 3134; x_wconf 89' lang='lat' dir='ltr'><strong>mundum</strong></span> <span class='ocrx_word' id='word_1_338' title='bbox 2692 3081 2758 3134; x_wconf 84' lang='lat' dir='ltr'><strong>ab</strong></span> <span class='ocrx_word' id='word_1_339' title='bbox 2800 3083 3005 3152; x_wconf 81' lang='lat' dir='ltr'><strong>angelis</strong></span> <span class='ocrx_word' id='word_1_340' title='bbox 3035 3082 3203 3138; x_wconf 78' lang='lat' dir='ltr'><strong>fuisse</strong></span> <span class='ocrx_word' id='word_1_341' title='bbox 3239 3084 3565 3153; x_wconf 87' lang='lat' dir='ltr'><strong>productum</strong></span> <span class='ocrx_word' id='word_1_342' title='bbox 3600 3102 3753 3142; x_wconf 84' lang='lat' dir='ltr'><strong>asse-</strong></span> 
     </span>
    </p>
   </div>
   <div class='ocr_carea' id='block_1_55' title="bbox 2174 3170 2302 3223">
    <p class='ocr_par' dir='ltr' id='par_1_55' title="bbox 2174 3170 2302 3223">
     <span class='ocr_line' id='line_1_55' title="bbox 2174 3170 2302 3223; baseline 0 0"><span class='ocrx_word' id='word_1_343' title='bbox 2174 3170 2302 3223; x_wconf 90' lang='lat' dir='ltr'><strong>ruit.</strong></span> 
     </span>
    </p>
   </div>
   <div class='ocr_carea' id='block_1_56' title="bbox 2244 3263 3751 3341">
    <p class='ocr_par' dir='ltr' id='par_1_56' title="bbox 2244 3263 3751 3341">
     <span class='ocr_line' id='line_1_56' title="bbox 2244 3263 3751 3341; baseline 0.007 -25"><span class='ocrx_word' id='word_1_344' title='bbox 2244 3264 2330 3318; x_wconf 93' lang='lat' dir='ltr'><strong>Ill.</strong></span> <span class='ocrx_word' id='word_1_345' title='bbox 2367 3263 2726 3321; x_wconf 87' lang='lat' dir='ltr'><strong>Saturniliani</strong></span> <span class='ocrx_word' id='word_1_346' title='bbox 2758 3268 2810 3321; x_wconf 91' lang='lat' dir='ltr'><strong>in</strong></span> <span class='ocrx_word' id='word_1_347' title='bbox 2850 3267 3007 3339; x_wconf 80' lang='lat' dir='ltr'><strong>Syria</strong></span> <span class='ocrx_word' id='word_1_348' title='bbox 3044 3267 3487 3324; x_wconf 88' lang='lat' dir='ltr'><strong>Simonianorum</strong></span> <span class='ocrx_word' id='word_1_349' title='bbox 3516 3273 3751 3341; x_wconf 84' lang='lat' dir='ltr'><strong>turpitu-</strong></span> 
     </span>
    </p>
   </div>
   <div class='ocr_carea' id='block_1_57' title="bbox 2173 3347 3753 3429">
    <p class='ocr_par' dir='ltr' id='par_1_57' title="bbox 2173 3347 3753 3429">
     <span class='ocr_line' id='line_1_57' title="bbox 2173 3347 3753 3429; baseline 0.006 -21"><span class='ocrx_word' id='word_1_350' title='bbox 2173 3354 2352 3409; x_wconf 87' lang='lat' dir='ltr'><strong>dinem</strong></span> <span class='ocrx_word' id='word_1_351' title='bbox 2381 3364 2673 3410; x_wconf 79' lang='lat' dir='ltr'><strong>auxerunt.</strong></span> <span class='ocrx_word' id='word_1_352' title='bbox 2703 3356 2976 3411; x_wconf 71' lang='lat' dir='ltr'><strong>Nonnulla</strong></span> <span class='ocrx_word' id='word_1_353' title='bbox 3004 3373 3225 3428; x_wconf 90' lang='lat' dir='ltr'><strong>quoque</strong></span> <span class='ocrx_word' id='word_1_354' title='bbox 3252 3360 3317 3413; x_wconf 90' lang='lat' dir='ltr'><strong>ad</strong></span> <span class='ocrx_word' id='word_1_355' title='bbox 3344 3360 3603 3429; x_wconf 88' lang='lat' dir='ltr'><strong>majorem</strong></span> <span class='ocrx_word' id='word_1_356' title='bbox 3628 3347 3753 3416; x_wconf 50' lang='lat' dir='ltr'><strong>con.</strong></span> 
     </span>
    </p>
   </div>
   <div class='ocr_carea' id='block_1_58' title="bbox 2173 3446 3748 3522">
    <p class='ocr_par' dir='ltr' id='par_1_58' title="bbox 2173 3446 3748 3522">
     <span class='ocr_line' id='line_1_58' title="bbox 2173 3446 3748 3522; baseline 0.007 -25"><span class='ocrx_word' id='word_1_357' title='bbox 2173 3446 2469 3500; x_wconf 83' lang='lat' dir='ltr'><strong>ciliandutn</strong></span> <span class='ocrx_word' id='word_1_358' title='bbox 2511 3460 2788 3516; x_wconf 83' lang='lat' dir='ltr'><strong>Stuporem</strong></span> <span class='ocrx_word' id='word_1_359' title='bbox 2827 3449 2894 3502; x_wconf 90' lang='lat' dir='ltr'><strong>ad</strong></span> <span class='ocrx_word' id='word_1_360' title='bbox 2936 3450 3153 3502; x_wconf 89' lang='lat' dir='ltr'><strong>illorum</strong></span> <span class='ocrx_word' id='word_1_361' title='bbox 3189 3450 3440 3519; x_wconf 82' lang='lat' dir='ltr'><strong>adjecere</strong></span> <span class='ocrx_word' id='word_1_362' title='bbox 3473 3453 3748 3522; x_wconf 77' lang='lat' dir='ltr'><strong>dogmata.</strong></span> 
     </span>
    </p>
   </div>
   <div class='ocr_carea' id='block_1_59' title="bbox 2172 3533 3753 3612">
    <p class='ocr_par' dir='ltr' id='par_1_59' title="bbox 2172 3533 3753 3612">
     <span class='ocr_line' id='line_1_59' title="bbox 2172 3533 3753 3612; baseline 0.008 -26"><span class='ocrx_word' id='word_1_363' title='bbox 2172 3533 2377 3588; x_wconf 86' lang='lat' dir='ltr'><strong>ﬂorum</strong></span> <span class='ocrx_word' id='word_1_364' title='bbox 2428 3538 2687 3607; x_wconf 86' lang='lat' dir='ltr'><strong>princeps</strong></span> <span class='ocrx_word' id='word_1_365' title='bbox 2731 3537 3050 3594; x_wconf 90' lang='lat' dir='ltr'><strong>Satnrnilus</strong></span> <span class='ocrx_word' id='word_1_366' title='bbox 3096 3540 3218 3603; x_wconf 79' lang='lat' dir='ltr'><strong>fuit,</strong></span> <span class='ocrx_word' id='word_1_367' title='bbox 3274 3542 3367 3611; x_wconf 86' lang='lat' dir='ltr'><strong>qui</strong></span> <span class='ocrx_word' id='word_1_368' title='bbox 3416 3543 3639 3612; x_wconf 90' lang='lat' dir='ltr'><strong>perinde</strong></span> <span class='ocrx_word' id='word_1_369' title='bbox 3687 3560 3753 3599; x_wconf 89' lang='lat' dir='ltr'><strong>ac</strong></span> 
     </span>
    </p>
   </div>
   <div class='ocr_carea' id='block_1_60' title="bbox 2172 3622 3752 3699">
    <p class='ocr_par' dir='ltr' id='par_1_60' title="bbox 2172 3622 3752 3699">
     <span class='ocr_line' id='line_1_60' title="bbox 2172 3622 3752 3699; baseline 0.008 -23"><span class='ocrx_word' id='word_1_370' title='bbox 2172 3622 2469 3679; x_wconf 83' lang='lat' dir='ltr'><strong>Menander</strong></span> <span class='ocrx_word' id='word_1_371' title='bbox 2514 3628 2701 3681; x_wconf 90' lang='lat' dir='ltr'><strong>mundi</strong></span> <span class='ocrx_word' id='word_1_372' title='bbox 2750 3628 3064 3684; x_wconf 87' lang='lat' dir='ltr'><strong>conditores</strong></span> <span class='ocrx_word' id='word_1_373' title='bbox 3095 3631 3342 3699; x_wconf 83' lang='lat' dir='ltr'><strong>angelos,</strong></span> <span class='ocrx_word' id='word_1_374' title='bbox 3374 3632 3479 3687; x_wconf 88' lang='lat' dir='ltr'><strong>hoc</strong></span> <span class='ocrx_word' id='word_1_375' title='bbox 3542 3644 3624 3688; x_wconf 88' lang='lat' dir='ltr'><strong>est</strong></span> <span class='ocrx_word' id='word_1_376' title='bbox 3666 3650 3752 3689; x_wconf 84' lang='lat' dir='ltr'><strong>se-</strong></span> 
     </span>
    </p>
   </div>
   <div class='ocr_carea' id='block_1_61' title="bbox 2171 3717 3752 3794">
    <p class='ocr_par' dir='ltr' id='par_1_61' title="bbox 2171 3717 3752 3794">
     <span class='ocr_line' id='line_1_61' title="bbox 2171 3717 3752 3794; baseline 0.008 -27"><span class='ocrx_word' id='word_1_377' title='bbox 2171 3721 2367 3783; x_wconf 91' lang='lat' dir='ltr'><strong>ptenos</strong></span> <span class='ocrx_word' id='word_1_378' title='bbox 2392 3732 2455 3771; x_wconf 85' lang='lat' dir='ltr'><strong>ex</strong></span> <span class='ocrx_word' id='word_1_379' title='bbox 2486 3717 2574 3781; x_wconf 90' lang='lat' dir='ltr'><strong>iis,</strong></span> <span class='ocrx_word' id='word_1_380' title='bbox 2604 3718 2936 3789; x_wconf 79' lang='lat' dir='ltr'><strong>facit,idque</strong></span> <span class='ocrx_word' id='word_1_381' title='bbox 2970 3721 3119 3790; x_wconf 87' lang='lat' dir='ltr'><strong>ipsos</strong></span> <span class='ocrx_word' id='word_1_382' title='bbox 3149 3723 3215 3776; x_wconf 91' lang='lat' dir='ltr'><strong>de</strong></span> <span class='ocrx_word' id='word_1_383' title='bbox 3243 3726 3481 3792; x_wconf 86' lang='lat' dir='ltr'><strong>supremi</strong></span> <span class='ocrx_word' id='word_1_384' title='bbox 3508 3726 3752 3794; x_wconf 79' lang='lat' dir='ltr'><strong>parentis</strong></span> 
     </span>
    </p>
   </div>
   <div class='ocr_carea' id='block_1_62' title="bbox 2171 3806 3026 3876">
    <p class='ocr_par' dir='ltr' id='par_1_62' title="bbox 2171 3806 3026 3876">
     <span class='ocr_line' id='line_1_62' title="bbox 2171 3806 3026 3876; baseline 0.008 -19"><span class='ocrx_word' id='word_1_385' title='bbox 2171 3806 2441 3859; x_wconf 86' lang='lat' dir='ltr'><strong>sententia</strong></span> <span class='ocrx_word' id='word_1_386' title='bbox 2474 3809 2785 3876; x_wconf 86' lang='lat' dir='ltr'><strong>suscepisse</strong></span> <span class='ocrx_word' id='word_1_387' title='bbox 2813 3810 3026 3864; x_wconf 90' lang='lat' dir='ltr'><strong>statuit.</strong></span> 
     </span>
    </p>
   </div>
   <div class='ocr_carea' id='block_1_63' title="bbox 2240 3896 3750 3971">
    <p class='ocr_par' dir='ltr' id='par_1_63' title="bbox 2240 3896 3750 3971">
     <span class='ocr_line' id='line_1_63' title="bbox 2240 3896 3750 3971; baseline 0.007 -22"><span class='ocrx_word' id='word_1_388' title='bbox 2240 3896 2329 3952; x_wconf 87' lang='lat' dir='ltr'><strong>IV.</strong></span> <span class='ocrx_word' id='word_1_389' title='bbox 2361 3899 2679 3954; x_wconf 87' lang='lat' dir='ltr'><strong>Basilidiani</strong></span> <span class='ocrx_word' id='word_1_390' title='bbox 2730 3900 2995 3956; x_wconf 77' lang='lat' dir='ltr'><strong>foeditatis</strong></span> <span class='ocrx_word' id='word_1_391' title='bbox 3043 3903 3288 3971; x_wconf 88' lang='lat' dir='ltr'><strong>ejusdem</strong></span> <span class='ocrx_word' id='word_1_392' title='bbox 3325 3904 3464 3959; x_wconf 85' lang='lat' dir='ltr'><strong>socii</strong></span> <span class='ocrx_word' id='word_1_393' title='bbox 3498 3905 3563 3958; x_wconf 91' lang='lat' dir='ltr'><strong>ad</strong></span> <span class='ocrx_word' id='word_1_394' title='bbox 3598 3903 3750 3959; x_wconf 88' lang='lat' dir='ltr'><strong>Basi-</strong></span> 
     </span>
    </p>
   </div>
   <div class='ocr_carea' id='block_1_64' title="bbox 2170 3987 3750 4061">
    <p class='ocr_par' dir='ltr' id='par_1_64' title="bbox 2170 3987 3750 4061">
     <span class='ocr_line' id='line_1_64' title="bbox 2170 3987 3750 4061; baseline 0.005 -21"><span class='ocrx_word' id='word_1_395' title='bbox 2170 3987 2313 4042; x_wconf 86' lang='lat' dir='ltr'><strong>liden</strong></span> <span class='ocrx_word' id='word_1_396' title='bbox 2346 3990 2612 4059; x_wconf 83' lang='lat' dir='ltr'><strong>originem</strong></span> <span class='ocrx_word' id='word_1_397' title='bbox 2648 3990 2913 4054; x_wconf 81' lang='lat' dir='ltr'><strong>referunt,</strong></span> <span class='ocrx_word' id='word_1_398' title='bbox 2951 3993 3046 4061; x_wconf 87' lang='lat' dir='ltr'><strong>qui</strong></span> <span class='ocrx_word' id='word_1_399' title='bbox 3080 4008 3204 4045; x_wconf 89' lang='lat' dir='ltr'><strong>cum</strong></span> <span class='ocrx_word' id='word_1_400' title='bbox 3244 3991 3524 4045; x_wconf 83' lang='lat' dir='ltr'><strong>Saturnilo</strong></span> <span class='ocrx_word' id='word_1_401' title='bbox 3569 3995 3750 4048; x_wconf 76' lang='lat' dir='ltr'><strong>Simo-</strong></span> 
     </span>
    </p>
   </div>
   <div class='ocr_carea' id='block_1_65' title="bbox 2169 4080 3747 4152">
    <p class='ocr_par' dir='ltr' id='par_1_65' title="bbox 2169 4080 3747 4152">
     <span class='ocr_line' id='line_1_65' title="bbox 2169 4080 3747 4152; baseline 0.004 -20"><span class='ocrx_word' id='word_1_402' title='bbox 2169 4080 2372 4143; x_wconf 85' lang='lat' dir='ltr'><strong>nianis,</strong></span> <span class='ocrx_word' id='word_1_403' title='bbox 2412 4096 2475 4134; x_wconf 91' lang='lat' dir='ltr'><strong>ac</strong></span> <span class='ocrx_word' id='word_1_404' title='bbox 2506 4080 2916 4136; x_wconf 88' lang='lat' dir='ltr'><strong>Menandrianis</strong></span> <span class='ocrx_word' id='word_1_405' title='bbox 2948 4099 3167 4152; x_wconf 87' lang='lat' dir='ltr'><strong>operam</strong></span> <span class='ocrx_word' id='word_1_406' title='bbox 3201 4084 3392 4139; x_wconf 89' lang='lat' dir='ltr'><strong>dedit:</strong></span> <span class='ocrx_word' id='word_1_407' title='bbox 3433 4100 3496 4138; x_wconf 88' lang='lat' dir='ltr'><strong>ac</strong></span> <span class='ocrx_word' id='word_1_408' title='bbox 3528 4087 3747 4140; x_wconf 88' lang='lat' dir='ltr'><strong>tametsi</strong></span> 
     </span>
    </p>
   </div>
   <div class='ocr_carea' id='block_1_66' title="bbox 2168 4171 3743 4245">
    <p class='ocr_par' dir='ltr' id='par_1_66' title="bbox 2168 4171 3743 4245">
     <span class='ocr_line' id='line_1_66' title="bbox 2168 4171 3743 4245; baseline 0.002 -19"><span class='ocrx_word' id='word_1_409' title='bbox 2168 4171 2355 4226; x_wconf 87' lang='lat' dir='ltr'><strong>eadem</strong></span> <span class='ocrx_word' id='word_1_410' title='bbox 2392 4172 2503 4226; x_wconf 82' lang='lat' dir='ltr'><strong>fere</strong></span> <span class='ocrx_word' id='word_1_411' title='bbox 2530 4173 2748 4234; x_wconf 88' lang='lat' dir='ltr'><strong>sentiat,</strong></span> <span class='ocrx_word' id='word_1_412' title='bbox 2791 4172 2845 4224; x_wconf 90' lang='lat' dir='ltr'><strong>in</strong></span> <span class='ocrx_word' id='word_1_413' title='bbox 2876 4173 3205 4241; x_wconf 87' lang='lat' dir='ltr'><strong>quibusdam</strong></span> <span class='ocrx_word' id='word_1_414' title='bbox 3221 4182 3423 4229; x_wconf 73' lang='lat' dir='ltr'><strong>otamen</strong></span> <span class='ocrx_word' id='word_1_415' title='bbox 3451 4175 3743 4245; x_wconf 83' lang='lat' dir='ltr'><strong>discrepat.</strong></span> 
     </span>
    </p>
   </div>
   <div class='ocr_carea' id='block_1_67' title="bbox 2168 4263 3744 4338">
    <p class='ocr_par' dir='ltr' id='par_1_67' title="bbox 2168 4263 3744 4338">
     <span class='ocr_line' id='line_1_67' title="bbox 2168 4263 3744 4338; baseline 0.004 -22"><span class='ocrx_word' id='word_1_416' title='bbox 2168 4263 2303 4317; x_wconf 86' lang='lat' dir='ltr'><strong>Nam</strong></span> <span class='ocrx_word' id='word_1_417' title='bbox 2331 4266 2583 4319; x_wconf 82' lang='lat' dir='ltr'><strong>caelestes</strong></span> <span class='ocrx_word' id='word_1_418' title='bbox 2610 4265 2784 4332; x_wconf 51' lang='lat' dir='ltr'><strong>,orbes</strong></span> <span class='ocrx_word' id='word_1_419' title='bbox 2815 4279 3018 4320; x_wconf 58' lang='lat' dir='ltr'><strong>cccnxv</strong></span> <span class='ocrx_word' id='word_1_420' title='bbox 3048 4267 3353 4331; x_wconf 87' lang='lat' dir='ltr'><strong>constituit,</strong></span> <span class='ocrx_word' id='word_1_421' title='bbox 3383 4283 3521 4337; x_wconf 88' lang='lat' dir='ltr'><strong>quos</strong></span> <span class='ocrx_word' id='word_1_422' title='bbox 3572 4284 3744 4338; x_wconf 81' lang='lat' dir='ltr'><strong>ange-</strong></span> 
     </span>
    </p>
   </div>
   <div class='ocr_carea' id='block_1_68' title="bbox 2169 4353 3750 4425">
    <p class='ocr_par' dir='ltr' id='par_1_68' title="bbox 2169 4353 3750 4425">
     <span class='ocr_line' id='line_1_68' title="bbox 2169 4353 3750 4425; baseline 0.004 -18"><span class='ocrx_word' id='word_1_423' title='bbox 2169 4354 2293 4407; x_wconf 90' lang='lat' dir='ltr'><strong>licis</strong></span> <span class='ocrx_word' id='word_1_424' title='bbox 2317 4355 2635 4409; x_wconf 87' lang='lat' dir='ltr'><strong>nominibus</strong></span> <span class='ocrx_word' id='word_1_425' title='bbox 2666 4353 2829 4408; x_wconf 83' lang='lat' dir='ltr'><strong>allicit</strong></span> <span class='ocrx_word' id='word_1_426' title='bbox 2859 4373 2871 4407; x_wconf 92' lang='lat'>:</span> <span class='ocrx_word' id='word_1_427' title='bbox 2905 4356 3134 4425; x_wconf 84' lang='lat' dir='ltr'><strong>ideoque</strong></span> <span class='ocrx_word' id='word_1_428' title='bbox 3166 4357 3393 4412; x_wconf 87' lang='lat' dir='ltr'><strong>totidem</strong></span> <span class='ocrx_word' id='word_1_429' title='bbox 3427 4360 3619 4414; x_wconf 89' lang='lat' dir='ltr'><strong>diebus</strong></span> <span class='ocrx_word' id='word_1_430' title='bbox 3648 4376 3750 4413; x_wconf 86' lang='lat' dir='ltr'><strong>an-</strong></span> 
     </span>
    </p>
   </div>
   <div class='ocr_carea' id='block_1_69' title="bbox 488 4445 2069 4525">
    <p class='ocr_par' dir='ltr' id='par_1_69' title="bbox 488 4450 2060 4524">
     <span class='ocr_line' id='line_1_69' title="bbox 488 4450 2060 4524; baseline 0.004 -23"><span class='ocrx_word' id='word_1_431' title='bbox 488 4451 731 4504; x_wconf 84' lang='grc' dir='ltr'>ἐνιαυτὸν</span> <span class='ocrx_word' id='word_1_432' title='bbox 780 4451 1048 4506; x_wconf 88' lang='grc' dir='ltr'>τοσούτων</span> <span class='ocrx_word' id='word_1_433' title='bbox 1090 4455 1309 4524; x_wconf 80' lang='grc' dir='ltr'>ἡμερῶν</span> <span class='ocrx_word' id='word_1_434' title='bbox 1345 4450 1503 4519; x_wconf 82' lang='grc' dir='ltr'>εἶναι,</span> <span class='ocrx_word' id='word_1_435' title='bbox 1551 4455 1644 4506; x_wconf 81' lang='grc' dir='ltr'>καὶ</span> <span class='ocrx_word' id='word_1_436' title='bbox 1686 4454 1746 4505; x_wconf 82' lang='grc' dir='ltr'>τὸ</span> <span class='ocrx_word' id='word_1_437' title='bbox 1793 4454 2060 4523; x_wconf 76' lang='grc' dir='ltr'>Ἀδρασὰξ</span> 
     </span>
    </p>
   </div>
   <div class='ocr_carea' id='block_1_70' title="bbox 2172 4445 3744 4525">
    <p class='ocr_par' dir='ltr' id='par_1_70' title="bbox 2172 4445 3744 4521">
     <span class='ocr_line' id='line_1_70' title="bbox 2172 4445 3744 4521; baseline 0.004 -22"><span class='ocrx_word' id='word_1_438' title='bbox 2172 4462 2299 4499; x_wconf 90' lang='lat' dir='ltr'><strong>num</strong></span> <span class='ocrx_word' id='word_1_439' title='bbox 2325 4454 2579 4500; x_wconf 90' lang='lat' dir='ltr'><strong>constare</strong></span> <span class='ocrx_word' id='word_1_440' title='bbox 2602 4454 2809 4501; x_wconf 82' lang='lat' dir='ltr'><strong>censet.</strong></span> <span class='ocrx_word' id='word_1_441' title='bbox 2835 4445 2997 4500; x_wconf 83' lang='lat' dir='ltr'><strong>Addit</strong></span> <span class='ocrx_word' id='word_1_442' title='bbox 3021 4458 3073 4501; x_wconf 88' lang='lat' dir='ltr'><strong>et</strong></span> <span class='ocrx_word' id='word_1_443' title='bbox 3095 4448 3433 4504; x_wconf 85' lang='lat' dir='ltr'><strong>Abrasaxam</strong></span> <span class='ocrx_word' id='word_1_444' title='bbox 3459 4453 3744 4521; x_wconf 89' lang='lat' dir='ltr'><strong>cujusdam</strong></span> 
     </span>
    </p>
   </div>
   <div class='ocr_carea' id='block_1_71' title="bbox 486 4538 2069 4618">
    <p class='ocr_par' dir='ltr' id='par_1_71' title="bbox 486 4540 2061 4618">
     <span class='ocr_line' id='line_1_71' title="bbox 486 4540 2061 4618; baseline 0.004 -26"><span class='ocrx_word' id='word_1_445' title='bbox 486 4540 656 4610; x_wconf 72' lang='grc' dir='ltr'>ὄνομα</span> <span class='ocrx_word' id='word_1_446' title='bbox 684 4542 964 4613; x_wconf 84' lang='grc' dir='ltr'>δυνάμεως</span> <span class='ocrx_word' id='word_1_447' title='bbox 984 4584 999 4607; x_wconf 86' lang='grc'><strong>,</strong></span> <span class='ocrx_word' id='word_1_448' title='bbox 1028 4544 1057 4597; x_wconf 81' lang='grc' dir='ltr'><strong>ὃ</strong></span> <span class='ocrx_word' id='word_1_449' title='bbox 1085 4544 1239 4614; x_wconf 78' lang='grc' dir='ltr'>φέρει</span> <span class='ocrx_word' id='word_1_450' title='bbox 1266 4544 1446 4613; x_wconf 68' lang='grc' dir='ltr'>ψῆφον</span> <span class='ocrx_word' id='word_1_451' title='bbox 1474 4545 1600 4611; x_wconf 69' lang='grc' dir='ltr'>τξέ,</span> <span class='ocrx_word' id='word_1_452' title='bbox 1631 4547 1725 4598; x_wconf 77' lang='grc' dir='ltr'><strong>καὶ</strong></span> <span class='ocrx_word' id='word_1_453' title='bbox 1753 4541 1890 4600; x_wconf 87' lang='grc' dir='ltr'>εἷναί</span> <span class='ocrx_word' id='word_1_454' title='bbox 1931 4564 2061 4618; x_wconf 82' lang='grc' dir='ltr'>φησι</span> 
     </span>
    </p>
   </div>
   <div class='ocr_carea' id='block_1_72' title="bbox 2172 4538 3743 4618">
    <p class='ocr_par' dir='ltr' id='par_1_72' title="bbox 2172 4538 3743 4613">
     <span class='ocr_line' id='line_1_72' title="bbox 2172 4538 3743 4613; baseline 0.004 -20"><span class='ocrx_word' id='word_1_455' title='bbox 2172 4538 2394 4593; x_wconf 91' lang='lat' dir='ltr'><strong>virtutis</strong></span> <span class='ocrx_word' id='word_1_456' title='bbox 2416 4553 2636 4602; x_wconf 87' lang='lat' dir='ltr'><strong>nomen,</strong></span> <span class='ocrx_word' id='word_1_457' title='bbox 2656 4554 2775 4608; x_wconf 85' lang='lat' dir='ltr'><strong>quae</strong></span> <span class='ocrx_word' id='word_1_458' title='bbox 2795 4553 2999 4592; x_wconf 73' lang='lat' dir='ltr'><strong>cccuv</strong></span> <span class='ocrx_word' id='word_1_459' title='bbox 3021 4555 3309 4594; x_wconf 90' lang='lat' dir='ltr'><strong>numerum</strong></span> <span class='ocrx_word' id='word_1_460' title='bbox 3342 4543 3540 4597; x_wconf 82' lang='lat' dir='ltr'><strong>litteris</strong></span> <span class='ocrx_word' id='word_1_461' title='bbox 3562 4545 3743 4613; x_wconf 81' lang='lat' dir='ltr'><strong>expri-</strong></span> 
     </span>
    </p>
   </div>
   <div class='ocr_carea' id='block_1_73' title="bbox 485 4631 1297 4705">
    <p class='ocr_par' dir='ltr' id='par_1_73' title="bbox 485 4631 1297 4705">
     <span class='ocr_line' id='line_1_73' title="bbox 485 4631 1297 4705; baseline 0.005 -22"><span class='ocrx_word' id='word_1_462' title='bbox 485 4631 644 4685; x_wconf 89' lang='grc' dir='ltr'>τοῦτο</span> <span class='ocrx_word' id='word_1_463' title='bbox 673 4634 825 4702; x_wconf 75' lang='grc' dir='ltr'>ἆγιον</span> <span class='ocrx_word' id='word_1_464' title='bbox 856 4635 1082 4705; x_wconf 89' lang='grc' dir='ltr'>Πνεῦμα</span> <span class='ocrx_word' id='word_1_465' title='bbox 1106 4635 1297 4704; x_wconf 72' lang='grc' dir='ltr'>ὄνομα.</span> 
     </span>
    </p>
   </div>
   <div class='ocr_carea' id='block_1_74' title="bbox 556 4723 2063 4801">
    <p class='ocr_par' dir='ltr' id='par_1_74' title="bbox 556 4723 2063 4801">
     <span class='ocr_line' id='line_1_74' title="bbox 556 4723 2063 4801; baseline 0.005 -25"><span class='ocrx_word' id='word_1_466' title='bbox 556 4723 632 4776; x_wconf 88' lang='lat' dir='ltr'><strong>E&#39;.</strong></span> <span class='ocrx_word' id='word_1_467' title='bbox 674 4725 1013 4790; x_wconf 74' lang='grc' dir='ltr'>Νικολαῗται,</span> <span class='ocrx_word' id='word_1_468' title='bbox 1040 4728 1147 4780; x_wconf 86' lang='grc' dir='ltr'><strong>ἀπὸ</strong></span> <span class='ocrx_word' id='word_1_469' title='bbox 1175 4727 1443 4781; x_wconf 82' lang='grc' dir='ltr'>Νικολάου</span> <span class='ocrx_word' id='word_1_470' title='bbox 1477 4728 1572 4781; x_wconf 91' lang='grc' dir='ltr'><strong>τοῦ</strong></span> <span class='ocrx_word' id='word_1_471' title='bbox 1599 4730 1691 4782; x_wconf 80' lang='grc' dir='ltr'><strong>ἐπὶ</strong></span> <span class='ocrx_word' id='word_1_472' title='bbox 1716 4732 1836 4793; x_wconf 86' lang='grc' dir='ltr'>ταῖς</span> <span class='ocrx_word' id='word_1_473' title='bbox 1864 4731 2063 4801; x_wconf 83' lang='grc' dir='ltr'>χήραις</span> 
     </span>
    </p>
   </div>
   <div class='ocr_carea' id='block_1_75' title="bbox 2172 4632 3460 4702">
    <p class='ocr_par' dir='ltr' id='par_1_75' title="bbox 2172 4632 3460 4702">
     <span class='ocr_line' id='line_1_75' title="bbox 2172 4632 3460 4702; baseline 0.003 -16"><span class='ocrx_word' id='word_1_474' title='bbox 2172 4632 2292 4695; x_wconf 89' lang='lat' dir='ltr'><strong>mit,</strong></span> <span class='ocrx_word' id='word_1_475' title='bbox 2324 4632 2487 4702; x_wconf 89' lang='lat' dir='ltr'><strong>idque</strong></span> <span class='ocrx_word' id='word_1_476' title='bbox 2517 4632 2781 4701; x_wconf 87' lang='lat' dir='ltr'><strong>Spiritum</strong></span> <span class='ocrx_word' id='word_1_477' title='bbox 2809 4648 2933 4687; x_wconf 91' lang='lat' dir='ltr'><strong>esse</strong></span> <span class='ocrx_word' id='word_1_478' title='bbox 2959 4641 3209 4688; x_wconf 89' lang='lat' dir='ltr'><strong>sanctum</strong></span> <span class='ocrx_word' id='word_1_479' title='bbox 3245 4636 3460 4690; x_wconf 90' lang='lat' dir='ltr'><strong>asserit.</strong></span> 
     </span>
    </p>
   </div>
   <div class='ocr_carea' id='block_1_76' title="bbox 2242 4722 3748 4791">
    <p class='ocr_par' dir='ltr' id='par_1_76' title="bbox 2242 4722 3748 4791">
     <span class='ocr_line' id='line_1_76' title="bbox 2242 4722 3748 4791; baseline 0.003 -14"><span class='ocrx_word' id='word_1_480' title='bbox 2242 4722 2307 4778; x_wconf 87' lang='lat' dir='ltr'><strong>V.</strong></span> <span class='ocrx_word' id='word_1_481' title='bbox 2342 4723 2627 4778; x_wconf 68' lang='lat' dir='ltr'><strong>Nicolaitae</strong></span> <span class='ocrx_word' id='word_1_482' title='bbox 2658 4739 2688 4776; x_wconf 87' lang='lat' dir='ltr'><strong>a</strong></span> <span class='ocrx_word' id='word_1_483' title='bbox 2721 4723 2945 4778; x_wconf 85' lang='lat' dir='ltr'><strong>Nicolao</strong></span> <span class='ocrx_word' id='word_1_484' title='bbox 2985 4724 3078 4778; x_wconf 90' lang='lat' dir='ltr'><strong>illo</strong></span> <span class='ocrx_word' id='word_1_485' title='bbox 3108 4724 3336 4779; x_wconf 89' lang='lat' dir='ltr'><strong>derivati</strong></span> <span class='ocrx_word' id='word_1_486' title='bbox 3369 4737 3517 4791; x_wconf 85' lang='lat' dir='ltr'><strong>sunt,</strong></span> <span class='ocrx_word' id='word_1_487' title='bbox 3553 4727 3639 4780; x_wconf 89' lang='lat' dir='ltr'><strong>cui</strong></span> <span class='ocrx_word' id='word_1_488' title='bbox 3674 4728 3748 4783; x_wconf 83' lang='lat' dir='ltr'><strong>ab</strong></span> 
     </span>
    </p>
   </div>
   <div class='ocr_carea' id='block_1_77' title="bbox 486 4810 2069 4891">
    <p class='ocr_par' dir='ltr' id='par_1_77' title="bbox 486 4810 2062 4891">
     <span class='ocr_line' id='line_1_77' title="bbox 486 4810 2062 4891; baseline 0.007 -28"><span class='ocrx_word' id='word_1_489' title='bbox 486 4810 593 4864; x_wconf 84' lang='grc' dir='ltr'>ὑπὸ</span> <span class='ocrx_word' id='word_1_490' title='bbox 614 4813 720 4866; x_wconf 85' lang='grc' dir='ltr'><strong>τῶν</strong></span> <span class='ocrx_word' id='word_1_491' title='bbox 745 4815 1058 4868; x_wconf 83' lang='grc' dir='ltr'>ἀποστόλων</span> <span class='ocrx_word' id='word_1_492' title='bbox 1080 4816 1390 4886; x_wconf 83' lang='grc' dir='ltr'>ταχθέντος,</span> <span class='ocrx_word' id='word_1_493' title='bbox 1422 4817 1479 4880; x_wconf 88' lang='grc' dir='ltr'><strong>ὃς</strong></span> <span class='ocrx_word' id='word_1_494' title='bbox 1505 4818 1592 4870; x_wconf 84' lang='grc' dir='ltr'>διὰ</span> <span class='ocrx_word' id='word_1_495' title='bbox 1611 4818 1772 4888; x_wconf 77' lang='grc' dir='ltr'>ζῆλον</span> <span class='ocrx_word' id='word_1_496' title='bbox 1798 4820 1897 4891; x_wconf 83' lang='grc' dir='ltr'>τῆς</span> <span class='ocrx_word' id='word_1_497' title='bbox 1927 4821 2062 4884; x_wconf 84' lang='grc' dir='ltr'>ἰδίας</span> 
     </span>
    </p>
   </div>
   <div class='ocr_carea' id='block_1_78' title="bbox 2172 4810 3747 4891">
    <p class='ocr_par' dir='ltr' id='par_1_78' title="bbox 2172 4814 3747 4885">
     <span class='ocr_line' id='line_1_78' title="bbox 2172 4814 3747 4885; baseline 0.003 -16"><span class='ocrx_word' id='word_1_498' title='bbox 2172 4816 2437 4885; x_wconf 87' lang='lat' dir='ltr'><strong>apostolis</strong></span> <span class='ocrx_word' id='word_1_499' title='bbox 2460 4814 2749 4869; x_wconf 88' lang='lat' dir='ltr'><strong>viduarum</strong></span> <span class='ocrx_word' id='word_1_500' title='bbox 2779 4830 2912 4869; x_wconf 89' lang='lat' dir='ltr'><strong>cura</strong></span> <span class='ocrx_word' id='word_1_501' title='bbox 2959 4819 3252 4872; x_wconf 89' lang='lat' dir='ltr'><strong>commissa</strong></span> <span class='ocrx_word' id='word_1_502' title='bbox 3280 4818 3477 4873; x_wconf 84' lang='lat' dir='ltr'><strong>fuerat.</strong></span> <span class='ocrx_word' id='word_1_503' title='bbox 3513 4818 3612 4872; x_wconf 87' lang='lat' dir='ltr'><strong>Hic</strong></span> <span class='ocrx_word' id='word_1_504' title='bbox 3652 4836 3747 4873; x_wconf 88' lang='lat' dir='ltr'><strong>ze-</strong></span> 
     </span>
    </p>
   </div>
   <div class='ocr_carea' id='block_1_79' title="bbox 485 4906 2062 4979">
    <p class='ocr_par' dir='ltr' id='par_1_79' title="bbox 485 4906 2062 4979">
     <span class='ocr_line' id='line_1_79' title="bbox 485 4906 2062 4979; baseline 0.006 -23"><span class='ocrx_word' id='word_1_505' title='bbox 485 4906 731 4975; x_wconf 82' lang='grc' dir='ltr'>γαμετῆς</span> <span class='ocrx_word' id='word_1_506' title='bbox 751 4906 851 4976; x_wconf 85' lang='grc' dir='ltr'><strong>τὴν</strong></span> <span class='ocrx_word' id='word_1_507' title='bbox 881 4908 1269 4979; x_wconf 76' lang='grc' dir='ltr'>αἰσχρουργίαν</span> <span class='ocrx_word' id='word_1_508' title='bbox 1299 4909 1418 4977; x_wconf 72' lang='grc' dir='ltr'><strong>ἅμα</strong></span> <span class='ocrx_word' id='word_1_509' title='bbox 1445 4911 1557 4973; x_wconf 88' lang='grc' dir='ltr'>τοῖς</span> <span class='ocrx_word' id='word_1_510' title='bbox 1586 4909 1765 4973; x_wconf 81' lang='grc' dir='ltr'>ἄλλοις</span> <span class='ocrx_word' id='word_1_511' title='bbox 1796 4912 2062 4966; x_wconf 81' lang='grc' dir='ltr'>ἐπιτελεῖν</span> 
     </span>
    </p>
   </div>
   <div class='ocr_carea' id='block_1_80' title="bbox 482 4993 2058 5072">
    <p class='ocr_par' dir='ltr' id='par_1_80' title="bbox 482 4993 2058 5072">
     <span class='ocr_line' id='line_1_80' title="bbox 482 4993 2058 5072; baseline 0.009 -30"><span class='ocrx_word' id='word_1_512' title='bbox 482 4993 610 5055; x_wconf 83' lang='grc' dir='ltr'>τοὺς</span> <span class='ocrx_word' id='word_1_513' title='bbox 634 4993 799 5047; x_wconf 77' lang='grc' dir='ltr'>αὑτοῦ</span> <span class='ocrx_word' id='word_1_514' title='bbox 827 4995 1073 5065; x_wconf 84' lang='grc' dir='ltr'>μαθητὰς</span> <span class='ocrx_word' id='word_1_515' title='bbox 1094 4996 1303 5063; x_wconf 59' lang='grc' dir='ltr'><strong>ἐδίδαξε⁷</strong></span> <span class='ocrx_word' id='word_1_516' title='bbox 1319 4998 1442 5050; x_wconf 76' lang='grc' dir='ltr'><strong>’καὶ</strong></span> <span class='ocrx_word' id='word_1_517' title='bbox 1464 5000 1593 5069; x_wconf 83' lang='grc' dir='ltr'><strong>περί</strong></span> <span class='ocrx_word' id='word_1_518' title='bbox 1619 5001 1714 5051; x_wconf 89' lang='grc' dir='ltr'><strong>τοῦ</strong></span> <span class='ocrx_word' id='word_1_519' title='bbox 1737 5000 2058 5072; x_wconf 83' lang='grc' dir='ltr'>Καύλακαχ,</span> 
     </span>
    </p>
   </div>
   <div class='ocr_carea' id='block_1_81' title="bbox 484 5082 2061 5160">
    <p class='ocr_par' dir='ltr' id='par_1_81' title="bbox 484 5082 2061 5160">
     <span class='ocr_line' id='line_1_81' title="bbox 484 5082 2061 5160; baseline 0.008 -25"><span class='ocrx_word' id='word_1_520' title='bbox 484 5082 581 5135; x_wconf 79' lang='grc' dir='ltr'>καὶ</span> <span class='ocrx_word' id='word_1_521' title='bbox 618 5084 936 5156; x_wconf 87' lang='grc' dir='ltr'>Προυνίκου,</span> <span class='ocrx_word' id='word_1_522' title='bbox 967 5087 1063 5139; x_wconf 72' lang='grc' dir='ltr'>καὶ</span> <span class='ocrx_word' id='word_1_523' title='bbox 1103 5087 1278 5140; x_wconf 81' lang='grc' dir='ltr'>ἄλλων</span> <span class='ocrx_word' id='word_1_524' title='bbox 1310 5088 1656 5160; x_wconf 77' lang='grc' dir='ltr'>βαρϐαρικῶν</span> <span class='ocrx_word' id='word_1_525' title='bbox 1686 5091 1984 5160; x_wconf 84' lang='grc' dir='ltr'>ὀνομάτων,</span> <span class='ocrx_word' id='word_1_526' title='bbox 2025 5095 2061 5148; x_wconf 79' lang='grc' dir='ltr'>ἃ</span> 
     </span>
    </p>
   </div>
   <div class='ocr_carea' id='block_1_82' title="bbox 480 5174 1456 5250">
    <p class='ocr_par' dir='ltr' id='par_1_82' title="bbox 480 5174 1456 5250">
     <span class='ocr_line' id='line_1_82' title="bbox 480 5174 1456 5250; baseline 0.007 -24"><span class='ocrx_word' id='word_1_527' title='bbox 480 5174 561 5245; x_wconf 84' lang='grc' dir='ltr'>τῷ</span> <span class='ocrx_word' id='word_1_528' title='bbox 590 5176 779 5246; x_wconf 85' lang='grc' dir='ltr'>κόσμῳ</span> <span class='ocrx_word' id='word_1_529' title='bbox 821 5179 1080 5250; x_wconf 85' lang='grc' dir='ltr'>μυσαρῶς</span> <span class='ocrx_word' id='word_1_530' title='bbox 1109 5181 1456 5250; x_wconf 83' lang='grc' dir='ltr'>εἰσηγήσατο.</span> 
     </span>
    </p>
   </div>
   <div class='ocr_carea' id='block_1_83' title="bbox 555 5268 2059 5348">
    <p class='ocr_par' dir='ltr' id='par_1_83' title="bbox 555 5268 2059 5348">
     <span class='ocr_line' id='line_1_83' title="bbox 555 5268 2059 5348; baseline 0.008 -29"><span class='ocrx_word' id='word_1_531' title='bbox 555 5268 646 5333; x_wconf 72' lang='grc' dir='ltr'><strong>εἶ’.</strong></span> <span class='ocrx_word' id='word_1_532' title='bbox 679 5268 995 5335; x_wconf 72' lang='grc' dir='ltr'>Γνωστίκοὶ,</span> <span class='ocrx_word' id='word_1_533' title='bbox 1030 5271 1079 5323; x_wconf 88' lang='grc' dir='ltr'><strong>οἰ</strong></span> <span class='ocrx_word' id='word_1_534' title='bbox 1116 5270 1216 5334; x_wconf 80' lang='grc' dir='ltr'>τὰς</span> <span class='ocrx_word' id='word_1_535' title='bbox 1246 5272 1413 5335; x_wconf 79' lang='grc' dir='ltr'>αὑτὰς</span> <span class='ocrx_word' id='word_1_536' title='bbox 1464 5273 1701 5346; x_wconf 82' lang='grc' dir='ltr'>αἱρέσεις</span> <span class='ocrx_word' id='word_1_537' title='bbox 1742 5275 2059 5348; x_wconf 80' lang='grc' dir='ltr'>διαδεξάμε-</span> 
     </span>
    </p>
   </div>
   <div class='ocr_carea' id='block_1_84' title="bbox 480 5361 2057 5442">
    <p class='ocr_par' dir='ltr' id='par_1_84' title="bbox 480 5361 2057 5442">
     <span class='ocr_line' id='line_1_84' title="bbox 480 5361 2057 5442; baseline 0.007 -30"><span class='ocrx_word' id='word_1_538' title='bbox 480 5377 593 5413; x_wconf 84' lang='grc' dir='ltr'>νοι’</span> <span class='ocrx_word' id='word_1_539' title='bbox 627 5361 789 5416; x_wconf 87' lang='grc' dir='ltr'>πλέον</span> <span class='ocrx_word' id='word_1_540' title='bbox 822 5364 879 5416; x_wconf 84' lang='grc' dir='ltr'>δὲ</span> <span class='ocrx_word' id='word_1_541' title='bbox 907 5364 1089 5419; x_wconf 84' lang='grc' dir='ltr'>αὐτῶν</span> <span class='ocrx_word' id='word_1_542' title='bbox 1130 5367 1350 5420; x_wconf 83' lang='grc' dir='ltr'>πάντων</span> <span class='ocrx_word' id='word_1_543' title='bbox 1374 5366 1474 5437; x_wconf 88' lang='grc' dir='ltr'>τὴν</span> <span class='ocrx_word' id='word_1_544' title='bbox 1512 5368 1845 5439; x_wconf 77' lang='grc' dir='ltr'>αἰσχρότητα</span> <span class='ocrx_word' id='word_1_545' title='bbox 1874 5372 2057 5442; x_wconf 80' lang='grc' dir='ltr'>ἐμμα-</span> 
     </span>
    </p>
   </div>
   <div class='ocr_carea' id='block_1_85' title="bbox 480 5451 2055 5531">
    <p class='ocr_par' dir='ltr' id='par_1_85' title="bbox 480 5451 2055 5531">
     <span class='ocr_line' id='line_1_85' title="bbox 480 5451 2055 5531; baseline 0.009 -26"><span class='ocrx_word' id='word_1_546' title='bbox 480 5451 590 5514; x_wconf 88' lang='grc' dir='ltr'>νῶς</span> <span class='ocrx_word' id='word_1_547' title='bbox 619 5452 1009 5524; x_wconf 65' lang='grc' dir='ltr'>ἐργαζόμενον</span> <span class='ocrx_word' id='word_1_548' title='bbox 1042 5457 1099 5509; x_wconf 84' lang='grc' dir='ltr'><strong>ἐν</strong></span> <span class='ocrx_word' id='word_1_549' title='bbox 1143 5457 1405 5528; x_wconf 79' lang='grc' dir='ltr'>Αἰγύπτῳ</span> <span class='ocrx_word' id='word_1_550' title='bbox 1440 5458 1498 5511; x_wconf 82' lang='grc' dir='ltr'><strong>δέ</strong></span> <span class='ocrx_word' id='word_1_551' title='bbox 1528 5460 1916 5531; x_wconf 76' lang='grc' dir='ltr'>Στρατιωτικοί</span> <span class='ocrx_word' id='word_1_552' title='bbox 1954 5483 2055 5519; x_wconf 81' lang='grc' dir='ltr'><strong>κα-</strong></span> 
     </span>
    </p>
   </div>
   <div class='ocr_carea' id='block_1_86' title="bbox 482 5540 2057 5626">
    <p class='ocr_par' dir='ltr' id='par_1_86' title="bbox 482 5540 2057 5626">
     <span class='ocr_line' id='line_1_86' title="bbox 482 5540 2057 5626; baseline 0.01 -33"><span class='ocrx_word' id='word_1_553' title='bbox 482 5540 734 5611; x_wconf 85' lang='grc' dir='ltr'>λούμενοι</span> <span class='ocrx_word' id='word_1_554' title='bbox 787 5546 881 5598; x_wconf 76' lang='grc' dir='ltr'><strong>καὶ</strong></span> <span class='ocrx_word' id='word_1_555' title='bbox 939 5546 1281 5602; x_wconf 77' lang='grc' dir='ltr'>Φιὸιωνῖται·</span> <span class='ocrx_word' id='word_1_556' title='bbox 1332 5551 1390 5602; x_wconf 85' lang='grc' dir='ltr'><strong>ἐν</strong></span> <span class='ocrx_word' id='word_1_557' title='bbox 1434 5550 1493 5603; x_wconf 86' lang='grc' dir='ltr'>δὲ</span> <span class='ocrx_word' id='word_1_558' title='bbox 1546 5554 1660 5614; x_wconf 82' lang='grc' dir='ltr'>τοϊς</span> <span class='ocrx_word' id='word_1_559' title='bbox 1708 5553 2057 5626; x_wconf 85' lang='grc' dir='ltr'>ἀνωτερικοῖς</span> 
     </span>
    </p>
   </div>
   <div class='ocr_carea' id='block_1_87' title="bbox 484 5633 2053 5714">
    <p class='ocr_par' dir='ltr' id='par_1_87' title="bbox 484 5633 2053 5714">
     <span class='ocr_line' id='line_1_87' title="bbox 484 5633 2053 5714; baseline 0.01 -29"><span class='ocrx_word' id='word_1_560' title='bbox 484 5633 676 5704; x_wconf 84' lang='grc' dir='ltr'>μέρεσι</span> <span class='ocrx_word' id='word_1_561' title='bbox 703 5636 1094 5702; x_wconf 77' lang='grc' dir='ltr'>Σεκουνδιανοὶ,</span> <span class='ocrx_word' id='word_1_562' title='bbox 1124 5640 1181 5693; x_wconf 81' lang='grc' dir='ltr'><strong>ἐν</strong></span> <span class='ocrx_word' id='word_1_563' title='bbox 1201 5638 1377 5703; x_wconf 86' lang='grc' dir='ltr'>ἄλλοις</span> <span class='ocrx_word' id='word_1_564' title='bbox 1402 5640 1459 5693; x_wconf 86' lang='grc' dir='ltr'>δὲ</span> <span class='ocrx_word' id='word_1_565' title='bbox 1483 5641 1673 5713; x_wconf 86' lang='grc' dir='ltr'>μέρεσι</span> <span class='ocrx_word' id='word_1_566' title='bbox 1696 5643 2053 5714; x_wconf 84' lang='grc' dir='ltr'>Σωκρατίται,</span> 
     </span>
    </p>
   </div>
   <div class='ocr_carea' id='block_1_88' title="bbox 484 5726 2058 5817">
    <p class='ocr_par' dir='ltr' id='par_1_88' title="bbox 484 5726 2058 5817">
     <span class='ocr_line' id='line_1_88' title="bbox 484 5726 2058 5817; baseline 0.009 -37"><span class='ocrx_word' id='word_1_567' title='bbox 484 5726 636 5798; x_wconf 81' lang='grc' dir='ltr'>παρὰ</span> <span class='ocrx_word' id='word_1_568' title='bbox 661 5726 716 5782; x_wconf 89' lang='grc' dir='ltr'>δὲ</span> <span class='ocrx_word' id='word_1_569' title='bbox 755 5730 976 5801; x_wconf 80' lang='grc' dir='ltr'>ἑτέροις.</span> <span class='ocrx_word' id='word_1_570' title='bbox 999 5733 1274 5817; x_wconf 56' lang='grc' dir='ltr'><strong>Ζεκχαίοι.</strong></span> <span class='ocrx_word' id='word_1_571' title='bbox 1309 5733 1488 5788; x_wconf 79' lang='grc' dir='ltr'>Ἀλλοι</span> <span class='ocrx_word' id='word_1_572' title='bbox 1525 5734 1582 5789; x_wconf 84' lang='grc' dir='ltr'>δὲ</span> <span class='ocrx_word' id='word_1_573' title='bbox 1626 5735 1921 5802; x_wconf 80' lang='grc' dir='ltr'>Κοδδανοὺς</span> <span class='ocrx_word' id='word_1_574' title='bbox 1961 5743 2058 5795; x_wconf 78' lang='grc' dir='ltr'>αύ-</span> 
     </span>
    </p>
   </div>
   <div class='ocr_carea' id='block_1_89' title="bbox 2170 4905 3738 4978">
    <p class='ocr_par' dir='ltr' id='par_1_89' title="bbox 2170 4905 3738 4978">
     <span class='ocr_line' id='line_1_89' title="bbox 2170 4905 3738 4978; baseline 0.003 -19"><span class='ocrx_word' id='word_1_575' title='bbox 2170 4905 2373 4975; x_wconf 85' lang='lat' dir='ltr'><strong>iotypia</strong></span> <span class='ocrx_word' id='word_1_576' title='bbox 2399 4906 2466 4960; x_wconf 88' lang='lat' dir='ltr'><strong>ob</strong></span> <span class='ocrx_word' id='word_1_577' title='bbox 2507 4921 2733 4960; x_wconf 80' lang='lat' dir='ltr'><strong>uxorem</strong></span> <span class='ocrx_word' id='word_1_578' title='bbox 2761 4912 3023 4972; x_wconf 65' lang='lat' dir='ltr'><strong>aestuans,</strong></span> <span class='ocrx_word' id='word_1_579' title='bbox 3053 4922 3176 4961; x_wconf 88' lang='lat' dir='ltr'><strong>cum</strong></span> <span class='ocrx_word' id='word_1_580' title='bbox 3204 4909 3324 4963; x_wconf 88' lang='lat' dir='ltr'><strong>aliis</strong></span> <span class='ocrx_word' id='word_1_581' title='bbox 3351 4920 3738 4978; x_wconf 66' lang='lat' dir='ltr'><strong>prteposteram</strong></span> 
     </span>
    </p>
   </div>
   <div class='ocr_carea' id='block_1_90' title="bbox 2169 4999 3738 5067">
    <p class='ocr_par' dir='ltr' id='par_1_90' title="bbox 2169 4999 3738 5067">
     <span class='ocr_line' id='line_1_90' title="bbox 2169 4999 3738 5067; baseline 0 -13"><span class='ocrx_word' id='word_1_582' title='bbox 2169 5001 2453 5055; x_wconf 89' lang='lat' dir='ltr'><strong>libidinem</strong></span> <span class='ocrx_word' id='word_1_583' title='bbox 2482 5015 2740 5055; x_wconf 82' lang='lat' dir='ltr'><strong>exercere</strong></span> <span class='ocrx_word' id='word_1_584' title='bbox 2768 5015 2901 5055; x_wconf 88' lang='lat' dir='ltr'><strong>suos</strong></span> <span class='ocrx_word' id='word_1_585' title='bbox 2928 5000 3148 5055; x_wconf 82' lang='lat' dir='ltr'><strong>docuit.</strong></span> <span class='ocrx_word' id='word_1_586' title='bbox 3184 4999 3290 5054; x_wconf 88' lang='lat' dir='ltr'><strong>Sed</strong></span> <span class='ocrx_word' id='word_1_587' title='bbox 3324 5009 3377 5053; x_wconf 85' lang='lat' dir='ltr'><strong>et</strong></span> <span class='ocrx_word' id='word_1_588' title='bbox 3408 5000 3738 5067; x_wconf 85' lang='lat' dir='ltr'><strong>Caulacach,</strong></span> 
     </span>
    </p>
   </div>
   <div class='ocr_carea' id='block_1_91' title="bbox 2167 5091 3740 5162">
    <p class='ocr_par' dir='ltr' id='par_1_91' title="bbox 2167 5091 3740 5162">
     <span class='ocr_line' id='line_1_91' title="bbox 2167 5091 3740 5162; baseline -0.001 -15"><span class='ocrx_word' id='word_1_589' title='bbox 2167 5100 2221 5147; x_wconf 91' lang='lat' dir='ltr'><strong>et</strong></span> <span class='ocrx_word' id='word_1_590' title='bbox 2250 5091 2571 5155; x_wconf 86' lang='lat' dir='ltr'><strong>Prunicum,</strong></span> <span class='ocrx_word' id='word_1_591' title='bbox 2602 5100 2658 5148; x_wconf 92' lang='lat' dir='ltr'><strong>et</strong></span> <span class='ocrx_word' id='word_1_592' title='bbox 2684 5093 2792 5146; x_wconf 84' lang='lat' dir='ltr'><strong>alia</strong></span> <span class='ocrx_word' id='word_1_593' title='bbox 2824 5093 3108 5147; x_wconf 89' lang='lat' dir='ltr'><strong>nominum</strong></span> <span class='ocrx_word' id='word_1_594' title='bbox 3142 5097 3394 5162; x_wconf 87' lang='lat' dir='ltr'><strong>portenta</strong></span> <span class='ocrx_word' id='word_1_595' title='bbox 3426 5093 3656 5161; x_wconf 87' lang='lat' dir='ltr'><strong>turpiter</strong></span> <span class='ocrx_word' id='word_1_596' title='bbox 3683 5092 3740 5145; x_wconf 89' lang='lat' dir='ltr'><strong>in</strong></span> 
     </span>
    </p>
   </div>
   <div class='ocr_carea' id='block_1_92' title="bbox 2166 5184 2679 5241">
    <p class='ocr_par' dir='ltr' id='par_1_92' title="bbox 2166 5184 2679 5241">
     <span class='ocr_line' id='line_1_92' title="bbox 2166 5184 2679 5241; baseline -0.006 0"><span class='ocrx_word' id='word_1_597' title='bbox 2166 5186 2429 5241; x_wconf 89' lang='lat' dir='ltr'><strong>mundum</strong></span> <span class='ocrx_word' id='word_1_598' title='bbox 2456 5184 2679 5240; x_wconf 82' lang='lat' dir='ltr'><strong>invexit.</strong></span> 
     </span>
    </p>
   </div>
   <div class='ocr_carea' id='block_1_93' title="bbox 2237 5272 3738 5345">
    <p class='ocr_par' dir='ltr' id='par_1_93' title="bbox 2237 5272 3738 5345">
     <span class='ocr_line' id='line_1_93' title="bbox 2237 5272 3738 5345; baseline -0.002 -15"><span class='ocrx_word' id='word_1_599' title='bbox 2237 5275 2341 5345; x_wconf 82' lang='lat'><strong>53</strong></span> <span class='ocrx_word' id='word_1_600' title='bbox 2380 5275 2468 5329; x_wconf 80' lang='lat' dir='ltr'><strong>Vl.</strong></span> <span class='ocrx_word' id='word_1_601' title='bbox 2514 5274 2719 5328; x_wconf 83' lang='lat' dir='ltr'><strong>Harum</strong></span> <span class='ocrx_word' id='word_1_602' title='bbox 2773 5272 3018 5329; x_wconf 87' lang='lat' dir='ltr'><strong>Gnostici</strong></span> <span class='ocrx_word' id='word_1_603' title='bbox 3063 5286 3411 5328; x_wconf 88' lang='lat' dir='ltr'><strong>successores</strong></span> <span class='ocrx_word' id='word_1_604' title='bbox 3470 5272 3738 5327; x_wconf 86' lang='lat' dir='ltr'><strong>hacresum</strong></span> 
     </span>
    </p>
   </div>
   <div class='ocr_carea' id='block_1_94' title="bbox 2165 5360 3739 5437">
    <p class='ocr_par' dir='ltr' id='par_1_94' title="bbox 2165 5360 3739 5437">
     <span class='ocr_line' id='line_1_94' title="bbox 2165 5360 3739 5437; baseline -0.004 -16"><span class='ocrx_word' id='word_1_605' title='bbox 2165 5368 2327 5437; x_wconf 90' lang='lat' dir='ltr'><strong>longe</strong></span> <span class='ocrx_word' id='word_1_606' title='bbox 2353 5381 2543 5421; x_wconf 89' lang='lat' dir='ltr'><strong>omnes</strong></span> <span class='ocrx_word' id='word_1_607' title='bbox 2573 5364 2929 5434; x_wconf 87' lang='lat' dir='ltr'><strong>turpitudinis</strong></span> <span class='ocrx_word' id='word_1_608' title='bbox 2958 5370 3121 5431; x_wconf 90' lang='lat' dir='ltr'><strong>atque</strong></span> <span class='ocrx_word' id='word_1_609' title='bbox 3142 5361 3490 5416; x_wconf 67' lang='lat' dir='ltr'><strong>exsecranda:</strong></span> <span class='ocrx_word' id='word_1_610' title='bbox 3515 5360 3739 5415; x_wconf 81' lang='lat' dir='ltr'><strong>foedita-</strong></span> 
     </span>
    </p>
   </div>
   <div class='ocr_carea' id='block_1_95' title="bbox 2164 5453 3738 5528">
    <p class='ocr_par' dir='ltr' id='par_1_95' title="bbox 2164 5453 3738 5528">
     <span class='ocr_line' id='line_1_95' title="bbox 2164 5453 3738 5528; baseline -0.004 -14"><span class='ocrx_word' id='word_1_611' title='bbox 2164 5463 2236 5515; x_wconf 89' lang='lat' dir='ltr'><strong>tis</strong></span> <span class='ocrx_word' id='word_1_612' title='bbox 2275 5460 2497 5515; x_wconf 86' lang='lat' dir='ltr'><strong>vesania</strong></span> <span class='ocrx_word' id='word_1_613' title='bbox 2539 5463 2889 5528; x_wconf 86' lang='lat' dir='ltr'><strong>superarunt.</strong></span> <span class='ocrx_word' id='word_1_614' title='bbox 2923 5454 3184 5510; x_wconf 86' lang='lat' dir='ltr'><strong>Militares</strong></span> <span class='ocrx_word' id='word_1_615' title='bbox 3211 5458 3374 5523; x_wconf 82' lang='lat' dir='ltr'><strong>porro</strong></span> <span class='ocrx_word' id='word_1_616' title='bbox 3410 5453 3465 5505; x_wconf 89' lang='lat' dir='ltr'><strong>in</strong></span> <span class='ocrx_word' id='word_1_617' title='bbox 3498 5453 3738 5525; x_wconf 62' lang='lat' dir='ltr'><strong>ngypto</strong></span> 
     </span>
    </p>
   </div>
   <div class='ocr_carea' id='block_1_96' title="bbox 2165 5543 3738 5619">
    <p class='ocr_par' dir='ltr' id='par_1_96' title="bbox 2165 5543 3738 5619">
     <span class='ocr_line' id='line_1_96' title="bbox 2165 5543 3738 5619; baseline -0.008 -11"><span class='ocrx_word' id='word_1_618' title='bbox 2165 5554 2444 5619; x_wconf 86' lang='lat' dir='ltr'><strong>dicuntur,</strong></span> <span class='ocrx_word' id='word_1_619' title='bbox 2473 5561 2527 5606; x_wconf 89' lang='lat' dir='ltr'><strong>et</strong></span> <span class='ocrx_word' id='word_1_620' title='bbox 2548 5549 2906 5612; x_wconf 70' lang='lat' dir='ltr'><strong>Pbibionitaz;</strong></span> <span class='ocrx_word' id='word_1_621' title='bbox 2936 5547 2992 5601; x_wconf 87' lang='lat' dir='ltr'><strong>in</strong></span> <span class='ocrx_word' id='word_1_622' title='bbox 3019 5546 3299 5615; x_wconf 89' lang='lat' dir='ltr'><strong>superiore</strong></span> <span class='ocrx_word' id='word_1_623' title='bbox 3325 5555 3497 5600; x_wconf 81' lang='lat' dir='ltr'><strong>tractu</strong></span> <span class='ocrx_word' id='word_1_624' title='bbox 3526 5543 3738 5598; x_wconf 82' lang='lat' dir='ltr'><strong>Secun-</strong></span> 
     </span>
    </p>
   </div>
   <div class='ocr_carea' id='block_1_97' title="bbox 2165 5636 3734 5706">
    <p class='ocr_par' dir='ltr' id='par_1_97' title="bbox 2165 5636 3734 5706">
     <span class='ocr_line' id='line_1_97' title="bbox 2165 5636 3734 5706; baseline -0.008 -6"><span class='ocrx_word' id='word_1_625' title='bbox 2165 5645 2347 5705; x_wconf 82' lang='lat' dir='ltr'><strong>diani:</strong></span> <span class='ocrx_word' id='word_1_626' title='bbox 2394 5642 2523 5697; x_wconf 88' lang='lat' dir='ltr'><strong>alibi</strong></span> <span class='ocrx_word' id='word_1_627' title='bbox 2570 5639 2886 5706; x_wconf 74' lang='lat' dir='ltr'><strong>Socratitae;</strong></span> <span class='ocrx_word' id='word_1_628' title='bbox 2921 5639 2990 5692; x_wconf 89' lang='lat' dir='ltr'><strong>ab</strong></span> <span class='ocrx_word' id='word_1_629' title='bbox 3022 5638 3146 5692; x_wconf 85' lang='lat' dir='ltr'><strong>aliis</strong></span> <span class='ocrx_word' id='word_1_630' title='bbox 3173 5636 3405 5690; x_wconf 78' lang='lat' dir='ltr'><strong>Zaclnei.</strong></span> <span class='ocrx_word' id='word_1_631' title='bbox 3454 5636 3592 5690; x_wconf 88' lang='lat' dir='ltr'><strong>Sunt</strong></span> <span class='ocrx_word' id='word_1_632' title='bbox 3641 5637 3734 5705; x_wconf 89' lang='lat' dir='ltr'><strong>qui</strong></span> 
     </span>
    </p>
   </div>
   <div class='ocr_carea' id='block_1_98' title="bbox 2163 5730 3735 5805">
    <p class='ocr_par' dir='ltr' id='par_1_98' title="bbox 2163 5730 3735 5805">
     <span class='ocr_line' id='line_1_98' title="bbox 2163 5730 3735 5805; baseline -0.008 -8"><span class='ocrx_word' id='word_1_633' title='bbox 2163 5756 2259 5799; x_wconf 87' lang='lat' dir='ltr'><strong>eos</strong></span> <span class='ocrx_word' id='word_1_634' title='bbox 2286 5738 2594 5796; x_wconf 84' lang='lat' dir='ltr'><strong>Coddianos</strong></span> <span class='ocrx_word' id='word_1_635' title='bbox 2631 5735 2943 5801; x_wconf 85' lang='lat' dir='ltr'><strong>nominent;</strong></span> <span class='ocrx_word' id='word_1_636' title='bbox 2976 5732 3194 5804; x_wconf 85' lang='lat' dir='ltr'><strong>quidam</strong></span> <span class='ocrx_word' id='word_1_637' title='bbox 3226 5731 3577 5805; x_wconf 76' lang='grc' dir='ltr'>Βορὸορίτας,</span> <span class='ocrx_word' id='word_1_638' title='bbox 3618 5730 3735 5787; x_wconf 77' lang='lat' dir='ltr'><strong>sim</strong></span> 
     </span>
    </p>
   </div>
  </div>
