4204 6370
524 372 631 431 279

1918 367 1976 423 S.
2019 367 2354 423 ΕΡΙΡΠΑΝΙΙ

3671 371 3777 426 280

521 485 644 539 dem
674 481 1009 537 iunctionem
1043 480 1262 550 allegat,
1296 495 1326 535 e
1355 473 1553 549 quibus
1582 494 1654 531 vn
1692 479 1765 531 illi
1800 478 1969 541 fuere,
2002 479 2086 547 qui

2201 482 2247 531 oi
2284 478 2448 541 ἑπτὰ,
2488 480 2535 531 οἱ
2578 479 2668 531 ἐπὶ
2712 479 2819 532 τῶν
2865 480 3050 550 χηρῶν
3085 480 3439 550 τεταγμένοι·
3477 480 3774 549 Στέφανος,

522 576 589 630 ad
626 575 912 628 viduarum
945 573 1269 642 obsequium
1308 571 1498 627 delecti
1551 581 1711 625 sunt:
1764 569 2093 639 Stephanus,

520 667 826 734 Philippus,
859 664 1192 727 Procborus,
1223 664 1476 727 Nicanor,
1517 663 1733 725 Timon.
1778 665 2091 724 l’armeuas,

519 764 574 808 et
611 756 886 816 Nicolaus,
935 763 988 809 et
1021 763 1147 808 ante
1195 754 1293 809 hos
1335 754 1609 819 Matthias,
1656 754 1751 822 qui
1794 754 1913 806 loco
1944 753 2095 807 Judae

520 849 661 901 inter
692 847 971 916 apostolos
1008 854 1297 916 coeptatus
1332 854 1438 901 est.
1478 846 1558 900 Ad
1592 856 1845 915 septenos
1876 848 1998 902 illos
2031 862 2095 900 ac

522 938 826 1001 Matthiam,
880 937 1121 992 Marcum
1181 939 1426 1006 insuper,
1482 946 1536 992 et
1581 937 1807 1003 Lucam,
1853 938 2089 1005 Justum,

520 1027 847 1091 Barnabam,
878 1029 1178 1097 Appellem,
1210 1028 1450 1091 Ruﬂ'um,
1474 1028 1721 1098 Nigrum,
1746 1044 1809 1083 ac
1833 1030 2091 1099 reliquos,

522 1118 598 1172 uti
636 1119 897 1182 diximus,
932 1135 1078 1172 Luu
1110 1119 1327 1188 adjecit.
1365 1120 1577 1185 Quibus
1609 1136 1734 1174 cum
1762 1121 1926 1175 etiam
1962 1138 2091 1176 san-

520 1215 667 1261 ctum
694 1209 917 1261 Paulum
950 1218 1141 1277 suapte
1165 1210 1232 1263 de
1262 1210 1400 1263 cmlo
1431 1224 1563 1265 voce
1585 1211 1750 1265 missa
1784 1213 2091 1281 apostolum

518 1301 760 1368 gentium
790 1314 854 1353 ac
883 1315 1212 1369 praacouem,
1240 1308 1293 1355 et
1323 1302 1637 1371 apostolica:
1663 1303 1928 1358 doctrinae
1959 1319 2091 1357 con-

517 1399 910 1448 sununatorem
938 1392 1193 1447 instituit.
1220 1392 1323 1458 Qui
1346 1394 1562 1463 quidem
1594 1404 1841 1450 sanctum
1861 1395 2088 1461 Lucam,

517 1491 578 1534 ut
621 1491 958 1548 memorant,
1009 1500 1178 1538 unum
1230 1500 1260 1539 e
1304 1500 1454 1539 um
1506 1485 1797 1557 discipulis
1838 1487 1939 1556 51
1997 1489 2091 1557 qui

517 1574 699 1630 varias
725 1575 779 1628 in
809 1576 1061 1645 regiones
1101 1577 1353 1645 dissipati
1397 1576 1638 1643 fuerant,
1667 1579 1903 1641 reduxit,
1932 1595 2090 1633 eum-

516 1680 624 1733 que
661 1665 918 1720 comitem
946 1674 1001 1721 et
1032 1666 1337 1736 adjutorem
1369 1667 1644 1739 Evangelii
1672 1670 1833 1725 simul
1868 1681 1920 1724 et
1959 1685 2087 1739 apo-

514 1756 713 1808 stolum
745 1756 1013 1810 adhibuit.
1045 1755 1159 1811 Hoc
1189 1758 1352 1812 modo
1387 1766 1558 1813 totum
1602 1759 1881 1827 Evangelii
1917 1777 2090 1831 nego-

514 1845 649 1899 tium
680 1845 748 1898 ad
786 1846 838 1900 id
872 1862 1046 1917 usque
1078 1850 1338 1918 temperis
1365 1850 1675 1905 confectum
1702 1859 1806 1907 est.

586 1958 765 2028 Atque
797 1960 1065 2017 hactenus
1095 1962 1162 2017 dc
1201 1979 1251 2016 τι
1284 1964 1474 2030 sectis,
1506 1964 1683 2034 deque
1714 1981 1780 2021 eo
1811 1966 1957 2036 quod
1994 1982 2088 2021 or-

514 2050 643 2104 dine
685 2062 1039 2107 consecutum
1077 2066 1181 2117 est,
1227 2065 1280 2108 et
1328 2070 1357 2107 a
1402 2071 1488 2109 me
1531 2072 1630 2125 pro
1679 2057 1876 2110 virium
1923 2068 2089 2127 captu

513 2141 707 2207 paucis
738 2142 1091 2211 explicatum,
1127 2145 1439 2216 evangelica
1483 2147 1693 2201 scilicet
1736 2147 1876 2213 luce,
1907 2164 2028 2218 quae
2057 2164 2088 2203 a

511 2232 735 2287 Christo
761 2232 1011 2301 Domino,
1032 2235 1341 2307 Christique
1360 2238 1645 2308 discipulis
1670 2240 1787 2294 orbi
1814 2249 2085 2295 terrarum

514 2321 664 2374 illata
698 2322 819 2375 fuit.
851 2320 1060 2388 Quibus
1083 2339 1112 2377 a
1136 2339 1220 2378 me
1244 2325 1405 2379 dictis
1435 2335 1799 2381 consentanea
1828 2327 2088 2396 pleraque

510 2414 770 2482 colligere
798 2414 944 2476 licet,
967 2428 1031 2467 ac
1058 2416 1314 2470 vaticinia
1334 2424 1387 2471 et
1410 2419 1631 2471 oracula
1659 2434 1725 2472 ex
1747 2418 1865 2489 lege
1892 2418 2085 2482 veteri,

509 2505 597 2557 vel
626 2504 856 2559 Psalmis
887 2504 1119 2574 aliisque
1165 2508 1319 2562 libris
1366 2510 1711 2578 conquirere,
1748 2520 1801 2563 et
1844 2512 2085 2564 omnium

513 2595 733 2660 seriem,
758 2596 1117 2668 ordinemque
1157 2602 1523 2668 perscrutari;
1571 2616 1637 2655 ex
1679 2601 1859 2672 iisque
1902 2601 2088 2656 incar-

512 2687 792 2741 nationem
846 2687 1051 2743 Christi
1113 2688 1328 2744 Domini
1388 2694 1677 2763 perspicue
1730 2696 2088 2764 comprobare

512 2792 622 2831 non
651 2780 1080 2848 supposititiam,
1115 2783 1209 2837 sed
1253 2800 1435 2838 veram
1487 2787 1789 2851 exstitisse,
1835 2797 1997 2858 atque
2032 2790 2084 2842 in

510 2867 629 2936 lege
659 2871 827 2923 veteri
860 2872 1189 2941 nuntiatam,
1218 2883 1276 2928 ut
1299 2876 1366 2930 de
1397 2892 1461 2931 eo
1491 2879 1673 2933 nullus
1704 2880 1774 2933 sit
1802 2879 2084 2933 dubitandi

511 2959 666 3014 locus
699 2961 947 3016 relictus.
977 2962 1085 3018 Sed
1118 2980 1185 3019 ne
1210 2966 1373 3035 hujus
1397 2970 1577 3037 Operis
1604 2973 1860 3025 tractatio
1892 2974 1945 3025 in
1973 2971 2089 3025 inti-

511 3052 687 3104 nitum
727 3061 1030 3119 excrescat,
1063 3054 1150 3109 his
1184 3072 1306 3126 quae
1349 3059 1492 3112 dicta
1542 3072 1673 3115 sunt
1704 3066 1913 3117 erimus
1955 3080 2087 3117 con-

507 3140 665 3194 tenti.
1160 3164 1163 3169 ·

577 3252 657 3305 Ac
700 3252 959 3325 deinceps
1007 3258 1295 3327 opiniones
1348 3260 1493 3325 illas,
1541 3278 1663 3333 quae
1707 3265 1762 3319 in
1795 3266 2081 3321 hominum

507 3344 674 3398 vinum
702 3357 888 3415 postea
914 3349 1155 3418 pessimo
1178 3352 1363 3407 colore
1388 3369 1451 3407 ac
1478 3356 1660 3424 specie
1687 3358 1910 3427 prolatae
1937 3367 2083 3420 sunt,

507 3448 697 3491 eadem
730 3442 872 3495 serie
909 3451 1219 3511 pertexam:
1269 3454 1624 3517 posteaquam
1669 3466 1722 3502 χι
1771 3450 2084 3505 Judaeorum

510 3526 1096 3602 Samaritanorumque
1150 3544 1333 3592 sectas
1392 3552 1518 3591 cum
1574 3542 1949 3609 superioribus
2007 3559 2082 3604 ix,

505 3634 627 3689 qum
658 3621 853 3675 nartim
894 3638 925 3678 e
957 3622 1180 3689 Graecis,
1214 3627 1411 3695 partim
1452 3646 1520 3683 ex
1564 3631 1811 3688 barbaris
1853 3634 2083 3703 aliisque

505 3711 755 3767 conﬂata
797 3723 927 3769 sunt
973 3726 1101 3772 ante
1152 3717 1453 3774 Salvatoris
1501 3723 1814 3788 adventum,
1848 3725 1915 3779 ad
1966 3724 2083 3778 haec

507 3818 681 3872 usque
709 3813 956 3875 tempora
988 3808 1173 3863 habita
1211 3810 1497 3867 brevitatis
1530 3815 1743 3869 ratione
1767 3819 2079 3885 percensui.

825 3939 905 3994 De
931 3939 1254 4008 Nazarenis,
1289 3945 1395 3999 sive
1422 3946 1762 4003 Christianis.

574 4071 958 4131 Nazarreorum
982 4078 1096 4133 sive
1119 4077 1557 4135 Christianorum
1583 4090 1666 4136 est
1694 4082 1785 4151 qui
1820 4098 1849 4135 a
1880 4083 2079 4141 Judaeis

503 4160 654 4216 brevi
678 4164 965 4233 interjecto
988 4178 1233 4239 tempore
1252 4182 1477 4226 vocatus
1496 4181 1577 4226 est
1598 4172 2075 4239 Christianismus,

504 4258 559 4303 et
592 4252 661 4305 ab
690 4253 827 4322 ipsis
862 4238 998 4309 adeo
1033 4258 1296 4327 apostolis
1326 4258 1379 4311 id
1409 4274 1609 4313 nomen
1647 4262 1903 4327 obtinuit,
1949 4277 2074 4316 cum

504 4340 578 4395 ita
608 4340 801 4400 Petrus
825 4345 1042 4402 locutus
1072 4349 1163 4413 sit,
1191 4348 1373 4404 Jesum
1400 4349 1740 4405 Nazarenam
1772 4356 1941 4407 virum
1963 4370 2080 4422 pro-

504 4436 682 4487 batum
710 4452 740 4489 a
766 4436 875 4490 Deo
899 4438 938 4500 ί,
974 4448 1080 4494 etc.
1114 4438 1309 4495 Postea
1337 4460 1466 4497 vero
1489 4446 1789 4500 Antiochim
1812 4448 2078 4502 Christia-

2204 571 2465 632 Φίλιππος
2485 608 2499 632 ,
2530 571 2831 640 Πρόχορος,
2864 572 3149 641 Νικάνωρ,
3181 573 3366 641 Τίμων
3387 612 3400 633 ,
3440 573 3771 642 Παρμηνᾶς,

2204 665 2298 716 καὶ
2327 662 2609 725 Νικόλαος.
2639 664 2749 732 Πρὸ
2779 664 2980 715 τούτων
3008 664 3065 715 δὲ
3094 664 3360 728 Ματθίας,
3388 668 3414 717 ὀ
3449 667 3569 718 ἀντὶ
3612 667 3774 721 Ἰούδα

2205 753 2608 825 συμψηφισθεὶς
2654 754 2791 823 μετά
2832 753 2940 805 τῶν
2982 755 3315 809 ἀποστόλων.
3364 758 3518 809 Μετά
3552 758 3773 821 τούτους

2201 846 2261 898 δὲ
2286 848 2409 907 τοὺς
2440 844 2577 897 ἐπτά
2613 846 2706 897 καὶ
2745 844 2994 897 Ματθίαν
3028 846 3118 897 τὸν
3157 847 3260 916 πρὸ
3292 847 3492 911 αὐτῶν,
3524 848 3770 919 Μάρκον,

2201 937 2434 998 Λουκᾶν,
2469 933 2719 998 Ἰοῦστον,
2752 933 3060 1004 Βαρνάϐαν,
3089 936 3181 987 καὶ
3218 934 3497 1005 Ἀπελλῆν,
3526 936 3770 1005 Ῥοῦφον,

2200 1029 2430 1104 Νίγερα,
2461 1027 2555 1079 καὶ
2583 1027 2705 1089 τοὺς
2732 1025 2948 1088 λοιποὺς
2983 1025 3089 1079 τῶν
3124 1026 3603 1095 ἑϐδομηκονταδύο.
3637 1030 3771 1081 Μετ’

2200 1120 2393 1181 αὐτοὺς
2420 1118 2475 1171 δὲ
2510 1117 2715 1181 πάντας
2759 1118 2855 1170 καὶ
2903 1118 2998 1169 σὺν
3029 1118 3209 1180 αὐτοῖς
3259 1117 3466 1170 Παῦλον
3502 1119 3589 1171 τὸν
3620 1120 3773 1188 ἅγιον

2200 1210 2495 1264 ἀπόστολον
2527 1210 2614 1263 διὰ
2652 1210 2831 1279 φωνῆς
2880 1208 3013 1270 ἰδίας
3062 1209 3154 1260 ἀπ’
3201 1209 3428 1279 οὐρανοῦ
3478 1210 3771 1265 ἀπόστολον

2200 1302 2335 1372 ὁμοῦ
2370 1304 2463 1354 καὶ
2500 1303 2717 1371 κήρυκα
2742 1298 2909 1352 ἐθνῶν
2928 1339 2941 1363 ,
2974 1300 3067 1352 καὶ
3097 1299 3386 1371 πληρωτὴν
3412 1302 3771 1371 ἀποστολικῆς

2198 1392 2544 1454 διδασκαλίας
2596 1390 2893 1456 ἐξελέξατο.
2957 1392 3052 1453 Ὃς
3107 1390 3419 1459 εὑρίσκεται
3481 1392 3571 1445 τὸν
3619 1393 3770 1460 ἅγιον

2198 1486 2411 1538 Λουκᾶν
2453 1484 2582 1538 ὄντα
2610 1484 2718 1535 τῶν
2752 1482 3214 1551 ἑϐδομηκονταδύο
3261 1482 3366 1535 τῶν
3405 1484 3771 1554 ἐσκορπισμέ-

2198 1595 2337 1639 νων,
2390 1576 2761 1647 ἐπιστρέψας,
2802 1574 2896 1626 καὶ
2941 1574 3228 1628 ἀκόλουθον
3286 1574 3461 1645 ἑαυτῷ
3506 1577 3769 1646 ποιήσας,

2201 1668 2460 1742 συνεργὸν
2503 1668 2596 1720 τοῦ
2631 1667 2965 1736 Εὐαγγελίου
2994 1667 3129 1738 ὁμοῦ
3171 1667 3265 1720 καὶ
3301 1667 3614 1719 ἀπόστολον.
3662 1668 3772 1719 Καὶ

2198 1758 2369 1823 οὕτως
2394 1759 2647 1830 ἐτελέσθη
2680 1761 2715 1830 ἡ
2749 1760 2899 1811 πᾶσα
2924 1757 3265 1828 Εὑαγγελικὴ
3295 1756 3647 1828 πραγματεία
3667 1756 3771 1818 ἕως

2121 1847 2163 1902 Β
2191 1851 2381 1904 τούτου
2412 1852 2505 1905 τοῦ
2534 1854 2743 1923 χρόνου.

2264 1964 2455 2016 Ἔσται
2496 1963 2554 2016 δέ
2602 1981 2689 2033 μοι
2732 1966 2760 2017 ό
2801 1964 2955 2031 λόγος
2988 1963 3093 2026 ἕως
3135 1954 3237 2014 ὧδε
3272 1961 3401 2031 περὶ
3440 1959 3549 2013 τῶν
3580 1962 3773 2015 ἕνδεκα

2190 2055 2474 2125 αἱρέσεων,
2509 2055 2726 2125 καὶτῆς
2761 2054 2903 2107 κατά
2934 2052 3159 2123 δύναμιν
3202 2052 3519 2114 ἀκολουθίας
3552 2053 3607 2103 ὲν
3642 2068 3769 2104 συν-

2190 2147 2340 2217 τόμῳ
2379 2164 2468 2216 μοι
2502 2147 2828 2217 εερημένης,
2869 2145 3229 2214 εὐαγγελικῆς
3270 2144 3633 2213 φωταγωγίας
3672 2142 3771 2212 τῆς

2190 2238 2247 2289 ὲν
2274 2238 2462 2308 κόσμῳ
2492 2238 2559 2291 δι’
2583 2237 2751 2291 αὐτοῦ
2796 2237 2889 2289 καὶ
2916 2236 3025 2288 τῶν
3053 2234 3310 2306 μαθητῶν
3344 2234 3508 2287 αὐτοῦ
3536 2251 3769 2303 γεγενη-

2194 2329 2360 2400 μένης
2380 2347 2391 2359 ·
2422 2327 2515 2393 οὒς
2548 2329 2615 2382 τὰ
2645 2330 2806 2399 ὃμοια
2848 2328 3097 2394 συλλέξαι
3123 2367 3137 2391 ,
3191 2326 3285 2379 καὶ
3330 2324 3668 2395 παραθέσθαι
3700 2322 3771 2375 τὰ

2190 2422 2647 2492 προθεσπίσματά
2678 2438 2735 2474 τε
2772 2416 2865 2474 καὶ
2904 2421 3002 2483 τὰς
3052 2419 3387 2489 προφητείας
3431 2417 3539 2469 ἀπὸ
3585 2415 3770 2485 Νόμου

2189 2528 2247 2563 τε
2282 2511 2374 2564 καὶ
2404 2511 2648 2580 Ψαλμῶν
2688 2510 2782 2564 καὶ
2815 2510 2921 2563 τῶν
2947 2509 3120 2563 ἄλλων
3152 2509 3249 2570 τὰς
3277 2505 3599 2567 ἀκολουθίας
3621 2546 3636 2570 ,
3679 2504 3770 2556 καὶ

2189 2602 2287 2665 τάς
2318 2604 2540 2671 ἀγωγὰς
2585 2603 2791 2655 ἔνεστιν
2827 2604 2977 2665 ἰδεῖν,
3012 2603 3104 2654 καὶ
3149 2602 3248 2671 τὴν
3289 2598 3573 2669 ἀκρίϐειαν
3600 2612 3769 2650 κατα-

2190 2695 2448 2749 λαϐέσθαι
2474 2736 2487 2755 ,
2531 2696 2607 2758 ὡς
2664 2696 2723 2747 οὐ
2760 2695 2910 2758 νόθος
2937 2736 2950 2760 ,
2984 2694 3099 2747 ἀλλ’
3130 2691 3355 2761 ἀληθὴς,
3389 2692 3482 2743 κα)⁵
3538 2704 3769 2758 προκατ-

2191 2787 2472 2854 αγγελθεὶς
2495 2788 2514 2816 ²
2558 2786 2664 2838 ἀπὸ
2701 2788 2799 2855 τῆς
2833 2787 3073 2849 Παλαιᾶς
3102 2784 3375 2853 Διαθήκης
3405 2778 3769 2849 ἀναμφίὸολός

2191 2881 2337 2931 ἐστιν
2363 2882 2394 2948 ἡ
2424 2878 2685 2948 ἕνσαρκος
2715 2877 2952 2946 Χριστοῦ
2986 2876 3275 2946 παρουσία,
3309 2876 3403 2927 καὶ
3437 2870 3767 2941 εὐαγγελικὴ

2189 2971 2524 3024 διδασκαλία.
2561 2971 2676 3022 Ἵνα
2722 2970 2778 3021 δὲ
2830 2969 2903 3039 μὴ
2954 2970 3034 3031 εἰς
3078 2968 3241 3036 ὄγκον
3293 2964 3632 3034 παρεκτείνω
3668 2963 3767 3031 τὴν

2189 3064 2287 3131 τῆς
2343 3061 2644 3126 συντάξεως
2699 3061 3103 3133 πραγματείαν,
3156 3059 3366 3121 τούτοις
3430 3054 3764 3127 ἀρκεσθήσο-

2115 3192 2155 3248 C
2196 3172 2312 3225 μαι.

2268 3266 2476 3336 Προϊὼν
2505 3266 2560 3318 δὲ
2596 3264 2795 3335 ἑφεξῆς
2826 3265 2923 3329 τὰς
2952 3264 3246 3335 μετέπειτα
3277 3262 3354 3332 τῷ
3385 3262 3483 3331 βίῳ
3522 3255 3766 3326 ὲπιιρυεε-

2197 3375 2290 3420 σας
2340 3357 2431 3409 ἐπὶ
2474 3361 2617 3429 κακῇ
2661 3358 2928 3429 προφάσει
2983 3358 3140 3421 δόξας
3173 3358 3373 3427 ὁμοίως
3405 3351 3762 3423 διαγορεύσω,

2194 3448 2291 3517 ἤδη
2326 3448 2423 3510 τὰς
2458 3448 2646 3501 ἕνδεκα
2680 3450 2777 3512 τὰς
2808 3450 2915 3502 ἀπὸ
2955 3447 3217 3502 Ἰουδαίων
3248 3450 3340 3501 καὶ
3388 3443 3761 3516 Σαμαρειτῶν,

2193 3540 2285 3591 καὶ
2323 3538 2423 3609 τάςη
2461 3541 2564 3610 πρὸ
2593 3540 2768 3593 αὐτῶν
2811 3541 2966 3594 ἐννέα
3006 3541 3063 3606 ἐξ
3102 3540 3394 3608 Ἑλλήνων,
3427 3538 3521 3591 καὶ
3561 3536 3764 3606 βαρϐά-

2194 3647 2331 3700 ρων,
2367 3631 2460 3684 καὶ
2487 3631 2595 3684 τῶν
2628 3632 2803 3686 ἀλλων
2831 3633 3128 3702 γενομένας
3176 3630 3280 3701 πρὸ
3308 3632 3405 3696 τῆς
3434 3629 3527 3681 τοῦ
3561 3627 3762 3697 Κυρίου

2192 3725 2512 3792 παρουσίας,
2556 3726 2647 3778 καὶ
2688 3724 2793 3788 ἕως
2838 3725 3001 3777 αὐτοῦ
3034 3723 3128 3777 τοῦ
3161 3723 3348 3794 χρόνου
3389 3721 3621 3793 μετρίως
3658 3720 3764 3771 ἀττ-

2190 3812 2650 3883 αριθμησάμενος.

2408 3950 2547 4017 Περὶ
2579 3950 2942 4017 Ναζωραίων,
2978 3950 3108 4018 ἤτοι
3145 3946 3531 4017 Χριστιανῶν.

2258 4081 2629 4155 Ναζωραίων,
2685 4085 2712 4137 ὅ
2766 4086 2881 4137 ἐστι
2935 4081 3305 4153 Χριστιανῶν,
3358 4082 3387 4133 ὁ
3433 4078 3653 4150 κληθεὶς
3704 4079 3764 4130 ἐν

2187 4174 2349 4245 ὀλίγῳ
2387 4176 2562 4245 χρόνῳ
2592 4175 2694 4228 ὑπὸ
2740 4175 3006 4228 Ἰουδαίων
3039 4172 3487 4245 Χριστιανισμὸς,
3543 4163 3634 4223 καὶ
3668 4171 3760 4222 ὑπ’

2187 4267 2363 4320 αὐτῶν
2398 4267 2503 4319 τῶν
2542 4268 2883 4331 ἀποστόλων,
2930 4268 3179 4334 λέγοντος
3233 4266 3441 4335 Πέτρου
3466 4280 3478 4293 ·
3528 4262 3763 4329 Ἰησοῦν

2186 4361 2293 4414 τὸν
2331 4361 2663 4429 Ναζωραῖον
2687 4402 2699 4425 ,
2750 4361 2937 4428 ἄνδρα
2982 4357 3480 4426 ἀποδεδειγμένον
3524 4356 3593 4408 ἐκ
3654 4353 3762 4407 τοῦ

2189 4453 2356 4516 Θεοῦ,
2390 4454 2481 4505 καὶ
2512 4454 2579 4507 τά
2614 4453 2741 4523 ἑξῆς
2763 4471 2775 4483 ·
2815 4452 3041 4523 ὕστερον
3079 4452 3134 4503 δὲ
3161 4450 3268 4504 ἀπὸ
3305 4447 3631 4517 ’Λντιοχείας
3660 4446 3759 4513 ἀρ-

501 4525 716 4579 nismus
759 4529 1021 4597 appellari
1056 4534 1241 4592 euenit.
1284 4534 1378 4590 Est
1412 4543 1466 4590 et
1498 4539 1602 4591 alia
1647 4542 1864 4609 proprie
1902 4540 2077 4597 Naza-

2189 4538 2416 4610 ξάμενος
2440 4542 2715 4595 καλεῖσθαι
2744 4541 3184 4613 Χριστιανισμός.
3216 4541 3371 4593 Ἐστι
3397 4540 3453 4590 δὲ
3478 4537 3568 4589 καὶ
3600 4535 3758 4604 φύσει

502 4631 736 4671 raeorum
772 4628 943 4685 secta,
978 4622 1044 4676 de
1075 4626 1273 4692 qmbus
1306 4642 1408 4679 suo
1429 4628 1547 4682 loco
1575 4628 1997 4699 disputabimus.

574 4970 732 5025 'Act.
764 4985 826 5036 ιι,
858 4968 948 5025 22.
1032 4973 1053 5004 ³
1075 4971 1223 5029 Fort.
1260 4980 1811 5049 προκαταγγελθεῖσα.

2180 4632 2388 4701 αἵρεσις
2425 4634 2782 4705 Ναζωραίων,
2814 4652 2877 4685 πε
2888 4635 2942 4704 pl.
2981 4627 3055 4687 ὧν
3106 4632 3336 4702 καθεξῆς
3369 4628 3591 4699 λέξομεν
3622 4626 3757 4680 κατά

2186 4722 2274 4777 τὸν
2301 4724 2492 4793 καιρὸν
2517 4725 2616 4796 τῆς
2642 4725 2977 4789 ἀκολουθίας.
