4204 6370
455 373 553 429 281

1421 362 1790 420 ADVERSUS
1828 356 2173 416 IIASRESES.
2203 355 2330 411 LIB.
2374 358 2416 410 l.
2460 356 2621 410 ΤΟΜ.
2664 356 2721 410 ll.

3605 341 3709 397 28"}

461 565 3688 621 Mm

1201 740 1381 793 TAAE
1412 733 1683 790 ENESTI
1710 729 1842 785 ΚΑΙ
1871 694 1969 781 EN
2016 728 2243 799 ΤΟΥΤῼ
2297 728 2380 796 Τῼ
2422 728 2505 779 ΔΕ
2520 723 2749 793 ΥΤΕΡῼ
2794 724 2984 793 ΤΟΜῼ

1711 885 1847 939 ΤΟΥ
1878 882 2154 939 ΠΡΩΊὈΥ
2190 879 2489 943 ΒΙΒΛΙΟΥ,

1490 1047 1593 1101 Ἐν
1622 1037 1671 1110 ᾦ
1701 1045 1859 1095 εἰσιν
1892 1036 2150 1107 αἱρέσεις
2184 1034 2491 1103 δεκατρεῖς
2512 1034 2723 1101 οὕτως.

1215 1296 1634 1361 INDICULUS
1677 1290 1957 1353 EORUM
2002 1288 2186 1360 QUAﬂ
2231 1285 2311 1344 IN
2362 1282 2557 1343 TOM.
2616 1282 2676 1342 ll
2749 1283 2898 1343 LIB.
2941 1284 2969 1344 Ι

1898 1437 2298 1488 CONTINENTUR,

1342 1589 1468 1663 Qui
1510 1587 1793 1648 haereses
1838 1572 2287 1655 complectitur
2329 1590 2447 1634 xm
2489 1574 2609 1636 hoc
2650 1574 2897 1637 ordine.

543 1854 624 1909 A'.
661 1847 986 1923 Σιμωνιανοὶ
1008 1883 1027 1912 ,
1069 1844 1121 1897 οἱ
1152 1841 1260 1896 ἀπὸ
1294 1840 1536 1909 Σίμωνος
1581 1834 1675 1887 τοῦ
1714 1830 1908 1898 Μάγου
1956 1825 2050 1880 τοῦ

2222 1830 2328 1901 52
2364 1830 2401 1885 I.
2446 1831 2749 1887 Simoniani
2795 1848 2825 1886 a
2874 1831 3096 1886 Simone
3127 1831 3285 1901 Mago
3336 1831 3723 1901 cognominati,

473 1948 567 2001 ἐπὶ
588 1946 795 2015 Πέτρου
820 1941 914 1994 τοῦ
939 1936 1259 1995 ἀποστόλου,
1286 1931 1479 2003 κώμης
1504 1927 1708 1983 Γιτθῶν
1737 1926 1838 1994 τῆς
1864 1924 2049 2015 Σα-μαῗ

477 2038 645 2111 ρείας.
687 2011 857 2096 ὸῦτος
899 2030 1007 2084 ἀπὸ
1057 2022 1412 2097 Σαμαρειτῶν
1450 2021 1696 2092 ὡρμᾶτο,
1727 2011 2049 2111 Χριστοῦ-δὲ

472 2104 638 2181 ύπέδυ
669 2126 837 2195 ὄνομα
871 2122 1051 2193 μόνον.
1093 2114 1331 2178 Ἑδίδαξε
1359 2114 1415 2166 δὲ
1445 2109 1854 2181 αἰσχροποιίαν,
1904 2104 2046 2174 μίξιν

475 2215 755 2290 μολυσμοῦ
777 2254 791 2278 ,
830 2210 1105 2282 γυναικῶν
1140 2205 1482 2276 ἀδιαφορίαν.
1525 2201 1801 2271 Σωμάτων
1832 2198 1887 2250 δὲ
1913 2199 2048 2290 ἀ-πο-

473 2285 728 2363 βάλλεται
772 2306 870 2375 τὴν
899 2303 1214 2364 ἀνάστασιν,
1263 2298 1356 2352 καὶ
1398 2296 1487 2348 τὸν
1535 2294 1735 2363 κύσμον
1787 2292 1861 2361 μὴ
1911 2285 2050 2341 εἶναι

474 2402 609 2454 Θεοῦ
647 2399 866 2468 φάσκει.
917 2394 1115 2448 Εἰκὸνα
1142 2392 1198 2445 δὲ
1225 2388 1388 2442 αὐτοῦ
1416 2388 1490 2449 ὡς
1518 2386 1659 2451 Διὸς,
1692 2384 1785 2436 καὶ
1819 2382 1917 2453 τῆς
1954 2382 2051 2433 σὺν

475 2492 624 2563 αὐτῷ
667 2491 872 2563 πόρνης
928 2488 1150 2556 ὀνόματι
1190 2483 1429 2551 Ἑλένης,
1474 2478 1703 2548 Ἀθηνᾶς
1732 2476 1901 2527 τύπον
1940 2476 2053 2535 τοῖς

478 2584 670 2639 ἑαυτοῦ
710 2581 976 2653 μαθηταῖς
1006 2576 1290 2649 παρεδίδου
1323 2577 1402 2636 εἰς
1429 2571 1820 2642 προσκύνησιν.
1861 2568 2051 2633 Ἔλεγε

475 2677 532 2732 δὲ
562 2674 753 2728 ἑαυτὸν
791 2670 1159 2741 Σαμαρείταις
1186 2668 1282 2738 μὲν
1307 2666 1399 2718 τὸν
1423 2663 1662 2730 Πατέρα,
1703 2657 1970 2720 Ἰουδαίοις
1996 2656 2053 2709 δὲ

476 2768 566 2822 τὸν
590 2763 843 2836 Χριστόν.

548 2858 624 2910 B'.
669 2853 1085 2924 Μενανδριανοὶ,
1117 2852 1166 2903 οἱ
1205 2848 1312 2902 ἀπὸ
1341 2848 1532 2901 τούτου
1568 2843 1661 2897 τοῦ
1695 2844 1936 2913 Σίμωνος
1968 2840 2054 2893 διὰ

476 2948 787 3019 Μενάνδρου
833 2946 978 3008 τινὸς
1011 2942 1368 3013 ἐναρξάμενοι
1410 2938 1789 3011 διαφερόμενοι
1821 2954 1881 2989 τε
1920 2936 2055 3006 πρὸς

477 3043 604 3104 τοὺς
652 3038 1017 3110 Σιμωνιανοὺς
1062 3034 1205 3087 κατά
1250 3048 1336 3086 τι·
1378 3031 1435 3095 ὃς
1471 3031 1578 3084 ἀπὸ
1618 3029 1863 3098 ἀγγέλων
1903 3026 2055 3094 ἔλεγε

476 3135 566 3187 τὸν
600 3134 803 3203 κόσμον
835 3127 1184 3199 γεγενῆσθαι.

548 3307 621 3360 Γ’.
664 3302 1098 3376 Σατορνιλιανοὶ,
1147 3301 1195 3354 οί
1244 3298 1387 3353 κατὰ
1427 3298 1528 3368 τὴν
1571 3294 1769 3368 Συρίαν
1812 3294 1908 3366 τὴν
1949 3294 2057 3348 τῶν

478 3397 829 3468 Σιμωνιανῶν
885 3396 1239 3469 κρατύνοντες
1294 3391 1673 3463 αἰσχρολογίαν
1701 3429 1715 3455 ,
1772 3389 1935 3457 ἕτερα
2001 3386 2057 3439 δὲ

479 3488 635 3560 παρὰ
673 3490 799 3548 τοὺς
830 3487 1200 3559 Σιμωνιανοὺς
1238 3486 1318 3547 εἰς
1369 3482 1626 3552 ἔκπληξιν
1669 3479 2060 3551 περισσοτέραν

480 3581 845 3653 κηρύσσοντες
874 3620 888 3645 ,
924 3580 1033 3633 ἀπὸ
1064 3579 1121 3631 δὲ
1151 3574 1472 3648 Σατορνίλου
1498 3575 1597 3645 τὴν
1628 3573 1800 3644 ἀρχὴν
1829 3570 2059 3640 ἐσχηκό-

479 3692 594 3738 τες,
636 3674 695 3738 ὂς
720 3675 814 3727 καὶ
859 3674 1021 3737 αὐτὸς
1068 3669 1212 3725 κατὰ
1242 3667 1553 3738 Μένανδρον
1581 3668 1670 3719 ὑπ’
1699 3665 1944 3734 ἀγγέλων
1970 3665 2060 3717 τὸν

481 3766 686 3836 κόσμον
727 3764 1055 3834 γεγενῆσθαι
1095 3762 1320 3832 ἔφασκε,
1364 3759 1538 3829 μόνων
1578 3758 1635 3811 δὲ
1668 3758 1809 3817 ἑπτὰ
1838 3757 1925 3811 διὰ
1963 3757 2062 3828 τὴν

479 3857 574 3912 τοῦ
605 3857 715 3911 ἄνω
740 3857 955 3927 Πατρὸς
988 3854 1235 3926 γνώμην.

554 3953 627 4003 Δ’.
669 3948 1078 4011 Βασιλειδιανοὶ,
1111 3950 1160 4000 οί
1198 3951 1297 4019 τῆς
1326 3948 1499 4018 αὐτῆς
1549 3942 1937 4015 αἰσχρουργίας
1974 3958 2062 3994 τε·

482 4042 687 4109 ὶεσταὶ,
729 4042 837 4096 ἀπὸ
865 4040 1177 4094 Βασιλείδου
1223 4040 1317 4093 τοῦ
1348 4041 1465 4111 ἅμα
1503 4036 1808 4107 Σατορνίλῳ
1834 4036 1946 4097 τοῖς
1974 4035 2064 4085 Σι-

487 4137 774 4204 μωνιανοῖς
821 4134 917 4186 καὶ
960 4132 1381 4204 Μενανδριανοῖς
1433 4127 1943 4201 μεμαθητευμὲνοι,
1996 4126 2064 4179 τὰ

482 4226 643 4296 ὃμοια
678 4226 776 4297 μὲν
801 4225 1154 4297 φρονοῦντος,
1186 4224 1328 4277 κατά
1358 4238 1410 4275 τι
1435 4222 1491 4275 δὲ
1516 4220 1931 4291 διαφερομένου.
1962 4218 2065 4270 Λέ-

482 4335 573 4387 γει
618 4318 673 4370 δὲ
716 4318 1060 4389 τριακοσίους
1106 4315 1534 4386 ὲξηκονταπέντε
1598 4313 1861 4383 οὐρανοὺς
1904 4305 2062 4373 εἶναι,

484 4410 578 4463 καὶ
604 4409 815 4472 τούτοις
847 4408 1088 4478 ὀνόματα
1116 4405 1383 4475 ἀγγελικα
1415 4404 1682 4474 ἐκτίθησι.
1712 4404 1801 4456 Διὸ
1841 4403 1935 4455 καὶ
1975 4402 2063 4454 τὸν

2086 3171 2126 3225 Β

2149 1925 2241 1993 qui
2275 1923 2507 1992 apostoli
2539 1922 2687 1978 Petri
2721 1924 3061 1992 temporibus
3094 1924 3253 1984 vixit,
3298 1938 3328 1977 e
3373 1922 3576 1979 Gittltis
3605 1926 3727 1979 vico

2150 2016 2386 2085 quodam
2406 2017 2692 2077 oriundus.
2726 2015 2832 2070 Iste
2848 2031 2968 2069 cum
2989 2024 3134 2071 esset
3152 2014 3550 2078 Samaritanus,
3570 2015 3730 2071 Chri-

2152 2116 2293 2160 stum
2326 2107 2548 2162 nomine
2579 2117 2740 2161 tenus
2786 2104 3069 2175 professus
3099 2115 3213 2161 est:
3253 2114 3445 2159 auctor
3480 2108 3730 2161 nefandas

2151 2197 2531 2263 obscenitatis,
2590 2204 2643 2251 et
2706 2197 3135 2265 inquinatissimi
3186 2197 3533 2251 concubitus.
3581 2195 3730 2251 Prae-

2150 2298 2300 2344 terea
2323 2290 2666 2359 promiscuas
2692 2304 2894 2343 uxores
2919 2304 3042 2343 esse
3073 2289 3261 2342 voluit.
3298 2290 3539 2359 Corpora
3571 2296 3732 2359 negat

2153 2396 2463 2449 resurgere,
2494 2396 2594 2434 nec
2625 2395 2656 2433 a
2688 2380 2798 2434 Deo
2830 2380 3089 2433 mundum
3120 2362 3444 2434 fabricatum
3474 2396 3597 2435 esse
3628 2390 3735 2433 sta-

2155 2473 2281 2526 tuit.
2308 2471 2605 2542 Imaginem
2640 2485 2805 2539 porro
2837 2486 2993 2525 suam
3038 2471 3317 2539 scortiqne
3366 2471 3473 2534 sui,
3514 2473 3732 2525 nomine

2154 2564 2393 2629 Helena},
2427 2567 2528 2619 sub
2569 2564 2824 2618 Minerva:
2859 2564 3042 2632 Specie
3070 2563 3355 2632 discipulis
3396 2564 3734 2617 adorandam

2154 2646 2412 2711 obtrusit.
2443 2656 2597 2725 Apud
2633 2656 2935 2709 Samaritas
2964 2670 3063 2724 pro
3089 2654 3199 2709 Deo
3230 2654 3391 2710 Patre
3438 2670 3497 2709 se
3547 2654 3735 2708 vendi-

2154 2758 2301 2813 tans,
2333 2747 2537 2802 Iudaeis
2564 2746 2843 2803 Christum
2870 2764 2929 2801 se
2957 2763 3080 2801 esse
3108 2746 3346 2801 dicebat.

2226 2840 2290 2894 II.
2329 2838 2703 2891 Menandriani
2744 2839 2813 2892 ab
2866 2838 3057 2891 eodem
3092 2837 3185 2890 illo
3235 2837 3457 2890 Simone
3491 2850 3587 2905 per
3625 2833 3737 2889 Me-

2156 2932 2423 2983 nandrum
2459 2931 2747 2999 quemdam
2799 2929 3064 2999 originem
3093 2936 3400 2993 traxerunt,
3425 2927 3737 2982 nonnullis-

2156 3037 2262 3091 que
2309 3022 2362 3075 in
2409 3022 2574 3075 rebus
2619 3037 2646 3075 a
2692 3021 3027 3074 Simonianis
3057 3019 3394 3089 discrepant.
3441 3021 3739 3073 Menander

2158 3129 2321 3182 porro
2364 3113 2628 3167 mundum
2676 3113 2742 3166 ab
2784 3112 2989 3182 angelis
3020 3111 3187 3166 fuisse
3222 3110 3550 3181 productum
3584 3126 3737 3165 asse-

2158 3207 2288 3260 ruit.

2230 3299 2316 3353 III.
2353 3298 2712 3353 Saturniliani
2743 3299 2796 3353 in
2836 3297 2993 3369 Syria
3030 3296 3473 3351 Simonianorum
3502 3296 3737 3366 turpitu-

2160 3391 2339 3445 dinem
2368 3397 2660 3443 auxerunt.
2691 3388 2962 3442 Nonnulla
2992 3402 3212 3456 quoque
3239 3387 3304 3440 ad
3329 3385 3589 3455 majorem
3614 3370 3739 3440 con.

2160 3482 2457 3535 ciliandum
2500 3493 2776 3548 stuporem
2814 3479 2882 3532 ad
2924 3479 3141 3532 illorum
3176 3477 3428 3546 adjecere
3460 3478 3736 3547 dogmata.

2162 3570 2365 3624 llorum
2417 3572 2676 3639 princeps
2719 3568 3039 3623 Saturnilus
3084 3568 3207 3631 fuit,
3262 3569 3356 3638 qui
3405 3567 3627 3638 perinde
3675 3583 3741 3622 ac

2161 3658 2459 3714 Menander
2503 3660 2691 3713 mundi
2739 3658 3053 3713 conditores
3084 3658 3331 3728 angelos,
3364 3658 3468 3712 hoc
3530 3668 3613 3712 est
3654 3673 3741 3712 se-

2162 3758 2357 3819 ptenos
2383 3766 2445 3805 ex
2477 3750 2564 3814 iis,
2593 3750 2745 3812 facit,
2764 3751 2926 3819 idque
2960 3751 3109 3819 ipsos
3139 3751 3205 3803 de
3233 3751 3471 3818 supremi
3499 3749 3741 3818 parentis

2161 3840 2432 3894 sententia
2465 3841 2777 3908 suscepisse
2804 3840 3017 3894 statuit.

2232 3932 2321 3987 IV.
2352 3934 2671 3988 Basilidiani
2722 3932 2987 3987 foeditatis
3034 3932 3280 4000 ejusdem
3317 3930 3455 3985 socii
3489 3929 3555 3982 ad
3589 3927 3741 3982 Basi-

2163 4023 2306 4078 liden
2339 4024 2605 4093 originem
2640 4022 2906 4085 referunt,
2943 4022 3039 4090 qui
3073 4036 3196 4073 cum
3236 4018 3516 4072 Saturnilo
3560 4019 3742 4071 Simo-

2163 4117 2365 4179 nianis,
2405 4130 2469 4169 ac
2499 4113 2909 4168 Menandrianis
2941 4128 3160 4181 operam
3194 4110 3385 4165 dedit:
3426 4126 3488 4163 ac
3522 4110 3740 4164 tametsi

2162 4207 2349 4263 eadem
2385 4207 2498 4259 fere
2524 4206 2743 4266 sentiat,
2785 4204 2839 4255 in
2870 4202 3198 4272 quibusdam
3215 4209 3417 4255 otamen
3445 4200 3737 4268 discrepat.

2163 4299 2298 4352 Nam
2326 4300 2578 4352 caelestes
2605 4298 2779 4365 .orbes
2809 4310 3013 4350 cccsxv
3043 4294 3348 4356 constituit,
3377 4308 3516 4362 quos
3566 4308 3738 4362 ange-

2165 4391 2288 4443 licis
2312 4388 2630 4441 nominibus
2661 4384 2825 4439 allicit
2855 4404 2867 4437 :
2900 4386 3129 4454 ideoque
3163 4384 3388 4438 totidem
3423 4385 3615 4438 diebus
3643 4398 3744 4436 an-

484 4501 728 4554 ὲνιαυτὸν
776 4476 1044 4553 τοσούτων
1086 4499 1305 4569 ἡμερῶν
1342 4494 1499 4561 εἶναι,
1547 4496 1641 4549 καὶ
1684 4494 1743 4547 τὸ
1790 4492 2057 4562 Ἀϐρασὰξ

2166 4498 2296 4536 num
2321 4488 2575 4535 constare
2598 4485 2806 4532 censet.
2831 4476 2994 4530 Addit
3017 4487 3070 4529 et
3092 4477 3429 4530 Abrasaxam
3456 4477 3741 4545 cujusdam

484 4592 653 4661 ὄνομα
681 4592 961 4661 δυνάμεως
982 4630 995 4653 ,
1026 4590 1054 4642 ὃ
1263 4588 1443 4658 ψῆφον
1472 4587 1597 4653 τξε’,
1628 4587 1722 4640 καὶ
1750 4582 1887 4639 εἷναί
1928 4602 2058 4657 φησι

2169 4574 2391 4629 virtutis
2413 4586 2633 4634 nomen,
2653 4584 2772 4639 qua:
2791 4583 2996 4622 ccccxv
3019 4584 3306 4622 numerum
3340 4568 3537 4622 litteris
3559 4569 3741 4637 expri-

484 4682 642 4735 τοῦτο
671 4683 823 4750 ἅγιον
854 4681 1080 4752 Πνεῦμα
1105 4681 1294 4749 ὄνομα.

555 4773 630 4827 E'.
674 4773 1013 4836 Νικολαῗται,
1039 4774 1146 4826 ἀπὸ
1174 4771 1442 4825 Νικολάου
1476 4770 1571 4824 τοῦ
1598 4771 1690 4822 ἐπὶ
1716 4772 1835 4833 ταῖς
1863 4770 2062 4840 χήραις

485 4862 592 4915 ὑπὸ
614 4862 720 4915 τῶν
745 4863 1058 4916 ἀποστόλων
1081 4861 1390 4931 ταχθέντος,
1422 4860 1479 4923 ὃς
1505 4860 1592 4913 διὰ
1611 4859 1772 4929 ζῆλον
1798 4860 1896 4930 τῆς
1927 4860 2062 4922 ίδίας

486 4955 732 5023 γαμετῆς
751 4955 851 5025 τὴν
881 4953 1270 5024 αἰσχρουργίαν
1300 4953 1420 5021 ἅμα
1446 4953 1558 5014 τοῖς
1586 4950 1766 5013 ἄλλοις
1796 4950 2062 5004 ἐπιτελεῖν

484 5043 610 5106 τοὺς
636 5043 800 5096 αὐτοῦ
828 5042 1074 5113 μαθητὰς
1096 5042 1334 5107 ἐδίδαξε-
1350 5042 1443 5094 acati.
1466 5041 1595 5112 περὶ
1620 5043 1716 5093 τοῦ
1738 5040 2059 5110 Καύλακαχ,

486 5133 583 5185 καὶ
620 5133 939 5206 Προυνίκου,
969 5134 1065 5187 καὶ
1105 5133 1281 5186 ἄλλων
1312 5132 1658 5204 βαρϐαρικῶν
1689 5132 1987 5201 ὀνομάτων,
2027 5132 2063 5185 ἃ.

484 5225 565 5296 τῷ
592 5226 783 5295 κόσμῳ
824 5226 1083 5297 μυσαρῶς
1111 5226 1459 5296 εἰσηγήσατο.

559 5319 650 5384 ς’.
682 5318 999 5381 Γνωστίκοὶ,
1033 5318 1083 5369 οἱ
1120 5316 1219 5379 τὰς
1250 5316 1417 5379 αὑτὰς
1468 5315 1705 5388 αἱρέσεις
1746 5315 2063 5386 διαδεξάμε-

485 5427 597 5465 νοιο
632 5410 793 5465 πλέον
826 5412 885 5464 δὲ
912 5411 1093 5466 αὐτῶν
1135 5412 1354 5465 πάντων
1378 5409 1479 5481 τὴν
1517 5409 1851 5480 αἰσχρότητα
1879 5411 2063 5480 ἐμμα-

487 5503 595 5564 νῶς
624 5501 1014 5573 ἐργαζόμενοι·
1047 5504 1105 5556 ὲν
1149 5502 1410 5571 Αἰγύπτῳ
1446 5501 1503 5554 δὲ
1533 5502 1921 5573 Στρατιωτικοὶ
1960 5521 2061 5557 κα-

488 5591 741 5661 λούμενοι
793 5594 887 5647 καὶ
945 5592 1287 5648 Φιϐιωνῖται·
1338 5595 1396 5646 ὲν
1440 5593 1499 5647 δὲ
1552 5596 1667 5656 τοϊς
1715 5594 2064 5665 ἀνωτερικοίς

491 5683 683 5755 μέρεσι
709 5684 1100 5748 Σεκουνδιανοὶ,
1131 5687 1188 5739 ὲν
1208 5683 1384 5746 ἄλλοις
1409 5683 1465 5735 δὲ
1490 5684 1680 5755 μέρεσι
1703 5685 2060 5754 Σωκρατῖται,

491 5776 645 5848 παρὰ
669 5777 725 5832 δὲ
763 5778 985 5849 ἑτέροις,
1008 5780 1283 5865 Ζακχαῖοι.
1317 5776 1496 5831 ’Δλλοι
1534 5776 1590 5831 δὲ
1634 5776 1929 5841 Κοδδανοὺς
1969 5781 2065 5833 αῦ-

2170 4669 2289 4731 mit,
2322 4667 2484 4736 idque
2515 4664 2779 4734 Spiritum
2807 4678 2931 4718 esse
2957 4668 3207 4717 sanctum
3243 4662 3458 4716 asserit.

2242 4758 2306 4813 γ.
2341 4756 2625 4812 Nicolaita:
2657 4771 2686 4809 a
2720 4754 2944 4808 Nicolao
2984 4754 3077 4807 illo
3107 4752 3335 4807 derivati
3368 4762 3516 4815 sunt,
3552 4750 3638 4804 cui
3673 4750 3747 4805 ab

2171 4852 2437 4921 apostolis
2460 4848 2748 4903 viduarum
2779 4860 2912 4899 cura
2959 4846 3252 4900 commissa
3280 4844 3478 4900 fuerat.
3513 4843 3611 4896 llic
3652 4859 3745 4896 ze-

2170 4942 2373 5011 lotypia
2400 4940 2467 4995 ob
2507 4952 2734 4993 uxorem
2761 4943 3024 5001 aestuans,
3054 4950 3177 4989 cum
3204 4935 3325 4989 aliis
3352 4944 3739 5004 praeposteram

2170 5036 2453 5091 libidinem
2483 5047 2741 5089 exercere
2770 5046 2902 5087 suos
2929 5028 3149 5084 docuit.
3185 5026 3291 5081 Sed
3326 5035 3379 5080 et
3410 5025 3739 5089 Caulacach,

2169 5137 2224 5185 ct
2252 5127 2572 5189 Prunicum,
2604 5132 2660 5181 et
2686 5125 2794 5178 alia
2827 5123 3110 5177 nominum
3144 5124 3396 5189 portenta
3427 5118 3658 5186 turpiter
3685 5115 3743 5168 in

2169 5222 2431 5277 mundum
2459 5219 2682 5273 invexit.

2241 5311 2345 5381 53
2383 5310 2471 5364 Vl.
2517 5307 2723 5361 llarum
2777 5303 3023 5359 Gnostici
3066 5313 3415 5357 successores
3474 5297 3741 5351 haeresum

2170 5404 2332 5473 longe
2358 5415 2548 5455 omnes
2577 5394 2933 5466 turpitudinis
2962 5399 3124 5459 atque
3146 5387 3495 5444 exsecranda:
3519 5385 3743 5439 foedita-

2170 5499 2241 5552 tis
2279 5494 2501 5550 vesania
2543 5494 2895 5560 superarunt.
2929 5484 3189 5539 Militares
3216 5494 3379 5551 porro
3416 5478 3470 5532 in
3504 5477 3744 5548 Egypto

2171 5591 2450 5653 dicuntur,
2479 5594 2533 5639 et
2553 5580 2913 5643 Phibionitae;
2942 5577 2999 5630 in
3025 5574 3305 5644 superiore
3331 5581 3503 5626 tractu
3532 5568 3743 5622 Secun.

2172 5680 2354 5740 diani:
2401 5676 2529 5731 alibi
2576 5670 2893 5735 Socratitae;
2928 5668 2996 5722 ab
3028 5667 3153 5721 aliis
3179 5663 3413 5718 Zacluei.
3461 5661 3599 5715 Sunt
3648 5660 3741 5729 qui

2171 5791 2265 5834 eos
2295 5771 2602 5831 Coddianos
2638 5766 2950 5830 nominent;
2983 5760 3202 5833 quidam
3234 5756 3586 5831 Βορϐορίτας,
3626 5754 3743 5811 εἰιο
