4204 6370
438 354 549 413 εὸδ

1844 364 1908 422 S.
1949 365 2290 424 ENPHANII

3590 359 3699 418 286

441 470 758 527 lutulentos.
803 472 886 529 Ab
911 474 1035 530 istis
1082 473 1333 543 Barbelo,
1392 476 1787 550 siveﬁarbero,
1829 484 2020 540 nescio

2130 485 2250 549 τοὺς
2278 483 2551 551 λέγουσιν·
2586 480 2735 535 ἄλλοι
2753 480 2810 534 δὲ
2850 478 3176 551 Βορ6ορίτας
3202 476 3395 540 αὐτοὺς
3425 474 3695 531 καλοῦσιν.

436 579 562 635 qure
592 564 875 634 prmdicari
909 568 1067 622 solet.

518 655 626 709 Vll.
653 656 1065 728 Carpocratiani
1096 675 1127 715 a
1158 660 1492 730 Carpoerate
1519 664 1754 732 quodam
1782 665 2024 723 Asiatico

441 748 597 812 dicti,
633 750 725 819 qui
763 750 828 804 ad
858 766 1021 806 omne
1055 754 1457 823 turpitudinum
1485 772 1547 810 ac
1573 755 1900 827 ﬂagitiorum
1930 776 2024 829 ge-

440 857 550 896 nus
592 841 897 913 discipulos
945 842 1304 900 informabat.
1342 846 1496 913 Quod
1548 848 1592 903 si
1631 849 1775 919 quis,
1822 851 2020 916 aiebat,

442 951 556 989 non
588 936 769 989 omnia
809 936 1166 1006 percurrerit,
1196 952 1376 1008 neque
1401 939 1729 1008 daemonum,
1774 951 1830 997 et
1860 959 2025 1013 ange-

444 1026 623 1081 lorum
655 1028 900 1081 omnium
934 1028 1201 1083 voluntati
1238 1030 1589 1096 satisfecerit,
1622 1048 1935 1102 supremum
1968 1036 2025 1089 in

444 1121 644 1174 cmlum
672 1120 827 1175 evehi
858 1121 1081 1175 minime
1104 1130 1304 1191 potest,
1332 1138 1511 1194 neque
1541 1124 1901 1195 principatus,
1928 1141 2025 1196 po-

445 1218 786 1281 testatesque
840 1212 1253 1268 transcendere.
1299 1212 1593 1270 Asserebat
1648 1216 1791 1271 idem
1837 1216 2023 1272 Jesum

448 1312 630 1359 mente
667 1304 951 1374 praeditam
987 1305 1227 1359 animam
1260 1306 1584 1376 sumpsisse,
1628 1317 1684 1362 et
1712 1310 2026 1380 cegnitione

448 1395 760 1450 cmlestium
792 1396 1060 1452 imbutum
1096 1396 1413 1453 hominibus
1444 1413 1508 1452 ea
1540 1400 1862 1455 nuntiasse:
1886 1416 1949 1455 ac
1976 1401 2026 1457 si

447 1486 575 1555 quis
621 1486 836 1549 cadent,
868 1502 990 1556 quae
1033 1486 1193 1543 .Iesus
1238 1488 1390 1553 olim,
1432 1498 1732 1559 perpetret,
1774 1492 1919 1547 haud
1958 1506 2026 1547 eo

449 1576 763 1633 inferiorem
800 1578 1066 1635 futurum.
1099 1578 1326 1635 Demum
1358 1582 1528 1652 legem
1563 1598 1670 1637 una
1716 1599 1841 1639 eum
1881 1601 2027 1641 mor-

448 1675 673 1722 tuorum
704 1672 1107 1726 resurrectione
1137 1672 1450 1737 damnabat,
1478 1675 1938 1743 quemadmodum
1972 1684 2027 1733 et

451 1758 781 1825 Simoniani,
833 1764 1124 1833 eaeterique
1163 1779 1375 1831 omnes,
1414 1780 1553 1835 quos
1582 1766 1870 1839 hucusque
1903 1785 2027 1839 per-

2125 568 2285 628 Οὗτοι
2312 574 2410 645 τὴν
2450 570 2707 643 Βαρὸελὼ
2729 572 2823 626 καὶ
2847 569 3107 642 Βαρδερὼ
3136 568 3380 639 αὐχοῦσι.

2198 666 2273 722 Z'.
2303 664 2802 735 Καρποκρατιανοί,
2828 661 2937 715 ἀπὸ
2967 660 3394 732 Καρποκράτους
3425 658 3570 720 τινὸς
3590 657 3699 710 τῶν
3723 664 3735 699 1

2125 756 2184 811 ἐν
2213 759 2278 827 τῇ
2323 756 2498 826 Ἀσίᾳ,
2533 756 2591 819 ὃς
2616 755 2860 807 ἐδίδασκε
2899 755 3081 807 πᾶσαν
3124 750 3511 823 αἰσχρουργίαν
3545 752 3699 803 ἐκτε-

2125 850 2255 914 λεῖν,
2288 849 2381 901 καί
2408 850 2515 900 πᾶν
2548 845 2883 917 ἐπιτήδευμα
2929 844 3223 914 ἁμαρτίας.
3256 844 3364 896 Καὶ
3405 843 3454 895 εἰ
3490 844 3564 913 μή
3590 859 3697 906 τις,

2128 940 2281 1010 φησὶ,
2314 938 2402 991 διὰ
2450 938 2668 991 πάντων
2701 935 2981 1006 παρέλθοι,
3025 935 3117 987 καὶ
3144 934 3204 987 τὸ
3229 933 3439 1003 θέλημα
3480 934 3697 986 πάντων

2124 1030 2233 1085 τῶν
2288 1028 2554 1099 δαιμόνων
2598 1027 2694 1080 καὶ
2742 1025 2987 1094 ἀγγέλων
3037 1022 3315 1096 ἐκτελέσῃ,
3361 1025 3420 1077 οὐ
3477 1024 3699 1078 δύναται

2127 1123 2229 1175 ύπε
2240 1120 2434 1191 ρ6ἧναι
2463 1120 2543 1180 εἰς
2566 1116 2657 1170 τὸν
2685 1115 2959 1170 ἀνώτατον
2988 1115 3237 1186 οὐρανὸν,
3264 1114 3381 1168 οὐδὲ
3406 1115 3502 1179 τὰς
3526 1116 3700 1188 ἀρχὰς

2127 1214 2222 1268 καὶ
2252 1212 2349 1275 τὰς
2391 1209 2637 1276 ἐξουσίας
2679 1207 2988 1279 παρελθεῖν.
3028 1208 3219 1275 Ἔλεγε
3266 1206 3323 1259 δὲ
3364 1207 3457 1262 τὸν
3494 1208 3700 1279 Ἰησοῦν

2124 1302 2301 1373 ψυχὴν
2349 1300 2541 1371 νοερὰν
2576 1299 2876 1370 εἰληφέναι,
2913 1298 3090 1352 εἰδότα
3132 1297 3188 1350 δὲ
3217 1297 3288 1351 τὰ
3316 1297 3427 1351 ἄνω
3469 1298 3700 1352 ἐνταῦθα

2128 1393 2544 1464 καταγγέλλειν
2583 1391 2679 1445 καὶ
2715 1391 2790 1455 ὼς
2824 1392 2877 1444 εἰ
2904 1408 2956 1443 τι
2990 1390 3246 1461 πράξειεν
3288 1390 3447 1460 ὃμοια
3476 1390 3572 1461 τῷ.
3594 1392 3701 1461 Ἰη-

2131 1489 2246 1555 σοῦ,
2280 1488 2400 1543 κατ’
2434 1487 2595 1542 αὐτὸν
2621 1481 2783 1541 εἶναι.
2818 1488 2922 1539 Τόν
2948 1503 3009 1538 τε
3042 1486 3203 1557 νόμον
3232 1486 3330 1539 σὺν
3369 1488 3435 1555 τῇ
3480 1484 3588 1537 τῶν
3611 1500 3700 1535 νε·-

2127 1579 2277 1651 κρῶν
2309 1578 2600 1632 ἀναστάσει
2630 1575 2993 1647 ἀπηγόρευεν,
3016 1576 3090 1639 ὼς
3114 1576 3169 1629 αἰ
3203 1574 3312 1631 ἀπὺ
3334 1574 3571 1645 Σίμωνος
3606 1572 3701 1626 καὶ

2126 1671 2287 1743 δεῦρο
2333 1670 2591 1741 αἱρέσεις.
2639 1668 2841 1720 Τούτου
2885 1667 3105 1735 γέγονεν
3147 1668 3180 1737 ἡ
3216 1668 3273 1720 ἐν
3319 1664 3504 1738 Ῥώμῃ
3544 1665 3701 1733 Map-

2130 1762 2369 1816 κελλίνα.
2423 1758 2733 1823 Εἰκόναςδέ
2763 1759 2993 1829 ποιήσας
3034 1760 3091 1811 ὲν
3135 1760 3318 1830 κρυφῇ
3363 1755 3559 1827 Ἰησοῦ,
3605 1753 3702 1807 καὶ

449 1848 662 1904 censui.
698 1848 781 1903 Ex
823 1850 989 1919 hujus
1023 1866 1187 1923 grege
1216 1852 1532 1910 Marcellina
1562 1857 1654 1911 illa
1690 1837 1874 1913 Romae
1900 1837 2021 1913 l'uit.

2130 1854 2364 1917 Παύλου,
2392 1853 2487 1907 καί
2530 1852 2790 1922 Ὀμήρου,
2821 1851 2913 1903 καί
2948 1850 3285 1921 Πυθαγόρου,
3315 1848 3536 1910 ταύταις
3578 1846 3703 1900 ἐθυ-

448 1938 629 2010 Atque
658 1940 800 1995 idem
826 1941 977 2007 Jesu,
1013 1941 1298 2014 Paulique,
1344 1960 1447 2001 nec
1480 1962 1591 2001 non
1618 1955 1674 2002 et
1708 1947 1928 2004 Homeri
1961 1964 2026 2005 ac

453 2030 773 2103 Pythagora:
814 2034 1127 2089 clanculum
1173 2036 1438 2107 imagines
1483 2038 1715 2110 ﬁngens,
1753 2040 2027 2098 sumtibus

448 2140 546 2182 eas
581 2135 632 2181 et
658 2126 973 2182 adoratione
1006 2137 1329 2197 prosecutus
1361 2139 1467 2185 est.

523 2216 659 2273 Vill.
698 2216 1062 2283 Cerinthiani,
1116 2221 1233 2276 sive
1264 2220 1636 2288 Merintbiani,
1668 2238 1697 2277 a
1723 2224 1984 2280 Cerintho
2009 2264 2026 2291 ,

448 2309 539 2364 vel
572 2309 839 2365 Merintho
863 2310 1079 2367 Judaici
1125 2315 1343 2384 generis
1391 2317 1741 2381 exstiterunt,
1782 2318 1873 2387 qui
1919 2318 2030 2371 cir-

452 2402 843 2458 cumcisionem
878 2419 986 2473 prae
1014 2420 1074 2460 se
1107 2404 1375 2461 ferebant.
1420 2406 1679 2462 Mundum
1711 2408 1780 2463 ab
1822 2409 2029 2479 angelis

452 2498 808 2563 fabricatum,
846 2498 1030 2554 Jesum
1067 2500 1133 2555 ad
1182 2500 1391 2556 Christi
1427 2501 1750 2572 dignitatem
1797 2518 1892 2572 per
1928 2503 2031 2557 vir-

451 2598 629 2644 tutum
657 2591 988 2646 inerementa
1017 2594 1335 2662 pervenisse
1359 2593 1639 2649 dixerunt.

526 2678 616 2733 lx.
658 2678 923 2736 Nazareni
964 2682 1040 2735 ita
1071 2680 1257 2736 Jesum
1306 2697 1430 2737 esse
1475 2682 1779 2745 Christum,
1831 2681 2033 2753 Deique

453 2768 652 2826 Filium
700 2782 1074 2837 asseruerunt,
1118 2780 1175 2827 ut
1210 2772 1378 2828 Mosis
1428 2774 1601 2844 legem
1634 2774 1862 2828 omnino
1908 2776 2033 2829 vita:

454 2862 523 2917 ad
551 2863 857 2917 institutum
888 2864 1240 2918 adsciverint.
1839 2851 1841 2853 1

528 2951 594 3007 X.
645 2952 1059 3019 Cerinthianis,
1117 2970 1183 3009 ac
1229 2952 1528 3009 Nazarenis
1587 2954 1852 3009 simillimi
1906 2963 2034 3011 sunt

455 3042 745 3107 Ebionitaa,
781 3046 981 3115 quibus
1019 3060 1143 3099 cum
1196 3044 1512 3115 Sampsaeis,
1552 3055 1607 3099 et
1637 3044 1893 3101 Elcesaeis
1934 3047 2035 3101 ali-

455 3151 565 3206 qua
594 3152 661 3190 ex
688 3144 840 3206 parte
867 3138 1146 3192 convenit.
1205 3136 1270 3191 lli
1308 3137 1587 3192 Christum
1619 3138 1674 3192 in
1709 3139 1852 3193 caelo
1877 3153 2034 3193 crea-
2058 3166 2105 3227 ο

456 3235 596 3291 tum,
647 3230 877 3299 ejusque
925 3238 1177 3285 sanetum
1226 3228 1488 3299 Spiritum
1538 3229 1825 3284 allirmant.
1878 3228 2032 3285 Illum

458 3319 637 3387 ipsum
672 3319 726 3371 in
757 3320 1025 3373 Adamum
1061 3334 1183 3374 sese
1216 3319 1483 3375 infudisse
1515 3322 1718 3391 primo,
1752 3336 1815 3374 ac
1838 3313 2036 3376 deinde

457 3402 683 3465 exuisse
712 3420 978 3477 narrant;
1012 3418 1126 3466 tum
1160 3412 1399 3469 subiisse
1429 3413 1645 3479 denuo;
1676 3412 1839 3484 idque
1882 3429 2034 3469 com-

459 3499 680 3553 modum
717 3500 933 3563 fecisse,
966 3515 1092 3553 cum
1120 3500 1176 3555 in
1209 3511 1384 3556 terras
1408 3516 1636 3571 corpore
1666 3501 2035 3556 circumfusus

460 3588 704 3643 advenit.
737 3590 815 3644 Ac
847 3592 973 3647 licet
999 3591 1171 3646 Judaei
1207 3592 1339 3656 sint,
1372 3591 1723 3662 Evangelium
1756 3593 2037 3646 nihilomi-

462 3695 569 3734 nus
606 3681 887 3738 adhibent.
923 3682 1183 3737 Carnium
1228 3698 1384 3738 esum
1432 3683 1793 3738 detestantur.
1827 3685 2035 3753 Aquam

462 3783 564 3837 pro
598 3767 706 3823 Deo
739 3780 1092 3825 venerantur.
1120 3771 1398 3825 Christum
1432 3774 1485 3826 in
1518 3788 1619 3827 suo
1650 3772 1762 3837 illo,
1799 3774 1876 3826 uti
1907 3774 2039 3828 dixi-

464 3872 612 3922 mus,
656 3859 889 3914 adventu
929 3859 1205 3913 hominem
1246 3860 1489 3916 induisse
1532 3862 1743 3915 dicunt.
1795 3861 2038 3932 Denique

464 3948 623 4017 aquis
650 3964 712 4004 se
741 3950 1036 4006 identidem
1072 3958 1183 4003 tam
1212 3950 1391 4005 hieme
1423 3967 1585 4020 quam
1611 3960 1802 4006 testate
1834 3953 2036 4017 lavant,

465 4039 575 4112 54
620 4042 879 4096 nimirum
937 4044 1190 4112 puritatis
1244 4043 1603 4098 conciliandae
1659 4043 1763 4098 sibi
1819 4046 2037 4115 gratia,

464 4132 920 4201 quemadmodum
957 4132 1260 4189 Samaritaa.

537 4222 628 4279 XI.
670 4222 941 4279 Valentini
974 4240 1274 4295 corporum
1318 4224 1782 4281 resurrectionem
1816 4235 2040 4299 negant.

470 4312 637 4368 Vetus
666 4312 1099 4381 Testamentum,
1155 4332 1219 4371 ac
1259 4318 1555 4388 prophetas
1591 4328 1876 4390 respuunt.
1912 4319 2044 4385 Qua:

464 4404 826 4460 nihilominus
849 4407 1035 4477 legunt
1073 4408 1199 4478 ipsi,
1234 4417 1287 4463 et
1314 4410 1360 4463 si
1392 4411 1524 4479 quid
1552 4421 1633 4466 est
1656 4412 1799 4482 quod
1823 4412 1889 4465 ad
1920 4412 2043 4465 illo-

2130 1943 2228 2014 μία
2255 1945 2348 1998 καί
2374 1942 2713 2013 προσεκύνει.

2198 2230 2280 2284 H'.
2316 2230 2691 2302 Κηρινθιανοί,
2740 2230 2791 2283 οἰ
2843 2230 2935 2283 καὶ
2976 2226 3353 2298 Μηρινθιανοί·
3403 2219 3546 2279 οὗτοι
3594 2224 3706 2278 ἀπὸ

2130 2325 2401 2398 Κηρίνθου
2430 2326 2526 2378 καὶ
2566 2324 2843 2395 Μηρίνθου
2887 2323 3128 2378 Ἰουδαῖοί
3176 2338 3321 2383 τινες
3356 2319 3455 2390 τὴν
3485 2336 3705 2388 περιτο-

2131 2416 2240 2488 μὴν
2292 2416 2613 2487 αὐχοῦντες·
2648 2415 2738 2468 τὸν
2781 2415 2838 2469 δὲ
2891 2415 3095 2485 κόσμον
3135 2412 3224 2465 ὑπ’
3264 2410 3508 2480 ἀγγέλων
3545 2427 3705 2479 γεγε-

2131 2506 2327 2577 νῆσθαι
2360 2505 2630 2575 λέγοντες,
2669 2502 2876 2576 Ἰησοῦν
2908 2504 2963 2558 δὲ
2998 2505 3139 2558 κατὰ
3161 2502 3443 2574 προκοπὴν
3472 2502 3703 2574 Χριστὸν

2132 2597 2447 2669 κεκλῆσθαι.

2202 2690 2279 2742 Θ’.
2334 2686 2665 2758 Ναζωραῖοι,
2710 2686 2760 2739 οἳ
2802 2686 3035 2757 Χριστὸν
3090 2684 3445 2759 ὁμολογοῦσιν
3501 2682 3708 2754 Ἰησοῦν

2134 2778 2261 2832 Υἰὺν
2292 2778 2450 2844 Θεοῦ,
2484 2778 2659 2832 πάντα
2688 2777 2745 2831 δὲ
2774 2778 2915 2831 κατὰ
2944 2777 3106 2848 νόμον
3137 2777 3563 2846 πολιτευόμενοι.

2205 2955 2262 3009 l'.
2303 2954 2623 3016 Ἐὁιωναῖοι,
2651 2954 2701 3005 οἱ
2742 2953 3112 3024 παραπλήσιοι
3156 2951 3263 3005 τῶν
3296 2950 3709 3023 προειρημένων

2134 3044 2511 3117 Κηρινθιανῶν
2540 3046 2637 3097 καὶ
2673 3044 3011 3116 Ναζωραίων
3030 3062 3046 3078 ο
3076 3040 3158 3106 οἷς
3192 3043 3437 3115 συνήφθη
3487 3043 3626 3096 κατά
3656 3059 3708 3096 τι

2135 3140 2167 3209 ἡ
2190 3138 2298 3191 τῶν
2326 3137 2624 3207 Σαμψαίων
2650 3154 2707 3190 τε
2744 3138 2837 3190 καὶ
2875 3136 3202 3190 Ἐλκεσαίων
3230 3136 3458 3207 αἵρεσις.
3490 3137 3552 3189 Οἳ
3574 3138 3707 3206 Χρι-

2136 3229 2257 3282 στόν
2291 3246 2455 3299 φασιν
2504 3228 2785 3283 κεκτίσθαι
2824 3229 2880 3280 ἐν
2924 3226 3004 3297 τῷ
3046 3227 3281 3299 οὐρανῷ,
3326 3228 3420 3279 καὶ
3456 3227 3517 3279 τὸ
3555 3227 3707 3296 ἆγιον

2134 3318 2299 3372 αὐτοῦ
2328 3318 2573 3389 Πνεῦμα.
2618 3318 3033 3388 Ἐνδημήσαντα
3064 3316 3122 3368 δὲ
3158 3317 3250 3369 τὸν
3284 3316 3516 3387 Χριστὸν
3548 3318 3605 3371 ἐν
3633 3317 3710 3387 τῷ

2147 3411 2317 3481 Ἀδὰμ
2361 3412 2597 3481 πρῶτον,
2648 3410 2741 3463 καί¹
2774 3408 2916 3463 κατὰ
2956 3408 3145 3479 καιρὸν
3190 3408 3512 3478 ἐκδυόμενον
3551 3407 3711 3462 αὑτὸν

2134 3500 2226 3551 τὸν
2268 3500 2459 3570 Ἀδὰμ,
2485 3501 2581 3554 καὶ
2612 3500 2772 3554 πάλιν
2804 3499 3145 3569 ἐνδυόμενον,
3180 3498 3241 3551 τὸ
3275 3499 3409 3551 αὐτὸ
3439 3497 3597 3551 τοῦτό
3619 3516 3712 3567 φα-

2138 3608 2221 3644 σιν
2247 3593 2650 3645 ἐκτετελεκέναι
2679 3591 2840 3645 αὑτὸν
2870 3593 2926 3644 ἐν
2952 3593 3018 3661 τῇ
3041 3591 3290 3661 ὲνσὰρκῳ
3314 3588 3479 3642 αὐτοῦ
3508 3608 3713 3661 παρου-

2138 3683 2248 3755 σία.
2297 3685 2538 3737 Ἰουδαῖοι
2564 3684 2619 3736 δὲ
2662 3685 2815 3747 ὄντες
2842 3682 3191 3751 Εὑαγγελίοις
3235 3682 3546 3752 κέχρηνται.
3574 3683 3711 3755 Σαρ-

2137 3777 2406 3845 κοφαγίαν
2443 3776 2833 3845 βδελύττονται.
2871 3775 2945 3827 Τὸ
2991 3773 3135 3846 ὕδωρ
3168 3774 3290 3826 ἀντὶ
3328 3773 3463 3826 Θεοῦ
3498 3773 3711 3843 έχουσι·

2136 3868 2226 3920 τὸν
2256 3869 2312 3921 δὲ
2354 3869 2590 3936 Χριστὸν
2624 3868 2908 3938 ἄνθρωπον
2952 3868 3099 3936 ἐντῇ
3148 3865 3400 3934 ὲνσάρκῳ
3445 3863 3713 3936 παρουσίᾳ

2140 3958 2468 4023 ἐνδεδύσθαι,
2498 3959 2573 4023 ὡς
2602 3960 2754 4029 ἔφην.
2794 3958 3039 4028 Συνεχῶς
3064 3956 3122 4009 δὲ
3154 3954 3501 4024 βαπτίζονται
3533 3958 3591 4008 ἐν
3605 3958 3715 4019 τοῖς

2141 4049 2296 4104 ὕδασι
2327 4050 2517 4121 θέρους
2548 4068 2605 4103 τε
2640 4051 2735 4103 καί¹
2778 4050 3069 4121 χειμῶνος,
3114 4047 3194 4109 εἰς
3238 4046 3502 4118 ἁγνισμὸν
3537 4047 3715 4116 δῆθεν,

2139 4138 2289 4191 ὥσπε
2297 4156 2326 4210 ρ
2354 4141 2403 4192 οἰ
2443 4141 2795 4210 Σαμαρεῖται.

2208 4231 2313 4288 IA'.
2357 4231 2727 4296 Ούαλεντϊνοι,
2788 4231 2839 4285 οἵ
2884 4231 3091 4302 σαρκὸς
3139 4232 3236 4303 μὲν
3282 4229 3719 4301 ἀπαγορεύουσιν

2142 4321 2459 4388 ἀνάστασιν,
2493 4323 2738 4377 Παλαιὰν
2773 4323 3048 4394 Διαθήκην
3085 4323 3334 4377 ἁθετοῦσι
3385 4325 3477 4377 καὶ
3506 4321 3716 4391 προφή⁹

2144 4428 2262 4475 τας,
2292 4411 2758 4478 ἀναγινώσκοντες
2788 4412 2886 4483 μὲν
2920 4414 3010 4464 καί
3045 4413 3145 4465 ὃσα
3168 4415 3245 4476 εἰς
3277 4411 3531 4482 ὁμοίωσιν
3562 4409 3718 4461 δύνα-

467 4511 589 4550 rum
638 4496 868 4552 haeresin
910 4514 1006 4569 per
1054 4500 1279 4570 llguram
1320 4516 1383 4555 ac
1413 4510 1625 4572 tropum
1645 4504 2035 4558 accommodari

2146 4518 2233 4553 ται
2258 4502 2699 4572 τροπολογεῖσθαι
2723 4501 2823 4568 τῆς
2848 4502 3027 4555 αὐτῶν
3059 4503 3341 4573 αἱρέσεως,
3372 4501 3466 4553 καί
3499 4499 3718 4567 δεχόμε-

468 4587 661 4655 possit,
704 4589 758 4642 id
797 4590 1118 4644 admittunt.
1171 4590 1277 4646 Sed
1325 4605 1505 4648 certas
1534 4596 1797 4664 quasdam
1830 4595 2043 4650 fabulas

471 4678 822 4745 addiderunt,
851 4691 907 4736 et
936 4682 1156 4752 triginta
1178 4699 1389 4737 menum
1427 4687 1717 4755 utriusque
1752 4702 1918 4742 sexus
1948 4702 2043 4741 vo-

470 4770 667 4823 cabula
700 4771 991 4825 commenti
1024 4778 1183 4835 sunt;
1220 4788 1357 4840 quos
1389 4773 1605 4842 quidem
1628 4790 1812 4830 aeonas
1834 4776 1902 4829 ab
1924 4776 2050 4830 uni-

475 4875 759 4915 versorum
789 4869 1015 4930 parente
1042 4875 1106 4913 ac
1138 4862 1420 4916 conditore
1436 4865 1732 4933 productos
1768 4875 2043 4931 asserunt,

473 4967 614 5021 quos
634 4958 689 5005 et
715 4949 868 5017 deos,
896 4957 950 5004 et
966 4965 1149 5006 aaonas
1174 4950 1403 5007 faciunt.
1442 4952 1669 5007 Demum
1710 4954 1985 5009 Christum
2017 4971 2049 5011 e

473 5043 615 5099 caelo
657 5056 856 5112 corpus
906 5043 1187 5107 extulisse,
1233 5058 1299 5096 ae
1328 5059 1436 5113 .per
1473 5043 1697 5099 Mariam
1736 5047 2048 5103 traductum

470 5151 600 5192 esse
630 5135 779 5189 velut
814 5149 911 5204 per
950 5135 1200 5188 tubulum
1228 5137 1567 5192 existimant.

547 5224 663 5281 Xll.
707 5224 1063 5291 Seeundiani,
1109 5242 1413 5299 eorumque
1439 5230 1572 5284 socii
1607 5227 1938 5300 Epiphanes,
1968 5237 2053 5283 at—

473 5333 586 5387 que
624 5317 891 5382 Isidorus,
921 5318 1112 5374 eadem
1164 5320 1309 5375 inter
1345 5336 1405 5375 se
1454 5321 1605 5390 paria
1661 5330 2053 5390 componentes

478 5422 606 5462 eum
652 5407 960 5465 Valentinis
1007 5411 1362 5466 consentiunt
1398 5430 1411 5465 :
1447 5413 1709 5466 nonnulla
1753 5420 1937 5468 tamen
1985 5413 2055 5466 ab

482 5500 551 5556 iis
576 5499 790 5556 diversa
814 5514 1057 5571 ponunt;
1105 5511 1159 5559 et
1197 5504 1266 5559 ad
1301 5505 1499 5559 [cedam
1528 5505 1753 5575 insuper
1777 5506 2053 5561 libidinem

479 5602 617 5646 suos
643 5590 957 5650 instituunt.
989 5593 1155 5650 Iidem
1179 5604 1233 5651 et
1259 5594 1694 5652 lncarnationcm
1724 5604 1944 5668 negant.

555 5764 695 5821 Xlll.
736 5764 1010 5824 Ptolemmi
1054 5768 1327 5828 Valentini
1354 5771 1608 5844 discipuli
1648 5771 1888 5841 luerunt,
1933 5771 2054 5843 qui-

2145 4608 2255 4644 νοι·
2305 4592 2496 4662 ἐτέρας
2541 4592 2598 4645 δέ
2644 4608 2797 4654 τινας
2850 4591 3171 4661 μυθολογίας
3226 4590 3718 4663 παρεισφέροντες,

2144 4683 2435 4753 τριάκοντα
2459 4682 2666 4735 αἰώνων
2687 4684 2981 4751 ὀνομασίας
3003 4683 3251 4750 λέγοντες
3270 4680 3718 4752 ἀρρενοθηλειῶν,

2146 4773 2281 4843 ὁμοῦ
2311 4790 2368 4826 τε
2397 4774 2461 4825 ἐκ
2494 4774 2588 4826 τοῦ
2623 4774 2835 4844 Πατρὸς
2868 4774 2975 4826 τῶν
3001 4774 3137 4826 ὅλων
3176 4772 3594 4842 γεγενημένους,
3628 4770 3719 4834 οὓς

2149 4866 2241 4918 καὶ
2271 4864 2426 4928 θεοὺς
2453 4863 2712 4934 ἡγοῦνται
2746 4866 2841 4917 καὶ
2883 4863 3105 4927 αἰῶνας.
3138 4864 3239 4915 Τὸν
3274 4863 3332 4915 δὲ
3364 4863 3597 4932 Χριστὸν
3627 4862 3721 4915 ἀπ’

2148 4954 2379 5025 ούρανοῦ
2421 4954 2579 5023 σῶμα
2626 4953 2959 5024 ἐνηνοχέναι,
2996 4955 3091 5007 καὶ
3126 4952 3202 5015 ὡς
3242 4951 3331 5004 διὰ
3370 4952 3607 5022 σωλῆνος
3627 4950 3722 5022 τὴν

2150 5044 2367 5116 Μαρίαν
2403 5042 2884 5113 διαπεπερακέναι.

2225 5220 2324 5274 ΙΒ’.
2358 5219 2748 5283 Σεκουνδιανοί,
2787 5215 2869 5281 οἷς
2918 5218 3244 5272 συνάπτεται
3286 5218 3585 5288 Ἑπιφάνης
3615 5217 3725 5269 ⁷καί

2166 5313 2454 5383 Ἰσίδωρος,
2487 5314 2606 5374 ταῖς
2652 5312 2843 5373 αὐταῖς
2890 5311 3217 5382 κεχρημένοι
3254 5311 3347 5364 καί
3385 5302 3531 5362 οὗτοι
3563 5308 3717 5373 συζυ-

2154 5406 2318 5474 γίαις,
2347 5405 2414 5457 τὰ
2445 5406 2607 5475 ὃμοια
2648 5402 2983 5473 Οὑαλεντίνῳ
3023 5403 3447 5473 πεφρονηκότες,
3481 5404 3644 5471 ἕτερα
3669 5400 3726 5452 δὲ

2156 5498 2286 5567 παρ’
2325 5495 2502 5549 αὐτῶν
2532 5494 2714 5555 ποσῶς
2744 5493 3109 5564 διηγούμενοι.
3143 5494 3499 5565 Προστιθέασι
3540 5493 3598 5545 δὲ
3628 5491 3727 5561 τὴν

2156 5590 2545 5660 αἰσχρουργίαν
2598 5588 2957 5651 διδάσκοντες.
3025 5586 3451 5659 Ἀπαγορεύουσι
3512 5585 3570 5638 δὲ
3635 5586 3727 5637 καί

2158 5673 2301 5733 οὗτοι
2326 5680 2424 5749 τὴν
2458 5681 2751 5751 σάρκωσιν.

2228 5773 2325 5828 II".
2358 5771 2702 5844 Πτολεμαῖοι,
2738 5770 2975 5844 μαθηταὶ
3011 5772 3103 5827 καὶ
3130 5770 3283 5825 αὐτοὶ
3310 5768 3462 5832 ὅντες
3495 5763 3727 5821 Οὐαλενο
