  <div class='ocr_page' id='page_1' title='image "/cluster/home/n/w/nwhite01/storage/ocr_20150623/41/nnc1.0046978747/172.png"; bbox 0 0 4204 6370; ppageno 0'>
   <div class='ocr_carea' id='block_1_1' title="bbox 467 330 576 390">
    <p class='ocr_par' dir='ltr' id='par_1_1' title="bbox 467 330 576 390">
     <span class='ocr_line' id='line_1_1' title="bbox 467 330 576 390; baseline 0 0"><span class='ocrx_word' id='word_1_1' title='bbox 467 330 576 390; x_wconf 72' lang='lat'><strong>285</strong></span> 
     </span>
    </p>
   </div>
   <div class='ocr_carea' id='block_1_2' title="bbox 1079 331 2995 392">
    <p class='ocr_par' dir='ltr' id='par_1_2' title="bbox 1079 331 2995 392">
     <span class='ocr_line' id='line_1_2' title="bbox 1079 331 2995 392; baseline -0.001 -2"><span class='ocrx_word' id='word_1_2' title='bbox 1079 331 1453 390; x_wconf 75' lang='lat' dir='ltr'><strong>AOVERSUS</strong></span> <span class='ocrx_word' id='word_1_3' title='bbox 1492 332 1834 390; x_wconf 65' lang='lat' dir='ltr'><strong>HAERESES</strong></span> <span class='ocrx_word' id='word_1_4' title='bbox 1865 333 1992 390; x_wconf 87' lang='lat' dir='ltr'><strong>LIB.</strong></span> <span class='ocrx_word' id='word_1_5' title='bbox 2032 335 2076 392; x_wconf 84' lang='lat' dir='ltr'><strong>l.</strong></span> <span class='ocrx_word' id='word_1_6' title='bbox 2111 333 2279 391; x_wconf 85' lang='lat' dir='ltr'><strong>TOM.</strong></span> <span class='ocrx_word' id='word_1_7' title='bbox 2316 333 2383 390; x_wconf 85' lang='lat' dir='ltr'><strong>II.</strong></span> <span class='ocrx_word' id='word_1_8' title='bbox 2422 365 2492 375; x_wconf 90' lang='lat'><strong>—</strong></span> <span class='ocrx_word' id='word_1_9' title='bbox 2538 333 2813 391; x_wconf 64' lang='lat' dir='ltr'><strong>HERES.</strong></span> <span class='ocrx_word' id='word_1_10' title='bbox 2853 333 2995 389; x_wconf 79' lang='lat' dir='ltr'><strong>XXI.</strong></span> 
     </span>
    </p>
   </div>
   <div class='ocr_carea' id='block_1_3' title="bbox 3637 339 3746 396">
    <p class='ocr_par' dir='ltr' id='par_1_3' title="bbox 3637 339 3746 396">
     <span class='ocr_line' id='line_1_3' title="bbox 3637 339 3746 396; baseline 0.046 -4"><span class='ocrx_word' id='word_1_11' title='bbox 3637 339 3746 396; x_wconf 73' lang='lat'><strong>286</strong></span> 
     </span>
    </p>
   </div>
   <div class='ocr_carea' id='block_1_4' title="bbox 475 442 2047 523">
    <p class='ocr_par' dir='ltr' id='par_1_4' title="bbox 475 442 2046 523">
     <span class='ocr_line' id='line_1_4' title="bbox 475 442 2046 523; baseline 0.001 -19"><span class='ocrx_word' id='word_1_12' title='bbox 475 450 647 514; x_wconf 84' lang='grc' dir='ltr'>τίνου,</span> <span class='ocrx_word' id='word_1_13' title='bbox 699 442 785 511; x_wconf 74' lang='grc' dir='ltr'><strong>οἷς</strong></span> <span class='ocrx_word' id='word_1_14' title='bbox 834 446 1167 504; x_wconf 78' lang='grc' dir='ltr'><strong>συνάπτεται</strong></span> <span class='ocrx_word' id='word_1_15' title='bbox 1202 451 1235 521; x_wconf 80' lang='grc' dir='ltr'><strong>ἡ</strong></span> <span class='ocrx_word' id='word_1_16' title='bbox 1268 449 1481 523; x_wconf 76' lang='grc' dir='ltr'>Φλώρα.</span> <span class='ocrx_word' id='word_1_17' title='bbox 1534 451 1615 504; x_wconf 84' lang='grc' dir='ltr'><strong>Τὰ</strong></span> <span class='ocrx_word' id='word_1_18' title='bbox 1648 451 1790 505; x_wconf 81' lang='grc' dir='ltr'>αὐτὰ</span> <span class='ocrx_word' id='word_1_19' title='bbox 1830 451 1890 505; x_wconf 86' lang='grc' dir='ltr'><strong>δέ</strong></span> <span class='ocrx_word' id='word_1_20' title='bbox 1937 469 2046 523; x_wconf 87' lang='grc' dir='ltr'><strong>περ</strong></span> 
     </span>
    </p>
   </div>
   <div class='ocr_carea' id='block_1_5' title="bbox 2147 442 3747 523">
    <p class='ocr_par' dir='ltr' id='par_1_5' title="bbox 2150 448 3747 522">
     <span class='ocr_line' id='line_1_5' title="bbox 2150 448 3747 522; baseline 0.003 -19"><span class='ocrx_word' id='word_1_21' title='bbox 2150 450 2405 505; x_wconf 73' lang='grc' dir='ltr'>ὶιιιιεειιιιι</span> <span class='ocrx_word' id='word_1_22' title='bbox 2454 448 2612 504; x_wconf 88' lang='lat' dir='ltr'><strong>Flora</strong></span> <span class='ocrx_word' id='word_1_23' title='bbox 2649 451 3021 520; x_wconf 88' lang='lat' dir='ltr'><strong>conjungitur.</strong></span> <span class='ocrx_word' id='word_1_24' title='bbox 3046 448 3155 504; x_wconf 84' lang='lat' dir='ltr'><strong>Par</strong></span> <span class='ocrx_word' id='word_1_25' title='bbox 3178 450 3427 522; x_wconf 84' lang='lat' dir='ltr'><strong>idemque</strong></span> <span class='ocrx_word' id='word_1_26' title='bbox 3454 450 3649 520; x_wconf 89' lang='lat' dir='ltr'><strong>dogma</strong></span> <span class='ocrx_word' id='word_1_27' title='bbox 3676 452 3747 509; x_wconf 85' lang='lat' dir='ltr'><strong>do</strong></span> 
     </span>
    </p>
   </div>
   <div class='ocr_carea' id='block_1_6' title="bbox 466 538 2060 614">
    <p class='ocr_par' dir='ltr' id='par_1_6' title="bbox 466 538 2060 614">
     <span class='ocr_line' id='line_1_6' title="bbox 466 538 2060 614; baseline 0.002 -19"><span class='ocrx_word' id='word_1_28' title='bbox 466 541 577 595; x_wconf 84' lang='grc' dir='ltr'><strong>τῶν</strong></span> <span class='ocrx_word' id='word_1_29' title='bbox 608 538 883 608; x_wconf 81' lang='grc' dir='ltr'>συζυγιῶν</span> <span class='ocrx_word' id='word_1_30' title='bbox 924 541 1019 594; x_wconf 71' lang='grc' dir='ltr'><strong>καὶ</strong></span> <span class='ocrx_word' id='word_1_31' title='bbox 1055 541 1209 594; x_wconf 75' lang='grc' dir='ltr'>αὐτοὶ</span> <span class='ocrx_word' id='word_1_32' title='bbox 1251 541 1491 611; x_wconf 87' lang='grc' dir='ltr'>λέγουσι,</span> <span class='ocrx_word' id='word_1_33' title='bbox 1526 543 1780 614; x_wconf 86' lang='grc' dir='ltr'>καθάπερ</span> <span class='ocrx_word' id='word_1_34' title='bbox 1825 543 2060 598; x_wconf 85' lang='grc' dir='ltr'>Οὐαλεν-</span> 
     </span>
    </p>
   </div>
   <div class='ocr_carea' id='block_1_7' title="bbox 476 628 2062 706">
    <p class='ocr_par' dir='ltr' id='par_1_7' title="bbox 476 628 2062 706">
     <span class='ocr_line' id='line_1_7' title="bbox 476 628 2062 706; baseline 0.001 -20"><span class='ocrx_word' id='word_1_35' title='bbox 476 634 611 696; x_wconf 76' lang='lat' dir='ltr'><strong>rivo;</strong></span> <span class='ocrx_word' id='word_1_36' title='bbox 640 633 736 685; x_wconf 77' lang='grc' dir='ltr'><strong>καὶ</strong></span> <span class='ocrx_word' id='word_1_37' title='bbox 764 633 1157 687; x_wconf 88' lang='grc' dir='ltr'>Σεκουνδιανοί.</span> <span class='ocrx_word' id='word_1_38' title='bbox 1190 634 1348 689; x_wconf 85' lang='grc' dir='ltr'>Κατά</span> <span class='ocrx_word' id='word_1_39' title='bbox 1379 652 1432 688; x_wconf 86' lang='grc' dir='ltr'><strong>τι</strong></span> <span class='ocrx_word' id='word_1_40' title='bbox 1464 635 1519 689; x_wconf 84' lang='grc' dir='ltr'>δὲ</span> <span class='ocrx_word' id='word_1_41' title='bbox 1574 635 1667 690; x_wconf 77' lang='grc' dir='ltr'>καὶ</span> <span class='ocrx_word' id='word_1_42' title='bbox 1706 628 1853 688; x_wconf 81' lang='grc' dir='ltr'>οῦτοι</span> <span class='ocrx_word' id='word_1_43' title='bbox 1877 635 2062 706; x_wconf 85' lang='grc' dir='ltr'>διαφέ-</span> 
     </span>
    </p>
   </div>
   <div class='ocr_carea' id='block_1_8' title="bbox 474 742 677 779">
    <p class='ocr_par' dir='ltr' id='par_1_8' title="bbox 474 742 677 779">
     <span class='ocr_line' id='line_1_8' title="bbox 474 742 677 779; baseline 0.01 -2"><span class='ocrx_word' id='word_1_44' title='bbox 474 742 677 779; x_wconf 87' lang='grc' dir='ltr'>οονται.</span> 
     </span>
    </p>
   </div>
   <div class='ocr_carea' id='block_1_9' title="bbox 476 784 2057 888">
    <p class='ocr_par' dir='ltr' id='par_1_9' title="bbox 476 784 2057 888">
     <span class='ocr_line' id='line_1_9' title="bbox 476 784 2057 888; baseline 0.003 -23"><span class='ocrx_word' id='word_1_45' title='bbox 476 784 484 796; x_wconf 43' lang='grc' dir='ltr'><strong>Ι</strong></span> <span class='ocrx_word' id='word_1_46' title='bbox 540 812 689 883; x_wconf 78' lang='grc' dir='ltr'>Αὕτη</span> <span class='ocrx_word' id='word_1_47' title='bbox 730 815 824 867; x_wconf 75' lang='grc' dir='ltr'><strong>καὶ</strong></span> <span class='ocrx_word' id='word_1_48' title='bbox 861 816 894 887; x_wconf 82' lang='grc' dir='ltr'><strong>ἡ</strong></span> <span class='ocrx_word' id='word_1_49' title='bbox 936 814 1030 869; x_wconf 87' lang='grc' dir='ltr'><strong>τοῦ</strong></span> <span class='ocrx_word' id='word_1_50' title='bbox 1064 815 1320 886; x_wconf 80' lang='grc' dir='ltr'><strong>δευτέρου</strong></span> <span class='ocrx_word' id='word_1_51' title='bbox 1365 815 1535 886; x_wconf 89' lang='grc' dir='ltr'>τόμου</span> <span class='ocrx_word' id='word_1_52' title='bbox 1568 814 1663 871; x_wconf 87' lang='grc' dir='ltr'><strong>τοῦ</strong></span> <span class='ocrx_word' id='word_1_53' title='bbox 1718 816 1937 888; x_wconf 86' lang='grc' dir='ltr'><strong>πρώτου</strong></span> <span class='ocrx_word' id='word_1_54' title='bbox 1975 816 2057 886; x_wconf 69' lang='grc' dir='ltr'><strong>βιο</strong></span> 
     </span>
    </p>
   </div>
   <div class='ocr_carea' id='block_1_10' title="bbox 474 902 1909 978">
    <p class='ocr_par' dir='ltr' id='par_1_10' title="bbox 474 902 1909 978">
     <span class='ocr_line' id='line_1_10' title="bbox 474 902 1909 978; baseline 0.006 -22"><span class='ocrx_word' id='word_1_55' title='bbox 474 902 620 957; x_wconf 76' lang='grc' dir='ltr'>ὗλίου</span> <span class='ocrx_word' id='word_1_56' title='bbox 656 905 763 959; x_wconf 84' lang='grc' dir='ltr'>τῶν</span> <span class='ocrx_word' id='word_1_57' title='bbox 789 905 1093 978; x_wconf 84' lang='grc' dir='ltr'><strong>δεκατριῶν</strong></span> <span class='ocrx_word' id='word_1_58' title='bbox 1121 908 1385 978; x_wconf 81' lang='grc' dir='ltr'><strong>αἱρέσεων</strong></span> <span class='ocrx_word' id='word_1_59' title='bbox 1417 908 1909 977; x_wconf 81' lang='grc' dir='ltr'>ἀνακεφαλαίωσις.</span> 
     </span>
    </p>
   </div>
   <div class='ocr_carea' id='block_1_11' title="bbox 2165 541 3741 612">
    <p class='ocr_par' dir='ltr' id='par_1_11' title="bbox 2165 541 3741 612">
     <span class='ocr_line' id='line_1_11' title="bbox 2165 541 3741 612; baseline 0.002 -17"><span class='ocrx_word' id='word_1_60' title='bbox 2165 542 2646 612; x_wconf 74' lang='lat' dir='ltr'><strong>coniugationibus</strong></span> <span class='ocrx_word' id='word_1_61' title='bbox 2706 543 2815 597; x_wconf 83' lang='lat' dir='ltr'><strong>illis</strong></span> <span class='ocrx_word' id='word_1_62' title='bbox 2875 558 3001 597; x_wconf 91' lang='lat' dir='ltr'><strong>cum</strong></span> <span class='ocrx_word' id='word_1_63' title='bbox 3042 541 3349 608; x_wconf 76' lang='lat' dir='ltr'><strong>Valentino,</strong></span> <span class='ocrx_word' id='word_1_64' title='bbox 3417 559 3479 598; x_wconf 89' lang='lat' dir='ltr'><strong>ac</strong></span> <span class='ocrx_word' id='word_1_65' title='bbox 3537 542 3741 599; x_wconf 85' lang='lat' dir='ltr'><strong>Secun-</strong></span> 
     </span>
    </p>
   </div>
   <div class='ocr_carea' id='block_1_12' title="bbox 2162 632 3745 705">
    <p class='ocr_par' dir='ltr' id='par_1_12' title="bbox 2162 632 3745 705">
     <span class='ocr_line' id='line_1_12' title="bbox 2162 632 3745 705; baseline 0.005 -20"><span class='ocrx_word' id='word_1_66' title='bbox 2162 632 2344 688; x_wconf 88' lang='lat' dir='ltr'><strong>dianis</strong></span> <span class='ocrx_word' id='word_1_67' title='bbox 2386 640 2679 698; x_wconf 90' lang='lat' dir='ltr'><strong>astruunt;</strong></span> <span class='ocrx_word' id='word_1_68' title='bbox 2740 635 2836 693; x_wconf 90' lang='lat' dir='ltr'><strong>sed</strong></span> <span class='ocrx_word' id='word_1_69' title='bbox 2871 635 2925 689; x_wconf 86' lang='lat' dir='ltr'><strong>in</strong></span> <span class='ocrx_word' id='word_1_70' title='bbox 2956 636 3297 705; x_wconf 86' lang='lat' dir='ltr'><strong>quibusdam</strong></span> <span class='ocrx_word' id='word_1_71' title='bbox 3330 646 3511 691; x_wconf 88' lang='lat' dir='ltr'><strong>tamen</strong></span> <span class='ocrx_word' id='word_1_72' title='bbox 3535 637 3745 693; x_wconf 85' lang='lat' dir='ltr'><strong>disere-</strong></span> 
     </span>
    </p>
   </div>
   <div class='ocr_carea' id='block_1_13' title="bbox 2163 734 2313 794">
    <p class='ocr_par' dir='ltr' id='par_1_13' title="bbox 2163 734 2313 794">
     <span class='ocr_line' id='line_1_13' title="bbox 2163 734 2313 794; baseline 0.007 -17"><span class='ocrx_word' id='word_1_73' title='bbox 2163 734 2313 794; x_wconf 86' lang='lat' dir='ltr'><strong>paut.</strong></span> 
     </span>
    </p>
   </div>
   <div class='ocr_carea' id='block_1_14' title="bbox 2230 815 3745 891">
    <p class='ocr_par' dir='ltr' id='par_1_14' title="bbox 2230 815 3745 891">
     <span class='ocr_line' id='line_1_14' title="bbox 2230 815 3745 891; baseline 0.005 -20"><span class='ocrx_word' id='word_1_74' title='bbox 2230 815 2359 872; x_wconf 77' lang='lat' dir='ltr'><strong>Haec</strong></span> <span class='ocrx_word' id='word_1_75' title='bbox 2402 826 2488 873; x_wconf 87' lang='lat' dir='ltr'><strong>est</strong></span> <span class='ocrx_word' id='word_1_76' title='bbox 2532 820 2757 875; x_wconf 89' lang='lat' dir='ltr'><strong>secundi</strong></span> <span class='ocrx_word' id='word_1_77' title='bbox 2808 821 2939 875; x_wconf 86' lang='grc' dir='ltr'>ιοιηί</span> <span class='ocrx_word' id='word_1_78' title='bbox 2992 823 3153 891; x_wconf 86' lang='lat' dir='ltr'><strong>primi</strong></span> <span class='ocrx_word' id='word_1_79' title='bbox 3195 823 3490 878; x_wconf 78' lang='lat' dir='ltr'><strong>voluminis</strong></span> <span class='ocrx_word' id='word_1_80' title='bbox 3530 836 3745 879; x_wconf 79' lang='lat' dir='ltr'><strong>summa</strong></span> 
     </span>
    </p>
   </div>
   <div class='ocr_carea' id='block_1_15' title="bbox 2158 911 3104 982">
    <p class='ocr_par' dir='ltr' id='par_1_15' title="bbox 2158 911 3104 982">
     <span class='ocr_line' id='line_1_15' title="bbox 2158 911 3104 982; baseline 0.004 -18"><span class='ocrx_word' id='word_1_81' title='bbox 2158 923 2281 979; x_wconf 70' lang='lat' dir='ltr'><strong>quae</strong></span> <span class='ocrx_word' id='word_1_82' title='bbox 2305 926 2403 964; x_wconf 78' lang='lat' dir='ltr'><strong>xm</strong></span> <span class='ocrx_word' id='word_1_83' title='bbox 2437 911 2677 967; x_wconf 68' lang='lat' dir='ltr'><strong>haereses</strong></span> <span class='ocrx_word' id='word_1_84' title='bbox 2703 913 3104 982; x_wconf 74' lang='lat' dir='ltr'><strong>complectitur.</strong></span> 
     </span>
    </p>
   </div>
   <div class='ocr_carea' id='block_1_16' title="bbox 952 1222 3271 1316">
    <p class='ocr_par' dir='ltr' id='par_1_16' title="bbox 952 1222 3271 1316">
     <span class='ocr_line' id='line_1_16' title="bbox 952 1222 3271 1316; baseline 0.002 -5"><span class='ocrx_word' id='word_1_85' title='bbox 952 1226 1336 1314; x_wconf 88' lang='grc' dir='ltr'>ΤΟΜΟΣ</span> <span class='ocrx_word' id='word_1_86' title='bbox 1402 1222 1965 1313; x_wconf 88' lang='grc' dir='ltr'><strong>ΔΕΥΤΕΡΟΣ</strong></span> <span class='ocrx_word' id='word_1_87' title='bbox 2018 1224 2248 1312; x_wconf 88' lang='grc' dir='ltr'>ΤΟΥ</span> <span class='ocrx_word' id='word_1_88' title='bbox 2307 1227 2764 1316; x_wconf 87' lang='grc' dir='ltr'>ΠΡΩΤΟΥ</span> <span class='ocrx_word' id='word_1_89' title='bbox 2800 1226 3271 1316; x_wconf 87' lang='grc' dir='ltr'><strong>ΒΙΒΛΙΟΥ.</strong></span> 
     </span>
    </p>
   </div>
   <div class='ocr_carea' id='block_1_17' title="bbox 1467 1474 2736 1586">
    <p class='ocr_par' dir='ltr' id='par_1_17' title="bbox 1467 1474 2736 1586">
     <span class='ocr_line' id='line_1_17' title="bbox 1467 1474 2736 1586; baseline 0.002 -6"><span class='ocrx_word' id='word_1_90' title='bbox 1467 1474 1923 1581; x_wconf 58' lang='lat' dir='ltr'><strong>“LIBRI</strong></span> <span class='ocrx_word' id='word_1_91' title='bbox 2005 1493 2039 1579; x_wconf 91' lang='grc' dir='ltr'>Ι</span> <span class='ocrx_word' id='word_1_92' title='bbox 2120 1491 2525 1586; x_wconf 91' lang='lat' dir='ltr'><strong>TOMUS</strong></span> <span class='ocrx_word' id='word_1_93' title='bbox 2605 1498 2736 1584; x_wconf 88' lang='grc' dir='ltr'><strong>ΙΙ.</strong></span> 
     </span>
    </p>
   </div>
   <div class='ocr_carea' id='block_1_18' title="bbox 925 1646 1605 1714">
    <p class='ocr_par' dir='ltr' id='par_1_18' title="bbox 925 1646 1605 1714">
     <span class='ocr_line' id='line_1_18' title="bbox 925 1646 1605 1714; baseline 0.001 -14"><span class='ocrx_word' id='word_1_94' title='bbox 925 1647 1115 1700; x_wconf 63' lang='grc' dir='ltr'><strong>ΚΑΤΑ</strong></span> <span class='ocrx_word' id='word_1_95' title='bbox 1156 1646 1605 1714; x_wconf 82' lang='grc' dir='ltr'><strong>ΣΙΜΩΝῙΑΝΩΝ,</strong></span> 
     </span>
    </p>
   </div>
   <div class='ocr_carea' id='block_1_19' title="bbox 467 1736 2054 1817">
    <p class='ocr_par' dir='ltr' id='par_1_19' title="bbox 467 1736 2054 1817">
     <span class='ocr_line' id='line_1_19' title="bbox 467 1736 2054 1817; baseline -0.001 -24"><span class='ocrx_word' id='word_1_96' title='bbox 467 1736 671 1817; x_wconf 73' lang='grc' dir='ltr'>Πρῴτῃ</span> <span class='ocrx_word' id='word_1_97' title='bbox 697 1738 934 1817; x_wconf 67' lang='grc' dir='ltr'>αἵρεσις</span> <span class='ocrx_word' id='word_1_98' title='bbox 963 1740 1083 1817; x_wconf 75' lang='grc' dir='ltr'><strong>ἀπῤ</strong></span> <span class='ocrx_word' id='word_1_99' title='bbox 1111 1737 1221 1817; x_wconf 72' lang='grc' dir='ltr'>τῇς</span> <span class='ocrx_word' id='word_1_100' title='bbox 1239 1742 1349 1817; x_wconf 36' lang='grc' dir='ltr'>,εἰς</span> <span class='ocrx_word' id='word_1_101' title='bbox 1384 1740 1789 1817; x_wconf 29' lang='grc' dir='ltr'>Χριστὸν-τὸν</span> <span class='ocrx_word' id='word_1_102' title='bbox 1832 1739 2054 1817; x_wconf 58' lang='grc' dir='ltr'>Κύριον</span> 
     </span>
    </p>
   </div>
   <div class='ocr_carea' id='block_1_20' title="bbox 534 1809 2125 1922">
    <p class='ocr_par' dir='ltr' id='par_1_20' title="bbox 534 1809 2125 1922">
     <span class='ocr_line' id='line_1_20' title="bbox 534 1809 2125 1922; baseline 0.001 -60"><span class='ocrx_word' id='word_1_103' title='bbox 534 1809 734 1922; x_wconf 52' lang='lat' dir='ltr'><strong>mn</strong></span> <span class='ocrx_word' id='word_1_104' title='bbox 737 1810 1022 1877; x_wconf 81' lang='grc' dir='ltr'>πίστεως,</span> <span class='ocrx_word' id='word_1_105' title='bbox 1047 1810 1168 1864; x_wconf 81' lang='grc' dir='ltr'><strong>ἀπὸ</strong></span> <span class='ocrx_word' id='word_1_106' title='bbox 1188 1810 1257 1864; x_wconf 80' lang='grc' dir='ltr'>δὲ</span> <span class='ocrx_word' id='word_1_107' title='bbox 1278 1809 1386 1880; x_wconf 82' lang='grc' dir='ltr'>τῆς</span> <span class='ocrx_word' id='word_1_108' title='bbox 1405 1812 1771 1879; x_wconf 80' lang='grc' dir='ltr'><strong>ἀκολουθίας</strong></span> <span class='ocrx_word' id='word_1_109' title='bbox 1799 1810 2049 1877; x_wconf 77' lang='grc' dir='ltr'>εἰκοστὴ</span> <span class='ocrx_word' id='word_1_110' title='bbox 2082 1866 2125 1922; x_wconf 78' lang='grc' dir='ltr'>Β</span> 
     </span>
    </p>
   </div>
   <div class='ocr_carea' id='block_1_21' title="bbox 533 1895 757 1947">
    <p class='ocr_par' dir='ltr' id='par_1_21' title="bbox 533 1895 757 1947">
     <span class='ocr_line' id='line_1_21' title="bbox 533 1895 757 1947; baseline 0.013 -17"><span class='ocrx_word' id='word_1_111' title='bbox 533 1895 757 1947; x_wconf 65' lang='lat' dir='ltr'><strong>aptum.</strong></span> 
     </span>
    </p>
   </div>
   <div class='ocr_carea' id='block_1_22' title="bbox 533 1967 2052 2046">
    <p class='ocr_par' dir='ltr' id='par_1_22' title="bbox 533 1967 2052 2046">
     <span class='ocr_line' id='line_1_22' title="bbox 533 1967 2052 2046; baseline 0.003 -25"><span class='ocrx_word' id='word_1_112' title='bbox 533 1967 612 2022; x_wconf 86' lang='lat' dir='ltr'><strong>A&#39;.</strong></span> <span class='ocrx_word' id='word_1_113' title='bbox 646 1970 1122 2041; x_wconf 83' lang='grc' dir='ltr'>Σίμωνος⁹γίνεται</span> <span class='ocrx_word' id='word_1_114' title='bbox 1146 1972 1258 2044; x_wconf 79' lang='lat'><strong>(27)</strong></span> <span class='ocrx_word' id='word_1_115' title='bbox 1273 1972 1367 2027; x_wconf 91' lang='grc' dir='ltr'><strong>τοῦ</strong></span> <span class='ocrx_word' id='word_1_116' title='bbox 1385 1972 1577 2043; x_wconf 82' lang='grc' dir='ltr'><strong>Μάγου</strong></span> <span class='ocrx_word' id='word_1_117' title='bbox 1608 1973 1799 2046; x_wconf 84' lang='grc' dir='ltr'><strong>πρώτη</strong></span> <span class='ocrx_word' id='word_1_118' title='bbox 1822 1973 2052 2045; x_wconf 81' lang='grc' dir='ltr'>αἵρεσις,</span> 
     </span>
    </p>
   </div>
   <div class='ocr_carea' id='block_1_23' title="bbox 462 2059 2053 2136">
    <p class='ocr_par' dir='ltr' id='par_1_23' title="bbox 462 2059 2053 2136">
     <span class='ocr_line' id='line_1_23' title="bbox 462 2059 2053 2136; baseline 0.004 -23"><span class='ocrx_word' id='word_1_119' title='bbox 462 2059 572 2113; x_wconf 84' lang='grc' dir='ltr'><strong>ἀπὸ</strong></span> <span class='ocrx_word' id='word_1_120' title='bbox 599 2061 837 2131; x_wconf 81' lang='grc' dir='ltr'>Χριστοῦ</span> <span class='ocrx_word' id='word_1_121' title='bbox 873 2064 965 2117; x_wconf 80' lang='grc' dir='ltr'>καὶ</span> <span class='ocrx_word' id='word_1_122' title='bbox 993 2062 1152 2135; x_wconf 91' lang='grc' dir='ltr'>δεῦρο</span> <span class='ocrx_word' id='word_1_123' title='bbox 1177 2063 1479 2136; x_wconf 79' lang='grc' dir='ltr'>ἀρξαμένη.</span> <span class='ocrx_word' id='word_1_124' title='bbox 1505 2060 1657 2119; x_wconf 81' lang='grc' dir='ltr'>Οὗσα</span> <span class='ocrx_word' id='word_1_125' title='bbox 1688 2065 1743 2118; x_wconf 88' lang='grc' dir='ltr'>δὲ</span> <span class='ocrx_word' id='word_1_126' title='bbox 1776 2064 1912 2135; x_wconf 78' lang='grc' dir='ltr'>αὕτη</span> <span class='ocrx_word' id='word_1_127' title='bbox 1944 2063 2053 2119; x_wconf 86' lang='grc' dir='ltr'>τῶν</span> 
     </span>
    </p>
   </div>
   <div class='ocr_carea' id='block_1_24' title="bbox 462 2150 2053 2227">
    <p class='ocr_par' dir='ltr' id='par_1_24' title="bbox 462 2150 2053 2227">
     <span class='ocr_line' id='line_1_24' title="bbox 462 2150 2053 2227; baseline 0.004 -25"><span class='ocrx_word' id='word_1_128' title='bbox 462 2152 543 2213; x_wconf 81' lang='grc' dir='ltr'><strong>είς</strong></span> <span class='ocrx_word' id='word_1_129' title='bbox 572 2150 745 2222; x_wconf 76' lang='grc' dir='ltr'>ὄνομα</span> <span class='ocrx_word' id='word_1_130' title='bbox 777 2154 1038 2224; x_wconf 82' lang='grc' dir='ltr'>Χριστοῦ,</span> <span class='ocrx_word' id='word_1_131' title='bbox 1064 2156 1165 2208; x_wconf 75' lang='grc' dir='ltr'><strong>οὐκ</strong></span> <span class='ocrx_word' id='word_1_132' title='bbox 1195 2156 1374 2227; x_wconf 86' lang='grc' dir='ltr'><strong>ὀρθῶς</strong></span> <span class='ocrx_word' id='word_1_133' title='bbox 1405 2157 1528 2211; x_wconf 81' lang='grc' dir='ltr'>οὐδὲ</span> <span class='ocrx_word' id='word_1_134' title='bbox 1570 2156 1885 2227; x_wconf 84' lang='grc' dir='ltr'>εὐαγώγως,</span> <span class='ocrx_word' id='word_1_135' title='bbox 1916 2155 2053 2210; x_wconf 82' lang='grc' dir='ltr'>ἀλλὰ</span> 
     </span>
    </p>
   </div>
   <div class='ocr_carea' id='block_1_25' title="bbox 462 2242 2053 2323">
    <p class='ocr_par' dir='ltr' id='par_1_25' title="bbox 462 2242 2053 2323">
     <span class='ocr_line' id='line_1_25' title="bbox 462 2242 2053 2323; baseline 0.007 -29"><span class='ocrx_word' id='word_1_136' title='bbox 462 2242 605 2295; x_wconf 83' lang='grc' dir='ltr'>κατὰ</span> <span class='ocrx_word' id='word_1_137' title='bbox 645 2245 745 2315; x_wconf 79' lang='grc' dir='ltr'>τὴν</span> <span class='ocrx_word' id='word_1_138' title='bbox 778 2247 1308 2320; x_wconf 87' lang='grc' dir='ltr'>παραπεποιημένην</span> <span class='ocrx_word' id='word_1_139' title='bbox 1351 2251 1484 2320; x_wconf 80' lang='grc' dir='ltr'>παρ’</span> <span class='ocrx_word' id='word_1_140' title='bbox 1511 2250 1693 2314; x_wconf 83' lang='grc' dir='ltr'>αὐτοῖς</span> <span class='ocrx_word' id='word_1_141' title='bbox 1745 2250 1949 2323; x_wconf 84' lang='grc' dir='ltr'>φθοράν</span> <span class='ocrx_word' id='word_1_142' title='bbox 1981 2251 2053 2305; x_wconf 84' lang='grc' dir='ltr'>τὰ</span> 
     </span>
    </p>
   </div>
   <div class='ocr_carea' id='block_1_26' title="bbox 459 2332 2051 2415">
    <p class='ocr_par' dir='ltr' id='par_1_26' title="bbox 459 2332 2051 2415">
     <span class='ocr_line' id='line_1_26' title="bbox 459 2332 2051 2415; baseline 0.007 -29"><span class='ocrx_word' id='word_1_143' title='bbox 459 2332 610 2387; x_wconf 85' lang='grc' dir='ltr'>δεινά</span> <span class='ocrx_word' id='word_1_144' title='bbox 673 2337 1037 2409; x_wconf 77' lang='grc' dir='ltr'>ἐργαζομένη.</span> <span class='ocrx_word' id='word_1_145' title='bbox 1079 2334 1248 2404; x_wconf 74' lang='grc' dir='ltr'>Οὗτος</span> <span class='ocrx_word' id='word_1_146' title='bbox 1298 2343 1328 2395; x_wconf 84' lang='grc' dir='ltr'>ὁ</span> <span class='ocrx_word' id='word_1_147' title='bbox 1374 2341 1558 2413; x_wconf 89' lang='grc' dir='ltr'>Σίμων</span> <span class='ocrx_word' id='word_1_148' title='bbox 1601 2342 1735 2415; x_wconf 86' lang='grc' dir='ltr'><strong>γόης</strong></span> <span class='ocrx_word' id='word_1_149' title='bbox 1783 2338 1886 2415; x_wconf 76' lang='grc' dir='ltr'><strong>ἦν·</strong></span> <span class='ocrx_word' id='word_1_150' title='bbox 1942 2343 2051 2397; x_wconf 87' lang='grc' dir='ltr'>άπὸ</span> 
     </span>
    </p>
   </div>
   <div class='ocr_carea' id='block_1_27' title="bbox 458 2424 2049 2504">
    <p class='ocr_par' dir='ltr' id='par_1_27' title="bbox 458 2424 2049 2504">
     <span class='ocr_line' id='line_1_27' title="bbox 458 2424 2049 2504; baseline 0.007 -28"><span class='ocrx_word' id='word_1_151' title='bbox 458 2424 502 2476; x_wconf 92' lang='grc' dir='ltr'><strong>Γ</strong></span> <span class='ocrx_word' id='word_1_152' title='bbox 507 2424 667 2479; x_wconf 87' lang='grc' dir='ltr'>ιτΘῶν</span> <span class='ocrx_word' id='word_1_153' title='bbox 697 2427 810 2499; x_wconf 76' lang='grc'><strong>(28)</strong></span> <span class='ocrx_word' id='word_1_154' title='bbox 839 2428 896 2481; x_wconf 88' lang='grc' dir='ltr'>δὲ</span> <span class='ocrx_word' id='word_1_155' title='bbox 924 2429 1152 2501; x_wconf 79' lang='grc' dir='ltr'>ὡρμᾶτο</span> <span class='ocrx_word' id='word_1_156' title='bbox 1178 2431 1279 2501; x_wconf 82' lang='grc' dir='ltr'><strong>τῆς</strong></span> <span class='ocrx_word' id='word_1_157' title='bbox 1302 2430 1510 2495; x_wconf 86' lang='grc' dir='ltr'>πόλεως</span> <span class='ocrx_word' id='word_1_158' title='bbox 1540 2432 1638 2504; x_wconf 82' lang='grc' dir='ltr'>τῆς</span> <span class='ocrx_word' id='word_1_159' title='bbox 1671 2435 1729 2486; x_wconf 91' lang='grc' dir='ltr'><strong>ἐν</strong></span> <span class='ocrx_word' id='word_1_160' title='bbox 1757 2436 1824 2504; x_wconf 83' lang='grc' dir='ltr'><strong>τῇ</strong></span> <span class='ocrx_word' id='word_1_161' title='bbox 1860 2434 2049 2504; x_wconf 87' lang='grc' dir='ltr'>Σαμα-</span> 
     </span>
    </p>
   </div>
   <div class='ocr_carea' id='block_1_28' title="bbox 462 2516 2050 2595">
    <p class='ocr_par' dir='ltr' id='par_1_28' title="bbox 462 2516 2050 2595">
     <span class='ocr_line' id='line_1_28' title="bbox 462 2516 2050 2595; baseline 0.008 -26"><span class='ocrx_word' id='word_1_162' title='bbox 462 2516 605 2587; x_wconf 76' lang='grc' dir='ltr'>ρείᾳ,</span> <span class='ocrx_word' id='word_1_163' title='bbox 640 2518 759 2571; x_wconf 75' lang='grc' dir='ltr'>νυνὶ</span> <span class='ocrx_word' id='word_1_164' title='bbox 804 2518 1000 2591; x_wconf 86' lang='grc' dir='ltr'><strong>κώμης</strong></span> <span class='ocrx_word' id='word_1_165' title='bbox 1044 2522 1418 2595; x_wconf 81' lang='grc' dir='ltr'>ὑπαρχούσης.</span> <span class='ocrx_word' id='word_1_166' title='bbox 1462 2525 1854 2593; x_wconf 77' lang='grc' dir='ltr'>Ἐφαντασίαζε</span> <span class='ocrx_word' id='word_1_167' title='bbox 1894 2528 1950 2581; x_wconf 85' lang='grc' dir='ltr'>δὲ</span> <span class='ocrx_word' id='word_1_168' title='bbox 1988 2529 2050 2583; x_wconf 80' lang='grc' dir='ltr'>τὸ</span> 
     </span>
    </p>
   </div>
   <div class='ocr_carea' id='block_1_29' title="bbox 459 2607 2045 2686">
    <p class='ocr_par' dir='ltr' id='par_1_29' title="bbox 459 2607 2045 2686">
     <span class='ocr_line' id='line_1_29' title="bbox 459 2607 2045 2686; baseline 0.007 -26"><span class='ocrx_word' id='word_1_169' title='bbox 459 2607 616 2676; x_wconf 83' lang='grc' dir='ltr'>γένος</span> <span class='ocrx_word' id='word_1_170' title='bbox 649 2609 759 2662; x_wconf 87' lang='grc' dir='ltr'><strong>τῶν</strong></span> <span class='ocrx_word' id='word_1_171' title='bbox 789 2611 1148 2683; x_wconf 82' lang='grc' dir='ltr'>Σαμαρειτῶν</span> <span class='ocrx_word' id='word_1_172' title='bbox 1168 2617 1291 2677; x_wconf 88' lang='grc' dir='ltr'>ταῖς</span> <span class='ocrx_word' id='word_1_173' title='bbox 1322 2615 1599 2686; x_wconf 82' lang='grc' dir='ltr'>μαγείαις.</span> <span class='ocrx_word' id='word_1_174' title='bbox 1641 2615 1954 2681; x_wconf 80' lang='grc' dir='ltr'>Ἐξαπατῶν</span> <span class='ocrx_word' id='word_1_175' title='bbox 1988 2636 2045 2672; x_wconf 88' lang='grc' dir='ltr'><strong>τε</strong></span> 
     </span>
    </p>
   </div>
   <div class='ocr_carea' id='block_1_30' title="bbox 458 2688 2049 2781">
    <p class='ocr_par' dir='ltr' id='par_1_30' title="bbox 458 2688 2049 2781">
     <span class='ocr_line' id='line_1_30' title="bbox 458 2688 2049 2781; baseline 0.009 -30"><span class='ocrx_word' id='word_1_176' title='bbox 458 2699 556 2752; x_wconf 77' lang='grc' dir='ltr'><strong>καὶ</strong></span> <span class='ocrx_word' id='word_1_177' title='bbox 615 2699 883 2765; x_wconf 79' lang='grc' dir='ltr'>δελεάζων</span> <span class='ocrx_word' id='word_1_178' title='bbox 928 2688 1115 2772; x_wconf 76' lang='grc' dir='ltr'>ἔλεγεν</span> <span class='ocrx_word' id='word_1_179' title='bbox 1146 2705 1336 2759; x_wconf 85' lang='grc' dir='ltr'>ἐαυτὸν</span> <span class='ocrx_word' id='word_1_180' title='bbox 1373 2702 1512 2760; x_wconf 80' lang='grc' dir='ltr'>εἶναι</span> <span class='ocrx_word' id='word_1_181' title='bbox 1549 2707 1648 2778; x_wconf 82' lang='grc' dir='ltr'>τὴν</span> <span class='ocrx_word' id='word_1_182' title='bbox 1677 2710 1918 2781; x_wconf 81' lang='grc' dir='ltr'>μεγάλην</span> <span class='ocrx_word' id='word_1_183' title='bbox 1957 2710 2049 2765; x_wconf 85' lang='grc' dir='ltr'><strong>δύ-</strong></span> 
     </span>
    </p>
   </div>
   <div class='ocr_carea' id='block_1_31' title="bbox 431 2789 2048 2869">
    <p class='ocr_par' dir='ltr' id='par_1_31' title="bbox 431 2789 2048 2869">
     <span class='ocr_line' id='line_1_31' title="bbox 431 2789 2048 2869; baseline 0.009 -28"><span class='ocrx_word' id='word_1_184' title='bbox 431 2804 625 2859; x_wconf 87' lang='grc' dir='ltr'>-ναμιν</span> <span class='ocrx_word' id='word_1_185' title='bbox 648 2789 742 2843; x_wconf 86' lang='grc' dir='ltr'><strong>τοῦ</strong></span> <span class='ocrx_word' id='word_1_186' title='bbox 773 2790 933 2858; x_wconf 87' lang='grc' dir='ltr'>Θεοῦ,</span> <span class='ocrx_word' id='word_1_187' title='bbox 963 2793 1058 2846; x_wconf 77' lang='grc' dir='ltr'><strong>καὶ</strong></span> <span class='ocrx_word' id='word_1_188' title='bbox 1085 2792 1293 2849; x_wconf 82' lang='grc' dir='ltr'>ἄνωθεν</span> <span class='ocrx_word' id='word_1_189' title='bbox 1321 2796 1783 2869; x_wconf 79' lang='grc' dir='ltr'>καταϐεϐηκέναι.</span> <span class='ocrx_word' id='word_1_190' title='bbox 1813 2800 1915 2852; x_wconf 87' lang='grc' dir='ltr'><strong>Τὸν</strong></span> <span class='ocrx_word' id='word_1_191' title='bbox 1936 2802 2048 2855; x_wconf 89' lang='grc' dir='ltr'>Πα-</span> 
     </span>
    </p>
   </div>
   <div class='ocr_carea' id='block_1_32' title="bbox 456 2884 2047 2962">
    <p class='ocr_par' dir='ltr' id='par_1_32' title="bbox 456 2884 2047 2962">
     <span class='ocr_line' id='line_1_32' title="bbox 456 2884 2047 2962; baseline 0.007 -26"><span class='ocrx_word' id='word_1_192' title='bbox 456 2884 594 2954; x_wconf 88' lang='grc' dir='ltr'>τέρα</span> <span class='ocrx_word' id='word_1_193' title='bbox 627 2884 685 2937; x_wconf 87' lang='grc' dir='ltr'>δὲ</span> <span class='ocrx_word' id='word_1_194' title='bbox 722 2885 909 2956; x_wconf 77' lang='grc' dir='ltr'>ἔλεγεν</span> <span class='ocrx_word' id='word_1_195' title='bbox 940 2888 1130 2941; x_wconf 79' lang='grc' dir='ltr'>ἑαυτὸν</span> <span class='ocrx_word' id='word_1_196' title='bbox 1162 2890 1275 2953; x_wconf 85' lang='grc' dir='ltr'>τοῖς</span> <span class='ocrx_word' id='word_1_197' title='bbox 1318 2890 1724 2962; x_wconf 74' lang='grc' dir='ltr'>Σαμαρείταιςο</span> <span class='ocrx_word' id='word_1_198' title='bbox 1774 2893 2047 2958; x_wconf 80' lang='grc' dir='ltr'>Ἰουδαίοις</span> 
     </span>
    </p>
   </div>
   <div class='ocr_carea' id='block_1_33' title="bbox 456 2977 2047 3057">
    <p class='ocr_par' dir='ltr' id='par_1_33' title="bbox 456 2977 2047 3057">
     <span class='ocr_line' id='line_1_33' title="bbox 456 2977 2047 3057; baseline 0.006 -27"><span class='ocrx_word' id='word_1_199' title='bbox 456 2977 516 3031; x_wconf 80' lang='grc' dir='ltr'>δὲ</span> <span class='ocrx_word' id='word_1_200' title='bbox 543 2978 727 3046; x_wconf 74' lang='grc' dir='ltr'>ἔλεγεν</span> <span class='ocrx_word' id='word_1_201' title='bbox 753 2979 946 3034; x_wconf 80' lang='grc' dir='ltr'>ἑαυτὸν</span> <span class='ocrx_word' id='word_1_202' title='bbox 984 2977 1125 3033; x_wconf 77' lang='grc' dir='ltr'>εἶναι</span> <span class='ocrx_word' id='word_1_203' title='bbox 1157 2981 1250 3035; x_wconf 77' lang='grc' dir='ltr'>τὸν</span> <span class='ocrx_word' id='word_1_204' title='bbox 1281 2982 1429 3036; x_wconf 84' lang='grc' dir='ltr'>Υἰόν.</span> <span class='ocrx_word' id='word_1_205' title='bbox 1464 2983 1712 3039; x_wconf 87' lang='grc' dir='ltr'>Παθόντα</span> <span class='ocrx_word' id='word_1_206' title='bbox 1750 2985 1807 3038; x_wconf 88' lang='grc' dir='ltr'>δὲ</span> <span class='ocrx_word' id='word_1_207' title='bbox 1841 2987 1915 3057; x_wconf 85' lang='grc' dir='ltr'>μὴ</span> <span class='ocrx_word' id='word_1_208' title='bbox 1948 3004 2047 3039; x_wconf 87' lang='grc' dir='ltr'>πε-</span> 
     </span>
    </p>
   </div>
   <div class='ocr_carea' id='block_1_34' title="bbox 454 3070 2047 3149">
    <p class='ocr_par' dir='ltr' id='par_1_34' title="bbox 454 3070 2047 3149">
     <span class='ocr_line' id='line_1_34' title="bbox 454 3070 2047 3149; baseline 0.005 -26"><span class='ocrx_word' id='word_1_209' title='bbox 454 3070 737 3136; x_wconf 75' lang='grc' dir='ltr'>πονθέναι,</span> <span class='ocrx_word' id='word_1_210' title='bbox 765 3072 902 3126; x_wconf 82' lang='grc' dir='ltr'>ἀλλὰ</span> <span class='ocrx_word' id='word_1_211' title='bbox 939 3073 1157 3145; x_wconf 82' lang='grc' dir='ltr'>δοκήσει</span> <span class='ocrx_word' id='word_1_212' title='bbox 1194 3074 1375 3146; x_wconf 84' lang='grc' dir='ltr'>μόνον.</span> <span class='ocrx_word' id='word_1_213' title='bbox 1412 3076 1778 3149; x_wconf 82' lang='grc' dir='ltr'>’Υπεκορίσθη</span> <span class='ocrx_word' id='word_1_214' title='bbox 1806 3078 1862 3131; x_wconf 82' lang='grc' dir='ltr'>δὲ</span> <span class='ocrx_word' id='word_1_215' title='bbox 1890 3071 2047 3142; x_wconf 79' lang='grc' dir='ltr'>οὗτος</span> 
     </span>
    </p>
   </div>
   <div class='ocr_carea' id='block_1_35' title="bbox 454 3163 2115 3262">
    <p class='ocr_par' dir='ltr' id='par_1_35' title="bbox 454 3163 2115 3262">
     <span class='ocr_line' id='line_1_35' title="bbox 454 3163 2115 3262; baseline 0.004 -48"><span class='ocrx_word' id='word_1_216' title='bbox 454 3163 583 3225; x_wconf 82' lang='grc' dir='ltr'>τοὺς</span> <span class='ocrx_word' id='word_1_217' title='bbox 608 3163 963 3228; x_wconf 86' lang='grc' dir='ltr'>ἀποστόλους,</span> <span class='ocrx_word' id='word_1_218' title='bbox 994 3166 1090 3218; x_wconf 74' lang='grc' dir='ltr'><strong>καὶ</strong></span> <span class='ocrx_word' id='word_1_219' title='bbox 1119 3166 1280 3230; x_wconf 81' lang='grc' dir='ltr'>αὐτὸς</span> <span class='ocrx_word' id='word_1_220' title='bbox 1301 3166 1358 3219; x_wconf 82' lang='grc' dir='ltr'>δὲ</span> <span class='ocrx_word' id='word_1_221' title='bbox 1382 3168 1585 3238; x_wconf 87' lang='grc' dir='ltr'>ὁμοίως</span> <span class='ocrx_word' id='word_1_222' title='bbox 1613 3169 1701 3221; x_wconf 79' lang='grc' dir='ltr'>ἴσα</span> <span class='ocrx_word' id='word_1_223' title='bbox 1728 3172 1839 3233; x_wconf 88' lang='grc' dir='ltr'>τοῖς</span> <span class='ocrx_word' id='word_1_224' title='bbox 1862 3169 2045 3233; x_wconf 84' lang='grc' dir='ltr'>ἄλλοις</span> <span class='ocrx_word' id='word_1_225' title='bbox 2074 3210 2115 3262; x_wconf 76' lang='lat' dir='ltr'><strong>C</strong></span> 
     </span>
    </p>
   </div>
   <div class='ocr_carea' id='block_1_36' title="bbox 457 3252 2047 3327">
    <p class='ocr_par' dir='ltr' id='par_1_36' title="bbox 457 3252 2047 3327">
     <span class='ocr_line' id='line_1_36' title="bbox 457 3252 2047 3327; baseline 0.005 -23"><span class='ocrx_word' id='word_1_226' title='bbox 457 3252 566 3304; x_wconf 79' lang='grc' dir='ltr'><strong>ὑπὸ</strong></span> <span class='ocrx_word' id='word_1_227' title='bbox 594 3253 859 3307; x_wconf 80' lang='grc' dir='ltr'>Φιλίππου</span> <span class='ocrx_word' id='word_1_228' title='bbox 896 3254 1201 3326; x_wconf 71' lang='grc' dir='ltr'>ἐϐαπτίσθη</span> <span class='ocrx_word' id='word_1_229' title='bbox 1236 3256 1377 3327; x_wconf 80' lang='grc' dir='ltr'>μετὰ</span> <span class='ocrx_word' id='word_1_230' title='bbox 1405 3257 1636 3314; x_wconf 85' lang='grc' dir='ltr'>πολλῶν.</span> <span class='ocrx_word' id='word_1_231' title='bbox 1671 3260 1732 3311; x_wconf 89' lang='grc' dir='ltr'><strong>Οἱ</strong></span> <span class='ocrx_word' id='word_1_232' title='bbox 1758 3258 1814 3311; x_wconf 80' lang='grc' dir='ltr'>δὲ</span> <span class='ocrx_word' id='word_1_233' title='bbox 1847 3260 2047 3322; x_wconf 84' lang='grc' dir='ltr'>πάντες</span> 
     </span>
    </p>
   </div>
   <div class='ocr_carea' id='block_1_37' title="bbox 455 3342 2044 3418">
    <p class='ocr_par' dir='ltr' id='par_1_37' title="bbox 455 3342 2044 3418">
     <span class='ocr_line' id='line_1_37' title="bbox 455 3342 2044 3418; baseline 0.007 -27"><span class='ocrx_word' id='word_1_234' title='bbox 455 3342 625 3410; x_wconf 75' lang='grc' dir='ltr'>χωρὶς</span> <span class='ocrx_word' id='word_1_235' title='bbox 668 3342 834 3394; x_wconf 82' lang='grc' dir='ltr'>αὑτοῦ</span> <span class='ocrx_word' id='word_1_236' title='bbox 879 3342 1189 3408; x_wconf 79' lang='grc' dir='ltr'>ἐξεδέξαντο</span> <span class='ocrx_word' id='word_1_237' title='bbox 1224 3345 1321 3417; x_wconf 82' lang='grc' dir='ltr'>τὴν</span> <span class='ocrx_word' id='word_1_238' title='bbox 1367 3346 1475 3401; x_wconf 82' lang='grc' dir='ltr'>τῶν</span> <span class='ocrx_word' id='word_1_239' title='bbox 1512 3348 1764 3418; x_wconf 83' lang='grc' dir='ltr'>μεγάλων</span> <span class='ocrx_word' id='word_1_240' title='bbox 1810 3348 2044 3402; x_wconf 80' lang='grc' dir='ltr'>ἀποστό-</span> 
     </span>
    </p>
   </div>
   <div class='ocr_carea' id='block_1_38' title="bbox 454 3432 2046 3510">
    <p class='ocr_par' dir='ltr' id='par_1_38' title="bbox 454 3432 2046 3510">
     <span class='ocr_line' id='line_1_38' title="bbox 454 3432 2046 3510; baseline 0.005 -25"><span class='ocrx_word' id='word_1_241' title='bbox 454 3432 563 3486; x_wconf 83' lang='grc' dir='ltr'><strong>λων</strong></span> <span class='ocrx_word' id='word_1_242' title='bbox 589 3435 911 3505; x_wconf 86' lang='grc' dir='ltr'>παρουσίαν,</span> <span class='ocrx_word' id='word_1_243' title='bbox 940 3436 1033 3488; x_wconf 77' lang='grc' dir='ltr'><strong>καὶ</strong></span> <span class='ocrx_word' id='word_1_244' title='bbox 1057 3436 1144 3489; x_wconf 80' lang='grc' dir='ltr'><strong>διὰ</strong></span> <span class='ocrx_word' id='word_1_245' title='bbox 1168 3436 1267 3506; x_wconf 81' lang='grc' dir='ltr'>τῆς</span> <span class='ocrx_word' id='word_1_246' title='bbox 1288 3438 1467 3491; x_wconf 84' lang='grc' dir='ltr'>αὐτῶν</span> <span class='ocrx_word' id='word_1_247' title='bbox 1489 3440 1827 3510; x_wconf 86' lang='grc' dir='ltr'>χειροθεσίας</span> <span class='ocrx_word' id='word_1_248' title='bbox 1856 3440 2046 3493; x_wconf 71' lang='grc' dir='ltr'>ἔλαϐον</span> 
     </span>
    </p>
   </div>
   <div class='ocr_carea' id='block_1_39' title="bbox 454 3523 2047 3599">
    <p class='ocr_par' dir='ltr' id='par_1_39' title="bbox 454 3523 2047 3599">
     <span class='ocr_line' id='line_1_39' title="bbox 454 3523 2047 3599; baseline 0.004 -22"><span class='ocrx_word' id='word_1_249' title='bbox 454 3523 682 3595; x_wconf 88' lang='grc' dir='ltr'>Πνεῦμα</span> <span class='ocrx_word' id='word_1_250' title='bbox 710 3524 885 3593; x_wconf 79' lang='grc' dir='ltr'>ἅγιον.</span> <span class='ocrx_word' id='word_1_251' title='bbox 929 3526 1147 3598; x_wconf 88' lang='grc' dir='ltr'>Ἐπειδὴ</span> <span class='ocrx_word' id='word_1_252' title='bbox 1175 3526 1283 3599; x_wconf 87' lang='grc' dir='ltr'><strong>γὰρ</strong></span> <span class='ocrx_word' id='word_1_253' title='bbox 1330 3530 1358 3581; x_wconf 87' lang='grc' dir='ltr'>ὁ</span> <span class='ocrx_word' id='word_1_254' title='bbox 1403 3529 1667 3594; x_wconf 82' lang='grc' dir='ltr'>Φίλιππος</span> <span class='ocrx_word' id='word_1_255' title='bbox 1703 3530 1946 3595; x_wconf 87' lang='grc' dir='ltr'>διάκονος</span> <span class='ocrx_word' id='word_1_256' title='bbox 1971 3531 2047 3584; x_wconf 83' lang='grc' dir='ltr'>ὢν</span> 
     </span>
    </p>
   </div>
   <div class='ocr_carea' id='block_1_40' title="bbox 452 3609 2045 3691">
    <p class='ocr_par' dir='ltr' id='par_1_40' title="bbox 452 3609 2045 3691">
     <span class='ocr_line' id='line_1_40' title="bbox 452 3609 2045 3691; baseline 0.006 -24"><span class='ocrx_word' id='word_1_257' title='bbox 452 3613 555 3667; x_wconf 82' lang='grc' dir='ltr'><strong>οὑκ</strong></span> <span class='ocrx_word' id='word_1_258' title='bbox 587 3609 734 3684; x_wconf 68' lang='grc' dir='ltr'>εἶχεν</span> <span class='ocrx_word' id='word_1_259' title='bbox 768 3614 1021 3679; x_wconf 80' lang='grc' dir='ltr'>ἐξουσίαν</span> <span class='ocrx_word' id='word_1_260' title='bbox 1050 3617 1150 3687; x_wconf 82' lang='grc' dir='ltr'>τῆς</span> <span class='ocrx_word' id='word_1_261' title='bbox 1181 3618 1521 3688; x_wconf 85' lang='grc' dir='ltr'>χειροθεσίας</span> <span class='ocrx_word' id='word_1_262' title='bbox 1548 3621 1642 3674; x_wconf 89' lang='grc' dir='ltr'><strong>τοῦ</strong></span> <span class='ocrx_word' id='word_1_263' title='bbox 1677 3621 1742 3674; x_wconf 87' lang='grc' dir='ltr'><strong>δι’</strong></span> <span class='ocrx_word' id='word_1_264' title='bbox 1772 3623 1942 3691; x_wconf 81' lang='grc' dir='ltr'>αὐτῆς</span> <span class='ocrx_word' id='word_1_265' title='bbox 1965 3624 2045 3677; x_wconf 89' lang='grc' dir='ltr'>δι-</span> 
     </span>
    </p>
   </div>
   <div class='ocr_carea' id='block_1_41' title="bbox 453 3704 2045 3786">
    <p class='ocr_par' dir='ltr' id='par_1_41' title="bbox 453 3704 2045 3786">
     <span class='ocr_line' id='line_1_41' title="bbox 453 3704 2045 3786; baseline 0.006 -29"><span class='ocrx_word' id='word_1_266' title='bbox 453 3704 602 3759; x_wconf 86' lang='grc' dir='ltr'>δόναι</span> <span class='ocrx_word' id='word_1_267' title='bbox 652 3707 879 3778; x_wconf 82' lang='grc' dir='ltr'>Πνεῦμα</span> <span class='ocrx_word' id='word_1_268' title='bbox 933 3709 1127 3778; x_wconf 80' lang='grc' dir='ltr'>ἆγιον’</span> <span class='ocrx_word' id='word_1_269' title='bbox 1176 3711 1276 3763; x_wconf 84' lang='grc' dir='ltr'><strong>οὐκ</strong></span> <span class='ocrx_word' id='word_1_270' title='bbox 1321 3712 1485 3783; x_wconf 82' lang='grc' dir='ltr'>ὀρθὴν</span> <span class='ocrx_word' id='word_1_271' title='bbox 1519 3714 1577 3766; x_wconf 88' lang='grc' dir='ltr'>δὲ</span> <span class='ocrx_word' id='word_1_272' title='bbox 1624 3715 1652 3768; x_wconf 88' lang='grc' dir='ltr'>ὁ</span> <span class='ocrx_word' id='word_1_273' title='bbox 1684 3715 1864 3785; x_wconf 91' lang='grc' dir='ltr'>Σίμων</span> <span class='ocrx_word' id='word_1_274' title='bbox 1906 3715 2045 3786; x_wconf 75' lang='grc' dir='ltr'>ἔχων</span> 
     </span>
    </p>
   </div>
   <div class='ocr_carea' id='block_1_42' title="bbox 454 3794 2043 3878">
    <p class='ocr_par' dir='ltr' id='par_1_42' title="bbox 454 3794 2043 3878">
     <span class='ocr_line' id='line_1_42' title="bbox 454 3794 2043 3878; baseline 0.008 -31"><span class='ocrx_word' id='word_1_275' title='bbox 454 3794 556 3865; x_wconf 81' lang='grc' dir='ltr'>τὴν</span> <span class='ocrx_word' id='word_1_276' title='bbox 587 3796 840 3867; x_wconf 84' lang='grc' dir='ltr'>καρδίαν,</span> <span class='ocrx_word' id='word_1_277' title='bbox 888 3797 1013 3853; x_wconf 71' lang='grc' dir='ltr'>οὔτε</span> <span class='ocrx_word' id='word_1_278' title='bbox 1052 3800 1143 3854; x_wconf 83' lang='grc' dir='ltr'>τὸν</span> <span class='ocrx_word' id='word_1_279' title='bbox 1194 3801 1475 3875; x_wconf 85' lang='grc' dir='ltr'>λογισμὸν,</span> <span class='ocrx_word' id='word_1_280' title='bbox 1528 3805 1943 3878; x_wconf 73' lang='grc' dir='ltr'>αίσχροκερδείᾳ</span> <span class='ocrx_word' id='word_1_281' title='bbox 1985 3807 2043 3860; x_wconf 88' lang='grc' dir='ltr'><strong>δέ</strong></span> 
     </span>
    </p>
   </div>
   <div class='ocr_carea' id='block_1_43' title="bbox 453 3891 2043 3971">
    <p class='ocr_par' dir='ltr' id='par_1_43' title="bbox 453 3891 2043 3971">
     <span class='ocr_line' id='line_1_43' title="bbox 453 3891 2043 3971; baseline 0.008 -32"><span class='ocrx_word' id='word_1_282' title='bbox 453 3903 564 3939; x_wconf 86' lang='grc' dir='ltr'>τινι</span> <span class='ocrx_word' id='word_1_283' title='bbox 597 3891 691 3942; x_wconf 75' lang='grc' dir='ltr'><strong>καὶ</strong></span> <span class='ocrx_word' id='word_1_284' title='bbox 720 3891 1166 3967; x_wconf 75' lang='grc' dir='ltr'>φιλοχρημοσύνῃ</span> <span class='ocrx_word' id='word_1_285' title='bbox 1199 3896 1568 3967; x_wconf 87' lang='grc' dir='ltr'>προσανέχων,</span> <span class='ocrx_word' id='word_1_286' title='bbox 1597 3897 1692 3949; x_wconf 77' lang='grc' dir='ltr'><strong>καὶ</strong></span> <span class='ocrx_word' id='word_1_287' title='bbox 1716 3898 1813 3969; x_wconf 82' lang='grc' dir='ltr'>τῆς</span> <span class='ocrx_word' id='word_1_288' title='bbox 1840 3899 2043 3971; x_wconf 78' lang='grc' dir='ltr'>μοχθη-</span> 
     </span>
    </p>
   </div>
   <div class='ocr_carea' id='block_1_44' title="bbox 456 3979 2041 4061">
    <p class='ocr_par' dir='ltr' id='par_1_44' title="bbox 456 3979 2041 4061">
     <span class='ocr_line' id='line_1_44' title="bbox 456 3979 2041 4061; baseline 0.008 -30"><span class='ocrx_word' id='word_1_289' title='bbox 456 3979 559 4049; x_wconf 77' lang='grc' dir='ltr'><strong>ρᾶς</strong></span> <span class='ocrx_word' id='word_1_290' title='bbox 609 3981 775 4035; x_wconf 82' lang='grc' dir='ltr'>αὑτοῦ</span> <span class='ocrx_word' id='word_1_291' title='bbox 829 3984 1231 4055; x_wconf 86' lang='grc' dir='ltr'>ἐπιτηδεύσεως</span> <span class='ocrx_word' id='word_1_292' title='bbox 1291 3987 1450 4051; x_wconf 85' lang='grc' dir='ltr'>ἐκτὸς</span> <span class='ocrx_word' id='word_1_293' title='bbox 1503 3987 1703 4057; x_wconf 84' lang='grc' dir='ltr'>βαίνων</span> <span class='ocrx_word' id='word_1_294' title='bbox 1759 3990 2041 4061; x_wconf 79' lang='grc' dir='ltr'>οὐδαμῶς,</span> 
     </span>
    </p>
   </div>
   <div class='ocr_carea' id='block_1_45' title="bbox 452 4073 2041 4157">
    <p class='ocr_par' dir='ltr' id='par_1_45' title="bbox 452 4073 2041 4157">
     <span class='ocr_line' id='line_1_45' title="bbox 452 4073 2041 4157; baseline 0.009 -35"><span class='ocrx_word' id='word_1_295' title='bbox 452 4073 763 4145; x_wconf 83' lang='grc' dir='ltr'>προσέφερε</span> <span class='ocrx_word' id='word_1_296' title='bbox 795 4078 1055 4148; x_wconf 81' lang='grc' dir='ltr'>χρήματα</span> <span class='ocrx_word' id='word_1_297' title='bbox 1083 4077 1277 4149; x_wconf 80' lang='grc' dir='ltr'>Πέτρῳ</span> <span class='ocrx_word' id='word_1_298' title='bbox 1304 4078 1384 4149; x_wconf 83' lang='grc' dir='ltr'><strong>τῷ</strong></span> <span class='ocrx_word' id='word_1_299' title='bbox 1423 4082 1727 4149; x_wconf 78' lang='grc' dir='ltr'>ἀποστόλῳ,</span> <span class='ocrx_word' id='word_1_300' title='bbox 1754 4083 1899 4146; x_wconf 73' lang='grc' dir='ltr'>ὅπως,</span> <span class='ocrx_word' id='word_1_301' title='bbox 1931 4084 2041 4157; x_wconf 81' lang='grc' dir='ltr'>δῴη</span> 
     </span>
    </p>
   </div>
   <div class='ocr_carea' id='block_1_46' title="bbox 453 4164 2043 4248">
    <p class='ocr_par' dir='ltr' id='par_1_46' title="bbox 453 4164 2043 4248">
     <span class='ocr_line' id='line_1_46' title="bbox 453 4164 2043 4248; baseline 0.008 -29"><span class='ocrx_word' id='word_1_302' title='bbox 453 4165 607 4237; x_wconf 84' lang='grc' dir='ltr'><strong>αὐτῷ</strong></span> <span class='ocrx_word' id='word_1_303' title='bbox 651 4164 900 4231; x_wconf 81' lang='grc' dir='ltr'>ἐξουσίαν</span> <span class='ocrx_word' id='word_1_304' title='bbox 944 4170 1003 4222; x_wconf 89' lang='grc' dir='ltr'><strong>ἐν</strong></span> <span class='ocrx_word' id='word_1_305' title='bbox 1030 4172 1097 4241; x_wconf 76' lang='grc' dir='ltr'><strong>τῇ</strong></span> <span class='ocrx_word' id='word_1_306' title='bbox 1148 4169 1389 4225; x_wconf 85' lang='grc' dir='ltr'>ἐπιθέσει</span> <span class='ocrx_word' id='word_1_307' title='bbox 1419 4171 1527 4225; x_wconf 85' lang='grc' dir='ltr'>τῶν</span> <span class='ocrx_word' id='word_1_308' title='bbox 1571 4173 1772 4244; x_wconf 83' lang='grc' dir='ltr'>χειρῶν</span> <span class='ocrx_word' id='word_1_309' title='bbox 1817 4176 2043 4248; x_wconf 88' lang='grc' dir='ltr'>Πνεῦμα</span> 
     </span>
    </p>
   </div>
   <div class='ocr_carea' id='block_1_47' title="bbox 455 4256 2042 4336">
    <p class='ocr_par' dir='ltr' id='par_1_47' title="bbox 455 4256 2042 4336">
     <span class='ocr_line' id='line_1_47' title="bbox 455 4256 2042 4336; baseline 0.006 -26"><span class='ocrx_word' id='word_1_310' title='bbox 455 4256 612 4323; x_wconf 81' lang='grc' dir='ltr'>ἆγιον</span> <span class='ocrx_word' id='word_1_311' title='bbox 670 4257 964 4327; x_wconf 84' lang='grc' dir='ltr'>παρέχειν,</span> <span class='ocrx_word' id='word_1_312' title='bbox 1014 4259 1373 4331; x_wconf 85' lang='grc' dir='ltr'>λογισάμενος</span> <span class='ocrx_word' id='word_1_313' title='bbox 1430 4260 1622 4317; x_wconf 87' lang='grc' dir='ltr'>δώσειν</span> <span class='ocrx_word' id='word_1_314' title='bbox 1668 4265 1781 4336; x_wconf 71' lang='grc'><strong>(29)</strong></span> <span class='ocrx_word' id='word_1_315' title='bbox 1829 4267 2042 4331; x_wconf 88' lang='grc' dir='ltr'>πολλοῖς</span> 
     </span>
    </p>
   </div>
   <div class='ocr_carea' id='block_1_48' title="bbox 453 4348 2043 4431">
    <p class='ocr_par' dir='ltr' id='par_1_48' title="bbox 453 4348 2043 4431">
     <span class='ocr_line' id='line_1_48' title="bbox 453 4348 2043 4431; baseline 0.008 -30"><span class='ocrx_word' id='word_1_316' title='bbox 453 4348 512 4401; x_wconf 81' lang='grc' dir='ltr'>δὲ</span> <span class='ocrx_word' id='word_1_317' title='bbox 553 4349 569 4379; x_wconf 76' lang='grc'><strong>⁸</strong></span> <span class='ocrx_word' id='word_1_318' title='bbox 611 4349 732 4403; x_wconf 75' lang='grc' dir='ltr'>ἀντὶ</span> <span class='ocrx_word' id='word_1_319' title='bbox 780 4350 983 4418; x_wconf 81' lang='grc' dir='ltr'>ὀλίγου,</span> <span class='ocrx_word' id='word_1_320' title='bbox 1017 4350 1105 4405; x_wconf 83' lang='grc' dir='ltr'><strong>διὰ</strong></span> <span class='ocrx_word' id='word_1_321' title='bbox 1147 4350 1242 4404; x_wconf 86' lang='grc' dir='ltr'><strong>τοῦ</strong></span> <span class='ocrx_word' id='word_1_322' title='bbox 1292 4353 1473 4417; x_wconf 81' lang='grc' dir='ltr'>ἄλλοις</span> <span class='ocrx_word' id='word_1_323' title='bbox 1515 4355 1777 4427; x_wconf 84' lang='grc' dir='ltr'>παρέχειν</span> <span class='ocrx_word' id='word_1_324' title='bbox 1818 4358 2043 4431; x_wconf 90' lang='grc' dir='ltr'>Πνεῦμα</span> 
     </span>
    </p>
   </div>
   <div class='ocr_carea' id='block_1_49' title="bbox 454 4440 1933 4521">
    <p class='ocr_par' dir='ltr' id='par_1_49' title="bbox 454 4440 1933 4521">
     <span class='ocr_line' id='line_1_49' title="bbox 454 4440 1933 4521; baseline 0.007 -29"><span class='ocrx_word' id='word_1_325' title='bbox 454 4440 824 4513; x_wconf 88' lang='grc' dir='ltr'>ἐπισωρεῦσαι</span> <span class='ocrx_word' id='word_1_326' title='bbox 855 4443 1154 4514; x_wconf 84' lang='grc' dir='ltr'>χρημάτων</span> <span class='ocrx_word' id='word_1_327' title='bbox 1184 4443 1397 4516; x_wconf 81' lang='grc' dir='ltr'>πληθὺν</span> <span class='ocrx_word' id='word_1_328' title='bbox 1434 4448 1530 4500; x_wconf 74' lang='grc' dir='ltr'><strong>καὶ</strong></span> <span class='ocrx_word' id='word_1_329' title='bbox 1555 4447 1933 4521; x_wconf 82' lang='grc' dir='ltr'>ἐπικερδῆναι.</span> 
     </span>
    </p>
   </div>
   <div class='ocr_carea' id='block_1_50' title="bbox 525 4624 1563 4696">
    <p class='ocr_par' dir='ltr' id='par_1_50' title="bbox 525 4624 1563 4696">
     <span class='ocr_line' id='line_1_50' title="bbox 525 4624 1563 4696; baseline 0.006 -18"><span class='ocrx_word' id='word_1_330' title='bbox 525 4626 547 4658; x_wconf 75' lang='grc'>³</span> <span class='ocrx_word' id='word_1_331' title='bbox 578 4624 743 4683; x_wconf 88' lang='lat' dir='ltr'><strong>Deest</strong></span> <span class='ocrx_word' id='word_1_332' title='bbox 766 4626 1040 4681; x_wconf 89' lang='lat' dir='ltr'><strong>nonnihil.</strong></span> <span class='ocrx_word' id='word_1_333' title='bbox 1111 4629 1133 4659; x_wconf 83' lang='grc'><strong><em>²</em></strong></span> <span class='ocrx_word' id='word_1_334' title='bbox 1159 4626 1284 4683; x_wconf 84' lang='lat' dir='ltr'><strong>Aet.</strong></span> <span class='ocrx_word' id='word_1_335' title='bbox 1316 4643 1440 4696; x_wconf 78' lang='lat' dir='ltr'><strong>vui,</strong></span> <span class='ocrx_word' id='word_1_336' title='bbox 1472 4628 1563 4685; x_wconf 80' lang='grc'><strong>15.</strong></span> 
     </span>
    </p>
   </div>
   <div class='ocr_carea' id='block_1_51' title="bbox 2513 1649 3375 1717">
    <p class='ocr_par' dir='ltr' id='par_1_51' title="bbox 2513 1649 3375 1717">
     <span class='ocr_line' id='line_1_51' title="bbox 2513 1649 3375 1717; baseline 0.002 -13"><span class='ocrx_word' id='word_1_337' title='bbox 2513 1650 2885 1706; x_wconf 78' lang='lat' dir='ltr'><strong>ADVERSUS</strong></span> <span class='ocrx_word' id='word_1_338' title='bbox 2923 1649 3337 1706; x_wconf 75' lang='lat' dir='ltr'><strong>SIMONIANOS</strong></span> <span class='ocrx_word' id='word_1_339' title='bbox 3357 1690 3375 1717; x_wconf 90' lang='lat'><strong>,</strong></span> 
     </span>
    </p>
   </div>
   <div class='ocr_carea' id='block_1_52' title="bbox 2162 1739 3736 1868">
    <p class='ocr_par' dir='ltr' id='par_1_52' title="bbox 2162 1739 3736 1868">
     <span class='ocr_line' id='line_1_52' title="bbox 2162 1739 3736 1868; baseline 0.001 -72"><span class='ocrx_word' id='word_1_340' title='bbox 2162 1743 2295 1810; x_wconf 65' lang='lat' dir='ltr'><strong>Quae</strong></span> <span class='ocrx_word' id='word_1_341' title='bbox 2322 1753 2403 1797; x_wconf 85' lang='lat' dir='ltr'><strong>est</strong></span> <span class='ocrx_word' id='word_1_342' title='bbox 2431 1744 2646 1799; x_wconf 76' lang='lat' dir='ltr'><strong>hwresis</strong></span> <span class='ocrx_word' id='word_1_343' title='bbox 2678 1745 2742 1798; x_wconf 85' lang='lat' dir='ltr'><strong>ab</strong></span> <span class='ocrx_word' id='word_1_344' title='bbox 2792 1745 3331 1868; x_wconf 51' lang='lat' dir='ltr'><strong>ejprtuXthrstianw</strong></span> <span class='ocrx_word' id='word_1_345' title='bbox 3376 1741 3643 1814; x_wconf 73' lang='lat' dir='ltr'><strong>religionis</strong></span> <span class='ocrx_word' id='word_1_346' title='bbox 3676 1739 3736 1809; x_wconf 83' lang='grc' dir='ltr'>Ι,</span> 
     </span>
     <span class='ocr_line' id='line_1_53' title="bbox 2754 1834 3133 1868; baseline 0 0"><span class='ocrx_word' id='word_1_347' title='bbox 2754 1834 2813 1868; x_wconf 88' lang='lat' dir='ltr'><strong>or</strong></span> <span class='ocrx_word' id='word_1_348' title='bbox 2854 1834 2935 1868; x_wconf 79' lang='grc' dir='ltr'>ιιιε</span> <span class='ocrx_word' id='word_1_349' title='bbox 3026 1859 3045 1868; x_wconf 91' lang='grc'><strong>-</strong></span> <span class='ocrx_word' id='word_1_350' title='bbox 3115 1853 3133 1868; x_wconf 94' lang='grc'><strong>.</strong></span> 
     </span>
    </p>
   </div>
   <div class='ocr_carea' id='block_1_53' title="bbox 2754 1834 3133 1871">
    <p class='ocr_par' dir='ltr' id='par_1_53' title="bbox 2754 1834 3133 1871">
     <span class='ocr_line' id='line_1_54' title="bbox 2754 1834 3133 1871; baseline -0.005 0"><span class='ocrx_word' id='word_1_351' title='bbox 2754 1834 2935 1871; x_wconf 81' lang='lat' dir='ltr'><strong>orante</strong></span> <span class='ocrx_word' id='word_1_352' title='bbox 2973 1834 3014 1868; x_wconf 75' lang='grc' dir='ltr'><em>Α</em></span> <span class='ocrx_word' id='word_1_353' title='bbox 3026 1834 3070 1868; x_wconf 68' lang='grc' dir='ltr'><strong><em>Δ</em></strong></span> <span class='ocrx_word' id='word_1_354' title='bbox 3086 1834 3133 1869; x_wconf 76' lang='grc' dir='ltr'><strong>Ι.</strong></span> 
     </span>
    </p>
   </div>
   <div class='ocr_carea' id='block_1_54' title="bbox 2227 1965 3735 2043">
    <p class='ocr_par' dir='ltr' id='par_1_54' title="bbox 2227 1965 3735 2043">
     <span class='ocr_line' id='line_1_55' title="bbox 2227 1965 3735 2043; baseline 0.001 -22"><span class='ocrx_word' id='word_1_355' title='bbox 2227 1965 2270 2021; x_wconf 89' lang='lat' dir='ltr'><strong>l.</strong></span> <span class='ocrx_word' id='word_1_356' title='bbox 2308 1966 2504 2025; x_wconf 69' lang='lat' dir='ltr'><strong>Primae</strong></span> <span class='ocrx_word' id='word_1_357' title='bbox 2551 1971 2832 2035; x_wconf 90' lang='lat' dir='ltr'><strong>omnium,</strong></span> <span class='ocrx_word' id='word_1_358' title='bbox 2881 1987 3005 2043; x_wconf 74' lang='lat' dir='ltr'><strong>qua:</strong></span> <span class='ocrx_word' id='word_1_359' title='bbox 3050 1987 3082 2026; x_wconf 90' lang='lat' dir='ltr'><strong>a</strong></span> <span class='ocrx_word' id='word_1_360' title='bbox 3131 1970 3337 2025; x_wconf 87' lang='lat' dir='ltr'><strong>Christi</strong></span> <span class='ocrx_word' id='word_1_361' title='bbox 3383 1976 3625 2038; x_wconf 87' lang='lat' dir='ltr'><strong>tempore</strong></span> <span class='ocrx_word' id='word_1_362' title='bbox 3664 1968 3735 2023; x_wconf 91' lang='lat' dir='ltr'><strong>ad</strong></span> 
     </span>
    </p>
   </div>
   <div class='ocr_carea' id='block_1_55' title="bbox 2158 2057 3735 2132">
    <p class='ocr_par' dir='ltr' id='par_1_55' title="bbox 2158 2057 3735 2132">
     <span class='ocr_line' id='line_1_56' title="bbox 2158 2057 3735 2132; baseline -0.001 -20"><span class='ocrx_word' id='word_1_363' title='bbox 2158 2057 2300 2113; x_wconf 91' lang='lat' dir='ltr'><strong>hanc</strong></span> <span class='ocrx_word' id='word_1_364' title='bbox 2340 2066 2557 2115; x_wconf 70' lang='lat' dir='ltr'><strong>aetatem</strong></span> <span class='ocrx_word' id='word_1_365' title='bbox 2602 2062 2945 2132; x_wconf 89' lang='lat' dir='ltr'><strong>prodierunt,</strong></span> <span class='ocrx_word' id='word_1_366' title='bbox 2982 2063 3207 2118; x_wconf 82' lang='lat' dir='ltr'><strong>haeresis</strong></span> <span class='ocrx_word' id='word_1_367' title='bbox 3256 2063 3508 2132; x_wconf 88' lang='lat' dir='ltr'><strong>princeps</strong></span> <span class='ocrx_word' id='word_1_368' title='bbox 3542 2057 3735 2112; x_wconf 84' lang='lat' dir='ltr'><strong>Simon</strong></span> 
     </span>
    </p>
   </div>
   <div class='ocr_carea' id='block_1_56' title="bbox 2157 2149 3732 2223">
    <p class='ocr_par' dir='ltr' id='par_1_56' title="bbox 2157 2149 3732 2223">
     <span class='ocr_line' id='line_1_57' title="bbox 2157 2149 3732 2223; baseline 0.001 -21"><span class='ocrx_word' id='word_1_369' title='bbox 2157 2150 2248 2204; x_wconf 92' lang='lat' dir='ltr'><strong>ille</strong></span> <span class='ocrx_word' id='word_1_370' title='bbox 2289 2149 2477 2220; x_wconf 85' lang='lat' dir='ltr'><strong>Magus</strong></span> <span class='ocrx_word' id='word_1_371' title='bbox 2510 2153 2741 2206; x_wconf 79' lang='lat' dir='ltr'><strong>exstitit.</strong></span> <span class='ocrx_word' id='word_1_372' title='bbox 2791 2152 2924 2217; x_wconf 74' lang='lat' dir='ltr'><strong>Qua:</strong></span> <span class='ocrx_word' id='word_1_373' title='bbox 2951 2152 3172 2223; x_wconf 88' lang='lat' dir='ltr'><strong>quidem</strong></span> <span class='ocrx_word' id='word_1_374' title='bbox 3221 2160 3369 2207; x_wconf 88' lang='lat' dir='ltr'><strong>secta</strong></span> <span class='ocrx_word' id='word_1_375' title='bbox 3403 2167 3513 2204; x_wconf 86' lang='lat' dir='ltr'><strong>non</strong></span> <span class='ocrx_word' id='word_1_376' title='bbox 3562 2158 3732 2216; x_wconf 86' lang='lat' dir='ltr'><strong>recte,</strong></span> 
     </span>
    </p>
   </div>
   <div class='ocr_carea' id='block_1_57' title="bbox 2156 2241 3734 2314">
    <p class='ocr_par' dir='ltr' id='par_1_57' title="bbox 2156 2241 3734 2314">
     <span class='ocr_line' id='line_1_58' title="bbox 2156 2241 3734 2314; baseline 0.001 -18"><span class='ocrx_word' id='word_1_377' title='bbox 2156 2257 2333 2314; x_wconf 90' lang='lat' dir='ltr'><strong>neque</strong></span> <span class='ocrx_word' id='word_1_378' title='bbox 2358 2259 2423 2298; x_wconf 82' lang='lat' dir='ltr'><strong>ex</strong></span> <span class='ocrx_word' id='word_1_379' title='bbox 2456 2244 2651 2299; x_wconf 92' lang='lat' dir='ltr'><strong>ordine</strong></span> <span class='ocrx_word' id='word_1_380' title='bbox 2685 2245 3060 2301; x_wconf 88' lang='lat' dir='ltr'><strong>Christianum</strong></span> <span class='ocrx_word' id='word_1_381' title='bbox 3104 2259 3303 2299; x_wconf 91' lang='lat' dir='ltr'><strong>nomen</strong></span> <span class='ocrx_word' id='word_1_382' title='bbox 3334 2252 3593 2312; x_wconf 87' lang='lat' dir='ltr'><strong>usurpat;</strong></span> <span class='ocrx_word' id='word_1_383' title='bbox 3636 2241 3734 2297; x_wconf 87' lang='lat' dir='ltr'><strong>sed</strong></span> 
     </span>
    </p>
   </div>
   <div class='ocr_carea' id='block_1_58' title="bbox 2156 2336 3735 2407">
    <p class='ocr_par' dir='ltr' id='par_1_58' title="bbox 2156 2336 3735 2407">
     <span class='ocr_line' id='line_1_59' title="bbox 2156 2336 3735 2407; baseline 0.001 -19"><span class='ocrx_word' id='word_1_384' title='bbox 2156 2350 2255 2405; x_wconf 88' lang='lat' dir='ltr'><strong>pro</strong></span> <span class='ocrx_word' id='word_1_385' title='bbox 2275 2336 2584 2391; x_wconf 86' lang='lat' dir='ltr'><strong>adulterina</strong></span> <span class='ocrx_word' id='word_1_386' title='bbox 2608 2352 2706 2392; x_wconf 90' lang='lat' dir='ltr'><strong>sua</strong></span> <span class='ocrx_word' id='word_1_387' title='bbox 2723 2337 3112 2407; x_wconf 87' lang='lat' dir='ltr'><strong>depravatione</strong></span> <span class='ocrx_word' id='word_1_388' title='bbox 3136 2336 3481 2390; x_wconf 87' lang='lat' dir='ltr'><strong>atrocissima</strong></span> <span class='ocrx_word' id='word_1_389' title='bbox 3503 2348 3735 2405; x_wconf 81' lang='lat' dir='ltr'><strong>quaeque</strong></span> 
     </span>
    </p>
   </div>
   <div class='ocr_carea' id='block_1_59' title="bbox 2156 2424 3731 2497">
    <p class='ocr_par' dir='ltr' id='par_1_59' title="bbox 2156 2424 3731 2497">
     <span class='ocr_line' id='line_1_60' title="bbox 2156 2424 3731 2497; baseline 0.001 -20"><span class='ocrx_word' id='word_1_390' title='bbox 2156 2426 2469 2482; x_wconf 81' lang='lat' dir='ltr'><strong>committit.</strong></span> <span class='ocrx_word' id='word_1_391' title='bbox 2509 2425 2679 2497; x_wconf 81' lang='lat' dir='ltr'><strong>Igitur</strong></span> <span class='ocrx_word' id='word_1_392' title='bbox 2721 2424 2908 2481; x_wconf 88' lang='lat' dir='ltr'><strong>Simon</strong></span> <span class='ocrx_word' id='word_1_393' title='bbox 2940 2427 3042 2481; x_wconf 90' lang='lat' dir='ltr'><strong>iste</strong></span> <span class='ocrx_word' id='word_1_394' title='bbox 3082 2426 3359 2481; x_wconf 84' lang='lat' dir='ltr'><strong>veneﬁcus</strong></span> <span class='ocrx_word' id='word_1_395' title='bbox 3391 2425 3491 2478; x_wconf 79' lang='lat' dir='ltr'><strong>fuit</strong></span> <span class='ocrx_word' id='word_1_396' title='bbox 3525 2424 3731 2478; x_wconf 89' lang='lat' dir='ltr'><strong>Gitthis</strong></span> 
     </span>
    </p>
   </div>
   <div class='ocr_carea' id='block_1_60' title="bbox 2156 2514 3734 2589">
    <p class='ocr_par' dir='ltr' id='par_1_60' title="bbox 2156 2514 3734 2589">
     <span class='ocr_line' id='line_1_61' title="bbox 2156 2514 3734 2589; baseline 0 -19"><span class='ocrx_word' id='word_1_397' title='bbox 2156 2517 2424 2572; x_wconf 90' lang='lat' dir='ltr'><strong>oriundus</strong></span> <span class='ocrx_word' id='word_1_398' title='bbox 2471 2518 2601 2573; x_wconf 90' lang='lat' dir='ltr'><strong>olim</strong></span> <span class='ocrx_word' id='word_1_399' title='bbox 2650 2518 2873 2589; x_wconf 90' lang='lat' dir='ltr'><strong>oppido,</strong></span> <span class='ocrx_word' id='word_1_400' title='bbox 2912 2534 3061 2573; x_wconf 88' lang='lat' dir='ltr'><strong>nunc</strong></span> <span class='ocrx_word' id='word_1_401' title='bbox 3112 2519 3233 2573; x_wconf 85' lang='lat' dir='ltr'><strong>vico</strong></span> <span class='ocrx_word' id='word_1_402' title='bbox 3296 2516 3578 2571; x_wconf 70' lang='lat' dir='ltr'><strong>Samarim.</strong></span> <span class='ocrx_word' id='word_1_403' title='bbox 3625 2514 3734 2580; x_wconf 73' lang='lat' dir='ltr'><strong>Qui</strong></span> 
     </span>
    </p>
   </div>
   <div class='ocr_carea' id='block_1_61' title="bbox 2156 2607 3737 2678">
    <p class='ocr_par' dir='ltr' id='par_1_61' title="bbox 2156 2607 3737 2678">
     <span class='ocr_line' id='line_1_62' title="bbox 2156 2607 3737 2678; baseline -0.001 -17"><span class='ocrx_word' id='word_1_404' title='bbox 2156 2609 2511 2678; x_wconf 87' lang='lat' dir='ltr'><strong>popularibus</strong></span> <span class='ocrx_word' id='word_1_405' title='bbox 2547 2609 2664 2665; x_wconf 88' lang='lat' dir='ltr'><strong>suis</strong></span> <span class='ocrx_word' id='word_1_406' title='bbox 2699 2609 2859 2664; x_wconf 90' lang='lat' dir='ltr'><strong>malis</strong></span> <span class='ocrx_word' id='word_1_407' title='bbox 2891 2610 3106 2665; x_wconf 88' lang='lat' dir='ltr'><strong>artibus</strong></span> <span class='ocrx_word' id='word_1_408' title='bbox 3142 2609 3397 2674; x_wconf 91' lang='lat' dir='ltr'><strong>illudens,</strong></span> <span class='ocrx_word' id='word_1_409' title='bbox 3428 2622 3491 2661; x_wconf 91' lang='lat' dir='ltr'><strong>ac</strong></span> <span class='ocrx_word' id='word_1_410' title='bbox 3526 2607 3737 2660; x_wconf 83' lang='lat' dir='ltr'><strong>fraudi-</strong></span> 
     </span>
    </p>
   </div>
   <div class='ocr_carea' id='block_1_62' title="bbox 2153 2699 3736 2772">
    <p class='ocr_par' dir='ltr' id='par_1_62' title="bbox 2153 2699 3736 2772">
     <span class='ocr_line' id='line_1_63' title="bbox 2153 2699 3736 2772; baseline 0.001 -19"><span class='ocrx_word' id='word_1_411' title='bbox 2153 2699 2255 2754; x_wconf 86' lang='lat' dir='ltr'><strong>bus</strong></span> <span class='ocrx_word' id='word_1_412' title='bbox 2296 2701 2555 2769; x_wconf 83' lang='lat' dir='ltr'><strong>pellectos</strong></span> <span class='ocrx_word' id='word_1_413' title='bbox 2587 2700 2887 2771; x_wconf 90' lang='lat' dir='ltr'><strong>decipiens,</strong></span> <span class='ocrx_word' id='word_1_414' title='bbox 2926 2716 3183 2772; x_wconf 88' lang='lat' dir='ltr'><strong>magnam</strong></span> <span class='ocrx_word' id='word_1_415' title='bbox 3217 2717 3276 2756; x_wconf 95' lang='lat' dir='ltr'><strong>se</strong></span> <span class='ocrx_word' id='word_1_416' title='bbox 3319 2699 3413 2755; x_wconf 85' lang='lat' dir='ltr'><strong>Dei</strong></span> <span class='ocrx_word' id='word_1_417' title='bbox 3456 2700 3565 2753; x_wconf 85' lang='lat' dir='ltr'><strong>vim</strong></span> <span class='ocrx_word' id='word_1_418' title='bbox 3610 2713 3736 2754; x_wconf 82' lang='lat' dir='ltr'><strong>esse</strong></span> 
     </span>
    </p>
   </div>
   <div class='ocr_carea' id='block_1_63' title="bbox 2151 2790 3734 2861">
    <p class='ocr_par' dir='ltr' id='par_1_63' title="bbox 2151 2790 3734 2861">
     <span class='ocr_line' id='line_1_64' title="bbox 2151 2790 3734 2861; baseline 0.003 -19"><span class='ocrx_word' id='word_1_419' title='bbox 2151 2791 2480 2860; x_wconf 71' lang='lat' dir='ltr'><strong>praedicabat</strong></span> <span class='ocrx_word' id='word_1_420' title='bbox 2516 2791 2737 2847; x_wconf 65' lang='lat' dir='ltr'><strong>coalitus</strong></span> <span class='ocrx_word' id='word_1_421' title='bbox 2770 2793 2825 2846; x_wconf 89' lang='lat' dir='ltr'><strong>in</strong></span> <span class='ocrx_word' id='word_1_422' title='bbox 2850 2800 3027 2848; x_wconf 87' lang='lat' dir='ltr'><strong>terras</strong></span> <span class='ocrx_word' id='word_1_423' title='bbox 3056 2791 3355 2861; x_wconf 86' lang='lat' dir='ltr'><strong>delapsam.</strong></span> <span class='ocrx_word' id='word_1_424' title='bbox 3385 2794 3559 2844; x_wconf 89' lang='lat' dir='ltr'><strong>Porro</strong></span> <span class='ocrx_word' id='word_1_425' title='bbox 3587 2790 3734 2860; x_wconf 88' lang='lat' dir='ltr'><strong>apud</strong></span> 
     </span>
    </p>
   </div>
   <div class='ocr_carea' id='block_1_64' title="bbox 2152 2882 3730 2954">
    <p class='ocr_par' dir='ltr' id='par_1_64' title="bbox 2152 2882 3730 2954">
     <span class='ocr_line' id='line_1_65' title="bbox 2152 2882 3730 2954; baseline -0.001 -18"><span class='ocrx_word' id='word_1_426' title='bbox 2152 2882 2533 2939; x_wconf 87' lang='lat' dir='ltr'><strong>Samaritanos</strong></span> <span class='ocrx_word' id='word_1_427' title='bbox 2582 2900 2714 2939; x_wconf 89' lang='lat' dir='ltr'><strong>suos</strong></span> <span class='ocrx_word' id='word_1_428' title='bbox 2768 2900 2867 2954; x_wconf 92' lang='lat' dir='ltr'><strong>pro</strong></span> <span class='ocrx_word' id='word_1_429' title='bbox 2912 2882 3025 2939; x_wconf 87' lang='lat' dir='ltr'><strong>Deo</strong></span> <span class='ocrx_word' id='word_1_430' title='bbox 3076 2899 3136 2938; x_wconf 91' lang='lat' dir='ltr'><strong>se</strong></span> <span class='ocrx_word' id='word_1_431' title='bbox 3178 2882 3341 2939; x_wconf 89' lang='lat' dir='ltr'><strong>Patre</strong></span> <span class='ocrx_word' id='word_1_432' title='bbox 3394 2882 3730 2945; x_wconf 83' lang='lat' dir='ltr'><strong>venditabat,</strong></span> 
     </span>
    </p>
   </div>
   <div class='ocr_carea' id='block_1_65' title="bbox 2148 2973 3733 3046">
    <p class='ocr_par' dir='ltr' id='par_1_65' title="bbox 2148 2973 3733 3046">
     <span class='ocr_line' id='line_1_66' title="bbox 2148 2973 3733 3046; baseline 0 -19"><span class='ocrx_word' id='word_1_433' title='bbox 2148 2976 2291 3046; x_wconf 91' lang='lat' dir='ltr'><strong>apud</strong></span> <span class='ocrx_word' id='word_1_434' title='bbox 2334 2974 2553 3033; x_wconf 66' lang='lat' dir='ltr'><strong>Judaaos</strong></span> <span class='ocrx_word' id='word_1_435' title='bbox 2585 2976 2787 3030; x_wconf 89' lang='lat' dir='ltr'><strong>Filium</strong></span> <span class='ocrx_word' id='word_1_436' title='bbox 2835 2992 2895 3031; x_wconf 93' lang='lat' dir='ltr'><strong>se</strong></span> <span class='ocrx_word' id='word_1_437' title='bbox 2944 2975 3200 3032; x_wconf 76' lang='lat' dir='ltr'><strong>faciebat.</strong></span> <span class='ocrx_word' id='word_1_438' title='bbox 3250 2973 3495 3046; x_wconf 76' lang='lat' dir='ltr'><strong>Negabat</strong></span> <span class='ocrx_word' id='word_1_439' title='bbox 3542 2988 3733 3029; x_wconf 85' lang='lat' dir='ltr'><strong>revera</strong></span> 
     </span>
    </p>
   </div>
   <div class='ocr_carea' id='block_1_66' title="bbox 2149 3064 3731 3139">
    <p class='ocr_par' dir='ltr' id='par_1_66' title="bbox 2149 3064 3731 3139">
     <span class='ocr_line' id='line_1_67' title="bbox 2149 3064 3731 3139; baseline -0.003 -16"><span class='ocrx_word' id='word_1_440' title='bbox 2149 3083 2230 3132; x_wconf 92' lang='lat' dir='ltr'><strong>se,</strong></span> <span class='ocrx_word' id='word_1_441' title='bbox 2256 3077 2349 3122; x_wconf 91' lang='lat' dir='ltr'><strong>aut</strong></span> <span class='ocrx_word' id='word_1_442' title='bbox 2370 3069 2530 3123; x_wconf 87' lang='lat' dir='ltr'><strong>aliter</strong></span> <span class='ocrx_word' id='word_1_443' title='bbox 2556 3083 2724 3138; x_wconf 88' lang='lat' dir='ltr'><strong>quam</strong></span> <span class='ocrx_word' id='word_1_444' title='bbox 2756 3068 2937 3139; x_wconf 80' lang='lat' dir='ltr'><strong>specie</strong></span> <span class='ocrx_word' id='word_1_445' title='bbox 2967 3076 3129 3123; x_wconf 90' lang='lat' dir='ltr'><strong>tenus</strong></span> <span class='ocrx_word' id='word_1_446' title='bbox 3157 3081 3281 3122; x_wconf 89' lang='lat' dir='ltr'><strong>esse</strong></span> <span class='ocrx_word' id='word_1_447' title='bbox 3308 3080 3555 3137; x_wconf 90' lang='lat' dir='ltr'><strong>passum.</strong></span> <span class='ocrx_word' id='word_1_448' title='bbox 3586 3064 3731 3118; x_wconf 83' lang='lat' dir='ltr'><strong>Idem</strong></span> 
     </span>
    </p>
   </div>
   <div class='ocr_carea' id='block_1_67' title="bbox 2150 3157 3734 3231">
    <p class='ocr_par' dir='ltr' id='par_1_67' title="bbox 2150 3157 3734 3231">
     <span class='ocr_line' id='line_1_68' title="bbox 2150 3157 3734 3231; baseline -0.002 -18"><span class='ocrx_word' id='word_1_449' title='bbox 2150 3162 2413 3231; x_wconf 90' lang='lat' dir='ltr'><strong>apostolis</strong></span> <span class='ocrx_word' id='word_1_450' title='bbox 2458 3161 2742 3217; x_wconf 86' lang='lat' dir='ltr'><strong>blanditus</strong></span> <span class='ocrx_word' id='word_1_451' title='bbox 2783 3177 2907 3216; x_wconf 91' lang='lat' dir='ltr'><strong>cum</strong></span> <span class='ocrx_word' id='word_1_452' title='bbox 2940 3161 3066 3217; x_wconf 88' lang='lat' dir='ltr'><strong>aliis</strong></span> <span class='ocrx_word' id='word_1_453' title='bbox 3115 3161 3255 3216; x_wconf 90' lang='lat' dir='ltr'><strong>bene</strong></span> <span class='ocrx_word' id='word_1_454' title='bbox 3301 3159 3488 3214; x_wconf 90' lang='lat' dir='ltr'><strong>multis</strong></span> <span class='ocrx_word' id='word_1_455' title='bbox 3535 3174 3566 3212; x_wconf 89' lang='lat' dir='ltr'><strong>a</strong></span> <span class='ocrx_word' id='word_1_456' title='bbox 3604 3157 3734 3211; x_wconf 88' lang='lat' dir='ltr'><strong>Phi-</strong></span> 
     </span>
    </p>
   </div>
   <div class='ocr_carea' id='block_1_68' title="bbox 2152 3251 3735 3323">
    <p class='ocr_par' dir='ltr' id='par_1_68' title="bbox 2152 3251 3735 3323">
     <span class='ocr_line' id='line_1_69' title="bbox 2152 3251 3735 3323; baseline 0 -19"><span class='ocrx_word' id='word_1_457' title='bbox 2152 3254 2298 3322; x_wconf 90' lang='lat' dir='ltr'><strong>lippo</strong></span> <span class='ocrx_word' id='word_1_458' title='bbox 2325 3253 2636 3323; x_wconf 89' lang='lat' dir='ltr'><strong>baptizatus</strong></span> <span class='ocrx_word' id='word_1_459' title='bbox 2662 3262 2746 3309; x_wconf 89' lang='lat' dir='ltr'><strong>est</strong></span> <span class='ocrx_word' id='word_1_460' title='bbox 2786 3255 2827 3307; x_wconf 84' lang='lat'><strong>&#39;.</strong></span> <span class='ocrx_word' id='word_1_461' title='bbox 2854 3252 2974 3307; x_wconf 81' lang='lat' dir='ltr'><strong>Mox</strong></span> <span class='ocrx_word' id='word_1_462' title='bbox 3002 3260 3197 3322; x_wconf 69' lang='lat' dir='ltr'><strong>praeter</strong></span> <span class='ocrx_word' id='word_1_463' title='bbox 3222 3268 3388 3308; x_wconf 90' lang='lat' dir='ltr'><strong>unum</strong></span> <span class='ocrx_word' id='word_1_464' title='bbox 3424 3253 3575 3306; x_wconf 92' lang='lat' dir='ltr'><strong>illum</strong></span> <span class='ocrx_word' id='word_1_465' title='bbox 3607 3251 3735 3304; x_wconf 86' lang='lat' dir='ltr'><strong>uni—</strong></span> 
     </span>
    </p>
   </div>
   <div class='ocr_carea' id='block_1_69' title="bbox 2151 3342 3734 3413">
    <p class='ocr_par' dir='ltr' id='par_1_69' title="bbox 2151 3342 3734 3413">
     <span class='ocr_line' id='line_1_70' title="bbox 2151 3342 3734 3413; baseline 0 -18"><span class='ocrx_word' id='word_1_466' title='bbox 2151 3342 2289 3395; x_wconf 87' lang='lat' dir='ltr'><strong>versi</strong></span> <span class='ocrx_word' id='word_1_467' title='bbox 2315 3342 2382 3396; x_wconf 92' lang='lat' dir='ltr'><strong>ad</strong></span> <span class='ocrx_word' id='word_1_468' title='bbox 2401 3358 2647 3397; x_wconf 89' lang='lat' dir='ltr'><strong>summos</strong></span> <span class='ocrx_word' id='word_1_469' title='bbox 2673 3343 2953 3412; x_wconf 88' lang='lat' dir='ltr'><strong>apostolos</strong></span> <span class='ocrx_word' id='word_1_470' title='bbox 2983 3343 3287 3407; x_wconf 88' lang='lat' dir='ltr'><strong>venientes,</strong></span> <span class='ocrx_word' id='word_1_471' title='bbox 3313 3357 3515 3413; x_wconf 90' lang='lat' dir='ltr'><strong>perque</strong></span> <span class='ocrx_word' id='word_1_472' title='bbox 3539 3355 3734 3395; x_wconf 88' lang='lat' dir='ltr'><strong>manus</strong></span> 
     </span>
    </p>
   </div>
   <div class='ocr_carea' id='block_1_70' title="bbox 2148 3434 3731 3506">
    <p class='ocr_par' dir='ltr' id='par_1_70' title="bbox 2148 3434 3731 3506">
     <span class='ocr_line' id='line_1_71' title="bbox 2148 3434 3731 3506; baseline 0.001 -19"><span class='ocrx_word' id='word_1_473' title='bbox 2148 3434 2253 3489; x_wconf 91' lang='lat' dir='ltr'><strong>sibi</strong></span> <span class='ocrx_word' id='word_1_474' title='bbox 2287 3434 2354 3488; x_wconf 88' lang='lat' dir='ltr'><strong>ab</strong></span> <span class='ocrx_word' id='word_1_475' title='bbox 2386 3435 2496 3490; x_wconf 93' lang='lat' dir='ltr'><strong>illis</strong></span> <span class='ocrx_word' id='word_1_476' title='bbox 2528 3436 2814 3505; x_wconf 89' lang='lat' dir='ltr'><strong>impositas</strong></span> <span class='ocrx_word' id='word_1_477' title='bbox 2842 3434 3107 3506; x_wconf 89' lang='lat' dir='ltr'><strong>Spiritum</strong></span> <span class='ocrx_word' id='word_1_478' title='bbox 3139 3441 3389 3489; x_wconf 90' lang='lat' dir='ltr'><strong>sanctum</strong></span> <span class='ocrx_word' id='word_1_479' title='bbox 3430 3434 3731 3502; x_wconf 84' lang='lat' dir='ltr'><strong>excipiunt.</strong></span> 
     </span>
    </p>
   </div>
   <div class='ocr_carea' id='block_1_71' title="bbox 2147 3524 3729 3596">
    <p class='ocr_par' dir='ltr' id='par_1_71' title="bbox 2147 3524 3729 3596">
     <span class='ocr_line' id='line_1_72' title="bbox 2147 3524 3729 3596; baseline -0.001 -18"><span class='ocrx_word' id='word_1_480' title='bbox 2147 3524 2283 3579; x_wconf 87' lang='lat' dir='ltr'><strong>Nam</strong></span> <span class='ocrx_word' id='word_1_481' title='bbox 2317 3525 2627 3596; x_wconf 86' lang='lat' dir='ltr'><strong>Philippus,</strong></span> <span class='ocrx_word' id='word_1_482' title='bbox 2657 3526 2806 3596; x_wconf 90' lang='lat' dir='ltr'><strong>quod</strong></span> <span class='ocrx_word' id='word_1_483' title='bbox 2832 3526 3100 3581; x_wconf 88' lang='lat' dir='ltr'><strong>diaconus</strong></span> <span class='ocrx_word' id='word_1_484' title='bbox 3125 3526 3394 3580; x_wconf 87' lang='lat' dir='ltr'><strong>duntaxat</strong></span> <span class='ocrx_word' id='word_1_485' title='bbox 3422 3534 3590 3587; x_wconf 89' lang='lat' dir='ltr'><strong>esset,</strong></span> <span class='ocrx_word' id='word_1_486' title='bbox 3627 3524 3729 3577; x_wconf 90' lang='lat' dir='ltr'><strong>im-</strong></span> 
     </span>
    </p>
   </div>
   <div class='ocr_carea' id='block_1_72' title="bbox 2150 3616 3731 3688">
    <p class='ocr_par' dir='ltr' id='par_1_72' title="bbox 2150 3616 3731 3688">
     <span class='ocr_line' id='line_1_73' title="bbox 2150 3616 3731 3688; baseline 0.001 -17"><span class='ocrx_word' id='word_1_487' title='bbox 2150 3620 2529 3688; x_wconf 86' lang='lat' dir='ltr'><strong>ponendarum</strong></span> <span class='ocrx_word' id='word_1_488' title='bbox 2572 3634 2857 3683; x_wconf 89' lang='lat' dir='ltr'><strong>manuum,</strong></span> <span class='ocrx_word' id='word_1_489' title='bbox 2896 3617 3449 3687; x_wconf 88' lang='lat' dir='ltr'><strong>communieandique</strong></span> <span class='ocrx_word' id='word_1_490' title='bbox 3493 3616 3731 3686; x_wconf 88' lang='lat' dir='ltr'><strong>Spiritus</strong></span> 
     </span>
    </p>
   </div>
   <div class='ocr_carea' id='block_1_73' title="bbox 2147 3708 3732 3781">
    <p class='ocr_par' dir='ltr' id='par_1_73' title="bbox 2147 3708 3732 3781">
     <span class='ocr_line' id='line_1_74' title="bbox 2147 3708 3732 3781; baseline -0.004 -15"><span class='ocrx_word' id='word_1_491' title='bbox 2147 3712 2323 3766; x_wconf 89' lang='lat' dir='ltr'><strong>sancti</strong></span> <span class='ocrx_word' id='word_1_492' title='bbox 2353 3720 2619 3781; x_wconf 79' lang='lat' dir='ltr'><strong>petestate</strong></span> <span class='ocrx_word' id='word_1_493' title='bbox 2647 3711 2888 3765; x_wconf 88' lang='lat' dir='ltr'><strong>carebat.</strong></span> <span class='ocrx_word' id='word_1_494' title='bbox 2924 3708 3127 3765; x_wconf 77' lang='lat' dir='ltr'><strong>Verum</strong></span> <span class='ocrx_word' id='word_1_495' title='bbox 3165 3709 3356 3763; x_wconf 91' lang='lat' dir='ltr'><strong>Simon</strong></span> <span class='ocrx_word' id='word_1_496' title='bbox 3404 3709 3507 3763; x_wconf 89' lang='lat' dir='ltr'><strong>iste</strong></span> <span class='ocrx_word' id='word_1_497' title='bbox 3546 3709 3732 3761; x_wconf 89' lang='lat' dir='ltr'><strong>animo</strong></span> 
     </span>
    </p>
   </div>
   <div class='ocr_carea' id='block_1_74' title="bbox 2147 3798 3732 3872">
    <p class='ocr_par' dir='ltr' id='par_1_74' title="bbox 2147 3798 3732 3872">
     <span class='ocr_line' id='line_1_75' title="bbox 2147 3798 3732 3872; baseline -0.004 -15"><span class='ocrx_word' id='word_1_498' title='bbox 2147 3819 2211 3857; x_wconf 88' lang='lat' dir='ltr'><strong>ac</strong></span> <span class='ocrx_word' id='word_1_499' title='bbox 2242 3813 2420 3857; x_wconf 87' lang='lat' dir='ltr'><strong>mente</strong></span> <span class='ocrx_word' id='word_1_500' title='bbox 2447 3804 2799 3872; x_wconf 88' lang='lat' dir='ltr'><strong>depravatus,</strong></span> <span class='ocrx_word' id='word_1_501' title='bbox 2831 3816 2956 3856; x_wconf 91' lang='lat' dir='ltr'><strong>eum</strong></span> <span class='ocrx_word' id='word_1_502' title='bbox 2989 3816 3047 3855; x_wconf 91' lang='lat' dir='ltr'><strong>se</strong></span> <span class='ocrx_word' id='word_1_503' title='bbox 3071 3800 3389 3870; x_wconf 91' lang='lat' dir='ltr'><strong>turpissimo</strong></span> <span class='ocrx_word' id='word_1_504' title='bbox 3417 3798 3648 3867; x_wconf 83' lang='lat' dir='ltr'><strong>quaestui</strong></span> <span class='ocrx_word' id='word_1_505' title='bbox 3676 3804 3732 3851; x_wconf 86' lang='lat' dir='ltr'><strong>et</strong></span> 
     </span>
    </p>
   </div>
   <div class='ocr_carea' id='block_1_75' title="bbox 2146 3889 3730 3964">
    <p class='ocr_par' dir='ltr' id='par_1_75' title="bbox 2146 3889 3730 3964">
     <span class='ocr_line' id='line_1_76' title="bbox 2146 3889 3730 3964; baseline -0.002 -16"><span class='ocrx_word' id='word_1_506' title='bbox 2146 3895 2389 3949; x_wconf 73' lang='lat' dir='ltr'><strong>avaritiae</strong></span> <span class='ocrx_word' id='word_1_507' title='bbox 2423 3894 2744 3960; x_wconf 81' lang='lat' dir='ltr'><strong>dedidisset,</strong></span> <span class='ocrx_word' id='word_1_508' title='bbox 2800 3909 2978 3964; x_wconf 87' lang='lat' dir='ltr'><strong>neque</strong></span> <span class='ocrx_word' id='word_1_509' title='bbox 3011 3894 3309 3963; x_wconf 91' lang='lat' dir='ltr'><strong>quidquam</strong></span> <span class='ocrx_word' id='word_1_510' title='bbox 3344 3892 3411 3945; x_wconf 90' lang='lat' dir='ltr'><strong>de</strong></span> <span class='ocrx_word' id='word_1_511' title='bbox 3454 3889 3730 3959; x_wconf 84' lang='lat' dir='ltr'><strong>perversis</strong></span> 
     </span>
    </p>
   </div>
   <div class='ocr_carea' id='block_1_76' title="bbox 2146 3982 3729 4057">
    <p class='ocr_par' dir='ltr' id='par_1_76' title="bbox 2146 3982 3729 4057">
     <span class='ocr_line' id='line_1_77' title="bbox 2146 3982 3729 4057; baseline -0.004 -14"><span class='ocrx_word' id='word_1_512' title='bbox 2146 3988 2344 4043; x_wconf 81' lang='lat' dir='ltr'><strong>studiis</strong></span> <span class='ocrx_word' id='word_1_513' title='bbox 2404 3986 2742 4051; x_wconf 87' lang='lat' dir='ltr'><strong>remisisset,</strong></span> <span class='ocrx_word' id='word_1_514' title='bbox 2784 3985 2893 4057; x_wconf 77' lang='lat'><strong>56</strong></span> <span class='ocrx_word' id='word_1_515' title='bbox 2936 3985 3185 4056; x_wconf 90' lang='lat' dir='ltr'><strong>apostolo</strong></span> <span class='ocrx_word' id='word_1_516' title='bbox 3241 3986 3407 4038; x_wconf 90' lang='lat' dir='ltr'><strong>Petro</strong></span> <span class='ocrx_word' id='word_1_517' title='bbox 3464 3982 3729 4054; x_wconf 83' lang='lat' dir='ltr'><strong>pecunias</strong></span> 
     </span>
    </p>
   </div>
   <div class='ocr_carea' id='block_1_77' title="bbox 2144 4074 3728 4149">
    <p class='ocr_par' dir='ltr' id='par_1_77' title="bbox 2144 4074 3728 4149">
     <span class='ocr_line' id='line_1_78' title="bbox 2144 4074 3728 4149; baseline -0.005 -14"><span class='ocrx_word' id='word_1_518' title='bbox 2144 4080 2365 4145; x_wconf 90' lang='lat' dir='ltr'><strong>obtulit,</strong></span> <span class='ocrx_word' id='word_1_519' title='bbox 2394 4090 2455 4133; x_wconf 92' lang='lat' dir='ltr'><strong>ut</strong></span> <span class='ocrx_word' id='word_1_520' title='bbox 2504 4079 2551 4134; x_wconf 91' lang='lat' dir='ltr'><strong>is</strong></span> <span class='ocrx_word' id='word_1_521' title='bbox 2597 4079 2705 4134; x_wconf 87' lang='lat' dir='ltr'><strong>sibi</strong></span> <span class='ocrx_word' id='word_1_522' title='bbox 2754 4078 3020 4149; x_wconf 85' lang='lat' dir='ltr'><strong>largiendi</strong></span> <span class='ocrx_word' id='word_1_523' title='bbox 3051 4092 3149 4147; x_wconf 91' lang='lat' dir='ltr'><strong>per</strong></span> <span class='ocrx_word' id='word_1_524' title='bbox 3189 4090 3452 4130; x_wconf 90' lang='lat' dir='ltr'><strong>manuum</strong></span> <span class='ocrx_word' id='word_1_525' title='bbox 3500 4074 3728 4143; x_wconf 87' lang='lat' dir='ltr'><strong>imposi-</strong></span> 
     </span>
    </p>
   </div>
   <div class='ocr_carea' id='block_1_78' title="bbox 2145 4166 3727 4242">
    <p class='ocr_par' dir='ltr' id='par_1_78' title="bbox 2145 4166 3727 4242">
     <span class='ocr_line' id='line_1_79' title="bbox 2145 4166 3727 4242; baseline -0.006 -16"><span class='ocrx_word' id='word_1_526' title='bbox 2145 4173 2349 4228; x_wconf 89' lang='lat' dir='ltr'><strong>tionem</strong></span> <span class='ocrx_word' id='word_1_527' title='bbox 2387 4171 2629 4242; x_wconf 88' lang='lat' dir='ltr'><strong>Spiritus</strong></span> <span class='ocrx_word' id='word_1_528' title='bbox 2660 4171 2835 4226; x_wconf 88' lang='lat' dir='ltr'><strong>sancti</strong></span> <span class='ocrx_word' id='word_1_529' title='bbox 2867 4178 3190 4241; x_wconf 89' lang='lat' dir='ltr'><strong>potestatem</strong></span> <span class='ocrx_word' id='word_1_530' title='bbox 3214 4166 3518 4225; x_wconf 80' lang='lat' dir='ltr'><strong>conferret.</strong></span> <span class='ocrx_word' id='word_1_531' title='bbox 3561 4166 3727 4218; x_wconf 82' lang='lat' dir='ltr'><strong>Eum-</strong></span> 
     </span>
    </p>
   </div>
   <div class='ocr_carea' id='block_1_79' title="bbox 2141 4255 3728 4334">
    <p class='ocr_par' dir='ltr' id='par_1_79' title="bbox 2141 4255 3728 4334">
     <span class='ocr_line' id='line_1_80' title="bbox 2141 4255 3728 4334; baseline -0.008 -15"><span class='ocrx_word' id='word_1_532' title='bbox 2141 4265 2266 4319; x_wconf 89' lang='lat' dir='ltr'><strong>dem</strong></span> <span class='ocrx_word' id='word_1_533' title='bbox 2297 4262 2501 4334; x_wconf 88' lang='lat' dir='ltr'><strong>quippe</strong></span> <span class='ocrx_word' id='word_1_534' title='bbox 2532 4262 2798 4332; x_wconf 89' lang='lat' dir='ltr'><strong>Spiritum</strong></span> <span class='ocrx_word' id='word_1_535' title='bbox 2837 4261 2894 4315; x_wconf 90' lang='lat' dir='ltr'><strong>in</strong></span> <span class='ocrx_word' id='word_1_536' title='bbox 2934 4261 3075 4315; x_wconf 78' lang='lat' dir='ltr'><strong>alios</strong></span> <span class='ocrx_word' id='word_1_537' title='bbox 3105 4257 3487 4313; x_wconf 80' lang='lat' dir='ltr'><strong>transfundere</strong></span> <span class='ocrx_word' id='word_1_538' title='bbox 3520 4255 3728 4325; x_wconf 86' lang='lat' dir='ltr'><strong>cogita-</strong></span> 
     </span>
    </p>
   </div>
   <div class='ocr_carea' id='block_1_80' title="bbox 2144 4346 3727 4426">
    <p class='ocr_par' dir='ltr' id='par_1_80' title="bbox 2144 4346 3727 4426">
     <span class='ocr_line' id='line_1_81' title="bbox 2144 4346 3727 4426; baseline -0.006 -16"><span class='ocrx_word' id='word_1_539' title='bbox 2144 4356 2259 4420; x_wconf 90' lang='lat' dir='ltr'><strong>bat,</strong></span> <span class='ocrx_word' id='word_1_540' title='bbox 2290 4364 2453 4426; x_wconf 84' lang='lat' dir='ltr'><strong>atque</strong></span> <span class='ocrx_word' id='word_1_541' title='bbox 2488 4354 2566 4408; x_wconf 91' lang='lat' dir='ltr'><strong>ita</strong></span> <span class='ocrx_word' id='word_1_542' title='bbox 2599 4354 2893 4408; x_wconf 78' lang='lat' dir='ltr'><strong>maximam</strong></span> <span class='ocrx_word' id='word_1_543' title='bbox 2926 4367 3052 4407; x_wconf 87' lang='lat' dir='ltr'><strong>sese</strong></span> <span class='ocrx_word' id='word_1_544' title='bbox 3078 4350 3435 4422; x_wconf 85' lang='lat' dir='ltr'><strong>pecuniarum</strong></span> <span class='ocrx_word' id='word_1_545' title='bbox 3462 4348 3572 4403; x_wconf 91' lang='lat' dir='ltr'><strong>vim</strong></span> <span class='ocrx_word' id='word_1_546' title='bbox 3611 4346 3727 4401; x_wconf 87' lang='lat' dir='ltr'><strong>col-</strong></span> 
     </span>
    </p>
   </div>
   <div class='ocr_carea' id='block_1_81' title="bbox 2145 4433 3728 4514">
    <p class='ocr_par' dir='ltr' id='par_1_81' title="bbox 2145 4433 3728 4514">
     <span class='ocr_line' id='line_1_82' title="bbox 2145 4433 3728 4514; baseline -0.009 -13"><span class='ocrx_word' id='word_1_547' title='bbox 2145 4447 2435 4509; x_wconf 89' lang='lat' dir='ltr'><strong>lecturum,</strong></span> <span class='ocrx_word' id='word_1_548' title='bbox 2478 4453 2643 4514; x_wconf 84' lang='lat' dir='ltr'><strong>atque</strong></span> <span class='ocrx_word' id='word_1_549' title='bbox 2686 4442 2877 4513; x_wconf 85' lang='lat' dir='ltr'><strong>ingens</strong></span> <span class='ocrx_word' id='word_1_550' title='bbox 2925 4440 3150 4495; x_wconf 90' lang='lat' dir='ltr'><strong>omnino</strong></span> <span class='ocrx_word' id='word_1_551' title='bbox 3181 4440 3395 4493; x_wconf 84' lang='lat' dir='ltr'><strong>lucrum</strong></span> <span class='ocrx_word' id='word_1_552' title='bbox 3441 4451 3566 4492; x_wconf 88' lang='lat' dir='ltr'><strong>eum</strong></span> <span class='ocrx_word' id='word_1_553' title='bbox 3605 4433 3728 4489; x_wconf 74' lang='lat' dir='ltr'><strong>exi-</strong></span> 
     </span>
    </p>
   </div>
   <div class='ocr_carea' id='block_1_82' title="bbox 2145 4531 3261 4610">
    <p class='ocr_par' dir='ltr' id='par_1_82' title="bbox 2145 4531 3261 4610">
     <span class='ocr_line' id='line_1_83' title="bbox 2145 4531 3261 4610; baseline -0.007 -15"><span class='ocrx_word' id='word_1_554' title='bbox 2145 4554 2253 4609; x_wconf 85' lang='lat' dir='ltr'><strong>guo</strong></span> <span class='ocrx_word' id='word_1_555' title='bbox 2282 4538 2457 4610; x_wconf 88' lang='lat' dir='ltr'><strong>pretio</strong></span> <span class='ocrx_word' id='word_1_556' title='bbox 2487 4544 2951 4593; x_wconf 90' lang='lat' dir='ltr'><strong>commutaturum</strong></span> <span class='ocrx_word' id='word_1_557' title='bbox 2978 4531 3261 4604; x_wconf 85' lang='lat' dir='ltr'><strong>sperabat.</strong></span> 
     </span>
    </p>
   </div>
   <div class='ocr_carea' id='block_1_83' title="bbox 526 4739 2047 4830">
    <p class='ocr_par' dir='ltr' id='par_1_83' title="bbox 526 4739 2031 4830">
     <span class='ocr_line' id='line_1_84' title="bbox 526 4739 2031 4830; baseline 0.009 -41"><span class='ocrx_word' id='word_1_558' title='bbox 526 4739 640 4830; x_wconf 59' lang='lat'><strong>(‘27)</strong></span> <span class='ocrx_word' id='word_1_559' title='bbox 668 4741 932 4830; x_wconf 56' lang='grc' dir='ltr'>Σίμωίιςος</span> <span class='ocrx_word' id='word_1_560' title='bbox 960 4741 1029 4794; x_wconf 82' lang='grc' dir='ltr'>δὲ</span> <span class='ocrx_word' id='word_1_561' title='bbox 1051 4742 1291 4830; x_wconf 41' lang='grc' dir='ltr'>γίιθετὲιι.</span> <span class='ocrx_word' id='word_1_562' title='bbox 1316 4741 1472 4830; x_wconf 49' lang='grc' dir='ltr'>Χίιξθ</span> <span class='ocrx_word' id='word_1_563' title='bbox 1496 4742 1773 4830; x_wconf 56' lang='grc' dir='ltr'>ξιιεῑίῐιυηι</span> <span class='ocrx_word' id='word_1_564' title='bbox 1808 4745 2031 4830; x_wconf 67' lang='grc' dir='ltr'>ᾼροίοα.</span> 
     </span>
    </p>
   </div>
   <div class='ocr_carea' id='block_1_84' title="bbox 2147 4739 3720 4830">
    <p class='ocr_par' dir='ltr' id='par_1_84' title="bbox 2147 4751 3720 4830">
     <span class='ocr_line' id='line_1_85' title="bbox 2147 4751 3720 4830; baseline -0.003 -19"><span class='ocrx_word' id='word_1_565' title='bbox 2147 4768 2207 4812; x_wconf 82' lang='grc' dir='ltr'><strong>ιιι</strong></span> <span class='ocrx_word' id='word_1_566' title='bbox 2238 4768 2293 4813; x_wconf 92' lang='lat' dir='ltr'><strong>et</strong></span> <span class='ocrx_word' id='word_1_567' title='bbox 2316 4757 2448 4812; x_wconf 89' lang='lat' dir='ltr'><strong>illud</strong></span> <span class='ocrx_word' id='word_1_568' title='bbox 2471 4756 2613 4827; x_wconf 89' lang='lat' dir='ltr'><strong>quod</strong></span> <span class='ocrx_word' id='word_1_569' title='bbox 2635 4756 2851 4830; x_wconf 73' lang='lat' dir='ltr'><strong>scribit,</strong></span> <span class='ocrx_word' id='word_1_570' title='bbox 2865 4756 3150 4811; x_wconf 58' lang='lat' dir='ltr'><strong>hiereticos</strong></span> <span class='ocrx_word' id='word_1_571' title='bbox 3167 4768 3357 4830; x_wconf 67' lang='lat' dir='ltr'><strong>omnes</strong></span> <span class='ocrx_word' id='word_1_572' title='bbox 3375 4754 3477 4809; x_wconf 92' lang='lat' dir='ltr'><strong>sub</strong></span> <span class='ocrx_word' id='word_1_573' title='bbox 3497 4751 3720 4830; x_wconf 77' lang='lat' dir='ltr'><strong>Adriani</strong></span> 
     </span>
    </p>
   </div>
   <div class='ocr_carea' id='block_1_85' title="bbox 452 4812 2034 4885">
    <p class='ocr_par' dir='ltr' id='par_1_85' title="bbox 452 4812 2034 4885">
     <span class='ocr_line' id='line_1_86' title="bbox 452 4812 2034 4885; baseline 0.006 -22"><span class='ocrx_word' id='word_1_574' title='bbox 452 4826 515 4885; x_wconf 59' lang='lat' dir='ltr'><strong>Li,</strong></span> <span class='ocrx_word' id='word_1_575' title='bbox 546 4812 807 4885; x_wconf 67' lang='lat' dir='ltr'><strong>lrenzrum</strong></span> <span class='ocrx_word' id='word_1_576' title='bbox 846 4813 1013 4885; x_wconf 58' lang='lat' dir='ltr'><strong>Iib:_l,</strong></span> <span class='ocrx_word' id='word_1_577' title='bbox 1045 4828 1165 4882; x_wconf 83' lang='lat' dir='ltr'><strong>cap.</strong></span> <span class='ocrx_word' id='word_1_578' title='bbox 1194 4814 1285 4872; x_wconf 74' lang='lat'><strong>‘20.</strong></span> <span class='ocrx_word' id='word_1_579' title='bbox 1316 4812 1602 4885; x_wconf 76' lang='lat' dir='ltr'><strong>Phil_astr.,</strong></span> <span class='ocrx_word' id='word_1_580' title='bbox 1630 4812 2034 4885; x_wconf 58' lang='lat' dir='ltr'><strong>Augustinum,</strong></span> 
     </span>
    </p>
   </div>
   <div class='ocr_carea' id='block_1_86' title="bbox 454 4880 2038 4951">
    <p class='ocr_par' dir='ltr' id='par_1_86' title="bbox 454 4880 2038 4951">
     <span class='ocr_line' id='line_1_87' title="bbox 454 4880 2038 4951; baseline 0.007 -17"><span class='ocrx_word' id='word_1_581' title='bbox 454 4880 1176 4951; x_wconf 75' lang='lat' dir='ltr'><strong>Theodoretum,Clemeut.</strong></span> <span class='ocrx_word' id='word_1_582' title='bbox 1213 4883 1506 4939; x_wconf 79' lang='lat' dir='ltr'><strong>Alexandr.</strong></span> <span class='ocrx_word' id='word_1_583' title='bbox 1546 4901 1583 4939; x_wconf 87' lang='grc' dir='ltr'><strong>ιι</strong></span> <span class='ocrx_word' id='word_1_584' title='bbox 1614 4880 1841 4951; x_wconf 59' lang='grc' dir='ltr'>δινοῖηη</span> <span class='ocrx_word' id='word_1_585' title='bbox 1872 4880 2038 4944; x_wconf 80' lang='lat' dir='ltr'><strong>Euse-</strong></span> 
     </span>
    </p>
   </div>
   <div class='ocr_carea' id='block_1_87' title="bbox 454 4950 2031 5023">
    <p class='ocr_par' dir='ltr' id='par_1_87' title="bbox 454 4950 2031 5023">
     <span class='ocr_line' id='line_1_88' title="bbox 454 4950 2031 5023; baseline 0.005 -18"><span class='ocrx_word' id='word_1_586' title='bbox 454 4952 604 5023; x_wconf 82' lang='lat' dir='ltr'><strong>bium</strong></span> <span class='ocrx_word' id='word_1_587' title='bbox 644 4951 736 5023; x_wconf 86' lang='lat' dir='ltr'><strong>lib.</strong></span> <span class='ocrx_word' id='word_1_588' title='bbox 770 4966 805 5005; x_wconf 91' lang='grc' dir='ltr'><strong>ιι</strong></span> <span class='ocrx_word' id='word_1_589' title='bbox 866 4950 1011 5007; x_wconf 80' lang='lat' dir='ltr'><strong>Hist.</strong></span> <span class='ocrx_word' id='word_1_590' title='bbox 1044 4968 1165 5022; x_wconf 87' lang='lat' dir='ltr'><strong>cap.</strong></span> <span class='ocrx_word' id='word_1_591' title='bbox 1189 4953 1277 5016; x_wconf 82' lang='lat' dir='ltr'><strong>ll,</strong></span> <span class='ocrx_word' id='word_1_592' title='bbox 1308 4952 1560 5023; x_wconf 87' lang='lat' dir='ltr'><strong>Niceph..</strong></span> <span class='ocrx_word' id='word_1_593' title='bbox 1594 4954 1762 5020; x_wconf 53' lang='lat' dir='ltr'><strong>Rulli,</strong></span> <span class='ocrx_word' id='word_1_594' title='bbox 1792 4966 1847 5010; x_wconf 89' lang='lat' dir='ltr'><strong>et</strong></span> <span class='ocrx_word' id='word_1_595' title='bbox 1873 4960 2031 5013; x_wconf 88' lang='lat' dir='ltr'><strong>alios.</strong></span> 
     </span>
    </p>
   </div>
   <div class='ocr_carea' id='block_1_88' title="bbox 456 5021 2035 5091">
    <p class='ocr_par' dir='ltr' id='par_1_88' title="bbox 456 5021 2035 5091">
     <span class='ocr_line' id='line_1_89' title="bbox 456 5021 2035 5091; baseline 0.007 -18"><span class='ocrx_word' id='word_1_596' title='bbox 456 5021 564 5076; x_wconf 83' lang='lat' dir='ltr'><strong>Sed</strong></span> <span class='ocrx_word' id='word_1_597' title='bbox 598 5021 799 5075; x_wconf 91' lang='lat' dir='ltr'><strong>mirum</strong></span> <span class='ocrx_word' id='word_1_598' title='bbox 831 5030 937 5080; x_wconf 86' lang='lat' dir='ltr'><strong>est.</strong></span> <span class='ocrx_word' id='word_1_599' title='bbox 974 5021 1122 5091; x_wconf 90' lang='lat' dir='ltr'><strong>quod</strong></span> <span class='ocrx_word' id='word_1_600' title='bbox 1155 5024 1205 5077; x_wconf 93' lang='lat' dir='ltr'><strong>in</strong></span> <span class='ocrx_word' id='word_1_601' title='bbox 1236 5024 1386 5077; x_wconf 87' lang='lat' dir='ltr'><strong>calce</strong></span> <span class='ocrx_word' id='word_1_602' title='bbox 1414 5021 1491 5079; x_wconf 72' lang='lat' dir='ltr'><strong>vit</strong></span> <span class='ocrx_word' id='word_1_603' title='bbox 1525 5024 1726 5079; x_wconf 82' lang='lat' dir='ltr'><strong>Strom.</strong></span> <span class='ocrx_word' id='word_1_604' title='bbox 1781 5028 2035 5084; x_wconf 87' lang='lat' dir='ltr'><strong>Clemens</strong></span> 
     </span>
    </p>
   </div>
   <div class='ocr_carea' id='block_1_89' title="bbox 454 5091 2033 5162">
    <p class='ocr_par' dir='ltr' id='par_1_89' title="bbox 454 5091 2033 5162">
     <span class='ocr_line' id='line_1_90' title="bbox 454 5091 2033 5162; baseline 0.006 -18"><span class='ocrx_word' id='word_1_605' title='bbox 454 5091 653 5162; x_wconf 81' lang='lat' dir='ltr'><strong>asserit</strong></span> <span class='ocrx_word' id='word_1_606' title='bbox 684 5092 963 5162; x_wconf 66' lang='lat' dir='ltr'><strong>Simonem</strong></span> <span class='ocrx_word' id='word_1_607' title='bbox 999 5091 1275 5148; x_wconf 85' lang='lat' dir='ltr'><strong>Marcione</strong></span> <span class='ocrx_word' id='word_1_608' title='bbox 1308 5094 1664 5162; x_wconf 86' lang='lat' dir='ltr'><strong>posteriorem</strong></span> <span class='ocrx_word' id='word_1_609' title='bbox 1698 5096 1890 5158; x_wconf 80' lang='lat' dir='ltr'><strong>fuisse.</strong></span> <span class='ocrx_word' id='word_1_610' title='bbox 1940 5100 2033 5154; x_wconf 91' lang='lat' dir='ltr'><strong>ubi</strong></span> 
     </span>
    </p>
   </div>
   <div class='ocr_carea' id='block_1_90' title="bbox 451 5160 2029 5223">
    <p class='ocr_par' dir='ltr' id='par_1_90' title="bbox 451 5160 2029 5223">
     <span class='ocr_line' id='line_1_91' title="bbox 451 5160 2029 5223; baseline 0.006 -8"><span class='ocrx_word' id='word_1_611' title='bbox 451 5161 781 5215; x_wconf 88' lang='lat' dir='ltr'><strong>catholicam</strong></span> <span class='ocrx_word' id='word_1_612' title='bbox 809 5160 1106 5215; x_wconf 85' lang='lat' dir='ltr'><strong>Ecelesiam</strong></span> <span class='ocrx_word' id='word_1_613' title='bbox 1138 5160 1437 5219; x_wconf 66' lang='lat' dir='ltr'><strong>haaresibus</strong></span> <span class='ocrx_word' id='word_1_614' title='bbox 1463 5167 1735 5221; x_wconf 86' lang='lat' dir='ltr'><strong>universis</strong></span> <span class='ocrx_word' id='word_1_615' title='bbox 1753 5176 1912 5222; x_wconf 66' lang='lat' dir='ltr'><strong>aetate</strong></span> <span class='ocrx_word' id='word_1_616' title='bbox 1936 5184 2029 5223; x_wconf 82' lang='lat' dir='ltr'><strong>su-</strong></span> 
     </span>
    </p>
   </div>
   <div class='ocr_carea' id='block_1_91' title="bbox 452 5230 2033 5308">
    <p class='ocr_par' dir='ltr' id='par_1_91' title="bbox 452 5230 2033 5308">
     <span class='ocr_line' id='line_1_92' title="bbox 452 5230 2033 5308; baseline 0.006 -26"><span class='ocrx_word' id='word_1_617' title='bbox 452 5230 721 5308; x_wconf 61' lang='lat' dir='ltr'><strong>perierem</strong></span> <span class='ocrx_word' id='word_1_618' title='bbox 748 5245 875 5308; x_wconf 61' lang='lat' dir='ltr'><strong>esse</strong></span> <span class='ocrx_word' id='word_1_619' title='bbox 902 5231 1128 5308; x_wconf 81' lang='lat' dir='ltr'><strong>docens,</strong></span> <span class='ocrx_word' id='word_1_620' title='bbox 1157 5234 1326 5308; x_wconf 74' lang='grc' dir='ltr'>Κάτω</span> <span class='ocrx_word' id='word_1_621' title='bbox 1344 5233 1399 5308; x_wconf 78' lang='grc' dir='ltr'><strong>δέ</strong></span> <span class='ocrx_word' id='word_1_622' title='bbox 1418 5236 1545 5308; x_wconf 78' lang='grc' dir='ltr'>περὶ</span> <span class='ocrx_word' id='word_1_623' title='bbox 1566 5238 1691 5299; x_wconf 85' lang='grc' dir='ltr'>τοὺς</span> <span class='ocrx_word' id='word_1_624' title='bbox 1724 5236 2033 5308; x_wconf 86' lang='grc' dir='ltr'>Ἀνδριανοῦ</span> 
     </span>
    </p>
   </div>
   <div class='ocr_carea' id='block_1_92' title="bbox 451 5299 2033 5378">
    <p class='ocr_par' dir='ltr' id='par_1_92' title="bbox 451 5299 2033 5378">
     <span class='ocr_line' id='line_1_93' title="bbox 451 5299 2033 5378; baseline 0.005 -25"><span class='ocrx_word' id='word_1_625' title='bbox 451 5299 547 5353; x_wconf 82' lang='grc' dir='ltr'><strong>τοῦ</strong></span> <span class='ocrx_word' id='word_1_626' title='bbox 571 5299 1091 5378; x_wconf 60' lang='grc' dir='ltr'>βασιλέωςχρᾷνους</span> <span class='ocrx_word' id='word_1_627' title='bbox 1122 5305 1170 5356; x_wconf 79' lang='grc' dir='ltr'>οἱ</span> <span class='ocrx_word' id='word_1_628' title='bbox 1200 5304 1300 5378; x_wconf 62' lang='grc' dir='ltr'><strong>τάς</strong></span> <span class='ocrx_word' id='word_1_629' title='bbox 1328 5299 1566 5378; x_wconf 78' lang='grc' dir='ltr'>αἱρέσεις</span> <span class='ocrx_word' id='word_1_630' title='bbox 1601 5299 2033 5378; x_wconf 81' lang='grc' dir='ltr'>ἐπιπνοήσαντες</span> 
     </span>
    </p>
   </div>
   <div class='ocr_carea' id='block_1_93' title="bbox 449 5372 2033 5449">
    <p class='ocr_par' dir='ltr' id='par_1_93' title="bbox 449 5372 2033 5449">
     <span class='ocr_line' id='line_1_94' title="bbox 449 5372 2033 5449; baseline 0.006 -27"><span class='ocrx_word' id='word_1_631' title='bbox 449 5372 730 5449; x_wconf 52' lang='grc' dir='ltr'>γεγόνασι,</span> <span class='ocrx_word' id='word_1_632' title='bbox 769 5372 864 5424; x_wconf 78' lang='grc' dir='ltr'>καὶ</span> <span class='ocrx_word' id='word_1_633' title='bbox 892 5372 1148 5449; x_wconf 37' lang='grc' dir='ltr'>μέχριιγε</span> <span class='ocrx_word' id='word_1_634' title='bbox 1188 5373 1290 5449; x_wconf 62' lang='grc' dir='ltr'><strong>τῇς</strong></span> <span class='ocrx_word' id='word_1_635' title='bbox 1333 5372 1646 5449; x_wconf 59' lang='grc' dir='ltr'>Ἀντωνίνου</span> <span class='ocrx_word' id='word_1_636' title='bbox 1674 5376 1768 5430; x_wconf 91' lang='grc' dir='ltr'><strong>τοῦ</strong></span> <span class='ocrx_word' id='word_1_637' title='bbox 1784 5372 2033 5449; x_wconf 54' lang='grc' dir='ltr'>πρεσὸυὲ</span> 
     </span>
    </p>
   </div>
   <div class='ocr_carea' id='block_1_94' title="bbox 449 5389 2028 5511">
    <p class='ocr_par' dir='ltr' id='par_1_94' title="bbox 449 5389 2028 5511">
     <span class='ocr_line' id='line_1_95' title="bbox 449 5389 2028 5492; baseline 0.007 -71"><span class='ocrx_word' id='word_1_638' title='bbox 449 5389 730 5439; x_wconf 81' lang='grc' dir='ltr'>γεγονασι,</span> <span class='ocrx_word' id='word_1_639' title='bbox 769 5389 864 5424; x_wconf 86' lang='grc' dir='ltr'><strong>και</strong></span> <span class='ocrx_word' id='word_1_640' title='bbox 892 5389 1053 5492; x_wconf 49' lang='grc' dir='ltr'>μεξρι</span> <span class='ocrx_word' id='word_1_641' title='bbox 1085 5389 1148 5440; x_wconf 81' lang='grc' dir='ltr'><strong>γε</strong></span> <span class='ocrx_word' id='word_1_642' title='bbox 1188 5389 1290 5440; x_wconf 87' lang='grc' dir='ltr'><strong>της</strong></span> <span class='ocrx_word' id='word_1_643' title='bbox 1337 5389 1646 5457; x_wconf 71' lang='grc' dir='ltr'>Ἀντωνινου</span> <span class='ocrx_word' id='word_1_644' title='bbox 1674 5394 1768 5430; x_wconf 91' lang='grc' dir='ltr'><strong>του</strong></span> <span class='ocrx_word' id='word_1_645' title='bbox 1793 5389 2028 5449; x_wconf 68' lang='grc' dir='ltr'>πρεσδυα</span> 
     </span>
     <span class='ocr_line' id='line_1_96' title="bbox 449 5440 2028 5511; baseline 0.006 -18"><span class='ocrx_word' id='word_1_646' title='bbox 449 5441 611 5511; x_wconf 85' lang='grc' dir='ltr'>τέρου</span> <span class='ocrx_word' id='word_1_647' title='bbox 638 5440 901 5494; x_wconf 86' lang='grc' dir='ltr'>διέτειναν</span> <span class='ocrx_word' id='word_1_648' title='bbox 932 5443 975 5511; x_wconf 66' lang='grc' dir='ltr'><strong>η</strong></span> <span class='ocrx_word' id='word_1_649' title='bbox 1004 5442 1168 5505; x_wconf 83' lang='grc' dir='ltr'>ικίας.</span> <span class='ocrx_word' id='word_1_650' title='bbox 1220 5443 1357 5498; x_wconf 90' lang='lat' dir='ltr'><strong>Tum</strong></span> <span class='ocrx_word' id='word_1_651' title='bbox 1395 5444 1665 5500; x_wconf 80' lang='lat' dir='ltr'><strong>Basiliden</strong></span> <span class='ocrx_word' id='word_1_652' title='bbox 1698 5456 1753 5501; x_wconf 89' lang='lat' dir='ltr'><strong>et</strong></span> <span class='ocrx_word' id='word_1_653' title='bbox 1784 5446 2028 5503; x_wconf 86' lang='lat' dir='ltr'><strong>Valenti-</strong></span> 
     </span>
    </p>
   </div>
   <div class='ocr_carea' id='block_1_95' title="bbox 454 5514 2026 5589">
    <p class='ocr_par' dir='ltr' id='par_1_95' title="bbox 454 5514 2026 5589">
     <span class='ocr_line' id='line_1_97' title="bbox 454 5514 2026 5589; baseline 0.005 -26"><span class='ocrx_word' id='word_1_654' title='bbox 454 5525 584 5589; x_wconf 75' lang='lat' dir='ltr'><strong>num</strong></span> <span class='ocrx_word' id='word_1_655' title='bbox 601 5518 907 5589; x_wconf 74' lang='lat' dir='ltr'><strong>enumerat.</strong></span> <span class='ocrx_word' id='word_1_656' title='bbox 923 5514 1165 5589; x_wconf 67' lang='lat' dir='ltr'><strong>_Mo_xque</strong></span> <span class='ocrx_word' id='word_1_657' title='bbox 1186 5514 1412 5589; x_wconf 75' lang='lat' dir='ltr'><strong>subiicit</strong></span> <span class='ocrx_word' id='word_1_658' title='bbox 1434 5533 1446 5567; x_wconf 73' lang='grc' dir='ltr'><em>τ</em></span> <span class='ocrx_word' id='word_1_659' title='bbox 1472 5515 1737 5589; x_wconf 56' lang='grc' dir='ltr'>Μαρκίων</span> <span class='ocrx_word' id='word_1_660' title='bbox 1757 5518 2026 5589; x_wconf 14' lang='grc' dir='ltr'>γὰρίκατά</span> 
     </span>
    </p>
   </div>
   <div class='ocr_carea' id='block_1_96' title="bbox 452 5580 2027 5660">
    <p class='ocr_par' dir='ltr' id='par_1_96' title="bbox 452 5580 2027 5660">
     <span class='ocr_line' id='line_1_98' title="bbox 452 5580 2027 5660; baseline 0.006 -28"><span class='ocrx_word' id='word_1_661' title='bbox 452 5580 553 5649; x_wconf 86' lang='grc' dir='ltr'>τὴν</span> <span class='ocrx_word' id='word_1_662' title='bbox 583 5580 751 5660; x_wconf 75' lang='grc' dir='ltr'>αὐτὴν</span> <span class='ocrx_word' id='word_1_663' title='bbox 790 5581 977 5660; x_wconf 75' lang='grc' dir='ltr'>αὐτοῖς</span> <span class='ocrx_word' id='word_1_664' title='bbox 1017 5580 1582 5660; x_wconf 34' lang='grc' dir='ltr'>ἡλικία-[γενόμενος’</span> <span class='ocrx_word' id='word_1_665' title='bbox 1713 5580 2027 5660; x_wconf 69' lang='grc' dir='ltr'>πρεσϐύτης</span> 
     </span>
    </p>
   </div>
   <div class='ocr_carea' id='block_1_97' title="bbox 451 5650 2022 5730">
    <p class='ocr_par' dir='ltr' id='par_1_97' title="bbox 451 5650 2022 5730">
     <span class='ocr_line' id='line_1_99' title="bbox 451 5650 2022 5730; baseline 0.007 -29"><span class='ocrx_word' id='word_1_666' title='bbox 451 5650 739 5730; x_wconf 70' lang='grc' dir='ltr'>νεωτέροις</span> <span class='ocrx_word' id='word_1_667' title='bbox 789 5650 1297 5730; x_wconf 39' lang='grc' dir='ltr'>συνεγένετο..ΜεΘ’“</span> <span class='ocrx_word' id='word_1_668' title='bbox 1320 5654 1379 5707; x_wconf 80' lang='grc' dir='ltr'>ὃν</span> <span class='ocrx_word' id='word_1_669' title='bbox 1395 5650 1578 5730; x_wconf 55' lang='grc' dir='ltr'>Σίμέον</span> <span class='ocrx_word' id='word_1_670' title='bbox 1602 5650 1891 5730; x_wconf 52' lang='grc' dir='ltr'>ἐσέόλίγον</span> <span class='ocrx_word' id='word_1_671' title='bbox 1907 5650 2022 5730; x_wconf 30' lang='grc' dir='ltr'><strong>’κη-ξ</strong></span> 
     </span>
    </p>
   </div>
   <div class='ocr_carea' id='block_1_98' title="bbox 456 5718 2021 5797">
    <p class='ocr_par' dir='ltr' id='par_1_98' title="bbox 456 5718 2021 5797">
     <span class='ocr_line' id='line_1_100' title="bbox 456 5718 2021 5797; baseline 0.009 -26"><span class='ocrx_word' id='word_1_672' title='bbox 456 5718 743 5797; x_wconf 67' lang='grc' dir='ltr'>ρῦσσοντος</span> <span class='ocrx_word' id='word_1_673' title='bbox 767 5720 866 5797; x_wconf 82' lang='grc' dir='ltr'><strong>τοῦ</strong></span> <span class='ocrx_word' id='word_1_674' title='bbox 890 5721 1096 5797; x_wconf 79' lang='grc' dir='ltr'>Πέτρου</span> <span class='ocrx_word' id='word_1_675' title='bbox 1124 5718 1624 5797; x_wconf 21' lang='grc' dir='ltr'>ῦπήκογυσενίΕνεο</span> <span class='ocrx_word' id='word_1_676' title='bbox 1653 5718 1840 5783; x_wconf 72' lang='lat' dir='ltr'><strong>Simoin</strong></span> <span class='ocrx_word' id='word_1_677' title='bbox 1874 5718 2021 5785; x_wconf 69' lang='lat' dir='ltr'><strong>Mar-</strong></span> 
     </span>
    </p>
   </div>
   <div class='ocr_carea' id='block_1_99' title="bbox 452 5790 2018 5872">
    <p class='ocr_par' dir='ltr' id='par_1_99' title="bbox 452 5790 2018 5872">
     <span class='ocr_line' id='line_1_101' title="bbox 452 5790 2018 5872; baseline 0.01 -28"><span class='ocrx_word' id='word_1_678' title='bbox 452 5790 611 5847; x_wconf 87' lang='lat' dir='ltr'><strong>cioue</strong></span> <span class='ocrx_word' id='word_1_679' title='bbox 668 5792 939 5862; x_wconf 84' lang='lat' dir='ltr'><strong>posterior</strong></span> <span class='ocrx_word' id='word_1_680' title='bbox 980 5790 1101 5851; x_wconf 86' lang='lat' dir='ltr'><strong>est?</strong></span> <span class='ocrx_word' id='word_1_681' title='bbox 1140 5790 1458 5854; x_wconf 78' lang='lat' dir='ltr'><strong>Manifestus</strong></span> <span class='ocrx_word' id='word_1_682' title='bbox 1493 5790 1693 5872; x_wconf 55' lang='lat' dir='ltr'><strong>itaque</strong></span> <span class='ocrx_word' id='word_1_683' title='bbox 1723 5814 1879 5857; x_wconf 87' lang='lat' dir='ltr'><strong>error</strong></span> <span class='ocrx_word' id='word_1_684' title='bbox 1911 5811 2018 5871; x_wconf 90' lang='lat' dir='ltr'><strong>est,</strong></span> 
     </span>
    </p>
   </div>
   <div class='ocr_carea' id='block_1_100' title="bbox 2145 4823 3719 4898">
    <p class='ocr_par' dir='ltr' id='par_1_100' title="bbox 2145 4823 3719 4898">
     <span class='ocr_line' id='line_1_102' title="bbox 2145 4823 3719 4898; baseline -0.006 -14"><span class='ocrx_word' id='word_1_685' title='bbox 2145 4830 2427 4884; x_wconf 76' lang='lat' dir='ltr'><strong>exstitisse</strong></span> <span class='ocrx_word' id='word_1_686' title='bbox 2476 4823 2745 4898; x_wconf 72' lang='lat' dir='ltr'><strong>tempora.</strong></span> <span class='ocrx_word' id='word_1_687' title='bbox 2817 4829 3048 4898; x_wconf 81' lang='lat' dir='ltr'><strong>Constat</strong></span> <span class='ocrx_word' id='word_1_688' title='bbox 3105 4827 3251 4881; x_wconf 91' lang='lat' dir='ltr'><strong>enim</strong></span> <span class='ocrx_word' id='word_1_689' title='bbox 3303 4823 3579 4877; x_wconf 88' lang='lat' dir='ltr'><strong>Simonem</strong></span> <span class='ocrx_word' id='word_1_690' title='bbox 3608 4823 3719 4898; x_wconf 79' lang='lat' dir='ltr'><strong>_vi-_-</strong></span> 
     </span>
    </p>
   </div>
   <div class='ocr_carea' id='block_1_101' title="bbox 2143 4889 3710 4973">
    <p class='ocr_par' dir='ltr' id='par_1_101' title="bbox 2143 4889 3710 4973">
     <span class='ocr_line' id='line_1_103' title="bbox 2143 4889 3710 4973; baseline -0.005 -21"><span class='ocrx_word' id='word_1_691' title='bbox 2143 4909 2305 4973; x_wconf 80' lang='lat' dir='ltr'><strong>vente</strong></span> <span class='ocrx_word' id='word_1_692' title='bbox 2333 4899 2511 4952; x_wconf 91' lang='lat' dir='ltr'><strong>adhuc</strong></span> <span class='ocrx_word' id='word_1_693' title='bbox 2537 4889 2698 4973; x_wconf 68' lang='lat' dir='ltr'><strong>i’étro</strong></span> <span class='ocrx_word' id='word_1_694' title='bbox 2732 4898 2835 4973; x_wconf 82' lang='lat' dir='ltr'><strong>su_b</strong></span> <span class='ocrx_word' id='word_1_695' title='bbox 2865 4897 3080 4973; x_wconf 62' lang='lat' dir='ltr'><strong>Nerone</strong></span> <span class='ocrx_word' id='word_1_696' title='bbox 3114 4904 3561 4973; x_wconf 50' lang='lat' dir='ltr'><strong>mortuumnesse.</strong></span> <span class='ocrx_word' id='word_1_697' title='bbox 3581 4889 3710 4973; x_wconf 40' lang='lat' dir='ltr'><strong>.Sed</strong></span> 
     </span>
    </p>
   </div>
   <div class='ocr_carea' id='block_1_102' title="bbox 2138 4962 3719 5039">
    <p class='ocr_par' dir='ltr' id='par_1_102' title="bbox 2138 4962 3719 5039">
     <span class='ocr_line' id='line_1_104' title="bbox 2138 4962 3719 5039; baseline -0.004 -15"><span class='ocrx_word' id='word_1_698' title='bbox 2138 4970 2270 5039; x_wconf 89' lang='lat' dir='ltr'><strong>quid</strong></span> <span class='ocrx_word' id='word_1_699' title='bbox 2302 4976 2386 5023; x_wconf 90' lang='lat' dir='ltr'><strong>est</strong></span> <span class='ocrx_word' id='word_1_700' title='bbox 2414 4969 2561 5038; x_wconf 92' lang='lat' dir='ltr'><strong>quod</strong></span> <span class='ocrx_word' id='word_1_701' title='bbox 2601 4969 2741 5023; x_wconf 90' lang='lat' dir='ltr'><strong>idem</strong></span> <span class='ocrx_word' id='word_1_702' title='bbox 2771 4968 2944 5039; x_wconf 86' lang='lat' dir='ltr'><strong>Clem.</strong></span> <span class='ocrx_word' id='word_1_703' title='bbox 2978 4966 3179 5039; x_wconf 62' lang='grc' dir='ltr'><strong>δινοηιἶ</strong></span> <span class='ocrx_word' id='word_1_704' title='bbox 3217 4980 3263 5039; x_wconf 63' lang='grc' dir='ltr'><strong>ιι</strong></span> <span class='ocrx_word' id='word_1_705' title='bbox 3286 4965 3351 5039; x_wconf 72' lang='lat' dir='ltr'><strong>de</strong></span> <span class='ocrx_word' id='word_1_706' title='bbox 3387 4962 3719 5039; x_wconf 63' lang='lat' dir='ltr'><strong>Simonianis</strong></span> 
     </span>
    </p>
   </div>
   <div class='ocr_carea' id='block_1_103' title="bbox 2138 5031 3718 5112">
    <p class='ocr_par' dir='ltr' id='par_1_103' title="bbox 2138 5031 3718 5112">
     <span class='ocr_line' id='line_1_105' title="bbox 2138 5031 3718 5112; baseline -0.007 -20"><span class='ocrx_word' id='word_1_707' title='bbox 2138 5031 2392 5112; x_wconf 79' lang='lat' dir='ltr'><strong>loquens_</strong></span> <span class='ocrx_word' id='word_1_708' title='bbox 2418 5031 2498 5112; x_wconf 76' lang='lat' dir='ltr'><strong>ii_s_</strong></span> <span class='ocrx_word' id='word_1_709' title='bbox 2532 5038 3063 5112; x_wconf 80' lang='lat' dir='ltr'><strong>ve_rbis_signi_iicat:</strong></span> <span class='ocrx_word' id='word_1_710' title='bbox 3116 5036 3183 5112; x_wconf 74' lang='lat' dir='ltr'><strong>_O_i.</strong></span> <span class='ocrx_word' id='word_1_711' title='bbox 3221 5034 3277 5086; x_wconf 81' lang='grc' dir='ltr'>δὲ</span> <span class='ocrx_word' id='word_1_712' title='bbox 3323 5034 3465 5112; x_wconf 50' lang='lat' dir='ltr'><strong>diu?!</strong></span> <span class='ocrx_word' id='word_1_713' title='bbox 3502 5031 3718 5112; x_wconf 33' lang='lat' dir='ltr'><strong>«baxe—</strong></span> 
     </span>
    </p>
   </div>
   <div class='ocr_carea' id='block_1_104' title="bbox 2131 5101 3720 5178">
    <p class='ocr_par' dir='ltr' id='par_1_104' title="bbox 2131 5101 3720 5178">
     <span class='ocr_line' id='line_1_106' title="bbox 2131 5101 3720 5178; baseline -0.006 -17"><span class='ocrx_word' id='word_1_714' title='bbox 2131 5101 2298 5178; x_wconf 80' lang='grc' dir='ltr'>’μὼνα</span> <span class='ocrx_word' id='word_1_715' title='bbox 2324 5108 2403 5177; x_wconf 85' lang='grc' dir='ltr'>τῷ</span> <span class='ocrx_word' id='word_1_716' title='bbox 2443 5108 2690 5173; x_wconf 85' lang='grc' dir='ltr'>Ἐστῶτι,</span> <span class='ocrx_word' id='word_1_717' title='bbox 2716 5107 2775 5162; x_wconf 84' lang='grc' dir='ltr'>ὃν</span> <span class='ocrx_word' id='word_1_718' title='bbox 2806 5101 3488 5178; x_wconf 37' lang='grc' dir='ltr'>σέϐουσινηέξομοιοῦσθαι</span> <span class='ocrx_word' id='word_1_719' title='bbox 3520 5101 3720 5178; x_wconf 63' lang='grc' dir='ltr'>τρδπον</span> 
     </span>
    </p>
   </div>
   <div class='ocr_carea' id='block_1_105' title="bbox 2144 5171 3715 5249">
    <p class='ocr_par' dir='ltr' id='par_1_105' title="bbox 2144 5171 3715 5249">
     <span class='ocr_line' id='line_1_107' title="bbox 2144 5171 3715 5249; baseline -0.005 -18"><span class='ocrx_word' id='word_1_720' title='bbox 2144 5171 2446 5249; x_wconf 73' lang='grc' dir='ltr'>βούλονται.</span> <span class='ocrx_word' id='word_1_721' title='bbox 2483 5178 2565 5233; x_wconf 83' lang='lat' dir='ltr'><strong>An</strong></span> <span class='ocrx_word' id='word_1_722' title='bbox 2598 5171 2806 5249; x_wconf 85' lang='lat' dir='ltr'><strong>stantes</strong></span> <span class='ocrx_word' id='word_1_723' title='bbox 2843 5176 3109 5249; x_wconf 82' lang='lat' dir='ltr'><strong>orabant?</strong></span> <span class='ocrx_word' id='word_1_724' title='bbox 3138 5171 3231 5229; x_wconf 82' lang='lat' dir='ltr'><strong>aut</strong></span> <span class='ocrx_word' id='word_1_725' title='bbox 3256 5171 3533 5244; x_wconf 84' lang='lat' dir='ltr'><strong>quidpiam</strong></span> <span class='ocrx_word' id='word_1_726' title='bbox 3566 5171 3715 5224; x_wconf 89' lang='lat' dir='ltr'><strong>aliud</strong></span> 
     </span>
    </p>
   </div>
   <div class='ocr_carea' id='block_1_106' title="bbox 2140 5248 2916 5327">
    <p class='ocr_par' dir='ltr' id='par_1_106' title="bbox 2140 5248 2916 5327">
     <span class='ocr_line' id='line_1_108' title="bbox 2140 5248 2916 5327; baseline -0.004 -25"><span class='ocrx_word' id='word_1_727' title='bbox 2140 5248 2604 5327; x_wconf 54' lang='lat' dir='ltr'><strong>adcumulem!!!</strong></span> <span class='ocrx_word' id='word_1_728' title='bbox 2641 5248 2916 5327; x_wconf 68' lang='lat' dir='ltr'><strong>agebant?</strong></span> 
     </span>
    </p>
   </div>
   <div class='ocr_carea' id='block_1_107' title="bbox 2214 5309 3717 5389">
    <p class='ocr_par' dir='ltr' id='par_1_107' title="bbox 2214 5309 3717 5389">
     <span class='ocr_line' id='line_1_109' title="bbox 2214 5309 3717 5389; baseline -0.007 -17"><span class='ocrx_word' id='word_1_729' title='bbox 2214 5319 2322 5389; x_wconf 74' lang='lat'><strong>(28)</strong></span> <span class='ocrx_word' id='word_1_730' title='bbox 2358 5319 2491 5389; x_wconf 78' lang='grc' dir='ltr'><strong>Ἀπὸ</strong></span> <span class='ocrx_word' id='word_1_731' title='bbox 2524 5309 2791 5389; x_wconf 24' lang='grc' dir='ltr'>Γιτθῶνε</span> <span class='ocrx_word' id='word_1_732' title='bbox 2809 5317 2998 5389; x_wconf 84' lang='lat' dir='ltr'><strong>Steph.</strong></span> <span class='ocrx_word' id='word_1_733' title='bbox 3020 5315 3227 5389; x_wconf 45' lang='grc' dir='ltr'>Γρτταη</span> <span class='ocrx_word' id='word_1_734' title='bbox 3252 5311 3404 5389; x_wconf 75' lang='grc' dir='ltr'>πόλις</span> <span class='ocrx_word' id='word_1_735' title='bbox 3430 5309 3717 5389; x_wconf 65' lang='grc' dir='ltr'>Παλαιστί-</span> 
     </span>
    </p>
   </div>
   <div class='ocr_carea' id='block_1_108' title="bbox 2138 5382 3713 5463">
    <p class='ocr_par' dir='ltr' id='par_1_108' title="bbox 2138 5382 3713 5463">
     <span class='ocr_line' id='line_1_110' title="bbox 2138 5382 3713 5463; baseline -0.006 -20"><span class='ocrx_word' id='word_1_736' title='bbox 2138 5382 2257 5463; x_wconf 67' lang='grc' dir='ltr'>νης.</span> <span class='ocrx_word' id='word_1_737' title='bbox 2300 5388 2580 5463; x_wconf 70' lang='grc' dir='ltr'>Πολύβιος,</span> <span class='ocrx_word' id='word_1_738' title='bbox 2608 5382 3042 5463; x_wconf 42' lang='grc' dir='ltr'>ἐκπαιδεξάξεῳοι</span> <span class='ocrx_word' id='word_1_739' title='bbox 3070 5385 3141 5437; x_wconf 84' lang='grc' dir='ltr'>Τὸ</span> <span class='ocrx_word' id='word_1_740' title='bbox 3168 5382 3407 5463; x_wconf 42' lang='lat' dir='ltr'><strong>gemam,</strong></span> <span class='ocrx_word' id='word_1_741' title='bbox 3446 5382 3713 5443; x_wconf 76' lang='grc' dir='ltr'>Γιτταῖοςο</span> 
     </span>
    </p>
   </div>
   <div class='ocr_carea' id='block_1_109' title="bbox 2136 5452 3558 5535">
    <p class='ocr_par' dir='ltr' id='par_1_109' title="bbox 2136 5452 3558 5535">
     <span class='ocr_line' id='line_1_111' title="bbox 2136 5452 3558 5535; baseline -0.004 -25"><span class='ocrx_word' id='word_1_742' title='bbox 2136 5452 2222 5535; x_wconf 28' lang='lat' dir='ltr'><strong>ua.</strong></span> <span class='ocrx_word' id='word_1_743' title='bbox 2241 5468 2294 5535; x_wconf 75' lang='lat' dir='ltr'><strong>et</strong></span> <span class='ocrx_word' id='word_1_744' title='bbox 2314 5457 2563 5535; x_wconf 74' lang='lat' dir='ltr'><strong>Justinus</strong></span> <span class='ocrx_word' id='word_1_745' title='bbox 2584 5457 2736 5526; x_wconf 81' lang='lat' dir='ltr'><strong>Apol.</strong></span> <span class='ocrx_word' id='word_1_746' title='bbox 2759 5473 2826 5535; x_wconf 66' lang='grc' dir='ltr'><strong>ιι,</strong></span> <span class='ocrx_word' id='word_1_747' title='bbox 2850 5452 3130 5535; x_wconf 63' lang='lat' dir='ltr'><strong>Theudor.</strong></span> <span class='ocrx_word' id='word_1_748' title='bbox 3168 5452 3393 5535; x_wconf 73' lang='grc' dir='ltr'>Γιτθῷν.</span> <span class='ocrx_word' id='word_1_749' title='bbox 3502 5520 3525 5535; x_wconf 32' lang='grc' dir='ltr'><strong>ἢ</strong></span> <span class='ocrx_word' id='word_1_750' title='bbox 3546 5519 3558 5535; x_wconf 34' lang='grc' dir='ltr'><strong>ν</strong></span> 
     </span>
    </p>
   </div>
   <div class='ocr_carea' id='block_1_110' title="bbox 2204 5520 3709 5598">
    <p class='ocr_par' dir='ltr' id='par_1_110' title="bbox 2204 5520 3709 5598">
     <span class='ocr_line' id='line_1_112' title="bbox 2204 5520 3709 5598; baseline -0.007 -18"><span class='ocrx_word' id='word_1_751' title='bbox 2204 5528 2315 5598; x_wconf 73' lang='lat'><strong>(29)</strong></span> <span class='ocrx_word' id='word_1_752' title='bbox 2331 5520 2735 5597; x_wconf 57' lang='grc' dir='ltr'>Λογισὰμεὶιος</span> <span class='ocrx_word' id='word_1_753' title='bbox 2749 5522 3476 5598; x_wconf 50' lang='grc' dir='ltr'>δώσεινλᾷιριιηεριιᾱιινοι</span> <span class='ocrx_word' id='word_1_754' title='bbox 3498 5520 3709 5598; x_wconf 71' lang='grc' dir='ltr'>δώσειν,</span> 
     </span>
    </p>
   </div>
   <div class='ocr_carea' id='block_1_111' title="bbox 2132 5589 3713 5669">
    <p class='ocr_par' dir='ltr' id='par_1_111' title="bbox 2132 5589 3713 5669">
     <span class='ocr_line' id='line_1_113' title="bbox 2132 5589 3713 5669; baseline -0.006 -18"><span class='ocrx_word' id='word_1_755' title='bbox 2132 5589 2307 5669; x_wconf 78' lang='lat' dir='ltr'><strong>atque</strong></span> <span class='ocrx_word' id='word_1_756' title='bbox 2330 5589 2455 5653; x_wconf 82' lang='lat' dir='ltr'><strong>inde</strong></span> <span class='ocrx_word' id='word_1_757' title='bbox 2484 5589 3149 5669; x_wconf 13' lang='lat' dir='ltr'><strong>deincepsiscribenduin,</strong></span> <span class='ocrx_word' id='word_1_758' title='bbox 3192 5589 3550 5669; x_wconf 68' lang='grc' dir='ltr'>λογισάμενος</span> <span class='ocrx_word' id='word_1_759' title='bbox 3585 5589 3713 5641; x_wconf 84' lang='grc' dir='ltr'>πολ-</span> 
     </span>
    </p>
   </div>
   <div class='ocr_carea' id='block_1_112' title="bbox 2129 5661 3715 5740">
    <p class='ocr_par' dir='ltr' id='par_1_112' title="bbox 2129 5661 3715 5740">
     <span class='ocr_line' id='line_1_114' title="bbox 2129 5661 3715 5740; baseline -0.004 -19"><span class='ocrx_word' id='word_1_760' title='bbox 2129 5661 2227 5740; x_wconf 75' lang='grc' dir='ltr'>λὴν</span> <span class='ocrx_word' id='word_1_761' title='bbox 2250 5669 2314 5738; x_wconf 85' lang='grc' dir='ltr'>δὴ</span> <span class='ocrx_word' id='word_1_762' title='bbox 2347 5670 2468 5723; x_wconf 85' lang='grc' dir='ltr'>ἀντὶ</span> <span class='ocrx_word' id='word_1_763' title='bbox 2494 5661 2697 5736; x_wconf 82' lang='grc' dir='ltr'>ὀλίγουῖ</span> <span class='ocrx_word' id='word_1_764' title='bbox 2732 5668 2847 5722; x_wconf 77' lang='lat' dir='ltr'><strong>Nisi</strong></span> <span class='ocrx_word' id='word_1_765' title='bbox 2881 5673 3093 5740; x_wconf 84' lang='lat' dir='ltr'><strong>retenta</strong></span> <span class='ocrx_word' id='word_1_766' title='bbox 3126 5678 3265 5740; x_wconf 71' lang='lat' dir='ltr'><strong>voce</strong></span> <span class='ocrx_word' id='word_1_767' title='bbox 3289 5661 3481 5719; x_wconf 82' lang='grc' dir='ltr'>δώσειν</span> <span class='ocrx_word' id='word_1_768' title='bbox 3514 5676 3715 5717; x_wconf 70' lang='lat' dir='ltr'><strong>sensus</strong></span> 
     </span>
    </p>
   </div>
   <div class='ocr_carea' id='block_1_113' title="bbox 2129 5734 3291 5812">
    <p class='ocr_par' dir='ltr' id='par_1_113' title="bbox 2129 5734 3291 5812">
     <span class='ocr_line' id='line_1_115' title="bbox 2129 5734 3291 5812; baseline -0.004 -17"><span class='ocrx_word' id='word_1_769' title='bbox 2129 5734 2219 5797; x_wconf 80' lang='lat' dir='ltr'><strong>ille</strong></span> <span class='ocrx_word' id='word_1_770' title='bbox 2246 5734 2409 5812; x_wconf 81' lang='lat' dir='ltr'><strong>quem</strong></span> <span class='ocrx_word' id='word_1_771' title='bbox 2439 5734 2810 5811; x_wconf 80' lang='lat' dir='ltr'><strong>expressimus</strong></span> <span class='ocrx_word' id='word_1_772' title='bbox 2836 5736 3007 5810; x_wconf 80' lang='lat' dir='ltr'><strong>magis</strong></span> <span class='ocrx_word' id='word_1_773' title='bbox 3033 5734 3291 5791; x_wconf 81' lang='lat' dir='ltr'><strong>arridcat.</strong></span> 
     </span>
    </p>
   </div>
  </div>
