4204 6370
479 349 587 407 9.87

1892 352 1964 407 'S.
2018 349 2357 405 EPIPIIANII

3642 351 3751 409 288

556 462 620 518 ll.
667 460 839 533 Igitur
868 478 934 518 ex
976 463 1065 516 illa
1097 464 1366 517 malorum
1402 463 1714 518 daemonum
1750 462 1965 516 insania
1999 476 2063 515 ac

2235 459 2309 514 B'.
2339 451 2506 522 Οὗτος
2561 458 2658 529 μὲν
2684 455 2798 524 οὖν,
2834 459 2975 529 ἔχων
3016 459 3114 529 τὴν
3141 460 3376 514 διάνοιαν
3412 476 3749 532 πεπονηρευ-

481 555 714 625 magicis
745 555 962 610 artibus
999 556 1447 610 consceleratum
1478 556 1719 608 animum
1750 568 1963 625 gerens,
1994 563 2072 607 at-

478 662 590 718 que
630 648 847 701 illorum
885 648 1180 717 praestigiis
1221 647 1468 710 delusus,
1517 662 1641 701 cum
1672 645 1808 699 nihil
1847 645 2071 698 haberet

484 739 814 809 promptius,
857 755 1022 809 quam
1051 747 1109 792 ut
1140 740 1400 809 nequitia:
1430 754 1543 795 suae
1570 739 2070 806 veneficiorunique

484 833 781 886 barbarum
838 834 1138 902 quoddam,
1184 850 1247 888 ac
1294 834 1409 888 suis
1450 834 1557 888 illis
1604 833 1925 886 auctoribus
1963 832 2071 885 da:-

482 923 740 977 monibus
774 924 997 993 dignum
1052 924 1327 994 specimen
1370 924 1675 987 exhiberet,
1714 924 1770 977 in
1819 930 2068 992 apertum

480 1016 772 1086 prorupit;
825 1032 887 1070 ac
940 1018 1043 1071 sub
1081 1017 1380 1072 Christiani
1422 1017 1663 1070 nominis
1708 1017 1911 1085 specie,
1950 1025 2071 1070 tan-

484 1125 647 1177 quam
684 1120 902 1163 veratro
936 1110 1040 1163 mel
1083 1110 1415 1174 admiscens,
1454 1110 1533 1163 sic
1568 1109 1711 1163 illius
1752 1110 2067 1178 appellatio-

482 1200 572 1253 nis
606 1200 882 1269 splendori
921 1200 1078 1254 letale
1106 1215 1375 1253 venenum
1418 1198 1637 1261 infudit,
1675 1200 1837 1269 idque
1871 1201 1937 1253 iis
1974 1200 2069 1253 0b-

484 1291 610 1344 tulit
649 1306 789 1361 quos
831 1290 1210 1345 fraudulenter
1258 1301 1510 1360 captatos
1551 1299 1604 1345 et
1656 1292 1881 1359 impium
1923 1291 2070 1345 hunc

486 1382 540 1435 in
572 1396 815 1435 errorem
850 1391 1152 1450 pertractos
1183 1383 1235 1435 in
1266 1382 1495 1436 exitium
1534 1382 1783 1435 adduxit.
1822 1382 2068 1451 Cumque

484 1472 539 1525 in
586 1470 851 1526 Venerem
904 1480 1101 1525 natura
1144 1473 1442 1541 proclivior
1493 1483 1660 1535 esset,
1707 1487 1895 1526 eorum
1948 1487 2069 1541 quae

482 1559 845 1630 profitebatur
882 1562 1200 1631 dogmatnm
1235 1562 1567 1616 verecundia
1620 1572 1929 1616 commotus
1974 1577 2068 1616 ne-

482 1654 777 1723 quissimas
820 1654 1141 1723 opinionum
1183 1670 1357 1725 nugas
1407 1653 1698 1724 discipulis
1744 1656 1861 1710 suis
1892 1656 2067 1725 impo-

480 1753 603 1809 stor
636 1746 929 1814 persuasit.
962 1744 1178 1800 Etenim
1212 1762 1400 1815 vagam
1433 1746 1725 1815 quamdam
1767 1746 2065 1800 muliercu-

2180 552 2347 623 μένην
2372 551 2482 604 ἀπὸ
2511 551 2611 620 τῆς
2641 553 2698 606 ὲν
2724 553 2790 621 τῇ
2831 551 3033 621 μαγείᾳ
3067 551 3177 618 (50)
3206 550 3587 621 δαιμονιώδους
3620 552 3751 607 πλά-

2175 658 2291 712 νης,
2340 641 2435 693 καὶ
2473 639 3017 709 πεφαντασιωμένην,
3065 640 3354 711 πρόχειρος
3396 640 3470 693 ὣν
3517 642 3603 693 ἀεὶ
3649 641 3749 711 τῆς

2176 732 2370 785 ἑαυτοῦ
2419 732 2615 794 κακίας
2664 732 2731 784 τὰ
2779 730 3086 801 βαρϐαρικὰ
3144 732 3238 784 καὶ
3292 731 3561 801 δαιμόνων
3610 735 3746 805 πρά-

2174 836 2359 889 γματα
2407 821 2494 874 διὰ
2540 822 2640 891 τῆς
2693 820 2885 874 ἑαυτοῦ
2940 820 3276 890 μαγγανείας
3324 822 3745 885 ἐπιδείκνυσθαι,

2173 914 2456 985 παρελθὼν
2484 916 2563 971 εἰς
2599 915 2783 983 μέσον,
2812 916 2905 968 καὶ
2941 917 3289 986 προσχήματι
3327 914 3583 984 ὀνόματος
3611 915 3749 985 Χρι-

2174 1004 2322 1066 στοῦ,
2355 1004 2430 1066 ὡς
2474 1004 2753 1075 ἑλλέϐορον
2795 1005 2967 1075 μέλιτι
3005 1003 3390 1074 παραπλέκων,
3423 1002 3749 1081 δηλητήριον

2170 1098 2282 1158 τοῖς
2310 1096 2400 1147 ὑπ’
2430 1095 2594 1149 αὑτοῦ
2625 1096 2969 1165 ἀγρευθεῖσιν
2994 1098 3073 1158 εἰς
3101 1096 3200 1165 τὴν
3229 1097 3610 1165 κακομήχανον
3649 1095 3752 1147 αὑ·-

2170 1185 2262 1237 τοῦ
2309 1186 2515 1257 πλάνην
2566 1186 2856 1257 παρενθεὶς
2906 1186 2983 1257 τῷ
3026 1185 3121 1239 τοῦ
3174 1187 3433 1256 ὀνόματος
3482 1185 3753 1255 ἀξιώματι

2170 1276 2431 1347 Χριστοῦ,
2469 1279 2698 1332 θάνατον
2738 1277 3021 1347 ἐνεποίησε
3066 1280 3179 1340 τοῖς
3220 1278 3503 1332 πεισθεῖσι.
3540 1278 3754 1345 Λάγνος

2168 1367 2224 1419 δὲ
2262 1366 2336 1419 ὢν
2370 1369 2511 1422 κατά
2542 1370 2640 1438 τὴν
2670 1369 2849 1437 φύσιν,
2885 1369 3022 1422 αἰδοῖ
3060 1372 3125 1439 τῇ
3164 1368 3272 1421 τῶν
3300 1368 3490 1421 ἑαυτοῦ
3518 1369 3754 1438 ὑποσχέ-

2172 1474 2308 1511 σεων
2342 1459 2801 1529 ὑωνυσσὸμενος,
2836 1460 3300 1532 παρεφθαρμένην
3346 1461 3601 1514 ὑπόνοιαν
3638 1463 3754 1523 τοῖς

2171 1549 2262 1602 ὑπ’
2294 1551 2458 1604 αὑτοῦ
2494 1552 2873 1622 ἀπατωμένοις
2905 1554 2933 1604 ὁ
2978 1552 3224 1623 ἀγύρτης
3264 1553 3753 1622 παρενεποιήσατο,

2169 1640 2405 1694 Γυναῖκα
2438 1641 2548 1713 γάρ
2582 1658 2704 1695 τινα
2742 1642 2917 1713 ἐαυτῷ
2958 1644 3257 1713 εὑράμενος
3291 1643 3557 1714 ρεμϐάδα,
3602 1643 3757 1695 Ἐλέ-

2162 1751 2268 1807 νην
2296 1731 2533 1802 τοῦνομα
2562 1734 2697 1803 (51),
2726 1734 2833 1786 ἀπὸ
2866 1736 2964 1804 τῆς
3000 1735 3213 1805 Τυρίων
3249 1734 3598 1805 ὁρμωμένην,
3625 1734 3758 1801 ἄγε-

482 1834 615 1896 lam,
652 1835 872 1888 nomine
910 1833 1192 1898 Helenam,
1226 1844 1442 1897 nactus,
1476 1836 1653 1905 patria
1684 1835 1924 1906 Tyriam,
1959 1834 2063 1889 sibi

2170 1842 2282 1886 ται,
2336 1824 2411 1895 μὴ
2444 1825 2757 1893 ὑποφαίνων
2806 1825 3102 1894 συνάφειαν
3154 1825 3297 1895 ἔχειν
3344 1826 3479 1894 πρὸς
3527 1824 3753 1895 ταύτην.

481 1940 601 1980 eam
632 1927 873 1995 copulat,
900 1942 1136 1995 quacum
1173 1927 1353 1996 palam
1388 1928 1593 1980 nullam
1619 1928 1821 1982 habere
1851 1944 1910 1982 se
1938 1942 2069 1981 con-

483 2015 833 2069 suetudinem
862 2015 1151 2078 simulans,
1197 2016 1360 2069 homo
1382 2016 1537 2071 vafer
1569 2017 1710 2070 clam
1736 2018 1884 2072 omni
1920 2022 1979 2072 se
2013 2018 2065 2071 in

484 2103 777 2157 libidinum
824 2120 1024 2175 genere
1068 2105 1384 2170 volutabat;
1434 2113 1597 2176 atque
1638 2109 1801 2160 etiam
1836 2107 2067 2161 ridicula

485 2194 553 2249 de
586 2208 649 2249 ea
682 2210 740 2250 re
772 2195 951 2249 fabula
991 2195 1298 2265 discipulos
1333 2198 1589 2266 aspersit.
1631 2197 1701 2252 Se
1733 2199 1877 2253 enim
1920 2214 2071 2253 smn--

484 2299 631 2337 mam
669 2298 793 2339 esse
832 2284 927 2340 Dei
971 2285 1116 2349 vim;
1153 2294 1397 2340 scortum
1443 2304 1573 2341 vero
1604 2304 1765 2342 suum
1804 2288 2066 2359 Spiritum

480 2391 609 2431 esse
652 2388 900 2431 sanctum
932 2376 1204 2431 afﬁrmare
1241 2393 1413 2433 ausus
1455 2388 1561 2445 est,
1597 2380 1758 2448 cujus
1804 2382 2069 2452 gratia’de

483 2470 625 2523 caelo
667 2470 1043 2525 descenderat.
1095 2470 1200 2524 Sed
1254 2471 1307 2524 in
1366 2487 1697 2542 unoquoque
1747 2475 1887 2528 coelo
1943 2489 2069 2543 pro-

481 2561 683 2630 priam,
731 2561 932 2623 aiebat,
965 2563 1085 2631 ejus
1138 2563 1263 2616 caeli
1297 2564 1525 2617 formam
1553 2565 1729 2629 indui,
1765 2581 1873 2634 quo
1916 2580 2068 2619 meos

485 2652 711 2721 angelos
745 2652 915 2706 latere
946 2668 1187 2722 possem,
1210 2662 1263 2709 et
1290 2654 1354 2707 ad
1382 2670 1555 2708 meam
1590 2656 1737 2708 illam
1767 2655 2071 2725 intelligen-

485 2744 620 2798 tiam
655 2744 1072 2806 descenderem.
1105 2746 1209 2800 hoc
1245 2755 1329 2801 est
1359 2746 1617 2802 Helenam
1659 2748 1841 2811 istam,
1868 2764 1989 2818 qum
2017 2757 2070 2802 et

486 2834 784 2899 Prunicus,
814 2845 869 2891 et
898 2837 1135 2907 Spiritus
1165 2848 1388 2894 sanctus
1419 2841 1755 2909 appellatur;
1788 2856 1885 2910 per
1905 2857 2067 2910 quam

482 2929 710 2999 angelos
745 2929 966 2994 creavi;
1021 2930 1199 2999 angeli
1242 2945 1406 2999 porro
1444 2931 1729 2994 mundum,
1767 2940 1929 3001 atque
1974 2932 2069 2985 ho—

480 3022 658 3076 mines
694 3020 1079 3075 condiderunt.
1131 3021 1387 3075 Eamdem
1424 3037 1547 3075 esse
1579 3023 1940 3077 confirmabat
1967 3023 2071 3077 lle—

482 3112 683 3175 lenam,
711 3114 871 3181 cujus
898 3127 1065 3167 causa
1085 3114 1284 3166 bellum
1306 3113 1526 3167 Graecos
1553 3114 1693 3167 inter
1714 3128 1776 3168 ac
1799 3113 2068 3184 Trojanos

480 3202 710 3256 exarsit.
761 3201 841 3255 Ad
895 3202 1009 3256 hate
1058 3202 1295 3257 fabulam
1345 3204 1636 3272 adjiciebat
1681 3223 1692 3257 :
1745 3204 1952 3273 lapsam
2000 3207 2066 3261 de

488 3290 631 3343 coelo
654 3290 762 3342 vim
798 3289 946 3343 illam
979 3291 1330 3359 semetipsum
1356 3290 1771 3355 dissimulasse;
1803 3291 1979 3360 deque
2000 3306 2066 3344 eo

483 3392 674 3452 poetas
716 3382 945 3452 ﬁgurate
982 3382 1203 3437 locutos
1250 3398 1390 3437 esse.
1431 3381 1557 3435 Haec
1593 3383 1737 3436 enim
1771 3384 1842 3437 ob
1876 3399 2067 3453 supre-

472 3485 627 3525 mam
671 3472 819 3524 illam
864 3472 973 3525 vim
1018 3472 1286 3526 accidisse
1320 3472 1479 3537 bella,
1515 3489 1637 3542 qua:
1685 3474 1752 3527 ab
1793 3473 2066 3529 haereticis

483 3561 606 3615 aliis
632 3562 892 3627 Barbero,
930 3563 1045 3617 sive
1073 3562 1302 3617 Barbelo
1331 3563 1535 3617 dicitur
1569 3584 1581 3618 :
1610 3582 1730 3634 qua:
1761 3581 1883 3617 cum
1910 3580 2065 3618 suam

483 3652 561 3706 illi
605 3653 1073 3723 pulchritudinem
1115 3654 1469 3718 ostendisset,
1525 3656 1609 3709 sui
1663 3657 1808 3723 ipsos
1862 3655 2066 3709 amoris

486 3746 727 3800 stimulis
774 3745 1071 3811 incitasse;
1129 3746 1375 3815 adeoque
1420 3748 1487 3801 ad
1537 3763 1631 3803 eos
1676 3748 2067 3817 depraedandos

482 3836 588 3907 57
619 3837 914 3908 principes,
967 3839 1058 3908 qui
1093 3839 1359 3892 mundum
1412 3839 1791 3899 condiderant,
1838 3840 2063 3893 missam

483 3927 586 3981 bos
634 3927 780 3996 ipsos
820 3928 1042 3998 angelos
1077 3938 1320 3981 mutuam
1362 3928 1428 3982 ad
1473 3943 1709 3999 pugnam
1751 3929 2062 3985 excitasse:

483 4035 607 4074 cum
638 4020 854 4073 interim
890 4020 1027 4073 nihil
1063 4021 1154 4073 illa
1186 4022 1314 4073 mali
1343 4037 1504 4090 passa
1534 4022 1733 4089 injecta
1761 4021 2066 4075 vehementi

484 4112 568 4165 sui
609 4111 911 4180 cupiditate
953 4111 1262 4181 perfecerit,
1298 4121 1357 4165 ut
1408 4128 1466 4167 se
1511 4113 1743 4165 invicem
1791 4113 2066 4168 interfice-

484 4208 625 4254 rent.
669 4200 800 4254 Eam
847 4202 1045 4271 quippe
1093 4202 1430 4265 detinebant,
1470 4219 1537 4256 ne
1582 4219 1799 4258 sursum
1850 4206 2067 4260 evolare

484 4300 706 4361 posset;
751 4294 982 4363 ideoque
1012 4310 1136 4347 cum
1170 4310 1233 4349 ea
1286 4297 1487 4366 singuli
1520 4297 1574 4349 in
1615 4298 1767 4349 varia
1797 4297 2066 4352 transfor-

484 4394 671 4438 mante
692 4401 750 4439 se
774 4387 1063 4440 mulierum
1088 4402 1152 4441 ac
1177 4388 1501 4441 feminarum
1527 4405 1759 4457 corpora
1788 4394 2066 4459 congressi

2183 1916 2271 1966 Ἐν
2317 1912 2652 1983 παραϐύστῳ
2698 1913 2755 1966 δὲ
2815 1914 3132 1986 αἱσχρότητι
3180 1914 3757 1985 συμπεριπλεκόμενος

2169 2004 2247 2074 τῷ
2290 2005 2495 2074 γυναίῳ
2525 2004 2554 2055 ό
2604 2004 2757 2074 γόης,
2798 2007 2921 2059 τινὰ
2975 2006 3194 2079 μυθώδη
3235 2007 3589 2076 ψυχαγωγίαν
3642 2012 3757 2072 τοῖς

2169 2096 2362 2150 ἑαυτοῦ
2397 2096 2664 2166 μαθηταῖς
2696 2099 2979 2168 ὑφηγεῖτο,
3011 2098 3171 2169 δῆθεν
3204 2100 3395 2153 ἑαυτὸν
3429 2095 3569 2154 εἶναι
3595 2098 3756 2154 δύνα-

2173 2206 2262 2258 μιν
2290 2188 2424 2241 Θεοῦ
2473 2188 2643 2256 λέγων
2674 2188 2771 2259 τὴν
2806 2189 3048 2259 μεγάλην
3070 2208 3081 2219 ·
3114 2191 3214 2258 τὴν
3247 2190 3303 2243 δὲ
3340 2188 3571 2258 σύζυγον
3616 2205 3753 2261 πορ-

2168 2281 2299 2333 νάδα
2334 2280 2560 2351 Πνεῦμα
2605 2281 2759 2349 ἅγιον
2795 2277 2935 2335 εἶναι
2977 2282 3276 2353 τετόλμηκε
3310 2283 3506 2351 λέγειν,
3540 2286 3633 2338 καὶ
3663 2286 3753 2338 διὰ

2168 2370 2372 2440 ταύτην
2402 2369 2824 2440 κατεληλυθέναι
2860 2371 3042 2440 φησίν.
3087 2370 3177 2423 Ἐν
3215 2371 3430 2441 ἑκάστῳ
3456 2372 3512 2423 δὲ
3539 2370 3753 2443 ούρανῷ

2173 2461 2657 2532 μετεμορφούμην,
2716 2462 2869 2531 φησι,
2923 2462 3064 2515 κατά
3112 2463 3210 2532 τὴν
3270 2463 3481 2533 μορφὴν
3521 2463 3628 2515 τῶν
3694 2464 3753 2513 ἐν

2169 2554 2385 2624 ἑκάστῳ
2430 2554 2665 2624 οὑρανῷ,
2699 2554 2784 2606 ἵνα
2823 2555 2969 2607 λάθω
3002 2553 3101 2617 τὰς
3134 2554 3431 2622 ἀγγελικάς
3464 2572 3563 2625 μου
3596 2555 3756 2608 δυνά-

2174 2662 2313 2714 μεις,
2342 2645 2437 2697 καὶ
2468 2644 2713 2697 κατέλθω
2743 2645 2835 2697 ἐπὶ
2867 2646 2965 2717 τὴν
2997 2645 3227 2709 ἔννοιαν,
3260 2646 3380 2716 ἥτις
3412 2648 3558 2700 ἐστὶν
3591 2646 3751 2716 αῦτη,

2171 2737 2203 2804 ἡ
2231 2736 2326 2787 καὶ
2356 2734 2655 2805 Προύνικος
2682 2736 2812 2806 (52),
2863 2739 2957 2791 καὶ
2986 2739 3211 2809 Πνεῦμα
3238 2739 3392 2806 ἅγιον
3421 2738 3752 2809 καλουμένη,

2169 2826 2236 2877 δι’
2298 2820 2365 2897 ἦς
2414 2829 2540 2892 τοὺς
2589 2828 2853 2898 ἀγγέλους
2900 2829 3126 2883 ἔκτισα·
3182 2833 3231 2884 οἱ
3276 2831 3333 2883 δὲ
3396 2830 3615 2898 ἄγγελοι
3661 2831 3755 2883 τὸν

2171 2919 2375 2988 κόσμον
2410 2919 2653 2986 ἔκτισαν,
2680 2920 2773 2973 καὶ
2817 2921 2943 2983 τοὺς
2976 2921 3317 2992 ἀνθρώπους.
3355 2918 3508 2975 Εἶναι
3535 2923 3592 2975 δὲ
3623 2922 3757 2975 ταύ-

2169 3028 2269 3080 την
2315 3010 2412 3081 τὴν
2460 3013 2676 3081 Ἑλένην
2721 3012 2821 3083 τὴν
2878 3012 3068 3076 πάλαι,
3117 3014 3185 3066 δι’
3213 3015 3277 3084 ἣν
3325 3015 3374 3066 οἱ
3422 3014 3607 3083 Τρῶες
3660 3015 3757 3067 καὶ

2176 3104 2433 3175 Ἕλληνες
2489 3108 2566 3169 εἰς
2618 3106 2799 3177 μάχην
2850 3104 3034 3179 ἦλθον.
3080 3110 3273 3177 Ἔλεγε
3321 3108 3378 3161 δὲ
3425 3108 3591 3179 μῦθόν
3633 3125 3757 3163 τινα

2172 3198 2250 3258 εἰς
2282 3196 2474 3260 ταῦτα,
2523 3198 2603 3249 ὅτι
2643 3198 2848 3251 ἀνωθεν
2890 3202 2923 3269 ἡ
2968 3200 3198 3270 δύναμις
3254 3200 3518 3253 κατιοῦσα
3556 3200 3755 3269 ἑαυτὴν

2174 3288 2544 3357 μετεμόρφου.
2589 3288 2989 3361 Ἀλληγορικῶς
3018 3291 3074 3344 δὲ
3122 3294 3169 3343 οἱ
3212 3292 3439 3361 ποιηταὶ
3481 3292 3606 3360 περὶ
3634 3291 3756 3342 τού-

2168 3395 2261 3430 του
2292 3379 2521 3447 έφασαν.
2556 3380 2653 3435 Διά
2688 3382 2795 3453 γὰρ
2824 3383 3031 3436 ἄνωθεν
3056 3382 3311 3453 δύναμιν,
3357 3385 3423 3453 ἢν
3457 3383 3755 3453 Προύνικόν

2169 3490 2353 3540 φασιν,
2379 3475 2500 3544 ἥτις
2534 3474 2667 3545 παρ’
2687 3475 2874 3538 ἄλλαις
2906 3476 3153 3545 αἱρέσεσι
3183 3474 3454 3546 Βαρϐηρὼ
3482 3476 3599 3544 ἤτοι
3622 3475 3755 3543 Βαρ-

2168 3563 2317 3632 6ηλὼ
2348 3565 2458 3635 (55)
2508 3566 2777 3630 καλεῖται,
2822 3566 2883 3619 τὸ
2930 3566 3124 3629 κάλλος
3166 3566 3337 3634 αὑτῆς
3384 3566 3755 3635 ὲμφαίνουσαν

2168 3654 2246 3715 εἰς
2276 3648 2491 3723 οἶστρον
2522 3654 2731 3720 άξασαν
2755 3656 2971 3718 αὑτοὺς,
2997 3656 3089 3707 καὶ
3113 3654 3201 3707 διὰ
3228 3653 3382 3706 τοῦτο
3410 3654 3754 3723 πεμφθεῖσαν

2168 3744 2247 3805 εἰς
2282 3744 2624 3812 συλαγωγίαν
2665 3744 2777 3815 (55)
2818 3744 2923 3796 τῶν
2956 3745 3231 3814 ἀρχόντων
3280 3744 3387 3795 τῶν
3429 3744 3519 3796 τὸν
3545 3743 3749 3813 κόσμον

2166 3836 2353 3889 τοῦτον
2407 3840 2726 3892 κτισάντων.
2773 3838 2882 3890 Καὶ
2932 3839 3057 3900 τοὺς
3107 3838 3305 3899 αὐτοὺς
3355 3836 3619 3905 ἀγγέλους
3671 3837 3753 3899 είς

2167 3926 2400 3997 πόλεμον
2438 3927 2504 3981 δι’
2549 3928 2718 3999 αὑτὴν
2781 3928 2969 3998 ἥκειν*
3028 3929 3200 3999 αὐτὴν
3243 3928 3299 3981 δὲ
3348 3928 3513 3998 μηδὲν
3551 3945 3751 3980 πεπον-

2169 4019 2349 4083 θέναι,
2399 4020 2811 4089 ἀλληλοκτονίας
2864 4020 2920 4073 δὲ
2972 4022 3166 4082 αὐτοὺς
3224 4022 3304 4083 εἰς
3360 4022 3585 4081 έαυτοὺς
3658 4023 3751 4091 ὲρο

2167 4112 2437 4180 γάσασθαι
2484 4112 2920 4183 παρασκευάσαι,
2964 4111 3029 4163 δι’
3057 4111 3123 4182 ἣν
3159 4110 3411 4163 ἐνέϐαλεν
3446 4115 3525 4175 είς
3551 4114 3750 4176 αὑτοὺς

2169 4203 2305 4275 πρὸς
2347 4203 2546 4271 ἑαυτὴν
2590 4202 2908 4271 ἐπιθυμίαν.
2956 4204 3067 4255 Καὶ
3102 4202 3417 4271 συνέχοντες
3466 4205 3636 4275 αὑτὴν
3656 4204 3748 4258 τοῦ

2172 4296 2246 4366 μὴ
2287 4295 2398 4349 ἄνω
2428 4294 2681 4347 δύνασθαι
2724 4294 2955 4358 ἀνιέναι,
2993 4296 3300 4361 συνεγίνετο
3343 4296 3480 4367 αὑτῇ
3523 4297 3750 4360 ἕκαστος

2169 4389 2226 4440 ἐν
2257 4388 2471 4457 ἑκάστῳ
2506 4386 2717 4458 σώματι
2746 4387 3063 4454 γυναικείας
3102 4387 3193 4440 καὶ
3220 4386 3459 4458 θηλυκῆς
3492 4388 3747 4457 σχέσεως,

476 4476 633 4530 sunt.
660 4475 739 4531 Ex
770 4478 878 4531 illis
903 4493 1066 4547 porro
1094 4479 1150 4532 in
1190 4480 1405 4533 diversa
1436 4492 1543 4534 tam
1567 4482 1872 4546 hominum,
1902 4497 2063 4551 quam

2178 4479 2644 4551 μεταγγιξομένης
2689 4480 2861 4549 αὑτῆς
2905 4480 3013 4532 ἀπὸ
3050 4481 3317 4549 σωμάτων
3368 4479 3616 4550 θηλυκῶν
3670 4483 3751 4544 εἰς

488 4568 795 4638 pecudum,
840 4570 1183 4639 aliorumque
1229 4587 1460 4641 corpora
1507 4573 1814 4639 transibat;
1865 4582 1923 4627 ut
1974 4590 2069 4644 per

487 4670 707 4715 mutuas
736 4661 857 4716 illas
892 4664 1347 4736 promiscuasque
1389 4665 1563 4720 caedes
1591 4666 1762 4720 effuso
1803 4667 2069 4736 sanguine

485 4753 810 4822 semetipsos
858 4754 1199 4819 minuerent;
1244 4754 1472 4823 ipsaque
1498 4756 1725 4811 collecta
1759 4758 1807 4811 vi
1848 4773 2065 4813 rursum

486 4844 546 4900 in
578 4846 773 4901 coelum
805 4852 990 4915 posset
1031 4846 1424 4902 conscendere.

560 5209 674 5281 (30)
724 5210 859 5265 Ἀπὸ
905 5210 1016 5280 τῆς
1053 5212 1124 5265 ἐν
1167 5211 1239 5279 τῇ
1286 5213 1515 5281 μαγείᾳ.
1578 5210 1715 5267 llinc
1764 5214 2065 5269 Simoniani

488 5295 681 5335 omnes
709 5286 873 5354 magi.
922 5282 1191 5337 lrenaeus:
1232 5282 1300 5334 Et
1330 5300 1651 5353 quicumque
1680 5296 1803 5337 sunt
1837 5286 1945 5337 alia
1974 5302 2069 5354 pa-

490 5366 667 5424 rerga.
713 5353 853 5416 apud
889 5368 978 5406 eos
1022 5354 1257 5406 studiose
1291 5364 1621 5408 exercentur.
1670 5353 2065 5424 Corrigenduni

490 5422 762 5489 perierga:
805 5429 863 5475 ut
893 5423 1014 5475 Act.
1044 5439 1157 5487 XIX,
1188 5423 1272 5485 19,
1319 5424 1592 5487 Quiermit
1620 5422 2064 5479 curiosa'sectati.

564 5491 679 5561 (3|)
711 5492 967 5558 Ἑλένην
1010 5494 1291 5561 τοῦνομα.
1350 5494 1597 5549 Selenem
1631 5505 1825 5549 vocant
1865 5498 1974 5556 alii.
2008 5504 2067 5550 ut

492 5559 632 5614 lren.
670 5559 707 5612 Ι.
743 5576 780 5623 ι,
815 5576 936 5631 cap.
967 5559 1335 5635 20,63'rillus,
1361 5567 1498 5635 Aug.
1531 5575 1585 5621 et
1617 5567 1728 5621 alii.
1758 5565 1893 5621 Vide
1914 5567 2062 5622 Tert.

491 5628 531 5684 l.
568 5628 641 5682 De
663 5643 750 5682 an.
777 5646 826 5684 ιτ.
856 5632 944 5685 54.

516 5670 531 5684 .
568 5643 641 5682 υε
663 5643 750 5682 an.
777 5646 826 5684 ιτ.
856 5643 944 5684 54.

566 5698 679 5778 S5?)
723 5698 792 5752 Ἦ
816 5702 913 5778 ’ξαὶ
940 5703 1285 5778 Πριούνικες.
1322 5705 1503 5761 Dicam
1535 5706 1600 5763 de
1623 5722 1686 5763 ea
1715 5723 1849 5763 voce
1881 5707 1947 5764 ad
1970 5707 2065 5764 Nic‘

494 5770 815 5827 eolaitarum
845 5771 1111 5827 haeresim.

2176 4570 2399 4641 σώματα
2431 4572 2663 4641 διάφορα
2707 4570 3056 4641 ἀνθρωπίνης
3091 4570 3306 4639 φύσεώς
3336 4588 3393 4623 τε
3417 4572 3509 4624 καὶ
3537 4572 3749 4638 κτηνῶν

2173 4664 2268 4716 καὶ
2297 4663 2490 4728 ἄλλων,
2522 4664 2606 4716 ἵνα
2628 4663 2693 4715 δι’
2720 4657 2795 4715 ὧν
2822 4664 2976 4717 αὐτοὶ
3013 4664 3336 4733 ἐργάζονται
3366 4664 3668 4727 κτείνοντές
3688 4683 3749 4718 τε

2172 4753 2265 4804 καὶ
2295 4753 2648 4823 κτεινόμενοι,
2676 4754 2899 4823 μείωσιν
2931 4752 3138 4807 ἑαυτῶν
3165 4752 3255 4806 διά
3272 4753 3371 4822 τῆς
3395 4754 3490 4806 τοῦ
3518 4755 3749 4824 αἵματος

2171 4844 2518 4914 προσχύσεως
2566 4844 2936 4915 ἐργάζωνται·
2972 4840 3088 4897 εἶτα
3139 4845 3343 4914 ἐκείνη,
3379 4844 3475 4915 τὴν
3522 4845 3747 4916 δύναμιν

2173 4936 2534 5009 συλλεγομένη
2572 4939 2756 5004 πάλιν,
2792 4934 2949 5001 αὖθις
2979 4940 3058 5000 είς
3096 4936 3322 5009 οὑρανὸν
3355 4937 3621 5008 ἀναϐῆναι
3653 4939 3744 4991 δυ-

2170 5028 2325 5098 νηθῇ.
2688 5044 2695 5051 ·

2245 5226 2357 5296 (55)
2396 5225 2677 5292 Βαρϐηρὼ
2709 5224 2838 5292 ἢτοι
2866 5223 3171 5292 Βαρϐηλώ.
3216 5223 3442 5296 Syriaca
3481 5241 3583 5279 vox
3623 5242 3743 5279 esse

2171 5316 2382 5369 videtur
2414 5314 2640 5369 Barhelo
2666 5301 2815 5379 κώπα
2832 5329 2929 5378 ἾΞ,
2953 5318 3096 5370 filius
3114 5316 3351 5380 Bahalis,
3380 5317 3431 5371 id
3463 5325 3545 5371 est
3570 5317 3738 5372 Jovis.

2171 5384 2243 5439 Ut
2273 5388 2416 5456 enim
2444 5384 2681 5439 Verbum
2714 5388 2900 5441 mterni
2940 5384 3119 5439 Patris
3142 5387 3313 5441 Filius
3343 5406 3355 5440 :
3398 5389 3478 5442 sic
3498 5388 3740 5456 impurus

2169 5456 2272 5512 iste
2332 5455 2567 5509 ἕννονιαν
2599 5472 2775 5518 suam,
2818 5457 2920 5510 hoc
2951 5466 3035 5509 est
3067 5456 3321 5511 llelenam
3360 5457 3530 5511 videri
3569 5455 3739 5510 voluit

2169 5527 2315 5581 velut
2345 5526 2512 5579 fetum
2539 5526 2828 5595 quemdam
2860 5541 2981 5580 esse
3006 5544 3199 5589 suum;
3239 5537 3296 5580 ut
3321 5525 3570 5581 Justinus
3610 5543 3735 5581 nar-

2169 5608 2271 5652 rat.
2296 5596 2394 5667 τὴν
2418 5597 2509 5647 ὑπ’
2534 5596 2684 5665 αύτῷ
2710 5597 2916 5649 ἔννοιαν
2946 5596 3508 5667 πρώτηνίγενομένην.

2239 5666 2349 5734 (54)
2380 5670 2483 5732 Εἰς
2504 5667 2907 5735 συλαγωγίαν.
2969 5666 3041 5719 ita
3072 5684 3136 5720 ex
3171 5666 3302 5735 Reg.
3330 5666 3454 5724 'cod.
3487 5666 3742 5724 emenda.

2168 5738 2345 5793 vimus
2378 5753 2475 5808 pro
2497 5754 2559 5795 eo
2585 5737 2730 5808 quod
2762 5746 2873 5794 erat
2901 5736 3279 5809 ψυχαγωγίαν.
