4204 6370
235 4337 268 4362 \

409 397 518 452 289
1082 385 1451 445 ADVERSUS
1490 381 2000 441 IMERESES‘LIB.
2045 382 2084 436 1.
2129 382 2292 440 ΤΟΜ.
2343 384 2403 440 ll.
2446 418 2514 428 —
2553 385 2830 442 HERES.
2857 385 3011 440 ’XXI.

3588 377 3712 437 900

486 516 557 567 I".
593 513 702 567 Ἦν
731 513 789 566 δὲ
817 511 959 581 αῦτη
1000 509 1122 562 τότε
1171 509 1205 577 ἡ
1250 499 1502 567 ὲπὶ“τοῖς
1530 503 1754 574 Ἕλλησί
1802 519 1863 556 τε
1912 500 2002 554 καὶ

2180 501 2266 555 Ill.
2313 501 2482 572 lgitur
2525 502 2715 557 eadem
2752 507 2858 563 ρει,
2885 499 3087 564 aiebat,
3132 496 3223 552 illa
3251 511 3374 569 qua
3398 503 3514 554 tum
3543 497 3702 554 Crte.

413 607 603 678 Τρωσὶ
629 606 724 659 καὶ
761 603 1024 658 ἀνωτάτω
1055 598 1221 670 πρινὴ
1247 596 1340 650 τὸν
1366 597 1572 666 κόσμον
1603 593 1877 663 γενέσθαι,
1908 594 2004 647 καὶ

416 692 554 763 μετά
583 694 676 745 τὸν
707 691 914 762 κόσμον
945 688 1034 742 διά
1059 687 1169 740 τῶν
1204 685 1454 755 ἀοράτων
1496 683 1776 755 δυνάμεων
1813 683 1883 735 τὰ
1913 684 2004 736 ῑσα

419 785 650 837 ίσότυπα
685 782 1036 852 πεποιηκυῖα.
1071 779 1220 850 Αὕτη
1265 779 1325 832 δέ
1353 781 1500 831 ἐστιν
1533 779 1566 847 ἡ
1605 775 1700 829 νῦν
1728 777 1823 828 σὺν
1855 775 2000 844 ἐμοὶ,

415 879 511 931 καὶ
531 879 617 930 διὰ
646 877 851 946 ταύτην
881 873 1246 943 κατελήλυθα.
1286 873 1398 924 Καὶ
1438 869 1578 939 αῦτη
1609 869 1665 921 δὲ
1698 866 2004 939 προσεδόκα

416 972 515 1040 τὴν
543 971 682 1042 ἐμὴν
711 968 1036 1040 παρουσίαν.
1074 965 1222 1035 Αὕτη
1252 965 1360 1035 γάρ
1384 965 1533 1015 ἐστιν
1560 963 1592 1031 ἡ
1623 960 1798 1015 ἔννοια
1819 961 1852 1030 ἡ
1873 959 2002 1029 παρ’

430 1063 652 1132 Ὁμήρῳ
694 1060 881 1130 Ἑλένη
909 1057 1241 1127 καλουμένη.
1269 1055 1380 1109 Καὶ
1406 1053 1597 1106 τούτου
1626 1052 1811 1104 ἕνεκεν
1840 1052 2006 1119 ἀναγο

419 1151 646 1215 κάξεται
673 1152 843 1222 αὐτὴν
874 1149 1192 1220 διαγράφειν
1219 1148 1366 1216 ’Όμη
1377 1162 1465 1218 ρος
1493 1146 1583 1198 ἐπὶ
1608 1145 1818 1216 πύργου
1845 1147 2004 1215 έστη-

417 1245 592 1305 κέναι,
622 1244 714 1296 καὶ
739 1241 828 1296 διά
854 1241 1136 1312 λαμπάδος
1166 1239 1484 1308 ὑποφαίνειν
1505 1240 1618 1301 τοῖς
1656 1237 1877 1307 Ἕλλησι
1901 1238 2001 1307 τὴν

416 1326 559 1384 κατά
591 1331 702 1382 τῶν
731 1329 960 1400 Φρυγῶν
985 1327 1302 1394 ἐπιϐουλήν.
1350 1327 1781 1398 Ἐχαρακτήριζε
1813 1327 1870 1379 δὲ
1912 1326 2002 1379 διὰ

415 1420 518 1490 τῆς
547 1419 911 1489 λαμπηδόνος,
938 1419 1014 1481 ὡς
1047 1417 1206 1489 ἔφην,
1229 1416 1327 1488 τὴν
1358 1416 1450 1469 τοῦ
1478 1415 1684 1470 ἀνωθεν
1717 1417 1892 1484 φωτὸς
1917 1416 2003 1470 έν-

415 1511 599 1576 δειξιν.
632 1510 722 1563 Διὸ
741 1512 836 1563 καὶ
874 1510 966 1562 τὸν
1000 1511 1130 1580 παρ’
1169 1509 1394 1579 Ὁμήρῳ
1433 1507 1646 1580 θούριον
1701 1509 1866 1562 ἵππον
1907 1526 2004 1578 με·

421 1600 824 1672 μηχανημένον,
862 1599 921 1652 ὃν
961 1599 1273 1671 νομίζουσιν
1306 1598 1567 1670 ’Έλληνες
1611 1599 1864 1670 ἐπίτηδες
1906 1616 2000 1667 γε-

419 1691 700 1762 γενῆσθαι,
731 1691 885 1759 ἔλεγε
931 1691 1093 1744 πάλιν
1123 1693 1150 1743 6
1194 1691 1349 1760 γόης,
1388 1691 1468 1744 ὄτι
1507 1690 1699 1760 ἄγνοιά
1743 1693 1858 1744 ἐστι
1889 1690 1998 1742 τῶν

417 1781 618 1836 ἐθνῶν*
663 1783 759 1836 καὶ
805 1783 882 1846 ὼς
925 1783 976 1835 οἱ
1006 1782 1239 1854 Φρύγες,
1279 1783 1529 1845 ἕλκοντες
1575 1781 1736 1835 αὐτὸν
1784 1783 1996 1852 ἀγνοίᾳ,

2104 607 2295 647 eorum
2340 608 2403 647 ac
2432 592 2802 662 Trojanorum
2827 589 3164 659 temporibus
3190 587 3289 641 fuit
3313 605 3328 652 ;
3356 588 3466 641 imo
3491 594 3547 642 et
3569 596 3696 642 ante
3808 579 3812 585 ’

2100 689 2323 750 etpost
2373 682 2660 737 conditum
2711 681 2976 735 mundum
3029 681 3171 734 inter
3212 679 3434 750 angelos
3490 677 3696 734 similia

2103 775 2355 843 quaedam
2399 784 2834 844 perpetraverat.
2884 774 2961 827 Ea
3002 787 3136 827 vero
3164 771 3278 840 jam
3327 786 3537 825 mecum
3583 777 3693 836 est,

2103 865 2333 935 ejusque
2355 881 2523 921 causa
2546 866 2808 921 descendi
2833 883 2846 932 ;
2881 879 3007 918 cum
3035 879 3158 918 eum
3193 866 3457 918 hactenus
3488 861 3703 918 adven—-

2104 965 2218 1010 tum
2246 966 2606 1028 exspectaret.
2641 957 2738 1012 Est
2763 958 2912 1012 enim
2944 957 3035 1009 illa
3074 955 3247 1018 notio,
3287 970 3449 1024 quam
3485 953 3692 1009 Home-

2104 1064 2200 1103 rus
2234 1047 2492 1103 Helenam
2517 1049 2750 1104 vocavit.
2776 1049 2955 1118 Atque
2998 1047 3122 1100 ideo
3161 1061 3260 1112 pro
3282 1047 3419 1100 tur‘ri
3452 1053 3688 1100 stantem

2105 1140 2274 1205 illam,
2308 1141 2648 1209 sublatisque
2677 1139 2893 1194 facibus
2918 1138 3233 1193 Graeci-um
3265 1147 3458 1192 contra
3491 1136 3705 1205 Trojam

2106 1245 2208 1284 nos
2247 1229 2481 1284 insidias
2531 1229 2907 1283 moderantem
2949 1228 3266 1283 describere
3311 1235 3538 1282 coactus
3579 1235 3687 1282 est.

2107 1319 2209 1374 llic
2227 1321 2370 1374 enim
2409 1320 2615 1392 facium
2649 1319 2826 1390 fulgor
2867 1321 3092 1389 caeleste
3121 1321 3302 1375 lumen
3337 1320 3407 1374 ab
3444 1335 3506 1374 ea
3532 1327 3692 1389 pate-

2103 1411 2306 1467 iactum
2341 1413 2638 1483 signiﬁcat.
2681 1411 2816 1466 Nam
2843 1413 3080 1481 ligneum
3117 1412 3271 1464 illum
3310 1411 3456 1481 apud
3483 1410 3688 1468 Homen

2102 1519 2224 1556 rum
2269 1518 2469 1573 equum
2507 1518 2668 1573 quem
2711 1503 2781 1557 de
2822 1503 3090 1558 industria
3144 1501 3468 1556 fabricatum
3511 1499 3703 1560 Graeci-

2102 1603 2330 1663 putant,
2386 1595 2656 1664 impostor
2715 1595 2817 1650 iste
2865 1595 3108 1664 gentium
3171 1593 3240 1647 ad
3288 1594 3688 1664 ignorationem

2100 1687 2374 1755 pertinere
2412 1687 2718 1740 contendit.
2757 1687 2824 1741 Ut
2874 1687 3020 1741 enim
3069 1685 3312 1756 Trojani,
3359 1702 3484 1740 cum
3532 1686 3698 1740 illum.

2101 1779 2166 1833 ad
2209 1794 2307 1834 sua
2341 1780 2544 1834 mantia
2589 1795 2686 1848 per
2727 1779 3092 1849 ignorantiam
3137 1779 3516 1843 attraxissent,
3561 1792 3685 1847 per-

415 1875 506 1927 τδν
548 1874 679 1928 ῐδιον
707 1874 927 1945 ὖλεθρον
971 1875 1392 1927 ἐπεσπάσαντο·
1436 1872 1580 1926 οῦτω
1623 1875 1716 1926 καὶ
1738 1873 1806 1926 τά
1846 1872 1996 1944 ἔθνη,

2106 1871 2298 1926 nieiem
2341 1872 2444 1926 sibi
2475 1873 2905 1936 consciverunt;
2939 1873 3013 1925 ita
3044 1880 3254 1942 gentes,
3307 1871 3412 1926 hoc
3458 1880 3542 1926 est
3580 1871 3684 1926 bo-

415 1963 695 2016 τουτέστιν
733 1964 782 2016 οἱ
812 1962 1109 2034 ἄνθρωποι,
1145 1963 1302 2027 ἐκτὸς
1327 1965 1426 2034 τῆς
1464 1965 1604 2034 ὲμῆς
1634 1963 1886 2032 γνώσεως
1911 1963 2000 2018 διὰ

417 2058 520 2127 τῆς
551 2057 776 2124 ἀγνοίας
821 2057 1072 2110 ἕλκουσιν
1117 2058 1328 2119 ἑαυτοῖς
1363 2056 1463 2126 τὴν
1509 2055 1803 2109 ἀπώλειαν.
1842 2055 2002 2109 Ἀλλά

418 2151 513 2204 καὶ
557 2149 790 2220 Ἀθηνᾶν
822 2149 982 2203 πάλιν
1010 2149 1108 2221 τὴν
1148 2149 1318 2220 αὐτὴν
1344 2148 1497 2216 ἔλεγε
1527 2148 1624 2218 τὴν
1655 2148 1784 2218 παρ’
1821 2148 2002 2201 αὐτῶν,

418 2241 627 2296 ἔννοιαν
659 2241 1020 2311 καλουμένην,
1064 2239 1348 2310 χρώμενος
1385 2238 1547 2309 δῆθεν
1579 2239 1607 2289 6
1645 2237 1844 2300 πλάνος
1880 2241 2001 2301 ταῖς

415 2333 512 2386 τοῦ
543 2333 700 2401 ἁγίου
735 2332 1035 2385 ἀποστόλου
1081 2330 1296 2384 Παύλου
1345 2332 1570 2399 φωναῖς,
1603 2328 1909 2399 μεταποιῶν
1939 2346 2001 2381 τε

417 2423 516 2494 τὴν
543 2422 803 2493 ἀλήθειαν
851 2423 931 2484 είς
972 2421 1031 2473 τὸ
1065 2419 1230 2474 αὐτοῦ
1269 2418 1484 2488 ψεῦδος,
1513 2418 1593 2481 τὸ,
1633 2417 2001 2472 Ἐνδύσασθε

417 2516 526 2569 τὸν
565 2514 798 2584 θώρακα
827 2513 940 2583 τῆς
961 2515 1248 2584 πίστεως,
1270 2513 1367 2565 καὶ
1395 2511 1511 2579 τὴν
1534 2511 2002 2581 περικεφαλαίαν

419 2607 526 2672 τοῦ
566 2607 887 2676 σωτηρίου,
927 2605 1026 2658 καὶ
1077 2603 1386 2672 κνημῖδας,
1427 2603 1526 2658 καὶ
1575 2602 1877 2671 μάχαιραν
1902 2602 2000 2656 καὶ

418 2700 652 2768 θυρεόν.
686 2698 872 2752 Ταῦτα
897 2697 1073 2750 πάντα
1103 2697 1196 2749 ἐπὶ
1225 2696 1323 2765 τῆς
1353 2695 1446 2748 τοῦ
1474 2694 1814 2757 Φιλιστίωνος
1843 2711 2004 2764 μιμο-

419 2793 606 2862 λογίας
633 2794 662 2846 6
687 2790 962 2855 ἀπατεὼν,
994 2790 1063 2842 τὰ
1111 2789 1215 2841 ὑπὸ
1253 2788 1346 2841 τοῦ
1382 2787 1702 2840 Ἀποστόλου
1737 2787 2003 2857 εἰρημένα

417 2884 508 2937 διὰ
538 2884 754 2956 στερεὸν
784 2882 1045 2951 λογισμὸν
1073 2880 1168 2934 καὶ¹
1206 2879 1388 2932 πίστιν
1423 2879 1592 2949 ἁγνῆς
1630 2877 1999 2950 ἀναστροφῆς,

421 2977 515 3028 καὶ
545 2975 774 3045 δύναμιν
805 2974 948 3028 θείου
982 2973 1141 3042 λόγου
1172 2973 1267 3025 καὶ
1303 2970 1648 3042 ἐπουρανίου,
1681 2972 1760 3033 εἰς
1805 2969 2002 3040 χλεύην

420 3067 606 3120 λοιπὸν
682 3067 775 3120 καὶ
857 3065 1008 3118 οὐδὲν
1059 3065 1245 3135 ἕτερον
1303 3063 1714 3134 μεταστρέφων.
1762 3062 1827 3114 Τί
1873 3063 2002 3132 γὰρ,

421 3160 556 3231 φησὶ
575 3161 612 3227 ί,
631 3159 802 3213 ταῦτα
831 3158 1010 3212 πάντα
1033 3158 1112 3220 εἰς
1140 3156 1367 3227 Ἀθηνᾶς
1387 3154 1589 3219 τύπους
1615 3154 2001 3228 μυστηριωδῶς

423 3250 776 3322 ἐσχημάτιζε.
823 3232 1109 3302 Διὺτπάλιν
1155 3247 1363 3315 ἔλεγεν,
1409 3247 1484 3310 ὼς
1536 3250 1818 3318 προεῖπον,
1866 3248 2001 3299 ὑπο-

424 3343 632 3410 φαίνων
658 3340 874 3410 ὲκείνην
903 3339 1002 3409 τὴν
1037 3338 1153 3408 μετ’
1189 3337 1354 3390 αὑτοῦ
1380 3340 1612 3405 γυναῖκα
1642 3337 1740 3409 τὴν
1769 3337 1876 3390 ἀπὸ
1898 3337 2003 3390 Τύ-

426 3452 522 3506 ρου
569 3433 866 3504 ληφθεῖσαν
915 3430 1092 3501 αὐτῷ,
1147 3431 1246 3503 τὴν
1290 3429 1578 3500 ὁμώνυμον
1621 3431 1719 3498 τῆς
1770 3429 2004 3492 παλαιᾶς

434 3526 683 3598 Ἑλένης·
726 3524 795 3577 τὰ
824 3523 1003 3576 πάντα
1030 3522 1236 3592 ταύτην
1277 3519 1488 3581 καλῶν,¹
1521 3521 1612 3573 καὶ
1637 3520 1867 3583 ἔννοιαν,
1910 3519 2003 3572 καὶ

435 3612 691 3685 Ἀθηνᾶν,
722 3613 813 3666 καὶ
840 3611 1080 3682 Ἑλένην,
1111 3609 1206 3663 καὶ
1234 3608 1304 3662 τὰ
1336 3608 1488 3662 ἀλλα.
1517 3609 1626 3660 Καὶ
1659 3608 1746 3662 διὰ
1776 3607 2000 3678 ταύτην,

423 3707 580 3776 φησὶ,
633 3703 1008 3774 καταϐέϐηκα.
1055 3702 1225 3755 Τοῦτο
1271 3702 1379 3773 γάρ
1418 3703 1533 3754 ἐστι
1574 3701 1635 3754 τὸ
1680 3702 2004 3772 γεγραμμέ-

422 3815 514 3851 νον
546 3797 656 3866 (55)
692 3799 749 3850 έν
786 3794 864 3865 τῷ
895 3793 1244 3864 Εὑαγγελίῳο
1281 3792 1340 3845 τὸ
1387 3792 1657 3863 πρόϐατον
1695 3793 1756 3845 τὸ
1798 3794 2004 3848 πεπλα-

422 3890 676 3960 νημένον.
719 3888 878 3940 Ἀλλά
903 3888 998 3940 καὶ
1036 3886 1222 3940 εἰκόνα
1249 3884 1368 3938 τινὰ
1401 3884 1747 3955 παραδέδωκε
1772 3887 1883 3947 τοῖς
1920 3886 2008 3938 αὐ·

421 3981 541 4044 τοῦ,
573 3983 645 4045 ὼς
667 3979 826 4050 δῆθεν
867 3977 1030 4032 αὐτοῦ
1056 3975 1241 4031 οὖσαν.
1278 3977 1388 4030 Καὶ
1415 3976 1812 4047 προσκυνοῦσιν
1836 3977 2005 4048 αὐτὴν

424 4076 485 4127 έν
543 4075 671 4126 εἴδει
721 4072 864 4135 Διός.
911 4070 1114 4141 ’Ἄλλην
1159 4069 1216 4122 δὲ
1259 4069 1521 4132 ὡσαύτως
1565 4069 1778 4140 Ἑλένης
1820 4069 2006 4123 εἰκόνα

426 4164 743 4237 παρέδωκεν
764 4162 947 4225 αὐτοῖς
980 4163 1037 4213 ὲν
1067 4161 1308 4230 σχήματι
1349 4158 1602 4230 Ἀθηνᾶς,
1638 4160 1731 4212 καὶ
1757 4174 2004 4231 προσκυ-

426 4253 579 4306 νοῦσι
612 4251 814 4314 ταύτας
845 4253 892 4303 oi
921 4249 1058 4320 πρὸς
1093 4248 1257 4302 αὐτοῦ
1291 4249 1653 4320 ἠπατημένοι.

497 4343 570 4394 Δ’.
605 4341 898 4410 Μυστήρια
930 4339 986 4391 δὲ
1025 4337 1253 4391 ὑπέθετο
1281 4338 1656 4408 αἱσχρότητος,
1701 4338 1910 4410 ρύσεώς
1944 4358 2004 4395 τε

430 4432 730 4502 σωμάτων,
777 4431 926 4493 ὅπως
981 4428 1303 4500 σεμνότερον
1354 4429 1745 4500 ὑφηγήσομαι·
1796 4430 2004 4502 ἀνδρῶν

2105 1965 2280 2016 mines
2311 1963 2574 2027 universi,
2610 1963 2701 2032 qui
2730 1963 2947 2032 quidem
2985 1962 3296 2032 cognitione
3320 1977 3436 2016 mea
3469 1969 3700 2029 carent,

2103 2068 2168 2108 ex
2211 2054 2558 2124 ignoratione
2610 2055 2717 2110 sibi
2772 2053 2998 2109 exitium
3054 2065 3362 2110 arcessunt.
3413 2053 3700 2110 Praeterea.

2103 2143 2400 2199 Minervam
2440 2144 2687 2200 eamdem
2738 2160 2860 2199 esse
2909 2143 3147 2211 dicebat,
3183 2160 3346 2213 quam
3383 2146 3706 2209 notiooem,-

2104 2248 2164 2293 ut
2195 2239 2459 2303 diximus,
2491 2241 2820 2310 appellabat.
2850 2240 3023 2304 Quam
3050 2239 3114 2292 ad
3138 2254 3252 2293 rem
3275 2237 3509 2308 apostoli
3530 2235 3683 2292 Pauli

2103 2325 2312 2378 dictum
2365 2327 2501 2380 illud
2553 2328 2987 2390 accommodare,
3034 2335 3089 2380 et
3133 2327 3201 2382 ad
3251 2327 3533 2380 mendacia
3585 2340 3704 2381 sua:

2103 2417 2388 2472 veritatem
2424 2419 2641 2474 trahere
2687 2420 2939 2486 solebat';
2983 2435 3112 2474 cum
3161 2421 3234 2474 ita
3277 2418 3480 2476 Paulus
3510 2421 3703 2490 loqui--

2105 2515 2195 2562 tur
2245 2508 2501 2564 :Imluile
2547 2511 2774 2564 loricam
2817 2510 2963 2580 ﬁdei,
3014 2520 3065 2564 et
3111 2511 3316 2580 galeam
3373 2512 3585 2576 salutis,
3635 2522 3704 2568 et;

2105 2616 2286 2654 ocreas
2313 2617 2376 2653 ac
2410 2601 2673 2671 gladium,
2703 2611 2752 2655 et
2783 2613 2992 2655 scutum
3013 2605 3055 2657 ³.
3089 2600 3219 2667 Quae
3253 2603 3435 2657 omnia
3477 2604 3531 2661 in
3559 2619 3704 2659 eum.

2107 2691 2267 2747 ﬁnem
2306 2693 2374 2748 ab
2425 2694 2692 2764 Apostolo
2740 2694 2911 2761 dicta,
2971 2703 3029 2749 ut
3073 2696 3303 2751 solidam
3350 2706 3584 2751 mentem
3630 2704 3686 2750 et

2105 2785 2403 2840 castissimi
2441 2786 2572 2839 vitae
2601 2785 2838 2840 instituti
2869 2786 3049 2852 ﬁdem,
3079 2797 3132 2844 et
3157 2788 3326 2842 divini
3359 2802 3423 2842 ac
3445 2787 3698 2848 caelestis;

2105 2876 2211 2930 vim
2245 2877 2518 2932 sermonis
2557 2879 2909 2948 exprimeret,
2943 2881 3238 2935 circulator
3287 2881 3412 2944 iste,
3444 2883 3526 2937 sic
3559 2890 3684 2937 tan-

2106 2984 2267 3038 quam
2301 2967 2644 3027 Philistionis
2687 2972 2883 3026 mimos
2926 2983 3132 3043 ageret,
3166 2973 3301 3028 nihil
3333 2974 3486 3028 aliud
3519 2990 3698 3044 quam.

2107 3059 2173 3112 ad
2207 3060 2507 3126 ludibrium
2541 3065 2837 3118 convertit.
2879 3064 2989 3134 58
3011 3063 3148 3130 Quid
3179 3066 3324 3120 enim
3362 3067 3642 3136 inquiebat
3657 3067 3697 3130 ῒ,

2109 3149 2303 3205 Omnia
2350 3152 2467 3207 haec
2517 3152 2776 3210 Minervae
2834 3157 3019 3226 specie
3068 3159 3296 3227 mystice
3343 3157 3701 3219 declarabat;

2107 3243 2288 3308 Quare
2321 3260 2484 3315 quam
2517 3247 2810 3301 abductam
2851 3247 2996 3318 Tyro
3036 3260 3242 3303 secum'
3267 3250 3504 3305 habebat
3525 3251 3686 3307 femi-

2106 3349 2233 3387 nam
2278 3336 2481 3389 veteris
2519 3336 2669 3392 illius
2722 3335 2940 3391 Helenae
2982 3340 3382 3408 cognominem,
3435 3356 3594 3409 eam,
3623 3349 3698 3396 ut-

2105 3427 2311 3481 dictum
2347 3437 2452 3494 est,
2489 3428 2790 3498 signiﬁcari
2824 3431 3062 3496 volebat,
3108 3441 3163 3487 et
3209 3433 3276 3487 ad
3303 3449 3424 3488 eam
3458 3437 3685 3490 nomina

2105 3520 2288 3573 omnia
2337 3518 2725 3573 transferebat.
2782 3519 3067 3588 Notionis,
3126 3523 3415 3590 Minervae,
3467 3525 3702 3592 Helenae.

2106 3610 2322 3681 aliaque
2347 3612 2779 3681 quamplurima.
2817 3612 2884 3667 Et
2919 3615 3106 3684 hujus,
3144 3617 3340 3688 inquit,
3379 3622 3555 3689 gratia
3585 3621 3686 3677 de-

2107 3702 2315 3756 scendi.
2353 3701 2556 3772 Estque
2578 3703 2718 3758 adeo
2751 3705 2868 3769 illa,
2904 3705 2971 3759 de
2998 3722 3104 3776 qua
3130 3710 3184 3762 in
3226 3709 3520 3780 Evangelio
3544 3712 3687 3768 scri-

2106 3801 2257 3863 ptum
2281 3801 2384 3861 est,
2429 3795 2548 3850 ovis
2574 3795 2887 3851 errabunda
2909 3798 2954 3852 ³.
2995 3797 3104 3853 Nec
3135 3801 3201 3856 iis
3237 3810 3528 3859 contentus
3555 3805 3687 3859 ima-

2107 3886 2284 3955 ginem
2323 3885 2638 3956 quamdam,
2681 3903 2848 3959 quam
2888 3891 2972 3945 sui
3017 3891 3244 3963 efﬁgiem
3287 3909 3409 3950 esse
3445 3896 3698 3965 dicebat,.~

2107 3981 2397 4051 discipulis
2426 3981 2670 4046 tradidit,
2702 3984 2799 4053 qui
2838 4000 2964 4038 eum
3005 3986 3106 4040 sub
3150 3989 3332 4057 specie
3399 3988 3549 4046 Jovis
3589 3992 3690 4046 ad-

2113 4082 2298 4129 orant.
2337 4075 2510 4128 Aliam
2546 4073 2785 4141 Helena,
2821 4076 3046 4146 ﬁguram
3077 4079 3387 4148 eujusmodi
3417 4082 3564 4154 pingi
3588 4081 3690 4138 Με-

2106 4179 2270 4218 nerva
2301 4164 2463 4229 solet,
2496 4165 2689 4220 iisdem
2728 4165 3016 4236 discipulis
3049 4170 3306 4236 obtrusit,
3338 4187 3502 4240 quam
3563 4188 3689 4244 per-

2105 4268 2259 4324 aeque
2290 4254 2515 4308 fanatici
2535 4254 2613 4307 illi
2631 4265 2981 4312 venerantur.

2185 4343 2270 4400 IV.
2311 4344 2395 4399 Ad
2418 4347 2533 4399 haec
2564 4347 2827 4416 mysteria
2858 4347 3102 4416 quaedam
3128 4349 3391 4407 fmditatis
3418 4353 3689 4423 proﬁuvii‘o'

2106 4454 2210 4509 (ιυθ
2254 4452 2569 4507 corporum,
2611 4449 2670 4494 ut
2703 4439 2989 4496 honestius
3019 4441 3222 4510 dicam,
3253 4445 3519 4514 instituit;
3567 4465 3690 4520 qua:

431 4525 531 4595 μὲν
558 4523 645 4576 διὰ
693 4522 796 4592 τῆς
829 4523 1149 4594 ἀπορροίας,
1183 4521 1459 4590 γυναικῶν
1503 4521 1562 4573 δὲ
1603 4521 1693 4574 διὰ
1721 4521 1830 4575 τῶν
1881 4525 2002 4576 κατ’

2108 4531 2165 4584 ἱιι
2195 4529 2439 4584 maribus
2468 4530 2686 4600 quidem
2721 4533 2948 4588 seminis
2988 4536 3345 4602 exundantia,
3391 4539 3448 4593 in
3473 4539 3694 4596 feminis

429 4614 653 4684 ἐθισμὸν
685 4612 794 4665 τῶν
822 4611 1126 4682 ὲμμηνίων,
1158 4610 1386 4682 συλλογῇ
1431 4629 1535 4664 τινι
1564 4613 1895 4683 αἰσχροτάτη
1929 4615 2007 4676 είς

436 4707 710 4778 μυστήρια
763 4704 1111 4772 συνάγεσθαι.
1165 4703 1277 4754 Καὶ
1329 4701 1498 4755 ταῦτα
1545 4697 1685 4756 εἶναι
1737 4706 2010 4776 μυστήρια

432 4797 601 4867 ζωῆς,
648 4795 904 4866 γνώσεώς
945 4812 1004 4847 τε
1044 4795 1142 4866 τῆς
1185 4793 1558 4863 τελειοτάτης
1593 4795 1730 4866 ὅπερ
1779 4795 2010 4865 μάλιστα

433 4888 666 4958 ὑπάρχει
707 4886 784 4956 τῷ
827 4887 924 4958 τὴν
950 4885 1164 4938 σύνεσιν
1200 4886 1262 4937 ἐκ
1293 4884 1426 4937 Θεοῦ
1458 4885 1778 4957 κεκτημένῳ
1818 4886 2004 4957 βδελυ-

431 4980 554 5050 ρίαν
582 4979 781 5049 μᾶλλον
808 4977 1059 5048 ἡγεῖσθαι
1089 4978 1185 5030 καὶ
1216 4976 1446 5031 θάνατον
1477 4978 1621 5048 ἥπερ
1650 4977 1814 5049 ζωήν.
1862 4979 2008 5032 Ὀνό-

433 5089 578 5141 ματα
605 5071 661 5124 δέ
688 5087 812 5123 τινα
853 5072 882 5123 6
918 5069 1079 5133 αὐτὸς
1114 5067 1224 5141 (56)
1259 5068 1570 5122 ὑποτίθεται
1603 5070 1788 5140 ἀρχῶν
1821 5086 1882 5123 τε
1912 5071 2008 5124 καὶ⁷

507 5230 523 5260 ¹
556 5227 705 5283 Fort.
735 5244 902 5300 φησι;
931 5228 1017 5285 vel
1058 5225 1238 5297 φύσει.
1316 5227 1336 5258 ³
1367 5225 1566 5297 Ephes.
1592 5241 1668 5293 vn,
1707 5227 1774 5282 l5
1813 5242 1935 5298 sqq.

503 5385 613 5460 (35)
661 5386 841 5440 Τοῦτο
885 5383 1014 5454 γάρ’
1044 5385 1176 5438 ἐστι
1209 5382 1296 5460 ,τὸ
1352 5381 1776 5460 τετραμμένον.
1810 5379 1994 5460 Te_rt.;

434 5451 774 5528 Hanc'igitur
794 5451 904 5510 esse
926 5451 1068 5528 quem
1093 5451 1375 5528 perditam,
1401 5451 1470 5506 ad
1497 5468 1653 5522 quam
1677 5452 2000 5508 descenderit

432 5531 596 5585 Pater
628 5523 886 5587 summus,
919 5523 1104 5579 Simon
1133 5524 1352 5586 scilicet,
1383 5530 1489 5576 etc.

504 5599 614 5671 (56)
647 5598 930 5671 ’Qrdpaea
948 5594 1016 5648 δέ
1036 5611 1170 5648 τινα
1201 5597 1233 5646 ό
1259 5593 1462 5671 αὐτός.
1501 5590 1763 5671 ,Τθιςιηῡε
1781 5608 2000 5671 ρνωδειις.

435 5684 484 5724 c.
512 5661 627 5724 ’ὅδε
662 5661 988 5721 δὶηίοηίαηω
1032 5674 1208 5718 autem
1246 5664 1437 5733 magia;
1477 5661 1760 5733 disciplina
1783 5661 2003 5733 angelis

434 5742 680 5804 serviens,
702 5737 879 5804 utique
901 5744 948 5788 et
972 5736 1087 5802 ipsa
1106 5735 1252 5804 inter”
1269 5731 1607 5804 idololatrias
1631 5731 2001 5804 deputabatur,

433 5819 485 5865 et
519 5827 550 5864 a
575 5801 730 5863 Patro
753 5801 998 5874 apostolo
1017 5807 1070 5860 in
1095 5805 1209 5873 ipso
1227 5803 1442 5860 Simone
1465 5801 1842 5859 damnabatur.
1879 5803 2006 5860 llaec

2111 4627 2394 4675 menstrua
2453 4623 2780 4690 purgatione
2835 4626 3248 4696 perﬁcerentur.
3308 4628 3377 4683 Et
3450 4632 3518 4686 ad
3575 4634 3693 4690 haec

2111 4711 2361 4765 obeunda
2386 4712 2648 4782 mysteria
2692 4716 3080 4783 spurcissimos
3115 4731 3417 4776 conventus
3448 4721 3692 4780 induxit.

2113 4801 2241 4855 Haec
2279 4801 2425 4855 enim
2467 4802 2594 4857 vita:
2651 4819 2774 4859 esse
2827 4809 3112 4877 mysteria,
3167 4810 3697 4884 perfectissimzeque

2115 4891 2455 4962 cognitionis
2503 4893 2723 4949 aiebat:
2751 4912 2872 4966 qua:
2919 4900 3012 4968 qui
3042 4901 3385 4968 prudentiam
3426 4903 3696 4962 divinitus

2115 4983 2410 5052 acceperit,
2447 4984 2870 5041 abominandum
2922 4991 3178 5059 quiddam
3244 5008 3308 5047 ac
3349 4986 3690 5060 detestabile,

2115 5083 2456 5146 mortemque
2491 5075 2627 5132 adeo
2661 5077 2843 5149 potius
2868 5095 3032 5150 quam
3063 5083 3230 5137 vitam
3263 5086 3692 5156 essejudicabit.

2013 5229 2036 5261 ³
2067 5228 2254 5285 Matth.
2283 5247 2381 5297 xu,
2416 5232 2500 5286 Η.

2105 5395 2189 5466 est
2214 5386 2821 5466 angelorum_)tarps£a_,
2873 5409 3037 5460 quam
3067 5392 3248 5466 magis
3285 5397 3543 5453 usitatam
3575 5415 3699 5457 esse

2107 5456 2265 5539 docet
2287 5456 2458 5539 (illam:
2490 5459 2642 5539 Alex.
2669 5456 2740 5513 ἰιι
2769 5456 2977 5539 _Slr6m.
3010 5477 3030 5539 ξ
3066 5456 3280 5539 ’ἀμέλει
3305 5468 3395 5539 διά
3420 5456 3699 5539 φροντίδος

2108 5527 2225 5610 έστὶ
2246 5528 2502 5610 καὶιτοῖς.
2520 5529 2723 5610 μάγοις
2737 5529 2972 5610 οῐνουιτε
3001 5527 3159 5610 ὁμοῦ,
3182 5538 3274 5589 καὶ
3297 5527 3580 5610 μψύέων,
3604 5527 3699 5594 καί

2109 5596 2788 5680 ἀφροδισίωνπάπέχεσθαι
2810 5617 2829 5680 ε
2890 5596 3248 5680 λατρεύουσιν
3257 5678 3267 5680 _
3288 5596 3540 5677 ἀγγέλοις
3567 5596 3579 5606 ’
3601 5612 3699 5664 καίΙ

2109 5665 2377 5736 δαίμοσιν.
2420 5665 2559 5721 Hinc
2598 5665 2760 5723 conc.
2809 5665 3143 5728 Laod.'can.
3217 5678 3285 5732 55
3310 5665 3345 5731 ε’
3373 5665 3590 5734 ³Οττ-οὑ
3619 5682 3700 5734 δεῖ

2111 5736 2472 5825 Χριστιανοὺς
2493 5738 2908 5825 έγκαταλείπειν
2938 5744 3042 5825 την,
3068 5745 3393 5825 Ἐκκλησίαν
3417 5750 3509 5804 τοῦ
3535 5751 3694 5814 Θεοῦ,

2113 5805 2208 5860 καὶ
2249 5805 2498 5868 ἀπιέναι,
2540 5810 2634 5864 καὶ
2681 5810 2944 5879 ἀγγέλους
2980 5805 3286 5890 ὀνομάζειν,
3320 5823 3412 5875 καὶ
3447 5805 3700 5888 συνάξειέ
