4204 6370
478 346 582 401 τισι

1912 342 1968 399 S.
2010 340 2353 399 EPIPIIANII

3655 341 3762 399 292

484 466 633 521 Idem
668 471 929 535 praeterea
975 463 1198 519 nomina
1245 465 1493 535 quaedam
1552 466 1958 537 principatuum
2005 481 2069 520 ac

2177 464 2463 530 ἐξουσιῶνο
2500 462 2761 536 οὐρανούς
2811 478 2872 515 τε
2918 461 3208 533 διαφόρους
3259 461 3425 532 φησι·
3461 458 3582 514 καθ’
3634 461 3755 515 ἐκα-

483 564 815 629 potestatum
870 564 1215 611 commentus
1277 564 1399 623 est,
1462 558 1828 628 caelestesque
1881 557 2073 628 globos

484 649 704 713 varios;
746 656 909 718 atque
954 648 1010 700 in
1042 646 1389 702 ﬁrmamento
1436 648 1686 719 coeloque
1714 649 1956 719 quolibet
1987 648 2075 703 in-

482 740 815 809 telligentias
846 748 1024 793 certas
1051 739 1306 802 collocat,
1351 739 1552 809 quibus
1579 741 1844 821 barbaras
1885 742 2075 811 appel-

487 833 720 888 lationes
753 832 979 902 afﬁngit.
1030 829 1198 901 Negat
1242 832 1468 901 insuper
1513 832 1745 888 salutem
1802 834 2073 905 consequi

487 925 659 978 ullum
706 924 990 977 hominum
1038 923 1194 976 aliter
1242 937 1442 991 posse,
1492 937 1655 991 quam
1711 922 1758 978 si
1804 921 2075 992 ejusmodi

486 1016 747 1086 mysteria
785 1013 1060 1077 didicerit,
1105 1020 1160 1068 et
1197 1013 1579 1068 universitatis
1621 1013 1834 1082 parenti
1884 1025 1955 1066 ea
1987 1027 2076 1068 sa-

483 1104 691 1159 criﬁcia
721 1118 817 1173 per
856 1103 981 1157 illos
1025 1118 1166 1172 quos
1191 1102 1432 1157 diximus
1461 1104 1802 1173 principatus
1830 1117 1894 1156 ac
1924 1110 2077 1173 pote-

486 1204 656 1251 states
698 1196 983 1250 obtulerit.
1035 1194 1294 1250 Nostrum
1349 1195 1453 1249 hoc
1498 1210 1663 1265 porro
1696 1196 1957 1249 saeculum
2006 1196 2075 1250 ab

485 1288 745 1357 nequitiae
776 1286 1178 1357 principatibus
1206 1294 1261 1341 et
1292 1287 1655 1356 potestatibus
1688 1300 1813 1339 cum
1854 1285 2075 1341 defectu

484 1380 787 1435 conditum.
817 1380 922 1434 Sed
957 1388 1006 1435 et
1039 1379 1226 1434 carnis
1253 1379 1525 1433 duntaxat
1572 1380 1735 1433 unius
1763 1380 2076 1449 corruptio-

484 1487 609 1527 nem
640 1480 800 1540 atque
834 1472 1155 1537 interitum;
1190 1471 1504 1527 animarum
1539 1486 1671 1526 vero
1703 1471 2073 1541 expiationem

484 1562 703 1622 astruit,
732 1561 808 1615 ita
837 1569 1021 1617 tamen
1051 1562 1101 1615 si
1134 1561 1572 1617 mendacissima:
1601 1561 1938 1632 cognitionis
1961 1576 2074 1617 suae

485 1653 761 1724 mysteriis
796 1653 1026 1708 initiatae
1060 1653 1286 1710 fuerint.
1330 1653 1510 1724 Atque
1540 1655 1670 1708 hinc
1707 1669 1898 1709 eorum
1933 1669 2073 1725 quos

485 1744 775 1802 Guosticos
816 1748 1157 1817 appellamus
1196 1749 1355 1818 origo
1387 1744 1665 1816 proﬂuxit.
1691 1744 1960 1800 Praeterea
1992 1746 2072 1800 le-

2178 574 2303 611 στον
2335 557 2393 611 δὲ
2434 557 2722 627 στερέωμα
2763 556 2859 609 καὶ
2914 556 3144 627 οὐρανὸν
3183 555 3442 625 δυνάμεις
3480 553 3632 619 τινὰς
3660 556 3764 623 ὑφ-

2178 650 2415 719 ηγεῖται,
2458 649 2553 701 καὶ
2593 647 2833 718 ὀνόματα
2862 646 3174 718 βαρϐαρικὰ
3215 647 3439 709 τούτους
3468 644 3761 700 ἐκτίθεται.

2175 740 2267 810 Μὴ
2312 739 2486 803 ἄλλως
2521 739 2579 791 δὲ
2609 737 2873 792 δύνασθαι
2919 735 3192 801 σώζεσθαί
3224 755 3369 804 τινα,
3400 739 3445 791 εί
3483 738 3557 809 μή
3601 754 3654 789 τι
3697 736 3765 789 ἂν

2179 830 2340 901 μάθοι
2362 829 2566 901 ταύτην
2593 832 2692 901 τὴν
2718 829 3131 901 μυσταγωγίαν,
3156 829 3371 892 καὶτὰς
3395 829 3649 891 τοιαύτας
3670 828 3763 881 θυ-

2177 922 2296 986 σίας
2321 923 2398 994 τῷ
2428 921 2604 993 Πατρὶ
2646 922 2754 976 τῶν
2783 921 2924 975 ὅλων
2954 921 3043 975 διὰ
3071 920 3182 974 τῶν
3213 921 3397 993 ἀρχῶν
3426 921 3630 974 τούτων
3668 921 3764 973 καὶ

2176 1010 2436 1076 ἐξουσιῶν
2472 1010 2828 1083 προσφέρειν.
2857 1006 3012 1064 Εἶναί
3035 1028 3094 1064 τε
3123 1010 3217 1064 τὸν
3248 1010 3420 1066 αἰῶνα
3444 1012 3634 1065 τοῦτον
3654 1012 3765 1065 ἀπὸ

2175 1104 2358 1175 ἀρχῶν
2384 1104 2477 1157 καὶ
2502 1104 2762 1170 ἐξουσιῶν
2794 1121 2927 1176 φησι
2957 1104 3060 1174 τῆς
3094 1103 3295 1167 κακίας
3322 1105 3382 1157 ὲν
3419 1102 3763 1175 ἐλαττώματι

2176 1197 2707 1266 κατεσκευασμένον.
2749 1195 2961 1266 Φθορὰν
3001 1196 3060 1249 δὲ
3090 1196 3381 1266 ὑφηγεῖται
3428 1196 3629 1266 σαρκὸς
3669 1197 3764 1250 καὶ

2175 1287 2451 1341 ἀπώλειαν
2501 1288 2682 1357 μόνον,
2709 1286 2903 1358 ψυχῶν
2943 1287 3000 1340 δὲ
3041 1287 3333 1357 κάθαρσιν,
3366 1288 3461 1340 καὶ⁵
3483 1287 3687 1359 ταύτην
3711 1287 3765 1340 εί

2175 1376 2263 1430 διὰ
2288 1377 2390 1447 τῆς
2418 1375 2614 1430 ἑαυτοῦ
2654 1377 2904 1448 πεπλανη
2914 1378 3085 1448 μένης
3107 1376 3363 1447 γνώσεως
3390 1380 3448 1431 ἐν
3475 1396 3765 1450 μυσταγω-

2175 1472 2271 1543 γίᾳ
2305 1473 2656 1525 κατασταῖεν.
2683 1472 2794 1525 Καὶ
2826 1471 3002 1535 οὕτως
3045 1471 3274 1541 ἄρχεται
3302 1471 3408 1526 τῶν
3447 1472 3769 1541 γνωστικῶν

2176 1563 2528 1633 καλουμένων
2582 1563 2616 1633 ή
2661 1564 2825 1635 ἀρχή.
2870 1562 2962 1634 Μὴ
2996 1559 3138 1617 εἶναι
3172 1563 3231 1617 δὲ
3263 1562 3355 1617 τὸν
3399 1563 3564 1630 νόμον
3605 1562 3772 1627 Θεοῦ,

2174 1653 2287 1707 ἀλλ’
2317 1655 2612 1724 ἀριστερᾶς
2638 1653 2923 1724 δυνάμεως
2954 1654 3163 1723 ἔφασκε
3182 1670 3197 1684 ·
3224 1656 3361 1725 μήτε
3392 1656 3677 1726 προφήτας
3704 1654 3766 1721 ἐξ

2175 1744 2382 1813 ἀγαθοῦ
2409 1744 2545 1797 Θεοῦ
2572 1745 2862 1816 ὑπάρχειν,
2894 1745 3010 1799 ἀλλ’
3039 1746 3233 1817 ἐτέρας
3258 1748 3353 1800 καὶ
3393 1746 3586 1818 ἐτέρας
3607 1747 3770 1801 δυνά-

482 1852 603 1909 gem
635 1854 745 1893 non
773 1855 802 1892 a
828 1837 957 1901 Deo,
992 1839 1088 1896 sed
1116 1855 1145 1894 a
1177 1840 1404 1895 sinistra
1428 1838 1667 1908 quadam
1708 1838 2069 1910 intelligentia

2182 1853 2351 1906 μεως.
2379 1836 2488 1888 Καὶ
2523 1835 2595 1898 ὡς
2630 1834 2878 1905 βούλεται
2923 1836 3138 1906 ἑκάστῳ
3166 1834 3406 1907 ὁρίζεται
3427 1836 3519 1889 τὸν
3548 1835 3648 1906 μὲν
3677 1834 3767 1888 νό-

484 1930 785 1999 prol‘ectam
846 1932 1203 1987 asserit:uti
1256 1948 1438 2001 neque
1492 1931 1793 2001 prophetas
1848 1945 1879 1985 a
1926 1932 2072 1987 bono

486 2020 631 2086 Deo,
687 2023 783 2078 sed
830 2025 900 2079 ab
945 2024 1049 2078 alia
1097 2032 1263 2094 atque
1313 2025 1419 2078 alia
1473 2031 1662 2079 censet
1710 2022 2073 2092 intelligentia

483 2124 834 2187 comparatos
884 2114 1077 2171 fuisse.
1126 2115 1389 2184 Adeoque
1447 2129 1547 2186 pro
1597 2114 1827 2168 arbitrio
1881 2113 2073 2170 deﬁnit

483 2205 692 2266 omnia.
740 2214 799 2258 ut
828 2206 999 2275 legem
1040 2205 1207 2261 unius
1262 2220 1387 2260 esse
1423 2206 1595 2268 dicat,
1630 2202 1886 2257 Davidem
1928 2205 2067 2259 alte-

480 2296 623 2358 rius,
651 2294 851 2350 Isaiam
872 2294 941 2348 ad
963 2294 1129 2357 hanc,
1154 2295 1498 2350 Ezechielem
1526 2294 1592 2350 ad
1620 2296 1768 2349 illam
1794 2296 2070 2365 pertinere

480 2388 637 2453 velit,
672 2387 1031 2458 singulosque
1061 2386 1360 2457 prophetas
1399 2386 1802 2456 principatibus
1830 2387 1948 2443 suis
1994 2394 2075 2441 at-

2181 1944 2279 1999 μον
2305 1926 2473 1991 τινὸς,
2503 1927 2666 1980 Δαϐιδ
2685 1927 2744 1980 δὲ
2767 1928 2959 1998 ἄλλης,
2995 1927 3225 1982 Ἡσαΐαν
3258 1928 3473 1999 ἐτέρας,
3507 1927 3768 1999 ’Ῐεζεκιὴλ

2178 2019 2342 2073 πάλιν
2380 2020 2596 2092 ἐτέρας,
2635 2020 2730 2073 καὶ
2777 2018 3008 2074 ἕκαστον
3034 2038 3156 2075 τινα
3197 2020 3306 2075 τῶν
3346 2022 3641 2093 προφητῶν
3668 2023 3769 2093 μιᾷ

2177 2111 2321 2182 ἀρχῇ
2370 2110 2704 2165 ἀνατίθεται.
2741 2107 2896 2164 Εἶναι
2922 2112 2979 2165 δὲ
3027 2112 3252 2177 τούτους
3286 2112 3534 2176 ἅπαντας
3572 2114 3637 2165 ἐκ
3665 2113 3766 2183 τῆς

2175 2204 2472 2275 ἀριστερᾶς
2485 2204 2789 2274 δυνάμεως,
2815 2206 2909 2259 καὶ
2931 2204 3037 2271 ἔξω
3058 2205 3151 2258 τοῦ
3176 2205 3560 2276 πληρώματος.
3582 2207 3769 2261 Πάντα

2174 2296 2232 2349 δὲ
2261 2296 2352 2350 τὸν
2394 2297 2719 2351 πιστεύοντα
2763 2300 2830 2369 τῇ
2876 2298 3089 2370 Παλαιᾷ
3114 2298 3358 2372 Διαθήκῃ
3399 2298 3626 2354 θάνατον
3662 2300 3767 2353 ὑπ-

2176 2388 2344 2459 ἐχειν.

482 2480 707 2534 tribuat.
767 2477 917 2544 Quos
989 2493 1181 2534 omnes
1238 2479 1480 2534 sinistra:
1556 2477 1665 2548 59
1726 2477 2102 2549 intelligentiae
2171 2481 2437 2545 ascribit,
2497 2487 2661 2551 atque
2714 2494 2747 2535 a
2804 2490 3213 2553 complemento
3266 2482 3467 2554 rejicit.
3521 2483 3767 2556 Denique

483 2576 737 2656 quisquis
767 2572 950 2629 Veteri
998 2572 1355 2628 Testamento
1395 2573 1559 2628 [idem
1605 2573 1851 2641 adhibet,
1884 2574 2167 2629 incurrere
2192 2585 2425 2631 mortem
2455 2582 2761 2631 asseverat.

560 2670 624 2724 ν.
666 2670 864 2726 Verum
909 2668 1180 2739 ejusmodi
1214 2669 1410 2740 dogma
1455 2670 1523 2724 ab
1568 2669 1802 2739 ipsamet
1838 2670 2069 2725 veritate

486 2763 775 2820 refellitur.
804 2760 940 2815 Nam
973 2762 1018 2817 si
1049 2763 1133 2818 vis
1164 2762 1254 2818 ille
1282 2761 1376 2816 Dei
1400 2772 1488 2817 est
1519 2772 1571 2817 et
1592 2763 1816 2833 quidem
1848 2778 2064 2835 magna,

486 2855 792 2913 scortillum
819 2869 950 2908 vero
979 2855 1380 2909 contubernale
1422 2854 1553 2908 illud
1589 2854 1853 2924 Spiritus,
1886 2864 1946 2907 ut
1974 2855 2069 2918 ait,

486 2953 714 3002 sanctus
756 2954 860 3009 est,
890 2945 1063 3011 dicat,
1103 2962 1309 3017 quaeso,
1336 2962 1445 3017 quo
1477 2946 1697 3001 tandem
1728 2948 1950 3001 nomine
1985 2963 2077 3017 ap-

486 3036 737 3110 pellanda
766 3037 849 3092 vis
880 3037 969 3090 illa
997 3038 1070 3092 sit
1099 3056 1114 3093 :
1152 3046 1251 3092 aut
1288 3037 1420 3109 quid
1461 3052 1640 3093 causa:
1689 3038 1783 3104 sit,
1819 3052 1919 3092 cur
1947 3052 2071 3091 cum

2252 2672 2330 2725 E'.
2385 2671 2778 2742 Ἀνατρέπεται
2801 2670 2858 2723 δὲ
2882 2670 3041 2725 τοῦτο
3064 2671 3125 2725 τὸ
3147 2672 3325 2743 δόγμα
3353 2673 3447 2726 ὑπ’
3475 2674 3643 2746 αὐτῆς
3668 2676 3767 2746 τῆς

2176 2760 2456 2833 ἀληθείας.
2492 2763 2555 2815 Εἰ
2586 2762 2694 2834 γὰρ
2719 2763 2882 2826 αὐτὸς
2910 2763 2995 2834 εἴη
3021 2766 3054 2834 ἡ
3078 2764 3305 2835 δύναμις
3326 2764 3420 2818 τοῦ
3445 2766 3578 2819 Θεοῦ
3608 2768 3641 2837 ἡ
3671 2784 3769 2837 με-

2180 2854 2340 2924 γάλη,
2399 2854 2587 2906 καὶτὸ
2633 2856 2729 2907 σὺν
2776 2853 2925 2925 αὐτῷ
2982 2856 3255 2927 πορνίδιον
3312 2856 3372 2909 τὸ
3429 2856 3653 2927 Πνεῦμα
3706 2856 3768 2932 to

2180 2945 2353 3012 ἅγιον,
2385 2944 2459 3008 ὡς
2491 2945 2653 3009 αὑτός
2680 2962 2833 3015 φησι,
2860 2948 3088 3017 φησάτω
3115 2948 3168 3000 τί
3198 2948 3258 3001 τὸ
3290 2948 3460 3019 ὄνομα
3487 2950 3584 3020 τῆς
3604 2949 3767 3003 δυνά-

2185 3054 2350 3107 μεως,
2385 3038 2417 3107 ἢ
2458 3036 2566 3089 τίνι
2612 3036 2691 3107 τῷ
2732 3037 2876 3109 λόγῳ
2905 3038 2966 3091 τὸ
2997 3039 3245 3095 ἐπίθετον
3281 3040 3395 3111 ('57)
3425 3043 3491 3111 τῇ
3538 3041 3637 3110 μὲν
3662 3058 3767 3109 γυ·-

485 3130 830 3187 mulierculse
868 3130 1296 3201 appellationem
1336 3130 1578 3201 aliquam
1624 3130 1901 3195 tribuerit,
1940 3130 2072 3186 sibi-

2181 3129 2329 3182 ναικὶ
2354 3128 2651 3201 ἐφηύρατο,
2683 3132 2862 3203 ἐαυτῷ
2898 3131 2958 3184 δὲ
2988 3134 3046 3185 οὐ
3073 3132 3134 3185 τὸ
3161 3132 3444 3204 παράπαν.
3475 3132 3599 3198 Πῶς
3622 3133 3678 3186 δὲ
3708 3136 3766 3189 ἐν

487 3314 683 3378 ποιεῖν,
705 3319 812 3385 etc.
853 3306 986 3378 Quae
1014 3312 1331 3383 angelorum
1379 3312 1645 3384 ὀνομασία
1691 3314 1757 3367 ad
1782 3330 2066 3385 magorum

488 3384 1393 3454 praestigias,_superstitiososque
1436 3387 1619 3439 cultus
1658 3386 1848 3440 referri
1882 3384 2064 3452 debet,

486 3451 548 3507 iit
570 3463 629 3527 et
664 3453 793 3527 illud
826 3451 979 3527 Pauli
1013 3451 1324 3527 adColoss.
1348 3470 1397 3508 c.
1434 3470 1469 3507 ιι
1498 3469 1511 3506 :
1548 3456 1760 3527 Μηδεὶς
1792 3458 1936 3527 ὑμᾶς
1970 3474 2071 3510 κα-

482 3522 869 3599 ταϐραϐευέτω
892 3523 1058 3599 θέλων
1080 3526 1135 3575 ἐν
1160 3522 1642 3599 ταπεινοφροσύνῃ
1668 3528 1761 3578 καὶ
1800 3522 2071 3599 θρησκείᾳ

486 3592 892 3666 τῶνὰγγέλων.
937 3594 1150 3666 Exquo
1181 3595 1308 3666 illud
1339 3592 1584 3666 apparet.
1605 3592 1774 3665 "quam
1799 3592 1981 3666 inepte
2003 3592 2071 3651 ab

488 3664 764 3735 haereticis
805 3662 875 3715 ad
907 3662 1495 3735 stolidissimierroris
1528 3662 2070 3735 patrocinium—uter-

488 3752 596 3803 que
624 3734 719 3805 ille
737 3734 890 3787 locus
913 3734 1189 3805 all'eratur.
1224 3733 1418 3787 Mirum
1447 3733 1541 3789 est
1562 3751 1690 3790 vero
1706 3737 1849 3805 quod
1878 3737 1931 3791 in
1964 3737 2071 3791 Ec-

488 3804 802 3877 clesiasticis
846 3803 1128 3877 annalibus
1190 3805 1406 3877 legitur,
1450 3805 1533 3877 de
1611 3803 2069 3877 illa—angelorum

488 3874 1015 3946 Q'pqaxeiamullam
1070 3876 1151 3946 ab,
1194 3873 1498 3944 Epiphanio
1558 3873 1889 3930 mentionem
1943 3893 2069 3932 esse

488 3942 712 4016 faciam.
733 3942 743 3946 ⁷
762 3942 906 4009 Quid
933 3942 1332 4016 eniniclarius’,
1371 3960 1532 4013 quam
1561 3947 1707 4014 quod
1736 3946 2073 4016 Epiphanius

488 4015 595 4070 hoc
632 4017 759 4089 loco
791 4023 999 4077 narrat,
1040 4014 1317 4069 Simonem
1367 4014 1903 4089 angelorumnescio
1934 4034 2073 4089 quas

488 4086 886 4155 appellationes
915 4100 1037 4139 esse
1068 4094 1434 4139 commentum
1459 4102 1472 4151 ;
1528 4102 1627 4140 nec
1656 4087 1811 4140 aliter
1839 4086 2075 4142 obtineri

527 4172 653 4211 osse
698 4157 927 4210 salutem
972 4170 1338 4220 asseverasse,
1390 4171 1552 4225 quam
1603 4161 1648 4211 si
1690 4159 1813 4226 quis
1860 4173 2075 4212 summo

488 4171 653 4279 posse
698 4171 927 4210 salutem
972 4171 1338 4220 asseverasse,
1390 4171 1552 4225 quam
1603 4174 1648 4211 sn
1690 4173 1813 4226 qms
1860 4173 2075 4212 summo

536 4226 707 4280 arenti
733 4241 827 4295 per
849 4226 1067 4295 easdem
1098 4226 1217 4280 illas
1246 4236 1543 4295 potestates
1569 4241 1629 4280 ac
1676 4228 2075 4281 dominationes

490 4294 820 4368 sacriﬁcium
849 4294 1064 4368 oﬂ‘erret
1080 4295 1196 4368 ?_An
1214 4294 1321 4350 non
1342 4298 1455 4350 haec
1474 4306 1558 4368 est
1572 4296 1837 4368 θρησκεία
1850 4298 1959 4351 τῶν
1975 4300 2078 4367 ἀγ-

489 4366 665 4434 γέλων
689 4367 712 4418 ?
738 4366 953 4419 Atenim
970 4366 1567 4436 angelos,quusmundi
1590 4366 1903 4424 conditores
1925 4366 2074 4434 fecit,

489 4439 792 4509 detestatus
818 4445 907 4509 est
934 4437 1146 4509 Simon,
1175 4439 1399 4507 suisque
1425 4438 1603 4509 vetuit
1629 4439 1921 4509 προσέχειν
1948 4438 2073 4491 τού-

486 4522 625 4569 ⁴ιτοις,
653 4516 711 4559 ut
739 4507 815 4558 ait
846 4504 1121 4559 Thoodor.
1159 4516 1213 4561 et
1245 4504 1510 4561 Ircnzeus.
1573 4504 1687 4573 Qui
1735 4504 1901 4573 igitur
1932 4524 2068 4563 con-

494 4579 662 4637 venit,
697 4585 756 4628 ut
776 4575 1075 4646 θρησκείαν
1113 4577 1220 4632 illis
1263 4577 1617 4632 adhibuerit?
1668 4575 1781 4633 Sed
1809 4580 2067 4633 nimirum

491 4653 785 4715 utrumque
833 4662 1017 4717 verum
1064 4655 1166 4702 est.
1232 4648 1468 4717 Angelos
1521 4648 1709 4703 mundi
1757 4650 2070 4705 cond.tores

491 4715 922 4788 contemnendos
963 4731 1084 4769 esse
1119 4715 1589 4788 docuit—eatenus,
1636 4727 1695 4771 ut
1737 4735 1900 4788 supra
1947 4721 2070 4775 illos

502 4784 833 4840 attollendos
872 4800 929 4839 se
963 4800 1085 4839 esse
1115 4787 1421 4853 crederent,
1445 4797 1498 4842 et
1521 4789 1585 4842 ad
1612 4784 1884 4843 summum
1917 4792 2068 4844 illum

493 4855 709 4929 Patrem
730 4870 1063 4929 emersuros.
1095 4857 1172 4909 Ac
1194 4858 1552 4929 nihilominus
1577 4866 1781 4924 tamen,
1823 4860 2067 4929 quandiu

495 4929 552 4982 in
573 4928 687 5000 hac
719 4930 830 4979 vita
858 4926 1136 5000 degerent,
1177 4927 1530 5000 exsecrandis
1567 4930 1673 4984 illis
1697 4926 1971 5000 mysteriis
2003 4945 2069 4983 ac

491 4997 694 5051 ritibus
733 4997 1060 5069 placandos;
1108 5013 1176 5069 ne
1213 4999 1492 5069 evolantes
1534 5013 1567 5053 θ
1598 4997 1924 5069 corporibus
1952 5001 2073 5054 ani-

494 5083 613 5121 mas
655 5082 751 5137 pro
785 5082 884 5139 suo
911 5066 1034 5135 jure
1079 5067 1397 5139 retinerent.
1453 5067 1608 5133 Quod
1642 5066 1888 5124 Gnostici
1920 5079 2070 5139 post-

495 5139 714 5212 modum
744 5137 1111 5212 arripuerunt.
1142 5138 1384 5212 Quorum
1414 5139 1547 5192 illud
1575 5148 1713 5202 erat,
1736 5142 1806 5193 τὰ
1832 5137 2072 5212 σαρκικὰ

492 5211 606 5270 τοῖς
643 5210 924 5278 σαρκικοῖς
961 5208 1271 5278 ὰῙτοδοτέον.

568 5278 679 5357 (5η
711 5275 926 5357 ξἨ-ητίγι
952 5275 1039 5357 τῷ.
1059 5280 1222 5357 λύρτιρ
1244 5278 1308 5331 τὸ
1334 5279 1639 5357 ἐπίθετοις.⁸
1667 5278 1807 5344 Quid
1852 5281 2070 5357 tandem

494 5348 600 5402 sibi
636 5350 749 5402 vult
780 5348 1150 5416 Epiphanius?
1185 5349 1350 5418 Negat
1400 5350 1544 5403 enim
1587 5348 1863 5405 Simonem
1906 5353 2071 5406 ullam

498 5418 603 5472 sibi
635 5419 1050 5487 appellationem
1086 5420 1370 5474 indidisse.
1412 5420 1575 5489 Atqui
1637 5422 1683 5474 is
1742 5422 1908 5475 trium
1967 5423 2072 5478 sibi

498 5502 856 5562 personarum
903 5490 1124 5542 nomina
1158 5490 1499 5562 Avindicabat,
1555 5500 1607 5545 et
1657 5491 1887 5562 δύναμιν
1932 5493 2075 5547 inter

497 5564 695 5610 caetera
722 5557 856 5632 Θεοῦ
870 5574 1000 5632 sese
1025 5560 1343 5632 nominabat
1375 5576 1388 5613 :
1424 5563 1524 5615 hoc
1552 5570 1657 5623 est,
1690 5572 1746 5616 ut
1774 5557 1874 5632 ego
1905 5563 2076 5619 inter-

498 5635 705 5749 pt'etor,
745 5629 833 5682 Dei
870 5629 1085 5693 Filium.
1118 5629 1252 5686 Vide
1272 5630 1792 5698 lren.§—Qua:ritur
1814 5629 1854 5686 'a
1879 5648 2077 5705 magno

527 5697 742 5749 ‘etavio.
770 5699 901 5749 uuid
924 5701 1051 5749 velit
1089 5700 1447 5749 Eninhanins-
1483 5705 1574 5749 nni
1605 5712 1763 5749 inerrat
1795 5702 2072 5749 Simonem

527 5697 742 5765 ‘etavio,
770 5699 901 5769 quid
924 5701 1051 5757 velit
1089 5700 1447 5774 Epiphanius,
1483 5697 1576 5773 qui
1605 5712 1763 5777 neget
1795 5697 2073 5763 Simon'em

2179 3332 2345 3387 ullam
2402 3331 2504 3387 sibi
2555 3332 2972 3402 appellationem
3020 3333 3303 3398 indidisse,
3331 3350 3454 3389 cum
3507 3335 3553 3391 is
3599 3337 3765 3391 trium

2177 3403 2311 3477 s_ibi_
2334 3418 2694 3472 personarum
2752 3404 2971 3477 nomina
3025 3405 3367 3477 vindicaret,
3424 3416 3478 3460 et
3540 3407 3771 3477 δύναμιν

2179 3471 2315 3527 Θεοῦ
2338 3471 2488 3546 inter
2506 3475 3032 3546 caeteranmninaret
3060 3490 3202 3530 sese.
3230 3475 3562 3545 Responderi
3593 3471 3772 3546 potest

2182 3555 2418 3597 mentem
2452 3544 2738 3613 Epiphauii
2771 3560 2915 3603 esse,
2968 3545 3243 3600 Simonem
3297 3544 3507 3614 M’aguin
3554 3544 3771 3602 Helena:

2177 3614 2396 3683 quidem
2431 3615 2691 3668 tribuisse
2736 3614 3066 3683 peculiarem
3119 3618 3560 3686 appellationem,
3594 3617 3771 3686 Spiri-

2180 3635 2396 3683 lllllulﬂll
2431 3635 2691 3668 ll'IUllISSC
2736 3635 3066 3683 pecunarem
3119 3635 3560 3686 appellationem,
3594 3635 3633 3671 δ
3676 3635 3765 3671 ΙΙΊ-

2180 3693 2268 3738 tus
2299 3687 2495 3746 sancti.
2523 3686 2625 3738 sibi
2654 3700 2781 3737 vero
2806 3687 3111 3756 generalem
3147 3702 3356 3756 magna:
3383 3689 3599 3743 virtutis
3636 3635 3728 3741 Bai
3752 3708 3765 3742 :

2180 3756 2317 3807 adeo
2348 3764 2406 3808 ut
2436 3769 2559 3809 cum
2597 3762 2746 3808 certa
2776 3770 2837 3807 ac
2864 3753 3223 3809 delerminata
3242 3753 3427 3811 'multa
3459 3759 3677 3812 nomina
3703 3775 3770 3813 ac

2183 3825 2419 3893 epitheta
2480 3826 2636 3878 daret
2676 3823 2911 3886 llelenze.
2948 3826 3050 3880 sibi
3107 3828 3314 3880 nullum
3365 3828 3634 3891 deliniret,
3672 3830 3769 3884 sed

2183 3896 2390 3967 inﬁnita
2425 3906 2727 3949 assumeret
2755 3895 2951 3967 :__juxta
2995 3896 3048 3950 id
3088 3897 3231 3965 quod
3279 3898 3394 3967 ipse
3419 3897 3605 3953 Simon
3636 3898 3771 3953 dicit

2182 3964 2323 4034 apud
2376 3965 2634 4019 Irenaeum
2678 3981 2693 4019 :
2750 3964 2878 4018 Esse
2923 3983 2977 4019 se
3024 3964 3459 4022 subtimissimam
3499 3971 3767 4035 virtutem,

2182 4035 2279 4087 hoc
2307 4046 2382 4087 est
2411 4052 2529 4089 eum
2552 4034 2640 4103 qui
2676 4035 2745 4089 sit
2775 4051 2930 4103 super
2968 4039 3148 4091 omnia
3202 4038 3380 4104 Pater,
3423 4049 3470 4093 et
3511 4034 3771 4096 sustinere

2183 4106 2358 4181 uocari
2393 4122 2447 4159 se
2474 4104 2816 4181 quodcunque
2851 4118 3189 4181 eum_vocant
3219 4109 3587 4181 homineshEt
3623 4114 3767 4181 apud

2185 4175 2575 4251 Inlicronymum
2634 4177 2700 4229 ad
2757 4175 2991 4251 Matthxi
3049 4187 3212 4247 caput
3271 4179 3588 4251 xsiszgo
3646 4175 3765 4236 sum

2186 4245 2369 4323 Sermo
2399 4245 2531 4309 Dei,
2558 4261 2648 4315 ego
2684 4262 2801 4299 sum
2839 4245 3149 4323 Speciosus,
3179 4245 3642 4323 ego_Paracletus,
3676 4270 3768 4323 ego

2187 4317 2548 4383 Omnipotens,
2574 4332 2665 4386 ego
2712 4318 2888 4369 omnia
2935 4318 3046 4371 Dei.
3096 4317 3239 4373 Idem
3281 4317 3765 4375 haeresiarcharuin

2186 4387 2439 4455 princeps
2474 4387 2644 4440 fertur
2686 4388 2913 4447 dixisse.
2942 4391 2995 4442 in
3043 4387 3417 4444 Tertulliano:
3457 4393 3495 4444 A
3534 4392 3769 4446 dwmone

2185 4474 2240 4509 se
2274 4456 2569 4532 aberrante,
2604 4458 2694 4532 qui
2736 4467 2870 4532 esset
2916 4460 3218 4532 sapientia,_
3243 4460 3571 4514 descendisse
3618 4480 3767 4532 qua:-

2176 4527 2434 4589 rendum;
2467 4528 2571 4589 vel,
2598 4527 2754 4596 juxta
2787 4528 3006 4597 Itigaltii
3029 4530 3461 4586 emendationem
3490 4550 3502 4584 :
3534 4527 3768 4597 Ad'oves

2175 4602 2479 4672 aberrantes
2514 4591 2883 4672 se,'qui_essetv
2911 4598 3193 4672 sapientia,
3247 4600 3579 4672 descendisse
3621 4591 3768 4672 quia;

2180 4670 2441 4731 rendam;
2472 4678 2585 4733 aut,
2623 4678 2679 4721 ut
2711 4669 2928 4739 legerim
2964 4688 2977 4724 :
3014 4669 3096 4721 Ad
3129 4686 3270 4723 ovem
3312 4687 3365 4724 se
3409 4669 3767 4739 aberrantem,

2172 4740 2264 4807 qui
2317 4748 2450 4793 esset
2507 4740 2802 4806 sapientia,
2853 4739 3184 4809 descendisse
3241 4746 3618 4809 qumrendum,
3673 4757 3768 4798 aut

2172 4809 2510 4885 quwrendam
2543 4826 2566 4885 ;_
2605 4809 2719 4885 sive
2753 4825 2766 4859 :
2802 4809 2893 4885 Ad.
2915 4808 3173 4863 hominem
3203 4808 3261 4885 se
3290 4811 3641 4885 aberrantem,
3681 4818 3772 4885 qui

2171 4889 2306 4953 esset
2341 4879 2622 4953 sapientia,
2653 4878 3374 4953 descendissequaerendum.
3403 4881 3589 4953 Neque
3621 4878 3766 4938 enim

2174 4949 2310 5001 adeo
2345 4949 2519 5017 placet
2550 4949 2812 5003 Desiderii
2842 4948 3059 5003 Heraldi
3104 4951 3172 5004 ad
3216 4948 3518 5006 Arnobiuni
3565 4956 3766 5008 lectio:

2172 5017 2253 5092 Ad
2285 5016 2546 5092 Ennoiam
2576 5035 2630 5072 se
2656 5035 2800 5071 ovem
2838 5029 3122 5092 errantem.
3150 5038 3268 5092 qua:
3300 5033 3433 5076 esset
3481 5026 3766 5091 sapientia,

2173 5088 2890 5162 descendissequwrendum.
2931 5088 3194 5162 Monitum
3244 5110 3462 5162 quoque
3496 5088 3653 5149 velim
3688 5096 3766 5149 le-

2174 5158 2483 5231 cmremﬁde
2509 5158 2609 5231 levi
2638 5160 2831 5214 menda
2873 5177 2995 5231 qua
3046 5158 3388 5217 Tertulliani
3418 5165 3636 5220 codices
3667 5180 3764 5218 oc-

2174 5237 2358 5303 cupat,
2385 5229 2523 5303 libro
2560 5228 2634 5303 De
2668 5231 2869 5295 anima,
2894 5228 3020 5303 ‘cap.
3054 5231 3144 5294 54,
3166 5233 3255 5287 ubi
3287 5235 3551 5303 scriptum
3585 5244 3670 5289 est
3700 5234 3768 5289 de

2175 5296 2374 5352 Helena
2435 5299 2725 5374 injectione
2775 5302 2945 5374 prima
2968 5296 3242 5367 'Simonis,
3289 5296 3530 5373 genuisse
3563 5306 3767 5374 angeli-

2173 5384 2264 5444 eas
2295 5378 2600 5444 potestates,
2630 5372 2845 5444 ignaras
2874 5372 3078 5436 Patris,
3114 5372 3336 5443 artiﬁcis
3366 5376 3523 5444 hujus
3556 5372 3763 5429 mundi.

2173 5438 2837 5517 Castigandmuqiiippo
2872 5452 2991 5517 est,
3046 5438 3313 5517 artiﬁces,
3367 5438 3494 5517 quia
3552 5445 3762 5511 lrenaei,

2174 5524 2335 5578 quem
2370 5510 2512 5565 haud
2541 5510 2775 5567 obseure
2830 5514 3072 5567 imitatur
3111 5510 3175 5569 eo
3217 5516 3336 5570 loco
3370 5510 3764 5579 'I'ertullianus,

2174 5579 2339 5657 verba
2369 5591 2496 5637 sunt
2528 5600 2556 5657 :_
2578 5582 2860 5657 Generare
2891 5585 3101 5657 angelos
3145 5594 3193 5639 et
3230 5596 3534 5657 potestates,
3565 5604 3596 5638 a
3639 5587 3763 5657 qui-

2175 5649 2360 5723 bus__et
2395 5653 2650 5706 mundum
2675 5654 2810 5707 hunc
2833 5649 3033 5723 factum
3063 5649 3610 5723 dixitaCorsLI-zmus,
3642 5649 3766 5717 not.

2176 5721 2244 5776 ad
2268 5719 2614 5781 Monumenta
2651 5719 2904 5783 Ecclesia:
2931 5725 3149 5797 Gra’ca’,
3185 5734 3229 5785 t.
3256 5725 3323 5797 ll,
3354 5743 3407 5800 p.
3435 5728 3563 5784 ⁵165.
