4204 6370
413 308 521 367 993

1080 309 1451 367 ADVERSUS
1504 307 1851 367 HERESES
1887 307 2020 365 LIB.
2058 307 2103 368 Ι.
2142 298 2309 365 ΤΟΜ.
2352 309 2419 365 ll.
2459 342 2529 351 —
2566 309 2836 367 HERES.
2890 311 3031 368 XXI.

3560 313 3673 374 296

407 424 587 498 χρόνῳ
630 426 737 477 τινὶ
764 420 1076 497 εὑρίσκεται
1121 425 1264 480 κατά
1310 423 1561 497 διαδοχὴν
1596 424 1658 479 τὸ
1694 423 1873 497 χρεὼν
1900 424 1995 478 ἐπὶ

2105 424 2200 493 ipsi
2240 425 2444 488 nullam
2475 440 2703 497 prorsus
2732 425 3023 482 invenerit.
3048 424 3297 493 Quonam
3329 441 3462 484 vero
3482 438 3671 500 pacto,

406 518 507 590 τῆς
546 516 834 587 Ῥωμαίων
884 518 1135 584 ἀποδοὺς,
1168 520 1258 572 ὅτε
1304 521 1362 573 ἐν
1414 520 1555 592 μέσῃ
1597 521 1664 590 τῇ
1708 518 1819 573 τῶν
1858 517 1990 570 Ῥω-

410 606 588 678 μαίων
615 606 767 659 πόλει
799 607 911 677 (58)
948 610 977 661 ὁ
1011 608 1178 673 τάλας
1207 610 1533 664 καταπεσὼν
1573 610 1837 681 τέθνηκε;
1869 608 1992 662 Τίνι

405 696 465 750 δὲ
505 696 585 768 τῷ
629 698 775 770 λόγῳ
814 701 843 752 ὁ
885 701 1092 770 Πέτρος
1126 703 1442 773 ἀπεφήνατο
1469 703 1631 757 αὑτὸν
1674 702 1748 774 μὴ
1788 701 1989 773 κλῆρον

411 789 548 860 μηδὲ
576 789 765 861 μερίδα
792 790 936 861 ἔχειν
959 793 1017 845 ἐν
1054 791 1133 863 τῷ
1173 794 1329 865 μέρει
1355 795 1454 865 τῆς
1486 794 1822 860 θεοσεϐείαςς
1863 792 1991 856 Πῶς

405 877 465 931 δὲ
494 877 718 933 δύναται
741 881 769 931 ὁ
797 881 1001 950 κόσμος
1022 882 1158 935 Θεοῦ
1188 883 1391 951 ἀγαθοῦ
1419 884 1496 956 μὴ
1518 885 1804 954 ὑπάρχειν,
1829 883 1988 936 ὁπότε

408 969 467 1036 ἐξ
491 969 656 1023 αὑτοῦ
687 971 888 1036 πάντες
919 974 969 1024 οἱ
995 972 1191 1041 ἀγαθοῖ¹
1231 973 1597 1045 ἐπελέγησαν;
1634 974 1759 1038 Πῶς
1788 974 1845 1028 δὲ
1868 974 1987 1046 ἀρι.

410 1060 576 1131 στερά
598 1061 683 1133 εἴη
716 1062 946 1133 δύναμις
974 1065 1007 1135 ή
1034 1066 1093 1117 ἐν
1121 1064 1270 1135 νόμῳ
1292 1066 1386 1118 καὶ
1411 1067 1469 1117 ἐν
1498 1066 1805 1136 προφήταις
1824 1066 1989 1136 λαλή-

409 1166 574 1213 σασα,
607 1152 731 1223 ἥτις
762 1153 892 1224 περὶ
931 1155 1031 1223 τῆς
1063 1153 1329 1216 ἐλεύσεως
1372 1154 1465 1208 τοῦ
1496 1153 1734 1227 Χριστοῦ
1779 1153 1987 1223 ἀγαθοῦ

409 1241 543 1294 Θεοῦ
569 1244 812 1314 προκεκή
823 1261 973 1314 ρυχε,
995 1246 1088 1298 καὶ
1111 1245 1179 1299 τά
1204 1245 1384 1314 φαῦλα
1414 1245 1592 1300 πάντα
1622 1246 1987 1318 ἀπαγορεύει;

410 1334 536 1398 Πῶς
566 1334 623 1387 δὲ
652 1336 752 1388 οὑκ
776 1336 843 1389 ἂν
875 1338 958 1407 είη
998 1336 1095 1407 μία
1123 1337 1334 1410 θεότης,
1384 1338 1479 1392 καὶ
1511 1340 1573 1393 τὸ
1608 1339 1741 1392 αὑτό
1772 1338 1988 1409 πνεῦμα

410 1428 619 1498 Καινῆς
660 1429 754 1482 καὶ
790 1428 1034 1493 Παλαιᾶς
1074 1429 1371 1503 Διαθήκης,
1406 1432 1567 1486 ὁπότε
1605 1432 1634 1484 6
1665 1431 1871 1503 Κύριος
1906 1427 1989 1483 εἷ-

410 1536 511 1571 πεν
534 1535 549 1550 '
604 1522 726 1574 Οὐκ
778 1517 971 1591 ἦλθον
1019 1523 1359 1579 καταλῦσαι
1405 1526 1514 1579 τὸν
1559 1526 1767 1594 νόμον,
1829 1524 1991 1579 ἀλλὰ

410 1611 760 1679 πληρῶσαι;
804 1614 915 1666 Καὶ
961 1613 1049 1668 ἵνα
1083 1613 1255 1687 δείξῃ,
1303 1616 1385 1668 ὅτι
1422 1617 1450 1668 ὁ
1493 1616 1657 1685 νόμος
1696 1615 1789 1667 ὑπ’
1822 1612 1987 1667 αὑτοῦ

410 1702 748 1775 κατηγγέλη,
785 1704 878 1757 καὶ
909 1704 995 1758 διὰ
1020 1706 1298 1768 Μωῦσέως
1322 1704 1588 1776 ἐδωρήθη,
1616 1708 1648 1776 ἡ
1677 1704 1733 1757 δὲ
1762 1705 1990 1772 εὐαγγε-

2090 515 2148 570 id
2180 516 2325 585 quod
2366 526 2706 586 compertum
2743 527 2847 582 est,
2887 517 3143 573 accidere
3183 520 3381 588 potuit,
3427 527 3485 573 ut
3518 528 3673 577 certo

2089 607 2428 677 definitoque
2471 616 2715 678 tempore
2752 606 2938 662 Romae
2984 616 3219 663 mortem
3264 609 3487 674 obierit,
3538 627 3669 665 cum

2088 696 2265 751 media
2305 696 2359 749 in
2392 695 2528 749 urbe
2552 694 2813 750 decidens
2845 711 2913 749 ex
2943 696 3055 750 alto
3082 697 3250 751 miser
3282 698 3666 765 iuteriit?Qua

2089 784 2219 840 item
2246 786 2459 841 ratione
2487 785 2683 842 Petrus
2707 787 2848 841 hanc
2877 786 2933 841 in
2970 787 3121 841 illum
3150 789 3477 843 sententiam
3512 792 3667 847 tulit:

2089 877 2296 931 nullam
2338 892 2464 932 eum
2505 879 2558 932 in
2584 879 2772 932 divino
2796 879 2947 933 cultu
2981 887 3207 944 sortem,
3241 894 3305 933 ac
3336 890 3540 950 partem
3569 883 3676 935 ob-

2090 964 2269 1019 tinere
2293 964 2346 1017 ‘?
2370 964 2556 1022 Potest
2582 982 2711 1021 vero
2750 966 2991 1022 mundus
3033 982 3063 1021 a
3095 968 3242 1023 bono
3266 967 3376 1023 Deo
3402 986 3511 1025 non
3547 986 3676 1027 esse

2091 1056 2369 1122 conditus,
2420 1074 2543 1112 cum
2592 1060 2662 1114 ab
2707 1075 2773 1113 eo
2817 1058 2946 1113 boni
2985 1074 3178 1114 omnes
3218 1060 3376 1115 electi
3412 1062 3565 1117 sint?
3602 1064 3675 1117 At

2091 1148 2208 1201 haec
2247 1162 2347 1201 cur
2376 1147 2603 1204 sinistra
2633 1163 2758 1202 esse
2802 1148 2885 1202 vis
2927 1148 3019 1202 illa
3049 1149 3277 1213 dicitur,
3311 1152 3516 1220 quaain
3554 1154 3675 1224 lege

2093 1254 2157 1293 ac
2192 1254 2289 1309 per
2310 1240 2607 1310 prophetas
2642 1240 2823 1293 locuta
2870 1240 2976 1293 sit?
3003 1256 3123 1310 quat
3152 1240 3359 1298 Christi
3404 1243 3532 1299 boni
3568 1245 3665 1301 Dei

2091 1332 2387 1386 adventum
2413 1332 2770 1401 praedixerit?
2796 1346 2917 1401 qua
2949 1331 3159 1386 nefaria
3195 1336 3380 1389 omnia
3404 1337 3683 1391 vetuerit?

2088 1420 2173 1474 An
2207 1438 2317 1476 non
2351 1438 2458 1475 una
2504 1422 2797 1491 utrobique
2829 1423 3088 1479 divinitas
3119 1424 3371 1495 idemque
3412 1426 3548 1482 Novi
3580 1429 3663 1483 si-

2100 1513 2214 1567 mul
2259 1528 2323 1568 ac
2376 1513 2591 1569 Veteris
2648 1512 2991 1569 Testamenti
3048 1513 3289 1585 Spiritus
3331 1532 3456 1574 esse
3494 1518 3681 1582 debet.

2098 1620 2222 1659 cum
2258 1604 2520 1660 Dominus
2552 1605 2753 1660 dixerit
2785 1625 2799 1659 :
2829 1604 2953 1660 Non
2992 1608 3103 1660 veni
3134 1608 3331 1663 solvere
3368 1609 3553 1680 legem,
3588 1610 3683 1666 sed

2098 1696 2594 1766 implere'7Atque
2639 1704 2699 1750 ut
2746 1697 2881 1751 illud
2932 1699 3268 1765 ostenderet,
3304 1699 3682 1757 denuntiatam

412 1793 539 1865 λικὴ
570 1794 730 1865 χάρις
781 1795 847 1848 δι’
880 1796 1075 1849 ἑαυτοῦ
1111 1797 1207 1850 καὶ
1246 1798 1345 1866 τῆς
1387 1798 1652 1868 ἐνσάρκου
1695 1795 1997 1869 παρουσίας

2105 1802 2133 1841 a
2172 1804 2232 1842 se
2264 1789 2438 1857 legem
2477 1803 2541 1843 ac
2577 1804 2673 1858 per
2706 1788 2946 1860 Moysen:
2983 1806 3349 1860 concessam;
3396 1793 3681 1866 Evangelii

416 1888 778 1958 κεκήρυκται,
832 1887 984 1956 ἔλεγε
1027 1890 1139 1951 τοῖς
1174 1887 1481 1951 Ἰουδαίοιςο
1537 1889 1607 1941 El
1655 1886 1997 1940 ἐπιστεύετε

413 1974 679 2043 Ηωῦσεῖ,
726 1978 1069 2031 ἐπιστεύετε
1115 1979 1192 2032 ἂν
1238 1979 1398 2048 ἐμοι·
1449 1979 1680 2045 ἐκεῖνος
1715 1978 1824 2049 γὰρ
1865 1979 1999 2047 περὶ

416 2068 564 2138 ἐμοῦ
600 2068 846 2138 ἔγραψε.
880 2070 991 2122 Καὶ
1027 2069 1162 2124 ἄλλα
1199 2069 1371 2125 πολλά
1400 2072 1515 2123 ἐστι
1550 2070 1686 2141 πρὸς
1728 2069 2001 2124 ἀντίθεσιν

419 2160 518 2231 τῆς
544 2159 638 2213 τοῦ
668 2160 863 2232 γόητος
895 2161 1224 2228 ἀντιλογίας.
1260 2161 1385 2225 Πῶς
1428 2162 1486 2215 δὲ
1515 2162 1668 2215 ἔσται
1704 2161 1774 2215 τὰ
1803 2160 2003 2233 αἰσχρά

421 2247 650 2313 ζωτικά,
683 2251 732 2303 εί
766 2251 840 2321 μή
862 2267 916 2303 τι
939 2250 1004 2304 ἂν
1034 2249 1303 2321 δαιμόνων
1327 2251 1414 2319 εἴη
1443 2251 1505 2303 τὸ
1538 2251 1813 2322 φρόνημα,
1839 2250 2002 2304 ὁπότε

422 2339 586 2403 αὑτὸς
618 2342 647 2394 6
687 2340 893 2412 Κύριος
936 2340 1087 2411 λέγει
1129 2344 1188 2396 ἐν
1227 2341 1309 2413 τῷ
1338 2342 1655 2412 Εὑαγγελίῳ
1694 2342 1829 2413 πρὸς
1876 2342 2003 2404 τοὺς

420 2428 681 2499 λέγοντας
705 2430 884 2501 αὐτῷ·
917 2433 989 2485 El
1029 2432 1218 2497 οὕτως
1246 2430 1284 2497 ἡ
1334 2432 1491 2485 αἰτία
1520 2432 1625 2486 τοῦ
1658 2431 1878 2499 ἀνδρὸς
1904 2430 2003 2484 καί

421 2518 534 2588 τῆς
562 2520 865 2590 γυναικὸς,
898 2523 970 2574 οὐ
1012 2520 1303 2590 συμφέρει
1336 2520 1620 2592 γαμῆσαι.
1674 2522 1730 2575 '0
1774 2520 1829 2573 δὲ
1867 2520 2005 2590 πρὸς

424 2613 621 2676 αὑτοὺς
648 2611 749 2684 ἔφη
767 2629 781 2642 ο
815 2614 899 2666 Οὺ
932 2611 1154 2679 πάντες
1181 2614 1358 2668 τοῦτο
1386 2614 1706 2682 χωροῦσιν.
1734 2614 1778 2664 Ε
1784 2612 1870 2666 ισὶ
1896 2612 2005 2683 γὰρ

423 2705 729 2772 εὐνοῦχοι,
779 2705 998 2768 οἵτινες
1040 2706 1412 2775 εὐνούχισαν
1451 2704 1703 2770 ἑαυτοὺς
1744 2704 1840 2758 διὰ
1898 2704 2008 2773 τὴν

421 2796 755 2864 ,ϐασιλείαν
791 2795 909 2849 τῶν
930 2795 1201 2865 οὐρανῶν
1220 2815 1234 2828 ο
1272 2797 1365 2850 καὶ
1396 2796 1619 2861 ἔδειξεν,
1646 2796 1722 2859 ὡς
1759 2795 1817 2848 τὸ
1847 2796 2007 2864 φύσει

426 2886 728 2957 ἀπέχεσθαι
761 2886 1022 2955 συζυγίας
1052 2887 1331 2958 βασιλείας
1366 2888 1609 2959 οὐρανῶν
1651 2890 1765 2940 ἐστι
1803 2887 2006 2958 δῶρον;

429 2979 600 3033 Πάλιν
626 2977 684 3030 δὲ
727 2979 785 3030 ἐν
816 2978 961 3050 ἄλλῳ
1001 2980 1153 3050 τόπῳ
1178 2980 1325 3048 λέγει
1361 2979 1502 3033 κατά
1548 2980 1639 3032 τὸν
1673 2978 1870 3049 σεμνὸν
1906 2978 2010 3047 γά-

435 3087 555 3141 μον,
586 3069 645 3122 ὃν
692 3070 854 3133 αὐτὸς
892 3070 919 3121 6
958 3071 1139 3141 Σίμων
1181 3071 1593 3144 παραφθείρων,
1629 3070 1867 3142 αἰσχρῶς
1911 3087 2009 3140 με·

2099 1896 2229 1935 vero
2266 1881 2495 1948 gratiam
2537 1896 2633 1951 per
2681 1882 3061 1951 semetipsum,
3115 1883 3518 1955 adventumque
3552 1901 3683 1940 cum

2099 1986 2266 2026 carne
2300 1979 2459 2027 suum
2511 1971 2831 2028 hominibus
2876 1975 3297 2045 promulgatam,
3345 1978 3420 2031 ita
3461 1976 3687 2033 Judasos

2100 2063 2370 2116 allocutus
2402 2069 2485 2116 est
2510 2079 2522 2115 :
2548 2061 2611 2115 Si
2646 2061 2925 2117 crederetis
2959 2062 3156 2133 Moysi,
3185 2066 3312 2119 mihi
3345 2084 3548 2137 quoque
3577 2085 3691 2123 cre-

2100 2152 2317 2205 deretis.
2347 2150 2451 2204 Ille
2478 2153 2618 2205 enim
2651 2151 2716 2205 de
2741 2169 2821 2207 me
2845 2154 3054 2222 scripsit
3074 2156 3115 2210 ³.
3150 2154 3258 2210 Sed
3286 2163 3341 2210 ct
3363 2158 3467 2211 alia
3490 2174 3692 2228 quam-

2101 2247 2338 2317 plurima
2366 2254 2513 2313 sunt,
2542 2263 2664 2317 quae
2698 2247 2965 2305 adversus
2990 2250 3297 2305 contrarias
3316 2251 3689 2322 'praastigiato-

2104 2341 2184 2395 ris
2225 2340 2373 2396 illius
2400 2340 2646 2396 rationes
2679 2355 2961 2410 opponere
3000 2356 3315 2411 possumus.
3346 2342 3425 2395 Ac
3453 2340 3561 2396 nisi
3594 2341 3689 2395 ille

2104 2431 2414 2487 daemonum
2444 2448 2642 2488 sensus
2669 2439 2839 2496 esset,
2868 2432 3145 2501 quomodo
3176 2431 3322 2487 foeda
3350 2432 3443 2486 illa
3474 2432 3690 2501 turpia-

2105 2538 2211 2592 que
2249 2523 2549 2577 conciliare
2591 2524 2758 2577 vitam
2801 2530 3069 2593 possent,
3118 2539 3243 2577 cum
3284 2522 3338 2577 in
3390 2522 3690 2593 Evangelia

2107 2609 2373 2668 Dominus
2413 2612 2530 2682 ipse
2567 2612 2635 2667 iis
2660 2613 2751 2682 qui
2782 2613 3036 2667 dixerant
3067 2632 3079 2667 :
3111 2613 3173 2667 Si
3203 2615 3280 2667 ita
3299 2623 3375 2667 est
3403 2630 3569 2668 causa
3589 2615 3691 2668 viri

2108 2719 2226 2755 cum
2263 2718 2450 2767 uxore,
2490 2720 2593 2757 non
2631 2704 2839 2771 expedit
2868 2703 3083 2767 nubere,
3122 2703 3211 2759 his
3241 2705 3427 2759 verbis
3460 2720 3692 2774 respon-

2109 2793 2236 2849 deat
2263 2813 2275 2848 :
2308 2793 2432 2848 Non
2462 2811 2637 2849 omnes
2672 2796 2886 2862 capiunt
2916 2795 3078 2848 istud.
3107 2794 3242 2850 Sunt
3274 2797 3413 2849 enim
3441 2796 3688 2862 eunuchi,

2109 2885 2200 2956 qui
2228 2887 2425 2955 seipsos
2470 2895 2835 2940 castraverunt
2868 2896 3080 2955 propter
3110 2902 3325 2955 regnum
3364 2886 3693 2941 cwlorum‘?

2112 2976 2323 3042 Quibus
2349 2978 2528 3033 verbis
2557 2975 2799 3033 ostendit
2823 2991 2851 3029 a
2876 2978 3273 3032 consuetudine
3296 2978 3542 3032 mulieris
3562 2978 3693 3033 abs-

2114 3069 2326 3133 tinere,
2371 3084 2577 3125 munus
2625 3084 2748 3125 esse
2802 3085 2834 3123 a
2887 3069 3101 3124 caalesti
3135 3084 3306 3140 regno
3354 3069 3690 3124 derivatum.

434 3160 641 3214 θοδεὺει
668 3161 767 3233 τὴν
792 3161 987 3216 ἐαυτοῦ
1017 3162 1334 3234 ἐπιθυμίαν,
1358 3164 1441 3216 ὅτι
1463 3181 1476 3195 ’
1500 3163 1617 3229 Οὓς
1642 3165 1674 3218 ὀ
1694 3163 1837 3229 Θεὸς
1860 3176 2001 3215 συν·-

2116 3160 2331 3217 Rursus
2369 3162 2512 3216 idem
2556 3162 2663 3216 alio
2706 3163 2763 3216 in
2806 3163 2929 3217 loco
2976 3164 3052 3217 ita
3085 3162 3153 3218 de
3195 3163 3441 3218 honestis
3485 3162 3693 3233 nuptiis

431 3253 692 3322 ἐζευξεν,
725 3256 1035 3324 ἅνθρωπος
1060 3256 1146 3327 μὴ
1183 3256 1484 3327 χωριζέτω.

510 3522 603 3588 εἷ’.
632 3520 759 3584 Πῶς
780 3520 836 3573 δὲ
859 3521 1024 3575 πάλιν
1045 3523 1074 3575 6
1101 3521 1319 3585 πλάνος,
1346 3522 1737 3595 ἐπιλαθόμενος
1757 3524 1857 3594 τῆς
1880 3523 2015 3587 ἰδίας

436 3609 727 3683 ληρωδίας,
761 3614 954 3666 ἐαυτὸν
994 3614 1230 3684 ἐλέγχει,
1262 3614 1450 3687 ὥσπερ
1495 3616 1704 3683 ἀγνοῶν
1744 3616 1779 3671 ἀ
1818 3616 2013 3685 προλέ-

438 3720 556 3772 γει;
586 3704 768 3774 Φήσας
799 3702 927 3775 γὰρ,
955 3705 1037 3757 ὃτι
1075 3705 1166 3757 ὑπ’
1191 3706 1355 3759 αὑτοῦ
1384 3707 1671 3775 γεγόνασιν
1709 3711 1756 3761 οἱ
1794 3707 2016 3776 ἄγγελοι

432 3795 529 3849 ιδιά
559 3795 656 3866 τῆς
693 3795 858 3848 αὑτοῦ
889 3796 1117 3860 ἐννοίας,
1153 3797 1312 3851 πάλιν
1346 3798 1497 3867 ἔλεγε
1536 3799 2017 3871 μεταμορφοῦσθαι

438 3885 564 3941 καθ’
592 3886 822 3940 ἕκαστον
853 3887 1101 3959 οὐρανὸν,
1126 3889 1274 3953 ὃπως
1295 3888 1447 3943 λάθοι
1474 3891 1599 3953 τοὺς
1627 3890 1820 3953 αὐτοὺς
1853 3892 1909 3942 ἐν
1937 3889 2016 3961 τῷ

438 3978 707 4033 κατιέναι.
739 3975 888 4050 *Αρα
934 3977 1119 4042 δεδιὼς
1166 3979 1445 4034 ἐλάνθανε.
1473 3982 1583 4034 Καὶ
1623 3981 1739 4045 πῶς
1784 3981 1951 4035 δέδιεν
1989 3982 2017 4034 6

438 4070 750 4141 ληρολόγος,
782 4070 876 4134 οὓς
903 4071 1065 4134 αὑτὸς
1091 4071 1346 4143 ἐποίησεν
1386 4072 1650 4141 ἀγγέλους
1674 4091 1689 4140 ;
1722 4073 1846 4137 Πῶς
1872 4073 1929 4127 δὲ
1954 4075 2016 4128 οὐ

437 4163 603 4217 παντὶ
629 4163 1019 4233 εὑθυέλεγκτος
1057 4163 1219 4217 αὑτοῦ
1251 4150 1363 4227 τοῖς
1397 4168 1635 4228 συνετοῖς
1663 4167 1694 4236 ἡ
1732 4165 2019 4237 ὑποσπορά

436 4256 538 4327 τῆς
563 4256 771 4329 πλάνης
817 4257 1189 4327 εὑρεθήσεται,
1225 4258 1385 4310 ὁπότε
1415 4258 1473 4310 ἐν
1521 4258 1661 4330 ἀρχῇ
1701 4257 1953 4329 ἐποίησεν
1990 4260 2020 4312 6

437 4346 571 4411 Θεὸς
593 4347 683 4401 τὸν
724 4347 951 4419 οὐρανὸν
978 4346 1073 4400 κα)⁸
1111 4346 1208 4417 τὴν
1237 4348 1361 4419 γῆν,
1398 4349 1563 4418 φησιν
1588 4351 1620 4419 ἡ
1660 4349 1879 4422 Γραφή;
1909 4349 2019 4402 Καὶ

2115 3251 2381 3323 loquitur,
2407 3268 2545 3323 quas
2582 3240 2785 3325 impius
2826 3252 3015 3308 Simon
3044 3254 3259 3309 violans
3301 3255 3533 3324 turpiter
3567 3254 3699 3309 libi-

2113 3343 2229 3398 dini
2279 3358 2392 3400 suaa
2430 3344 2574 3398 viam
2613 3360 2678 3399 ac
2716 3344 2985 3400 rationem
3028 3352 3341 3415 praeparat:
3372 3346 3517 3411 Quos
3551 3344 3700 3401 Deus

2114 3435 2390 3505 conjunxit
2420 3435 2574 3490 homo
2608 3452 2713 3489 non
2738 3445 2939 3505 separet
2956 3435 2999 3488 ⁵.

2192 3526 2280 3581 Vl.
2322 3526 2798 3593 Quemadmodum
2827 3542 2960 3582 vero
2999 3542 3267 3597 nugarum
3307 3542 3532 3582 suarum
3559 3526 3696 3582 oblio

2116 3624 2209 3671 tus
2241 3617 2531 3687 impostor,
2584 3617 2733 3672 velut
2773 3632 2964 3672 eorum
2988 3618 3096 3688 60
3129 3633 3252 3687 qua:
3284 3625 3443 3673 antea
3481 3618 3698 3672 dixerat

2118 3708 2367 3779 ignarus,
2400 3708 2643 3777 seipsum
2677 3706 2904 3762 refellit!
2939 3706 3074 3762 Nam
3110 3723 3234 3762 cum
3267 3708 3498 3763 dixisset
3531 3724 3699 3780 ange-

2118 3799 2203 3855 los
2242 3814 2272 3854 a
2316 3815 2376 3855 se
2410 3814 2507 3870 per
2539 3800 2955 3871 intelligentiam
3004 3814 3159 3855 suam
3200 3809 3514 3870 procreatos
3551 3815 3698 3869 esse,

2120 3890 2355 3960 subjecit
2388 3898 2603 3960 postea,
2636 3898 2696 3944 ut
2718 3890 2940 3945 eosdem
2972 3890 3095 3945 illos
3121 3890 3290 3945 latere
3312 3888 3703 3945 descendendo

2118 3990 2325 4052 posset,
2357 3980 2587 4051 ﬁguram
2625 3981 2681 4035 in
2720 3995 3055 4051 unoquoque
3101 3979 3243 4035 ccelo
3287 3990 3554 4036 mutasse.
3589 3981 3701 4051 lgi-

2120 4080 2212 4126 tur
2243 4073 2445 4127 latebat
2489 4072 2633 4137 ideo,
2684 4072 2833 4143 quod
2873 4072 2996 4125 illos
3044 4079 3327 4126 metueret.
3364 4071 3528 4141 Atqui
3564 4070 3699 4141 quid

2120 4180 2217 4220 eos
2248 4179 2389 4234 quos
2418 4165 2536 4235 ipse
2566 4164 2891 4219 condiderat
2914 4163 3135 4234 angelos
3166 4163 3433 4231 impostor
3460 4161 3553 4223 ille
3582 4176 3702 4215 me-

2119 4256 2339 4311 tuebat?
2378 4255 2570 4311 Nonne
2599 4257 2764 4311 etiam
2793 4256 3049 4310 convictu
3084 4253 3261 4307 facilis
3287 4252 3541 4323 prudenti
3574 4253 3701 4306 cui-

2119 4348 2253 4404 libet
2298 4350 2515 4403 occulte
2548 4348 2954 4418 proseminatus
2990 4361 3147 4401 error
3196 4346 3288 4401 ille
3337 4344 3526 4409 fuerit,
3569 4358 3697 4399 cum

440 4441 775 4512 συνᾳδόντως
805 4441 979 4512 τούτῳ
999 4441 1079 4512 τῷ
1106 4441 1250 4511 λόγῳ
1274 4443 1303 4494 ὁ
1342 4441 1546 4511 Κύριος
1573 4443 1631 4495 ἐν
1655 4441 1732 4513 τῷ
1770 4443 2001 4511 Εὑαγγε-

2124 4438 2413 4511 Scriptura
2442 4447 2601 4503 teste,
2637 4440 2693 4493 in
2715 4439 2991 4510 principio
3028 4436 3297 4492 creaverit
3328 4435 3472 4492 Deus
3498 4436 3701 4491 uelum

437 4528 539 4602 λίῳ
579 4534 763 4602 φησὶν,
797 4533 873 4596 ὡς
894 4534 1031 4606 πρὸς
1055 4533 1146 4587 τὸν
1169 4532 1301 4586 Θεὸν
1334 4532 1551 4602 Πατέρα
1578 4532 1668 4585 τὸν
1700 4534 1827 4586 ἴδιον
1845 4550 1858 4564 ·
1891 4532 2012 4586 Πά-

2119 4539 2175 4587 et
2208 4539 2409 4587 terram
2432 4531 2488 4584 ιτ
2515 4529 2727 4596 Quibus
2758 4537 3192 4585 consentaneum
3227 4536 3312 4583 est
3338 4526 3486 4598 quod
3519 4525 3706 4580 Domi-

436 4640 560 4692 τερ.
586 4625 763 4692 Κύριε
802 4624 909 4679 τοῦ
959 4624 1221 4693 οὐρανοῦ
1262 4624 1362 4678 καί
1407 4623 1519 4693 τῆς
1560 4622 1693 4695 γῆς.
1726 4626 1789 4677 Εἰ
1837 4624 2001 4678 τοίνυκ

2119 4637 2225 4676 nus
2268 4622 2322 4675 in
2362 4621 2656 4693 Evangelio
2710 4620 2879 4675 Deum
2925 4618 3144 4674 Patrem
3185 4618 3471 4687 alloquens
3515 4616 3698 4671 dicit:

439 4713 670 4783 ποιητὴς
717 4713 946 4785 οὐρανοῦ
981 4714 1076 4767 καὶ
1120 4714 1223 4784 γῆς
1266 4714 1559 4785 ὑπάρχειὸ
1586 4713 1720 4777 Θεὸς
1748 4717 1776 4768 ὁ
1824 4714 2001 4786 Πατὴρ

2120 4713 2305 4777 Pater,
2332 4712 2553 4767 Domine
2578 4712 2695 4766 ειείί
2735 4728 2798 4765 ac
2826 4711 3041 4765 terrte".
3073 4708 3228 4776 Quod
3275 4709 3321 4763 si
3360 4708 3484 4762 caeli
3516 4715 3701 4762 teme-

437 4802 533 4856 τοῦ
567 4803 772 4874 Κυρίου
819 4804 976 4875 ὴμῶν
1019 4804 1194 4873 Ἰησοῦ
1222 4805 1479 4874 Χριστοῦ,
1513 4806 1689 4877 μάτην
1721 4805 1790 4858 τά
1838 4806 2001 4860 πάντα

2124 4822 2232 4876 que
2282 4806 2541 4862 conditor
2591 4815 2677 4862 est
2705 4804 2849 4861 Deus
2894 4804 3055 4859 Pater
3092 4804 3306 4858 Domini
3354 4802 3529 4857 nostri
3567 4800 3701 4855 Jesu

436 4894 518 4966 τῷ
550 4895 861 4967 συκοφάντῃ
892 4895 1096 4966 Σίμωνι
1138 4896 1372 4968 εἴρηται,
1410 4896 1471 4950 τὸ
1517 4897 1606 4950 ὑπ’
1642 4897 1887 4965 ἀγγέλων
1923 4898 2001 4951 τὸκ

2125 4896 2350 4963 Christi,
2387 4896 2597 4953 frustra
2645 4898 2831 4954 omnia
2873 4913 2903 4951 a
2961 4897 3302 4968 sycophanta
3352 4895 3577 4950 Simone
3613 4893 3701 4963 ja-

438 4985 645 5055 κόσμον
668 4987 726 5038 ὲν
751 4985 1091 5057 ἐλαττώματι
1110 4987 1455 5058 γεγενῆσθαι,
1480 4989 1572 5042 καὶ
1593 4988 1659 5041 τὰ
1681 4988 1815 5041 ἄλλα
1840 4989 2001 5043 πάντα

2125 4996 2370 5051 ctantur,
2420 4988 2686 5043 mundum
2722 4989 2930 5044 scilicet
2972 4989 3044 5041 ab
3075 4987 3286 5058 angelis
3322 5001 3446 5040 cum
3481 4984 3699 5039 defectu

437 5077 539 5132 ὅσα
582 5078 851 5149 δαιμονῶν
878 5081 908 5132 6
949 5080 1148 5145 πλάνος
1193 5079 1271 5151 τῷ
1315 5080 1506 5152 κόσμῳ
1554 5080 1878 5154 παραλαλῶν
1925 5081 2001 5149 ἐξ·

2125 5080 2485 5148 fabricatum;
2513 5088 2820 5151 caeteraque
2848 5078 3056 5141 omnia,
3098 5092 3220 5149 quae
3245 5076 3517 5131 fanaticus
3550 5082 3701 5130 vete-

441 5318 476 5358 x
515 5234 685 5358 12am.
719 5251 839 5302 vm,
868 5234 960 5291 21.
1032 5235 1271 5294 'Matth.
1310 5254 1364 5304 ν,
1399 5237 1486 5291 17.
1563 5237 1585 5269 ³
1611 5235 1771 5296 Joan.
1798 5254 1853 5306 ν,
1890 5237 1984 5293 46.

2114 5236 2306 5293 Matth.
2342 5254 2457 5305 XIX,
2494 5237 2563 5293 10
2591 5252 2713 5308 sqq.

2789 5237 2810 5268 ⁸
2840 5234 2973 5290 ibid.
3000 5232 3053 5289 6.
3130 5234 3151 5265 ‘
3178 5233 3313 5288 Gen.
3353 5248 3393 5297 ι,
3427 5231 3480 5286 1.
3522 5229 3703 5287 'Luc.

2114 5460 2316 5515 stinum
2343 5456 2591 5512 Graecum
2636 5454 2908 5508 hominem
2957 5465 3143 5506 errore
3185 5449 3476 5518 deceptum,
3515 5451 3701 5516 putat,

2114 5546 2240 5585 cum
2270 5525 2756 5597 ναιεπειει-ἓὶιεεη.
2781 5517 3433 5597 δελτιειξίεηεξειθιιίθιη
3464 5517 3699 5585 ἐπιγρα-

2158 5601 2222 5669 ήν
2252 5587 2471 5669 legisset
2505 5592 2758 5648 SEMONI
2806 5587 2940 5646 DEI)
2988 5587 3231 5651 SANCO,
3279 5588 3554 5642 Simonem
3600 5600 3699 5654 pro

2116 5618 2353 5724 geinone
2380 5666 2678 5724 accepisse.
2711 5661 2843 5724 Quae
2870 5661 3005 5719 mibi
3043 5658 3363 5724 conjectura
3402 5671 3535 5715 sane
3570 5669 3699 5724 pro-

2194 5658 2353 5723 inon'e
2380 5666 2678 5737 accepisse.
2711 5661 3005 5737 Quae‘mibi
3043 5658 3363 5731 conjectura
3402 5671 3535 5715 sane
3570 5669 3702 5726 pro-

2116 5739 2318 5799 babilis
2343 5744 2429 5798 est
2454 5735 2597 5795 visa.

516 5458 629 5531 (58)
673 5461 770 5514 Ἐν
791 5464 951 5531 μέσῃ
996 5459 1072 5531 τῇ
1123 5461 1239 5516 τῶν
1283 5460 1575 5531 Ῥωμαίων
1605 5461 1800 5531 πόλει.
1856 5460 2011 5517 Hanc

441 5528 731 5612 historiam
764 5528 974 5612 veteres
1008 5528 1197 5612 (imne‘s
1236 5528 1881 5612 Patres_pos£Justinum
1919 5548 2010 5612 re-

447 5599 658 5672 nuunt;
692 5599 977 5665 Eusebius,
1012 5603 1247 5672 Cyrillus
1296 5611 1350 5657 et
1398 5599 1513 5657 alii.
1562 5600 1670 5672 Sed
1708 5602 1811 5672 ide‘
1822 5609 2009 5672 statua

449 5669 665 5743 Simoni
682 5685 818 5743 cum
851 5672 953 5725 hac
985 5669 1340 5743 inscriptione
1370 5673 1589 5743 posita,
1609 5670 1840 5743 SIMONI
1862 5670 2009 5743 ΑΙ)Εο

449 5738 740 5806 SANL'TO,
764 5744 848 5798 vir
876 5743 1097 5813 quidam
1142 5738 1390 5800 eruditus
1431 5741 1753 5801 addubitat:
1783 5741 1876 5814 qui
1913 5739 2011 5798 Ju-

2800 5840 2906 5855 ...ςή-
2940 5847 2960 5854 ..
