4204 6370
522 323 627 382 295

1945 326 2001 383 S.
2044 326 2388 383 EPIPHA‘NII

3699 318 3817 395 ςευό

524 447 674 493 rator
717 434 1086 492 fraudulenlis
1145 437 1497 493 sermonibus
1549 439 1604 494 in
1656 440 1842 495 orbem
1901 441 2106 497 invexit

2211 443 2473 514 ηγήσατο,
2501 442 2593 495 καὶ
2632 440 2848 512 ἀπάτην
2875 441 3014 496 τισὶν
3057 443 3343 516 ἐνεποίησε
3373 444 3482 498 τῶν
3512 442 3607 497 ὑπ’
3645 442 3813 498 αὑτοῦ

525 531 932 602 nonnullosque
963 546 993 586 a
1033 547 1093 587 se
1124 531 1386 603 deceptos
1423 532 1616 588 iisdem
1661 535 1966 591 mendaciis
1997 537 2109 590 cir-

522 640 588 680 cu
599 625 824 679 mvenit.

596 717 709 772 VII.
755 717 933 788 Atque
979 716 1095 770 haec
1141 717 1532 786 compendiose
1581 733 1610 771 a
1648 718 1809 773 nobis
1846 719 2112 773 adversus

522 811 673 866 illius
723 810 962 865 haeresin
1003 809 1282 878 disputata
1315 809 1509 864 lectori
1557 809 1852 871 sumcient,
1906 812 2110 880 quibus

522 902 722 955 veritas
757 901 897 971 ipsa,
929 916 994 955 ac
1028 901 1156 954 mali
1196 899 1438 954 remedia
1472 909 1889 965 monstrantur;
1921 902 2112 955 redar-

523 1007 879 1067 guuntnrque
926 996 962 1050 ii
993 995 1084 1066 qui
1126 995 1350 1049 immani
1404 995 1496 1048 illa
1537 995 1850 1064 corruptela
1906 996 2110 1067 ignaris

521 1089 842 1146 hominibus
902 1087 1150 1142 fraudem
1209 1087 1395 1142 facere
1446 1095 1736 1142 conantur.
1789 1087 1946 1142 Nunc
2004 1091 2110 1145 alio

521 1179 930 1245 transferenda,
963 1187 1017 1233 et
1045 1179 1111 1233 ad
1145 1179 1373 1233 alteram
1408 1180 1641 1233 ham-sin
1670 1180 2108 1234 convincendam

522 1269 854 1324 reﬂectenda
880 1277 964 1323 est
995 1269 1194 1322 oratio.
1225 1268 1320 1322 Est
1347 1283 1476 1323 vero
1508 1269 1564 1323 in
1597 1269 1854 1323 liaaretico
1881 1270 1976 1324 illo
2013 1285 2109 1323 va-

519 1360 664 1413 rium
706 1358 966 1429 quiddam
1010 1366 1174 1426 atque
1209 1356 1432 1426 duplex,
1466 1359 1557 1427 qui
1587 1361 1804 1412 tametsi
1839 1360 2110 1428 impostor

524 1452 712 1513 fuerit,
757 1449 965 1504 ChriSIi
999 1450 1104 1504 sibi
1139 1464 1338 1504 nomen
1380 1450 1562 1518 specie
1593 1456 1757 1505 tenus
1797 1449 2063 1519 imposuit
2092 1468 2106 1504 :

520 1540 982 1615 quemadmodum
1035 1541 1215 1595 urinis
1267 1557 1334 1596 ex
1380 1543 1632 1611 aspidum
1677 1557 1741 1596 ac
1797 1543 2107 1612 viperarum

520 1637 640 1692 ovis
692 1634 931 1689 obortivi
989 1634 1324 1703 serpentium
1387 1633 1530 1688 fctus
1587 1635 1944 1704 corruptique
1995 1633 2111 1689 for-

520 1735 775 1791 mantur;
815 1724 868 1778 id
892 1723 1037 1794 quod
1077 1725 1145 1777 iis
1175 1725 1360 1779 verbis
1389 1739 1419 1778 a
1451 1725 1718 1794 propheta
1751 1725 1963 1780 dictum
1987 1735 2104 1780 est:

2218 532 2611 604 ἠπατημένων.

2289 714 2363 767 Z'.
2403 712 2512 766 Καὶ
2543 710 2721 766 ταῦτά
2765 729 2854 782 μοι
2887 712 2945 766 ὲν
2993 713 3228 784 ἐπιτομῇ
3287 713 3424 784 πρὸς
3478 713 3576 785 τὴν
3619 713 3808 768 τούτου

2219 807 2429 877 αἵρεσιν
2471 807 2738 878 εἰρημένα
2792 806 3016 878 ἀρκέσει
3069 810 3181 870 τοῖς
3227 807 3670 878 ἐντυγχάνουσιν,
3726 811 3807 870 είς

2219 899 2491 970 πρόφασιν
2526 897 2783 967 ἀληθείας
2830 917 2886 952 τε
2920 900 3013 953 καὶ
3061 900 3280 964 ἰάσεως,
3314 902 3410 954 καὶ
3457 902 3536 965 εἰς
3589 901 3808 972 ἔλεγχον

2215 992 2324 1045 τῶν
2352 993 2439 1046 διὰ
2475 993 2576 1062 τῆς
2600 992 2855 1063 τοιαύτης
2889 993 3189 1066 θηριώδους
3218 995 3425 1066 φθορᾶς
3449 995 3808 1066 πειρωμένων

2217 1085 2420 1138 ἀδικεῖν
2444 1086 2567 1147 τοὺς
2602 1084 2948 1153 ἀγνοοῦντας.
2991 1086 3404 1158 ’Υπερϐήσομαι
3454 1086 3532 1151 δὲ,
3577 1087 3670 1140 καὶ
3721 1087 3806 1156 ἐφ’

2218 1179 2411 1248 ἐτέρας
2441 1177 2602 1230 πάλιν
2634 1177 2922 1249 βαδιοῦμαι
2946 1179 3209 1251 αἱρέσεως
3240 1179 3477 1250 ἔλεγχον.
3510 1181 3664 1232 Ἐστι
3697 1179 3806 1250 γὰρ

2216 1271 2274 1323 ἐν
2309 1270 2458 1341 αὐτῷ
2491 1270 2761 1342 μεταϐολὴ
2807 1273 2902 1325 καὶ
2932 1273 3248 1342 ἐνδυασμὸς,
3283 1273 3484 1326 πλάνου
3519 1272 3618 1343 μὲν
3652 1273 3806 1336 ὄντος

2217 1362 2406 1425 αὐτοῦ,
2448 1364 2660 1434 μορφὴν
2713 1364 2770 1416 δὲ
2817 1364 3078 1435 ὀνόματος
3125 1364 3366 1436 Χριστοῦ
3416 1367 3803 1438 ἐνδυσαμένου,

2217 1455 2358 1528 ὼςὴ
2406 1456 2515 1509 τῶν
2567 1457 2937 1528 ἐκτρωμάτων
2985 1457 3298 1530 ἐρπετώδης
3345 1459 3402 1525 ἐξ
3445 1460 3644 1531 οὑρίων
3680 1459 3805 1516 ὠῶν

2217 1547 2459 1601 ἀσπίδων
2495 1549 2830 1618 κυῖσκομένη
2880 1549 3076 1620 φθορά,
3120 1551 3212 1604 καὶ
3244 1551 3418 1604 ἀλλων
3449 1553 3692 1622 ἐχιδνῶν,
3729 1554 3806 1618 ῶς

2218 1658 2382 1712 φησιν
2411 1642 2439 1694 ὁ
2488 1642 2815 1712 Προφήτης’
2857 1641 2955 1695 Ὡὰ
2988 1642 3264 1696 ἀσπίδων
3307 1644 3587 1712 ἓρῤηξαν,
3627 1647 3728 1700 καὶ
3770 1650 3804 1702 ό

2213 1733 2459 1801 μέλλων
2492 1731 2611 1786 τῶν
2642 1733 2772 1786 ὠῶν
2825 1733 3024 1788 αὐτῶν
3069 1736 3302 1805 φαγεῖν,
3345 1733 3525 1804 εὗρεν
3576 1739 3802 1806 οὔριον.

523 1818 636 1873 Ova
680 1816 926 1886 aspidum
972 1815 1238 1884 fregerunt
1265 1854 1280 1879 ,
1340 1825 1390 1870 et
1429 1817 1519 1886 qui
1565 1833 1660 1869 οιά
1710 1817 1807 1870 illa
1849 1818 2106 1874 comedere

2220 1827 2316 1878 καὶ
2365 1825 2435 1878 ἐν
2465 1824 2626 1891 αὐτῷ
2667 1825 3067 1889 βασιλίσκων.
3114 1827 3272 1881 Ἀλλά
3315 1832 3381 1900 τῇ
3435 1829 3684 1899 δυνάμει,
3727 1831 3804 1894 ὡς

520 1909 695 1972 vellet,
749 1907 934 1961 inania
972 1906 1185 1974 reperit,
1232 1903 1524 1975 ibidemque
1567 1905 1867 1975 regulum‘.
1909 1902 2111 1959 Verum

521 2009 880 2071 posteaquam
913 2001 1145 2064 Christi,
1180 2001 1260 2054 uti
1289 2000 1551 2064 diximus,
1586 1999 1827 2069 potentia
1865 1999 2114 2056 veritatis

520 2095 674 2148 illum
725 2093 1074 2148 sermonibus
1129 2092 1486 2162 impetiimus,
1535 2091 1770 2162 ejusque
1810 2091 2111 2162 perniciem

520 2201 739 2241 onmem
778 2186 1162 2247 restinximus,
1212 2184 1444 2256 gradum
1489 2183 1558 2238 ad
1594 2184 1839 2256 reliquas
1877 2183 2113 2240 haereses

522 2277 816 2339 faciamus.
858 2276 1176 2331 cbarissimi

749 2389 1126 2447 ADVERSUS
1165 2387 1712 2444 MENANDRIANOS
1731 2388 1844 2459 (59)
1863 2428 1878 2453 ,

523 2504 655 2570 Qun:
685 2513 766 2558 est
807 2503 1023 2558 hwresis
1080 2513 1198 2572 post
1244 2502 1526 2572 adventum
1561 2500 1762 2556 Christi
1807 2500 1891 2566 11,
1925 2501 2110 2556 ordine

1218 2571 1418 2626 XXII.

592 2693 631 2746 1.
676 2691 929 2747 Proxime
968 2691 1194 2762 quidam
1222 2691 1354 2745 huic
1394 2689 1692 2744 Menander
1724 2687 2110 2759 adjungendus

519 2796 638 2846 est,
704 2784 797 2854 qui
850 2800 1049 2854 genere
1099 2783 1481 2838 Samaritanus
1525 2783 1809 2852 aliquanto
1868 2788 2112 2850 tempore

523 2876 735 2931 Simoni
768 2892 989 2947 operam
1019 2877 1123 2945 61
1156 2875 1326 2930 dedit.
1349 2877 1526 2946 Atque
1557 2875 1646 2929 hic
1681 2872 1911 2944 perinde
1939 2881 2000 2926 ut
2030 2873 2110 2925 al-

520 2979 605 3024 ter
654 2970 920 3024 mundum
957 2969 1025 3022 ab
1057 2967 1263 3038 angelis
1299 2967 1627 3023 fabricatum
1661 2983 1673 3018 :
1707 2966 1951 3036 seipsum
1979 2982 2109 3021 vero

520 3060 615 3115 Dei
643 3061 753 3115 vim
797 3077 922 3116 esse
951 3060 1018 3115 de
1050 3061 1191 3115 coelo
1226 3061 1450 3116 missam
1485 3059 1703 3114 asserit.
1744 3060 1803 3112 ln
1844 3074 1954 3129 quo
1981 3059 2108 3130 qui—

518 3158 641 3209 dem
687 3155 949 3223 majorem
998 3169 1161 3223 quam
1196 3154 1461 3224 magister
1496 3152 1588 3206 ille
1628 3168 1764 3207 suus
1797 3151 2108 3207 circumve-
2138 3193 2182 3253 Ο

520 3248 738 3302 niendis
781 3247 1100 3301 hominibus
1131 3245 1378 3299 fraudem
1422 3260 1485 3298 ac
1519 3244 1794 3298 fallaciam
1828 3259 2111 3298 commen-

519 3349 610 3395 tus
635 3347 743 3393 est.
783 3338 852 3393 Se
881 3338 1026 3391 enim
1062 3338 1242 3390 aiebat
1269 3337 1334 3390 ad
1367 3336 1594 3390 humani
1625 3336 1845 3406 generis
1876 3335 2107 3390 salutent

517 3434 823 3498 emissum;
892 3439 1072 3500 atque,
1123 3437 1183 3484 ut
1233 3429 1532 3484 nonnullos
1577 3445 1739 3484 suum
1785 3429 1852 3483 ad
1903 3437 2109 3499 myste-

517 3525 661 3577 rium
691 3521 1064 3584 contraheret,
1100 3536 1168 3575 ne
1213 3521 1534 3591 angelorum
1573 3536 1637 3574 ac
1675 3519 2106 3590 principatuum,

516 3625 983 3687 potestatumque,
1020 3629 1142 3682 quae
1187 3612 1451 3666 mundum
1501 3611 1887 3674 condiderant,
1925 3609 2108 3665 domi-

517 3712 730 3782 nationi
765 3709 1081 3764 subesscnt.
1114 3707 1323 3761 Caetera
1353 3707 1567 3761 doctori
1601 3721 1704 3761 suo
1735 3714 2106 3760 consentanea

517 3803 711 3859 iisdem
764 3800 1063 3871 prmstigiis
1115 3814 1182 3853 ac
1223 3798 1510 3854 maleﬁciis
1561 3799 1860 3860 attexcbat,
1902 3813 2004 3852 nec
2039 3798 2108 3852 ab

515 3882 638 3963 ejus
673 3894 929 3963 dogmate
975 3889 1316 3955 dissidebat;
1376 3891 1485 3944 nisi
1541 3889 1687 3960 quod
1739 3889 2001 3960 majorem
2048 3903 2108 3944 se

516 3997 870 4044 antecessore
901 4002 966 4042 ac
999 3995 1339 4058 przeceptore
1371 3998 1472 4038 suo
1503 3982 1767 4052 jactabat.

587 4155 652 4210 ll.
684 4154 885 4211 Verum
920 4155 974 4210 in
1003 4155 1194 4211 eadem
1236 4170 1361 4210 cum
1411 4153 1520 4210 isto
1565 4154 1913 4210 incommoda
1953 4155 2094 4210 dela-

517 4263 652 4318 psus
672 4256 791 4313 est;
827 4247 1131 4318 iisdemque
1162 4245 1409 4301 veritatis
1435 4247 1724 4302 convictus
1751 4248 2101 4302 sermonibus

515 4348 812 4394 evertetur.
847 4338 944 4395 Est
970 4340 1116 4395 enim
1149 4340 1267 4410 ipse
1297 4339 1617 4407 subversns,
1647 4339 1878 4410 ejusque
1905 4354 2104 4410 magna

621 4500 640 4530 ί
669 4498 770 4554 lsa.
802 4512 915 4563 th,
953 4497 1010 4552 5.

2221 1918 2376 1987 ἔφην,
2411 1918 2504 1971 τοῦ
2551 1919 2787 1990 Χριστοῦ
2835 1919 3025 1974 τοῦτον
3067 1923 3361 1986 παίσαντες
3407 1923 3496 1976 διὰ
3547 1923 3654 1977 τῶν
3703 1922 3802 1994 τῆς

2220 2009 2478 2080 ἀληθείας
2515 2010 2709 2078 λόγων,
2743 2012 2838 2064 καὶ
2862 2011 2963 2082 τὴν
3004 2013 3171 2066 αὑτοῦ
3211 2013 3389 2086 λύμην
3418 2015 3801 2084 ἀφανίσαντες,

2220 2100 2313 2152 ἐπὶ
2344 2100 2442 2164 τάς
2476 2100 2602 2172 ἑξῆς
2643 2101 2835 2172 ῐωμεν,
2872 2102 3186 2172 ἀγαπητοί..

2608 2387 2799 2440 ΚΑΤΑ
2842 2388 3410 2453 ΜΕΝΑΝΔΡΙΑΝΩΝ,

2219 2491 2472 2562 Δευτέρα
2505 2495 2737 2569 ςιῖρεσις
2762 2495 2880 2548 ἀπὸ
2908 2495 3017 2569 τῆς
3043 2496 3150 2548 τοῦ
3186 2500 3406 2569 Κιορίου
3445 2502 3801 2569 παρουσίας,

2463 2566 2535 2634 τῇ
2559 2566 2628 2618 δὲ
2659 2568 2988 2633 ἀκολουθίᾳ
3019 2568 3264 2636 εἰκοστὴ
3295 2566 3563 2638 δευτέρα.

2290 2681 2366 2734 Λ’.
2401 2679 2584 2753 Ταύτῃ
2627 2679 2860 2751 καθεξῆς
2907 2682 3238 2736 συνάπτεται
3267 2683 3578 2756 Μένανδρός
3611 2701 3713 2750 τις,
3745 2687 3804 2750 ὃς

2217 2770 2325 2823 ἀπὸ
2351 2769 2704 2841 Σαμαρειτῶν
2735 2770 3057 2842 ὁρμώμενος
3080 2773 3192 2842 (40)
3234 2775 3450 2842 ἐγένετο
3478 2775 3802 2846 μαθητεύων

2216 2862 2390 2933 τούτῳ
2431 2862 2509 2932 τῷ
2558 2862 2761 2933 Σίμωνι
2804 2865 2862 2916 ἐν
2903 2863 3078 2934 χρόνῳ
3121 2865 3245 2921 τινί.
3290 2866 3519 2937 Ὁμοίως
3550 2867 3606 2922 δὲ
3651 2868 3803 2938 ἔλεγε

2217 2956 2310 3009 καὶ
2344 2956 2504 3019 αὐτὸς
2528 2955 2618 3009 τὸν
2659 2957 2865 3026 κόσμον
2892 2959 3174 3026 γεγονέναι
3215 2960 3308 3012 ὑπ’
3355 2961 3632 3029 ἀγγέλων’
3669 2965 3801 3017 ἐαυ-

2215 3050 2306 3103 τὸν
2358 3050 2413 3103 δὲ
2474 3049 2627 3117 ἔλεγε
2677 3049 2907 3121 δύναμιν
2951 3052 3062 3120 (41)
3116 3053 3322 3106 ἄνωθεν
3375 3054 3509 3107 Θεοῦ
3559 3073 3802 3110 καταπε-

2219 3143 2486 3213 πέμφθαι.
2523 3143 2762 3207 Μείζονα
2804 3143 2862 3196 δὲ
2898 3144 3121 3197 κυϐείαν
3170 3138 3326 3208 οὗτος
3367 3147 3506 3218 ὑπὲρ
3537 3147 3628 3200 τὸν
3670 3150 3804 3220 πρό-

2211 3252 2368 3304 τερον
2424 3235 2800 3307 ἐργασάμενος
2859 3235 2997 3308 πρὸς
3046 3237 3264 3308 ἀπάτην
3309 3238 3417 3292 τῶν
3474 3239 3799 3311 ἀνθρώπων,

2212 3327 2398 3396 ἔλεγεν
2445 3328 2637 3380 ἐαυτὸν
2678 3327 3002 3397 πεπέμφθαι
3040 3331 3120 3393 είς
3169 3331 3440 3402 σωτηρίαν
3473 3331 3653 3401 δῆθεν,
3708 3334 3802 3387 καὶ

2213 3423 2292 3483 εἰς
2329 3420 2391 3472 τὸ
2431 3419 2687 3488 συνάγειν
2719 3419 2872 3482 τινὰς
2901 3421 2982 3483 είς
3009 3420 3070 3473 τὸ
3111 3421 3305 3475 ἑαυτοῦ
3339 3426 3638 3495 μυστήριον
3665 3423 3799 3490 (42),

2209 3511 2296 3565 διὰ
2329 3511 2390 3563 τὸ
2415 3510 2490 3582 μὴ
2519 3510 2625 3563 ὑπὸ
2655 3511 2761 3563 τῶν
2789 3510 2879 3563 τὸν
2909 3511 3115 3582 κόσμον
3145 3516 3524 3585 πεποιηκότων
3551 3516 3802 3584 ἀγγέλων

2211 3604 2306 3656 καὶ
2333 3603 2518 3674 ἀρχῶν
2549 3602 2643 3656 κα)¹
2675 3603 2933 3668 ἐξουσιῶν
2967 3607 3484 3678 κατακυριευθῆναι.
3519 3608 3722 3679 Ὅμοια
3745 3608 3801 3660 δὲ

2213 3695 2290 3765 τῷ
2324 3695 2515 3748 ἑαυτοῦ
2547 3694 2852 3764 διδασκάλῳ
2883 3695 2949 3748 τά
2977 3696 3155 3750 πάντα
3186 3699 3525 3768 συνυφαίνων
3548 3701 3643 3752 καὶ
3668 3717 3800 3770 γοη-

2211 3787 2388 3849 τείαις
2429 3786 2522 3840 καὶ
2558 3786 2678 3849 ταῖς
2729 3785 2918 3848 ἄλλαις
2973 3789 3340 3855 μαγγανείαις
3386 3791 3446 3842 οὐ
3496 3790 3797 3844 διέλειπεν

2213 3876 2364 3928 οὐδὲν
2405 3875 2462 3929 δέ
2494 3874 2778 3945 διήλλαττε
2812 3879 2878 3946 τῇ
2916 3876 3251 3950 διδασκαλία,
3295 3879 3470 3951 ἀλλ’ἢ
3515 3881 3676 3950 μόνον
3719 3882 3798 3934 ὅτι

2215 3965 2403 4018 ἑαυτὸν
2434 3964 2586 4032 ἔλεγε
2623 3964 2848 4034 μείζονα
2897 3965 3098 4036 μᾶλλον
3133 3967 3165 4038 ἢ
3207 3969 3298 4022 τὸν
3329 3969 3435 4039 πρὸ
3473 3970 3638 4024 αὐτοῦ
3671 3971 3798 4025 ὄντα

2213 4057 2377 4110 αὑτοῦ
2416 4055 2755 4110 διδάσκαλον.

2282 4150 2355 4203 ιιι.
2389 4148 2480 4218 Τῷ
2521 4149 2578 4202 δέ
2611 4145 2761 4218 αὑτῷ
2797 4147 3138 4220 ἐλαττώματι
3159 4191 3174 4214 ,
3214 4144 3258 4219 ᾧ
3288 4155 3383 4206 καὶ
3406 4155 3434 4207 ό
3459 4154 3620 4208 αὐτοῦ
3655 4155 3800 4209 διδά-

2211 4242 2406 4307 σκαλος
2439 4241 2735 4313 περιέπεσε
2757 4281 2772 4304 ,
2821 4240 2916 4292 καὶ
2944 4241 3106 4306 αὐτὸς
3146 4244 3308 4309 ἁλοὺς
3347 4246 3438 4299 διὰ
3482 4247 3588 4300 τῶν
3620 4248 3798 4302 αὐτῶν

2205 4337 2302 4394 τοῦ
2353 4335 2577 4406 ἐλέγχου
2629 4335 2728 4405 τῆς
2781 4332 3042 4403 ἀληθείας
3099 4335 3275 4406 λόγων
3332 4340 3790 4411 ἀνατραπήσεται

584 4659 697 4728 ('59)
745 4626 1231 4725 Μενανδριανῶν.
1285 4653 1992 4728 Ὸο-λΜεηειιιιΙιο-Τετιιιιη
2027 4654 2102 4710 De
2135 4659 2177 4713 D
2207 4671 2396 4728 norem
2429 4657 2742 4725 quamdam.
2775 4659 2929 4726 Quod
2962 4667 3016 4715 et
3045 4659 3248 4716 diserte
3271 4661 3542 4715 Tlieodor.
3573 4664 3790 4719 asserit.

513 4725 756 4799 μινύθει-η
785 4747 833 4782 c.
870 4729 937 4782 46
970 4747 982 4781 :
1015 4727 1145 4782 Post
1180 4729 1316 4799 hunc
1363 4725 1656 4781 Menander
1691 4726 1984 4799 discipulus
2030 4728 2098 4779 il-

513 4795 639 4859 lius.
666 4801 913 4853 similiter
936 4815 1140 4868 magus,
1167 4798 1350 4852 eadem
1385 4799 1563 4850 dicens
1587 4813 1716 4919 [quae
1739 4795 1920 4849 Simon
1951 4797 2096 4860 ipse;

513 4871 766 4919 uuidnuid
796 4887 850 4919 se
876 4869 1060 4919 Simon
1092 4868 1322 4919 dixerat.
1357 4868 1451 4919 hoc
1475 4884 1528 4919 se
1560 4866 1590 4919 ΙΙ
1621 4866 1853 4919 enander
1885 4884 1997 4919 esse
2020 4868 2096 4919 di-

511 4871 766 4940 quidquid
796 4887 850 4923 se
876 4866 1060 4924 Simon
1092 4868 1322 4932 dixerat,
1357 4868 1451 4920 hoc
1475 4884 1528 4921 se
1560 4866 1853 4940 Menander
1885 4884 1997 4920 esse
2020 4868 2098 4940 dif

512 4937 683 5001 eebal,
712 4958 903 5010 negans
929 4941 1120 5010 habere
1145 4955 1459 5010 quemquam
1493 4937 1908 5010 possesalnlem
1928 4978 1941 4999 ,
1992 4939 2097 5010 nisi

511 5013 568 5066 in
616 5006 823 5065 nomine
862 5027 958 5065 suo
992 5006 1536 5078 baptizatus-fuisset.
1571 5006 1707 5063 Vide
1739 5007 1965 5068 Euseb.,
1999 5009 2088 5062 lib.

512 5099 570 5137 ιιι
608 5082 773 5146 llist.,
814 5097 936 5152 cap.
972 5080 1082 5150 20;
1136 5079 1438 5144 Justinum,
1487 5079 1639 5148 Apol.
1700 5093 1778 5144 ιι;
1835 5079 2092 5149 August.,

510 5152 766 5211 Philast..
799 5162 907 5208 etc.

583 5224 694 5294 (40)
733 5226 830 5290 Ὃς
856 5222 974 5276 ἀπὸ
1006 5218 1382 5294 Σαμαρειτῶν
1418 5219 1775 5294 ἀρμώμενος.
1801 5216 2089 5294 Justinus;

511 5287 896 5364 -Ἀλπδκώμης
950 5287 1407 5364 ΚαῇπᾶτειιρεταῒαςΓ
1446 5287 1824 5346 Theodoretus
1879 5309 1891 5344 :
1962 5289 2094 5343 Ἀπὸ

513 5364 733 5434 Χαὸραῒ
764 5359 958 5434 κώμης
993 5363 1136 5434 οὕτω
1167 5359 1526 5434 καλουμένης.

582 5383 732 5486 rogat
764 5383 958 5434 κωμης
993 5383 1136 5416 ουτω
1167 5383 1526 5430 καΛουμενης.
1857 5429 1868 5440 _

582 5435 638 5505 (4
676 5435 694 5507 )
748 5435 1003 5489 Ἑαυτὸν
1050 5433 1120 5507 δέ
1149 5432 1340 5507 *ἔψεγε
1381 5430 1669 5507 (Serapim
1710 5431 1872 5507 Atqui
1929 5430 2092 5507 |_rcn.,

508 5500 608 5559 lib.
642 5500 685 5568 ι,
714 5521 836 5575 cap.
868 5507 960 5569 21,
995 5504 1186 5558 scribit
1230 5501 1585 5575 Menandrum
1619 5501 1825 5556 dixisse
1865 5500 2098 5575 primam

509 5577 769 5629 virtutem
785 5571 1126 5646 incrignitam
1165 5572 1420 5646 omnibus
1455 5587 1616 5646 esse:
1655 5588 1714 5626 se
1736 5586 1868 5646 vero
1899 5571 1966 5624 ad
1997 5571 2097 5624 ho-

507 5647 723 5698 minum
753 5642 982 5700 salutein
1016 5645 1084 5698 ab
1109 5644 1316 5714 angelis
1353 5657 1476 5697 esse
1501 5645 1750 5714 missum.
1785 5642 1968 5714 Quare
1987 5656 2097 5695 non

504 5715 761 5782 -μεγάλην
787 5717 933 5769 illam
982 5731 1046 5768 se
1073 5711 1204 5770 esse
1235 5713 1467 5783 δύναμιν
1502 5712 1809 5767 asset-uisse
1844 5711 2094 5783 videtur;

511 5781 570 5840 ut
606 5781 779 5854 ipsius
808 5786 1088 5857 magister,
1123 5793 1176 5840 ct
1209 5781 1816 5859 erroris_architectus;
1863 5781 1958 5839 sed
1991 5782 2095 5837 mi-

2216 4727 2439 4802 'Eau:_ov
2473 4728 2552 4789 δέ,
2597 4729 2794 4802 inquit,
2831 4730 2893 4802 οὐ
2932 4731 3032 4802 τὴν
3078 4731 3297 4802 πρώτην
3333 4732 3584 4802 ὠνόμασε
3629 4735 3792 4788 δύνα-

2206 4815 2296 4874 μιν
2317 4815 2329 4826 ·
2367 4797 2642 4874 ἄγνωστον
2673 4799 2788 4874 γὰρΔ
2827 4797 3264 4874 ἔφησέ-ταύτηνξ
3299 4801 3412 4856 ἀλλ’
3445 4797 3535 4854 ἐπ’
3578 4805 3794 4874 ἐκείνης

2203 4867 2539 4920 ἀπεστάλθαι
2567 4867 3148 4942 βρενθυόμενός.ριιοᾴ
3250 4872 3320 4925 ita
3346 4881 3450 4937 est,
3483 4874 3574 4942 qui
3601 4867 3791 4928 verum

2201 4946 2558 5012 essepotest,
2611 4939 2757 5006 quod
2811 4941 3036 5008 subjicit
3099 4940 3438 5010 Epiphanius
3481 4939 3790 5012 {majorem

2202 5024 2261 5064 se
2292 5007 2646 5083 Menandrum
2685 5007 3035 5083 antecessore
3079 5007 3292 5067 suo—ac
3335 5007 3668 5083 praeceptore
3706 5015 3792 5081 ja-

2201 5079 2416 5133 ctasse?
2448 5078 2560 5132 Nisi
2593 5077 2729 5133 forte
2755 5081 3041 5152 mendacii
3084 5083 3200 5152 hac,
3224 5083 3276 5136 in
3318 5077 3470 5152 parte
3509 5077 3787 5138 Simonem

2201 5163 2725 5223 arguens,_eumque
2751 5149 2808 5223 in
2842 5152 3088 5206 ordinem
3113 5149 3390 5222 redigetis,
3427 5155 3530 5208 sibi
3565 5155 3666 5223 ipsi
3698 5155 3786 5206 in-

2201 5217 2431 5293 feriores
2467 5219 2613 5272 illius
2639 5219 2919 5293 δυνάμεως
2961 5237 3158 5277 nomen
3190 5217 3261 5293 ac
3283 5217 3599 5293 dignitatem
3630 5238 3788 5277 arro-

2199 5291 2366 5358 gavit.
2395 5290 2566 5354 Quem
2601 5290 2668 5343 ad
2699 5290 2922 5344 sensum
2960 5292 3266 5347 revocanda
3299 5290 3427 5349 sunt
3461 5293 3785 5349 Tertulliani

2200 5361 2385 5431 verba,
2417 5367 2476 5412 ut
2517 5359 2644 5427 quia
2688 5359 2917 5431 δύναμιν
2969 5377 3028 5417 se
3079 5379 3201 5418 esse
3247 5364 3482 5429 dicebat,
3517 5367 3618 5418 etsi
3674 5379 3786 5418 non

2199 5430 2466 5502 eamdem,
2496 5443 2660 5502 quam
2706 5430 2914 5502 SimOn,
2948 5447 3059 5502 prae
3095 5449 3156 5489 se
3189 5433 3374 5502 ferret,
3408 5433 3551 5488 idem
3607 5433 3674 5488 de
3724 5450 3787 5490 se

2197 5499 2480 5568 professus
2513 5500 2680 5553 fuisse.
2717 5500 2953 5556 dicatur.

2271 5571 2392 5644 (42)
2414 5572 2522 5644 ΕἰςΔ
2554 5570 2631 5644 ui
2649 5569 2880 5624 ἑαυτῶν
2902 5572 3261 5644 μυστήριον.
3301 5573 3580 5628 Privatum
3610 5574 3785 5644 quod-

2199 5639 2323 5714 dant
2382 5641 2649 5714 baptismi
2689 5657 2861 5710 genus
2899 5640 3210 5714 Menander
3253 5644 3480 5710 habuit;
3527 5639 3643 5714 quo'
3688 5647 3782 5714 qui

2199 5711 2397 5785 initiati
2422 5719 2606 5785 essent
2638 5711 2975 5785 immortales
3000 5712 3116 5767 fore
3144 5715 3246 5785 hac
3277 5716 3331 5768 in
3357 5715 3466 5785 vita
3488 5711 3781 5785 persuase-

2197 5788 2303 5836 rat.
2335 5780 2584 5838 Justinus
2617 5780 2770 5852 Apol.
2812 5797 2871 5841 ιι.
2897 5783 3154 5854 lrenzeus,
3181 5783 3471 5842 Eusebius.
