4204 6370
424 359 528 414 ειη
1031 359 1399 416 Λονειιευε
1435 356 1783 415 ummsras
1821 355 1948 411 LIB.
1992 352 2034 408 ι.
2078 351 2242 413 Τοιι.
2286 356 2351 411 ιι.
2393 388 2462 399 -
2501 357 2774 414 ιιΑςιιΕε.
2810 359 2997 414 xxm.
3580 363 3686 422 eos

437 480 742 550 Ἀνετράπη
792 478 904 550 γὰρ
941 475 1123 544 οὗτος,
1160 482 1253 534 καὶ
1305 481 1491 552 ἔληξεν
1537 483 1569 552 ἡ
1605 479 1768 533 αὐτοῦ
1801 479 2008 548 αἵρεσις

2124 493 2175 531 3x
2223 486 2375 547 parte
2420 478 2643 534 hzercsis
2703 481 2989 535 exstincta.
3045 479 3410 548 Quamobrem
3460 487 3688 539 missam

423 574 502 635 ὡς
554 572 646 624 ἐπὶ
694 572 757 624 τὸ
789 572 1062 627 πλεῖστον.
1103 574 1521 644 Ὑπερόήσομαι
1571 572 1627 625 δὲ
1677 571 1844 642 αὐτὴν
1873 612 1888 635 ,
1924 573 2008 638 ἐφ’

425 662 618 733 ἑτέραν
664 663 829 716 πάλιν
882 665 1208 736 προκόπτων
1253 668 1320 735 τῇ
1372 665 1644 736 ὑφηγήσει
1695 663 2006 734 ἐλεύσομαι.

425 751 516 821 Τῷ
541 751 650 824 γὰρ
676 753 788 808 ὄντι
813 755 862 807 οἱ
879 755 1100 808 παλαιοὶ
1134 758 1405 825 ἱστοροῦσι
1443 754 1632 824 μῦθον,
1666 755 1742 817 ὼς
1776 755 1841 806 ὲκ
1880 754 2010 806 πολ-

425 841 532 895 λῶν
571 845 812 898 ἀσπίδων
853 848 1206 917 συνηγμένων
1251 849 1308 900 ὲν
1360 845 1520 914 ἄγγει
1569 846 1649 898 ἐνὶ
1681 846 2009 916 ὀστρακίνῳ,

425 936 520 989 καὶ
552 937 952 991 κατατεθεισῶν
1000 943 1057 993 έν
1110 942 1221 1002 τοῖς
1252 938 1520 1009 θεμελίοις
1574 938 1680 991 τῶν
1731 939 2012 1010 τεσσάρων

424 1028 639 1094 γωνιῶν
668 1029 901 1083 ἑκάστου
931 1031 1191 1101 τεμένους
1212 1032 1320 1084 τῶν
1353 1034 1410 1086 ὲν
1437 1031 1696 1101 Αἰγύπτῳ
1722 1032 2010 1102 οἰκοδομη-

423 1120 628 1174 Θέντων
653 1122 906 1184 εἰδώλων,
939 1125 1032 1177 καὶ
1066 1126 1221 1188 εἴτις
1247 1125 1448 1178 τούτων
1484 1127 1807 1198 ἰσχυροτέρα
1839 1127 2013 1199 ηὕρη-

423 1229 514 1264 ται
560 1213 709 1284 παρὰ
760 1214 860 1278 τὰς
896 1215 1080 1278 ἄλλοις,
1122 1215 1423 1269 ἐπελθοῦσα
1471 1215 1571 1280 τὰς
1615 1218 1808 1289 ἐτέρας
1845 1219 2010 1272 κατέ-

427 1322 585 1374 φαγε.
641 1308 891 1361 Μείνασα
948 1309 1004 1361 δὲ
1057 1309 1178 1362 καθ’
1240 1310 1478 1380 ἑαυτὴν,
1539 1311 1631 1363 καὶ
1668 1313 1875 1384 τροφῆς
1937 1314 2010 1382 μὴ

427 1398 760 1469 εύποροῦσα,
794 1403 1096 1470 στραφεῖσα
1118 1401 1254 1471 αὕτη
1287 1403 1379 1454 καὶ
1407 1403 1513 1455 ἀπὸ
1539 1405 1634 1474 τῆς
1667 1404 1868 1476 κέρκου
1899 1404 2010 1474 (45)

425 1490 626 1559 ἑαυτὴν
684 1489 886 1544 ἐσθίειν
933 1494 1215 1564 ἀρξαμένη
1245 1536 1258 1558 ,
1320 1495 1423 1558 ἕως
1466 1497 1668 1567 μέρους
1719 1497 1864 1560 τινὸς
1918 1498 2011 1550 τοῦ

428 1581 680 1652 σώματος
731 1585 1054 1654 κατέφαγε·
1087 1587 1195 1639 Καὶ
1233 1587 1404 1650 οὕτως
1443 1587 1656 1658 ἔμεινεν
1688 1589 1872 1643 οὐκέτι
1921 1607 2011 1642 τε-

424 1673 562 1740 λεία,
595 1675 709 1729 ἀλλ’
748 1677 918 1746 ἥμισυ
957 1679 1279 1749 ὑπάρχουσα
1308 1680 1563 1751 ἑρπετοῦ.
1599 1682 1692 1734 Διὸ
1720 1683 1813 1736 καὶ
1850 1684 2013 1736 ἀσπιο

421 1765 720 1839 δογοργόνα
767 1770 973 1843 ταύτην
1019 1773 1322 1837 ἐκάλεσαν,
1363 1773 1504 1827 ὥστε
1565 1778 1703 1829 νοεῖν
1759 1778 1905 1847 ἡμᾶς
1953 1777 2014 1830 τὸ

424 1860 656 1915 παλαιὸν
689 1863 789 1934 μὲν
819 1857 1145 1917 εἶναιτοῦτο
1173 1903 1186 1928 ,
1225 1865 1319 1918 νῦν
1344 1865 1400 1919 δὲ
1436 1867 1633 1937 μηκέτι
1671 1868 1830 1921 τοῦτο
1865 1870 2014 1940 εὑρι-

423 1954 723 2024 σκόμενον,
758 1956 875 2008 ἀλλ’
919 1957 1217 2026 ἠφανίσθαι
1243 1997 1257 2020 ,
1291 1958 1367 2021 ὡς
1417 1959 1510 2012 καὶ
1557 1958 1696 2029 αὕτη
1737 1961 2015 2024 παντελῶς

421 2043 857 2116 ἀπελαυνομένη.
891 2041 1017 2116 Εἶχε
1054 2047 1152 2116 μὲν
1187 2046 1296 2117 γὰρ
1321 2049 1451 2118 παρ’
1489 2048 1646 2119 ἡμῶν
1680 2049 1778 2120 τὴν
1805 2050 2013 2102 ἀντιλοι-

422 2136 568 2204 γίαν,
605 2138 743 2208 αὑτὴ
768 2138 824 2192 δὲ
851 2139 938 2193 διὰ
977 2139 1077 2209 τῆς
1108 2140 1392 2210 δυνάμεως
1425 2142 1663 2214 Χριστοῦ
1697 2143 2010 2212 ἠφάνισται.

424 2229 534 2280 Καὶ
582 2229 786 2299 ταύτην
834 2229 890 2282 δὲ
946 2231 1316 2303 ὑπερϐάντες,
1366 2235 1459 2286 ἐπὶ
1491 2235 1590 2298 τὰς
1645 2234 1773 2306 ἑξῆς
1822 2236 2012 2306 ἴωμεν,

421 2321 700 2394 ἀγαπητοί
707 2365 721 2378 .

744 2438 928 2492 ΚΑΤΑ
969 2441 1530 2496 ΣΛΤΟΡΝΙΛΙΑΝΩΝ
1565 2443 1698 2514 (tt),

427 2555 598 2622 ἳζπίτη
636 2556 869 2628 αῖρλεοζις
910 2556 1026 2628 ἀπὸ
1063 2556 1174 2625 τῆς
1212 2559 1318 2611 τοῦ
1349 2560 1606 2627 Χριστοῦ
1637 2544 2010 2628 παρουσίας,

671 2625 746 2694 τῇ
793 2626 861 2679 δὲ
907 2627 1238 2697 ἀκολουθίᾳ
1279 2625 1524 2699 εἰκοστὴ
1575 2625 1762 2699 τρίτὴ.

496 2741 572 2792 Α’.
605 2739 762 2792 Μετὰ
790 2740 978 2793 τοῦτον
1009 2741 1325 2811 Σατορνῖλός
1377 2762 1461 2808 τις
1501 2745 1701 2814 ἀνέστη
1727 2786 1741 2807 ,
1793 2747 1886 2799 καὶ
1917 2747 2014 2800 αύ-

419 2833 514 2895 te;
546 2832 755 2886 ἐκεῖθεν
788 2834 888 2897 τὰς
932 2834 1218 2906 ἀφορμὰς,
1259 2837 1367 2889 ἀπὸ
1395 2837 1709 2908 Μενάνδρου
1745 2840 1888 2908 φημὶ
1920 2839 2014 2892 καὶ

421 2923 533 2976 τῶν
565 2923 775 2997 πρώην,
795 2925 995 2979 λαϐών.
1020 2921 1189 2991 Οὗτος
1212 2927 1348 2998 πρὸς
1375 2928 1632 3000 τῇ-Συρεᾳ
1661 2932 2013 3001 κατοικήσας.

420 3016 669 3069 ’τουτέσιν
713 3018 1010 3090 Ἀντιοχείᾳ
1055 3023 1121 3091 τῇ
1182 3020 1319 3091 πρὸς
1363 3020 1618 3092 Δάφνην,
1656 3022 1859 3092 πολλήν
1896 3041 2017 3077 τινα

419 3110 619 3180 ’τέχνην
677 3111 770 3163 καὶ
820 3111 1114 3182 ἐμπειρίαν
1168 3112 1377 3182 πλάνης
1409 3112 1488 3184 τῷ
1525 3114 1714 3185 κόσμῳ
1790 3133 2018 3187 παρεισ-

423 3201 644 3272 ήνεγκε.
683 3202 786 3256 Δύο
803 3203 912 3276 γὰρ
949 3200 1093 3259 οὗτοι
1131 3205 1381 3274 ἐγένοντο
1420 3205 1814 3277 συσχολασταὶ,
1851 3209 2013 3262 Βασι-

424 3293 605 3364 λείδης
655 3313 714 3348 τε
769 3297 863 3348 καὶ
899 3297 1239 3367 Σατορνῖλος.
1285 3298 1396 3353 Καὶ
1447 3300 1476 3352 ὁ
1522 3298 1621 3370 μὲν
1676 3299 2015 3371 Βασιλείδης,

426 3386 565 3458 πρὸς
592 3390 657 3458 τῇ
703 3388 965 3458 Αἰγύπτῳ
986 3391 1274 3462 χωρήσας,
1320 3393 1497 3444 ἐκεῖσε
1541 3389 1611 3444 τὰ
1639 3391 1891 3445 σκοτεινὰ
1923 3394 2017 3445 αὑ-

426 3479 521 3531 τοῦ
550 3481 643 3532 τοῦ
678 3480 875 3550 βάθους
907 3485 1005 3553 τῆς
1038 3483 1245 3555 πλάνης
1271 3484 1539 3555 ἐκήρυξεν
1559 3502 1572 3514 ’
1612 3485 1641 3537 ό
1675 3485 1730 3537 δὲ
1765 3487 2020 3557 Σατορνῖ-

426 3572 548 3637 λος,
585 3575 642 3626 ὲν
691 3574 770 3644 τῷ
822 3577 1208 3648 προειρημένῳ
1245 3577 1397 3648 τόπῳ
1446 3578 1776 3652 διατρίϐων,
1821 3581 2018 3650 ὁμοίως

428 3667 506 3738 τῷ
553 3669 848 3740 Μενάνδρῳ
900 3669 992 3722 τὸν
1025 3670 1230 3741 κόσμον
1275 3671 1366 3724 ὑπ’
1413 3671 1660 3740 ἀγγέλων
1690 3673 2019 3744 γεγενῆσθαι

428 3760 821 3830 κατήγγελλεν.
860 3761 997 3815 Ἕνα
1027 3763 1085 3816 δὲ
1129 3758 1270 3816 εἶναι
1311 3764 1533 3836 Πατέρα
1565 3765 1841 3833 ἄγνωστον
1867 3805 1882 3830 ,
1928 3766 2020 3819 τὸν

430 3852 594 3916 αὐτόν
618 3870 677 3906 τε
703 3855 1064 3924 πεποιηκέναι
1092 3855 1353 3927 δυνάμεις
1387 3859 1483 3910 καὶ
1515 3857 1691 3929 ἀρχὰς
1728 3858 1823 3912 καὶ
1869 3857 2020 3924 ἐξου-

433 3944 573 4006 σίας.
607 3944 745 4008 Τοὺς
766 3945 822 3998 δὲ
853 3947 1119 4014 ἀγγέλους
1144 3948 1418 4002 διεστάναι
1443 3949 1543 4020 τῆς
1565 3949 1677 4003 ἄνω
1700 3949 1981 4020 δυνάμεως
2001 3967 2015 3980 ο

430 4037 572 4090 ἑπτὰ
604 4037 659 4090 δέ
699 4056 851 4102 τινας
887 4040 978 4093 τὸν
1027 4040 1231 4113 κόσμον
1277 4043 1674 4112 πεποιηκέναι,
1729 4047 1823 4097 καὶ
1863 4044 1931 4098 τὰ
1964 4047 2020 4097 ἐν

431 4130 583 4201 αὐτῷ
603 4148 616 4160 ·
649 4129 740 4183 τὸν
773 4132 978 4204 κόσμον
1022 4132 1079 4185 δὲ
1119 4133 1262 4186 κατὰ
1291 4136 1565 4205 μεριτείαν
1609 4135 1824 4207 ἑκάστῳ
1852 4136 2021 4204 ἀγγέ-

433 4221 509 4292 λ·;›
537 4225 939 4294 κεκληρῶσθαι.
979 4227 1142 4297 Ὁμοῦ
1184 4228 1241 4280 δὲ
1273 4229 1625 4293 συνελθόντας
1658 4231 1783 4293 τοὺς
1826 4231 2022 4290 αὐτοὺς

435 4317 697 4384 ἀγγέλους
727 4319 1151 4391 ἐντεθυμῆσθαι,
1189 4320 1281 4374 καὶ
1305 4322 1459 4392 κοινῆ
1488 4323 1579 4375 τὸν
1611 4321 1898 4394 ἄνθρωπον
1926 4339 2022 4374 πε·

439 4410 724 4478 ποιηκέναι
749 4451 763 4472 ,
804 4413 946 4466 κατὰ
991 4412 1089 4483 τὴν
1131 4413 1343 4484 μορφὴν
1391 4413 1491 4482 τῆς
1537 4413 1740 4466 ἄνωθεν
1769 4430 2022 4484 παραχυ-

2114 568 2260 620 illam
2295 568 2580 634 faciemus,
2622 579 2674 624 et
2719 571 2784 624 ad
2839 573 3000 625 aliam
3049 587 3216 642 porro
3259 573 3686 643 disputationem

2113 669 2360 716 nostram
2395 663 2862 731 promovebimus.
2898 662 3176 733 Siquidem
3210 665 3326 720 haec
3353 682 3384 719 a
3409 668 3689 723 veteribus

2112 751 2343 805 historia
2370 754 2584 823 prodita
2609 763 2723 808 est:
2756 754 2892 808 Cum
2936 755 3122 824 plures
3151 756 3443 825 aliquando
3471 757 3690 827 aspides

2114 845 2166 898 in
2196 862 2364 899 unum
2398 845 2562 901 fictile
2591 863 2687 901 vas
2712 848 2992 916 conjectze,
3028 856 3081 903 et
3113 849 3165 902 in
3195 849 3563 907 fundamentis
3591 868 3690 907 an—

2112 939 2361 1008 gulorum
2392 946 2628 1008 quatuor
2657 940 3208 1010 cujusqueidolorum
3230 943 3415 1011 templi
3447 943 3499 996 in
3523 943 3684 1015 Aigy-

2115 1039 2209 1100 pto
2243 1030 2507 1100 deposita:
2539 1040 2747 1100 essent,
2796 1048 2863 1086 ex
2914 1032 2983 1086 iis
3023 1034 3306 1102 aspidibus
3339 1023 3461 1103 quae
3499 1035 3691 1089 fortior

2113 1129 2252 1181 erat.
2285 1123 2337 1175 in
2363 1123 2498 1178 alias
2522 1123 2807 1182 invasisse.
2833 1139 3037 1194 easque
3067 1125 3380 1180 devorasse.
3411 1126 3539 1192 ραν
3565 1142 3690 1182 cum

2115 1211 2231 1265 sola
2265 1213 2641 1274 remansisset,
2670 1225 2721 1266 et
2748 1230 2858 1283 quo
2896 1230 2954 1269 se
2993 1215 3160 1269 aleret
3191 1215 3416 1270 haberet
3447 1217 3603 1276 nihil.
3637 1219 3694 1274 in

2114 1307 2352 1375 seipsam
2402 1317 2651 1371 retorta,
2703 1320 2758 1364 ct
2805 1325 2834 1363 a
2891 1311 3067 1364 cauda
3115 1312 3378 1380 paulatim
3424 1314 3693 1369 arrodens

2113 1406 2270 1467 parte
2301 1415 2360 1452 se
2384 1399 2570 1469 aliqua
2594 1409 2754 1456 tenus
2786 1404 3034 1471 corporis
3063 1402 3290 1472 (lepasta
3319 1412 3437 1459 est:
3471 1405 3605 1459 adeo
3635 1395 3695 1460 ut

2117 1507 2227 1543 non
2255 1493 2491 1561 amplius
2514 1493 2748 1562 integra,
2773 1493 2868 1549 sed
2894 1477 3122 1548 dimidia
3151 1494 3238 1549 sui
3266 1504 3421 1566 parte
3445 1498 3692 1552 mutilata

2115 1583 2504 1650 permanserit.
2539 1583 2751 1638 Idcirco
2791 1583 3282 1656 aspidogorgonem
3319 1585 3469 1640 illam
3509 1589 3696 1658 appel-

2116 1673 2333 1741 larunt;
2387 1685 2448 1729 ut
2493 1691 2618 1730 eum
2667 1691 2791 1730 eam
2850 1677 3140 1742 videmus,
3192 1677 3366 1734 fuisse
3415 1680 3694 1748 quondam

2116 1767 2266 1821 istud
2309 1767 2488 1838 ipsum
2530 1768 2930 1840 intelligamus,
2963 1784 3114 1824 nunc
3158 1785 3293 1825 vero
3330 1771 3557 1827 minime
3601 1788 3696 1828 su-

2119 1874 2362 1928 peresse,
2402 1874 2466 1914 ac
2506 1862 2725 1930 penitus
2757 1876 2882 1916 esse
2918 1861 3219 1916 sublatum.
3260 1862 3416 1928 Quod
3463 1865 3530 1919 ad
3572 1881 3691 1921 eam

2117 1964 2307 2006 contra
2345 1968 2510 2021 quam
2563 1954 2776 2022 agimus
2819 1953 3054 2008 haeresin
3101 1955 3382 2011 convenit.
3423 1956 3524 2012 Cui
3564 1973 3692 2015 cum

2117 2043 2550 2112 disputationem
2592 2052 2839 2098 nostram
2884 2047 3333 2116 opposuerimus,
3366 2048 3572 2106 Christi
3607 2058 3693 2106 ta-

2119 2147 2243 2186 men
2271 2141 2357 2186 est
2390 2135 2593 2189 virtute
2627 2134 2936 2205 proﬂigata.
2969 2135 3150 2202 Quare
3189 2139 3260 2193 ab
3292 2141 3383 2194 illa
3412 2158 3534 2210 nos,
3561 2143 3698 2198 cha-
3787 2210 3791 2215 η

2118 2222 2348 2289 rissimi,
2382 2225 2450 2278 ad
2476 2225 2830 2280 refellendam
2867 2228 3029 2281 aliam
3073 2241 3481 2288 convertamus.

2390 2423 2498 2493 62
2529 2421 2808 2476 CONTRA
2848 2421 3424 2491 SATURNILIANOS,

2191 2537 2322 2603 Qua:
2386 2547 2462 2589 est
2521 2536 2736 2590 heresis
2775 2535 2867 2607 _ab
2909 2535 3159 2607 priuatim
3228 2535 3431 2592 Christi
3500 2539 3625 2607 ΙΙΙ,

2686 2605 2872 2660 ordine
2898 2605 3127 2661 XXIII.

2189 2722 2230 2778 Ι.
2273 2721 2407 2777 Post
2457 2721 2602 2775 hunc
2646 2718 2960 2782 Saturnilus
3012 2721 3201 2776 nescio
3253 2724 3378 2792 quis
3426 2725 3703 2783 excitatus

2119 2825 2224 2881 est,
2257 2813 2351 2885 qui
2383 2813 2591 2867 erroris
2627 2812 2779 2865 illinc
2807 2822 3153 2882 argumenta,
3180 2813 3284 2868 hoc
3308 2826 3392 2870 est
3417 2831 3446 2869 τι
3475 2815 3704 2871 Menan-

2119 2910 2242 2972 dro,
2281 2922 2344 2961 ac
2373 2905 2653 2976 prioribus
2685 2905 2796 2958 illis
2828 2905 3057 2975 accepit.
3087 2905 3265 2959 Hicin
3295 2904 3452 2978 Syria
3476 2907 3701 2979 degens,

2121 3001 2428 3057 Antiochiae
2464 3001 2676 3056 scilicet
2712 2999 2777 3053 ad
2810 2998 3095 3068 Daphnen,
3125 2987 3398 3070 ingentem
3431 3000 3707 3054 callidita-

2121 3103 2233 3149 tem
2271 3108 2334 3146 ac
2369 3091 2592 3145 fallendi
2625 3090 2878 3160 peritiam
2916 3091 2970 3144 in
3002 3091 3188 3144 orbem
3226 3090 3454 3146 invexit.
3488 3083 3704 3148 Etenim

2126 3190 2236 3244 duo
2268 3187 2348 3243 illi
2382 3185 2749 3254 condiscipuli
2786 3182 2958 3248 fuere,
2988 3182 3254 3239 Basilides
3276 3198 3339 3238 ac
3368 3183 3704 3240 Saturnilus.

2125 3284 2371 3350 Quorum
2406 3281 2498 3334 ille
2533 3279 2589 3332 in
2617 3276 2911 3348 Egyptum
2946 3274 3228 3346 profectus
3263 3276 3374 3330 illic
3409 3277 3708 3334 altissimas

2126 3381 2332 3435 erroris
2377 3377 2464 3433 sui
2504 3375 2763 3430 tenebras
2793 3373 3020 3443 vulgare
3065 3371 3349 3437 instituit;
3397 3370 3709 3427 Saturnilus

2124 3490 2190 3529 eo
2218 3487 2380 3543 quem
2407 3469 2522 3525 dixi
2556 3469 2610 3522 in
2635 3469 2757 3522 loco
2787 3466 3047 3521 habitans
3069 3465 3297 3536 perinde
3325 3479 3391 3518 ac
3414 3464 3711 3521 Menander

2127 3564 2392 3621 mundum
2427 3562 2497 3616 ab
2532 3560 2743 3632 angelis
2777 3557 2983 3613 factum
3022 3571 3146 3612 esse
3175 3555 3525 3626 praedicabat.
3563 3555 3711 3612 Prw-

2125 3667 2274 3712 terea
2313 3669 2486 3708 unum
2532 3667 2658 3707 esse
2706 3648 2924 3703 Patrem
2979 3648 3252 3718 ignotum,
3299 3647 3394 3716 qui
3448 3646 3706 3711 virtutes,

2125 3749 2497 3822 principatus.
2525 3753 2581 3800 et
2616 3751 2916 3815 potestates
2955 3741 3246 3797 creaverit.
3281 3739 3456 3796 Porro
3485 3744 3710 3812 angelos

2126 3856 2157 3894 a
2195 3838 2472 3910 superiori
2503 3837 2709 3890 virtute
2755 3832 3061 3895 descivisse
3108 3847 3216 3886 :ex
3248 3832 3451 3902 quibus
3501 3840 3708 3902 septem

2128 3933 2417 3998 mundum,
2447 3939 2502 3988 et
2531 3945 2653 4001 quae
2686 3928 2890 3983 mundo
2926 3937 3056 3983 sunt
3086 3926 3483 3997 comprehensa
3523 3927 3714 3980 condi-

2124 4028 2331 4092 derint,
2385 4027 2616 4096 ejusque
2668 4023 2858 4077 mundi
2914 4037 3070 4076 suam
3130 4035 3402 4090 quemque
3459 4021 3708 4090 angeluw

2126 4129 2336 4192 partem
2367 4119 2642 4175 divisione
2671 4117 2948 4171 sortitum.
2978 4113 3210 4168 Eosdem
3241 4119 3420 4166 tamen
3453 4112 3508 4168 in
3541 4128 3710 4166 unum

2127 4215 2522 4270 convenientes
2576 4213 2793 4274 aiebat,
2829 4224 2953 4264 cum
2990 4209 3047 4262 in
3096 4222 3289 4262 eorum
3320 4207 3532 4262 animos
3571 4209 3712 4262 Inci-

2127 4309 2322 4371 disset,
2361 4305 2731 4360 communiter
2765 4301 3042 4354 hominem
3095 4297 3161 4352 ad
3217 4298 3365 4353 illius
3416 4298 3708 4368 imaginem

2128 4400 2402 4456 efﬁnxisse
2431 4398 2582 4451 vocis
2617 4410 2739 4466 quae
2767 4393 2952 4448 furtim
2977 4408 3008 4448 e
3036 4392 3177 4447 coalo
3209 4389 3504 4462 prodierat.
3537 4391 3711 4457 Quam

435 4499 615 4574 ψάσης
634 4505 817 4573 φωνῆς
838 4507 851 4534 ¹
879 4505 1011 4576 (45).
1051 4507 1152 4559 Ἥν
1275 4505 1593 4576 δυνηθέντες
1617 4483 2017 4576 παρακύψασαν

2130 4494 2309 4548 obiter
2342 4497 2717 4561 conspectam,
2769 4494 2825 4541 et
2864 4483 3099 4541 subinde
3160 4491 3533 4538 recurrentem
3589 4495 3713 4537 cum

439 4599 753 4666 κατασχεῖν,
799 4597 894 4650 καὶ
921 4597 1008 4649 διὰ
1033 4598 1093 4650 τὸ
1129 4597 1471 4669 παραχρῆμα
1525 4597 1858 4669 ἀναδραμεῖν
1881 4637 1896 4660 ,
1941 4615 2031 4668 μιο

443 4688 716 4760 μήσασθαι
745 4689 1035 4760 ἠθέλησαν.
1069 4691 1178 4743 Καὶ
1210 4688 1517 4743 πεπλάσθαι
1560 4689 1660 4761 μὲν
1703 4690 1793 4743 τὸν
1821 4691 2031 4761 ἄνθρω-

439 4798 539 4834 πον
576 4781 666 4834 ὑπ’
719 4781 896 4835 αὐτῶν
935 4781 1150 4847 ούδενὺς
1202 4782 1364 4837 ἕνεκα
1418 4783 1598 4853 ἀλλ’ἢ
1655 4782 1744 4836 διὰ
1770 4781 2028 4852 τοιαύτην

441 4872 732 4945 πρόφασιν.
773 4872 992 4944 Ἐπειδὴ
1022 4873 1130 4945 γὰρ
1151 4915 1164 4934 ,
1203 4875 1396 4946 φησὶν,
1435 4873 1640 4928 ἄνωθεν
1669 4872 1726 4926 τὸ
1753 4873 1884 4926 αὐτὸ
1913 4871 2028 4942 φῶς

441 4964 775 5036 παρακύψαν
803 5005 818 5028 ,
875 4966 1164 5037 ἐρεθισμόν
1201 4983 1321 5018 τινα
1360 4965 1643 5036 ἐνεποίησε
1680 4967 1792 5028 τοῖς
1840 4965 2025 5026 αὐτοῖς

440 5057 696 5125 ἀγγέλοις
719 5099 733 5120 ,
765 5057 988 5121 τούτους
1033 5059 1168 5128 πρὸς
1212 5058 1374 5111 πόθον
1403 5057 1496 5110 τοῦ
1528 5057 1640 5110 ἅνω
1683 5056 2026 5128 ὁμωώματος

443 5152 790 5223 ἐπιχειρῆσαι
845 5152 940 5206 τού
1005 5152 1292 5225 ἀνθρώπου
1356 5153 1416 5206 τὸ
1487 5153 1712 5222 πλάσμα
1778 5152 2023 5221 ποιῆσαι.

452 5240 674 5313 Ἐπειδὴ
728 5243 836 5314 γὰρ
862 5243 1182 5316 ἠράσθησαν
1228 5243 1320 5297 τοῦ
1369 5244 1480 5296 ἅνω
1533 5243 1708 5313 φωτὸς
1756 5242 1904 5313 πόοῳ
1951 5239 2028 5310 τῷ

525 5411 544 5442 ί
571 5407 638 5463 F.
682 5409 972 5480 καλλονῆς.

546 5569 633 5641 45)
662 5569 1002 5638 Στραςρεῖσα
1032 5566 1205 5633 αὕτη,
1237 5564 1339 5641 καξ
1367 5559 1902 5641 ἀπρ-τῆς-ξιιέρκου.
1925 5554 2029 5641 Δ8ιο

449 5631 984 5711 αριιιι’5β;ἷιιῐίξιηιιιιι
1036 5641 1089 5711 in
1142 5631 1420 5711 Antonino
1443 5633 1601 5711 _Pi_o:
1651 5631 1803 5711 Visus
1859 5637 1934 5682 est
1974 5631 2026 5711 in

449 5696 648 5766 Atrabia
670 5696 893 5781 inbutus
927 5709 1116 5778 anguis
1159 5709 1334 5776 major
1373 5705 1568 5771 solitis,
1599 5703 1688 5772 qui
1717 5717 1770 5754 se
1794 5717 1825 5753 a
1855 5696 2030 5754 cauda

450 5780 680 5837 medium
712 5780 970 5853 comedit.
1095 5849 1118 5853 _
1257 5847 1268 5853 Α
1595 5844 1606 5853 .
1771 5842 1781 5853 .
1880 5839 1891 5851 .
1930 5839 1961 5853 ,.

523 5854 636 5926 (44)
687 5849 1184 5918 Σατορνιλιανῶν.
1241 5847 1533 5902 Auctorem
1595 5844 1816 5898 haeresis
1880 5844 2035 5896 istius

737 5975 1014 6038 ΡΑτιιοι..
1047 5975 1164 6037 Gn.
1215 5974 1264 6034 X
1280 5972 1376 6032 LI.

2135 4584 2381 4641 detinere
2414 4581 2639 4636 minime
2673 4577 3005 4649 potuissent,
3048 4573 3253 4628 imitari
3291 4572 3535 4628 voluisse
3558 4589 3584 4636 ;-
3615 4587 3715 4625 nec

2135 4678 2299 4732 aliam
2329 4672 2633 4730 fabricandi
2663 4670 2899 4726 hominis
2923 4667 3268 4722 occasionem
3288 4665 3411 4720 illos
3436 4663 3714 4718 habuisse.

2136 4770 2273 4824 Cum
2306 4769 2452 4822 enim
2485 4779 2724 4836 superne
2762 4763 2950 4816 lumen
2990 4758 3124 4814 illud
3160 4756 3496 4822 emicuisset,
3534 4769 3599 4809 ea
3628 4768 3719 4808 res

2134 4862 2359 4932 angelos
2394 4860 2545 4929 ipsOs
2587 4856 2878 4922 excitavit;
2927 4853 3021 4923 qui
3065 4849 3306 4906 cmlestis
3343 4844 3718 4903 similitudinis

2136 4951 2508 5024 exprimenda:
2541 4947 2840 5009 desiderio,
2875 4942 3116 4999 hominis
3175 4939 3490 5011 figmentum
3535 4934 3721 4989 elaboa

2137 5063 2263 5102 rare
2302 5043 2487 5100 conati
2526 5049 2675 5098 sunt.
2709 5038 3078 5107 Posteaquam
3112 5034 3257 5088 enim
3285 5027 3528 5084 cmlestis
3558 5025 3722 5079 lumi-

2137 5145 2221 5204 nis
2246 5154 2434 5194 amore
2462 5135 2607 5206 capti
2637 5139 2788 5195 sunt,
2821 5129 2966 5200 quod
2990 5126 3210 5198 quidem
3245 5123 3338 5178 ubi
3369 5117 3624 5191 apparuit
3651 5131 3717 5171 ex

2138 5238 2360 5291 illorum
2391 5235 2617 5300 repente
2655 5223 2831 5280 oculis
2868 5224 3186 5281 evanuerat,
3233 5215 3273 5269 ii
3319 5225 3532 5269 summa
3569 5207 3720 5262 illius

2131 5548 2483 5606 Saturninum
2515 5542 2749 5595 lrenaeus
2779 5535 3036 5606 appellat,
3071 5538 3130 5584 ut
3157 5535 3228 5606 _e_t
3265 5523 3622 5606 Philagrius“
3639 5528 3722 5574 at-

2983 5591 3374 5690 verouDi'ologo
3423 5611 3539 5648 cum
3582 5591 3720 5649 Tru-

2131 5672 2316 5762 iihiing-
2355 5672 2410 5762 ξε
2463 5672 2862 5762 Themista“.
2898 5672 3258 5762 S‘,‘£“'".‘£‘f1"-
3499 5713 3742 5762 ,Μελ

2352 5736 2810 5828 Har;than
2837 5736 3077 5822 sam/'17ch
3097 5736 3460 5828 Irre’n.’,rlu‘cida
3499 5736 3727 5803 imagine

2136 5810 2462 5902 opperiente?
2491 5810 2650 5897 quasi
2674 5810 2818 5877 esset
2838 5810 3118 5886 ’φωτεινῆς
3147 5810 3376 5870 εἰκόνος.

3293 5928 3370 5992 10
