4204 6370
529 365 634 422 Ξθθ

1960 363 2016 417 S.
2044 358 2403 415 ‘EPIPHANII

3700 361 3811 423 509

528 480 829 555 cupiditate
855 495 921 535 ac
954 479 1231 551 voluptate
1256 478 1497 550 perfusi,
1530 494 1653 534 cum
1678 480 1823 534 illius
1846 478 2099 549 jucundi-

2217 478 2350 550 πρὸς
2380 479 2513 531 αὐτὸ
2536 516 2551 541 ,
2593 479 2686 530 καὶ
2726 478 2887 550 ἡδονῇ
2928 474 3351 550 κατασχεθέντες
3372 519 3385 543 ,
3418 482 3677 551 φανέντος
3715 485 3812 539 καὶ

528 587 639 633 tate
674 576 865 633 satiari
901 574 1125 628 minime
1166 581 1412 644 possent,
1457 589 1522 628 eo
1554 573 1698 643 quod
1734 581 1960 643 repente
1991 588 2116 625 sur-

529 683 652 723 sum
686 667 978 730 evolasset,
1026 674 1141 719 tum
1190 665 1408 719 demum
1442 665 1709 736 impostor
1757 665 1848 719 ille
1876 664 2024 719 velut
2060 665 2113 717 in

529 774 697 813 scena
728 759 803 812 ita
833 758 1063 813 invicem
1083 758 1299 813 locutos
1321 759 1544 829 angelos
1571 757 1888 812 introducit:
1918 756 2117 811 Facia-

529 864 644 903 mus
694 848 956 901 hominem
978 846 1067 901 -ad
1096 848 1376 919 imaginem
1422 831 1471 903 ei
1504 850 1908 903 similitudinem
1940 849 1981 904 ‘.
2012 848 2115 904 Ubi

529 939 856 1009 particulam
889 949 1150 1005 nostram,
1178 955 1340 1010 quam
1368 940 1422 994 in
1457 938 1655 995 Genesi
1692 940 1835 996 Deus
1859 949 2113 1011 usurpat,

530 1032 657 1087 ideo
709 1031 1043 1097 decurtavit,
1105 1040 1165 1085 ut
1213 1034 1387 1087 errori
1436 1047 1537 1087 suo
1567 1033 1747 1102 ,ﬁdem
1805 1041 2114 1101 astrueret;

531 1127 693 1195 quasi
731 1126 820 1178 alii
855 1126 966 1180 sint
1005 1125 1189 1195 operis
1225 1124 1487 1190 artiﬁces,
1524 1125 1816 1196 imaginem
1850 1142 1977 1182 vero
2007 1126 2114 1198 63

530 1218 705 1288 ipsam
722 1216 788 1271 ad
807 1217 975 1271 alium
993 1217 1184 1271 referri
1201 1217 1534 1287 signiﬁcent,
1551 1233 1676 1272 cum
1697 1220 1768 1272 ita
1785 1219 2112 1289 loquuntur:

531 1306 825 1362 Faciamus
858 1308 1122 1363 hominem
1163 1308 1231 1362 ad
1290 1309 1573 1379 imaginem
1601 1319 1652 1363 et
1691 1310 2112 1365 similitudinem.

529 1398 806 1453 Caeterum
856 1397 1003 1452 edito
1044 1399 1099 1451 in
1142 1398 1316 1453 lucem
1358 1398 1600 1463 homine,
1636 1399 1857 1469 angelos
1892 1400 1968 1454 ait
2007 1416 2116 1471 pra:

532 1491 905 1545 imbecillitate
940 1506 1039 1545 sua
1081 1491 1345 1561 perﬁcere
1374 1508 1513 1562 opus
1545 1509 1706 1548 suum
1747 1494 1969 1547 minime
1995 1494 2113 1563 qui-

530 1584 710 1651 visse;
744 1584 974 1654 proinde
1020 1584 1075 1638 in
1123 1587 1240 1639 solo
1276 1586 1571 1653 jacentem,
1610 1602 1674 1639 ac
1718 1587 2115 1643 subsultantein

531 1675 799 1746 reptantis
826 1674 1000 1731 instar
1029 1677 1337 1741 vermiculi,
1374 1693 1551 1747 neque
1578 1677 1791 1748 erigere
1826 1693 1906 1744 se,
1941 1694 2119 1750 neque

532 1767 683 1822 aliud
720 1767 1022 1838 quidquam
1070 1782 1231 1838 agere
1277 1771 1541 1839 potuisse,
1582 1770 1756 1825 donec
1804 1771 1981 1827 virtus
2026 1772 2113 1824 illi

2218 570 2627 639 ἀφαντωθέντος
2657 571 2750 623 ἀπ’
2787 572 2990 637 αὐτῶν,
3023 572 3353 643 ἐρασθέντας
3387 590 3446 625 τε
3482 574 3650 628 αὑτοῦ
3670 616 3685 639 ,
3716 579 3811 632 καὶ

2221 664 2296 735 μὴ
2344 663 2669 735 δυνηθέντας
2706 663 3087 734 ἐμπλησθῆναι
3126 666 3226 733 τῆς
3267 663 3433 717 αὑτοῦ
3472 667 3807 738 ὲρασμιότη-

2216 771 2308 817 τος
2328 795 2342 819 ,
2367 754 2458 806 διὰ
2484 753 2545 806 τὸ
2570 753 2675 806 ὑπὸ
2704 752 2857 823 θῆξιν
2888 753 3199 823 ἀναπτῆναι
3237 754 3348 825 (4⁷6)
3381 754 3442 808 τὸ
3472 756 3636 810 αὑτοῦ
3668 757 3803 826 φῶς,

2216 844 2407 898 τούτου
2456 844 2614 916 χάριν
2645 844 2922 915 εἰρηκέναι
2961 846 3095 915 φησι
3134 848 3260 909 τοὺς
3302 848 3565 915 ἀγγέλους
3598 849 3809 919 δραμα-

2217 938 2465 1011 τουργῶν
2501 939 2529 989 ὁ
2559 938 2721 999 αὐτὸς
2753 938 2883 1007 γόης
2905 955 2917 967 ”
2955 938 3307 1008 Ποιήσωμεν
3333 940 3650 1008 ἄνθρωπον
3694 940 3807 1013 (47)

2218 1027 2345 1081 κατ’
2400 1028 2607 1080 εἰκόνα
2668 1026 2764 1079 καὶ
2813 1026 2940 1079 καθ’
2996 1028 3285 1095 ὁμοίωσιν
3310 1046 3323 1060 ·
3366 1030 3696 1101 παρακύψας
3745 1032 3810 1085 τὸ

2219 1118 2506 1190 εἰρημένον
2535 1121 2590 1171 ὲν
2618 1120 2685 1188 τῇ
2718 1118 2932 1171 Γενὲσει
2963 1118 3068 1171 ὑπὸ
3104 1118 3388 1203 τοῆΘεοῢ,
3415 1122 3477 1174 τὸ
3506 1124 3634 1178 καθ’
3660 1124 3807 1193 ἠμε-

2218 1210 2414 1277 τέραν·
2442 1209 2608 1273 ὲάσας
2631 1210 2691 1262 τὸ
2720 1208 3031 1278 ἡμετέραν,
3070 1212 3155 1263 ἴνα
3189 1212 3253 1283 δὴ
3294 1212 3393 1286 ἔχῃ
3430 1217 3463 1286 ὴ
3509 1216 3682 1288 πλάνη
3711 1217 3811 1270 αὑ-

2218 1302 2312 1356 τοῦ
2352 1302 2449 1374 τὴν
2477 1302 2830 1375 πιθανότητα,
2858 1303 2933 1365 ὼς
2956 1304 3114 1373 δῆθεν
3143 1305 3317 1359 ἄλλων
3355 1308 3453 1377 μὲν
3486 1309 3805 1376 ποιούντων,

2219 1396 2403 1449 είκόνα
2433 1395 2490 1447 δὲ
2527 1396 2715 1464 ἑτέρου
2749 1396 2927 1463 λέγειν
2966 1399 3022 1448 ἐν
3055 1396 3132 1466 τῷ
3156 1415 3168 1426 ·
3200 1396 3554 1468 Ποιήσωμεν
3585 1399 3809 1469 ἄνθρω-

2220 1504 2337 1540 πον
2376 1488 2503 1540 κατ’
2540 1489 2743 1540 εἰκόνα
2767 1489 2865 1540 καὶ
2900 1492 3027 1541 καθ’
3063 1490 3367 1557 ὁμοίωσιν.
3401 1492 3698 1562 Γενομένου
3727 1494 3806 1561 δὲ,

2220 1581 2389 1651 φησὶ,
2431 1580 2526 1634 τοῦ
2565 1580 2856 1652 ἀνθρώπου
2884 1623 2898 1643 ,
2951 1583 3039 1637 διὰ
3089 1583 3151 1635 τὸ
3217 1584 3395 1638 αὐτῶν
3433 1587 3662 1656 ἀδρανὲς
3731 1588 3808 1661 μὴ

2218 1673 2481 1727 δύνασθαι
2508 1674 2669 1726 αὑτὸν
2694 1674 3091 1745 τελεσφορῆσαι
3114 1716 3127 1739 ,
3160 1677 3373 1730 κεῖσθαι
3406 1678 3461 1730 δὲ
3494 1680 3586 1732 καὶ
3617 1682 3809 1752 σκαρί-

2222 1765 2333 1828 ζειν
2380 1765 2555 1834 χαμαὶ
2589 1764 2840 1835 κείμενον
2878 1764 3032 1833 δίκην
3078 1764 3359 1836 σκώληκος
3398 1767 3659 1838 ἓρποντος
3682 1788 3694 1800 ’
3733 1770 3808 1841 μὴ

530 1860 775 1917 cmlestis
801 1862 905 1916 hoc
936 1862 1299 1932 prospiciens,
1332 1871 1495 1932 atque
1527 1862 1601 1918 ob
1631 1862 1925 1933 imaginem
1958 1879 2112 1918 suam

2220 1832 2479 1908 δύνασθαι
2507 1855 2563 1909 δὲ
2593 1832 2730 1926 μήτε
2754 1832 3144 1927 ἀνορθοῦσθαι,
3173 1832 3310 1929 μήτε
3345 1877 3395 1911 τι
3424 1832 3510 1913 ’έτε
3522 1879 3611 1932 ρον
3635 1832 3808 1932 πράτ-ἰ

530 1960 693 2022 atque
721 1952 955 2024 eﬁigiem
998 1952 1240 2008 hominis
1282 1953 1529 2019 miserta,
1560 1954 1643 2009 vis
1673 1968 1787 2008 suae
1821 1953 2115 2008 scintillam

530 2039 797 2108 immisit;
832 2059 942 2114 qua
987 2050 1042 2098 et
1087 2042 1239 2097 illum
1276 2043 1473 2108 erexit,
1520 2049 1576 2099 et
1616 2043 1787 2097 vitam
1829 2042 2113 2114 impertiit.

528 2132 800 2190 Nimirum
850 2151 948 2206 per
1001 2136 1297 2189 scintillam
1345 2136 1505 2191 istam
1551 2136 1845 2190 humanam
1878 2137 2115 2190 animam

530 2228 859 2297 intelligunt.
889 2230 1062 2299 Atque
1100 2230 1224 2284 ideo
1252 2230 1482 2293 servari,
1510 2229 1607 2293 ait,
1645 2230 1870 2285 omnino
1901 2231 2085 2284 scintil

530 2318 637 2371 lam
689 2318 829 2371 hanc
867 2326 1107 2388 oportet,
1146 2320 1327 2389 perire
1374 2334 1506 2373 vero
1558 2320 1827 2389 quidquid
1878 2321 2116 2376 hominis

529 2413 814 2483 proprium
845 2421 963 2473 est;
996 2412 1141 2482 quod
1185 2420 1299 2466 tum
1348 2413 1570 2476 accidit,
1629 2428 1753 2467 cum
1808 2413 1860 2467 id
1903 2415 2047 2484 quod
2088 2431 2118 2469 e

528 2503 671 2557 caelo
697 2502 981 2571 delapsum
1011 2512 1097 2557 est
1126 2503 1352 2557 deﬁnito
1385 2504 1648 2573 temporis
1682 2505 1970 2560 intervallo
1997 2522 2118 2563 sur-

530 2610 655 2651 sum
682 2596 899 2660 evolat;
933 2595 1297 2666 similiterque
1324 2597 1473 2667 quod
1500 2595 1749 2650 inﬁmum
1776 2608 1860 2654 est
1885 2614 1953 2655 eo
1978 2601 2119 2653 unde

534 2686 820 2759 prodierat
873 2687 1202 2757 regreditur.
1251 2688 1409 2753 Quod
1457 2690 1523 2743 ad
1570 2689 1853 2745 Christum
1903 2695 2114 2755 attinet,

531 2778 781 2848 ejusdem
812 2778 1129 2848 impostoris
1154 2787 1240 2834 est
1268 2780 1501 2851 dogma:
1537 2796 1661 2835 cum
1694 2782 1809 2836 sola
1844 2782 1997 2836 illum
2021 2783 2120 2836 ho-

530 2871 697 2927 minis
728 2871 900 2943 ﬁgura
933 2879 1098 2942 atque
1136 2871 1310 2944 eﬁigie
1340 2875 1580 2940 venisse,
1625 2875 1922 2944 omniaque
1957 2877 2025 2930 ab
2054 2894 2120 2931 eo

532 2961 716 3031 specie
751 2970 909 3016 tenus
956 2962 1230 3032 perfecta,
1280 2964 1587 3033 cujusmodi
1631 2965 1753 3031 fuit,
1797 2966 1972 3033 nasci,
2004 2983 2120 3020 am~

531 3053 741 3119 bulare,
771 3052 963 3120 videri,
988 3054 1122 3123 pati.

2220 1964 2353 2012 τειν,
2384 1947 2488 2011 ἕως
2510 1949 2544 2018 ή
2576 1947 2690 2002 ἄνω
2718 1947 2967 2019 δύναμις,
2996 1950 3369 2020 παρακύψασα
3392 1953 3483 2005 καὶ
3511 1954 3811 2024 σπλαγχνι-

2224 2041 2409 2094 σθεῖσα
2440 2041 2527 2095 διὰ
2558 2042 2656 2112 τὴν
2690 2042 2823 2094 ίδίαν
2858 2042 3026 2111 αὐτῆς
3060 2043 3245 2096 εἰκόνα
3274 2061 3333 2097 τε
3368 2047 3463 2098 καὶ
3494 2046 3655 2110 ἰδέαν,
3690 2047 3807 2099 κατ’

2220 2131 2397 2188 οἶκτον
2424 2134 2710 2188 ἀπέστειλε
2749 2136 3021 2208 σπινθῆρα
3053 2137 3153 2207 τῆς
3182 2137 3353 2207 αὐτῆς
3376 2138 3675 2209 δυνάμεως,
3714 2141 3810 2193 καὶ¹

2219 2228 2285 2280 δι’
2316 2229 2482 2280 αὑτοῦ
2518 2228 2807 2299 ἀνώρθωσε
2839 2229 2933 2281 τὸν
2960 2229 3269 2300 ἄνθρωπον,
3306 2232 3399 2283 καὶ
3431 2230 3605 2295 οὕτως
3640 2232 3807 2296 ἐζωο-

2219 2321 2444 2392 γόνησε’
2485 2320 2645 2391 δῆθεν
2675 2323 2765 2373 τὶν
2795 2322 3068 2393 σπινθῆρα
3127 2322 3307 2394 ψυχὴν
3335 2325 3433 2392 τὴν
3462 2324 3810 2396 ἀνθρωπείαν

2222 2415 2464 2482 φάσκων.
2490 2414 2601 2467 Καὶ
2629 2414 2817 2467 τούτου
2845 2414 3006 2468 ἕνεκα
3047 2415 3264 2478 πάντως
3296 2415 3374 2467 δεῖ
3406 2415 3495 2468 τὸν
3538 2417 3810 2489 σπινθῆρα

2224 2505 2479 2577 σωθῆναι,
2514 2506 2573 2558 τὸ
2606 2506 2661 2559 δὲ
2698 2508 2808 2560 πᾶν
2840 2507 2931 2559 τοῦ
2960 2507 3247 2579 ἀνθρώπου
3283 2509 3613 2563 ἀπολέσθαισ
3646 2513 3702 2564 ἑν
3729 2511 3808 2583 τῷ

2221 2596 2333 2649 ἄνω
2368 2597 2464 2666 μὲν
2492 2596 2552 2649 τδ
2590 2597 2798 2650 ἄνωθεν
2830 2597 3090 2651 κατελθὸν
3124 2600 3556 2672 ἀνακομισθῆναι
3596 2603 3807 2674 χρόνοις

2220 2690 2348 2743 τισὶ’
2375 2690 2433 2742 τὸ
2454 2689 2508 2741 δὲ
2534 2690 2777 2743 κάτωθεν
2796 2693 2889 2745 καὶ
2910 2693 3041 2745 αὐτὸ
3056 2693 3167 2767 (48)
3190 2695 3385 2763 φάσκει
3408 2698 3435 2748 ό
3454 2698 3586 2766 γόης
3602 2700 3660 2750 ὲν
3678 2698 3810 2767 σχήο

2224 2800 2352 2851 ματι
2376 2782 2663 2854 ἀνθρώπου
2689 2784 3023 2854 ἐληλυθέναι,
3060 2787 3154 2839 καὶ
3191 2787 3305 2857 ἰδέα
3350 2788 3507 2861 μόνῃ·
3541 2788 3612 2840 τὰ
3634 2789 3809 2843 πάντα

2220 2874 2277 2925 δὲ
2314 2876 2371 2927 ἐν
2404 2874 2480 2944 τῷ
2529 2875 2705 2927 δοκεῖν
2748 2878 3141 2948 πεποιηκέναι,
3183 2880 3429 2931 τουτέστι
3464 2881 3524 2932 τὸ
3576 2881 3808 2951 γεγενῆ-

2223 2967 2383 3031 σθαι,
2434 2966 2496 3019 τὸ
2550 2971 2874 3038 περιπατεῖν
2904 3008 2918 3031 ,
2959 2970 3022 3022 τὸ
3077 2970 3447 3035 δπτάνεσθαι,
3498 2972 3559 3023 τὸ
3608 2990 3809 3025 πεπον-

2222 3060 2393 3113 θέναι.

602 3143 666 3198 ιι.
697 3143 837 3199 Hinc
866 3146 956 3199 illa
989 3146 1126 3202 falso
1156 3149 1424 3219 appellata
1456 3148 1844 3206 Gnosticorum
1881 3164 2026 3209 secta
2052 3158 2112 3212 ad

2294 3149 2369 3204 B’.
2426 3152 2558 3205 Ἀπὸ
2612 3153 2801 3206 τούτου
2863 3154 2919 3206 δὲ
2977 3154 3344 3226 ψευδωνύμως
3378 3157 3439 3226 νή
3496 3155 3804 3227 καλουμένη

530 3236 855 3308 profundam
881 3238 1044 3307 hujus
1062 3249 1225 3293 sectae
1248 3240 1550 3309 nequitiam
1570 3242 1867 3311 plurimum
1891 3246 2112 3316 adjeeit,

530 3344 653 3399 qua:
683 3344 713 3383 a
744 3328 966 3383 Simone
997 3329 1213 3385 initium
1258 3333 1721 3404 occasionemque
1766 3345 1923 3391 nacta
1958 3339 2118 3409 longe

533 3421 771 3491 majores
800 3435 973 3490 nugas
1004 3422 1394 3487 accumulavit,
1432 3425 1895 3492 quemadmodum
1930 3439 2115 3498 postea

534 3509 588 3561 in
619 3507 739 3577 ejus
766 3511 1097 3563 refutatione
1133 3509 1476 3565 docebimus.
1509 3512 1579 3565 At
1604 3512 1916 3571 Saturnilus
1948 3534 2113 3572 unum

530 3612 596 3652 ex
624 3598 691 3653 iis
712 3615 849 3669 quos
871 3602 1156 3655 constituit
1181 3602 1388 3672 angelis
1413 3602 1584 3658 fuisse
1603 3603 1916 3661 Iudaeorum
1944 3608 2113 3663 Deum

532 3692 841 3757 existimat;
874 3706 938 3745 ac
972 3699 1078 3745 tam
1125 3692 1271 3746 hunc
1302 3708 1466 3762 quam
1503 3695 1657 3750 illum
1692 3713 1722 3751 a
1768 3714 1866 3753 sua
1910 3702 2114 3757 virtute

531 3780 851 3836 descivisse.
887 3782 1225 3836 Salvatorem
1271 3798 1402 3838 vero
1440 3785 1507 3840 de
1543 3792 1819 3843 communi
1851 3792 2113 3847 virtututn

532 3873 802 3927 sententia
834 3889 861 3926 a
902 3874 1063 3929 l’atre
1096 3876 1349 3937 missum,
1391 3886 1448 3931 ut
1490 3888 1541 3934 et
1575 3878 1891 3956 Judzcorum
1943 3884 2113 3941 Deum

533 3961 588 4014 in
614 3963 860 4018 ordinem
896 3966 1186 4036 redigeret,
1220 3976 1274 4021 et
1305 3969 1372 4023 iis
1404 3972 1496 4039 qui
1526 3971 1627 4024 sibi
1652 3974 1937 4029 crederent
1965 3978 2114 4031 salu-

530 4061 638 4107 tem
688 4056 924 4110 atl'erret.
973 4057 1253 4127 Ejusmodi
1304 4076 1425 4115 esse
1457 4070 1617 4117 secta:
1656 4066 1802 4121 illius
1840 4067 2111 4137 homines,

529 4144 624 4214 qui
689 4147 932 4203 cmlestis
995 4150 1143 4206 illius
1198 4153 1443 4221 parentis
1498 4156 1794 4211 scintillam
1852 4159 2107 4215 habeant.

533 4234 679 4291 Duos
707 4238 906 4309 quippe
940 4239 1189 4297 homines
1215 4244 1487 4314 principio
1521 4261 1646 4302 esse
1677 4247 1872 4309 factos.
1907 4250 2109 4305 bonum

532 4343 725 4396 unum,
759 4331 989 4385 alterum
1040 4335 1278 4389 malum:
1317 4352 1346 4390 a
1386 4339 1587 4408 quibus
1615 4341 1813 4411 duplex
1851 4345 1977 4398 item
2017 4361 2110 4414 ge.-

532 4436 637 4476 nus
670 4420 972 4491 hominum,
1007 4424 1210 4480 bonum
1241 4429 1452 4483 scilicet
1482 4448 1545 4487 ac
1585 4435 1784 4488 malum
1814 4436 1867 4489 in
1905 4440 2110 4491 mundo

2226 3243 2429 3307 Γνῶσις
2466 3244 2692 3315 ἄρχεται
2734 3245 2896 3298 πάλιν
2946 3246 3333 3317 προστίθεσθαι
3385 3247 3461 3317 τῷ
3512 3248 3658 3319 βυθῴ
3706 3248 3809 3319 τῆς

2224 3336 2393 3407 αὐτῆς
2452 3338 2716 3409 πονηρίας
2744 3379 2757 3401 ,
2808 3339 2916 3391 ἀπὸ
2971 3340 3213 3409 Σίμωνος
3264 3341 3362 3410 μὲν
3422 3340 3661 3394 λαϐοῦσα
3710 3343 3808 3411 τὴν

2224 3428 2396 3500 ἀρχὴν
2432 3431 2526 3483 καὶ
2547 3431 2645 3501 τὴν
2674 3432 2947 3502 πρόφασιν
2970 3472 2983 3494 ,
3025 3432 3427 3504 προστιθεμένη
3467 3434 3520 3486 δὲ
3554 3448 3807 3505 περισσο-

2223 3520 2355 3591 τέρᾳ
2387 3521 2519 3592 ἄλλῃ
2557 3523 2793 3593 φλυαρία
2818 3563 2832 3585 ,
2872 3523 2945 3586 ώς
2982 3523 3070 3576 τὸν
3102 3520 3304 3596 ταύτης
3331 3525 3551 3596 ἔλεγχον
3582 3526 3808 3597 ὕστερον

2224 3612 2475 3683 ἐροῦμεν.
2504 3615 2705 3667 Φάσκει
2746 3615 2855 3686 γὰρ
2886 3610 3039 3679 οὗτος
3088 3616 3197 3687 (49)
3218 3658 3231 3681 ,
3264 3620 3390 3682 τοὺς
3424 3618 3689 3686 ἀγγέλους
3721 3617 3807 3670 λέ-

2222 3721 2355 3771 γων,
2384 3705 2477 3757 καὶ
2504 3706 2593 3757 τὸν
2618 3706 2750 3759 Θεὸν
2776 3706 2885 3759 τῶν
2925 3707 3188 3761 Ἰουδαίων
3220 3710 3313 3763 ἕνα
3339 3710 3397 3775 ἐξ
3425 3710 3602 3763 αὐτῶν
3629 3706 3765 3763 εἶναι
3786 3727 3802 3740 ο

2221 3797 2496 3852 διεστάναι
2523 3799 2579 3851 δὲ
2609 3799 2701 3852 τὸν
2746 3800 2905 3851 αὑτὸν
2935 3800 3029 3852 καὶ
3057 3802 3181 3863 τοὺς
3210 3803 3407 3863 αὐτοὺς
3444 3802 3551 3855 ἀπὸ
3577 3803 3672 3873 τῆς
3703 3803 3804 3855 afa-

2220 3889 2314 3941 τοῦ
2346 3890 2646 3960 δυνάμεως.
2679 3891 2782 3943 Τὸν
2824 3891 2879 3943 δὲ
2912 3893 3141 3965 Σωτῆρα
3174 3894 3511 3948 ἀπεστάλθαι
3551 3896 3657 3948 ἀπὸ
3694 3897 3805 3947 Πα-

2220 3982 2347 4052 τρὸς
2383 3984 2523 4035 κατὰ
2553 3982 2779 4053 γνώμην
2806 3983 2914 4036 τῶν
2949 3984 3228 4056 δυνάμεων
3261 3988 3353 4039 ἐπὶ
3388 3987 3803 4041 καταλύσειτοῦ

2220 4072 2354 4125 Θεοῦ
2381 4075 2484 4126 τῶν
2520 4074 2807 4136 Ἰουδαίων,
2828 4077 2921 4127 καὶ
2944 4078 3036 4129 ἐπὶ
3056 4080 3299 4151 σωτηρίᾳ
3322 4080 3426 4133 τῶν
3444 4080 3800 4151 πειθομένων.

2219 4163 2372 4217 Εἶναι
2421 4166 2476 4218 δὲ
2526 4167 2723 4232 αὐτοὺς
2770 4172 2894 4233 τοὺς
2925 4172 3128 4242 ταύτης
3174 4172 3275 4242 τῆς
3324 4174 3629 4244 αἱρέσεως,
3676 4176 3804 4239 τοὺς

2218 4257 2439 4325 ἔχοντας
2468 4259 2561 4310 τὸν
2597 4260 2867 4331 σπινθῆρα
2911 4262 3007 4314 τοῦ
3058 4262 3263 4317 ἄνωθεν
3294 4265 3524 4335 Πατρός.
3562 4265 3664 4318 Δύο
3692 4266 3802 4338 γάρ

2217 4348 2524 4401 πεπλάσθαι
2568 4351 2662 4403 ἀπ’
2697 4353 2872 4423 ἀρχῆς
2923 4354 3243 4424 ἀνθρώπους
3272 4356 3498 4424 φάσκει,
3537 4357 3633 4409 ἕνα
3659 4359 3801 4425 ἀγα-

2218 4439 2307 4493 θὸν
2334 4481 2347 4502 ,
2397 4442 2489 4494 καὶ
2530 4442 2626 4495 ἕνα
2657 4444 2888 4511 φαῦλον
2924 4446 2982 4512 ἐξ
3009 4440 3082 4500 ὧν
3109 4448 3201 4501 δύο
3246 4444 3385 4503 εἶναι
3417 4449 3484 4502 τά
3520 4451 3651 4519 γένη
3689 4451 3799 4503 τῶν

532 4513 966 4581 proseminatum
996 4527 1101 4571 est.
1136 4516 1202 4570 Et
1230 4522 1487 4589 quoniam
1515 4524 1789 4581 daemones
1818 4529 1975 4583 malis
1998 4531 2111 4598 epi-

2217 4532 2514 4602 ἀνθρώπων
2544 4535 2600 4585 ὲν
2626 4535 2835 4605 κόσμῳ,
2862 4537 3064 4605 ἀγαθόν
3088 4556 3145 4592 τε
3170 4540 3263 4592 καὶ
3283 4557 3416 4609 πονη
3427 4513 3542 4611 ρόν.
3579 4513 3799 4613 Ἐπειδὴ

530 4602 873 4669 tutabantur,
915 4606 1040 4661 ideo
1073 4615 1387 4677 postremis,
1424 4622 1482 4667 ut
1525 4622 1652 4671 ante
1684 4618 1817 4684 dixi,
1850 4623 2111 4691 temme

527 4692 631 4748 bus
656 4693 723 4748 ad
748 4695 919 4750 bonos
948 4695 1196 4754 homines
1225 4715 1327 4770 ope
1358 4718 1455 4757 sua
1478 4706 1866 4774 sublevandos,
1910 4712 2113 4766 malos-

526 4800 636 4853 que
708 4800 832 4839 cum
874 4787 1217 4844 daamonibus
1252 4791 1617 4863 proﬁigandos
1652 4794 1905 4851 Salvator
1949 4802 2112 4855 adve-

528 4874 626 4927 nit.
676 4872 798 4927 Jam
859 4892 1061 4932 uxores
1123 4879 1344 4946 ducere,
1406 4884 1717 4955 liberosque
1750 4880 1987 4959 gignere
2044 4894 2111 4947 ab

525 4964 731 5020 Satana
787 4984 910 5024 esse
939 4972 1241 5026 circulator
1289 4974 1427 5028 idem
1457 4981 1797 5046 pronuntiat.
1833 4982 2109 5049 Quamob—

593 5100 619 5134 ’⁸
654 5101 790 5157 Gen.
837 5120 875 5168 ι,
907 5105 995 5160 26.

582 5240 704 5324 με)
741 5240 873 5324 ’Υπῤ
898 5243 1077 5324 θῆξιν
1102 5246 1462 5324 draatﬁifat.
1497 5248 1678 5324 Utitur
1710 5251 1811 5319 hac
1846 5253 2105 5324 loquendi

520 5312 735 5366 ratione
787 5313 1074 5393 aliquoties
1122 5312 1476 5393 Epiphanius.
1529 5323 1633 5375 Sed
1682 5312 1937 5393 corrupte
1967 5342 2105 5379 nou-

520 5383 975 5463 nunquamﬁiﬁtv
1013 5401 1109 5455 pro
1160 5383 1312 5463 θῆξιν
1363 5390 1564 5463 habent
1605 5383 1956 5463 exempla-ria.
2011 5396 2103 5451 list

520 5460 698 5533 autem
741 5452 894 5533 eget;
934 5452 1323 5533 llesyc._poni1,
1360 5460 1583 5533 στιγμῇ,
1622 5452 1803 5533 τάχος.

592 5521 1085 5595 (άτ-λγΠοιγὴσωμεὶυ
1114 5521 1470 5595 diomedem.
1489 5521 1676 5585 'M'inus
1694 5521 1889 5595 "igitur
1938 5551 2102 5591 accu-

519 5597 635 5668 rate
668 5594 1040 5668 Theodoretus
1069 5594 1385 5668 usurpatam
1417 5600 1485 5654 ab
1517 5602 1623 5657 illis
1653 5604 1707 5659 in
1745 5594 1848 5659 hac
1879 5617 2100 5662 sentcn-

518 5665 591 5708 tia
622 5674 804 5735 vocem
882 5666 1113 5735 μετέραν
1150 5665 1361 5724 scribit.

511 5737 520 5760 '
560 5726 780 5801 _(4§)1‘d
812 5726 1171 5789 δὲ’κάέωθεν
1203 5739 1299 5792 καὶ
1335 5742 1500 5794 αὑτό.
1525 5740 1684 5801 Forte
1714 5746 1808 5799 καὶ
1840 5747 2004 5801 αὐτὸν
2040 5748 2095 5801 δὲ

520 5792 607 5848 ἰὸν
640 5798 865 5870 Σωτῆρα
895 5804 1112 5875 φάσκει,
1146 5814 1248 5862 etc.

2218 4621 2275 4674 δὲ
2312 4625 2359 4675 oi
2389 4624 2642 4693 δαίμονες
2675 4628 2786 4689 τοῖς
2819 4633 3075 4699 πονηροῖς
3102 4630 3380 4701 ἐϐοήθουν,
3408 4632 3598 4685 τούτου
3634 4632 3797 4686 ἕνεκα

2214 4715 2299 4766 ἐπ’
2330 4716 2557 4785 ἐσχάτου
2585 4718 2693 4772 τῶν
2728 4720 2969 4790 ἡμερῶν,
3008 4722 3084 4785 ὡς
3112 4726 3392 4794 προεῖπον,
3428 4721 3591 4795 ἦλθεν
3626 4729 3654 4780 ὁ
3680 4726 3795 4780 Σω-

2212 4806 2316 4875 τὴρ
2362 4807 2453 4858 ἐπὶ
2496 4807 2717 4880 βοηθείᾳ
2765 4812 2873 4863 τών
2919 4812 3141 4880 ἀγαθῶν
3190 4814 3494 4885 ἀνθρώπων
3522 4857 3535 4880 ,
3574 4817 3666 4870 καὶ
3705 4818 3797 4872 ἐπὶ

2212 4898 2501 4950 καταλύσει
2536 4901 2644 4952 τῶν
2675 4902 2925 4973 πονηρῶν
2971 4904 3065 4957 καὶ
3111 4904 3217 4958 τῶν
3251 4907 3541 4977 δαιμόνων.
3577 4910 3649 4961 Τὸ
3691 4926 3789 4977 γα-

2215 4994 2335 5059 μεῖν
2372 4992 2428 5043 δὲ
2463 4995 2557 5046 καὶ
2595 4995 2654 5047 τὸ
2692 4997 2887 5065 γεννᾷν
2917 4997 2946 5049 ὁ
2980 4997 3140 5060 αὐτὸς
3170 4998 3414 5070 ἀγύρτης
3447 5001 3511 5051 ἐκ
3554 5001 3646 5053 τοῦ
3691 5002 3794 5055 Σα-

2296 5258 2391 5329 ’49)
2425 5259 2651 5337 Φᾴσκει
2697 5264 2807 5332 γὰρ
2844 5260 3040 5330 οὗτος.
3092 5266 3276 5337 Neque
3326 5267 3414 5321 hic
3456 5268 3583 5321 mihi
3638 5270 3790 5324 locus

2209 5330 2416 5406 integer
2451 5332 2679 5406 videtur.
2705 5330 2980 5406 ‘Stippleri
3020 5330 3251 5392 fortasse
3294 5346 3469 5406 potest
3507 5356 3572 5392 ex
3606 5339 3788 5393 Theo-

2206 5396 2398 5479 doreti)
2444 5418 2475 5479 τ’
2507 5396 2675 5479 Οὗτος
2719 5396 3146 5479 ςτῷ’Μενάνδρῳ
3212 5396 3640 5479 παραπλησίως,
3691 5409 3791 5463 ἕνα

2206 5469 2404 5547 ἔφησεν
2425 5466 2563 5547 εἶναι
2588 5466 2806 5547 Ιίατέρα
2830 5476 3010 5547 πάντα
3026 5496 3037 5507 ·
3072 5466 3234 5531 πᾶσιν
3261 5466 3535 5547 ἄγνωστον
3558 5497 3568 5507 ·
3588 5466 3790 5535 ’τοῦτον

2204 5538 2260 5618 δὲ
2292 5538 2417 5618 τοὺς
2494 5538 2763 5618 ἀγγέλους
2825 5546 3268 5618 δημιουργῆσαι,
3310 5538 3430 5603 ’καὶ
3469 5550 3567 5611 τὰς
3621 5551 3790 5615 ἄλλας

2202 5609 2480 5692 δυνάμεις.
2535 5612 2689 5692 Quod
2734 5609 2917 5692 autem
2963 5609 3418 5692 apiid'Epiplian.
3471 5609 3787 5689 subjicitur,

2203 5680 2311 5754 ἀπὸ
2360 5680 2461 5754 τῆς
2517 5682 2681 5735 αὑτοῦ
2728 5680 3029 5754 δυνάμεως.
3087 5680 3289 5743 indi-cat
3340 5690 3529 5745 deesse
3575 5680 3787 5744 'imnu‘n

2203 5750 2440 5830 aliquod,
2481 5762 2606 5830 puta
2651 5754 2744 5805 τοῦ
2774 5750 2882 5810 ἄνω
2937 5760 3167 5829 Πατρός,
3207 5762 3271 5813 a:l
3311 5763 3452 5830 quod
3486 5777 3789 5829 pronomen

2203 5821 2368 5874 αὑτοῦ
2403 5824 2692 5891 pertineat.
