4194 6394
412 383 508 441 301

1018 383 1387 441 ADVERSUS
1427 383 1774 440 IIHSRESES
1812 384 1942 440 LIB.
1983 384 2025 438 I.
2080 383 2247 440 T0“.
2291 384 2355 438 II.
2399 414 2466 424 -—-
2506 384 2781 440 HJEIIES.
2826 385 3014 440 XXIII.

3582 384 3690 441 302

411 498 552 550 τανᾶ
585 495 854 567 ὑπάρχειν
900 494 1053 564 λέγει
1083 513 1095 526 ·
1148 497 1271 549 ὅθεν
1323 498 1415 551 καὶ
1465 497 1514 549 οἱ
1554 495 1771 560 πλείους
1822 496 2002 549 αὐτῶν

2111 510 2224 550 rem
2247 497 2490 568 plerique
2526 511 2588 553 e1
2638 497 2831 553 horum
2853 499 3140 567 disciplina
3161 501 3410 556 animatis
3431 503 3691 561 omnibus

410 589 675 660 ἐμψύχων
718 589 1040 659 ἀπέχονται,
1072 591 1221 653 ὅπως
1254 590 1342 644 διὰ
1382 592 1483 661 τῆς
1510 590 1888 660 προσπιητῆς
1915 590 2008 661 δῆ“

410 681 504 734 θεν
530 680 806 743 πολιτείας
836 680 1017 732 αὐτῶν
1054 698 1207 744 τινας
1233 682 1622 750 ἐπαγάγωνται
1662 682 1741 745 εἰς
1779 682 1877 752 τὴν
1907 682 2006 735 αὑ-

390 772 520 825 ’τῶν
550 772 789 843 ἀπάτην.
829 771 941 836 Τὰς
970 772 1026 826 δὲ
1053 774 1392 844 προφητείας
1420 774 1619 842 φάσκει
1651 775 1679 825 6
1704 772 1867 835 αὐτὸς
1895 773 2005 825 πά-

412 860 495 914 λιν
542 861 708 931 γόης,
760 861 859 924 τάς
916 861 1013 931 μὲν
1064 862 1170 914 ὑπὸ
1217 861 1325 915 τῶν
1378 863 1724 933 κοσμοποιῶν
1756 864 2005 930 ἀγγέλων

412 950 919 1023 πεπροφητεῦσθαι,
945 951 1042 1015 τάς
1057 952 1114 1005 δὲ
1136 952 1241 1005 ὑπὸ
1260 952 1353 1005 τοῦ
1383 953 1595 1007 Σατανᾶ
1610 972 1623 984 ·
1649 955 1742 1006 καὶ
1764 954 1923 1006 αὐτὸν
1948 954 2006 1006 δὲ

411 1046 505 1097 τὸν
521 1046 765 1099 Σατανᾶν
777 1044 1006 1113 ἄγγελον
1024 1047 1221 1115 φάσκει
1243 1046 1675 1117 ἀντιπράττοντα
1692 1050 1802 1109 τοῖς
1816 1063 2008 1117 κοσμο-

413 1141 589 1201 ποιοῖς
629 1138 913 1206 ἀγγέλοις,
962 1138 1193 1209 μάλιστα
1226 1139 1283 1192 δὲ
1320 1140 1398 1210 τῷ
1427 1139 1546 1209 Θεῴ
1580 1139 1687 1192 τῶν
1716 1140 2002 1195 Ἰουδαίων.

487 1235 562 1286 1".
592 1234 765 1287 ’Ὀταν
811 1233 868 1285 δέ
899 1232 1070 1286 ταῦτα
1117 1234 1300 1306 φάσκῃ
1346 1233 1375 1284 ὁ
1427 1233 1744 1303 κτηνώδης,
1780 1234 2005 1297 ’πάντως

415 1340 519 1376 που
547 1325 640 1377 καὶ
676 1324 838 1387 αὐτὸς
867 1324 1210 1396 δειχθήσεται
1251 1326 1349 1379 ἕνα
1391 1324 1525 1378 Θεὸν
1552 1326 1835 1396 ὁμολογῶν
1856 1368 1870 1389 ,
1913 1326 2006 1379 καὶ

415 1418 509 1469 ἐπὶ
540 1418 668 1488 μίαν
702 1418 933 1487 ἑνότητα
967 1418 1264 1491 μοναρχίας
1302 1418 1522 1486 ἀνάγων
1550 1419 1611 1470 16
1646 1420 1773 1471 πᾶν.
1804 1420 1867 1470 Εἰ
1897 1417 2006 1487 γὰρ

406 1512 462 1562 οί
491 1508 711 1578 ἄγγελοι
744 1511 1112 1581 πεποιήκασιν
1137 1552 1151 1575 ,
1193 1511 1410 1579 ἄγγελοι
1466 1510 1521 1563 δέ
1569 1510 1727 1563 πάλιν
1762 1511 1869 1561 ἀπὸ
1906 1510 2006 1579 τῆς

412 1599 619 1652 ἄνωθεν
652 1600 936 1670 δυνάμεως
963 1600 1026 1652 16
1059 1601 1229 1654 αἴτιον
1256 1601 1524 1670 ἐσχήκασι
1556 1599 1649 1652 τοῦ
1684 1596 1824 1652 εἶναι
1845 1616 1857 1628 ⁸
1897 1600 2003 1670 ἄρα

410 1694 511 1744 οὐκ
547 1691 701 1744 αὐτοὶ
734 1692 895 1745 αἴτιοι
924 1692 1019 1744 τοῦ
1049 1692 1365 1762 πλάσματος
1393 1692 1487 1744 τοῦ
1522 1690 1810 1763 ἀνθρώπου
1829 1731 1841 1750 ,
1884 1690 1997 1742 ἀλλ’

410 1786 444 1852 ἡ
476 1783 683 1837 ἄνωθεν
710 1783 994 1855 δύναμιςή
1035 1785 1162 1847 τοὺς
1196 1784 1463 1853 ἀγγέλους
1494 1786 1765 1855 ποιήσασα
1793 1824 1806 1845 ,
1837 1784 1896 1849 ἐξ
1927 1777 2002 1836 ὧν

414 1876 509 1928 καὶ
542 1878 575 1945 ἡ
606 1875 802 1939 πλάσις
833 1876 927 1929 τοῦ
961 1875 1251 1947 ἀνθρώπου
1285 1877 1604 1947 συνέστηκε.
1630 1877 1741 1929 Καὶ
1768 1876 1876 1947 γὰρ
1904 1876 2003 1928 οὐκ

409 1965 586 2019 αἴτεον
607 1967 669 2018 τὸ
699 1968 978 2038 ἐργαλεῖον
1006 1968 1115 2020 τῶν
1141 1968 1231 2022 ὑπ’
1257 1968 1423 2021 αὑτοῦ
1459 1969 1789 2038 γενομένων,
1814 1968 1927 2021 ἀλλ’
1965 1970 1992 2020 6

408 2058 654 2129 ἐνεργῶν
706 2059 766 2110 τὸ
798 2059 1079 2129 ἐνέργημα
1112 2058 1201 2112 διά
1255 2058 1348 2110 τοῦ
1382 2058 1665 2129 ἐργαλείου
1694 2099 1707 2117 ,
1754 2059 1820 2109 δι’
1855 2053 1915 2111 οὗ
1944 2058 2005 2110 16

411 2149 575 2220 ἔργον
601 2150 847 2217 γίνεται,
879 2151 956 2214 ὡς
997 2152 1092 2203 καὶ
1118 2150 1462 2220 γέγραπται·
1497 2150 1594 2217 Μὴ
1627 2149 2004 2217 δοξασθήσε-

412 2257 506 2293 ται
566 2241 755 2307 πρίων
800 2240 948 2295 ἄνευ
998 2240 1106 2294 τοῦ
1156 2241 1445 2306 ἕλκοντος
1518 2242 1740 2303 αὺτόν;
1795 2240 1888 2293 καὶ
1937 2240 2006 2293 τά

409 2330 559 2401 ἑξῆς.
621 2331 778 2385 Οὕτω
825 2332 881 2384 δέ
938 2332 1197 2403 ὁρῶμεν,
1263 2332 1344 2385 ὅτι
1391 2331 1514 2385 οὔτε
1568 2332 1812 2402 μάχαιρα
1857 2332 2005 2384 αἰτία

414 2424 609 2490 φόνου,
655 2424 767 2476 ἀλλ’
798 2424 828 2475 6
869 2427 935 2494 τῇ
989 2424 1233 2496 μαχαίρᾳ
1267 2424 1357 2477 τὸν
1412 2424 1571 2494 φόνον
1623 2425 2002 2494 ἐπιχειρήσας.

408 2516 526 2568 Καὶ
550 2516 612 2567 οὐ
641 2517 702 2568 16
732 2517 1164 2587 κηροπλαστεῖον
1204 2516 1427 2570 δύναται
1480 2516 1545 2568 δι’
1593 2516 1790 2569 ἑαυτοῦ
1833 2518 2007 2569 ποιεῖν

413 2608 482 2660 τὰ
523 2607 895 2679 πλασσόμενα,
924 2609 1038 2662 ἀλλ’
1065 2612 1093 2662 ὁ
1116 2609 1175 2662 τὸ
1201 2610 1627 2680 κηροπλαστεῑον
1653 2610 1747 2660 καὶ
1771 2607 1833 2660 16
1870 2607 2005 2660 πλά·

415 2715 533 2768 σμα
584 2701 980 2770 ἐργασάμενος.
1026 2699 1238 2754 Οὐκοῦν
1285 2699 1410 2753 οὔτε
1461 2702 1510 2752 οἱ
1549 2700 1771 2768 ἄγγελοι
1820 2700 2003 2761 αἴτιοι,

409 2788 531 2842 ἀλλ’
565 2791 594 2841 6
623 2791 749 2853 τοὺς
781 2790 1044 2859 ἀγγέλους
1081 2792 1315 2862 ποιήσας
1337 2829 1352 2853 ,
1383 2790 1433 2842 εί
1475 2790 1570 2843 καὶ
1600 2785 1668 2860 ἦν
1700 2789 2008 2860 παραγγεί-

417 2883 511 2947 λας
537 2884 723 2945 αὐτοῖς
758 2883 850 2935 τοῦ
883 2883 958 2953 μὴ
995 2884 1220 2953 ποιῆσαι
1261 2882 1569 2952 ἄνθρωπον.
1600 2881 1663 2933 Ei
1704 2881 1721 2911 ⁸
1761 2883 1871 2952 γὰρ
1906 2898 2007 2935 κα-

415 2976 782 3046 ταψηφίζεται
838 2976 941 3044 τῆς
968 2975 1081 3029 ἀνω
1110 2974 1392 3044 δυνάμεως
1422 2973 1647 3041 ἄγνοιαν
1692 2973 1785 3027 καὶ
1832 2974 2004 3039 ἀγνω-

418 3068 541 3122 σίαν
574 3068 683 3119 τῶν
717 3067 1020 3138 μελλόντων
1049 3066 1268 3119 ἔσεσθαι
1309 3066 1461 3138 παρά
1506 3066 1566 3119 τὸ
1595 3066 1765 3137 αὐτῆς
1796 3066 2007 3137 θέλημα

417 3161 853 3233 ἐπιτελουμένων
870 3202 884 3225 ,
910 3163 942 3231 ή
970 3161 1192 3214 εὐδοκία
1217 3164 1237 3191 ²
1264 3163 1331 3231 τῇ
1369 3162 1568 3232 ἑαυτῆς
1594 3161 1720 3223 τοὺς
1746 3159 2009 3227 ἀγγέλους

418 3254 779 3325 πεποιηκέναι
809 3254 948 3325 πρὸς
991 3254 1055 3308 16
1083 3255 1353 3325 χρήσιμον
1399 3255 1497 3326 τῆς
1531 3254 1876 3324 κατασκευῆς
1915 3253 2009 3306 τοῦ

419 3346 709 3415 ἀνθρώπου
736 3387 750 3409 ,
784 3340 845 3399 οὗ
885 3346 1045 3416 ήθελε
1074 3345 1507 3408 κατασκευάζειν
1535 3384 1551 3411 ,
1582 3346 1858 3414 ποιήσασα
1885 3346 2009 3407 τοὺς

418 3438 707 3507 ἀγγέλους,
748 3440 841 3492 καὶ
867 3438 941 3509 μὴ
968 3438 1320 3510 ἐντειλαμένη
1351 3438 1446 3491 τοῦ
1493 3438 1570 3509 μὴ
1608 3437 1918 3491 ἐπιτελέσαι
1949 3436 2011 3489 16

418 3531 756 3602 ἐπιχείρημα
778 3575 793 3598 ,
823 3533 1071 3585 τουτέστι
1106 3532 1199 3584 τοῦ
1252 3530 1543 3603 ἀνθρώπου
1595 3531 1657 3583 16
1694 3529 2004 3594 πλαστεῖον,

417 3622 492 3684 ὡς
520 3624 552 3691 ὴ
580 3622 760 3674 αὐτῶν
798 3621 1052 3694 μυθώδης
1084 3623 1409 3693 τεχνουργία
1446 3622 1709 3694 περιέχει.

2107 587 2405 652 abstinent,
2452 597 2512 642 ut
2553 589 2804 643 aﬁ'ectalo
2847 590 2940 643 illo
2989 588 3285 644 sanctioris
3332 590 3457 645 vita:
3492 609 3693 662 genere

2107 680 2403 734 nonnullos
2433 694 2596 734 suum
2626 680 2680 733 in
2706 694 2950 734 errorem
2984 680 3283 749 pelliciant.
3316 681 3429 752 64
3461 682 3537 738 De
3564 700 3695 754 prn-

2108 770 2394 839 phelarum
2442 772 2682 826 oraculis
2732 772 2806 824 ita
2852 771 3127 826 veneﬁcus
3167 772 3257 826 ille
3307 774 3570 843 disputat,
3626 789 3692 830 ea

2105 862 2307 931 partim
2332 878 2361 917 a
2395 862 2585 917 mundi
2617 862 2907 933 opiﬁcibus
2937 862 3167 933 angelis,
3204 864 3402 935 partim
3432 878 3464 917 a
3489 864 3690 921 Satana

2106 956 2388 1026 profecta:
2441 965 2495 1011 et
2530 958 2677 1011 hunc
2711 956 2889 1026 ipsum
2935 955 3195 1009 Satanam
3245 963 3401 1026 putat
3437 958 3690 1027 angelum

2106 1065 2250 1113 esse,
2285 1049 2379 1117 qui
2409 1048 2600 1101 mundi
2632 1045 3016 1101 conditoribus
3046 1046 3277 1118 angelis,
3303 1048 3689 1118 prmeipueque

2104 1140 2424 1195 Iudaeorum
2456 1138 2567 1195 Deo
2600 1140 2845 1194 resistat.

2098 1244 2101 1245 '
2175 1231 2262 1287 III.
2285 1231 2415 1298 Quae
2438 1246 2560 1285 cum
2579 1230 2647 1284 ab
2670 1230 2759 1283 illa
2777 1228 2985 1299 pecude
3017 1231 3163 1287 hunc
3190 1233 3246 1288 in
3276 1231 3497 1288 modum
3515 1229 3690 1287 disse-

2108 1326 2418 1387 runtur,vel
2444 1326 2647 1378 invitus
2672 1326 3017 1377 convincitur
3037 1342 3202 1379 unum
3229 1327 3476 1381 conﬁteri
3496 1326 3687 1389 Deum,

2106 1430 2270 1489 atque
2309 1419 2375 1473 ad
2418 1419 2665 1481 unicum,
2702 1417 3147 1487 singularemque
3188 1416 3525 1471 dominatum
3568 1418 3692 1471 uni-

2105 1527 2262 1567 versa
2293 1510 2522 1566 referre.
2563 1510 2776 1565 Etenim
2810 1512 2855 1567 si
2897 1507 3135 1563 mundus
3172 1508 3240 1562 ab
3269 1510 3480 1579 angelis
3511 1507 3690 1562 factus

2107 1613 2213 1669 est,
2249 1620 2373 1658 eum
2410 1603 2633 1673 ipsimet
2662 1611 2789 1657 ante
2830 1619 2859 1655 a
2890 1602 3101 1657 cmlesti
3136 1602 3335 1656 virtute
3362 1599 3691 1670 principium

2106 1704 2268 1766 atque
2294 1696 2561 1765 originem
2588 1694 2905 1760 habuerint,
2933 1708 3045 1747 non
3082 1694 3157 1746 illi
3185 1692 3422 1764 ﬁngendi
3449 1692 3691 1747 hominis

2103 1796 2358 1844 auctores
2390 1796 2540 1853 sunt,
2570 1788 2665 1843 sed
2702 1802 2959 1858 suprema
2990 1788 3161 1841 virtus
3199 1786 3288 1840 illa
3320 1786 3525 1856 potius,
3558 1802 3682 1856 qua:

2113 1880 2340 1951 angelos
2389 1879 2659 1944 condidit,
2695 1895 2724 1932 a
2755 1879 2960 1950 quibus
3000 1879 3166 1933 homo
3202 1886 3391 1948 postea
3427 1877 3691 1932 formatus
3727 1896 3733 1907 ι

2104 1981 2220 2036 est;
2251 1987 2376 2024 nam
2420 1987 2520 2025 nec
2550 1970 2685 2026 artis
2716 1970 3146 2025 instrumentum
3171 1983 3361 2023 eorum
3392 1983 3560 2023 causa
3587 1978 3691 2030 est,

2107 2080 2227 2133 qua:
2258 2064 2325 2116 ab
2353 2064 2472 2133 ipso
2512 2062 2682 2116 ﬁunt:
2721 2063 2817 2117 sed
2850 2062 2938 2116 ille
2974 2063 3181 2131 potius,
3214 2061 3455 2130 quicum
3489 2062 3689 2114 instrn-

2102 2164 2291 2209 mento
2311 2169 2431 2208 eam
2452 2154 2724 2207 actionem
2746 2152 3022 2222 exprimit,
3046 2167 3146 2221 per
3167 2166 3329 2221 quam
3357 2166 3494 2220 opus
3515 2149 3695 2219 ipsum

2106 2244 2357 2308 eﬁieitur,
2384 2242 2847 2314 quemadmodum
2872 2241 3139 2311 scriptum
3175 2248 3290 2295 est:
3332 2238 3478 2292 Num
3503 2238 3697 2309 gloria-

2108 2336 2250 2389 bitur
2294 2352 2441 2389 serra
2488 2335 2601 2388 sine
2647 2333 2885 2387 trahente
2936 2331 3189 2401 ipsam“?
3244 2339 3347 2385 etc.
3380 2333 3559 2400 Atque
3590 2330 3695 2384 hoc

2106 2428 2320 2483 cmteris
2361 2428 2415 2481 in
2456 2428 2621 2481 rebus
2658 2427 2736 2479 ita
2772 2441 2894 2480 sese
2937 2424 3140 2479 habere
3169 2426 3468 2479 cernimus.
3508 2422 3698 2494 Neque

2107 2518 2251 2571 enim
2279 2516 2492 2587 gladius
2521 2532 2690 2571 causa
2722 2516 2887 2571 car-dis
2924 2525 3030 2580 est,
3065 2514 3159 2569 sed
3190 2515 3238 2569 is
3277 2516 3370 2585 qui
3404 2514 3588 2586 gladio
3625 2514 3695 2569 ad

2109 2610 2533 2680 perpetrandam
2556 2610 2757 2665 caadem
2776 2610 2967 2662 utitur.
3000 2608 3185 2678 Neque
3203 2623 3487 2662 cerearum
3506 2608 3696 2679 imagi-

2110 2717 2240 2755 num
2266 2710 2427 2773 typus
2467 2717 2589 2771 quae
2618 2701 2903 2773 ﬁnguntur
2928 2715 3026 2771 per
3053 2715 3116 2754 se
3144 2700 3323 2755 moliri
3354 2707 3555 2769 potest,
3598 2700 3696 2755 sed
3760 2760 3773 2781 ι

2112 2795 2158 2850 is
2187 2797 2414 2849 omnino
2446 2795 2541 2865 qui
2579 2802 2633 2848 et
2668 2804 2855 2863 typum
2885 2793 3088 2862 ipsum,
3131 2798 3187 2845 et
3212 2806 3529 2861 expressam
3561 2792 3698 2845 ima-

2112 2887 2293 2955 ginem
2328 2886 2476 2940 l‘ecit.
2508 2884 2692 2951 Quare
2724 2899 2833 2939 non
2866 2882 3041 2954 angeli
3072 2882 3199 2952 ipsi,
3234 2880 3328 2936 sed
3352 2881 3445 2950 qui
3471 2882 3696 2951 angelos

2111 2977 2375 3048 produxit
2400 2977 2640 3031 hominis
2671 2991 2838 3032 causa
2860 2984 3139 3038 censetur,
3174 2975 3393 3029 tametsi
3428 2990 3496 3029 ne
3527 2974 3698 3029 homi-

2111 3086 2234 3124 nem
2268 3070 2572 3125 conderent
2621 3070 2732 3123 illis
2774 3069 3155 3134 interdixerit;
3200 3082 3325 3121 nam
3364 3067 3451 3121 vel
3484 3066 3696 3121 C(BIcsti

2112 3163 2302 3215 virtuti
2336 3163 2633 3225 inscitiam,
2664 3177 2726 3217 ac
2760 3161 3074 3215 futurarum
3112 3176 3295 3215 rerum
3333 3175 3455 3229 quae
3498 3167 3698 3229 prazter

2112 3254 2447 3307 voluntatem
2508 3269 2665 3307 suam
2719 3251 3065 3323 perﬁcienda!
3117 3262 3266 3316 sunt,
3327 3251 3697 3321 ignorantiam

2113 3345 2362 3409 ascribit,
2407 3354 2501 3399 aut
2534 3360 2653 3399 eam
2704 3345 2927 3415 propria
2960 3344 3126 3399 animi
3172 3338 3493 3397 inductione
3539 3351 3699 3412 putat

2109 3439 2332 3507 angelos
2354 3453 2693 3508 procreasse,
2713 3437 2856 3509 quod
2872 3438 2975 3493 hoc
2998 3440 3171 3508 ipsum
3197 3437 3263 3491 ad
3285 3436 3699 3507 producendum

2120 3529 2393 3585 hominem
2417 3532 2551 3585 utile
2572 3530 2735 3595 foret,
2758 3547 2920 3601 quem
2942 3531 3180 3585 formare
3206 3538 3462 3601 cuperet:
3490 3545 3615 3585 cum
3643 3538 3699 3584 et

2117 3622 2343 3691 angelos
2369 3622 2727 3688 condidisset,
2760 3639 2862 3678 nec
2882 3624 3363 3694 eosprohibuisset
3390 3640 3529 3696 opus
3544 3623 3699 3695 ejus-

416 3711 583 3773 modi,
631 3710 892 3765 nimirum
953 3711 1187 3765 hominis
1245 3712 1584 3765 molitionen
1628 3710 1873 3782 aggredi,
1930 3709 1984 3763 id
2029 3710 2175 3780 quod
2211 3710 2521 3768 fabulosum
2555 3714 2774 3767 illorum
2807 3713 3106 3768 artiﬁciqu
3138 3714 3404 3770 continet.

488 3811 559 3860 A'.
593 3808 665 3859 Ἦ
697 3808 717 3838 ³
740 3809 935 3863 οὐκοῦν
975 3810 1138 3863 πάλιν
1184 3810 1274 3863 τὸν
1324 3808 1620 3880 μυθολόγον
1658 3808 1962 3879 ἐρωτητέον
1989 3822 2003 3835 ⁸

418 3900 534 3968 ᾔδει
564 3907 597 3975 ἡ
642 3902 754 3956 ἀνω
798 3902 1058 3973 δύναμις,
1096 3904 1125 3955 ὅ
1158 3920 1209 3955 τι
1238 3901 1493 3973 μέλλουσι
1543 3901 1843 3973 πράττειν;
1875 3900 2004 3966 Ναὶ,

420 3997 605 4067 φησίν.
641 3999 784 4067 Ἀρα
817 3995 981 4064 γοῦν,
1015 3996 1064 4047 εἰ
1096 3994 1233 4066 ⁴ᾔδει,
1268 3995 1407 4065 αὑτὴ
1439 3995 1706 4065 πεποίηκε
1731 4034 1745 4057 ,
1786 3994 1880 4046 καὶ
1907 3993 2007 4045 οὐκ

420 4092 594 4144 αὐτοί.
640 4092 701 4144 EI
740 4091 797 4145 δὲ
824 4090 940 4160 ᾔδει
991 4090 1087 4159 μὲν
1112 4129 1126 4153 ,
1166 4088 1267 4141 οὐκ
1316 4088 1476 4159 ήθελε
1506 4088 1580 4153 δὲ,
1627 4086 1779 4157 παρὰ
1820 4087 1875 4139 δὲ
1909 4085 2007 4156 τὴν

420 4183 593 4253 αὐτῆς
648 4182 874 4251 γνώμην
927 4179 1291 4250 ἐπεχείρησαν
1323 4178 1384 4230 16
1428 4178 1765 4249 ἐπιχείρημα
1810 4176 1962 4230 αὐτοί
1989 4191 2002 4205 ·

2189 3806 2278 3863 IV.
2311 3807 2678 3874 Quamobrem
2708 3827 2925 3864 rursum
2959 3810 3027 3865 de
3066 3810 3377 3865 fabularum
3412 3814 3701 3871 inventore

2117 3900 2471 3967 quaerendum
2503 3911 2621 3956 est:
2659 3901 2868 3971 Ecquid
2910 3903 3151 3959 cmlestis
3196 3904 3287 3957 illa
3320 3905 3498 3961 virtus
3535 3923 3700 3962 nove-

2116 3998 2223 4052 rat,
2276 3992 2405 4059 quid
2461 4002 2649 4046 essent
2698 3995 2872 4063 angeli
2924 3993 3159 4048 facturi?
3194 3993 3451 4061 Noverat,
3500 3999 3696 4067 inquit.

2118 4079 2287 4149 Igitur
2320 4098 2431 4134 non
2479 4084 2654 4153 angeli
2691 4083 2817 4151 ipsi,
2852 4085 2949 4139 sed
2986 4085 3074 4137 illa
3120 4086 3310 4156 utique
3356 4086 3507 4142 fecit.
3543 4091 3700 4156 Quod

2119 4171 2166 4223 si
2194 4181 2420 4225 noverat
2450 4172 2692 4241 quidem,
2724 4174 2818 4228 sed
2847 4174 2963 4228 ﬁeri
2987 4182 3169 4229 tamen
3193 4176 3433 4237 nolebat,
3467 4192 3701 4248 παριτη-

420 4276 526 4328 τίνι
581 4275 658 4345 τῷ
711 4275 854 4344 λόγῳ
902 4273 963 4325 οὐ
1009 4269 1351 4334 κεκώλυκενς
1385 4272 1447 4323 Εἰ
1476 4271 1533 4323 δέ
1571 4270 1849 4332 ἀδυνάτως
1884 4268 2007 4337 ἔσχε

2117 4271 2199 4317 ter
2248 4264 2393 4319 illius
2428 4265 2752 4319 sententiam
2796 4266 3063 4336 attingere
3112 4282 3250 4336 opus
3277 4267 3421 4323 istud
3456 4271 3700 4342 aggressi

420 4366 517 4420 τοῦ
544 4366 809 4428 κωλῦσαι,
847 4364 1041 4437 πρώτη
1076 4362 1378 4433 φαυλότης,
1403 4364 1484 4415 ὅτι
1514 4364 1633 4415 καθ’
1669 4363 1837 4432 αὐτῆς
1881 4362 2008 4423 τοὺς

426 4463 516 4516 ὑπ’
563 4461 734 4530 αὐτῆς
790 4458 1083 4528 γεγονότας
1131 4457 1399 4525 ἀγγέλους
1438 4456 1517 4519 είς
1554 4454 1827 4508 ἀντίθεσιν
1878 4454 2007 4506 ἐαυ-

423 4555 521 4623 τῆς
554 4555 649 4607 καὶ
686 4551 1034 4622 παροξυσμὸν
1073 4549 1473 4603 κατεσκεύασε’
1502 4547 1754 4619 δεύτερον
1796 4545 1887 4611 δὲ,
1927 4546 2008 4598 ὅτι

422 4644 693 4714 δυναμένη
727 4645 789 4695 οὺ
825 4640 1160 4705 κεκώλυκεν,
1184 4641 1321 4694 ἀλλά
1352 4642 1693 4711 συνήργησεν
1721 4641 1800 4701 εἰς
1829 4638 1888 4690 16
1911 4655 2008 4689 πο-

424 4736 585 4805 νηρὸν
617 4736 777 4805 ἔργον
806 4734 867 4785 16
899 4732 1004 4785 ὑπὸ
1036 4732 1147 4784 τῶν
1182 4732 1429 4801 ἀγγέλων
1452 4731 1839 4801 γεγενημένον.
1868 4728 1931 4782 El
1950 4729 2006 4781 δὲ

424 4833 484 4883 οὐ
511 4830 841 4899 συνήργησε,
874 4828 969 4879 καὶ
998 4825 1319 4897 βουληθεῖσα
1343 4827 1443 4878 οὐκ
1478 4824 1716 4896 ἠδυνήθη
1743 4822 2006 4886 κωλῦσαι,

424 4922 591 4991 πολλή
632 4937 716 4981 τις
748 4918 1005 4971 ἀσθένεια
1034 4919 1092 4969 ἐν
1121 4919 1185 4987 τῇ
1215 4917 1489 4987 θελησάσῃ
1521 4917 1614 4968 καὶ
1653 4916 1727 4985 μὴ
1761 4913 2007 4985 δυνηθεί-

426 5028 494 5085 an
512 5029 523 5041 ·
556 5014 649 5065 καὶ
682 5010 881 5081 μᾶλλον
912 5008 1258 5083 ἰσχυρότερον
1282 5007 1366 5076 εἴη
1384 5008 1446 5059 τὸ
1475 5007 1565 5059 ὑπ’
1593 5006 1763 5075 αὐτῆς
1788 5005 2013 5073 γενόμε-

424 5122 514 5159 νον
535 5104 644 5155 τῶν
674 5103 921 5172 ἀγγέλων
950 5101 1158 5170 στίφος,
1183 5100 1216 5171 ἦ
1241 5102 1273 5170 ή
1296 5098 1436 5169 αὑτὴ
1463 5098 1613 5151 αἰτία
1635 5094 1771 5150 οὖσα
1790 5095 1897 5149 τῶν
1923 5098 2014 5148 ὑπ’

425 5194 594 5264 αὐτῆς
639 5193 938 5261 γεγονότων
988 5192 1254 5259 ἀγγέλων,
1281 5188 1616 5255 Ἐξάπαντος
1668 5186 1850 5238 τοίνυν
1896 5186 2009 5238 ἀλί-

426 5306 612 5341 σκεται
644 5289 677 5357 ή
715 5288 814 5357 τῆς
856 5285 1121 5355 αἱρέσεως
1152 5282 1429 5345 ὑπόθεσις,
1463 5281 1767 5350 ἀσυστασίᾳ
1810 5280 2011 5348 μᾶλλον

425 5379 849 5450 περιπίπτουσα,
876 5378 971 5430 καὶ
999 5377 1099 5428 οὐκ
1130 5373 1377 5445 ἀληθείᾳ.
1414 5372 1476 5425 El
1503 5372 1559 5424 δὲ
1586 5372 1850 5440 ἐγίνωσκε
1891 5372 2009 5441 μὲν,

424 5474 639 5542 ἀνάγκῃ
660 5471 716 5523 δὲ
744 5470 918 5522 ἐποίει
941 5468 1188 5530 τούτους,
1215 5465 1242 5518 ὃ
1272 5466 1347 5536 μὴ
1373 5464 1531 5534 θέμις
1565 5465 1680 5516 ἐστὶ
1700 5462 1812 5533 (50)
1840 5464 2013 5533 πρατε

423 5582 537 5619 τειν
566 5564 717 5634 παρά
750 5564 809 5616 16
840 5562 1005 5631 αὐτῆς
1038 5559 1308 5632 βούλημα,
1345 5555 1639 5609 ἐλαττώσει
1670 5556 1833 5626 ἑτέρᾳ
1858 5573 2011 5626 περι-

497 5705 511 5734 ¹
539 5699 599 5755 F.
634 5701 689 5770 ἦ.
766 5702 786 5730 ²
815 5698 873 5754 ιτ.
904 5700 936 5771 ἢ
962 5698 1199 5769 εὐδοκία.
1262 5697 1282 5727 ³
1310 5694 1372 5749 F.
1398 5712 1634 5767 expung.
1668 5695 1721 5765 ἦ.

2116 4367 2262 4422 sunt,
2296 4372 2399 4412 cur
2436 4374 2547 4412 non
2588 4359 2908 4429 prohibuit?
2954 4360 3050 4414 Sin
3088 4361 3310 4417 obstare
3344 4364 3570 4419 minime
3601 4382 3701 4436 po-

2118 4450 2246 4504 tuit:
2281 4451 2519 4520 primum
2558 4451 2663 4505 hoc
2705 4452 2897 4506 vitium
2932 4460 3035 4517 est,
3078 4455 3223 4524 quod
3268 4464 3456 4510 contra
3497 4467 3702 4514 semet-

2111 4542 2285 4611 ipsam
2328 4543 2578 4600 conditos
2608 4560 2638 4598 a
2666 4560 2727 4599 se
2761 4544 3004 4615 angelos,
3044 4547 3147 4601 sibi
3184 4554 3243 4600 ut
3282 4549 3602 4605 resisterent
3635 4567 3699 4605 ac

2115 4650 2175 4690 se
2225 4635 2509 4690 irritarent
2559 4636 2743 4690 moliri
2788 4636 3064 4701 voluerit;
3109 4636 3363 4697 alterum.
3398 4640 3543 4708 quod
3590 4641 3700 4712 65

2118 4743 2243 4781 cum
2282 4737 2492 4798 posset,
2544 4729 2771 4784 minime
2829 4729 3194 4799 prohibuerit,
3249 4732 3359 4784 imo
3412 4732 3576 4786 etiam
3631 4738 3700 4787 ad

2116 4819 2419 4888 pessimum
2445 4820 2577 4874 illud
2608 4820 2927 4891 angelorum
2971 4822 3248 4891 opiﬁcium
3284 4826 3699 4894 exsequendum

2117 4910 2443 4981 adjutricem
2470 4928 2591 4967 sese
2608 4913 2920 4982 praebuerit.
2948 4912 3105 4978 Quod
3129 4914 3173 4968 si
3202 4930 3303 4968 nec
3324 4916 3446 4970 illos
3468 4916 3697 4985 adjuvit,

2119 5013 2173 5058 et
2228 5005 2519 5074 prohibere
2569 5020 2695 5059 cum
2739 5006 2903 5061 vellet
2946 5023 3056 5061 non
3104 5007 3314 5078 potuit:
3368 5023 3703 5079 magnopere

2122 5096 2450 5151 imbecillam
2492 5112 2612 5151 eam
2653 5106 2871 5167 oportet
2915 5113 3058 5165 esse,
3102 5114 3223 5169 quae
3262 5099 3409 5169 quod
3444 5100 3700 5165 voluerit,

2119 5188 2333 5244 eﬁicere
2383 5205 2493 5243 non
2530 5191 2742 5259 potuit:
2784 5191 3000 5263 eritque
3044 5191 3180 5245 adeo
3237 5193 3463 5247 condita
3504 5194 3598 5247 illa
3634 5196 3702 5249 ab

2117 5298 2180 5338 ea
2204 5282 2521 5353 angelorum
2583 5290 2804 5338 caterva
2853 5284 3069 5351 fortior,
3100 5300 3264 5354 quam
3308 5285 3541 5351 ipsamet
3581 5302 3704 5352 qua:

2120 5374 2439 5443 angelorum
2473 5388 2642 5429 causa
2672 5382 2757 5430 est
2789 5391 2853 5431 ac
2883 5375 3229 5446 principium.
3274 5373 3447 5445 Igitur
3474 5376 3704 5433 haeresis

2119 5465 2224 5519 ista
2257 5466 2483 5519 minime
2510 5464 2788 5519 cohaerere
2810 5466 2930 5536 ipsa
2964 5479 3173 5523 secum,
3212 5473 3379 5533 atque
3402 5480 3434 5518 a
3468 5466 3701 5522 veritate

2122 5556 2379 5612 recedere
2409 5556 2557 5612 omni
2600 5574 2666 5613 ex
2712 5564 2867 5627 parte
2910 5555 3276 5611 convincitur.
3322 5554 3443 5612 Jam
3486 5573 3613 5614 vero
3654 5562 3703 5614 si

1802 5693 1824 5723 ⁸
1854 5690 1958 5747 Isa.
1989 5711 2041 5758 Χ,
2086 5695 2172 5750 l3.

497 5840 610 5911 (50)
654 5840 907 5905 Τούτους
966 5839 997 5891 ὃ
1044 5838 1131 5910 μῖι
1168 5837 1335 5907 θέμις
1383 5839 1576 5892 ἐστίν.
1642 5838 1800 5894 Deest
1855 5837 2169 5902 μέλλοντας·
