4204 6370
493 297 595 351 505

1913 293 1971 347 S.
2014 283 2365 348 ΕΡῘῬΠΑΝΙΙ

3665 293 3767 348 5M

488 420 767 470 etelestem
816 419 1075 482 Virtutem
1130 412 1352 468 minime
1403 413 1493 466 illa
1542 411 1763 481 quidem
1807 411 2074 474 latebant,

2185 415 2428 465 πεσεῖται
2459 411 2639 473 πάλιν,
2671 411 2764 464 καὶ
2796 411 2917 466 οὐδὲ
2943 412 3000 464 ἓν
3028 412 3303 484 πλήρωμα
3337 409 3690 482 εὑρεθήσεται
3711 416 3769 466 ἐν

487 507 585 564 sed
611 522 708 562 eos
750 507 897 577 ipsos
931 516 1140 567 tamen,
1174 507 1267 576 qui
1309 506 1456 575 quod
1507 506 1658 562 nefas
1697 515 1843 561 esset
1878 512 2078 575 praeter

488 601 829 654 voluntatem
863 614 1020 653 suam
1049 605 1208 652 erant
1254 595 1476 656 facturi.
1520 596 1836 652 necessario
1880 594 2075 649 condi-

487 693 588 755 dit,
620 692 727 746 alia
757 708 955 746 rursus
987 691 1040 744 in
1071 706 1129 746 re
1156 690 1412 746 deﬁciet:
1446 705 1547 743 nec
1582 689 1750 743 ulltun
1782 689 1835 742 in
1867 687 2074 741 ccelesti

487 783 691 837 virtute
726 781 1190 851 complementum
1215 796 1281 834 ex
1306 781 1452 835 illius
1483 779 1749 834 sententia
1785 778 2071 833 residebit.

489 871 666 943 Atque
695 883 753 927 ut
788 873 940 926 illum
977 872 1158 928 denuo
1192 871 1593 941 interrogemus
1622 891 1635 926 :
1681 869 1827 925 Heus
1861 871 1951 924 tul
1993 871 2078 924 in-

490 981 676 1035 quam,
715 967 806 1037 qui
867 980 960 1035 per
1001 963 1272 1020 fenestras
1314 964 1461 1016 intro
1505 963 1874 1033 prospexeris,
1919 969 1978 1016 ut
2013 977 2077 1017 eo

489 1057 728 1115 ludibrio
767 1059 955 1112 deliria
979 1066 1069 1111 tua
1117 1073 1448 1128 prosequar,
1508 1057 1692 1127 ibique
1722 1057 2077 1127 quemadmo-

493 1148 624 1206 dum
656 1152 833 1220 angeli
868 1150 1038 1207 creati
1069 1150 1177 1203 sint
1210 1148 1530 1219 pervideris,
1557 1164 1858 1219 eorumque
1893 1150 1946 1202 in
1980 1149 2078 1202 ho-

496 1244 642 1299 mine
677 1241 927 1312 lingendo
966 1240 1258 1295 artiﬁcium
1289 1241 1568 1310 cognoris,
1601 1256 1663 1295 ac
1693 1243 1937 1296 caelestis
1966 1241 2076 1294 vir-

493 1337 628 1391 tutis
674 1335 954 1391 solertiam
1009 1342 1386 1403 perscrutatus
1421 1333 1611 1395 l‘ueris,
1645 1350 1836 1393 unum.
1872 1349 1968 1387 oro
1999 1341 2073 1397 te,

492 1428 580 1481 dic
615 1427 774 1480 nobis
810 1444 822 1479 :
857 1440 985 1478 num
1023 1423 1099 1476 illi
1129 1423 1260 1493 quid
1307 1424 1630 1477 molirentur
1668 1432 1965 1490 noverant;
2006 1440 2075 1476 an

494 1518 822 1588 ignorabant
858 1515 1082 1586 potius?
1130 1515 1189 1568 Si
1233 1514 1379 1569 enim
1428 1513 1778 1583 ignorabant,
1830 1529 1955 1584 quae
1996 1515 2076 1568 vis

494 1611 618 1666 illos
642 1609 890 1680 cogebat,
919 1617 978 1662 ut
1000 1607 1147 1678 quod
1179 1608 1423 1678 ignotum
1455 1607 1558 1661 sibi
1593 1613 1740 1660 esset
1760 1606 2076 1660 enicet-ent?

496 1701 736 1765 Minime,
771 1701 967 1771 inquit,
1003 1700 1351 1771 ignorabant,
1384 1699 1495 1752 imo
1528 1698 1658 1768 quid
1684 1697 1859 1752 acturi
1887 1704 2075 1753 essent

2180 508 2245 575 τῇ
2283 506 2394 559 ἄνω
2418 507 2642 576 δυνάμει
2674 507 2815 558 κατά
2842 506 2934 559 τὸν
2972 505 3136 558 αὑτοῦ
3162 505 3470 574 λόγον.Ἔτι
3515 505 3571 557 δὲ
3603 522 3771 576 προσ-

2180 599 2405 670 θείημεν
2434 599 2596 652 αὐτὸν
2633 598 2946 669 ἐρωτῶντες
2973 617 2982 628 ’
3015 598 3156 666 Λέγε
3190 599 3342 669 ἡμῖν,
3374 592 3419 652 ὦ
3450 593 3605 661 οὗτος
3633 600 3661 651 ὁ
3682 598 3771 652 διὰ

2180 691 2410 763 θυρίδων
2438 691 2790 762 παρακύψας,
2820 690 3044 745 ἵνόὖτω
3063 691 3308 762 χλευάσω
3335 691 3432 762 τὴν
3465 692 3564 760 σὴν
3591 691 3768 762 ληρω-

2177 781 2316 845 δίαν,
2346 783 2440 836 καὶ
2471 784 2529 835 ἐν
2553 782 2630 854 τῷ
2662 782 3046 854 παρακύπτειν
3087 785 3366 854 σκοπήσας
3401 785 3475 846 ὼς
3519 783 3771 854 ἐκτίσθη-

2181 889 2280 926 σαν
2313 876 2358 925 οἱ
2393 874 2635 943 ἄγγελοι,
2665 875 2760 928 καὶ
2786 876 2884 944 τὴν
2910 877 3000 928 ὑπ’
3035 877 3216 928 αὐτῶν
3247 877 3375 946 περὶ
3397 876 3458 927 τὸ
3491 874 3769 945 ἀνθρώπι-

2179 981 2268 1016 νον
2313 964 2539 1034 πλάσμα
2589 967 2968 1036 τεχνουργίαν,
3008 967 3130 1020 τότε
3183 966 3634 1031 κατώπτευσας¹,
3677 966 3772 1020 καὶ

2177 1059 2277 1128 τῆς
2301 1057 2509 1112 ἄνωθεν
2538 1059 2821 1130 δυνάμεως
2864 1060 3174 1130 ἐξιχνίασας
3209 1059 3308 1129 τὴν
3350 1059 3767 1130 μηχανοποιίαν,

2177 1151 2394 1221 ⁴ᾔδεισαν
2423 1146 2564 1205 οὗτοι
2593 1152 2646 1204 τί
2673 1151 3020 1215 πλάσσουσιν,
3063 1152 3095 1222 ἢ
3133 1151 3392 1222 ἡγνόουν;
3423 1150 3770 1218 Ἀγνοοῦντες

2177 1245 2255 1307 δὲ,
2283 1245 2387 1298 ὑπὸ
2422 1245 2564 1309 τίνος
2592 1246 2968 1315 ἠναγκάζοντο
3002 1245 3062 1299 τὸ
3093 1247 3149 1298 ὲν
3181 1243 3426 1316 ἀγνωσία
3459 1243 3766 1306 ἐπιτελεῖνς

2178 1336 2336 1407 Οὐχὶ,
2374 1338 2558 1408 φησὶν,
2607 1338 2707 1390 οὐκ
2752 1338 3015 1405 ἠγνόουν·
3052 1335 3272 1407 ⁴ᾔδεισαν
3315 1335 3423 1406 γὰρ
3469 1334 3498 1386 ὃ
3546 1334 3769 1404 ἔμελλον

2179 1428 2462 1496 πράττειν.
2483 1427 2545 1479 Ἠ
2569 1427 2746 1479 τοίνυν
2764 1425 2971 1480 ἄνωθεν
2993 1423 3349 1495 δύναμιςῇδει
3373 1423 3594 1484 τούτους
3611 1423 3773 1476 τοῦτο

2182 1520 2474 1591 μέλλοντας
2516 1521 2832 1591 ἐπιχειρεῖν,
2865 1517 2898 1589 ἢ
2929 1517 3116 1587 ἠγνόει
3141 1533 3154 1581 ;
3183 1517 3297 1568 Οὐκ
3325 1516 3530 1584 ἠγνόει.
3551 1514 3772 1585 Ἐποίη-

2180 1629 2270 1664 σεν
2295 1608 2386 1666 οὖν
2417 1611 2635 1676 αὐτοὺς,
2659 1612 2744 1663 ἵνα
2769 1611 2928 1663 τοῦτο
2952 1608 3255 1680 πράξωσιν,
3279 1607 3310 1678 ἢ
3342 1609 3448 1678 μή;
3479 1608 3636 1676 Οὐχὶ,
3665 1626 3771 1678 φη-

2181 1706 2285 1758 σὲν.
2309 1703 2564 1774 Ἐποίησε
2597 1702 2706 1774 γάρ
2737 1703 2933 1764 αὐτοὺς
2970 1701 3150 1771 μόνον.
3186 1693 3347 1753 Οὗτοι
3391 1699 3447 1752 δὲ
3488 1699 3642 1770 παρά
3674 1699 3773 1770 τὴν

497 1793 898 1848 intellexerant.
930 1793 1042 1846 Aut
1075 1792 1243 1862 igitur
1271 1789 1338 1844 ad
1371 1789 1505 1844 illud
1540 1790 1755 1846 facinus
1788 1805 2078 1860 aggressu-

2185 1791 2293 1844 ἄνω
2327 1791 2556 1862 δύναμιν
2595 1791 2964 1862 ἐπεχείρησαν
2999 1789 3136 1863 πρὸς
3165 1789 3228 1841 τὸ
3265 1790 3488 1858 ποιῆσαι
3521 1789 3768 1860 πλάσμα.

495 1905 588 1944 ros
620 1888 756 1942 istcs
786 1885 1027 1940 caelestis
1056 1884 1232 1938 virtus
1262 1881 1490 1945 sciebat,
1522 1889 1617 1935 aut
1662 1880 1905 1936 nondum
1937 1881 2080 1935 scie-

495 1984 606 2036 bat.
642 1977 880 2032 Scivisse
908 1973 1217 2045 respondet.
1252 1972 1449 2038 Qumro
1472 1974 1654 2042 itaque
1697 1988 1826 2025 num
1866 1973 1988 2026 illos
2014 1987 2080 2025 eo

495 2074 727 2130 consilio
781 2085 951 2124 necne
979 2079 1038 2123 ut
1068 2069 1172 2123 hoc
1219 2066 1468 2122 iacerent
1514 2066 1857 2136 produxerit.
1908 2064 2081 2136 Negat

493 2179 560 2218 c0
589 2161 821 2217 consilio
847 2159 1167 2230 productos.
1202 2157 1347 2211 Nihil
1377 2157 1521 2212 enim
1562 2156 1670 2211 nisi
1708 2157 1858 2228 ipsos
1894 2157 2082 2212 condi-

495 2257 594 2310 dit.
626 2257 695 2308 At
723 2254 776 2306 hi
803 2251 1120 2307 inconsulta
1149 2249 1361 2305 caelesti
1393 2250 1593 2304 virtute
1621 2264 1680 2303 se
1711 2247 1778 2302 ad
1802 2249 2078 2318 opiﬁcium

496 2348 642 2405 istud
670 2345 1045 2400 accinxerunt.
1083 2343 1224 2414 Ergo
1257 2343 1400 2414 quod
1433 2343 1611 2413 angeli
1647 2343 2078 2412 cognoscebant,

494 2437 737 2494 caelestis
770 2434 948 2490 virtus
981 2435 1070 2486 illa
1112 2433 1429 2488 nesciebat?
1469 2431 1513 2486 0
1562 2433 1877 2486 mortalium
1922 2433 2079 2505 longe

495 2532 739 2583 omnium
771 2526 1128 2583 stolidissime
1155 2527 1166 2580 !
1199 2524 1262 2578 Et
1292 2524 1535 2579 hominis
1563 2531 1844 2579 structura
1897 2528 2079 2582 consi-

499 2631 628 2684 stet,
662 2632 1026 2691 auctoresque
1058 2619 1204 2672 illius
1234 2618 1408 2688 angeli
1439 2616 1561 2686 ejus
1598 2617 1676 2670 rei
1709 2618 1958 2672 notitiam
1987 2619 2082 2672 ha-

498 2715 723 2778 bebunt,
751 2722 914 2784 atque
942 2712 1158 2766 interim
1199 2710 1373 2763 virtus
1409 2708 1521 2774 illa,
1550 2723 1672 2777 qua:
1701 2709 1926 2779 angelos
1962 2726 2082 2778 pro-

495 2805 672 2877 duxit,
707 2806 758 2859 in
786 2804 1124 2875 ignoratione
1157 2801 1498 2856 versabitur?
1523 2799 1665 2854 Sane
1690 2816 1950 2871 perquam
1977 2803 2081 2858 hoc

497 2899 721 2950 stultum
779 2905 863 2950 est
911 2910 975 2949 ac
1030 2893 1364 2959 ridiculum;
1411 2907 1535 2946 cum
1598 2898 1652 2946 et
1689 2905 1828 2960 opus
1869 2893 2077 2949 artiﬁce

2185 1885 2395 1938 Οὐκοῦν
2428 1881 2573 1938 οὗτοι
2611 1885 2708 1955 μὲν
2736 1884 2978 1955 ᾔδεισαν.
3015 1881 3197 1948 ἐκείνη
3220 1882 3278 1934 δὲ
3310 1882 3342 1952 ἡ
3374 1881 3580 1935 ἄνωθεν
3612 1881 3773 1935 δύνα-

2186 1995 2277 2049 μις
2307 1977 2490 2048 ἠγνόει
2520 1977 2662 2031 κατά
2690 1977 2780 2029 τὸν
2813 1977 2903 2031 σὸν
2934 1975 3112 2043 λόγον,
3153 1969 3198 2026 ὦ
3229 1973 3444 2026 πάντων
3473 1972 3773 2044 ἀνθρώπων

2183 2067 2469 2140 ἀϐέλτερεῐ
2504 2069 2614 2122 Καὶ
2662 2067 2814 2121 ἔσται
2867 2067 2966 2137 μὲν
3017 2068 3049 2137 ἡ
3105 2065 3212 2120 τῶν
3267 2065 3573 2137 ἀνθρώπων
3599 2083 3771 2119 κατα-

2187 2158 2357 2229 σκευὴ
2392 2157 2651 2221 σύστασις
2693 2158 2734 2223 ³,
2764 2158 2856 2210 καὶ
2885 2159 2935 2210 οἱ
2993 2156 3151 2210 αἴτιοι
3192 2156 3396 2223 ταύτης
3442 2155 3662 2225 ἄγγελοι
3714 2158 3773 2208 ὲν

2187 2251 2472 2323 γνώσει,ὴ
2531 2251 2587 2304 δὲ
2630 2251 2757 2314 τοὺς
2807 2249 3074 2318 ἀγγέλους
3119 2251 3398 2320 ποιήσασα
3437 2249 3668 2320 δύναμις
3715 2251 3774 2302 ὲν

2189 2342 2433 2414 ἀγνωσία
2461 2359 2475 2408 ;
2503 2341 2758 2414 Ληρῶδες
2807 2342 2849 2396 δ’
2879 2342 2944 2396 ἂν
2985 2341 3072 2412 εἴη
3115 2340 3275 2396 τοῦτο
3315 2342 3408 2394 καὶ
3437 2341 3662 2411 ἠλίθιον,
3691 2343 3774 2395 ὃτι

2192 2434 2392 2506 μᾶλλον
2443 2434 2819 2506 ἐντελέστερον
2869 2434 2930 2488 τὸ
2983 2434 3143 2506 ἔργον
3193 2432 3286 2487 τοῦ
3327 2435 3597 2504 τεχνίτου,
3627 2434 3775 2488 καὶὸ

2186 2527 2437 2597 τεχνίτης
2458 2526 2848 2596 ἁδρανέστερος
2869 2525 2979 2579 τῶν
3019 2526 3110 2578 ὑπ’
3144 2525 3308 2578 αὑτοῦ
3344 2526 3651 2596 γενομένων
3676 2528 3773 2594 ἀγ-

2187 2619 2395 2686 γέλων,
2442 2617 2629 2670 αἰτίων
2674 2617 2846 2670 ὄντων
2890 2617 2992 2687 τῆς
3038 2617 3380 2687 ἀνθρωπείας
3439 2617 3773 2679 συστάσεως.

2190 2710 2353 2762 Ὥστε
2398 2704 2489 2762 οὖν
2528 2709 2830 2773 ἐξάπαντος
2875 2709 3125 2779 άνάγκη⁴
3159 2708 3550 2780 ὁμολογήσειας
3581 2709 3647 2762 ἂν
3685 2709 3773 2761 ἐπὶ

2188 2801 2279 2854 τὸν
2308 2800 2470 2854 αὑτὸν
2509 2799 2737 2870 ποιητὴν
2768 2799 2856 2853 τὸν
2885 2801 3005 2865 ἕνα,
3036 2800 3132 2853 καὶ
3162 2800 3255 2854 ἐπὶ
3285 2801 3385 2870 τὴν
3410 2800 3541 2870 μίαν
3578 2818 3772 2871 μοναρ-

2186 2895 2308 2964 χίαν
2337 2892 2397 2945 τὸ
2428 2893 2537 2944 πᾶν
2571 2893 2748 2961 ἄγειν.

501 3004 602 3043 SlI)
643 2989 955 3060 perfectius,
996 2995 1048 3042 et
1089 2986 1407 3056 angelorum
1445 2992 1724 3039 auctorem
1774 2987 1983 3056 angelis
2011 2989 2148 3058 ipsis
2173 2988 2266 3058 qui
2307 2986 2582 3038 hominem
2615 2982 2943 3046 conﬁarunt,
2989 2983 3400 3038 imbecilliorem
3457 2987 3775 3040 constituat.

498 3085 859 3152 Quamobrem
892 3083 994 3135 hoc
1035 3096 1200 3132 unttm
1252 3078 1572 3132 necessario
1611 3088 1882 3146 superest,
1905 3088 1962 3133 ut
2007 3091 2056 3136 te
2096 3083 2162 3136 ad
2215 3093 2384 3134 unum
2422 3078 2604 3132 omnia
2670 3076 3031 3147 etttndemqne
3092 3077 3452 3141 conditorem,
3518 3086 3680 3148 atque
3709 3081 3777 3134 ad

498 3179 826 3247 singularem
856 3173 1218 3243 principatum
1253 3170 1462 3224 referre
1494 3168 1726 3226 fateare.

570 3270 631 3321 V.
668 3268 878 3322 Etenim
935 3266 1076 3318 Deus
1137 3263 1296 3317 Pater
1345 3262 1647 3327 hominem,
1694 3276 1817 3316 cum
1866 3260 2079 3315 cmteris

2252 3257 2326 3311 E'.
2372 3258 2482 3310 Καὶ
2526 3257 2635 3329 γάρ
2663 3261 2690 3311 ὁ
2721 3258 2854 3322 Θεὸς
2887 3260 2914 3310 ὁ
2953 3259 3146 3331 Πατὴρ
3191 3262 3414 3334 ἐποίησε
3447 3265 3539 3319 τὸν
3567 3265 3751 3337 ἀνθρω

496 3361 777 3421 munibus,
811 3368 1008 3426 suopte
1042 3365 1176 3410 nutu
1202 3371 1264 3409 ac
1294 3355 1576 3409 voluntate
1617 3354 1942 3424 procreavit,
1975 3368 2084 3406 non

495 3454 604 3524 66
635 3450 831 3518 angeli,
861 3464 1038 3518 neque
1069 3466 1132 3501 ex
1186 3450 1500 3517 angelorum
1523 3447 1778 3502 consilio.
1802 3445 1936 3500 Nam
1960 3463 2083 3500 cum

501 3549 638 3599 Deus
672 3544 746 3596 ita
790 3542 1006 3596 locutus
1034 3553 1146 3594 est:
1186 3539 1474 3594 Faciamus
1507 3540 1790 3606 hominem,
1831 3539 1902 3592 ad
1950 3539 2085 3593 ima-

409 3682 412 3686 .
497 3642 666 3709 gimam
710 3648 949 3691 nostram
981 3633 1141 3698 dixit,
1195 3649 1302 3686 non
1356 3632 1423 3684 ad
1463 3633 1744 3702 imaginem
1797 3633 2082 3688 duntaxat.

498 3731 707 3800 Quippe
752 3729 820 3783 ad
857 3726 1024 3795 hujus
1071 3723 1270 3794 opiﬁcii
1335 3725 1780 3780 communionem
1843 3724 2080 3778 Verbum

498 3840 703 3886 suum,
768 3821 1131 3888 cumdemque
1198 3815 1396 3870 Filium
1456 3817 1678 3870 unicum
1743 3817 2080 3881 adhibebat,

496 3925 688 3984 estque
727 3912 1034 3966 eonnnunis
1071 3911 1170 3965 iste
1230 3909 1469 3963 ﬁdelium
1528 3910 1771 3963 omnium
1819 3925 2016 3964 sensus
2053 3925 2081 3961 a

500 4010 726 4061 veritate
779 4004 1074 4075 profectus,
1130 4017 1235 4072 qua
1293 4017 1417 4055 cum
1467 4001 1884 4056 accuratissime
1945 4019 2080 4054 con-

501 4099 679 4163 venit;
725 4097 776 4150 id
815 4094 958 4166 quod
1001 4094 1122 4148 aliis
1181 4091 1560 4162 compluribus
1607 4091 1742 4145 locis
1790 4091 2084 4146 manifeste

499 4206 564 4244 ac
593 4191 799 4260 prolixe
831 4203 1022 4242 sumus
1050 4184 1282 4255 professi
1304 4227 1318 4248 ,
1344 4185 1603 4238 nimirum
1633 4182 1828 4238 Filium
1857 4199 1886 4237 a
1917 4182 2078 4238 Patre

500 4282 566 4335 ad
596 4280 958 4336 eonnnuniter
992 4277 1389 4346 procreandum
1421 4277 1697 4329 hominem
1732 4276 1937 4338 vocari,
1978 4292 2071 4345 per

501 4389 658 4442 quem
696 4369 891 4424 Filium
923 4370 1128 4439 reliqua
1159 4368 1343 4421 omnia
1373 4367 1712 4436 produxerit.
1749 4367 1856 4421 Sed
1894 4383 2073 4437 neque

503 4465 699 4517 Filium
741 4463 1008 4516 duntaxat
1047 4460 1301 4513 advocari
1339 4459 1592 4526 dixerint,
1628 4459 1736 4512 imo
1770 4474 1897 4511 vero
1947 4473 2078 4512 san-

499 4563 647 4608 ctum
684 4553 846 4606 etiam
877 4549 1167 4619 Spiritum.
1218 4548 1384 4602 Verbo
1416 4550 1561 4601 enim
1597 4547 1811 4600 Domini
1844 4549 1960 4600 caeli
1983 4550 2080 4617 [ir-

2187 3367 2288 3403 πον
2344 3351 2433 3402 καὶ
2464 3349 2644 3404 πάντα
2686 3350 2829 3404 κατὰ
2874 3349 2973 3421 τὴν
3003 3351 3139 3405 ἰδίαν
3170 3355 3438 3420 εὐδοκίαν,
3468 3358 3560 3410 καὶ
3605 3359 3702 3429 οὐχ
3729 3361 3778 3412 ei

2187 3441 2430 3510 ἄγγελοι,
2463 3441 2584 3495 οὐδὲ
2611 3440 2753 3494 κατά
2786 3440 2885 3512 τὴν
2925 3441 3032 3495 τῶν
3061 3443 3306 3512 ἀγγέλων
3352 3447 3680 3518 συμϐουλίαν
3725 3449 3778 3502 τί

2186 3538 2397 3606 γέγονε.
2423 3535 2516 3588 Ἐν
2545 3534 2622 3606 τῷ
2644 3534 2754 3606 γάρ
2777 3536 2952 3586 εἰπεῖν
2979 3535 3070 3588 τὸν
3093 3535 3247 3601 Θεὸν,
3287 3540 3644 3609 Ποίησωμεν
3672 3541 3779 3594 ἇν-

2187 3631 2442 3697 θρωπον,
2488 3627 2614 3682 κατ’
2646 3627 2853 3680 εἰκόνα
2895 3626 3189 3696 ἡμετέραν
3235 3624 3376 3695 εἷπε,
3406 3632 3501 3685 καὶ
3546 3633 3607 3685 ού
3651 3632 3779 3687 κατ’

2185 3721 2393 3773 εἰκόνα
2421 3719 2600 3790 μόνον.
2627 3717 2923 3771 Συνεκάλει
2946 3718 3053 3790 γὰρ
3080 3723 3159 3785 είς
3181 3721 3278 3792 τὴν
3297 3723 3489 3776 ἑαυτοῦ
3513 3724 3576 3796 δη
3586 3743 3776 3797 μιουρσ-

2187 3811 2312 3880 γίαν
2340 3812 2430 3864 τὸν
2467 3810 2627 3864 αὑτὸν
2660 3811 2831 3880 Λόγον
2860 3811 2956 3865 καὶ
2984 3813 3288 3884 Μονογενῆ,
3331 3814 3407 3879 ὡς
3456 3816 3568 3886 ἔχει
3605 3820 3700 3872 καὶ
3741 3820 3776 3889 ἡ

2187 3902 2245 3968 ἐξ
2291 3902 2550 3974 ἀληθείας
2596 3903 2892 3974 ὁρμωμένη
2941 3904 3151 3956 πιστῶν
3178 3905 3377 3970 ἔννοια,
3420 3910 3515 3962 καὶ
3549 3911 3678 3963 αὐτὸ
3715 3913 3778 3965 τὸ

2186 3996 2284 4066 τῆς
2325 3995 2584 4067 ἀληθείας
2617 3995 2960 4066 ἀκρίϐασμα,
2999 3996 3074 4060 ὡς
3107 3998 3197 4052 καὶ
3230 3999 3287 4051 ὲν
3321 4001 3533 4073 ἑτέροις
3564 4003 3776 4058 πλείοσι

2188 4087 2376 4156 σαφῶς
2412 4088 2540 4158 περὶ
2565 4088 2756 4142 τούτου
2785 4089 2881 4142 καὶ
2909 4089 2996 4144 διὰ
3034 4093 3243 4162 μήκους
3276 4094 3656 4167 ἐποιησάμεθα
3679 4099 3778 4168 τὴν

2185 4181 2499 4252 ὁμολογίαν,
2531 4182 2606 4245 ὡς
2632 4185 2659 4235 6
2683 4184 2875 4255 Πατὴρ
2919 4187 3272 4253 συγκαλεῖται
3302 4189 3394 4242 τὸν
3424 4189 3553 4245 Υίὸν
3585 4192 3777 4262 συνδη-

2189 4278 2468 4345 μιουργεῖν
2503 4275 2594 4328 τὸν
2628 4275 2935 4348 ἄνθρωπον,
2965 4278 3031 4331 δι’
3061 4275 3120 4333 οὗ
3168 4282 3262 4334 καὶ
3307 4283 3376 4336 τά
3416 4284 3552 4339 ἄλλα
3600 4287 3778 4341 πάντα

2186 4365 2460 4436 ἐποίησεν.
2497 4369 2569 4421 Οὐ
2611 4368 2772 4438 μόνον
2820 4368 2876 4420 δὲ
2926 4371 3216 4439 συγκαλεῖν
3261 4374 3472 4443 εἴποιμι
3503 4377 3592 4430 τὸν
3626 4377 3775 4441 Υἱὸν,

2186 4458 2320 4511 ἀλλά
2349 4460 2442 4512 καὶ
2475 4459 2536 4512 τὸ
2570 4460 2724 4529 ἅγιον
2751 4461 2997 4532 Πνεῦμα.
3039 4462 3123 4529 Τῷ
3152 4463 3261 4536 γάρ
3292 4467 3452 4535 λόγῳ
3481 4469 3702 4536 Κυρίου
3723 4473 3778 4524 oi

2187 4551 2428 4619 οὐρανοὶ
2453 4551 2924 4620 ἐστερεώθησαν,
2949 4552 3048 4605 καὶ
3082 4552 3161 4617 τῷ
3188 4557 3480 4624 πνεύματι
3509 4558 3615 4612 τοῦ
3637 4562 3779 4613 στό-

501 4648 631 4702 muti
659 4654 800 4706 sunt,
824 4653 870 4698 et
897 4644 1087 4708 spiritu
1118 4643 1226 4695 oris
1278 4641 1390 4711 ejus
1444 4642 1612 4694 omm's
1660 4642 1824 4694 virtus
1859 4644 2079 4698 eorum‘.

2188 4657 2376 4709 ματος
2405 4641 2593 4694 αὑτοῦ
2621 4641 2788 4695 πᾶσα
2814 4641 2852 4709 ἡ
2888 4641 3142 4711 δύναμις
3171 4643 3387 4698 αὐτῶν.
3417 4645 3542 4698 Εἴτε
3572 4647 3627 4699 δὲ
3653 4647 3778 4717 βου-

499 4742 770 4796 Czeterum
807 4737 922 4792 sive
966 4741 1181 4804 sponte,
1215 4735 1329 4788 sive
1374 4734 1564 4786 nolens
1614 4733 1715 4786 hoc
1767 4731 2082 4786 Saturnilus

501 4829 726 4886 lmresis
770 4835 961 4882 auctor
1004 4825 1292 4879 admittere
1329 4833 1594 4892 cogetur:
1650 4839 1817 4875 unum
1857 4823 2082 4876 omnino

501 4920 670 4975 Deum
705 4934 769 4973 ac
800 4916 1088 4970 Dominum
1133 4929 1256 4970 esse
1300 4913 1641 4968 conditorem
1692 4913 2078 4966 universorum

500 5022 557 5067 et
591 5011 878 5072 artiﬁcem,
925 5008 1171 5076 adeoque
1218 5005 1299 5059 vel
1345 5005 1581 5059 hominis
1622 5005 1815 5074 ipsius.
1851 5003 2082 5057 Pudebit

502 5106 728 5174 insuper
765 5103 914 5156 illum
944 5101 1091 5155 velut
1122 5097 1573 5152 calumniatorem
1616 5112 1804 5150 eorum
1837 5113 1958 5167 qua:
1985 5098 2082 5150 ad-

503 5212 694 5252 versus
727 5192 1041 5264 prophetas,
1079 5203 1294 5244 necnor.
1330 5187 1397 5242 ad
1449 5188 1708 5242 honestas
1739 5191 1958 5257 nuptias
1987 5204 2084 5240 ne-

503 5288 767 5359 quissime
797 5281 1138 5337 damnandas
1173 5279 1390 5335 elTutIit.
1421 5277 1636 5348 Quippe
1678 5277 1942 5333 Dominus
1981 5294 2082 5330 no—

503 5388 615 5435 ster
637 5378 797 5433 Jesus
819 5376 1070 5430 Christus
1100 5376 1154 5428 in
1179 5373 1472 5444 Evangelio
1494 5373 1781 5442 perspicue
1806 5373 2086 5442 propheta:

509 5479 873 5528 consentanea
903 5469 1032 5524 dicit
1073 5483 1135 5523 ac
1177 5467 1534 5539 pronuntiat:
1575 5465 1839 5530 Quoniam
1876 5465 1965 5534 qui
1995 5481 2087 5532 per

581 5713 600 5748 ⁸
629 5713 774 5771 Psal.
814 5730 984 5780 xxxii,
1015 5714 1068 5767 6.

1185 5717 1203 5747 ²
1235 5712 1295 5769 F.
1331 5714 1721 5780 κατοπτεύσας,
1757 5725 1809 5771 et
1837 5715 2172 5787 ἐξιχνιάσας.

2187 4732 2398 4803 ληθείη,
2441 4733 2550 4786 εἴτε
2582 4734 2675 4785 καὶ
2705 4735 2779 4804 μὴ
2809 4733 3118 4805 βουληθείη,
3149 4735 3291 4805 φημὶ¹
3319 4736 3434 4789 δὲοὸ
3459 4739 3778 4811 Σατορνῒλος

2191 4826 2217 4876 6
2252 4827 2352 4895 τῆς
2376 4827 2640 4897 αἱρέσεως
2664 4827 2867 4897 ταύτης
2895 4828 3156 4898 ἀρχηγὸς,
3187 4831 3666 4902 ἀναγκασθήσεται
3691 4835 3778 4897 ἐξ·

2191 4916 2428 4980 άπαντος
2452 4917 2543 4968 τὸν
2568 4917 2664 4969 ἕνα
2689 4918 2821 4970 Θεὸν
2843 4919 3147 4988 ὁμολογεῖν,
3175 4920 3305 4973 Θεὸν
3339 4923 3433 4974 καὶ
3457 4923 3658 4996 Κύριον
3682 4926 3776 4979 τοῦ

2192 5005 2505 5075 σύμπαντος
2539 5006 2667 5060 ὄντα
2699 5010 2924 5078 κτίστην
2966 5025 3025 5060 τε
3061 5011 3156 5062 καὶ
3185 5009 3536 5082 δημιουργὸν,
3575 5015 3689 5084 ἅμα
3716 5033 3775 5066 τε

2189 5099 2280 5153 καὶ
2321 5098 2414 5152 τοῦ
2463 5098 2773 5170 ἀνθρώπου.
2827 5101 3260 5173 Αίσχυνθήσεται
3304 5104 3360 5156 δὲ
3413 5107 3555 5158 κατά
3599 5109 3777 5161 πάντα

2185 5189 2386 5260 τρόπον
2418 5188 2494 5250 ὡς
2539 5192 2882 5262 συκοφάντης
2915 5194 3009 5245 καὶ
3052 5195 3132 5256 εἰς
3176 5194 3267 5247 τὸν
3320 5197 3447 5262 περὶ
3482 5200 3776 5270 προφητῶν

2188 5280 2364 5349 λόγον,
2398 5281 2491 5334 καὶ
2539 5284 2618 5344 εἰς
2669 5283 2767 5352 τὴν
2818 5283 2961 5338 κατά
2990 5284 3083 5338 τοῦ
3116 5284 3315 5357 σεμνοῦ
3348 5289 3526 5358 γάμου
3565 5290 3776 5359 φαύλην

2189 5373 2544 5443 κατηγορίαν.
2575 5373 2746 5436 Αὐτὸς
2773 5375 2883 5446 γὰρ
2909 5379 2936 5429 ὀ
2965 5377 3166 5447 Κύριος
3207 5378 3362 5448 ἡμῶν
3392 5381 3599 5450 Ἰησοῦς
3643 5383 3775 5452 Χρι-

2195 5463 2318 5527 στὸς
2343 5465 2641 5538 διαρρήδην
2673 5469 2909 5536 ἐκφωνεῖ
2940 5469 2996 5520 ἐν
3020 5469 3096 5540 τῷ
3121 5469 3461 5542 Εὑαγγελίῳ,
3503 5475 3596 5526 καὶ
3625 5474 3774 5542 λέγει

2281 5719 2297 5752 '
2327 5714 2441 5771 Vox
2477 5718 2579 5772 ista
2617 5733 2975 5787 supervacua.
3052 5721 3068 5749 ’⁵
3107 5718 3165 5772 F.
3207 5722 3438 5794 ἀνάγκη.
