4204 6370
426 403 538 458 306
1048 490 1052 493 .
1089 406 1461 462 ADVERSITS
1502 408 1843 465 IIAEIIESICS
1881 411 2008 466 LIB.
2051 413 2091 466 ι.
2135 413 2295 470 ῪΟΜ.
2341 415 2402 469 II.
2450 447 2514 458 -
2552 415 2826 472 IIERES.
2867 417 3056 471 XXIII.
3595 412 3699 464 39:6

433 515 643 586 συνῳδὰ
673 515 748 586 τῷ
775 519 1048 589 προφήτῃ·
1077 520 1198 574 ’Ὁτι
1234 524 1264 575 ὀ
1284 522 1492 575 λαλῶν
1528 524 1597 576 ἑν
1637 525 1761 591 τοῖς
1790 524 2019 594 προερή-
2047 533 2089 587 Α

2047 533 2089 587 Α
2122 533 2398 598 prop/tetas
2421 532 2686 604 loquebar,
2713 550 2827 586 ecce
2857 534 3046 587 adsum
3069 533 3107 586 ί.
3140 533 3216 584 Ac
3248 543 3500 584 rursum:
3541 526 3699 580 Pater

430 621 583 670 ταις,
622 605 750 659 ἰδοὺ
793 606 1058 677 πάρειμι·
1098 611 1189 664 καὶ
1225 611 1414 665 πάλινο
1449 614 1529 666 ὅτι
1565 616 1628 667 Ὀ
1666 615 1868 683 Πατήρ
1896 635 2014 686 μου

2121 637 2267 674 meus
2299 639 2460 692 usque
2483 624 2637 676 modo
2663 634 2930 691 operatur,
2959 631 3006 676 et
3023 639 3113 691 ego
3136 637 3318 689 operor
3339 623 3380 672 ’.
3419 617 3487 671 Ut
3517 627 3695 670 autem

430 695 543 760 ἓως
583 695 714 763 ἄρτι
759 698 1056 769 ἐργάζεται
1097 703 1258 772 κάγὼ
1303 705 1755 775 ἑργάζομαι.”1να
1783 709 1837 762 δὲ
1870 709 2018 781 δείξῃ

2118 711 2247 778 quid
2293 721 2475 782 ageret
2503 721 2612 767 tam
2645 712 2804 766 Pater
2829 713 2970 780 ejus,
3009 725 3170 780 quam
3209 708 3344 777 ipse.
3373 707 3695 763 declararet,

429 786 483 838 τί
517 788 808 858 ἐργάζεται
857 792 1024 844 αὑτοῦ
1069 796 1098 846 6
1130 796 1320 867 Πατὴρ
1349 799 1442 850 καὶ
1476 800 1657 864 αὐτὸς,
1703 801 2019 870 ἀπεφήνατο

2121 799 2223 855 hoc
2250 801 2428 872 ipsum
2462 801 2858 872 explicavitiis
2891 816 2920 853 a
2950 799 3153 869 quibus
3187 797 3556 866 interrogatus
3586 792 3697 845 fue-

429 876 604 945 λέγων
639 882 753 937 τοῖς
794 883 1137 955 ἐρωτήσασιν
1179 887 1362 950 αὐτὸν,
1410 890 1459 941 εἰ
1498 892 1604 961 χρὴ
1639 889 1892 945 ἀπολύειν
1920 893 2018 962 τὴν

2119 902 2224 958 rat,
2269 904 2614 967 oporteretne
2659 911 2882 951 uxorem
2919 907 3248 965 quacunque
3283 908 3350 946 ex
3396 905 3562 944 causa
3610 889 3695 940 di-

428 973 664 1037 γυναίκα
682 974 848 1026 αὑτοῦ
877 976 1229 1032 κατὰίπᾶσαν
1258 981 1466 1034 αἰτίαν·
1501 981 1634 1049 Πῶς
1665 984 2014 1052 γέγραπται;

2120 989 2359 1043 mittere:
2397 988 2675 1054 Quomodo
2703 989 2957 1058 scriptum
2989 988 3109 1042 est?
3148 984 3412 1052 Quantam
3442 980 3582 1035 Deus
3605 979 3696 1032 Ito-

431 1060 559 1113 Ὅτι
588 1063 880 1131 ἐποίησεν
926 1070 962 1121 ὀ
999 1070 1143 1134 Θεὸς
1183 1069 1290 1123 τὸν
1321 1070 1658 1139 ἄνθρωπον,
1691 1074 1880 1144 ἄρσεν
1916 1075 2018 1128 καὶ

2122 1081 2316 1134 minem
2351 1080 2497 1150 fecit,
2534 1081 2831 1136 masculum
2864 1089 2914 1134 et
2953 1079 3204 1149 feminum
3245 1078 3364 1147 fecit
3399 1092 3504 1129 eos.
3555 1072 3690 1125 Tum

429 1151 585 1219 θῆλυ
618 1157 910 1225 ἐποίησεν
931 1161 1182 1228 αὐτούς’
1220 1165 1314 1216 καὶ
1347 1165 1509 1218 πάλιν
1557 1167 1676 1236 μεθ’
1703 1168 2016 1240 ἕτερα,”οτι

2118 1171 2446 1242 quibusdam
2496 1171 2836 1241 interiectis:
2888 1170 3172 1241 Propterea
3227 1169 3479 1237 relinquet
3548 1165 3693 1220 homo

426 1244 642 1298 ἕνεκεν
668 1250 884 1303 τούτου
914 1254 1264 1323 καταλείψει
1297 1255 1608 1324 ἅνθρωπος
1650 1258 1758 1312 τὸν
1791 1260 2016 1329 πατέρα

2117 1274 2322 1333 patrem
2351 1273 2400 1318 et
2437 1274 2662 1318 matrem
2689 1280 2862 1324 suam,
2897 1273 2946 1317 et
2978 1259 3264 1316 adluerebit
3296 1259 3450 1312 uxori
3490 1272 3619 1311 sum.
3643 1264 3691 1308 et

428 1337 524 1391 καὶ
551 1338 664 1406 τὴν
693 1339 920 1409 μητέρα
939 1344 1147 1410 αὐτοῦ,
1185 1344 1282 1398 καὶ
1307 1348 1913 1417 προσκολληθήσεται
1941 1349 2016 1421 τῇ

2118 1364 2272 1410 erunt
2304 1357 2409 1411 duo
2439 1358 2494 1410 in
2539 1373 2750 1410 carnem
2790 1372 2972 1409 unam.
3013 1353 3224 1420 Quibus
3265 1351 3526 1405 continuo
3571 1345 3696 1401 sub-

427 1432 665 1498 γυναικὶ
711 1433 922 1497 αὑτοῦ,
977 1436 1076 1488 καὶ
1124 1436 1370 1492 ἔσονται
1423 1441 1479 1492 οἱ
1529 1439 1638 1493 δύο
1684 1443 1770 1508 εἷς
1816 1442 2013 1511 σάρκα

2009 1461 2013 1494 ι
2111 1447 2277 1517 jecit:
2310 1447 2455 1514 Quos
2489 1447 2625 1502 Deus
2655 1447 2954 1510 coniunxit,
2983 1445 3140 1498 homo
3160 1459 3264 1496 non
3281 1439 3537 1510 separet“.
3568 1437 3669 1504 Qui

419 1521 588 1588 μίαν.
627 1522 735 1574 Καὶ
789 1523 949 1587 εὐθὺς
999 1525 1309 1598 προσέθηκε
1356 1527 1561 1596 λέγων·
1613 1531 1729 1597 υῦς
1779 1535 1814 1586 ὁ
1868 1531 2012 1599 Θεὸς

2117 1541 2221 1596 bus
2275 1540 2458 1596 verbis
2513 1540 2740 1594 omnino
2807 1539 3058 1593 Salvator
3115 1535 3321 1597 docuit,
3376 1533 3691 1588 Creatorem

425 1609 808 1678 συνέζευξεν,
845 1615 1157 1683 ἅνθρωπος
1201 1617 1290 1686 μὴ
1335 1620 1638 1687 χωριζέτω·
1665 1621 1742 1686 ὡς
1777 1622 2014 1687 ἐξάπαν-

2119 1627 2401 1680 hominum
2457 1627 2842 1681 universorum
2896 1639 3020 1680 esse
3080 1617 3284 1685 Deum,
3335 1618 3693 1688 enmdemque

426 1717 516 1764 τος
535 1703 626 1757 τὸν
649 1705 875 1779 Σωτῆρα
901 1707 1172 1764 διδάσκειν
1191 1712 1282 1764 τὸν
1311 1713 1539 1785 ποιητὴν
1566 1714 1676 1768 τῶν
1707 1716 2011 1787 ἀνθρώπων
2067 1741 2075 1748 ’

2067 1741 2075 1748 -
2114 1717 2336 1774 Patrem
2369 1734 2552 1774 suum.
2581 1717 2811 1788 Nuptias
2839 1731 3003 1788 porro
3032 1731 3140 1770 non
3171 1715 3240 1768 ab
3273 1712 3496 1776 Satana,
3532 1710 3626 1765 sed
3662 1727 3692 1765 a

424 1794 558 1847 Θεὸν
587 1794 727 1850 εἶναι
771 1800 880 1852 τῶν
911 1802 1149 1868 πάντων,
1185 1806 1350 1858 αὐτοῦ
1378 1805 1434 1858 δὲ
1458 1808 1698 1880 Πατέρα.
1736 1811 1843 1863 Καὶ
1872 1812 1954 1864 ὅτι
1983 1815 2010 1866 6

2119 1809 2230 1866 Deo
2261 1810 2534 1864 derivatos
2567 1823 2691 1864 esse
2722 1809 2957 1878 primum
2987 1807 3250 1861 Dominus
3289 1805 3405 1876 ipse
3427 1811 3688 1859 testatur:

423 1887 602 1957 γάμος
630 1890 728 1942 οὐκ
757 1892 821 1944 ἐκ
845 1893 938 1945 τοῦ
966 1895 1198 1960 Σατανᾶ,
1225 1897 1340 1950 ἀλλ’
1367 1899 1430 1950 ὲκ
1456 1899 1550 1952 τοῦ
1570 1899 1704 1953 Θεοῦ
1731 1904 2011 1974 τυγχάνει,
2047 1889 2083 1944 Β

2047 1889 2086 1944 Β
2121 1903 2264 1968 Quos
2312 1902 2473 1966 Deus,
2517 1901 2714 1972 inquit,
2771 1900 3068 1970 conjunxit,
3121 1899 3273 1952 homo
3319 1913 3423 1951 non
3446 1899 3690 1965 'separet.

424 1980 644 2049 πρῶτον
681 1983 778 2053 μὲν
805 1986 833 2037 6
857 1985 1061 2057 Κύριος
1087 1988 1266 2057 λέγει·
1292 1990 1406 2058 Οὓς
1437 1994 1470 2046 ό
1497 1992 1660 2058 Θεὸς,
1687 1993 1841 2064 φησὶ,
1860 2010 2010 2049 συν-

2119 1992 2259 2049 Tum
2303 2004 2526 2048 sanctus
2560 1993 2886 2062 Apostolus:
2931 1989 3304 2053 Honorabiles,
3346 1990 3442 2053 ait,
3475 1987 3690 2056 nuptiae,

422 2071 691 2140 ἔζευξεν,
743 2075 1056 2145 ἅνθρωπος
1101 2081 1188 2149 μὴ
1241 2081 1562 2151 χωριζέτω·
1620 2087 1715 2139 καὶ
1767 2086 1929 2140 πάλιν
1984 2089 2013 2141 6

2119 2095 2167 2140 et
2197 2095 2343 2139 torus
2377 2084 2752 2138 immaculatus
2776 2083 2823 2137 ⁸.
2865 2082 3069 2137 Deinde
3093 2083 3272 2136 viduis
3305 2080 3495 2135 eodem
3531 2076 3693 2132 modo

424 2164 576 2233 ἅγιος
621 2168 976 2234 Ἀπόστολος’
1017 2172 1213 2242 Τίμιος
1265 2177 1298 2227 ό
1341 2173 1550 2244 γάμος,
1599 2177 1696 2230 καὶ
1742 2176 1782 2245 ἡ
1841 2179 2009 2248 κοίτη

2117 2178 2226 2248 67
2258 2177 2520 2247 praecipit,
2554 2193 2650 2247 per
2696 2175 3039 2229 Timotheum
3088 2175 3162 2227 ita
3203 2173 3463 2241 loquens:
3496 2167 3691 2221 Adole-

421 2257 728 2326 ἀμίαντος.
761 2261 893 2326 Ταῖς
917 2262 974 2315 δὲ
1001 2262 1159 2332 φύσει
1189 2268 1562 2337 χηρευσάσαις
1579 2268 1841 2333 ὡσαύτως
1865 2288 2006 2342 παρ·-

2115 2270 2380 2323 seentulas
2401 2268 2584 2322 viduas
2600 2267 2788 2321 devita.
2807 2265 2940 2321 Cum
2952 2267 3090 2320 enim
3113 2264 3398 2319 luxuriam
3421 2263 3611 2332 fuerint
3638 2262 3693 2315 in

422 2350 701 2417 αγγέλλει,
767 2353 942 2423 λέγων
990 2357 1077 2412 διὰ
1127 2358 1426 2429 Τιμοθέου⁸
1472 2359 1777 2430 Νεωτέρας
1817 2361 2008 2431 χήρας

2116 2362 2352 2428 Christo,
2382 2361 2576 2415 nubere
2603 2359 2805 2414 volunt.
2836 2359 2974 2413 Tum
3003 2358 3331 2429 quibusdam
3361 2357 3692 2426 interjeclis:

421 2444 731 2511 παραιτοῦ.
753 2447 916 2501 Μετὰ
951 2449 1062 2517 γὰρ
1089 2449 1157 2503 τὸ
1186 2451 1700 2520 καταστρηνιάσαι
1732 2453 1840 2508 τοῦ
1877 2457 2008 2523 Χρι-

2117 2455 2374 2518 Nubant;
2408 2453 2550 2522 ﬁlios
2592 2461 2898 2522 procreent;
2927 2450 3359 2520 matresfamilias
3393 2450 3559 2512 sint“,
3585 2455 3690 2503 etc.

420 2533 594 2598 στοῦ,
641 2538 852 2606 ταμεῖν
889 2539 1135 2594 θέλουσι
1157 2557 1170 2572 ⁸
1207 2544 1302 2595 καὶ
1347 2543 1465 2614 μεθ’
1494 2544 1688 2616 ἕτεραο
1716 2547 2010 2613 Γαμείτω-

2117 2543 2173 2597 ln
2213 2558 2324 2614 quo
2369 2543 2539 2614 legem
2589 2541 2858 2611 ejusmodi
2906 2541 3100 2603 sancit,
3133 2555 3296 2609 quam
3347 2538 3695 2609 prmtergredi

420 2642 563 2692 σαν,
613 2631 1183 2698 τεκνογονείτωσαν,
1235 2635 1882 2692 οἱκοδεσποτείτωσαν³
1917 2639 2010 2691 ἀν-

2120 2637 2322 2693 nemini
2349 2636 2544 2703 liceat;
2572 2649 2694 2704 quae
2713 2641 2765 2688 et
2792 2650 2820 2687 a
2852 2631 2962 2688 Deo
2988 2632 3230 2703 profecta
3261 2632 3352 2696 sit,
3383 2641 3437 2686 et
3466 2630 3698 2684 homini-

424 2719 732 2791 υπέρόατον
793 2723 936 2796 ὑπὲρ
990 2725 1084 2778 τοῦ
1121 2727 1301 2797 γάμου
1357 2728 1519 2798 νόμον
1585 2729 1871 2800 τιθέμενος
1935 2733 2001 2784 ὲκ

1453 2746 1519 2781 ιον
1585 2729 1871 2800 τιθέμενος
1935 2733 2001 2784 ὲκ
2122 2731 2224 2786 bus
2258 2728 2565 2784 honestatis
2601 2742 2768 2783 causa
2800 2727 3113 2782 constituta.

419 2813 554 2866 Θεοῦ
582 2815 729 2879 ὄντα,
763 2816 855 2868 καὶ
879 2817 1022 2870 κατὰ
1057 2822 1363 2892 σεμνότητα
1414 2820 1721 2886 ἀνθρώποις
1767 2821 2178 2894 κεχαρισμένον.

494 2904 567 2956 Σ¹.
610 2906 743 2975 Περὶ
771 2906 826 2957 δὲ
859 2908 966 2959 τῶν
1001 2909 1144 2961 κατᾶ
1191 2910 1290 2971 τὰς
1338 2909 1474 2963 Θεοῦ
1508 2911 1620 2982 (51)
1673 2913 2009 2984 προφητείας

2195 2911 2278 2968 Vl.
2312 2911 2469 2979 Quod
2498 2927 2628 2966 vero
2653 2912 2719 2965 ad
2749 2910 3036 2980 opiniones
3066 2908 3186 2962 illas
3219 2909 3432 2969 attinet,
3464 2920 3602 2974 quas
3628 2905 3695 2958 de

420 2996 513 3048 ὑπ’
541 2998 703 3051 αὐτοῦ
734 3016 1110 3074 σεσυκοφαντη
1120 3003 1297 3073 μένων
1330 3005 1618 3067 ὑπονοιῶν,
1646 3005 1722 3069 ὡς
1768 3008 1842 3078 μὴ
1869 3004 2008 3060 εῖναι

2119 3005 2320 3060 divinis
2357 3004 2742 3075 prophetarum
2776 3004 3013 3058 oraculis
3042 3003 3379 3056 calumniose
3415 3015 3697 3054 commen-

421 3093 620 3156 αὐτοὺς
653 3095 717 3145 ἐκ
758 3094 916 3157 Θεοῦ,
964 3096 1136 3166 μυρία
1168 3098 1316 3150 ἔστιν
1339 3099 1534 3165 εἰπεῖν,
1565 3099 1640 3162 ὡς
1674 3100 1836 3164 αὐτὸς
1862 3100 2009 3169 λέγει

2121 3109 2208 3154 tus
2247 3107 2350 3162 est,
2385 3114 2509 3153 cum
2540 3100 2606 3152 ad
2641 3097 2807 3151 Deum
2843 3096 3114 3166 pertinere
3163 3091 3288 3148 illos
3330 3092 3565 3162 negavit,
3609 3091 3697 3143 in-

420 3187 450 3237 6
472 3186 805 3259 Μονογενὴς,
842 3189 899 3255 ἐξ
932 3184 1008 3243 ὧι
1048 3191 1140 3244 τὸν
1189 3191 1393 3263 κόσμον
1427 3191 1621 3245 ἑαυτοῦ
1659 3191 2010 3262 εὐαγγελιζό-
2040 3247 2078 3266 ﬁ

2040 3247 2078 3266 ﬁ
2122 3191 2270 3246 ﬁnita
2307 3189 2557 3260 quaedam
2592 3191 2644 3244 in
2688 3190 2924 3243 medium
2956 3188 3151 3242 afferre
3189 3188 3346 3240 licet:
3379 3183 3694 3254 Cujusmodi

426 3294 586 3346 μενος
640 3257 808 3347 λέγει.
863 3281 1087 3350 Πρῶτον
1141 3283 1261 3352 μὲν,
1296 3257 1404 3336 ’ὅτι
1446 3282 1693 3353 Ἀϐραὰμ
1742 3257 1784 3337 ὸ⁷
1813 3257 2011 3354 statim

2039 3257 2079 3331 ‘3
2117 3291 2245 3337 sunt
2281 3257 2403 3352 qua:
2433 3281 2631 3337 unicus
2667 3280 2782 3350 ipse
2816 3280 2908 3332 Dei
2941 3278 3114 3332 Filius
3146 3277 3413 3347 loquitur,
3443 3290 3572 3330 cum
3601 3273 3696 3327 de—

422 3369 593 3439 ἠμῶν
627 3371 1010 3441 ἐπεθύμησεν
1049 3373 1199 3428 ἰδεῖν
1230 3373 1362 3443 ,τὴν
1404 3375 1635 3445 ἡμέραν
1674 3375 1790 3444 τὴν
1835 3376 2010 3446 ἐμήν·

2116 3390 2244 3429 cora
2278 3391 2376 3430 sua
2405 3379 2837 3442 ornamentaque
2881 3384 3194 3441 proponens
3246 3368 3333 3422 his
3373 3367 3556 3420 verbis
3586 3367 3699 3418 uti-

424 3462 524 3516 καὶ
575 3459 716 3526 εἶδε,
753 3465 851 3518 καὶ
896 3464 1104 3534 ἐχάρη.
1156 3466 1266 3518 Καὶ
1315 3467 1476 3520 πάλιν
1525 3466 1718 3537 φησίνο
1768 3470 1837 3520 Et
1887 3468 2016 3520 ἐπι-

2117 3478 2226 3523 tur.
2257 3467 2500 3523 Primum
2526 3485 2540 3521 :
2576 3465 2845 3520 Abraham
2874 3474 3024 3534 pater
3055 3471 3223 3517 vester
3256 3460 3573 3515 desideravit
3619 3459 3695 3514 vi-

423 3553 670 3605 στεύετε
718 3554 974 3617 Μωϋσεῑ,
1009 3555 1357 3610 ἐπιστεύετε
1407 3555 1485 3611 ἂν
1525 3557 1677 3626 ἐμοί.
1715 3557 1856 3626 Περὶ
1905 3557 2016 3627 γὰρ

2117 3563 2240 3617 dere
2278 3563 2416 3616 diem
2455 3575 2663 3615 meum:
2695 3568 2744 3613 et
2775 3559 2927 3622 vidit,
2970 3567 3018 3611 et
3061 3556 3271 3626 gavisus
3300 3565 3375 3608 est
3397 3554 3438 3606 ⁸.
3465 3554 3544 3606 Ac
3574 3566 3701 3632 rur-

422 3643 572 3710 έμοῦ
620 3644 852 3711 ἐκεῖνος
886 3645 1134 3714 ἔγραψε.
1168 3647 1266 3710 Τίς
1310 3647 1369 3700 δὲ
1422 3646 1532 3700 τῶν
1584 3647 2012 3718 εὐφρονούντων,

2119 3673 2276 3713 sum:
2345 3653 2405 3709 Si
2462 3653 2742 3707 crederetis
2787 3650 2998 3720 Moysi,
3040 3647 3320 3702 crederetis
3373 3645 3605 3715 forsitan
3645 3650 3694 3695 et

424 3736 522 3788 καὶ
556 3735 770 3790 σύνεσιν
816 3741 879 3791 ἐκ
923 3738 1058 3791 Θεοῦ
1109 3739 1488 3810 κεκτημένων,
1523 3741 1622 3794 οὐκ
1652 3740 1890 3808 ἐλέγξειε
1922 3741 2014 3794 τὸν

2120 3749 2283 3802 mihi:
2315 3749 2380 3802 de
2407 3764 2485 3802 me
2513 3747 2652 3800 enim
2682 3744 2772 3798 ille
2808 3741 3089 3811 scripsit".
3139 3738 3341 3809 Ecquis
3387 3751 3518 3791 vero
3559 3751 3692 3804 prn:

425 3829 720 3882 ἀπατεῶνα
766 3831 1107 3902 Σατορνίλον,
1133 3831 1419 3901 γινώσκων
1458 3834 1514 3885 ἐν
1556 3833 1685 3906 δόξῃ
1736 3833 2014 3886 ἀποκαλυ-

2119 3841 2278 3905 dens,
2307 3849 2360 3895 et
2384 3850 2602 3909 accepta
2633 3837 2900 3891 divinitus
2927 3831 3192 3904 sapientia
3229 3827 3487 3900 praeditus
3519 3827 3694 3895 impo—

426 3919 630 3988 φθέντα
655 3922 748 3975 τὸν
780 3923 1008 3994 Σωτῆρα
1043 3925 1122 3986 εἰς
1160 3925 1504 3996 παράστασιν
1534 3925 1812 3996 ἀληθείας,
1840 3925 2015 3989 ἄλλως

2119 3945 2321 3987 storem
2357 3929 2698 3986 Saturnilum
2732 3943 2843 3982 non
2880 3925 3040 3978 facile
3073 3924 3384 3986 convincat,
3417 3937 3539 3975 cum
3580 3919 3701 3973 Sal-

424 4012 524 4084 τὴν
561 4015 754 4067 ἑαυτοῦ
799 4015 955 4080 δόξαν
989 4017 1065 4089 μὴ
1099 4017 1455 4083 ὑποδείξαντα
1510 4018 1625 4070 ἀλλ’
1658 4017 1690 4089 ἢ
1743 4017 2014 4088 ἀναμέσον

2117 4033 2363 4080 vatorem
2421 4022 2604 4077 videat
2643 4021 2890 4075 veritatis
2922 4015 3346 4087 comprobanda:
3376 4012 3571 4083 gratia,
3615 4028 3701 4066 sc—

438 4109 596 4162 Ἢλῐα
621 4111 712 4164 καὶ
737 4112 1014 4178 Μωῦσέως
1049 4113 1160 4167 τῶν
1192 4114 1288 4167 καὶ
1313 4113 1496 4167 αὐτῶν
1522 4114 1580 4166 ἐν
1608 4113 1736 4186 δόξῃ
1766 4113 1870 4184 ἰδίᾳ
1895 4113 2013 4183 μετ’

2119 4117 2410 4185 metipsum
2443 4129 2566 4168 cum
2599 4113 2802 4183 ingenti
2833 4109 3002 4179 gloria
3035 4111 3394 4174 retegentem,
3431 4118 3540 4155 non
3577 4115 3695 4155 eam

426 4203 594 4257 αὐτοῦ
628 4204 936 4274 ὀφθέντων;
969 4207 1140 4260 Ἀλλα
1184 4206 1241 4260 δὲ
1272 4209 1372 4261 ὅσα
1401 4207 1626 4260 τοιαῦτὰ
1657 4209 1824 4271 ἐστιν,
1853 4205 1889 4259 ἃ.
1921 4204 2013 4258 ὑπ’

2121 4210 2282 4264 aliter
2304 4222 2468 4278 quam
2511 4206 2564 4259 in
2612 4203 2792 4258 medio
2831 4201 2964 4256 Elim
3005 4217 3068 4255 ac
3107 4199 3278 4254 Mosis
3317 4196 3574 4251 exhibere
3605 4209 3700 4247 vo-

426 4297 591 4349 οιὺτοῦ
628 4296 721 4350 τοῦ
769 4299 996 4370 Κυρίου,
1026 4300 1120 4353 καὶ
1168 4301 1226 4354 ὲν
1271 4301 1420 4371 πάσῃ
1461 4302 1526 4370 τῇ
1561 4301 1736 4369 Καινῇ
1769 4297 2014 4370 Διαθήκῃ

2122 4301 2309 4363 luisse,
2337 4299 2430 4368 qui
2464 4303 2518 4350 et
2552 4295 2654 4364 ipsi
2691 4310 2788 4350 sua
2819 4293 3054 4362 quisque
3082 4288 3337 4343 instructi
3371 4285 3543 4356 gloria
3575 4298 3699 4336 cum

425 4390 695 4461 λεγόμενα
728 4391 827 4463 τὴν
856 4391 1112 4447 σύστασιν
1135 4395 1366 4446 ποιεῖται
1394 4392 1559 4462 νόμου
1589 4408 1649 4443 τε
1676 4391 1768 4444 καὶ
1796 4408 2012 4460 προφη-

2123 4392 2217 4447 ilIo
2248 4388 2526 4460 conspecti
2553 4385 2716 4455 sunt?
2750 4385 2985 4439 Possunt
3004 4389 3058 4437 et
3083 4382 3187 4435 alia
3212 4379 3265 4434 id
3297 4393 3467 4448 genus
3498 4376 3701 4436 ali‘erri,

425 4485 536 4539 τῶν
567 4489 874 4559 καὶςπάσης
917 4489 1163 4552 Παλαιᾶς
1195 4489 1472 4560 Διαθήκης
1513 4487 1651 4559 πρὸς
1681 4486 1780 4557 τὴν
1808 4485 2014 4556 Καινὴν

2124 4499 2470 4554 (ιυαξοιιηιιυε
2502 4483 2623 4553 ipso
2657 4479 2871 4535 Domini
2921 4493 3038 4542 ore,
3080 4486 3305 4545 totoque
3349 4473 3701 4528 Testamento

428 4578 728 4650 Διαθήκην,
760 4581 841 4634 ὅτι
871 4583 988 4645 ἐνὸς
1017 4581 1153 4635 Θεοῦ
1188 4583 1324 4635 εἰσὶν
1357 4582 1665 4652 ἀμφότεραι
1685 4597 1698 4610 ο
1736 4579 1811 4642 ὡς
1839 4580 2007 4647 λέγει·
2044 4603 2088 4658 D

2044 4603 2088 4658 ι)
2127 4578 2279 4633 Novo
2320 4575 2672 4648 pronuntiata
2715 4573 2768 4628 id
2808 4577 2994 4642 aperte
3038 4569 3401 4625 conlirmant:
3437 4568 3604 4636 legem
3641 4578 3704 4618 ac

439 4670 823 4725 Ἐλεύσονται
865 4672 936 4726 ἐν
973 4675 1227 4739 κόλποις
1268 4673 1513 4744 Ἀϐραὰμ
1553 4673 1651 4726 καὶ
1685 4671 1884 4726 Ἰσαὰκ
1915 4672 2013 4726 καὶ

2123 4672 2442 4743 prophetas,
2470 4668 2603 4723 Vetu
2618 4683 2752 4738 sque
2771 4667 3197 4722 Instrumentum
3225 4677 3527 4717 omnecum
3552 4658 3705 4712 Novo

440 4761 642 4816 Ἰακὼϐ
663 4764 733 4817 ἐν
756 4761 832 4831 τῇ
850 4764 1141 4833 βασιλείᾳ
1166 4763 1280 4818 τῶν
1305 4763 1600 4834 οὐρανῶν,
1619 4764 1716 4817 καὶ
1747 4764 2016 4818 ἀναπαύ-

2123 4765 2435 4828 convenire,
2458 4772 2510 4816 ut
2524 4775 2753 4830 rumque
2769 4760 2837 4813 ab
2857 4774 2967 4813 uno
2981 4757 3279 4826 eodemque
3295 4752 3403 4809 Deo
3426 4765 3700 4807 manasse.

427 4872 638 4910 σον-ται
667 4855 784 4908 ἀπὸ
817 4857 1146 4921 ἀνατολῶν,
1175 4859 1269 4912 καὶ
1305 4857 1374 4911 τὰ
1412 4859 1558 4931 ἑξῆς.
1610 4857 1778 4912 Πάλιν
1798 4857 1853 4910 δὲ
1875 4857 1934 4910 τὸ
1955 4857 2019 4909 ἐκ

2132 4855 2608 4925 Quemadmodum
2639 4868 2764 4907 cum
2789 4851 2958 4906 dicit:
3000 4849 3216 4904 Venient
3243 4847 3298 4900 in
3324 4846 3498 4900 sinum
3527 4843 3704 4896 Abra-

428 4947 726 5018 προσώπου
774 4949 936 5000 Δαϐὶδ
987 4949 1115 5019 περὶ
1161 4949 1326 5002 αὐτοῦ
1369 4949 1866 5021 προφητευόμενον,
1916 4947 2015 4999 τό’

2123 4953 2225 5013 hcc,
2251 4949 2412 5004 Isaac
2440 4956 2491 5002 et
2520 4947 2688 5001 Jacob
2720 4946 2773 4999 in
2805 4961 2959 5014 regno
2993 4940 3264 5005 caelorum,
3295 4949 3345 4994 et
3387 4937 3704 5009 requiescent

427 5037 618 5093 Εἶπεν
641 5042 674 5093 ὁ
710 5041 924 5108 Κύριος
953 5039 1033 5105 τῷ
1061 5042 1257 5108 Κυρίῳ
1285 5059 1439 5110 μουο
1469 5041 1666 5095 Κάθου
1704 5041 1772 5094 ἐκ
1809 5037 2021 5104 δεξιῶν

2125 5041 2191 5094 ab
2229 5038 2581 5104 Occidente“,
2633 5045 2740 5092 etc.
2791 5033 2922 5089 Item
2964 5032 3119 5096 illud,
3161 5030 3307 5102 quod
3360 5030 3417 5083 in
3467 5043 3702 5099 persona

422 5148 581 5200 μου·
638 5131 734 5184 καὶ
767 5131 928 5185 πάλιν
978 5133 1106 5202 παρ’
1137 5131 1304 5186 αὐτοῦ
1351 5132 1642 5203 λεγόμενον
1695 5133 1808 5194 τοῖς
1851 5131 2018 5200 Φαρι-

2121 5131 2343 5187 Davidis
2395 5130 2463 5185 de
2508 5146 2566 5184 se
2607 5127 2926 5198 prtediclum
2978 5125 3192 5179 fuerat:
3248 5122 3398 5175 Dixit
3443 5121 3704 5175 Dominus

431 5224 629 5287 σαίοιςο
664 5223 962 5278 Οὐδέποτε
996 5225 1322 5296 ἀνέγνωτεο
1359 5226 1541 5279 Λίθον
1566 5223 1640 5278 ὃν
1659 5222 2019 5290 ἀπεδοκίμα-

2121 5223 2350 5276 Domino
2385 5235 2529 5274 meo:
2562 5219 2694 5274 Sede
2722 5237 2754 5272 a
2782 5217 2983 5272 dextris
3007 5216 3188 5270 meis”.
3226 5213 3366 5268 Tum
3391 5213 3536 5283 quod
3565 5211 3702 5267 Pha-

428 5332 551 5370 σαν
578 5319 632 5370 οἱ
651 5317 1142 5387 οἱκοδομοῦντες;
1165 5319 1272 5371 Καὶ
1294 5318 1368 5380 ὡς
1396 5318 1425 5370 6
1451 5318 1667 5380 Λουκᾶς
1685 5313 2020 5368 διαϐεϐαιοῦ-

2118 5314 2294 5370 risaeis
2353 5312 2532 5366 dixit:
2574 5310 2929 5380 Nunquamne
2969 5309 3212 5378 legistis:
3261 5306 3514 5375 Lapidem
3553 5322 3702 5376 quem

429 5425 518 5462 ται
554 5410 718 5464 αὑτὸν
741 5411 833 5463 τὸν
854 5412 1084 5482 Σωτῆρα
1119 5411 1256 5482 μετὰ
1279 5412 1340 5464 τὸ
1366 5411 1663 5480 ἀναστῆναι
1695 5411 1760 5462 ἐκ
1791 5408 1899 5461 τῶν
1930 5425 2018 5460 νε-

2122 5407 2471 5476 reprobarunt
2507 5403 2942 5472 a’diﬁcantes”?
3003 5400 3202 5456 Eodem
3254 5402 3417 5454 etiam
3471 5400 3698 5468 pertinet

429 5501 578 5574 κρῶν
621 5495 802 5572 ὦφθαι
855 5503 998 5557 κατὰ
1046 5503 1147 5574 τὴν
1193 5504 1312 5557 ὁδὸν
1355 5506 1471 5568 τοῖς
1518 5505 1647 5574 περὶ
1694 5502 1785 5555 τὸν
1833 5499 2018 5554 Ναθα-

2121 5499 2268 5571 quod
2295 5499 2472 5553 Lucas
2501 5493 3066 5561 asserit,Salvatorem
3086 5509 3116 5548 a
3145 5494 3380 5548 mortuis
3405 5493 3719 5563 excitatum

503 5663 520 5692 ¹
553 5662 653 5716 lsa.
697 5675 792 5722 LII.
825 5661 881 5719 6.
957 5661 977 5691 ¹
1015 5659 1173 5714 Joan.
1209 5677 1263 5721 ν,
1302 5660 1391 5715 1⁸7.
1469 5659 1491 5692 ⁸
1528 5658 1719 5713 Matth.
1753 5673 1868 5722 nux,
1899 5659 2076 5727 isqq.
2152 5656 2163 5688 ⁴

2063 5697 2076 5709 ⁸
2152 5656 2172 5688 ι
2195 5655 2366 5727 Hebr.
2402 5653 2614 5727 me.
2793 5647 2935 5727 Tim.
2961 5666 3014 5710 v,
3046 5649 3265 5727 Ηέψι-ἱ
3388 5646 3550 5702 Joan.
3583 5642 3717 5727 vlui

431 5730 521 5785 56.
612 5731 632 5762 "
659 5717 880 5798 Joan.v,
911 5731 1000 5786 46.
1043 5732 1063 5763 ⁸
1094 5717 1285 5786 Matth.
1324 5747 1440 5796 vnn,
1464 5730 1552 5785 II.
1629 5730 1650 5760 °
1689 5717 1878 5784 Matth.
1908 5717 2118 5794 uni,“
2145 5745 2159 5794 ;
2189 5726 2332 5784 Psal.
2367 5741 2478 5789 (ιιι,
2512 5725 2558 5779 1.
2643 5723 2687 5754 ¹⁰
2720 5720 2910 5776 Matth.
2950 5736 3066 5789 xu,
3089 5719 3160 5774 4‘2
3185 5717 3199 5786 ζ
3229 5719 3376 5774 Psal.
3406 5735 3580 5781 cxvn,
3609 5717 3698 5770 2'2.

502 5885 618 5960 (51)
650 5887 786 5958 Περὶ
830 5887 900 5942 δὲ
926 5887 1044 5944 τῶν
1083 5887 1234 5944 κατὰ
1262 5888 1370 5956 τὰς
1419 5887 1586 5943 Θεοῦ.
1650 5884 1811 5942 Forte
1848 5885 1947 5957 τῆς
1993 5884 2148 5940 Θεοῦ.
