4204 6370
517 363 614 421 301
1946 348 2002 401 s.
2046 344 2383 402 emensam
3683 352 3789 407 393

518 475 863 539 Nathanacli,
903 490 965 529 ac
996 472 1251 543 Cleoplue
1276 471 1328 524 in
1360 470 1444 523 via
1471 468 1809 539 apparuisse.
1840 474 2001 535 atque
2032 481 2095 518 ex
2128 468 2175 521 Λ

2128 468 2175 521 Λ
2202 464 2338 535 ναὴλ
2375 464 2486 535 (52)
2523 467 2616 520 καὶ
2663 468 2752 522 τὸν
2786 470 3057 538 Κλεόπαν,
3086 472 3181 526 καὶ
3222 471 3440 536 τούτους
3471 469 3782 543 νενουθετηο

516 570 909 642 prophetarum
947 564 1278 620 testimoniis
1310 562 1684 623 admonuisse,
1710 560 1975 625 Quoniam
2020 559 2097 610 sic

2202 560 2354 612 κέναι
2386 560 2495 613 ἀπὸ
2518 561 2627 615 τῶν
2651 564 3090 633 προφητῶν,”οτι
3122 566 3311 633 οὕτως
3342 566 3460 619 ἔδει
3503 567 3610 619 τὸν
3649 568 3784 635 Χρι-

516 665 787 733 oportebat
822 661 1095 717 Christum
1129 659 1262 728 pali,
1289 666 1339 713 et
1373 673 1405 709 a
1451 656 1673 708 mortuis
1702 653 1856 708 tertia
1892 652 1976 705 die
2012 668 2096 705 re-

2200 650 2354 703 στὸν
2376 652 2605 719 παθεῖν,
2638 656 2735 708 καὶ
2767 659 2835 710 ἐκ
2864 658 3093 727 νεκρῶν
3122 658 3458 726 ἀναστῆναι
3505 657 3579 726 τῇ
3621 660 3781 728 τρίτῃ

515 757 786 828 surgere‘.
820 754 1106 810 Postremo
1151 750 1289 813 nihil
1322 749 1378 804 in
1408 755 1521 804 tota
1545 746 1748 802 Christi
1781 746 1892 799 vita
1921 744 2097 799 admi-

2198 744 2409 813 ἡμέρᾳ,
2440 748 2549 800 Καὶ
2574 749 2724 802 οὐδέν
2751 751 2899 803 ἐστιν
2927 750 3063 814 ὅλως
3091 750 3390 820 διαφωνοῦν
3418 751 3516 823 τῆς
3544 751 3635 804 τοῦ
3666 753 3784 805 Κυ-

518 846 957 914 nistrationcque
986 839 1258 904 cernitur,
1294 837 1441 907 quod
1471 850 1501 888 a
1533 834 1927 905 prophetarum
1957 831 2097 886 vati-

2205 838 2320 907 ρίου
2374 840 2641 911 ὲνσάρκου
2687 843 2991 913 παρουσίας
3020 843 3155 915 πρὸς
3195 844 3293 905 τὰς
3333 844 3441 897 τῶν
3488 843 3780 915 προφητῶν

516 939 676 993 ciniis
710 937 1022 991 abhorreat.

895 943 1022 991 reat.
2199 932 2555 1003 προφητείας·

588 1029 700 1084 Vll.
731 1028 809 1084 Ac
834 1029 901 1084 de
945 1026 1318 1082 Saturniliana
1364 1022 1558 1079 heresi
1608 1021 1896 1083 hactenus,
1941 1032 2009 1072 ne
2040 1017 2096 1071 in

2271 1026 2344 1078 Z'.
2388 1026 2529 1078 Ἀλλ’
2576 1026 2681 1090 ἓως
2728 1028 2919 1081 τούτου
2971 1029 3095 1100 περὶ
3137 1029 3236 1100 τῆς
3270 1029 3590 1101 Σατορνίλου
3623 1030 3776 1099 αἱρέι

516 1122 735 1178 stolidis
767 1122 891 1191 ejus
936 1118 1360 1190 quaastionibus,
1389 1116 1507 1187 68
1547 1126 1849 1181 earumque
1890 1108 2097 1173 refuta-

2201 1134 2337 1181 σεως
2389 1118 2648 1190 εἰρήσθω,
2678 1120 2766 1173 ἵνα
2816 1121 2891 1192 μὴ
2940 1122 3218 1175 ἀναλίσκω
3257 1123 3483 1193 χρόνους
3520 1124 3647 1192 περὶ
3681 1122 3779 1186 τὰς

516 1218 666 1272 tione
685 1227 900 1285 tempus
917 1221 1222 1268 conteram.
1249 1208 1361 1264 llac
1388 1209 1555 1279 igitur
1577 1206 1809 1271 omissa,
1838 1202 2097 1272 deinceps

2202 1208 2391 1279 μωρὰς
2448 1209 2611 1263 αὐτοῦ
2658 1210 2936 1281 ζητήσεις,
2964 1213 3057 1265 καὶ
3100 1213 3197 1274 τάς
3244 1213 3432 1265 τούτου
3470 1211 3778 1282 ἀνατροπὰς

517 1308 583 1362 ad
616 1307 865 1361 Basiliden
893 1302 1259 1373 condiscipuli
1292 1300 1462 1365 illius,
1495 1308 1549 1354 et
1580 1296 1783 1353 erroris
1815 1295 1949 1350 socii
1980 1294 2093 1348 lue-

2199 1301 2590 1367 ὲνειλούμενος.
2612 1304 2707 1356 Ἐκ
2737 1304 2941 1375 ταύτης
2974 1304 3033 1357 δὲ
3066 1304 3371 1376 παρελθὼν.
3403 1305 3531 1375 ἑξῆς
3556 1305 3650 1375 τὴν
3674 1305 3780 1358 Βα-

516 1400 667 1453 resin
717 1398 1096 1468 explicandam
1157 1409 1245 1449 me
1300 1391 1599 1448 conferam.
1655 1390 1834 1445 Ambo
1890 1388 2093 1459 quippe

2202 1392 2434 1444 σιλείδου
2467 1393 2560 1446 τοῦ
2594 1395 2956 1464 συσχολαστοῦ
2984 1396 3170 1449 τούτου
3199 1397 3292 1449 κα).
3322 1396 3777 1465 συνηπατημένου

513 1487 832 1544 corumdem
855 1488 1169 1557 dogmatum
1202 1484 1514 1554 participes,
1544 1483 1692 1537 velut
1720 1499 1751 1536 a
1773 1498 1832 1538 se
1861 1480 2093 1535 invicem

2196 1484 2441 1556 δηλώσω.
2472 1487 2777 1558 Μετέχουσι
2823 1489 2931 1559 γάρ
2962 1483 3129 1552 οὗτοι,
3178 1489 3255 1552 ὡς
3298 1489 3394 1541 ἀπ’
3419 1489 3663 1560 ἀλλήλων
3688 1488 3778 1540 τὸν

512 1596 725 1637 venena
778 1581 1013 1635 mutuati
1074 1589 1243 1645 sunt;
1306 1579 1384 1632 uti
1438 1578 1784 1632 notissimum
1838 1574 2094 1629 omnibus

2200 1579 2276 1631 ἱὸν
2323 1578 2721 1650 δανεισάμενοι,
2746 1581 2889 1634 κατὰ
2933 1581 3030 1653 τὴν
3064 1581 3271 1653 ὲναργῆ
3314 1581 3643 1652 παροιμίαν·
3688 1580 3778 1643 Ὠς

512 1674 866 1747 proverbium
890 1674 1091 1728 habet:
1126 1671 1410 1742 Tanquam
1448 1671 1597 1740 aspis
1628 1685 1656 1723 a
1689 1670 1872 1739 vipera
1902 1678 2093 1723 mutuo

2197 1671 2363 1734 ἀσπὶς
2406 1672 2538 1743 παρ’
2566 1673 2779 1741 ἐχίδνης
2806 1671 2918 1741 (55)
2967 1672 3042 1725 ἰὸν
3058 1670 3431 1741 δανειζομένη.
3464 1668 3625 1740 ὐμού
3670 1668 3778 1739 γάρ

512 1766 667 1822 virus
695 1766 989 1836 accipiens.
1020 1764 1278 1835 Ejusdem
1310 1764 1454 1816 enim
1486 1762 1687 1817 schol.c
1712 1763 1853 1815 inter
1874 1776 1933 1815 se
1962 1768 2091 1814 sunt
2126 1810 2167 1837 Β

2126 1810 2167 1837 ο
2196 1768 2303 1818 εἰσι
2344 1766 2444 1835 τῆς
2467 1760 2665 1836 σχολῆς
2691 1766 2785 1819 κα)⁵
2813 1766 3092 1837 συνεδρίου
3117 1766 3379 1837 ἀλλήλων.
3414 1766 3551 1818 Καθ’
3588 1762 3778 1816 ἑαυτὸν

514 1874 578 1914 ac
612 1840 943 1922 consessrﬁ;
978 1859 1197 1913 tametsi
1225 1872 1324 1911 sua
1357 1856 1593 1926 quisque
1629 1854 1852 1909 fundata
1896 1855 2087 1909 lueresi
2127 1840 2169 1868 ⁸³

2127 1840 2169 1868 D
2196 1858 2252 1911 δὲ
2293 1859 2523 1929 ἔστηκεν
2568 1860 2825 1930 ἑκάτερον
2850 1862 2869 1891 ³
2904 1860 3003 1931 τὴν
3043 1860 3254 1931 αἵρεσιν
3287 1858 3735 1930 προστησάμενος
3758 1870 3774 1887 ⁰

512 1952 806 2022 separatim
838 1951 1171 2007 constiterit.
1209 1949 1390 2015 Quare
1421 1949 1718 2019 nequitiam
1758 1948 1930 2017 ipsam
1963 1963 1992 2000 a
2034 1961 2094 2001 se

2196 1952 2289 2010 καὶ
2318 1952 2414 2023 τὴν
2455 1952 2553 2022 μὲν
2595 1954 2795 2008 κακίαν
2846 1954 2974 2025 παρ’
3005 1953 3251 2024 ἀλλήλων
3300 1951 3649 2025 ἠρανίσαντο,
3678 1952 3777 2021 τὴν

513 2054 706 2100 mutuo
735 2052 1114 2116 corrogarant,
1136 2045 1534 2099 dissensionem
1562 2058 1691 2098 vero
1722 2042 1863 2111 apud
1898 2056 1957 2095 se
1986 2043 2095 2111 pri-

2193 2043 2251 2095 δὲ
2287 2042 2584 2112 διαφωνίαν
2628 2046 2685 2096 ὲν
2730 2045 2913 2108 αὐτοῖς
2938 2046 3316 2115 ἐνεστήσαντο.
3346 2044 3468 2097 Εἴτε
3492 2039 3586 2097 οὖν
3620 2036 3776 2105 οὗτος

510 2138 677 2191 vatim
709 2138 1090 2193 instituerunt.
1118 2136 1222 2191 Sed
1251 2137 1365 2191 sive
1388 2136 1538 2205 prior
1565 2136 1665 2189 iste
1695 2135 1893 2204 viperae
1924 2135 2093 2187 instar

2194 2133 2349 2203 δίκην
2399 2134 2633 2205 ἐχίδνης,
2680 2135 2831 2206 παρά
2874 2134 2983 2187 τῶν
3030 2133 3293 2187 ἀνωτάτω
3342 2131 3647 2203 μετασχὼν,
3697 2130 3776 2201 τῷ

510 2229 658 2300 quod
708 2229 777 2284 ab
824 2228 1271 2285 antecessoribus
1323 2229 1586 2283 hauserat
1626 2226 1681 2280 id
1726 2228 1779 2279 in
1816 2218 2089 2281 Basiliden

2196 2226 2479 2299 Βασιλείδῃ
2515 2227 2901 2299 μεταδέδωκεν,
2937 2227 2969 2297 ἢ
3011 2228 3219 2290 ἐκεῖνος
3244 2225 3436 2295 τούτῳ,
3468 2226 3617 2294 ὅμως
3655 2222 3777 2277 ὀλέ-

509 2320 826 2387 transfudit,
860 2323 973 2378 sive
1007 2324 1095 2377 hic
1135 2324 1189 2376 in
1234 2323 1386 2377 illum
1428 2322 1633 2392 pctius,
1670 2336 1795 2375 cum
1838 2328 1891 2375 et
1936 2321 2091 2374 letale

2194 2318 2344 2391 θριος
2372 2319 2448 2373 ὢν
2476 2322 2505 2372 ὁ
2529 2321 2732 2375 τούτων
2766 2321 2863 2386 ἰὸς,
2892 2321 2985 2375 καὶ
3010 2318 3117 2375 ἀπὸ
3135 2320 3394 2372 τοιούτων
3419 2318 3665 2389 ἑρπετῶν
3684 2320 3778 2389 δρ-

509 2412 581 2466 sit
620 2428 909 2476 venenum,
944 2422 997 2467 et
1048 2412 1119 2466 ab
1167 2412 1480 2467 istiusmodi
1521 2412 1868 2483 serpentibus
1907 2412 2089 2481 profe-

2196 2413 2465 2484 μώμενος,
2492 2413 2579 2466 διὰ
2621 2415 2720 2483 τῆς
2751 2414 2843 2467 τοῦ
2882 2414 3088 2484 Κυρίου
3118 2412 3466 2474 διδασκαλίας
3499 2410 3777 2465 ἁντιδότου

509 2514 683 2568 ctum,
714 2504 925 2560 Christi
960 2504 1174 2559 Domini
1203 2506 1453 2560 doctrina
1478 2504 1631 2561 velut
1658 2504 1905 2560 antidoto
1932 2520 2089 2559 ener-

2192 2504 2347 2573 δίκην
2372 2506 2724 2576 ἀμαυρωθεὶς
2753 2523 2811 2558 τε
2837 2506 2933 2558 καὶ
2966 2504 3285 2575 ἀφανισθεὶς
3309 2504 3398 2573 ὑφ’
3417 2503 3574 2573 ἡμῶν
3605 2520 3777 2556 κατα-

507 2605 694 2651 vatum
745 2611 774 2650 a
823 2596 987 2652 nobis
1022 2606 1076 2651 et
1125 2598 1459 2653 exstinctum
1502 2598 1899 2668 relinquemus.
1947 2595 2086 2650 Tum

2192 2596 2475 2665 λελείφθω.
2493 2599 2683 2667 Ἡμεῖς
2706 2598 2762 2649 δὲ
2793 2598 2923 2653 Θεὸν
2956 2595 3215 2649 ὲπικαλού
3224 2612 3398 2666 μενοι,
3418 2594 3511 2646 ἐπὶ
3530 2592 3628 2655 τὰς
3650 2592 3775 2658 ὲξῖις

508 2690 798 2759 implorato
835 2688 928 2745 Dei
977 2690 1179 2743 auxilio
1232 2689 1298 2744 ad
1349 2690 1610 2760 reliquas,
1664 2704 1698 2743 ο
1746 2688 2085 2751 charissimi,

1131 2690 1179 2743 io
1232 2689 1298 2744 ad
1349 2690 1610 2760 reliquas,
1664 2704 1698 2743 ο
1746 2688 2085 2751 charissimi,
2197 2691 2385 2762 ἴωμεν,
2419 2685 2467 2745 ὧ
2497 2691 2791 2762 ἀγαπητοί.

511 2784 755 2839 haereses
791 2784 1095 2838 orationem
1132 2782 1600 2853 promovebimus.

893 2871 1173 2928 CONTRA
1202 2869 1698 2935 BASILIDIANOS,

1685 2912 1698 2935 ν
2579 2880 2769 2935 ΚΑΤΑ
2796 2877 3345 2940 ΒΑΣΙΛΕΙΔΙΑΝΩΝ,

786 2968 916 3033 Qum
947 2978 1027 3020 est
1061 2966 1278 3020 [Heresis
1317 2964 1419 3030 IV,
1457 2966 1561 3019 sive
1587 2964 1801 3019 XXIV.

1744 2964 1801 3018 νο
2545 2975 2788 3042 Αἵρεσις
2862 2972 2939 3035 Δ’,
2996 2974 3035 3040 ἠ
3114 2970 3213 3023 καὶ
3263 2974 3387 3023 KA'.

578 3062 619 3115 Ι.
642 3060 1123 3129 Basilides'igitur.
1151 3068 1384 3113 utantca
1409 3058 1669 3121 diximus,
1706 3058 1758 3111 in
1789 3057 2082 3127 [Egyptuin

2262 3071 2340 3122 A'.
2384 3068 2698 3139 Βασιλείδης
2725 3066 2836 3135 (54)
2873 3066 2970 3136 μὲν
2994 3059 3106 3127 οὖν,
3134 3064 3277 3117 καθά
3304 3065 3416 3118 ἅνω
3437 3060 3777 3134 προδεδήλω-

506 3152 788 3223 prol‘cctus
839 3152 1037 3206 ibidem
1073 3159 1450 3207 commoratus
1480 3159 1583 3206 est.
1618 3152 1747 3206 lude
1779 3152 1833 3206 in
1876 3152 2073 3207 Proso-
2114 3154 2156 3212 C

2115 3154 2156 3212 C
2188 3178 2297 3224 ται,
2333 3163 2390 3214 ὲν
2421 3162 2487 3231 τῇ
2514 3158 2620 3211 τῶν
2650 3158 2961 3227 Αἰγυπτίων
2992 3156 3147 3228 χώρᾳ
3176 3154 3524 3226 στειλάμενος
3553 3154 3651 3223 τὴν
3679 3170 3775 3205 πο-

506 3244 758 3313 piticam,
816 3252 871 3297 et
924 3243 1315 3297 Athribiticam
1370 3242 1755 3313 praefecturam
1812 3245 2086 3309 secessit;

2198 3253 2369 3324 ρείαν,
2406 3252 2583 3304 ἐκεῖσε
2630 3249 2729 3312 τάς
2774 3248 3058 3319 διατριϐὰς
3103 3248 3367 3299 ἐποιεῖτο·
3403 3242 3521 3298 εἶτα
3557 3244 3774 3315 ἔρχεται

506 3343 673 3402 atque
705 3333 869 3387 etiam
895 3333 948 3387 in
987 3332 1213 3398 Saitica,
1240 3343 1294 3388 et
1319 3333 1667 3390 Alexandria
1697 3344 1951 3390 versatus
1984 3344 2089 3398 est,

2192 3348 2273 3408 είς
2300 3344 2366 3397 τά
2401 3346 2539 3415 μέρη
2569 3342 2662 3395 τοῦ
2690 3341 3044 3412 Προσωπίτου
3072 3341 3166 3393 καὶ
3196 3338 3526 3407 Ἀθριϐίτου,
3556 3338 3615 3391 ού
3666 3336 3774 3407 μὴν

504 3428 561 3480 in
619 3426 1095 3497 Alexandrinoque
1154 3440 1308 3498 agro,
1380 3428 1495 3483 sive
1552 3444 1729 3483 nomo.
1792 3428 1884 3483 Sic
1943 3429 2089 3483 enim

2192 3436 2327 3489 ἀλλὰ
2373 3437 2467 3488 καὶ
2514 3436 2641 3505 περὶ
2690 3433 2780 3485 τὸν
2823 3432 3022 3501 Σαΐτην
3061 3431 3156 3483 καὶ
3201 3428 3632 3498 Ἀλεξάνδρειαν,
3679 3426 3775 3479 καὶ

506 3520 756 3592 ASgyptii
786 3521 1055 3591 cujusque
1078 3520 1315 3575 civitatis
1347 3536 1563 3591 agrum,
1596 3538 1661 3577 ac
1689 3523 2089 3592 circumjacen-

2205 3526 2764 3597 Ἀλεξανδριοπολίτην
2795 3525 2991 3596 χῶρον,
3017 3525 3135 3594 ἦτοι
3156 3522 3363 3589 νομόν.
3387 3519 3565 3588 Νομὸν
3589 3518 3697 3588 γὰρ
3724 3518 3777 3569 οἱ

505 3625 615 3667 tem
667 3614 944 3684 regionem
993 3614 1299 3668 nominant.
1354 3616 1533 3684 Atque
1573 3615 1699 3679 hoc,
1736 3617 1986 3685 quisquis
2032 3632 2091 3671 es

2192 3620 2477 3688 Αἰγύπτιοί
2516 3637 2645 3688 φασι
2672 3619 2769 3689 τὴν
2795 3618 3033 3685 ἑκάστης
3066 3614 3273 3677 πόλεως
3300 3612 3627 3684 περιοικίδα,
3655 3612 3780 3681 ἦτοι

505 3705 775 3759 doctrina:
802 3703 1055 3774 cupidus,
1095 3705 1163 3758 ad
1191 3721 1351 3760 usum
1384 3713 1538 3759 tuum
1572 3705 1822 3772 habebis,
1856 3707 2002 3776 quod
2038 3716 2092 3761 et

2193 3715 2517 3785 περίχωρον.
2570 3711 2764 3782 Εὖροις
2811 3710 2854 3762 δ’
2888 3710 2975 3771 ἂν,
3010 3703 3055 3761 ὦ
3086 3706 3353 3776 φιλολὸγε,
3382 3704 3477 3757 καὶ
3513 3703 3671 3756 τοῦτο
3696 3704 3772 3765 είς

507 3796 573 3851 ad
591 3796 974 3860 eruditionem,
997 3805 1049 3851 et
1068 3796 1135 3851 ad
1155 3799 1515 3868 quorumdam
1534 3800 1774 3854 locorum
1796 3800 2093 3870 perspicui-

2192 3807 2384 3860 ἑαυτοῦ
2414 3806 2702 3873 ὠφέλειαν,
2738 3803 2873 3874 πρὸς
2918 3800 3276 3871 φιλομάθειαν
3313 3798 3406 3850 καὶ
3454 3798 3772 3866 σαφήνειαν,

516 3898 685 3943 tatem
725 3886 930 3942 faciat:
959 3904 1068 3958 quo
1105 3890 1366 3943 nonnulla
1400 3906 1521 3954 qum
1554 3890 1606 3943 in
1652 3892 1826 3944 sacris
1870 3890 2089 3947 Litteris

2191 3901 2270 3959 εἰς
2289 3899 2308 3929 ³
2337 3897 2536 3966 εὐσεϐῆ
2568 3895 2823 3947 σύστασιν
2846 3892 2940 3946 καὶ
2962 3892 3159 3961 φράσιν
3186 3890 3293 3941 τῶν
3312 3893 3370 3941 ἐν
3394 3890 3460 3958 τῇ
3490 3886 3611 3957 θεία
3634 3887 3772 3956 Γρα-

508 3980 712 4048 scripta
741 3988 889 4037 sunt.
918 3987 972 4035 et
1002 3979 1335 4051 quibusdam
1368 3992 1589 4049 pr0pter
1616 3983 1889 4037 inscitiam
1926 3983 2087 4036 dubi-

2192 3993 2267 4060 φῇ
2296 3990 2584 4059 κειμένων,
2620 3987 2728 4039 τῶν
2758 3988 2837 4049 εἰς
2864 3985 3101 4056 ἀπορίας
3125 3984 3278 4046 τινας
3304 3981 3679 4053 ἐμϐαλλόντων
3702 3979 3770 4031 δι’

506 4074 769 4127 tationem
804 4073 1090 4143 injiciunt,
1119 4074 1370 4144 religiose
1414 4075 1762 4141 conﬁrmari,
1800 4077 2091 4145 explicari-

2191 4082 2467 4153 ἀπειρίαν.
2495 4082 2667 4133 Ὅπου
2726 4080 2834 4149 γάρ
2875 4079 2932 4129 ἐν
2976 4078 3052 4148 τῷ
3095 4078 3234 4147 ἁγίῳ
3288 4076 3541 4146 προφήτῃ
3576 4072 3773 4142 Ἡσαΐᾳ

505 4182 612 4235 que
646 4166 877 4235 possint.
908 4164 1234 4237 Ubicunque
1265 4169 1412 4223 enim
1451 4169 1593 4239 apud
1624 4169 1819 4224 Isaiam
1855 4170 2089 4239 prophe-

2190 4174 2371 4245 εὕροις
2415 4171 2802 4244 γεγραμμένον
2838 4171 2967 4241 περ).
2996 4168 3177 4239 νομῶν
3219 4166 3428 4229 πόλεως
3468 4166 3769 4233 Αἰγυπτια-

505 4267 617 4311 tam
680 4259 747 4313 de
806 4259 1049 4315 civitatis
1099 4260 1333 4331 alicujus
1391 4262 1602 4327 nomis,
1661 4271 1791 4333 puta
1850 4262 2084 4328 Tancos,

2191 4267 2320 4332 κῶν,
2349 4261 2459 4319 οἷον
2485 4266 2722 4328 Τάνεως,
2754 4264 2786 4334 ἢ
2819 4264 3115 4333 Μέμφεως,
3146 4260 3181 4331 ἦ
3211 4259 3374 4328 νομοῦ
3420 4258 3522 4328 τῆς
3567 4257 3771 4309 Βουϐά-

506 4350 795 4420 Memphis,
833 4352 918 4407 vel
952 4351 1249 4408 Bubastico
1280 4355 1546 4425 scriptum
1588 4356 1795 4425 aliquid
1826 4356 2085 4426 reperies,

2192 4378 2337 4423 στου,
2370 4356 2756 4427 Αίγυπτιακῶς
2782 4355 2877 4425 τὴν
2902 4354 3206 4426 περίχωρον
3226 4352 3247 4382 ⁸
3269 4352 3367 4421 τῆς
3387 4348 3651 4420 τυχούσης
3675 4349 3772 4401 πό-

509 4443 747 4511 idipsum
782 4458 846 4498 ex
884 4442 1269 4515 Egyptiorum
1305 4462 1459 4501 more
1484 4448 1960 4517 circumjaccntem
1992 4466 2087 4505 cu-
2119 4508 2162 4522 _

2119 4508 2162 4522 _
2189 4453 2326 4515 λεως
2356 4452 2633 4522 σημαίνει.
2676 4450 2786 4503 Καὶ
2828 4447 2985 4500 τοῦτο
3016 4444 3373 4517 φιλομαθείας
3398 4445 3561 4496 ἓνεκα
3598 4444 3764 4513 ἑρμηο

500 4537 812 4605 juscunque
859 4537 1099 4592 civitatis
1146 4554 1338 4609 agrum
1381 4540 1691 4610 signiﬁcat;
1722 4542 1867 4611 quod
1901 4542 2086 4597 erudi-
2118 4508 2160 4567 Β

2118 4508 2168 4567 D
2196 4541 2571 4599 νευέσθωῘἯν
2602 4542 2731 4612 γοῦν
2776 4543 2833 4594 ὲν
2883 4544 2994 4604 τοῖς
3036 4539 3294 4601 τοιούτοις
3321 4536 3506 4599 τόποις
3529 4538 3557 4587 ὁ
3588 4552 3771 4605 προει-

510 4628 676 4683 tionis
715 4643 881 4683 causa
920 4630 1201 4685 declarare
1242 4632 1539 4686 voluimus.
1600 4631 1882 4701 Ejusmodi
1923 4635 2089 4705 igitur

2201 4657 2265 4711 ρη
2276 4638 2435 4708 μένος
2455 4636 2699 4707 ἀγύρτης
2730 4634 2827 4703 τὴν
2848 4633 3127 4687 διαϐίωσιν
3151 4630 3310 4700 ἔχων,
3338 4628 3397 4693 ἐξ
3421 4622 3496 4681 ὧν
3528 4627 3772 4697 φαίνεται

506 4720 560 4774 in
596 4721 730 4776 locis
780 4721 848 4787 is,
884 4737 1046 4790 quem
1104 4723 1363 4787 diximus,
1412 4724 1711 4779 circulator
1762 4726 2012 4796 degebat,
2059 4745 2089 4783 e

2200 4735 2233 4803 ἡ
2266 4734 2358 4785 καὶ
2406 4734 2487 4795 εἰς
2518 4730 2679 4801 δεῦρο
2718 4729 3042 4799 ἀκμάζουσα
3084 4726 3248 4779 αὑτοῦ
3294 4724 3527 4793 αἵρεσις,
3562 4726 3625 4776 ὲκ
3672 4720 3772 4789 τῆς

505 4816 709 4884 quibus
758 4825 1021 4886 quantum
1068 4829 1313 4888 apparet,
1358 4821 1471 4875 haec
1515 4822 1630 4891 ipsa
1674 4839 1796 4895 qua:
1845 4824 1900 4878 in
1946 4826 2087 4880 hanc

2198 4826 2361 4879 αύτοῦ
2386 4822 2733 4885 διδασκαλίας
2767 4821 3011 4874 λαϐοῦσα
3035 4820 3133 4891 τὴν
3155 4819 3447 4891 πρόφασιν.
3485 4818 3594 4871 Καὶ
3617 4816 3772 4889 ἀρχε-

577 4978 591 5007 ¹
626 4976 759 5034 Luc.
795 4995 946 5045 xxuv,
977 4978 1067 5032 46.
1144 4979 1163 5009 ¹
1191 4978 1249 5033 F.
1283 4979 1562 5050 ἑκάτερος.
1642 4981 1663 5012 ⁸
1704 4978 1763 5034 F.
1808 4983 1903 5034 καὶ
1930 4986 2031 5047 εἰς.
2108 4984 2131 5015 ⁸
2166 4982 2235 5038 ν.

977 4978 1067 5032 46.
1144 4979 1163 5009 ¹
1191 4978 1249 5033 F.
1283 4979 1562 5050 ἑκάτερος.
1642 4981 1663 5012 ⁸
1704 4978 1763 5034 F.
1808 4983 1903 5034 καὶ
1930 4986 2031 5047 εἰς.
2108 4984 2131 5015 ⁸
2166 4982 2235 5038 ν.
2264 4984 2610 5054 περίμετρον.

571 5136 685 5203 (5‘2)
718 5136 845 5202 Τοῖς
886 5138 1019 5204 περὶ
1070 5137 1177 5191 τὸν
1224 5136 1574 5203 Ναθαναήλ.
1638 5138 1712 5191 De
1766 5140 1937 5194 altero
1996 5141 2087 5195 illo
2197 5138 2231 5193 Ρ

1485 5136 1574 5203 tu.
1638 5138 1712 5191 De
1766 5140 1937 5194 altero
1996 5141 2087 5195 illo
2197 5138 2457 5194 Provcrh.
2492 5142 2787 5208 Στρωματ.
2818 5135 2878 5190 Ρ.
2912 5136 3145 5197 Schotti.

498 5209 752 5276 Cleophte
797 5209 947 5263 socio
987 5208 1274 5280 aliiialiter
1304 5210 1642 5263 existimant.
1688 5208 1938 5280 Plerique
1979 5215 2087 5268 Lu-

1880 5228 1938 5266 ue
1979 5215 2087 5268 Lu-
2199 5279 2202 5280 ν
2276 5212 2365 5272 Ὠς
2391 5212 2553 5273 ἀσπὶς
2569 5206 2710 5280 ⁷παρ’
2747 5208 3076 5280 ἐχίδνης-τὸν
3120 5208 3195 5260 ίὺν
3220 5206 3540 5280 δανείζεται.

500 5296 618 5331 iam
667 5295 787 5333 esse
841 5279 1103 5347 suspicati
1158 5286 1306 5332 sunt.
1354 5281 1676 5334 Ambrosius
1728 5276 2083 5339 Amriiaouem
2194 5279 2427 5341 Tertul,
2457 5282 2546 5332 lib.
2596 5276 3245 5339 ιιι’(Ῑοιι1να’Μανείοη.,
3293 5294 3415 5345 eap.
3448 5278 3518 5330 8:
3558 5276 3773 5330 Desinat

499 5350 645 5402 hunc
677 5358 856 5403 vocat.
906 5350 1124 5403 Videtur
1144 5351 1305 5407 enim.
1344 5351 1419 5402 ait
1463 5350 1531 5402 ad
1590 5350 1747 5405 Luca:
1776 5368 1825 5405 c.
1852 5370 2000 5415 xxxv,
2029 5370 2085 5406 se
2194 5368 2331 5404 nunc
2352 5352 2625 5404 hmreticus
2656 5368 2686 5403 a
2708 5348 2920 5414 Judwo,
2966 5350 3130 5413 aspis,
3154 5348 3291 5419 quod
3317 5353 3487 5413 aiunt,
3516 5366 3547 5400 α
3579 5348 3772 5414 vipera,

502 5420 616 5470 istis
656 5436 731 5472 xu
774 5420 1204 5483 demonstrasse;
1244 5422 1377 5473 sicut
1418 5436 1470 5473 se
1520 5422 1798 5473 Ammaom‘
1841 5434 1889 5476 et
1933 5427 2085 5479 (Λεο-
2192 5422 2425 5474 mutuari
2459 5438 2725 5475 venenum.

500 5489 615 5551 rho:
634 5506 873 5561 seorsum
891 5492 1007 5559 jam
1033 5508 1235 5559 vespere
1263 5491 1731 5549 dmuonstrurerat.
1766 5493 1869 5547 Sed
1899 5496 2091 5551 deesse

2267 5494 2376 5561 (54)
2421 5493 2795 5557 Βασιλείδης.
2834 5491 3098 5545 Basilides
3131 5489 3194 5543 ad
3228 5490 3486 5561 Antonini
3522 5490 3599 5542 Pii
3637 5497 3774 5542 tem-

502 5560 642 5625 ame
699 5562 1048 5615 Ambrosium
1111 5562 1314 5631 aliquid
1380 5564 1650 5631 suspiCor.
1708 5562 1843 5617 Nam
1876 5567 2092 5621 videtur
2192 5559 2327 5632 pora
2356 5559 2509 5627 vixit,
2544 5571 2601 5632 ut
2624 5562 2697 5614 ait
2725 5564 2980 5632 Clemens
3010 5559 3409 5614 Alexandrinus
3435 5577 3505 5614 vu
3544 5562 3771 5623 Strom.,

502 5632 805 5703 Ληιηιῃυηὲ,
836 5634 938 5684 loci
969 5630 1292 5703 vocabulum
1338 5630 1492 5694 esse,
1534 5634 1635 5687 levi
1677 5635 2090 5703 depravatione,
2193 5630 2286 5703 qui
2310 5632 2529 5703 quidem
2564 5630 2842 5703 Glauciam
2889 5631 3030 5685 Petri
3068 5634 3417 5703 interpretem
3454 5632 3774 5703 magistrum

505 5714 603 5775 pro
638 5700 963 5775 i'2:n_m:iunti.
1000 5702 1170 5757 Porro
1198 5703 1423 5758 alterius
1446 5703 1703 5775 discipuli
1729 5700 1928 5762 nomen
1961 5709 2088 5762 sub-
2194 5700 2355 5775 suum
2380 5702 2645 5775 jactabat.
2669 5702 2742 5775 De
2774 5702 3139 5775 hoesparsim
3172 5703 3313 5775 idem
3333 5702 3770 5775 Alexandrinus:

503 5770 860 5841 stitueudum.
1590 5770 1608 5775 “
2194 5770 2432 5829 lrenmus
2461 5789 2591 5827 vero
2624 5773 2799 5827 fusius
2842 5770 2949 5825 lib.’
2989 5788 3026 5835 ι,
3074 5787 3195 5841 cap.
3230 5771 3319 5828 23.
3369 5770 3638 5829 Eusebius
3675 5771 3775 5827 lib.

574 5840 687 5911 (53)
736 5842 831 5907 Ὠς
888 5843 1076 5907 ἀσπὶς
1135 5843 1268 5911 παρ’
1309 5843 1571 5913 ἐχίδνης.
1632 5844 1687 5902 ln
1731 5848 2091 5907 Collectancis
2196 5862 2234 5901 ll

1656 5864 1687 5902 n
1731 5848 2091 5907 Collectancis
2196 5862 2247 5901 xv
2280 5845 2447 5910 Hist,
2480 5860 2599 5915 cap.
2630 5845 2683 5914 6,
2716 5844 2985 5901 Theudor.
3024 5859 3087 5899 ac
3113 5840 3313 5898 cieteri.
