4204 6370
432 354 537 406 3n!)

429 488 515 521 ται
570 468 668 539 μὲν
715 467 1009 538 κηρύττειν
1042 467 1344 541 ὑπερϐολὴν
1374 469 1516 540 ὑπὲρ
1551 468 1641 522 τὸν
1676 467 1973 539 σχολαστὴν
1997 470 2011 499 ¹

428 560 592 613 αὐτοῦ
622 559 817 630 γόητα,
844 559 934 613 τὸν
963 560 1397 627 καταλειφθέντα
1430 561 1523 613 ἐπὶ
1554 562 1653 630 τῆς
1684 561 1902 632 Συρίας,
1932 560 2018 612 ἵνα

429 652 591 720 δῆθεν
620 651 689 704 τὰ
723 651 862 721 ὑπὲρ
904 654 1110 705 ἐκεῖνον
1145 652 1501 723 διηγούμενος
1549 653 1677 725 δόξῃ
1720 652 2016 721 φαντασια-

432 745 544 803 ζειν
580 743 741 796 πλέον
788 744 915 805 τοὺς
962 743 1280 807 ἀκούοντας,
1307 743 1637 812 ἀρέσκεσθαί
1669 761 1728 796 τε
1766 745 1860 796 καὶ
1896 760 2019 795 συν·

432 835 674 905 αγείρειν
722 835 903 906 πλήθη
947 837 1088 907 ὑπὲρ
1120 837 1210 891 τὸν
1241 838 1456 907 ἑταῖρον
1480 838 1645 890 αὑτοῦ
1676 836 2016 908 Σατορνῖλον.

432 924 542 977 Καί
571 942 717 988 τινες
744 924 931 978 λοιπὸν
959 926 1347 995 φαντασιὼδεις
1395 928 1716 998 μυθοποιίας
1751 928 2021 998 ὑπερϐαλ-

433 1016 807 1087 λόμενος(55),
832 1017 1058 1088 ἄρχεται
1086 1019 1185 1088 μὲν
1210 1018 1411 1081 οὕτως’
1443 1021 1512 1072 τὰ
1541 1020 1713 1091 ἀληθῆ
1739 1020 1794 1073 δὲ
1824 1023 2017 1087 εἰπεῖν,

432 1110 533 1162 οὐκ
556 1110 663 1163 ἀπὸ
690 1110 791 1179 τῆς
820 1111 1011 1165 ἑαυτοῦ
1036 1114 1241 1177 ἐννοίας
1271 1112 1636 1184 ἐναρξάμενος
1668 1116 1795 1184 ἡμῖν
1826 1113 1893 1166 τὰ
1914 1115 2016 1167 δειο

435 1200 505 1253 νά
535 1217 591 1252 τε
623 1201 717 1252 καὶ
761 1201 1035 1273 ὀλετὴρια,
1073 1203 1208 1255 αλλά
1240 1203 1542 1275 προφάσεις
1586 1204 1766 1256 λαϐὼν
1810 1205 1875 1257 ὲκ
1924 1203 2019 1257 τοῦ

435 1290 756 1362 Σατορνίλου
804 1292 899 1345 καὶ
949 1293 1193 1364 Σίμωνος
1221 1294 1315 1347 τοῦ
1349 1294 1839 1366 προεληλεγμένου.
1885 1294 2019 1347 Βού-

435 1376 586 1431 λεται
618 1379 676 1432 δὲ
707 1380 909 1451 ἑτέρως
953 1382 1094 1434 αὐτὰ
1130 1384 1555 1455 μεταχειρίζειν,
1588 1386 1682 1437 καὶ
1730 1387 1809 1449 είς
1857 1385 2019 1454 ὄγκον

439 1472 661 1542 μείζονα
682 1473 987 1544 διηγεῖσθαι
1010 1475 1077 1528 τὰ
1110 1476 1550 1549 μυθολογήματα.

1086 348 1457 407 ADVERSUS
1499 350 1845 407 EIASRESES
1886 350 2012 409 LIB.
2054 351 2094 404 l.
2140 347 2301 404 ΤΟΜ.
2347 346 2413 400 ll.
2456 376 2525 387 —
2564 338 3071 398 liASRES.‘XXlV.

2048 500 2092 556 Α
2119 466 2261 520 diem
2307 465 2451 535 viget
2504 434 2650 516 illius
2694 458 2919 513 haeresis
2965 453 3244 556 proﬂua“,
3291 466 3415 523 quae
3464 450 3534 553 ab
3574 451 3698 556 elj‘us

3586 331 3697 391 510

2120 556 2410 626 disciplina
2440 555 2784 608 occasionem
2817 556 2981 618 atque
3020 545 3285 617 originem
3324 543 3559 612 accepit.
3594 540 3700 607 Qui

2121 649 2341 720 quidem
2379 648 2771 719 prmstigiatore
2806 645 2898 698 illo
2952 656 3053 697 suo
3088 640 3491 710 condiscipulo,
3537 654 3701 709 quem

2123 745 2178 798 in
2224 742 2377 813 Syria
2409 741 2521 813 69
2562 739 2885 809 reliquerat,
2931 736 3140 806 majora
3185 734 3358 788 multo
3407 732 3703 802 praedicare

2124 836 2312 905 coepit,
2346 844 2406 888 ut
2441 833 2861 888 sublimioribus
2894 844 3061 901 quam
3103 822 3193 883 ille
3232 825 3533 881 tractandis
3604 821 3702 876 do-

2125 926 2397 995 gmatibus
2419 926 2680 994 majorem
2730 922 3070 977 auditoribus
3098 920 3214 975 suis
3247 917 3432 972 fucum
3480 914 3701 977 faceret,

2128 1020 2431 1089 iisdemque
2468 1019 2773 1088 impensius
2797 1015 3087 1078 arrideret,
3112 1028 3174 1068 ac
3197 1012 3382 1083 plures
3407 1008 3581 1065 sodali
3606 1023 3709 1063 suo

2130 1112 2410 1167 Saturnilo
2473 1118 2775 1166 sectatores
2828 1108 3135 1178 colligeret.
3198 1106 3390 1175 Itaque
3444 1100 3709 1157 fabulosis

2128 1205 2456 1276 quibusdam
2478 1204 2717 1274 adjectis
2739 1203 2971 1261 somniis
3005 1203 3151 1258 hunc
3189 1202 3244 1256 in
3278 1198 3501 1256 modum
3543 1212 3709 1253 exor-

2130 1313 2226 1354 sus
2255 1304 2361 1354 est.
2392 1296 2520 1363 Sed,
2558 1305 2619 1352 ut
2655 1298 2801 1369 quod
2844 1312 2933 1352 res
2966 1304 3051 1351 est
3092 1295 3296 1359 dicam,
3344 1307 3455 1348 non
3494 1290 3585 1346 ille
3613 1303 3713 1361 per

2128 1404 2250 1445 sese
2293 1404 2357 1443 ac
2396 1398 2591 1459 suopte
2621 1389 2843 1460 ingenio
2882 1388 3002 1443 dira
3055 1388 3154 1442 illa
3203 1402 3267 1441 ac
3292 1383 3556 1456 pestifera
3612 1380 3714 1436 do-

2127 1490 2309 1551 gmata
2336 1481 2546 1551 primus
2572 1464 2925 1552 excogitavit,
2964 1480 3060 1536 sed
3108 1495 3138 1533 a
3179 1477 3481 1543 Saturnilo,
3519 1490 3585 1531 ac
3620 1471 3713 1529 Si-

438 1578 598 1618 mone
625 1563 800 1634 Mago,
845 1582 1009 1636 quem
1049 1582 1217 1638 supra
1260 1570 1643 1637 refutavimus,
1686 1571 1890 1650 erroris
1922 1580 2243 1640 argumenta
2274 1580 2558 1629 mutuatus
2613 1581 2719 1637 est.
2782 1587 2899 1642 quae
2932 1571 3041 1626 alia
3102 1571 3320 1625 ratione
3364 1576 3605 1624 tractare
3661 1575 3716 1623 et

437 1660 647 1723 majore
680 1671 805 1710 cum
836 1673 1035 1729 pompa
1065 1676 1331 1717 enarrare
1362 1664 1620 1719 instituit.

508 1749 653 1811 Ὅτι,
684 1751 868 1820 φησὶν,
902 1747 970 1822 ἦν
1002 1752 1061 1805 ἓν
1087 1754 1150 1807 τὸ
1181 1754 1464 1826 ἀγένητον,
1484 1757 1512 1809 ὃ
1549 1757 1704 1827 μόνος
1742 1758 1860 1810 ἐστὶ
1887 1756 2023 1810 πάν-

438 1855 546 1891 των
601 1842 807 1912 πατήρ.
854 1842 950 1895 Ἐκ
996 1843 1185 1896 τούτου
1220 1845 1609 1916 προϐέϐληται,
1660 1847 1815 1917 φησὶ,
1844 1843 2021 1910 Νοῦς’

2194 1755 2358 1821 Erat,
2404 1755 2615 1826 inquit,
2664 1754 2943 1827 ingenium
2996 1766 3165 1806 unum
3215 1748 3572 1821 principium,
3619 1747 3716 1818 qui

2124 1848 2275 1901 solus
2302 1854 2385 1902 est
2413 1848 2658 1901 omnium
2688 1860 2904 1916 parens.
2944 1844 3026 1897 Ab
3061 1843 3163 1896 hoc
3193 1847 3481 1910 procreata
3512 1838 3664 1893 Mens
3690 1857 3706 1903 ;

440 1931 507 1983 ὲκ
539 1931 596 1984 δὲ
624 1932 717 1985 τοῦ
743 1931 855 1986 Νοῦ
891 1934 1064 2003 Λόγος
1083 1952 1096 1965 ·
1134 1936 1199 1989 ὲκ
1218 1936 1276 1989 δὲ
1302 1937 1397 1989 τοῦ
1427 1939 1600 2005 Λόγου
1630 1940 1921 2011 Φρόνησις’
1960 1942 2023 1993 ὲκ

2135 1941 2353 1994 aMente
2373 1938 2640 2003 Verbum;
2674 1938 2742 1991 ab
2764 1937 2867 1990 hoc
2896 1935 3215 1999 Prudentia,
3247 1949 3277 1988 a
3307 1948 3416 2004 qua
3440 1930 3629 1986 Virtus
3654 1938 3713 1985 et

437 2021 495 2072 δὲ
540 2021 642 2090 τῆς
689 2023 1010 2094 Φρονήσεως
1061 2023 1305 2097 Δύναμις
1361 2027 1457 2079 καὶ
1490 2028 1695 2096 Σοφία·
1734 2030 1799 2082 ἐκ
1843 2030 1899 2081 δὲ
1931 2031 2030 2100 τῆς

441 2108 734 2177 Δυναμεώς
776 2128 834 2162 τε
870 2112 963 2164 καὶ
999 2112 1199 2181 Σοφίας
1246 2117 1433 2185 ἀρχαὶ,
1480 2118 1742 2183 ἐξουσίαι,
1789 2120 2029 2188 ἄγγελοι.

454 2201 548 2251 ’ἰ-Ῑκ
576 2200 633 2253 δὲ
670 2201 877 2255 τούτων
907 2203 1017 2256 τῶν
1047 2204 1331 2276 δυνάμεών
1360 2225 1420 2260 τε
1454 2211 1547 2262 καὶ
1592 2210 1840 2279 ἀγγέλων
1870 2228 2031 2281 γεγο-

442 2293 588 2345 νέναι
637 2293 909 2364 ἀνώτερον
959 2295 1173 2367 πρῶτον
1202 2299 1455 2369 ούρανὸν,
1502 2302 1595 2355 καὶ
1622 2303 1885 2371 ἀγγέλους
1920 2304 2033 2357 ἐτέ-

447 2400 573 2453 ρους
606 2383 665 2450 ἐξ
698 2385 878 2439 αὐτῶν
912 2387 1213 2456 γεγονέναι.
1252 2390 1392 2453 Τοὺς
1436 2392 1493 2444 δὲ
1528 2394 1620 2446 ὑπ’
1657 2395 1834 2447 αὐτῶν
1875 2412 2035 2465 γεγο-

444 2476 603 2539 νότας
636 2477 903 2545 ἀγγέλους
932 2481 1291 2549 πεποιηκέναι
1325 2477 1479 2546 αὖθις
1507 2483 1756 2555 δεύτερον
1786 2487 2034 2560 οὐρανὸν,

448 2570 545 2621 καὶ
578 2571 772 2634 αὐτοὺς
799 2572 857 2625 δὲ
902 2575 1064 2627 πάλιν
1106 2577 1465 2645 πεποιηκέναι
1510 2578 1777 2645 ἀγγέλους
1800 2596 1812 2607 ⁸
1862 2582 1956 2635 καὶ
1986 2583 2035 2633 οἱ

446 2660 507 2723 ἐξ
536 2661 715 2715 αὐτῶν
745 2663 1023 2733 γενόμενοι
1066 2666 1249 2727 τρίτον
1290 2664 1444 2731 αὖθις
1475 2669 1840 2740 πεποιήκασιν
1875 2670 2037 2741 οὐρα-

442 2755 566 2805 νόν·
599 2755 694 2808 καὶ
734 2753 910 2821 οὔτως
939 2759 987 2810 οἱ
1021 2758 1145 2811 καθ’
1177 2762 1272 2812 ἕνα
1310 2759 1539 2831 οὐρανὸν
1568 2764 1647 2823 εἰς
1675 2758 1829 2827 αὖθις
1860 2764 1879 2794 ³
1920 2764 2037 2817 ἓτε-

2138 2032 2419 2103 Sapientia
2450 2030 2674 2102 prodiit.
2724 2030 2807 2085 Ab
2858 2038 3092 2098 utraque
3135 2042 3299 2098 porro
3354 2024 3717 2096 principatus,

2135 2132 2433 2195 potestates
2460 2133 2515 2179 et
2542 2122 2739 2193 angeli.
2788 2121 2993 2177 Deinde
3022 2121 3253 2175 virtutes
3294 2117 3585 2188 angelique
3628 2115 3720 2172 isti

2136 2216 2371 2286 primum
2400 2230 2463 2269 ac
2496 2230 2812 2285 supremum
2863 2213 3062 2267 crnlum
3106 2211 3301 2272 moliti,
3345 2209 3567 2280 angelos
3595 2223 3722 2262 rur-

2138 2325 2258 2364 sum
2290 2309 2429 2364 alios
2470 2315 2861 2379 prOpagarunt.
2892 2305 2998 2372 Qui
3025 2313 3079 2360 et
3115 2303 3221 2375 ipsi
3265 2303 3567 2360 secundum
3602 2315 3717 2355 caa-

2142 2401 2252 2454 lum
2282 2398 2531 2453 fabricati
2569 2405 2719 2458 sunt,
2762 2406 2818 2451 et
2870 2396 3006 2451 alios
3050 2395 3278 2464 insuper
3321 2393 3547 2463 angelos
3592 2406 3723 2462 pro-

2140 2493 2438 2547 duxerunt.
2492 2487 2557 2542 Hi
2606 2489 2825 2543 tertium
2882 2487 3132 2557 adjecere
3178 2485 3402 2549 cmlum,
3441 2492 3607 2554 atque
3645 2484 3724 2537 ita

2140 2583 2456 2654 singillatim
2502 2598 2613 2637 uno
2648 2590 2771 2652 post
2810 2580 2956 2634 aliud
3004 2578 3144 2634 coelo
3178 2577 3474 2633 identidem
3522 2575 3727 2633 consti-

2138 2683 2255 2730 tuto
2287 2675 2355 2730 ad
2384 2689 2589 2729 cccuv
2616 2674 2931 2744 perficiunt,
2961 2686 3100 2741 quos
3144 2686 3175 2723 a
3218 2671 3394 2740 primo
3433 2683 3724 2739 supremo-

2138 2783 2244 2838 que
2278 2767 2343 2821 ad
2379 2767 2432 2821 id
2461 2768 2605 2839 quod
2637 2767 2796 2821 nobis
2819 2767 3071 2821 citimum
3110 2772 3195 2821 est
3228 2769 3577 2821 enumerant.

444 2866 538 2920 ρον
568 2852 662 2904 καὶ
703 2852 921 2921 ἑτέρους
966 2854 1497 2919 κατασκευάζοντας,
1530 2857 1656 2928 ἄχρι
1680 2860 2005 2927 τριακοσίων
2044 2862 2471 2935 ἑξηκονταπέντε
2518 2861 2762 2934 οὐρανῶν
2809 2861 3103 2933 ἐληλύκασι
3155 2861 3176 2892 ³
3225 2860 3314 2914 τὸν
3354 2857 3589 2930 ἀριθμὸν
3615 2854 3726 2909 ἀπὸ

443 2941 535 2994 τοῦ
565 2942 840 2995 ἀνωτάτου
876 2944 980 3008 ἕως
1008 2946 1198 3000 τούτου
1226 2948 1320 3001 τοῦ
1353 2947 1474 3001 καθ’
1507 2951 1653 3019 ἡμᾶς
1687 2951 1935 3022 ούρανοῦ.

514 3035 588 3088 B'.
638 3037 1033 3107 Ἀφραινόντων
1066 3039 1110 3091 δ’
1131 3039 1197 3093 ἂν
1232 3039 1318 3110 εἴη
1348 3040 1507 3095 τοῦτο
1538 3044 1826 3111 ἐπαγωγὸν
1856 3045 1915 3097 τὸ
1946 3064 2033 3098 πι-

2214 3039 2279 3094 ll.
2319 3039 2424 3095 Sed
2460 3040 2577 3095 haec
2609 3039 2862 3112 ﬁgmenta
2893 3041 3112 3096 nonnisi
3142 3040 3465 3111 insipientes
3502 3040 3726 3096 allicere

448 3130 663 3181 στεύειν
704 3132 772 3200 τῇ
818 3128 1073 3200 μανιώδει
1105 3130 1269 3199 αὐτοῦ
1299 3132 1555 3204 φλυαρίᾳ.
1590 3135 1837 3199 Συνετοῖς
1859 3135 1916 3188 δὲ
1945 3138 2031 3190 εὑ-

2144 3140 2394 3203 possunt,
2422 3140 2482 3186 ut
2526 3133 2738 3190 insanis
2768 3134 2988 3187 illorum
3022 3133 3184 3204 nugis
3217 3132 3374 3187 [idem
3413 3147 3727 3186 accommo-

445 3215 771 3286 θυέλεγκτος
802 3220 896 3273 καὶ
922 3220 1173 3291 ληρώδης
1189 3224 1217 3274 ὁ
1237 3222 1427 3276 τούτου
1451 3224 1606 3292 λόγος
1642 3227 1737 3278 καὶ
1761 3228 1794 3297 ἡ
1820 3226 2035 3298 γνώμη,

445 3309 564 3372 πῶς
620 3314 699 3374 εἰς
742 3312 1189 3383 ὑπερϐάλλουσαν
1248 3316 1344 3369 καὶ
1395 3315 1623 3388 ἄπειρον
1671 3320 2037 3390 κακοτροπίαν

445 3400 724 3467 ὲξετόπισε
777 3405 876 3475 τὴν
929 3405 1122 3459 ἑαυτοῦ
1178 3407 1423 3479 γνώμην.
1482 3408 1687 3480 Ὀρίζει
1734 3410 1877 3483 γὰρ,
1938 3412 2034 3475 ὡς,

444 3494 588 3547 κατὰ
638 3498 919 3565 ποιητικόν
962 3515 1087 3551 τινα
1132 3499 1525 3570 ἐνθουσιασμὸν
1572 3502 1939 3573 ὲμϐροντηθὲν
1979 3504 2039 3555 τὸ

444 3586 677 3639 ἐλεεινὸν
710 3588 1113 3660 ἀνθρωπάριον,
1144 3592 1385 3662 ὀνόματα
1427 3593 1641 3664 ἑκάστῳ
1669 3594 1889 3664 ἄρχοντι
1922 3593 2029 3646 τῶν

444 3678 690 3748 οὐρανῶν
728 3679 1079 3750 ἐκτιθέμενον
1124 3682 1261 3753 πρὸς
1288 3682 1351 3735 τὺ
1386 3683 1475 3736 διὰ
1500 3683 1605 3736 τῶν
1635 3685 1934 3753 ὀνομάτων,
1963 3677 2038 3738 ὧν

448 3770 795 3841 ποιητεύεται
823 3771 975 3842 παρὰ
1008 3771 1116 3825 τῶν
1149 3774 1223 3843 μὴ
1254 3773 1346 3827 τὸν
1378 3774 1502 3828 νοῦν
1534 3776 1847 3847 ἐρρωμένον
1885 3777 2039 3847 ἐχόν-

445 3876 555 3911 των
587 3861 960 3928 πιστεύεσθαι,
1003 3865 1084 3926 εἰς
1115 3863 1337 3931 ὄλεθρον
1383 3866 1482 3936 τῆς
1521 3866 1629 3918 τῶν
1671 3867 2039 3939 ἠπατημένων

444 3951 647 4022 ψυχῆς.
689 3955 763 4007 UO
799 3956 905 4026 μὴν
934 3955 992 4008 δὲ
1025 3956 1163 4009 ἀλλὰ
1204 3958 1298 4010 καὶ
1336 3962 1703 4029 μαγγανικαίς
1745 3960 2038 4031 μηχανίαις

447 4046 802 4115 προσανέχων
823 4048 924 4101 οὐκ
971 4048 1267 4113 ἐπαύσατο,
1300 4049 1394 4102 καὶ
1442 4051 1786 4122 περιεργίαις
1820 4053 1849 4105 ὁ
1897 4052 2039 4106 ἀπα-

442 4132 602 4189 τεὼν.
636 4138 900 4209 ’Ύστερον
927 4140 984 4193 δέ
1015 4159 1180 4213 φησιν
1223 4143 1332 4196 ἀπὸ
1356 4142 1463 4195 τῶν
1505 4146 1562 4196 ὲν
1600 4145 1776 4215 τούτῳ
1809 4143 1887 4215 τῷ
1914 4144 2037 4197 καθ’

442 4229 594 4299 ἡμᾶς
623 4231 837 4303 οὐρανῷ
871 4232 967 4286 καὶ
997 4234 1097 4305 τῆς
1127 4235 1184 4287 ὲν
1215 4234 1366 4306 αὐτῷ
1413 4236 1698 4307 δυνάμεως
1731 4237 1827 4309 τὴν
1862 4238 2039 4291 κτίσιν

444 4322 652 4393 ταύτην
698 4324 1062 4396 γεγενῆσθαι·
1118 4325 1179 4391 ἐξ
1212 4320 1287 4381 ὧν
1335 4328 1584 4397 ἀγγέλων
1617 4330 1714 4383 ’ἐνα
1756 4330 1902 4398 λέγει
1946 4330 2039 4384 τὸν

444 4413 599 4479 Θεὸν,
631 4415 692 4468 ὃν
725 4416 913 4471 διελὼν
940 4416 1049 4471 τῶν
1094 4419 1363 4473 Ἰουδαίων
1404 4421 1562 4491 μόνον
1591 4417 1730 4475 εἶναι
1764 4421 1867 4493 ἔφη
1906 4420 2035 4475 ἓναο

2142 3225 2291 3279 dent.
2359 3224 2649 3295 Sapientes
2722 3240 2854 3280 vero
2919 3224 3136 3280 facilem
3197 3223 3263 3277 ad
3329 3222 3723 3291 revincendum

2141 3317 2381 3386 ineptam
2442 3316 2609 3386 hujus
2658 3332 2783 3371 cum
2844 3317 3175 3380 oralionem,
3228 3326 3344 3371 tum
3394 3319 3724 3372 sententiam

2136 3409 2484 3479 judicabunt,
2518 3409 2762 3481 illudque
2802 3410 2957 3466 nullo
2986 3410 3207 3480 negotio
3239 3409 3511 3480 detegent,
3539 3426 3717 3481 quan-

2142 3510 2251 3554 tam
2288 3517 2562 3572 quamque
2607 3502 2933 3557 immensam
2993 3502 3050 3556 in
3105 3502 3428 3571 pravitatem
3483 3511 3723 3557 mentem

2142 3610 2298 3650 suam
2328 3604 2493 3665 atque
2515 3596 2755 3649 animum
2778 3595 3063 3665 ablegarit.
3089 3594 3302 3648 Etenim
3329 3594 3477 3648 velut
3501 3595 3723 3663 poetico

2140 3687 2378 3758 quodam
2408 3686 2594 3742 furore
2638 3687 2926 3758 perculsus
2971 3686 3159 3741 infelix
3212 3686 3553 3752 homuncio,.
3601 3688 3727 3739 uui-

2140 3780 2341 3849 cuique
2366 3778 2637 3834 cmlorum
2671 3778 2906 3849 principi
2939 3788 3093 3834 certa
3124 3778 3349 3833 nomina
3380 3776 3723 3847 prazscribit;

2142 3874 2342 3943 quibus
2375 3888 2403 3925 a
2439 3888 2499 3926 se
2527 3872 2779 3926 conﬁctis
2816 3872 3132 3927 nominibus
3162 3887 3191 3925 a
3227 3871 3440 3926 levibus
3467 3877 3521 3925 et
3552 3868 3727 3924 imbe-

2142 3964 2287 4018 cillis
2324 3962 2562 4033 ingeniis
2614 3975 2902 4016 assensum
2944 3961 3241 4030 exprimat,
3277 3975 3341 4014 ac
3391 3958 3588 4013 fraude
3622 3974 3723 4013 sua

2142 4056 2550 4109 circumventos
2582 4054 2638 4106 in
2667 4052 2895 4107 exitium
2936 4052 3135 4106 animm
3166 4051 3561 4121 interitumque
3598 4065 3722 4122 per-

2142 4147 2344 4200 trahat.
2380 4144 2653 4200 Praeterea
2683 4144 2918 4214 magicis
2942 4144 3155 4197 artibus
3184 4144 3327 4198 idem
3361 4143 3629 4214 impostor
3657 4158 3724 4198 ac

2142 4238 2434 4310 prmstigiis
2472 4246 2740 4307 perpetuo
2785 4236 2894 4290 fuit
2938 4235 3213 4290 addictus.
3249 4234 3353 4301 Qui
3391 4236 3458 4291 ab
3508 4236 3721 4306 angelis

2142 4331 2333 4385 citimo
2364 4330 2493 4383 huic
2531 4329 2671 4384 ccelo
2714 4327 3079 4399 proximoque
3112 4326 3274 4383 nobis
3318 4325 3619 4390 attributis,
3656 4341 3723 4381 ac

2143 4423 2349 4477 virtute
2392 4437 2514 4492 quae
2548 4421 2673 4476 istic
2706 4420 2933 4485 residet,
2967 4426 3153 4475 creata
3192 4420 3542 4490 postmodum
3585 4418 3727 4475 infe-

448 4508 544 4559 καὶ
572 4507 763 4562 τοῦτον
788 4510 1142 4581 συναρίθμιον
1165 4514 1417 4582 ἀγγέλοις
1445 4516 1556 4577 τοῖς
1586 4514 1678 4566 ὑπ’
1702 4513 1867 4567 αὐτοῦ
1898 4513 2031 4567 κατὰ

2144 4517 2291 4571 riora
2342 4522 2529 4570 censet
2588 4514 2704 4569 haec
2759 4512 2965 4568 omnia.
3028 4511 3235 4567 Horum
3284 4527 3351 4565 ex
3404 4512 3727 4583 angelorum

448 4599 771 4669 μιμολογίαν
818 4603 1399 4674 δνοματοποιουμένοις
1426 4605 1654 4659 τάττων.
1689 4606 1800 4658 Καὶ
1845 4604 1905 4670 ἐξ
1938 4607 2038 4659 αὐ-

448 4694 539 4744 τοῦ
592 4694 905 4748 πεπλάσθαι
957 4696 1049 4749 τὸν
1109 4697 1430 4769 ἄνθρωπον,
1490 4699 1583 4752 καὶ
1645 4698 1868 4762 τούτους
1921 4697 2038 4768 ἅμα

446 4786 596 4855 αύτῷ
639 4788 997 4859 μεμερικέναι
1036 4788 1127 4841 τὸν
1176 4790 1399 4859 κόσμον
1428 4790 1572 4843 κατὰ
1606 4790 1871 4861 διαίρεσιν
1902 4790 2037 4861 κλήο

448 4897 526 4950 ρῳ
553 4879 663 4950 (56)
691 4878 769 4950 τῷ
806 4880 1001 4951 πλήθει
1028 4881 1136 4933 τῶν
1163 4882 1410 4950 ἀγγέλων
1431 4898 1444 4911 ⁸
1477 4882 1651 4952 τούτῳ
1684 4882 1741 4935 δὲ
1786 4883 2041 4953 λελογχὲ-

452 4990 535 5023 vat
578 4972 637 5025 τὸ
680 4972 836 5040 γένος
880 4972 988 5026 τῶν
1049 4974 1337 5029 Ἰουδαίων.
1393 4974 1736 5047 Βλασφημῶν
1774 4975 1830 5028 δὲ
1876 4975 2039 5028 αὑτὸν

449 5066 537 5117 τον
566 5067 985 5139 παντοκράτορα
1025 5067 1251 5138 Κύριον,
1281 5068 1374 5120 τὸν
1401 5067 1571 5131 ὄντως
1610 5068 1741 5121 ὅντα
1771 5068 1908 5123 Θεὸν
1939 5069 2036 5138 μό-

451 5173 558 5217 νον,
593 5158 687 5210 καὶ
725 5157 825 5228 οὐχ
874 5158 1062 5228 ἓτερον
1106 5158 1350 5229 (Πατέρα
1396 5159 1506 5230 γὰρ
1551 5159 1642 5213 τὸν
1684 5160 1847 5213 αὐτὸν
1895 5156 2037 5215 εἶναι

446 5247 815 5319 ὁμολογοῦμεν
831 5248 928 5303 τοῦ
940 5249 1317 5323 Κυρίουήμῶν
1347 5249 1518 5322 Ἰησοῦ
1536 5251 1819 5323 Χριστοῦ),
1849 5251 2038 5305 τοῦτον

570 5427 633 5484 F.
668 5431 1062 5501 συσχολαστήν.
1141 5434 1161 5463 ²
1192 5430 1254 5485 F.
1290 5430 1553 5495 εἰσαῦθις.

529 5585 645 5653 (55)
680 5587 792 5640 Καί
852 5604 1011 5653 τινες
1067 5587 1428 5656 μυθοποιίας
1488 5587 2034 5657 ὑπερϐαλλόμενος.

452 5650 612 5727 Forte
632 5650 792 5720 ’τινάς
816 5665 869 5711 ct
903 5650 1359 5727 ὑποϐαλλόμενος.

534 5726 644 5793 (56)
676 5730 835 5781 Κατὰ
862 5728 1157 5797 διαίρεσιν
1184 5726 1412 5795 κλήρῳ.
1434 5727 1550 5783 Non
1579 5728 1770 5783 dubito
1802 5729 1932 5798 quin
1970 5728 2038 5782 ad

450 5794 627 5850 locum
668 5798 818 5853 illum
855 5794 1193 5863 respexerunt
1245 5794 1437 5854 horum
1492 5794 1836 5856 somniorum
1871 5800 2038 5854 artili-

1628 5431 1652 5463 ³
1692 5430 1754 5486 F.
1785 5432 1905 5504 ἐλη)
1918 5432 2103 5489 ἀκασι.

2138 4622 2370 4662 numero
2403 4622 2571 4661 unum
2614 4606 2900 4661 constituit
2945 4605 3129 4670 deum,
3192 4620 3354 4676 quem
3407 4612 3468 4660 ut
3501 4606 3571 4660 ab
3603 4606 3729 4662 aliis

2139 4700 2445 4769 distinguat
2500 4698 2615 4769 70
2649 4696 2853 4752 Juda:is
2900 4698 3169 4751 duntaxat
3220 4697 3490 4768 praeponit
3519 4716 3532 4752 :
3564 4704 3729 4768 atque

2141 4790 2392 4846 eumdem
2418 4790 2596 4859 ipsum
2630 4788 2684 4842 in
2725 4802 2917 4843 eorum
2972 4787 3292 4857 angelorum
3329 4785 3579 4841 ordinem
3641 4800 3730 4840 re-

2144 4879 2271 4943 fert,
2301 4879 2507 4950 quibus
2536 4878 2865 4933 histrionico
2911 4893 3064 4933 more
3107 4884 3289 4932 certas
3334 4875 3729 4946 appellationes

2148 4972 2366 5028 indidit.
2404 4971 2487 5027 Ab
2528 4972 2621 5026 illo
2658 4986 2790 5026 vero
2841 4969 3136 5026 formatum
3189 4970 3468 5024 hominem
3524 4969 3726 5035 docet;

2145 5083 2255 5138 quo
2279 5082 2403 5121 cum
2441 5066 2625 5121 caeteri
2663 5065 2978 5119 universam
3010 5063 3065 5117 in
3114 5063 3435 5131 angelorum
3484 5060 3733 5115 multitu-

2146 5160 2329 5213 dinem
2372 5158 2569 5213 sortito
2597 5157 2859 5211 mundum
2890 5155 3332 5209 distribuerunt:
3380 5169 3448 5208 ex
3490 5168 3603 5223 quo
3643 5152 3730 5208 fa—

2146 5263 2293 5308 ctum
2328 5260 2435 5316 cst,
2490 5259 2548 5305 ut
2599 5250 2672 5305 illi
2712 5248 3025 5304 Judzeorum
3071 5262 3247 5319 genus
3283 5247 3585 5303 obveniret.
3637 5246 3730 5303 Sic

2147 5604 2259 5652 ccs,
2292 5592 2382 5660 qui
2434 5599 2517 5646 est
2554 5589 2709 5646 Deut.
2760 5603 2932 5650 xxxii.
2966 5588 3057 5660 _8._
3073 5602 3138 5641 ex
3188 5583 3329 5660 ωας
3366 5582 3732 5660 Interpretum

2146 5654 2432 5786 eduligimj
2470 5662 2736 5733 Ἔστησεν
2771 5661 2895 5733 ὅρια
2929 5656 3099 5714 ἐθνῶν
3132 5656 3275 5714 κατὰ
3303 5654 3536 5730 ἀριθμὸν
3567 5654 3734 5727 ἀγγέρ

2148 5749 2252 5785 λων
2325 5749 2434 5787 εοιι.
