4204 6370
467 301 565 357 5H

1897 318 1953 372 S.
1995 320 2335 376 l-LPll’l-IANH

3623 322 3727 379 512

467 417 902 488 omnipotentem
927 419 1014 475 ille
1047 419 1338 477 Dominum
1365 441 1552 480 verum
1579 442 1643 482 ae
1675 430 1854 484 solum
1884 431 2052 488 Deum

2160 440 2367 501 ἐκεῖνος
2384 439 2545 510 άρνού
2555 457 2736 510 μενος,
2757 442 2849 496 ἕνα
2877 442 3126 512 βούλεται
3155 443 3316 498 αὑτὸν
3347 448 3613 516 παριστᾷν
3639 449 3748 504 τῶν

467 525 570 563 nec
600 509 770 563 alium
809 514 1208 570 contumeliose
1239 525 1508 586 appetens
1546 521 1671 588 (nos
1705 523 1852 577 enim
1895 541 2054 580 eum-

467 601 590 655 dem
609 599 826 656 Domini
857 607 1032 662 nostri
1052 606 1181 662 Jesu
1203 607 1405 665 Christi
1428 610 1644 667 Patrem
1675 617 2048 685 conﬁtemur);

467 693 637 760 hunc,
661 697 908 768 inquam,
941 702 1242 772 abnegans,
1268 721 1438 759 unum
1467 723 1530 761 ex
1554 709 1623 763 iis
1644 725 1784 778 quos
1815 713 2053 780 appellat

468 792 677 861 angelis
717 794 1026 857 constituit,
1058 806 1118 850 ut
1159 807 1244 852 est
1287 815 1318 852 a
1358 802 1517 857 nobis
1549 811 1855 859 ostensum.
1908 805 2052 874 Ergo

467 880 685 938 Judaeos
708 885 911 957 sortito
935 886 1010 939 illi
1037 889 1335 959 contigisse
1368 891 1536 945 tradit
1563 911 1576 946 :
1611 908 1774 962 quem
1809 903 1864 949 et
1892 894 2052 964 longe

467 975 697 1047 reliquis
750 978 960 1048 angelis
1010 980 1443 1050 prazfractiorem
1499 1000 1657 1050 esse,
1724 1001 1790 1042 ac
1847 988 2049 1041 virium

469 1085 694 1147 suarum
725 1072 956 1125 audacia
989 1072 1188 1128 [return
1222 1073 1503 1132 lsraelitas
1537 1093 1604 1132 ex
1637 1077 1882 1149 Egypto
1913 1079 2050 1135 libe-

467 1175 643 1224 rasse,
695 1162 840 1232 quod
881 1163 1096 1218 czeteris
1141 1165 1207 1218 ad
1253 1166 1573 1226 audendum
1620 1170 1885 1238 paratior,
1929 1185 2052 1240 per-

466 1253 819 1326 vicaciorque
881 1253 1042 1309 foret.
1107 1257 1286 1326 Atque
1357 1273 1424 1312 ex
1484 1259 1676 1314 eadem
1737 1262 2051 1331 arrogantia

467 1345 676 1405 factum
710 1354 815 1411 est,
848 1348 926 1401 uti
968 1363 1067 1418 per
1105 1364 1378 1404 summam
1413 1350 1467 1404 in
1505 1349 1673 1406 Deum
1715 1353 2053 1408 maledicen-

465 1439 601 1493 tiam
635 1440 1006 1510 praestigiator
1038 1439 1128 1495 ille
1175 1449 1388 1505 narrat,
1434 1441 1575 1498 idem
1623 1453 1679 1497 ut
1729 1443 2050 1499 Judaeorum

465 1529 605 1586 deus
651 1531 894 1602 reliquas
939 1533 1195 1588 nationes
1230 1533 1349 1588 suis
1395 1533 1530 1604 ipsis
1580 1534 1846 1591 lsraelitis
1888 1535 2052 1591 vellet

466 1624 762 1693 subjicere,
813 1641 1044 1696 eamque
1097 1627 1171 1681 ob
1224 1642 1449 1682 causam
1517 1627 1656 1683 bella
1724 1627 2049 1684 concitaret.

469 1716 609 1772 Sunt
635 1724 688 1771 et
716 1717 822 1770 alia
857 1717 1014 1788 plura
1039 1734 1162 1788 qua:
1203 1719 1383 1773 laxata
1415 1727 1608 1774 contra
1641 1717 1809 1774 Deum
1837 1720 2047 1790 lingua,

2158 531 2249 582 ὑπ’
2264 531 2429 584 αὐτοῦ
2447 532 2752 602 λεγομένων
2766 535 3033 604 ἀγγέλων,
3049 536 3191 591 καθά
3213 555 3302 608 μοι
3321 539 3743 608 προδεδήλωται.

2168 623 2518 693 Ἑληλυθέναι
2561 626 2617 678 δὲ
2665 629 2788 690 τοὺς
2841 629 3128 693 Ἰουδαίους
3171 631 3251 693 είς
3297 629 3498 700 κλῆρον
3541 632 3739 684 αὐτοῦ’

2157 715 2251 768 καὶ
2295 716 2386 768 τὸν
2431 718 2593 770 αὑτὸν
2637 720 2778 792 ὑπὲρ
2822 721 3069 789 ἀγγέλων
3104 722 3516 792 αὐθαδέστερον,
3550 722 3745 790 ἐξαγα-

2153 811 2269 876 γεῖν
2317 809 2374 862 δέ
2419 811 2546 874 τοὺς
2586 813 2736 876 υἱοὺς
2798 814 3014 885 Ἰσραὴλ
3057 815 3118 880 ἐξ
3149 815 3426 883 Αἰγύπτου
3481 815 3743 886 αὐθαδείᾳ

2157 899 2440 970 βραχίονος
2485 900 2579 954 τοῦ
2628 903 2783 965 ἰδίου,
2817 903 2906 956 διὰ
2941 904 3002 957 τὺ
3032 900 3168 959 εἶναι
3213 906 3374 958 αὐτὸν
3405 904 3744 975 ἰταμώτερον

2153 991 2261 1044 τῶν
2295 991 2470 1044 ἄλλων
2518 993 2612 1046 καὶ
2643 994 3060 1065 αὐθαδέστερον.
3102 997 3266 1050 Ὅθεν
3308 997 3398 1050 διὰ
3443 998 3539 1066 τὴν
3573 998 3741 1051 αὐθά-

2152 1083 2299 1136 δειάν
2340 1102 2503 1155 φησιν
2532 1086 2718 1150 αὐτοῦ,
2760 1087 2836 1152 ὡς
2878 1088 3232 1159 βλασφημεῖό
3258 1091 3408 1159 γόης,
3445 1090 3736 1160 βεϐουλεῦο

2156 1176 2279 1229 σθαι
2321 1177 2411 1230 τὸν
2455 1179 2616 1232 αὐτὸν
2663 1181 2844 1234 αὐτῶν
2895 1181 3017 1235 Θεὸν
3060 1183 3434 1249 καθυποτάξαι
3473 1184 3551 1254 τῷ
3593 1185 3740 1253 γένει

2151 1264 2245 1318 τοῦ
2308 1266 2524 1339 Ἰσραὴλ
2572 1268 2749 1323 πάντα
2777 1270 2844 1323 τὰ
2888 1271 3023 1325 ἄλλα
3071 1272 3227 1342 ἔθνη·
3278 1273 3373 1326 καὶ
3433 1273 3520 1326 διὰ
3579 1273 3739 1327 τοῦτο

2153 1359 2626 1429 παρεσκευακέναι
2670 1361 2962 1432 πολέμους.
2995 1363 3173 1416 Πολλὰ
3205 1363 3260 1416 δέ
3305 1365 3398 1417 καὶ
3437 1363 3572 1417 ἄλλα
3598 1363 3743 1418 κατά

2154 1449 2309 1516 ἁγίου
2355 1450 2493 1503 Θεοῦ
2525 1452 2766 1522 χαλάσας
2807 1454 2906 1525 τὴν
2944 1454 3212 1523 γλῶτταν,
3262 1456 3356 1508 καὶ
3408 1455 3620 1527 ἐπάρας
3666 1455 3730 1508 τὸ

2154 1541 2350 1610 στόμα,
2403 1543 2504 1596 οὐκ
2546 1545 2869 1615 ἐντρέπεται
2906 1545 3081 1600 λαλῶν
3126 1547 3155 1599 6
3203 1547 3587 1611 ἐλεεινότατος.
3638 1545 3736 1600 Διὰ

2151 1633 2308 1687 τοῦτο
2345 1634 2474 1708 γὰρ,
2494 1639 2646 1708 φησι,
2675 1639 2769 1691 καὶ
2806 1638 2875 1692 τά
2905 1640 3043 1694 ἄλλα
3067 1639 3192 1711 ἔθνη
3220 1641 3530 1712 ἐπολέμησε
3575 1640 3737 1694 τοῦτο

2150 1727 2210 1778 τὸ
2244 1726 2415 1792 ἔθνος,
2446 1729 2541 1784 καὶ
2572 1730 2742 1783 πολλά
2769 1732 2915 1785 κακά
2950 1732 3099 1803 αὐτῴ
3131 1733 3483 1799 ἐνεδείξαντο,
3517 1731 3606 1786 διὰ
3636 1734 3737 1804 τὴν

466 1811 721 1880 elatoque
751 1825 850 1867 ore
875 1811 1224 1867 miserrimus
1265 1811 1792 1882 homunciojactare
1823 1829 1930 1867 non
1964 1823 2049 1868 est

2155 1817 2259 1869 τῶν
2288 1819 2462 1873 ἄλλων
2508 1822 2755 1891 ἀγγέλων
2799 1825 3208 1897 παραζήλωσιν,
3237 1826 3537 1896 ἐπειδήπερ
3570 1843 3740 1898 παρο-

465 1904 694 1957 veritus.
722 1901 901 1958 Veluti
934 1917 1059 1957 cum
1091 1902 1271 1958 addit:
1316 1912 1606 1974 propterea
1635 1904 1890 1960 nationes
1928 1903 2046 1959 reli-

470 2013 609 2068 quas
639 2013 765 2051 cum
800 1997 1115 2052 Judazorum
1164 2006 1324 2068 gente
1360 1999 1501 2053 bella
1527 1999 1789 2069 gessisse,
1817 2014 2050 2070 eamque

471 2089 723 2160 plurimis
763 2089 1015 2144 affecisse
1067 2089 1229 2144 malis
1269 2109 1282 2144 :
1317 2091 1387 2145 ob
1439 2092 1675 2145 aliorum
1726 2091 2047 2162 angelorum

465 2182 720 2238 videlicet
752 2183 1037 2249 invidiam,
1061 2183 1157 2253 qui
1181 2183 1327 2254 quod
1359 2184 1427 2238 ab
1452 2185 1546 2238 illo
1578 2185 1858 2241 contemni
1879 2199 1938 2239 se
1967 2183 2051 2236 vi-

2152 1909 2493 1981 τρυνθέντες,
2510 1913 2586 1977 ὡς
2609 1918 3108 1989 καταφρονούμενοι
3139 1919 3229 1970 ὑπ’
3247 1918 3433 1980 αὑτοῦ,
3466 1921 3560 1972 καὶ
3587 1919 3744 1972 αὐτοὶ

2153 1999 2222 2052 τὰ
2247 1999 2351 2054 ἴδια
2373 2002 2500 2074 ἔθνη
2534 2006 2626 2058 ἐπὶ
2651 2007 2712 2060 τὸ
2747 2006 2897 2071 ἔθνος
2920 2008 3014 2062 τοῦ
3078 2009 3292 2080 Ἰσραὴλ
3328 2011 3385 2062 τὸ
3437 2011 3524 2062 ὑπ’
3560 2009 3741 2064 αὐτῶν

2156 2092 2445 2148 ἐπέσεισαν
2653 2099 2855 2154 Τούτου
2891 2102 3054 2157 ἕνεκα
3102 2103 3326 2175 πόλεμοι
3363 2105 3593 2157 πάντοτε
3646 2103 3742 2155 καὶ

2157 2184 2555 2241 ἀκαταστασίαι
2583 2191 2702 2243 κατ’
2729 2191 2908 2244 αὐτῶν
2936 2193 3333 2264 ἐπανέστησαν.

467 2278 662 2333 derent
712 2278 1006 2343 commoti,
1067 2293 1226 2334 suam
1285 2279 1523 2350 quisque
1579 2288 1796 2350 gentem
1854 2285 2052 2333 contra
2092 2275 2371 2337 lsraelitas
2406 2282 2764 2353 impulerunt.
2797 2285 3040 2356 Indeque
3080 2285 3286 2340 factum
3347 2295 3456 2349 est,
3517 2291 3578 2337 ut
3618 2298 3741 2354 per-

466 2383 628 2445 petua
663 2374 715 2427 in
751 2373 853 2429 hos
884 2373 1048 2438 bella,
1089 2373 1470 2442 tumultusque
1501 2374 1766 2428 concitati
1811 2372 2038 2428 fuerint.

539 2466 629 2522 Ill.
670 2467 950 2536 Ejusmodi
979 2476 1064 2522 est
1092 2476 1218 2537 apta
1248 2469 1339 2522 illa
1377 2466 1444 2522 ad
1477 2467 1922 2537 persuadendum
1957 2467 2054 2519 im-

467 2560 710 2630 postoris
743 2559 938 2612 oratio.
987 2559 1090 2625 Qui
1127 2560 1291 2614 etiam
1323 2561 1390 2614 de
1422 2559 1644 2614 Christo
1677 2559 1902 2630 perinde
1927 2575 2053 2613 scn-

467 2653 554 2713 tit,
583 2650 766 2720 specie
807 2659 968 2705 tenus
1002 2652 1274 2706 duntaxat
1317 2652 1649 2707 mortalibus
1702 2652 2047 2722 apparuisse.

468 2741 683 2812 Quippe
713 2742 860 2812 quod
889 2743 943 2796 in
980 2758 1044 2797 eo
1073 2745 1428 2809 cernebatur,
1465 2743 1602 2798 nihil
1633 2752 1831 2813 ιιι-αξιοι·
1864 2743 2052 2812 imagi-

468 2852 593 2891 nem
633 2835 840 2904 l‘uisse;
883 2851 1060 2905 neque
1099 2852 1230 2894 vero
1276 2846 1369 2888 aut
1420 2837 1695 2890 hominem
1743 2835 2048 2896 exstitisse,

469 2935 564 2982 aut
599 2943 824 2982 carnem
872 2924 1140 2983 induisse.
1192 2925 1430 2996 Subjicit
1477 2936 1530 2981 et
1581 2927 1740 2980 aliam
1791 2926 1941 2980 velut
1995 2925 2050 2978 in

469 3035 636 3077 scena
669 3020 922 3079 .fahulam
969 3019 1246 3075 secundus
1294 3018 1515 3081 histrio,
1555 3034 1676 3072 cum
1725 3018 1793 3072 de
1844 3016 2051 3070 Christi

2223 2463 2297 2517 I".
2340 2462 2491 2535 Αὕτη
2515 2466 2664 2518 ἐστὶν
2689 2468 2721 2536 ή
2751 2465 2844 2518 τοῦ
2891 2466 3208 2530 ἀπατεῶνος
3235 2465 3608 2534 πιθανολογία.
3635 2466 3740 2520 Καὶ

2151 2554 2312 2618 αὐτὸς
2372 2555 2428 2607 δέ
2493 2557 2621 2627 περὶ
2672 2557 2936 2626 Χριστοῦ,
3002 2558 3077 2622 ὡς
3133 2558 3352 2628 δοκήσει
3415 2559 3734 2628 πεφηνότος,

2149 2647 2350 2716 ὁμοίως
2393 2647 2624 2713 δοξάζει.
2675 2646 2829 2704 Εἶναι
2859 2650 2917 2703 δέ
2964 2668 3129 2722 φησιν
3162 2653 3324 2704 αὐτὸν
3352 2653 3654 2721 φαντασίαν
3680 2654 3740 2704 ἐν

2149 2739 2228 2808 τῷ
2277 2741 2585 2808 φαίνεσθαι,
2633 2741 2705 2812 μὴ
2740 2738 2878 2796 εἶναι
2929 2743 2984 2796 δέ
3031 2743 3338 2817 ἄνθρωπον,
3379 2745 3515 2815 μηδέ
3559 2744 3738 2816 σάρκα

2154 2833 2457 2902 εἰληφέναι.
2487 2836 2904 2906 Δραματουργεῖ
2943 2836 3001 2888 δὲ
3044 2838 3173 2906 ἡμῖν
3205 2836 3372 2907 ἄλλην
3399 2836 3742 2907 δραματουρα

2154 2926 2278 2994 γίαν
2301 2929 2329 2979 6
2359 2927 2610 2998 δεύτερος
2639 2928 2934 2997 μιμολόγος
2962 2930 3020 2980 ὲν
3043 2927 3122 2998 τῷ
3153 2929 3282 2998 περὶ
3331 2927 3565 3000 σταυροῦ
3595 2929 3742 3000 λόγῳ

2153 3019 2428 3093 Χριστοῦ·
2481 3021 2602 3090 οὐχὶ
2644 3020 2852 3089 Ἰησοῦν
2909 3020 3134 3089 φάσκων
3185 3019 3548 3084 πεπονθέναι,
3603 3020 3738 3074 ἀλλὰ

470 3128 636 3169 cruce
675 3112 938 3184 disputat.
991 3112 1161 3182 Negat
1203 3117 1349 3167 enim
1393 3110 1582 3167 Jesum
1635 3126 1757 3166 esse
1802 3125 2050 3180 passum,

2155 3113 2375 3183 Σίμωνα
2400 3113 2491 3166 τὸν
2521 3115 2852 3184 Κυρηναῖον.
2913 3111 3132 3184 Ἐπειδὴ
3159 3112 3267 3182 γὰρ
3304 3114 3362 3166 ἐν
3396 3112 3474 3182 τῷ
3501 3113 3609 3166 ἀπὸ
3645 3114 3741 3167 Ἰε-

470 3202 568 3257 sed
613 3203 880 3257 vicarium
935 3203 985 3258 ei
1040 3203 1318 3257 Simonem
1361 3203 1682 3272 Cyrenmum
1741 3202 2046 3257 substituit.

472 3296 592 3361 Quo
619 3298 764 3352 enim
798 3306 1046 3366 tempore
1086 3296 1482 3367 llicrosolyntis
1527 3294 1795 3351 Dominus
1837 3295 2052 3364 ejectus

472 3399 578 3453 est,
613 3399 672 3445 ut
713 3393 769 3445 in
819 3391 1116 3462 Evangelio
1167 3392 1434 3460 scriptum
1481 3401 1586 3455 est,
1629 3391 2054 3461 angariaverunt

474 3480 756 3538 Simonem
788 3484 1081 3552 quemdam
1120 3482 1442 3553 Cyrenzeum
1472 3489 1530 3535 ut
1567 3481 1739 3536 ferret
1762 3497 1984 3536 crucem
2012 3481 2051 3533 ’.

473 3573 553 3630 Ex
588 3592 698 3646 quo
731 3577 1025 3631 cavillandi
1069 3577 1554 3646 concinnandique
1610 3577 1849 3632 fabulam
1896 3591 2053 3632 suam

473 3667 821 3721 occasionem
853 3667 1109 3736 arripuit,
1135 3667 1394 3721 nimirum
1429 3667 1710 3722 Christum
1747 3666 2052 3731 Simonem,

472 3773 600 3812 cum
645 3757 692 3812 is
740 3772 959 3810 crucem
1011 3764 1278 3826 portaret,
1336 3758 1389 3811 in
1454 3774 1607 3812 suam
1661 3767 2055 3822 commutasse.

474 3851 707 3919 ejusque
735 3850 837 3920 71
872 3851 1117 3904 vicissim
1157 3850 1404 3905 induisse
1430 3849 1662 3905 formam
1691 3870 1705 3918 ;
1754 3852 1942 3920 itaque
1971 3852 2056 3907 Si-

471 3959 692 3998 monem
729 3944 793 3995 ad
827 3943 1014 3997 erucis
1049 3944 1380 4014 supplicium
1417 3961 1519 4000 suo
1569 3945 1694 3999 loco
1737 3945 2054 4000 tradidisse.

473 4032 577 4098 Qui
608 4031 738 4087 dum
773 4034 830 4088 in
859 4049 1028 4089 cruce
1067 4034 1361 4104 subigitur,
1392 4033 1577 4091 Jesum
1609 4049 1639 4088 a
1670 4036 1890 4089 nemine
1920 4051 2057 4090 con-

473 4135 745 4197 spectum,
776 4143 983 4198 eosque
1017 4129 1110 4198 qui
1143 4127 1424 4184 Simonem
1456 4128 1774 4199 suiligerent
1799 4129 2058 4183 deridem-

476 4229 583 4276 tem
618 4237 685 4274 ex
719 4222 954 4276 adverso
979 4222 1318 4277 constitisse.
1349 4221 1488 4275 Tum
1522 4222 1589 4275 ad
1644 4237 1876 4290 superos
1931 4237 2057 4277 esse

472 4311 822 4378 subvectum,
857 4327 984 4366 cum
1013 4327 1110 4382 pro
1143 4327 1202 4367 se
1238 4311 1510 4381 ﬁgendum
1543 4309 1824 4364 Simonem
1858 4311 2057 4366 substi-

472 4405 694 4466 tuisset,
728 4405 977 4474 nihilque
1027 4404 1166 4460 adeo
1203 4419 1527 4474 perpessum
1577 4404 1654 4457 in'
1683 4405 1883 4459 coelum
1929 4420 2057 4458 evo-

470 4499 636 4554 lasse.
661 4496 872 4552 Interea
905 4496 1119 4557 Simon,
1142 4514 1252 4552 non
1281 4497 1632 4560 Christus,in
1669 4512 1889 4551 crucem
1925 4496 2054 4552 sub-

472 4589 618 4644 latus
672 4595 780 4643 est.
848 4586 1010 4643 Jesus
1060 4589 1227 4652 enim,
1295 4588 1394 4652 ait,
1457 4588 1512 4641 in
1575 4588 1776 4641 coelum
1831 4597 2056 4641 evectus

470 4680 706 4734 virtutes
737 4693 931 4732 omnes
959 4677 1284 4747 penetravit,
1327 4676 1503 4730 donec
1534 4676 1600 4729 ad
1637 4675 1855 4731 Patrem
1889 4692 2054 4732 suum

476 4787 730 4828 reversus
757 4779 859 4826 est.
887 4769 986 4825 llic
1010 4770 1157 4826 enim
1192 4779 1277 4824 est
1309 4768 1491 4824 Patris
1530 4770 1618 4823 ille
1649 4784 2056 4825 commemora-

471 4875 563 4922 tus
601 4871 730 4920 ante
759 4863 952 4923 Filius.
985 4863 1081 4934 qui
1111 4862 1178 4917 ad
1207 4877 1366 4931 opem
1403 4863 1644 4917 humano
1673 4863 1858 4934 generi
1889 4862 2064 4918 feren-

473 4958 598 5012 dam
635 4956 949 5012 submissus
989 4962 1096 5020 est,
1143 4961 1370 5026 propter
1413 4968 1534 5007 eam
1578 4968 1744 5024 quam
1779 4953 1923 5010 inter
1958 4955 2058 5008 ho-

471 5049 650 5104 mines
681 5047 910 5118 perinde
956 5055 1122 5117 atque
1161 5046 1384 5116 angelos
1420 5045 1894 5114 perturbationem
1943 5062 2057 5102 coe-

470 5142 628 5198 lestis
670 5140 835 5196 Pater
892 5138 1384 5194 animadverterat.
1423 5136 1600 5206 Atque
1637 5135 1802 5202 idem,
1851 5137 2054 5206 inquit,

471 5235 624 5290 salus
651 5240 737 5290 est
772 5241 986 5300 nostra,
1028 5231 1126 5303 qui
1180 5231 1236 5284 in
1288 5230 1553 5286 mundum
1602 5229 1772 5293 venit,
1813 5231 2058 5302 solisque

472 5326 636 5380 nobis
674 5325 817 5380 hanc
847 5324 926 5380 rei
959 5325 1249 5380 veritatem
1280 5321 1518 5392 aperuit.
1553 5318 1716 5375 Tales
1750 5329 1883 5375 sunt
1913 5337 1944 5374 a
1971 5338 2062 5376 ne-

469 5419 676 5475 bulone
733 5420 842 5475 isto
886 5417 1290 5474 consarcinatae
1342 5414 1563 5470 fabulae.
1613 5412 1885 5484 Deinceps
1933 5430 2061 5468 vero

547 5591 568 5622 ί
597 5591 761 5645 Marc.
795 5609 882 5655 xv,
910 5591 998 5645 2!.

2156 3202 2469 3275 ροσολύμων
2509 3204 2600 3257 τὸν
2631 3202 2837 3274 Κύριον
2872 3201 3254 3266 ἐκϐάλλεσθαι,
3297 3203 3373 3265 ὠς
3400 3201 3513 3272 ἔχει
3540 3203 3574 3272 ἡ
3607 3202 3739 3255 ἀκο-

2155 3295 2342 3349 λουθία
2373 3296 2468 3349 τοῦ
2517 3296 2890 3366 Εὑαγγελίου,
2945 3295 3297 3366 ἠγγάρευσαν
3345 3311 3466 3347 τινα
3522 3295 3743 3365 Σίμωνα

2154 3391 2467 3460 Κυρηναῖον
2539 3388 2808 3459 βαστάσαι
2853 3389 2946 3442 τὸν
2999 3387 3252 3460 σταυρὸν,
3301 3387 3452 3440 ἔνθεν
3497 3387 3759 3458 εὑρίσκει.

2155 3480 2254 3548 τῆς
2285 3479 2450 3534 αὐτοῦ
2480 3480 2707 3544 κυϐείας
2743 3479 3072 3550 ποιήσασθαι
3110 3477 3209 3548 τὴν
3248 3476 3590 3548 τραγῳδίαν·
3647 3476 3743 3528 καὶ

2157 3573 2344 3644 φησὶν,
2375 3574 2581 3626 ἐκεῖνον
2628 3573 2686 3625 ἐν
2731 3572 2808 3642 τῷ
2851 3570 3144 3642 βαστάζειν
3169 3569 3259 3622 τὸν
3289 3568 3522 3636 σταυρὸν
3572 3583 3741 3637 μετα-

2161 3662 2587 3734 μεμορφωκέναι
2638 3665 2719 3727 εὶς
2764 3663 2826 3715 τὸ
2864 3662 3060 3715 ἐαυτοῦ
3093 3657 3252 3724 εἶδος,
3301 3661 3395 3713 καὶ
3422 3659 3615 3712 ἑαυτὸν
3661 3658 3742 3720 εἰς

2155 3761 2244 3814 τὸν
2271 3760 2512 3830 Σίμωνα,
2544 3759 2639 3812 καὶ
2671 3759 2792 3812 ἀντὶ
2815 3757 3012 3812 ἐαυτοῦ
3057 3755 3498 3828 παραδεδωκέναι
3521 3754 3742 3822 Σίμωνα

2157 3853 2236 3915 είς
2293 3854 2354 3905 τὸ
2405 3851 2811 3922 σταυρωθῆναι.
2885 3850 3127 3903 Ἐκείνου
3180 3849 3236 3902 δὲ
3300 3836 3740 3916 σταυρουμένου,

2157 3947 2376 4017 ἐστήκει
2407 3946 2774 4016 κατάντικρυς
2812 3945 3060 4015 ἀοράτως
3089 3944 3118 3995 6
3161 3940 3386 4012 Ἰησοῦς,
3425 3936 3743 4005 καταγελῶν

2155 4039 2265 4093 τῶν
2301 4041 2391 4092 τὸν
2431 4039 2653 4108 Σίμωνα
2694 4036 3091 4108 σταυρούντων.
3133 4035 3306 4096 Αὐτὸς
3345 4033 3402 4084 δέ
3433 4031 3632 4098 ἀνέστη
3664 4030 3742 4090 εἰς

2157 4130 2224 4183 τά
2250 4129 2572 4201 ἐπουράνια,
2598 4128 2870 4200 παραδοὺς
2898 4127 2989 4181 τὸν
3021 4128 3242 4198 Σίμωνα
3277 4122 3740 4190 ἀνασκολοπισθῆ-

2158 4243 2266 4289 ναι,
2296 4226 2390 4278 καὶ
2433 4223 2661 4286 ἀπαθῶς
2688 4221 3036 4294 ἀνεχώρησεν
3063 4222 3142 4283 είς
3169 4219 3260 4272 τὸν
3286 4218 3535 4288 οὐρανόν.
3585 4217 3641 4268 Ὀ
3681 4215 3742 4267 δὲ

2157 4316 2341 4385 Σίμων
2384 4315 2546 4377 αὐτὸς
2593 4313 2938 4386 ἐσταυρώθη,
2994 4313 3088 4365 καὶ
3126 4312 3224 4380 οὐχ
3273 4313 3302 4362 6
3342 4308 3596 4380 Χριστός.
3639 4306 3744 4375 ἰη-

2161 4408 2285 4471 σοῦς
2338 4407 2468 4478 γὰρ,
2524 4408 2723 4478 φησιν,
2782 4404 3178 4466 ἀναπετασθεὶς
3227 4405 3307 4465 εἰς
3359 4403 3448 4455 τὸν
3497 4399 3742 4468 οὐρανὸν,

2089 4527 2130 4581 D
2157 4498 2340 4569 διῆλθε
2371 4497 2551 4560 πάσας
2578 4497 2676 4561 τὰς
2705 4497 2983 4566 δυνάμεις,
3012 4495 3118 4557 ἕως
3144 4491 3204 4548 οῦ
3235 4492 3579 4562 ἀποκατέστη
3607 4491 3746 4554 πρὸς

2159 4590 2249 4642 τὸν
2298 4589 2428 4642 ἴδιον
2468 4589 2632 4642 αὑτοῦ
2678 4587 2915 4660 Πατέρα.
2963 4580 3131 4649 Οὗτος
3175 4586 3284 4655 γάρ
3314 4587 3451 4646 ἐστι,
3481 4583 3665 4653 φησιν,
3717 4583 3746 4633 ὁ

2164 4683 2289 4745 Υἱὸς
2314 4682 2409 4735 τοῦ
2444 4682 2658 4752 Πατρὸς
2697 4683 2726 4734 6
2765 4680 3180 4753 προειρημένος,
3225 4679 3253 4728 ὁ
3284 4675 3611 4737 ἀποσταλεὶς
3654 4674 3747 4726 ἐπὶ

2164 4775 2386 4847 βοηθείᾳ
2413 4775 2520 4827 τῶν
2550 4775 2680 4827 υἱῶν
2724 4772 2833 4826 τῶν
2877 4771 3180 4842 ἀνθρώπων
3207 4769 3271 4822 δι’
3302 4768 3368 4836 ἣν
3408 4762 3544 4819 εἶδεν
3569 4769 3596 4819 6
3632 4767 3747 4818 Πα-

2161 4865 2263 4935 τὴρ
2293 4865 2700 4918 ἀκαταστασίαν
2745 4862 2801 4914 έν
2827 4880 2885 4914 τε
2916 4863 3027 4924 τοῖς
3059 4857 3368 4929 ἀνθρώποις
3406 4857 3500 4910 καὶ
3545 4857 3603 4909 ἐν
3634 4858 3747 4918 τοῖς

2163 4956 2436 5024 ἀγγέλοις.
2499 4957 2608 5008 Καὶ
2643 4950 2796 5017 οὗτός
2835 4957 2974 5015 ἐστι,
3002 4952 3245 5022 (patrimi;
3285 4947 3527 5018 σωτηρία
3568 4947 3744 5018 ἡμῶν,

2163 5049 2191 5100 6
2223 5046 2414 5111 ἐλθὼν,
2456 5048 2550 5100 καὶ
2601 5049 2731 5118 ἡμῖν
2788 5045 2971 5114 μονοις
3017 5041 3374 5111 ἀποκαλύψας
3410 5039 3614 5110 ταύτην
3647 5039 3747 5110 τὴν

2165 5139 2444 5208 ἀλήθειαν.
2481 5140 2736 5192 Τοιαῦται
2757 5139 2853 5210 μὲν
2886 5139 2941 5190 αἱ
2965 5134 3231 5207 ραψῳδίαι
3266 5132 3366 5202 τῆς
3395 5131 3490 5184 τοῦ
3508 5131 3747 5202 ἀγύρτο)

2170 5233 2512 5303 μυθοποιίας.
2552 5231 2712 5285 ’Λλλά
2738 5233 2831 5286 καὶ
2857 5229 3190 5285 ἀπεντεῦθεν
3212 5226 3630 5302 προκοπτούσης
3650 5223 3745 5292 τῆς

2169 5325 2508 5396 ἀκαθαρσίας
2538 5325 2636 5396 τῆς
2653 5325 2760 5378 ἀπὸ
2775 5323 2868 5376 τοῦ
2890 5323 3130 5394 Σίμωνος
3146 5317 3542 5395 ἐναρξαμένης,
3571 5317 3749 5368 πΞσαν

2171 5415 2514 5488 ἐπιτήδευσιν
2547 5413 2961 5486 κακομηχανίας
3001 5412 3096 5466 καὶ
3142 5410 3428 5480 ἀσελγείας
3465 5405 3748 5477 ἐπιτρέπει

581 5764 698 5838 (57)
764 5766 834 5821 Τὸ
873 5771 972 5823 ὑπ’
1023 5771 1217 5825 αὐτῶν
1255 5770 1604 5827 ἐπέσεισαν.
1659 5771 1820 5827 Forte
1853 5771 1941 5824 ὑπ’
1987 5767 2160 5840 αὐτῷ..
