4204 6370
448 371 552 424 513

1071 377 1446 434 ADVERSUS
1484 379 1832 438 ll.-ERESES
1876 384 2002 440 LIB.
2046 393 2088 442 Ι.
2129 387 2298 446 TOM.
2338 390 2405 444 ll.
2445 419 2517 429 —
2550 389 2830 448 HIERES.
2872 392 3062 448 XXIV.

3625 389 3738 448 514}

443 493 571 551 τοὺς
614 489 764 561 αὐτῷ
817 493 1294 566 μαθητευομένους
1328 498 1596 552 ἐπιτελεῖν
1619 539 1634 563 ,
1673 499 1874 572 ἄνδρας
1908 503 2045 572 μετά

2154 520 2508 575 progressum
2542 506 2633 560 illa
2667 507 2987 576 impuritate
3029 505 3306 576 capiente,
3337 504 3502 576 cujus
3541 515 3742 561 auctor

443 582 1074 655 γυναικῶνοπολυμιξίαν
1089 587 1209 640 τινά
1222 589 1400 660 κακῆς
1419 591 1728 654 ὑποθέσεως
1747 593 1874 656 τοὺς
1893 595 2041 666 αὐτῷ

449 674 773 741 πεισθέντας
801 680 1109 733 ἐκδιδάσκει
1129 699 1143 711 ο
1171 682 1246 746 ὡς
1264 682 1412 751 λέγει
1437 685 1465 738 ὁ
1510 686 1831 752 Ἀπόστολος
1849 702 1863 717 ‘
1916 689 2042 741 Ἐπὶ

449 766 663 831 τούτοις
721 772 815 824 καὶ
867 775 981 835 τοῖς
1029 774 1236 843 ὁμοίοις
1293 776 1476 830 αὐτῶν
1550 779 2038 833 ἀποκαλύπτεσθαι

449 861 620 932 ὀργὴν
671 862 829 929 Θεοῦ,
902 867 996 918 καὶ
1045 866 1440 939 δικαιοκρισίαν
1485 873 1577 925 ἐπὶ
1605 873 1732 937 τοὶς
1773 875 1872 944 τὴν
1907 874 2043 944 ἀλή-

453 956 604 1007 θειαν
657 957 716 1007 ὲν
751 957 935 1029 ἀδικία
986 960 1335 1031 κατέχοντας.
1385 964 1486 1016 Διά
1539 966 1744 1037 ταύτην
1787 967 1896 1036 γὰρ
1945 968 2048 1038 τὴν

455 1043 635 1099 αἰτίαν
668 1046 770 1116 τῆς
797 1048 1128 1118 ἡδυπαθείας
1160 1052 1342 1105 πολλοὶ
1380 1055 1460 1117 είς
1499 1053 1596 1125 τήν
1637 1056 1847 1126 αἵρεσιν
1880 1059 2047 1127 ἐμπί-

455 1151 717 1200 πτουσιν,
771 1137 942 1201 ἀδεῶς
993 1140 1342 1212 εὑρίσκοντες
1382 1144 1652 1198 ἐπιτελεῖν
1703 1146 1800 1217 τήν
1851 1147 2046 1219 ἡδονὴν

457 1228 666 1283 ἑαυτῶν
692 1231 751 1282 ἐν
783 1233 906 1295 ταῖς
944 1235 1380 1305 αἰσχρουργίαις.

529 1509 603 1561 Δ’.
643 1508 897 1562 Διδάσκει
920 1510 977 1563 δὲ
1009 1510 1174 1564 πάλιν
1217 1511 1312 1566 καὶ
1349 1513 1650 1586 ἀνατρέπει
1689 1515 1936 1587 φάσκων,
1969 1521 2044 1594 μὴ

456 1597 566 1650 δεῖν
610 1605 931 1671 μαρτυρεῖν.
981 1602 1040 1655 'U
1068 1602 1178 1675 γὰρ
1222 1604 1517 1677 μαρτυρῶν
1551 1607 1782 1678 ἄμισθος
1815 1612 2045 1684 εὑρεθή-

453 1707 626 1755 σεται,
666 1692 960 1765 μαρτυρῶν
987 1694 1126 1765 ὑπὲρ
1163 1695 1260 1748 τοῦ
1305 1698 1670 1769 πεποιηκότος
1698 1700 1790 1753 τὸν
1831 1701 2044 1773 ἄνθρω-

450 1799 584 1837 πον·
622 1789 895 1857 μαρτυρεῖ
923 1787 1033 1859 γὰρ
1074 1789 1214 1861 ὑπὲρ
1261 1789 1358 1842 τοῦ
1391 1791 1810 1864 ὲσταυρωμένου
1862 1795 2043 1865 Σίμω-

2153 599 2341 651 Simon
2391 597 2512 662 fuit,
2566 600 2777 653 nullum
2839 616 2946 654 non
3009 599 3299 669 pravitatis
3375 598 3739 668 libidinisque

2149 706 2322 760 genus
2364 691 2678 746 obeundum
2713 693 3004 762 discipulis
3043 692 3339 760 permittit;
3379 692 3740 760 virorumque

2147 797 2213 836 ac
2265 784 2554 838 mulierum
2597 785 2942 854 promiscuos
2985 785 3340 844 concubitus,
3389 792 3444 837 et
3491 785 3736 837 scelera-

2147 883 2328 930 torum
2364 877 2686 946 dogmalum
2724 878 3039 946 congeriem
3065 876 3436 930 sectatoribus
3463 879 3581 930 suis
3610 891 3739 943 pro-

2147 969 2320 1037 ponit.
2355 969 2512 1036 Quod
2547 983 2599 1024 et
2626 971 2694 1023 ab
2728 971 2992 1041 Apostolo
3028 978 3278 1023 notatum
3320 977 3426 1032 est,
3457 984 3582 1021 cum
3621 969 3734 1030 ait,

2151 1061 2205 1113 in
2236 1060 2324 1116 his
2350 1075 2402 1115 et
2431 1062 2626 1116 horum
2654 1063 2930 1117 similibus
2971 1065 3106 1116 iram
3139 1060 3236 1116 Dei
3268 1061 3522 1125 revelari,
3553 1075 3617 1114 ac
3647 1059 3736 1128 ju-

2147 1162 2292 1208 stum
2321 1155 2586 1224 judicium
2608 1155 2661 1208 in
2681 1171 2800 1218 eos,
2840 1156 2934 1225 qui
2963 1155 3321 1210 veritatemin
3349 1154 3567 1224 justitia
3602 1154 3740 1208 deti-

2147 1259 2282 1302 nent
2303 1250 2343 1301 ί.
2385 1246 2520 1300 Nam
2553 1247 2628 1302 ob
2655 1263 2749 1303 eas
2781 1249 3093 1318 voluptates
3121 1247 3370 1317 plerique
3397 1247 3464 1300 ad
3496 1246 3735 1302 haeresin

2147 1338 2490 1403 desciscunt,
2521 1339 2613 1394 tibi
2649 1338 2976 1395 fcedissimis
3016 1340 3244 1412 ﬂagitiis
3289 1343 3510 1410 impune
3553 1339 3738 1395 libidi—

2147 1448 2272 1489 nem
2311 1447 2466 1487 suam
2493 1433 2716 1503 explere
2743 1434 2977 1503 possint.

2219 1521 2308 1578 IV.
2339 1523 2483 1590 Quin
2511 1524 2677 1578 etiam
2718 1523 2827 1576 alio
2858 1522 3192 1576 documento
3242 1537 3344 1576 suo
3394 1529 3735 1578 sectatorum

2147 1619 2364 1674 animos
2393 1617 2719 1687 corrumpit.
2754 1615 2845 1669 Ait
2881 1616 3028 1670 enim
3063 1616 3394 1686 martyrium
3436 1614 3591 1670 obire
3639 1629 3739 1668 ne-

2145 1724 2424 1780 quaquam
2471 1719 2750 1780 oportere.
2804 1707 2909 1774 Qui
2959 1708 3108 1762 enim
3152 1707 3205 1761 id
3261 1707 3427 1762 faciat
3480 1705 3737 1761 mercede

2146 1803 2475 1865 cariturum,
2503 1818 2626 1857 cum
2662 1804 2717 1856 in
2744 1803 2866 1870 ejus
2901 1802 2992 1871 qui
3020 1801 3299 1855 hominem
3333 1800 3578 1854 condidit
3605 1815 3734 1870 gra-

449 1893 557 1940 νος.
601 1877 775 1932 Πόθεν
812 1879 870 1931 δὲ
903 1879 1080 1950 τούτῳ
1132 1879 1322 1950 μισθὸς
1353 1883 1460 1954 εἴη,
1511 1883 1673 1937 ὁπότε
1711 1885 2044 1956 ἀποθνήσκει

2150 1895 2282 1948 tiam
2321 1894 2471 1950 istud
2506 1895 2803 1964 suscipiat;
2847 1902 2901 1948 et
2953 1902 3137 1948 tamen
3185 1895 3252 1948 ad
3306 1894 3585 1947 Simonem
3641 1893 3736 1961 qui

449 1972 550 2040 μὲν
580 1970 721 2042 ὑπὲρ
753 1971 999 2042 Σίμωνος
1031 1972 1126 2025 τοῦ
1153 1975 1593 2045 ἐσταυρωμένου,
1631 1978 1772 2049 ὑπὲρ
1805 1979 2041 2051 Χριστοῦ

442 2061 502 2114 δὲ
536 2061 696 2115 τοῦτο
724 2067 897 2116 ποιεῖν
921 2064 1195 2134 ὁμολογεῖ,
1225 2065 1254 2118 ὃ
1283 2069 1491 2135 ἀγνοεῖ,
1515 2069 1875 2142 ἀποθνήσκων
1903 2073 2043 2143 ὑπὲρ

442 2145 508 2206 οὗ
534 2155 596 2207 οὐ
627 2156 925 2224 γινώσκει;
964 2159 1056 2209 Δεῖ
1092 2159 1274 2213 τοίνυν
1323 2160 1615 2231 ἀρκεῖσθαι
1642 2162 1775 2234 (58),
1821 2165 1915 2218 καὶ
1968 2167 2043 2238 μὴ

451 2245 762 2315 προαλόντα
787 2245 1177 2318 ἀποθνήσκειν.

2142 2001 2453 2057 suspensus
2486 1987 2543 2042 in
2582 2002 2749 2043 cruce
2799 1988 2872 2042 sit
2907 1987 3230 2058 martyrium
3272 1985 3564 2042 referatur.

2141 2078 2288 2132 enim
2313 2081 2590 2134 undenam
2609 2080 2658 2134 ei
2693 2081 2976 2150 przcmium
3019 2081 3478 2150 exspectandum,
3511 2078 3604 2148 qui
3639 2090 3741 2146 pro

3638 1983 3736 2036 Et-

2147 2165 2372 2224 Simone
2421 2171 2688 2224 crucifixo
2751 2182 2982 2226 mortem
3044 2182 3313 2242 oppetens
3375 2173 3614 2240 idipsum
3677 2184 3739 2225 se

2145 2257 2353 2313 Christi
2387 2276 2555 2315 causa
2595 2261 2775 2315 facere
2811 2263 3122 2330 profitetur,
3171 2271 3226 2315 et
3263 2262 3484 2332 quidem
3525 2261 3740 2330 impru-

445 2337 616 2392 dens?
642 2337 779 2391 Nam
819 2353 919 2408 pro
984 2353 1051 2394 eo
1084 2355 1247 2410 quem
1292 2341 1528 2412 ignorat,
1571 2343 1732 2398 morti
1799 2359 1922 2399 sese
1988 2350 2309 2406 connuittit.
2348 2351 2610 2408 Sullicere
2639 2370 2770 2424 ergo
2812 2355 2972 2409 nobis
3011 2356 3158 2409 istud
3191 2356 3348 2410 debet
3415 2369 3638 2423 :neque
3690 2350 3738 2406 si

447 2432 651 2487 detenti
708 2431 976 2489 fuerimus
1037 2437 1236 2492 mortis
1291 2452 1452 2506 pinna
1484 2438 1798 2494 subeunda.

518 2530 594 2582 E'.
635 2530 1026 2602 Φωραθήσεται
1060 2533 1118 2585 δὲ
1150 2526 1306 2597 οὗτος
1326 2533 1640 2606 διαϐολικὴν
1663 2535 1894 2608 δύναμιν
1927 2539 2044 2590 εἰσ-

447 2620 751 2689 ηγούμενος
801 2623 943 2676 κατὰ
983 2623 1092 2677 τῶν
1129 2625 1338 2694 ψυχῶν,
1383 2627 1825 2699 ἀπαρνησιθεῒαν
1870 2631 2043 2694 αὐτὰς

451 2714 817 2769 ἐκδιδάσκωνο
861 2717 1022 2770 ὁπότε
1059 2719 1222 2782 αὐτὸς
1253 2722 1280 2772 ὀ
1315 2720 1519 2792 Κύριος
1561 2723 1728 2793 φησί’
1777 2724 1888 2776 Τὸν
1939 2725 2044 2791 ἀρ-

449 2810 750 2876 νούμενόν
777 2827 854 2878 με
880 2809 1139 2865 ἐνώπιον
1177 2813 1295 2866 τῶν
1338 2816 1686 2883 ἀνθρώπων,
1705 2818 2044 2889 ἀρνήσομαι

450 2899 615 2969 κάγὼ
650 2901 840 2954 αὐτὸν
865 2902 1124 2957 ἐνώπιον
1163 2905 1270 2958 τοῦ
1305 2909 1538 2975 Πατρός
1557 2926 1678 2978 μου
1708 2910 1812 2964 τοῦ
1846 2911 1916 2964 ἐν
1939 2915 2042 2966 οὑ-

444 2993 674 3060 pay-07c.
752 2995 915 3049 Ἀλλὰ
961 2997 1126 3068 φησὶν
1154 2999 1183 3051 ὁ
1241 2999 1517 3070 ἀγύρτης·
1567 3003 1790 3073 Ἡμεῖς,
1849 3007 2037 3075 φησὶν,

451 3087 621 3157 ἐσμὲν
648 3089 696 3140 οξ
723 3087 1034 3160 ἄνθρωπον
1069 3092 1118 3143 ot
1152 3091 1211 3144 δὲ
1239 3092 1388 3146 ἄλλοι
1432 3093 1635 3158 πάντες
1671 3093 1764 3158 ὕες
1808 3097 1901 3148 καὶ
1942 3097 2042 3150 κύ-

449 3196 559 3243 νες.
597 3181 709 3234 Καὶ
741 3181 828 3234 διά
857 3182 1015 3236 τοῦτο
1053 3177 1206 3236 εἷπε·
1241 3185 1337 3253 Μὴ
1367 3183 1606 3255 βάλητε
1639 3188 1782 3254 τοὺς
1817 3206 2044 3260 μαργα-

441 3274 618 3340 ρίτας
642 3275 986 3345 ἔμπροσθεν
1014 3275 1134 3330 τῶν
1163 3278 1404 3346 χοίρων,
1422 3280 1580 3348 μηδὲ
1605 3281 1742 3334 δότε
1777 3283 1843 3336 τὸ
1875 3282 2046 3352 ἅγιον

449 3367 575 3432 τοῖς
605 3371 772 3421 κυσί.
829 3367 1080 3439 Κρύπτει
1120 3368 1230 3440 γὰρ
1282 3371 1476 3424 ἑαυτοῦ
1519 3372 1618 3444 τήν
1671 3373 1884 3428 ἀδικίαν
1937 3376 2046 3429 ἀπὸ

449 3459 558 3512 τῶν
585 3459 711 3514 νοῦν
742 3461 976 3530 ἐχόντων
997 3479 1012 3492 ο
1045 3462 1424 3516 ἀποκαλύπτει
1471 3464 1527 3517 δὲ
1584 3468 1647 3536 τῇ
1683 3467 1848 3520 αὑτοῦ
1882 3468 2044 3539 σχολῇ

451 3552 547 3604 καὶ
571 3554 683 3614 τοῖς
718 3553 810 3605 ὑπ’
857 3552 1024 3606 αὑτοῦ
1055 3554 1458 3625 ἡπατημένοις.
1510 3556 1723 3628 Ἐπειδὴ
1771 3558 1881 3629 γὰρ
1913 3559 2048 3631 ἀλη-

453 3641 563 3705 θῶς
589 3641 657 3694 τὰ
690 3644 822 3713 παρ’
856 3645 1044 3707 αὐτοῖς
1077 3643 1349 3715 λεγόμενα
1399 3647 1494 3698 καὶ
1519 3647 1778 3718 γινόμενα
1824 3650 2046 3720 αἰσχρόν

455 3736 572 3787 ἐστι
609 3734 703 3788 καὶ
731 3735 946 3804 λέγειν’
979 3736 1149 3802 λέγει,
1195 3737 1278 3789 δτι
1318 3736 1551 3791 ἐνώπιον
1587 3739 1696 3792 τῶν
1743 3740 2046 3812 ἀνθρώπων

451 3825 534 3879 δεῖ
577 3826 861 3897 ὁμολογεῖν
903 3827 1002 3898 τὴν
1053 3827 1336 3898 ἀλήθειαν,
1385 3830 1576 3900 Ἡμεῖς
1627 3832 1735 3900 γάρ
1782 3833 1950 3903 ἐσμεν
1995 3835 2046 3887 οἱ

451 3918 734 3991 ἄνθρωποι
756 3937 768 3949 ·
803 3920 851 3973 οἱ
879 3920 933 3973 δὲ
967 3920 1118 3974 ἄλλοι
1149 3921 1242 3985 ὗες
1289 3921 1385 3974 καὶ
1420 3921 1602 3988 κύνες,
1651 3923 1726 3986 ὡς
1762 3927 2043 3996 προεῖπον.

450 4014 654 4067 Φάσκει
684 4013 741 4066 δὲ
789 4013 950 4083 μόνον
1000 4014 1129 4085 περὶ
1177 4014 1394 4086 Πατρὺς
1425 4015 1522 4067 καὶ
1567 4014 1662 4068 τοῦ
1707 4015 1900 4069 ἑαυτοῦ
1939 4035 2044 4087 μυ-

454 4105 687 4177 στηρίου
741 4106 930 4178 μηδενὶ
970 4106 1402 4170 ἀποκαλύπτειν,
1455 4107 1592 4162 ἀλλά
1632 4111 1757 4178 σιγῇ
1799 4109 1943 4179 ἔχειν
1989 4113 2046 4162 ἐν

451 4199 704 4262 ἑαυτοῖς·
743 4199 827 4251 ἐνὶ
852 4198 910 4251 δὲ
942 4199 1052 4251 ἀπὸ
1097 4200 1281 4270 χιλίων
1309 4199 1737 4265 ἀποκαλύπτειν,
1774 4202 1868 4255 καὶ
1895 4203 2047 4254 δυσὶν

453 4290 562 4343 ἀπὸ
611 4291 842 4362 μυρίων.
897 4292 1009 4346 Καὶ
1067 4292 1385 4346 ὑποτίθεται
1427 4297 1540 4356 τοῖς
1573 4293 1740 4346 αὑτοῦ
1777 4294 2048 4365 μαθηταῖς

454 4380 650 4449 λέγων,
693 4383 776 4434 δτι
824 4383 1010 4452 Ὑμεῖς
1046 4383 1226 4436 πάντα
1272 4384 1602 4453 γινώσκετε’
1649 4386 1794 4456 ὑμᾶς
1835 4386 1893 4438 δὲ
1935 4405 2045 4458 μη-

453 4475 564 4541 δεὶς
592 4476 933 4545 γινωσκέτω.
985 4477 1156 4540 Αὐτὸς
1188 4477 1245 4529 δὲ
1285 4479 1381 4531 καὶ
1411 4479 1460 4531 oi
1503 4478 1597 4530 ἀπ’
1627 4478 1793 4531 αὑτοῦ
1834 4479 2050 4550 ἐρωτώ-

2219 2534 2286 2588 ν.
2322 2535 2618 2590 Enimvero
2659 2535 2991 2590 diabolieam
3041 2537 3339 2607 quamdam
3375 2539 3482 2590 vim
3516 2539 3581 2592 ad
3615 2539 3736 2592 ani-

2149 2644 2363 2682 marum
2397 2630 2549 2683 illum
2591 2629 2866 2685 invexisse
2902 2632 3202 2700 perniciem
3239 2632 3400 2686 facile
3431 2634 3739 2702 deprehen-

2146 2723 2360 2785 demus,
2423 2733 2479 2776 ut
2521 2723 2614 2792 qui
2655 2721 2824 2777 Deum
2870 2725 3089 2792 ejurare
3118 2725 3242 2778 illos
3275 2725 3524 2784 edoceat,
3560 2742 3738 2793 quan-

2146 2814 2439 2884 doquidem
2501 2815 2764 2869 Dominus
2806 2818 2926 2884 ipse
2971 2816 3105 2869 dicit
3136 2835 3148 2867 :
3179 2817 3282 2880 Qui
3332 2819 3596 2886 negaverit
3658 2834 3742 2872 me

2146 2925 2329 2961 coram
2372 2907 2692 2972 hominibus,
2743 2911 2939 2978 nega/io
2987 2918 3034 2961 et
3084 2925 3175 2978 ego
3206 2925 3327 2961 eum
3360 2926 3541 2962 coram
3580 2909 3742 2963 Patre

2147 3001 2254 3071 72
2301 3017 2414 3054 meo
2450 3002 2538 3071 qui
2585 3002 2640 3054 in
2686 3002 2830 3055 cmlis
2879 3011 2956 3055 est
2987 3003 3032 3054 ’.
3073 3000 3141 3052 At
3174 3001 3321 3053 enim
3359 3009 3635 3055 veterator
3660 3001 3740 3054 lo-

2147 3095 2340 3163 quitur
2375 3093 2544 3164 :Nos,
2585 3095 2786 3164 inquit,
2835 3095 3090 3149 homines
3129 3109 3324 3148 sumus
3355 3112 3366 3147 :
3397 3093 3582 3146 czcteri
3619 3109 3739 3147 om-

2151 3201 2248 3241 nes
2287 3187 2424 3240 nihil
2462 3187 2610 3240 aliud
2641 3204 2805 3256 quam
2841 3203 2970 3241 sues
3009 3195 3064 3241 et
3099 3201 3286 3240 canes.
3327 3186 3565 3255 Ideoque
3606 3188 3739 3240 seri-

2148 3287 2302 3348 ptum
2335 3286 2421 3332 est
2452 3297 2464 3331 :
2497 3276 2680 3331 Nolite
2699 3283 2881 3347 jacere
2912 3279 3237 3349 margaritas
3257 3287 3378 3330 ante
3402 3293 3613 3342 porcos,
3645 3295 3738 3331 ne-

2147 3384 2245 3437 que
2275 3367 2405 3420 dare
2439 3379 2682 3423 sanctam
2715 3369 2936 3422 canibus
2971 3369 3011 3420 ³.
3048 3368 3331 3438 Siquidem
3365 3368 3434 3422 de
3482 3385 3580 3423 sua
3637 3370 3740 3423 im-

2149 3462 2424 3531 probitate
2453 3462 2595 3531 celat
2624 3478 2721 3516 eos
2767 3463 2861 3532 qui
2901 3463 3186 3532 sapientiae
3222 3463 3473 3515 nonnihil
3506 3463 3735 3525 habent,

2149 3569 2212 3609 ac
2244 3569 2358 3609 sua:
2391 3554 2661 3608 duntaxat
2711 3555 2920 3609 schola:
2965 3563 3019 3610 et
3060 3555 3459 3610 circumventis
3489 3571 3518 3608 a
3550 3570 3608 3609 se
3637 3555 3739 3608 ho-

2150 3647 2394 3702 minibus
2423 3650 2670 3718 exponit.
2713 3648 2986 3714 Quoniam
3041 3663 3230 3703 revera
3281 3663 3404 3717 quae
3435 3648 3503 3700 ab
3532 3647 3643 3702 illis
3669 3647 3742 3702 di-

2148 3751 2352 3794 cuntur
2393 3747 2447 3795 et
2497 3740 2654 3804 ﬁunt,
2715 3750 2874 3810 turpe
2921 3748 3002 3795 est
3069 3741 3231 3796 etiam
3282 3738 3534 3809 eloqui".
3571 3739 3742 3809 Igitur

2149 3847 2336 3885 coram
2387 3832 2708 3886 hominibus
2761 3831 3126 3902 proﬁtendam
3163 3847 3290 3887 esse
3329 3831 3620 3886 veritatem
3648 3831 3743 3885 do!

2149 3933 2258 3981 cet.
2300 3925 2413 3981 Nos
2468 3927 2616 3981 enim
2669 3927 2927 3981 homines
2973 3942 3199 3992 sumus;
3231 3927 3416 3981 caateri
3451 3941 3614 3981 suum
3648 3941 3747 3980 ca-

2149 4033 2392 4087 numque
2436 4033 2688 4084 numero,
2728 4018 2807 4072 uti
2855 4019 3123 4074 diximus.
3176 4017 3241 4070 Et
3279 4019 3411 4072 illud
3457 4017 3736 4078 admonet,

2149 4119 2208 4163 ut
2243 4110 2311 4164 de
2347 4109 2507 4164 Patre
2534 4109 2803 4164 duntaxat
2850 4125 3168 4180 areanoqne
3198 4125 3300 4164 suo
3331 4109 3537 4163 nemini
3573 4109 3746 4178 signi-

2150 4199 2338 4265 ficent,
2370 4197 2464 4254 sed
2492 4200 2722 4252 tacitum
2758 4199 2902 4268 apud
2929 4214 2988 4254 se
3022 4201 3322 4264 retineant,
3356 4207 3451 4252 aut
3487 4199 3583 4252 uni
3617 4199 3742 4252 ‘sal-

2152 4299 2256 4344 tem
2292 4306 2324 4344 e
2355 4289 2622 4352 millibus,
2663 4303 2727 4343 ac
2757 4290 2974 4345 duobus
3009 4307 3072 4344 ex
3113 4290 3305 4345 decem
3341 4290 3586 4344 millibus
3618 4304 3745 4358 ape-

2149 4384 2316 4438 riant.
2341 4381 2486 4449 Quin
2523 4389 2581 4438 et
2623 4383 2740 4438 suis
2782 4381 3074 4453 discipulis
3135 4385 3211 4436 ita
3262 4383 3508 4452 praecipit
3541 4401 3552 4435 :
3583 4381 3738 4441 Date,

2151 4476 2350 4546 inquit,
2399 4491 2624 4546 operam
2681 4483 2742 4529 ut
2787 4477 2975 4530 omnia
3012 4478 3388 4546 cognoscatis,
3423 4492 3584 4531 nemo
3611 4491 3746 4531 vero

459 4587 612 4639 μενοι
659 4569 946 4632 Ἰουδαίους
981 4569 1080 4640 μὲν
1109 4572 1337 4634 ἑαυτοὺς
1363 4572 1560 4641 μηκέτι
1586 4567 1726 4626 εἶναι
1753 4572 2043 4640 φάσκουσι,

2154 4585 2250 4624 vos
2280 4579 2602 4638 cognoscat.
2635 4569 2909 4625 Czeterum
2944 4577 3052 4624 tam
3089 4571 3229 4640 ipse,
3265 4584 3432 4640 quam
3476 4570 3571 4639 qui
3621 4569 3746 4636 ejus

455 4663 818 4736 Χριστιανοὺς
862 4663 919 4715 δὲ
972 4663 1172 4735 μηκέτι
1215 4664 1571 4734 γεγενῆσθαι,
1600 4664 1716 4717 ἀλλ’
1765 4666 2046 4738 ἀρνεῖσθαι

457 4757 719 4810 πάντοτε·
762 4755 908 4827 ἔχειν
955 4755 1010 4808 δὲ
1059 4754 1236 4825 ἑαυτῴ
1267 4759 1391 4828 σιγῇ
1439 4757 1536 4829 τὴν
1569 4758 1774 4822 πίστιν,
1808 4760 1903 4814 καὶ
1939 4778 2048 4830 μη-

455 4844 570 4901 δενὶ
601 4846 1002 4910 ὑποδεικνύναι,
1033 4847 1133 4916 τὴν
1162 4847 1424 4918 αἰσχύνην
1459 4849 1655 4902 ἑαυτοῦ
1693 4851 2048 4922 ὑφορώμενος

454 4939 545 4992 διὰ
575 4939 638 4992 τὸ
672 4939 1122 5009 ἀπαρρησίαστον
1157 4938 1256 5008 τῆς
1289 4941 1706 5013 αἰσχρουργίας,
1747 4945 1842 4996 καὶ
1871 4944 2049 5016 κακῆς

458 5031 624 5086 αύτοῦ
651 5030 1019 5093 διδασκαλίας.

539 5310 629 5376 ς’.
676 5307 843 5376 Ἔσχε
872 5306 928 5358 δὲ
966 5308 1000 5376 ἡ
1025 5305 1168 5378 ἀρχὴ
1195 5304 1368 5376 αὐτῆς
1403 5305 1502 5376 τῆς
1525 5305 1702 5375 κακῆς
1730 5307 2054 5378 προφάσεως

459 5401 568 5471 τὴν
600 5398 779 5453 αἰτίαν
809 5399 918 5452 ἀπὸ
962 5398 1060 5452 τοῦ
1096 5399 1281 5468 ζητεῖν
1311 5399 1408 5452 καὶ
1435 5398 1617 5466 λέγειν
1651 5399 1813 5453 πόθεν
1853 5401 1914 5454 τὸ
1957 5419 2058 5455 κα-

457 5492 576 5548 κόν.
609 5492 726 5555 Πᾶς
759 5491 817 5545 δὲ
848 5493 957 5546 ἀπὸ
985 5493 1086 5564 τῆς
1121 5491 1316 5547 ἑαυτοῦ
1353 5483 1741 5565 πραγματείας
1772 5494 2056 5566 δειχθήσευ

458 5598 553 5640 ται
595 5584 781 5648 ὁποῖός
833 5586 1005 5640 ἐστιν.
1064 5586 1349 5658 Ἐμπορος
1395 5585 1528 5656 γοῦν
1579 5579 1735 5650 οὗτος
1783 5587 1972 5641 κακῶν
2029 5591 2057 5643 ὁ

2151 4670 2356 4716 sectam
2376 4661 2611 4732 amplexi
2645 4663 3034 4734 sunt,quoties
3064 4659 3748 4733 interroganturJuda-os

2151 4756 2373 4826 quidem
2402 4773 2462 4812 se
2500 4773 2626 4812 esse
2661 4764 2886 4828 negant,
2928 4756 3280 4811 Christianos
3316 4769 3446 4808 vero
3499 4753 3744 4806 nondum

2151 4849 2344 4905 fuisse.
2376 4849 2468 4906 Sic
2499 4850 2777 4920 abnegare
2807 4857 3074 4920 perpetuo
3101 4847 3284 4911 fidem,
3310 4861 3544 4916 eamque
3577 4845 3750 4898 tacite

2151 4942 2296 5013 apud
2326 4958 2387 4999 se
2412 4943 2726 5008 fcustodire,
2760 4957 2865 4998 nec
2915 4941 3012 4996 ulli
3051 4937 3365 5012 patefacere
3408 4951 3540 4992 suos
3593 4935 3756 4989 iusti-.

2155 5038 2302 5103 tuit;
2333 5039 2480 5108 quod
2518 5037 2780 5092 nimirum
2813 5043 3131 5107 suspectam
3170 5034 3371 5087 habeat
3406 5031 3526 5101 ipse
3568 5031 3745 5098 turpi-

2155 5129 2398 5185 tudinem
2439 5145 2623 5193 suam,
2669 5144 2793 5184 cum
2838 5137 2948 5182 tam
2995 5127 3255 5180 immanis
3296 5123 3536 5185 fmditas,
3579 5127 3760 5190 atque

2153 5220 2371 5293 impura
2399 5221 2698 5291 disciplina
2729 5218 2994 5273 audacter
3025 5214 3268 5286 evulgari
3307 5230 3413 5267 non
3451 5211 3671 5266 audeat.

2223 5311 2316 5368 Vl.
2350 5311 2526 5384 llujus
2554 5328 2685 5368 vero
2733 5312 2989 5383 pessimae
3019 5318 3182 5364 sectae
3226 5305 3578 5362 occasionem
3641 5301 3757 5356 iniu

2155 5407 2405 5478 tiumquc
2450 5405 2603 5461 dedit
2635 5406 2727 5460 illa
2779 5404 3012 5477 quzestio
3063 5417 3127 5456 ac
3177 5399 3484 5470 disputatio
3524 5415 3537 5451 :
3571 5393 3761 5449 Undc~

2154 5515 2280 5553 nam
2313 5499 2515 5553 malum
2536 5497 2805 5570 originem
2830 5495 3109 5551 habuerit.
3132 5492 3336 5549 Verum
3365 5488 3749 5558 unusquisque

2153 5591 2463 5661 cujusmodi
2495 5592 2587 5658 sit,
2624 5587 3108 5646 administratione
3139 5601 3205 5642 ac
3235 5583 3609 5657 negotiatione
3643 5591 3746 5636 sua

531 5706 550 5738 ¹
583 5703 745 5760 Rom.
777 5723 816 5772 ι,
851 5706 938 5761 18.
1015 5706 1037 5739 ³
1068 5705 1263 5761 Matth.
1291 5723 1344 5770 ι,
1375 5707 1462 5763 35.
1543 5708 1564 5740 ³
1594 5705 1783 5763 Matth.
1815 5724 1910 5772 vn,
1939 5707 1992 5762 6.

2148 5711 2322 5783 Bplies.
2365 5730 2418 5780 v,
2454 5713 2536 5768 12.

531 5803 648 5890 (58)
685 5820 788 5878 Δεῖ
837 5822 1048 5878 τοίνυν
1097 5823 1431 5893 ἀρκεῖσθαι.
1495 5824 1688 5882 Scribe
1743 5825 2046 5896 ἀρνεῖσθαι.
