4204 6370
443 384 548 442 515

1861 386 1919 443 S.
1963 386 2315 442 EPlPlIANIl

3633 377 3737 434 516

445 505 770 561 declarabit.
836 504 1187 578 Proindeque
1235 507 1506 562 malorum
1559 507 1894 579 negotiator,
1928 523 2039 563 non

2147 508 2238 562 τοῦ
2273 506 2446 562 κακοῦ
2497 506 2755 577 ἐργάτης,
2800 505 2895 558 καὶ
2939 504 3060 575 οὑχὶ
3113 500 3332 573 ἀγαθῶν
3366 501 3411 567 ³,
3454 499 3529 563 ὡς
3557 501 3652 554 καὶ
3701 503 3738 572 ἡ

443 599 712 652 bonorum
757 607 843 654 est
873 599 964 654 ille
1007 599 1134 653 mali
1162 597 1857 671 artifex,quemadmodum
1886 601 2044 656 Scri-

445 698 606 757 ptura
643 696 878 745 testatur
913 709 924 744 :
967 691 1074 756 Qui
1106 701 1351 761 quwrunt
1401 694 1566 757 mala,
1621 695 1768 748 mala
1814 711 1904 749 eos
1947 711 2043 764 ap-

443 776 758 844 preltendent
791 779 830 833 ¹.
868 778 1003 831 Nam
1031 795 1208 849 neque
1237 779 1439 834 malum
1476 783 1776 852 aliquando
1805 785 2039 848 exstitit,

447 880 623 933 neque
659 867 815 920 radix
851 869 962 921 ulla
995 869 1258 938 nequitia:
1283 869 1406 934 fuit,
1445 886 1622 939 neque
1661 873 1888 928 omnino
1918 890 2038 927 ma-

450 955 562 1009 lunt
595 958 831 1012 solidum
883 959 1145 1028 quiddam
1187 971 1274 1016 est
1323 977 1386 1017 ac
1433 965 1766 1019 consistens.
1829 964 2041 1035 Quippe

447 1046 650 1099 malum
687 1048 1021 1120 quandoque
1047 1050 1258 1104 nullum
1307 1049 1440 1116 fuit;
1493 1052 1587 1106 sed
1639 1068 1702 1106 ex
1746 1053 2042 1107 occasione

445 1135 818 1191 introductum
871 1146 922 1193 ct
975 1140 1210 1193 ascitum
1263 1140 1318 1194 in
1359 1157 1692 1212 unoquoque
1741 1143 1900 1208 inest,
1946 1144 2038 1214 qui

448 1227 582 1281 illud
623 1232 939 1284 committit.
977 1231 1132 1297 Quod
1170 1233 1214 1287 si
1251 1233 1476 1288 minime
1518 1234 1896 1288 committatur
1927 1251 2039 1290 non

447 1318 614 1384 inest,
645 1320 695 1374 id
727 1321 875 1390 quod
908 1338 1075 1392 supra
1117 1324 1644 1380 demonstravimus.
1690 1324 1903 1378 Etenim
1934 1325 2041 1380 Do-

447 1411 632 1466 minus
662 1427 785 1467 cum
828 1414 1083 1469 universa
1115 1426 1383 1482 creasset,
1416 1415 1585 1482 Ecce,
1630 1416 1829 1486 inquit,
1883 1417 2040 1472 valde

447 1501 589 1556 bona
640 1514 768 1558 sunt
811 1505 996 1560 omnia
1023 1509 1074 1571 ';
1131 1522 1240 1576 quo
1281 1507 1423 1561 istud
1469 1508 1646 1578 ipsum
1679 1508 2033 1564 ostenderet:

447 1609 560 1648 non
620 1611 743 1650 esse
797 1605 956 1652 vetus
1013 1597 1305 1652 admodum
1360 1601 1591 1662 malum,
1652 1615 1828 1670 neque
1880 1600 2039 1654 initio

448 1688 775 1756 priusquam
811 1691 878 1742 ab
902 1689 1122 1744 homine
1152 1691 1438 1760 inciperet,
1476 1693 1779 1747 exstitisse.
1807 1693 1910 1747 Per
1937 1708 2036 1749 nos

449 1778 595 1830 enim
636 1779 691 1831 fit
728 1788 820 1832 aut
847 1797 955 1833 non
984 1781 1058 1834 lit.
1089 1780 1162 1834 Ex
1193 1798 1258 1835 eo
1290 1799 1424 1854 ergo
1463 1784 1698 1849 scilicet,
1736 1785 1883 1854 quod
1909 1786 2034 1855 qui-

447 1869 531 1923 vis
563 1869 841 1924 hominum
876 1873 1076 1925 malum
1110 1873 1288 1928 facere
1320 1875 1513 1944 possit,
1557 1884 1650 1929 aut
1673 1875 1899 1930 minime
1939 1877 2022 1930 fa-

2147 600 2340 672 Γραφὴ
2372 598 2554 652 εἶπεν
2605 599 2687 652 ὅτι
2736 598 3082 666 Ζητοῦντας
3126 595 3282 650 κακὰ
3326 591 3737 660 καταλήψεται

2144 693 2320 748 κακά.
2361 691 2498 746 Οὔτε
2527 690 2636 762 γάρ
2681 707 2810 744 ποτε
2861 689 3026 743 κακὸν
3080 683 3168 760 ἦν,
3210 685 3334 740 οὒτε
3376 682 3501 755 ῥίζα
3546 684 3736 752 γέγονε

2144 784 2361 847 κακίας,
2405 781 2528 835 οὕτε
2561 780 2926 834 ὲνυπόστατον
2971 779 3032 832 τὸ
3087 779 3259 834 κακόν
3305 779 3474 830 ἐστιν.
3517 776 3632 830 Οὑκ
3667 771 3737 847 ἦν

2143 879 2251 948 γάρ
2278 894 2407 930 ποτε
2437 877 2502 930 τὸ
2531 875 2724 930 κακόν.
2773 873 3130 928 Ἐπείσακτον
3171 872 3230 926 δὲ
3277 870 3369 925 διὰ
3409 871 3738 942 προφάσεως

2147 969 2366 1040 ἑκάστῳ
2412 969 2522 1021 τῶν
2557 966 2855 1021 ποιούντων
2904 965 2965 1019 τὸ
2993 965 3163 1018 κακὸν
3219 963 3449 1018 ἔνεστιν.
3522 962 3609 1016 Ἐν
3655 961 3734 1033 τῷ

2149 1061 2226 1132 μὴ
2273 1063 2448 1113 ποιεῖν
2476 1061 2576 1112 οὐκ
2617 1059 2814 1121 ἔνεστι,
2843 1057 3098 1126 καθάπερ
3141 1057 3198 1109 ἐν
3243 1059 3355 1119 τοῖς
3410 1054 3523 1108 ἄνω
3555 1054 3735 1119 λόγοις
3817 1087 3823 1092 ι

2149 1151 2572 1224 προδεδήλωται.
2605 1150 2769 1218 Λέγει
2815 1147 2922 1221 γὰρ
2955 1149 2984 1201 6
3032 1148 3237 1218 Κύριος
3287 1145 3426 1216 μετά
3458 1146 3522 1198 τὸ
3556 1145 3736 1198 πάντα

2143 1244 2524 1316 πεποιηκέναι,
2595 1243 2725 1296 Ἰδοὺ
2813 1241 2994 1294 πάντα
3070 1239 3211 1293 καλὰ
3287 1238 3444 1293 λίαν·
3500 1237 3733 1300 δεικνὺς,

2142 1339 2223 1392 ὅτι
2253 1337 2313 1390 τὸ
2342 1336 2510 1390 κακὸν
2542 1335 2643 1389 οὑκ
2688 1334 2961 1404 ἀρχαῖξει,
2997 1333 3118 1386 οὑδὲ
3149 1332 3206 1398 ἐξ
3241 1331 3494 1402 ὑπαρχῆς
3522 1329 3736 1398 ὑπῆρχε

2143 1429 2249 1501 πρὸ
2280 1428 2374 1482 τοῦ
2424 1428 2532 1481 ἀπὸ
2586 1426 2681 1480 τοῦ
2727 1425 3015 1498 ἀνθρώπου
3064 1423 3416 1496 ἐνάρξασθαι.
3453 1419 3532 1474 Δι’
3581 1418 3740 1490 ἡμῶν

2141 1521 2249 1593 γὰρ
2287 1520 2518 1589 γίνεται,
2551 1519 2645 1572 καὶ
2675 1517 2742 1571 δι’
2788 1516 2948 1588 ἡμῶν
2993 1516 3053 1570 οὑ
3101 1515 3332 1583 γίνεται,
3375 1513 3501 1584 'Ap‘
3535 1505 3630 1564 οὖν
3679 1511 3738 1564 ὲν

2145 1610 2224 1682 τῷ
2246 1612 2422 1666 πάντα
2457 1609 2740 1679 ἄνθρωπον
2759 1606 3018 1662 δύνασθαι
3042 1605 3118 1677 μὴ
3137 1608 3311 1660 ποιεῖν
3340 1604 3399 1657 τὸ
3429 1602 3620 1666 κακὸν,
3641 1599 3738 1654 καὶ

2141 1702 2399 1756 δύνασθαι
2433 1704 2608 1754 ποιεῖν
2630 1700 2690 1753 τὸ
2725 1699 2916 1764 κακὸν,
2942 1699 3077 1752 ὃταν
3115 1697 3215 1769 μέν
3250 1715 3332 1750 τοι
3359 1698 3508 1767 ποιῇ,
3543 1691 3741 1747 ἔστιτὸ

2143 1791 2330 1855 κακὸν,
2351 1792 2477 1844 ὅταν
2498 1791 2554 1844 δὲ
2591 1791 2664 1860 μὴ
2692 1791 2843 1860 ποιῇ,
2862 1789 2960 1841 οὑκ
2990 1786 3185 1840 ἔστιτὸ
3213 1782 3530 1840 κακόν.Ποῦ
3560 1783 3738 1836 τοίνυν

2132 1881 2225 1934 τοῦ
2249 1880 2419 1934 κα.κοῦ
2451 1883 2484 1952 ἡ
2517 1878 2662 1950 ῥίζα,
2693 1880 2726 1948 ἡ
2763 1877 3062 1939 ὑπόστασις
3087 1876 3188 1946 τῆς
3217 1875 3484 1946 πονηρίας
3514 1891 3529 1940 ;

450 1979 614 2018 cere:
649 1966 694 2019 si
727 1966 912 2032 faciat,
965 1969 1166 2021 malum
1206 1970 1472 2037 exsistet,
1505 1971 1612 2026 nisi
1643 1972 1830 2038 laciat,
1881 1974 2092 2028 nullum
2126 1981 2227 2031 crit
2277 1979 2520 2033 omnino.
2589 1975 2691 2030 Ubi
2736 1976 2895 2047 igitur
2953 1973 3107 2029 radix
3161 1973 3252 2027 illa
3310 1973 3460 2036 mali,
3502 1968 3744 2041 pravita-

447 2060 630 2129 tisque
659 2070 854 2116 natura
880 2064 1227 2119 subsistens?

519 2157 624 2226 73
653 2156 760 2212 VII.
790 2158 1095 2213 Admodum
1123 2177 1250 2213 vero
1275 2160 1508 2216 stolidus
1525 2170 1628 2223 est,
1647 2177 1769 2216 cum
1796 2179 1822 2217 a
1848 2163 2043 2220 virtute

2231 2161 2303 2214 Z'.
2320 2161 2412 2224 Εἰς
2428 2159 2482 2212 δὲ
2501 2157 2698 2229 πολλὴν
2714 2150 2866 2220 οὗτος
2885 2155 3114 2226 ἐλήλακε
3137 2155 3367 2224 μωρίαν,
3392 2152 3636 2219 φάσκων,
3660 2156 3743 2208 ὅτι

447 2247 766 2314 productam
814 2257 1048 2302 mentem
1092 2252 1318 2314 asserit,
1361 2268 1390 2306 a
1428 2262 1608 2307 mente
1646 2254 1916 2320 verbum;
1979 2271 2044 2309 ac

447 2335 552 2389 hoc
612 2337 956 2405 prudentiam
1015 2358 1028 2393 :
1087 2341 1227 2395 hanc
1282 2343 1542 2397 virtutem
1606 2345 2044 2416 sapientiamque

447 2432 728 2500 peperisse
760 2449 773 2486 :
812 2447 843 2484 a
874 2433 1076 2501 quibus
1108 2445 1426 2503 potestates,
1457 2444 1513 2490 et
1543 2436 1797 2501 virtutes,
1834 2439 2043 2508 angeli-

447 2539 555 2591 qne
588 2524 920 2593 prodierint:
953 2526 1044 2580 sed
1077 2526 1162 2581 his
1190 2528 1448 2582 omnibus
1478 2530 1815 2597 superiorem
1851 2545 2045 2599 quam-

447 2613 572 2665 dam
629 2614 734 2667 vim
788 2616 1003 2678 statuit,
1055 2632 1119 2672 ac
1174 2617 1528 2688 principium,
1587 2620 1733 2688 quod
1795 2622 2042 2676 Abrasax

447 2705 701 2772 appellat,
733 2706 853 2760 ideo
880 2708 1022 2777 quod
1055 2708 1174 2777 ejus
1204 2710 1355 2765 vocis
1389 2711 1584 2766 litterze
1611 2727 1816 2765 ccccxv
1853 2729 2044 2768 nmue-

449 2814 571 2851 rum
606 2798 880 2863 eﬂiciunt;
915 2808 1079 2868 atque
1106 2818 1169 2856 ex
1197 2817 1261 2856 eo
1288 2803 1578 2856 conﬁctam
1622 2805 1768 2858 illam
1801 2822 1954 2858 suam
1979 2806 2046 2859 de

447 2904 653 2944 ccccxv
687 2892 843 2946 caelis
879 2893 1116 2946 fabulam
1167 2895 1526 2965 comprobare
1569 2898 1780 2951 nititur.
1830 2897 2045 2962 Quibus

451 2983 609 3037 caelis
641 2985 864 3037 totidem
901 3000 964 3038 ex
1009 2986 1417 3041 mathematicis
1457 2989 1768 3043 rationibus
1805 2991 1946 3043 situs
1981 3006 2045 3044 ac

451 3075 699 3127 locorum
748 3075 1150 3146 descriptiones
1197 3078 1614 3132 acconnnodare
1645 3080 1792 3132 omni
1839 3096 1941 3148 ope
1984 3096 2048 3134 ac

450 3166 636 3220 studio
699 3168 1030 3222 contendit:
1074 3186 1201 3223 nam
1247 3169 1464 3224 illorum
1504 3171 1802 3226 vanissima
1845 3173 2051 3227 theore-

454 3265 600 3311 mata
641 3273 766 3312 cum
808 3259 946 3328 ipse,
987 3268 1102 3314 tum
1157 3261 1250 3330 qui
1299 3277 1364 3316 ex
1406 3262 1528 3332 ejus
1569 3262 1856 3331 disciplina
1897 3272 2045 3329 sunt,

454 3350 536 3403 sic
582 3351 956 3420 arripuerunt,
997 3361 1056 3406 ut
1097 3353 1151 3406 in
1196 3369 1356 3407 usum
1398 3354 1739 3409 conformata
1780 3370 1939 3410 suum
1979 3355 2046 3409 ad

453 3440 727 3496 idolorum
789 3445 1254 3514 propugnatricis,
1314 3446 1573 3516 falsaeque
1623 3458 1676 3500 et
1729 3447 2048 3502 adulterinae

2154 2258 2184 2326 ἡ
2212 2254 2439 2323 δύναμις
2471 2253 2562 2306 τὸν
2597 2249 2719 2303 νοῦν
2752 2249 3102 2321 προεϐάλετο,
3133 2249 3160 2300 6
3184 2247 3238 2298 δὲ
3274 2247 3397 2308 νοῦς
3425 2245 3517 2297 τὸν
3555 2246 3736 2312 λόγον,

2144 2351 2172 2400 6
2209 2347 2266 2400 δὲ
2310 2346 2464 2414 λόγος
2505 2345 2604 2414 τὴν
2635 2344 2895 2412 φρόνησιν
2917 2381 2932 2404 ,
2966 2342 2999 2411 ἠ
3029 2340 3085 2393 δὲ
3117 2340 3373 2410 φρόνησις
3400 2339 3629 2409 δύναμιν
3651 2339 3744 2392 καὶ

2157 2437 2369 2507 σοφίαν,
2405 2437 2470 2488 ἐκ
2502 2435 2558 2488 δὲ
2591 2435 2874 2505 δυνάμεως
2908 2434 3002 2487 καὶ
3037 2433 3228 2501 σοφίας
3263 2430 3501 2497 ἐξουσίαι
3531 2431 3626 2483 καὶ
3653 2431 3744 2483 δυ-

2143 2531 2336 2601 νάμεις
2373 2530 2466 2582 καὶ.
2507 2527 2744 2596 ἄγγελοι.
2795 2526 2956 2594 Λέγει
3002 2525 3058 2577 δὲ
3105 2524 3204 2593 τὴν
3237 2522 3501 2595 ὑπεράνω
3534 2521 3744 2574 τούτων

2146 2624 2379 2692 δύναμιν
2433 2617 2591 2682 εἶναι,
2655 2619 2750 2672 καὶ
2807 2618 2982 2688 ἀρχὴν
3041 2614 3336 2686 ’Λϐρασάξ,
3398 2613 3486 2667 διὰ
3536 2613 3597 2666 τὸ
3645 2612 3744 2684 τὴν

2151 2711 2330 2780 ψῆφον
2361 2707 2455 2762 τοῦ
2491 2707 2765 2777 ’Λϐρασάξ
2817 2707 2926 2776 (59)
2971 2705 3116 2775 ἔχειν
3163 2704 3572 2775 τριακοσιοστὸν
3620 2702 3746 2775 ἑξη-

2152 2805 2343 2858 κοστὸν
2383 2804 2632 2873 πέμπτον
2662 2799 2919 2872 ἀριθμὸν,
2965 2799 3041 2862 ὡς
3079 2799 3145 2851 ἐκ
3181 2796 3372 2850 τούτου
3401 2796 3500 2866 τὴν
3537 2812 3746 2868 μαρτυ-

2147 2899 2266 2967 ρίαν
2293 2897 2390 2966 τῆς
2430 2895 2594 2948 αὑτοῦ
2633 2892 2953 2964 μυθοποιίας
2993 2891 3101 2944 τῶν
3133 2889 3468 2960 τριακοσίων
3514 2887 3742 2959 ἑξηκον-

2144 2989 2372 3042 ταπέντε
2407 2986 2650 3056 οὐρανῶν
2675 3025 2688 3048 ,
2730 2985 2986 3054 συνιστᾷν
3022 2980 3336 3052 πειρᾶσθαι.
3375 2977 3470 3043 Οἷς
3500 2981 3746 3051 οὐρανοῖς

2149 3084 2245 3137 καὶ
2273 3081 2596 3144 τοποθεσίας
2633 3081 2727 3133 ἴσα
2761 3081 2876 3139 τοῖς
2912 3077 3196 3148 μαθήμασι
3227 3074 3448 3147 διαιρῶν
3479 3074 3612 3144 (60},
3649 3076 3744 3127 καὶ

2147 3175 2398 3245 συνιστᾷν
2437 3171 2771 3241 ἐπιτηδεύων
2817 3171 2876 3224 οὑ
2924 3169 3220 3241 παρέργως
3279 3168 3616 3239 μηχανᾶται.
3661 3165 3745 3219 Τὰ

2151 3268 2262 3338 γὰρ
2287 3266 2510 3318 ἐκείνων
2543 3264 2749 3334 μάταια
2779 3262 3112 3333 θεωρήματα
3145 3258 3324 3312 λαϐὼν
3353 3261 3433 3322 είς
3471 3258 3602 3311 ῑδιον
3641 3274 3742 3328 χα-

2151 3359 2398 3432 ρακτῆρα
2418 3399 2431 3421 ,
2462 3357 2623 3419 αὑτός
2652 3375 2710 3410 τε
2742 3357 2835 3409 καὶ
2869 3358 2918 3408 οἰ
2945 3355 3036 3407 ὑπ’
3071 3354 3232 3406 αὑτὸν
3252 3393 3268 3418 ,
3301 3354 3384 3415 είς
3429 3351 3609 3404 αἰτίαν
3641 3349 3744 3420 τῆς

2154 3452 2288 3514 ἰδίας
2325 3449 2674 3504 εἰδωλοποιοῦ
2709 3450 2804 3501 καὶ
2840 3446 3267 3517 πεπλανημένης
3307 3444 3641 3498 ἐπιπλάστου
3670 3443 3743 3497 δι·

451 3533 715 3588 doctrina‘.
741 3551 966 3590 causam
1003 3547 1168 3607 atque
1196 3538 1465 3607 originem
1502 3538 1887 3594 transferrent.
1922 3539 2043 3605 Qua

2157 3544 2452 3606 δασκαλίας
2489 3544 2848 3613 μετήνεγκαν,
2886 3541 2980 3594 καὶ
3021 3538 3301 3610 βούλονται
3343 3537 3443 3610 τὴν
3487 3535 3745 3591 σύστασιν

453 3625 673 3694 quidem
701 3628 962 3682 similium
995 3631 1450 3699 supputationum
1499 3634 1834 3701 comparatis
1874 3649 2050 3687 exem—

450 3718 554 3787 plis
586 3720 948 3775 corroborare
975 3731 1246 3775 conantur
1280 3742 1292 3776 :
1327 3738 1452 3776 nam
1499 3724 1743 3778 Abrasax
1766 3764 1781 3788 ,
1824 3733 1883 3778 ut
1923 3734 2050 3780 ante

451 3811 588 3876 dixi,
635 3828 840 3866 CCCLXV
895 3831 1183 3868 numerum
1239 3817 1504 3870 continet.
1563 3816 1700 3870 llinc
1741 3817 1906 3886 igitur
1957 3817 2047 3872 isti

452 3903 678 3958 totidem
705 3905 902 3990 diebus
931 3908 1128 3960 conlici
1158 3909 1285 3961 anni
1321 3909 1610 3963 circuitum
1636 3918 1912 3965 asserunt.
1941 3910 2048 3965 Sed

453 3993 636 4048 inanis
666 3995 779 4050 haec
809 3995 987 4051 oratio
1010 4012 1106 4066 per
1134 4001 1371 4066 seipsam
1401 3999 1657 4052 concidat
1687 4015 1914 4055 necesse
1941 4008 2046 4055 est.

455 4089 737 4160 Siquidem
770 4105 948 4145 annus
981 4099 1179 4160 praeter
1209 4106 1416 4145 cet:va
1451 4091 1571 4146 dies
1607 4092 1784 4147 tribus
1823 4093 2050 4163 insuper

454 4180 608 4235 horis
651 4191 910 4237 constare
943 4183 1205 4236 cernitur.
1235 4182 1440 4236 Eadem
1493 4197 1644 4246 vero,
1692 4183 1891 4252 inquit,
1936 4185 2050 4239 haec

453 4287 622 4327 causa
654 4281 738 4328 est
768 4288 869 4327 cur
903 4274 956 4326 in
991 4273 1212 4328 homine
1257 4289 1462 4328 cccuv
1507 4274 1752 4328 membra
1802 4276 1944 4341 sint,
1991 4285 2050 4330 ut

452 4365 709 4433 quaelibet
786 4365 1001 4419 illarum
1057 4367 1322 4419 virtutum
1385 4381 1546 4420 suum
1609 4366 1713 4420 sibi
1769 4368 2049 4424 vindicare

454 4457 650 4525 possit.
683 4456 739 4510 In
771 4473 882 4523 quo
909 4458 1126 4528 quidem
1156 4459 1450 4513 conﬁctum
1483 4459 1612 4512 illud
1650 4459 2048 4514 adulterinum-

454 4561 563 4616 que
603 4548 800 4618 dogma
845 4564 954 4602 non
1002 4550 1186 4604 minus
1224 4550 1455 4604 corruit.
1498 4548 1713 4619 Quippe
1750 4567 1859 4605 non
1891 4553 2048 4622 plura

453 4654 681 4693 ccccxlv
711 4643 974 4696 membris
999 4642 1052 4695 in
1090 4643 1313 4698 homine
1341 4654 1724 4699 numerantur.

529 4728 662 4784 Vlll.
702 4736 780 4785 Ac
819 4732 1012 4786 beatus
1055 4733 1143 4786 ille
1183 4733 1558 4802 apostolorum
1599 4749 1891 4791 successor
1929 4733 2045 4790 Ire-

454 4837 608 4877 meus
648 4824 906 4879 subtilius
945 4839 1010 4879 ea
1053 4825 1121 4878 de
1159 4841 1217 4879 re
1256 4825 1545 4896 disputans
1581 4827 1822 4883 hominis
1860 4829 2046 4883 stulti-

2149 3635 2354 3690 τούτων
2382 3635 2490 3689 ἀπὸ
2513 3634 2622 3687 τῶν
2646 3635 2846 3704 ὁμοίων
2879 3631 3073 3702 ψήφων
3109 3629 3414 3691 ποιεῖσθαι,
3449 3629 3526 3691 ὡς
3559 3630 3746 3700 προεῖ-

2153 3745 2277 3792 πον,
2323 3727 2418 3780 τοῦ
2458 3726 2735 3798 Ἀδρασάξ
2781 3726 2890 3778 τῶν
2921 3724 3266 3798 ·τριακοσίων
3316 3722 3744 3793 ἑξηκονταπέντε

2150 3819 2238 3872 τὸν
2273 3819 2504 3890 ἀριθμὸν
2546 3818 2759 3888 ἔχοντος
2806 3817 2985 3887 δῆθεν,
3037 3816 3340 3878 δεικνύντες
3371 3815 3437 3867 δι’
3475 3812 3641 3867 αὑτοῦ
3683 3813 3745 3866 τὸ

2149 3911 2290 3982 ἔχειν
2312 3911 2402 3964 τὸν
2431 3912 2675 3964 ἐνιαυτὸν
2696 3910 3035 3982 τριακοσίων
3060 3908 3488 3978 ἑξηκονταπέντε
3516 3904 3744 3978 ἡμερῶν

2149 4001 2383 4074 ἀριθμὸν
2408 4002 2550 4055 κατὰ
2585 4001 2854 4072 περίοδον.
2887 4000 3152 4053 Πέπτωκε
3177 3999 3231 4052 δὲ
3257 3997 3421 4052 αὑτοῦ
3444 3999 3473 4050 6
3496 3995 3744 4070 ληρώδης

2149 4097 2324 4165 λόγος.
2379 4095 2710 4167 Εὑρίσκεται
2759 4093 2869 4164 γὰρ
2914 4091 2943 4144 6
2983 4091 3227 4155 ἐνιαυτὸς
3271 4089 3381 4160 (61)
3417 4087 3743 4161 τριακοσίων

2150 4187 2581 4259 ὲξηκονταπέντε
2614 4185 2840 4258 ἡμερῶν
2864 4183 2961 4238 καὶ
2988 4182 3148 4255 ώρῶν
3176 4182 3363 4253 τριῶν.
3398 4178 3533 4234 Εἶτα
3565 4179 3748 4234 ἐντεῦ-

2152 4280 2242 4333 θέν
2267 4297 2420 4350 φησι,
2462 4282 2555 4333 καὶ
2594 4282 2622 4332 6
2656 4279 2942 4351 ἄνθρωπος
2983 4275 3095 4346 ἔχει
3131 4274 3418 4346 τριακόσια
3451 4273 3744 4344 ἑξηκοντα-

2152 4372 2313 4426 πέντε
2348 4371 2510 4443 μέλη,
2544 4372 2618 4435 ώς
2656 4372 2861 4443 ἑκάστῃ
2904 4367 3013 4422 τῶν
3051 4367 3335 4437 δυνάμεων
3373 4364 3744 4437 ἀπονέμεσθαι

2150 4462 2207 4517 ἓν
2239 4464 2420 4534 μέλος,
2453 4463 2575 4516 ὅθεν
2600 4464 2693 4516 καὶ
2717 4463 2773 4516 ἐν
2793 4460 2968 4530 τούτῳ
2993 4458 3282 4512 πέπτωκεν
3303 4457 3466 4512 αὑτοῦ
3496 4460 3530 4528 ή
3562 4457 3745 4509 ἐπινε-

2148 4556 2383 4628 νοημένη
2423 4556 2518 4610 καὶ
2558 4555 2712 4618 νόθος
2745 4550 3082 4606 διδασκαλία.
3121 4551 3186 4604 Εἰ
3216 4550 3325 4622 γὰρ
3351 4549 3433 4620 τῷ
3469 4548 3742 4621 ἀνθρώπῳ

2147 4647 2268 4700 ἐστὶ
2299 4648 2414 4716 (62)
2449 4646 2554 4712 τξδ¹
2592 4646 2747 4718 μέλη.
3105 4700 3113 4708 ,

2219 4739 2302 4793 Ην.
2355 4737 2696 4809 Θαυμαστῶς
2739 4737 2798 4790 δὲ
2847 4738 2876 4790 6
2927 4736 3201 4806 μακάριος
3249 4735 3538 4805 Εἰρηναῖος
3570 4734 3599 4786 6
3631 4732 3742 4785 τῶν

2150 4831 2461 4886 ἀποστόλων
2477 4830 2741 4901 διάδοχος,
2759 4847 2823 4883 πε
2833 4831 2883 4902 pl
2907 4829 3094 4883 τούτου
3113 4825 3475 4896 λεπτολογῶν,
3493 4824 3740 4896 διήλεγξε

453 4916 588 4969 tiam
635 4931 760 4970 cum
806 4915 924 4987 pari
963 4916 1338 4973 imbecillitate
1378 4917 1734 4988 conjunctam
1773 4935 1907 4975 sane
1943 4921 2039 4974 ad-

2147 4922 2336 4976 τούτου
2355 4926 2453 4992 τὴν
2473 4922 2673 4993 ἀϐελτη
2683 4924 2803 4994 ρίαν
2825 4922 2920 4978 καὶ
2939 4922 3248 4995 ἀδράνειαν.
3273 4921 3742 4992 ’Δνατραπήσεται

424 5095 431 5106 ·
528 5075 543 5104 ¹
579 5071 868 5139 Eceli.vu,
903 5073 956 5129 1.
1038 5074 1058 5105 ⁸
1097 5074 1234 5130 Gen.
1273 5091 1315 5141 ι,
1350 5074 1439 5130 51.

529 5229 642 5300 (59)
679 5230 788 5284 Τοῦ
828 5230 1143 5298 Ἀϐρασίίξ.
1165 5229 1300 5285 Vide
1323 5230 1523 5286 Baron.
1553 5233 1620 5287 ad
1653 5247 1705 5286 a.
1740 5231 1860 5286 120.

532 5302 642 5373 (60)
668 5301 806 5373 _'_Ia'a
835 5303 958 5367 τοῖς
983 5301 1294 5372 μαθήμασι
1344 5301 1605 5373 διαιρῶν.
1649 5302 1802 5357 Hanc
1849 5303 2040 5358 lectio-

461 5371 584 5427 nem
609 5388 641 5426 e
668 5371 933 5426 Vaticano
964 5371 1351 5429 substituimus
1375 5372 1617 5444 Vulgata:
1656 5373 1733 5428 illi
1765 5389 1887 5444 qua:
1914 5389 2042 5442 per-

459 5444 650 5512 spicue
703 5452 960 5512 corrupta
1009 5444 1243 5507 videtur,
1297 5453 1351 5498 et
1405 5452 1490 5500 est
1537 5444 1874 5511 huiusmodi,
1924 5445 2044 5506 ἴσας

458 5516 573 5586 τοῖς
630 5513 942 5586 ποθητικοῖς
1001 5513 1317 5586 διαιρέσεσι.
1377 5513 1707 5586 Οοιιιιιτίιιεν
1741 5517 2043 5584 ποιητικοῖς

459 5583 609 5655 legit.
639 5583 846 5639 Sensus
873 5598 1039 5654 porro
1065 5583 1251 5640 is'essc
1275 5594 1476 5655 potest,
1512 5585 1802 5640 Basili‘dem
1833 5583 2036 5639 cet:va

459 5653 583 5728 illos
611 5655 780 5707 caelos
809 5670 840 5710 e
869 5653 1289 5728 mathematicis
1305 5656 1634 5718 rationibus,
1659 5670 1796 5728 quae
1809 5657 2034 5728 totidem

458 5724 575 5794 dies
607 5739 790 5777 annuo
819 5723 939 5779 orbi
975 5725 1305 5794 praeliniunt,
1341 5723 1716 5782 constituisse.
1764 5723 1946 5792 Quare
1973 5741 2037 5780 ex

460 5793 650 5866 iisdem
699 5795 806 5849 illis
840 5793 1361 5866 mathematicorum
1409 5796 1646 5852 decretis
1700 5797 1863 5866 paulo
1917 5803 2042 5864 post

464 5865 737 5925 hominem
771 5863 990 5923 refutat.
1031 5865 1242 5938 Quippe
1293 5883 1416 5926 cum
1468 5876 1661 5938 praeter
1687 5863 1867 5944 Iccccx
1902 5863 2040 5925 dies.

1523 5076 1544 5107 ³
1582 5093 1676 5146 γρ.
1715 5077 1992 5149 Ἔμποροι
2020 5075 2153 5146 γοῦν
2177 5069 2326 5131 οὑτοι
2358 5077 2548 5132 κακῶν
2573 5078 2804 5152 ἐρασταὶ
2835 5080 2932 5133 καὶ
2957 5079 3081 5150 οὐχὶ
3105 5077 3350 5148 ἀγαθῶν.

2156 5250 2206 5288 vr
2235 5232 2462 5304 insuper
2488 5233 2637 5288 hora:
2666 5233 3000 5292 tribuantur.

2223 5301 2336 5373 (61)
2367 5301 2741 5373 Ἐῠρίσκεται
2793 5305 2906 5374 γὰρ
2953 5308 2988 5359 ὁ
3029 5305 3330 5372 ἐνιαυτός.
3389 5302 3550 5360 liora:
3597 5303 3742 5374 apud

2151 5372 2518 5499 IEpiphanium
2573 5372 2986 5447 aequinoctiales
3049 5377 3191 5432 duas
3242 5375 3553 5432 continent.
3605 5372 3742 5429 Vide

2169 5460 2348 5499 taeres.
2385 5461 2462 5499 LI.
2793 5457 2802 5470 '

2169 5460 2348 5499 neres.
2385 5461 2435 5499 LI
2448 5486 2462 5499 .
2793 5457 2802 5470 ⁸

2225 5517 2336 5582 (6'2)
2367 5518 2439 5572 El
2470 5516 2581 5586 γὰρ
2613 5515 2694 5583 τῷ
2733 5517 3023 5586 ἀνθρώπῳ
3059 5516 3217 5586 ἐστι.
3271 5515 3340 5570 At
3372 5513 3438 5568 Β.
3488 5513 3634 5568 Elias
3684 5513 3741 5567 in

2147 5586 2328 5640 Thisbi
2369 5601 2384 5645 :
2443 5585 2601 5648 tam:
2657 5597 2732 5647 xm
2792 5585 2979 5648 minus
3040 5585 3188 5649 mm
3235 5606 3246 5640 :
3287 5599 3523 5641 cchvm
3570 5599 3742 5636 mem-

2146 5657 2244 5712 bra
2311 5658 2368 5710 in
2425 5657 2647 5728 homine
2716 5667 2864 5714 sunt.
2939 5661 3008 5712 At
3073 5654 3550 5728 Epiphaniusiait
3615 5668 3742 5707 esse

2147 5741 2395 5805 ecculm
2425 5727 2542 5782 Nisi
2579 5728 2844 5805 forte_pr_o
2879 5729 2928 5780 εἰ
2961 5727 3249 5805 legenduim
3286 5727 3358 5782 sit
3393 5727 3477 5805 οὑ,
3516 5733 3586 5805 ut
3613 5737 3741 5805 seu:

2151 5813 2247 5852 sus
2281 5799 2371 5860 sit,
2401 5813 2514 5854 non
2550 5813 2673 5854 esse
2713 5791 2820 5854 365
2851 5791 3116 5855 membra.
3162 5799 3308 5856 Tum
3348 5797 3497 5853 enim
3540 5801 3595 5851 et
3633 5791 3742 5861 τξέ

2152 5883 2252 5939 pro
2291 5867 2396 5937 156'
2426 5869 2863 5927 substituendum
2899 5867 3022 5926 erit.
