  <div class='ocr_page' id='page_1' title='image "/cluster/home/n/w/nwhite01/storage/ocr_20150623/41/nnc1.0046978747/188.png"; bbox 0 0 4204 6370; ppageno 0'>
   <div class='ocr_carea' id='block_1_1' title="bbox 446 382 552 441">
    <p class='ocr_par' dir='ltr' id='par_1_1' title="bbox 446 382 552 441">
     <span class='ocr_line' id='line_1_1' title="bbox 446 382 552 441; baseline -0.019 0"><span class='ocrx_word' id='word_1_1' title='bbox 446 382 552 441; x_wconf 61' lang='grc'><strong>317</strong></span> 
     </span>
    </p>
   </div>
   <div class='ocr_carea' id='block_1_2' title="bbox 1096 389 3070 447">
    <p class='ocr_par' dir='ltr' id='par_1_2' title="bbox 1096 389 3070 447">
     <span class='ocr_line' id='line_1_2' title="bbox 1096 389 3070 447; baseline 0.001 -5"><span class='ocrx_word' id='word_1_2' title='bbox 1096 389 1468 447; x_wconf 76' lang='lat' dir='ltr'><strong>ADVERSUS</strong></span> <span class='ocrx_word' id='word_1_3' title='bbox 1506 389 1852 446; x_wconf 74' lang='lat' dir='ltr'><strong>IUERESES</strong></span> <span class='ocrx_word' id='word_1_4' title='bbox 1888 390 2017 446; x_wconf 80' lang='lat' dir='ltr'><strong>LIB.</strong></span> <span class='ocrx_word' id='word_1_5' title='bbox 2060 391 2103 446; x_wconf 91' lang='grc'><strong>1.</strong></span> <span class='ocrx_word' id='word_1_6' title='bbox 2148 390 2312 447; x_wconf 78' lang='grc' dir='ltr'><strong>ΤΟΜ.</strong></span> <span class='ocrx_word' id='word_1_7' title='bbox 2351 390 2417 446; x_wconf 88' lang='lat' dir='ltr'><strong>ll.</strong></span> <span class='ocrx_word' id='word_1_8' title='bbox 2457 423 2523 432; x_wconf 89' lang='lat'><strong>——</strong></span> <span class='ocrx_word' id='word_1_9' title='bbox 2565 390 2839 446; x_wconf 75' lang='lat' dir='ltr'><strong>IIAZRES.</strong></span> <span class='ocrx_word' id='word_1_10' title='bbox 2880 389 3070 447; x_wconf 83' lang='lat' dir='ltr'><strong>XXIV.</strong></span> 
     </span>
    </p>
   </div>
   <div class='ocr_carea' id='block_1_3' title="bbox 3627 386 3735 443">
    <p class='ocr_par' dir='ltr' id='par_1_3' title="bbox 3627 386 3735 443">
     <span class='ocr_line' id='line_1_3' title="bbox 3627 386 3735 443; baseline 0 -1"><span class='ocrx_word' id='word_1_11' title='bbox 3627 386 3735 443; x_wconf 66' lang='lat' dir='ltr'><strong>ais</strong></span> 
     </span>
    </p>
   </div>
   <div class='ocr_carea' id='block_1_4' title="bbox 451 503 2054 591">
    <p class='ocr_par' dir='ltr' id='par_1_4' title="bbox 451 503 2037 591">
     <span class='ocr_line' id='line_1_4' title="bbox 451 503 2037 591; baseline -0.009 -15"><span class='ocrx_word' id='word_1_12' title='bbox 451 507 504 560; x_wconf 62' lang='grc' dir='ltr'><strong>δὲ</strong></span> <span class='ocrx_word' id='word_1_13' title='bbox 534 505 627 559; x_wconf 51' lang='grc' dir='ltr'>καὶ</span> <span class='ocrx_word' id='word_1_14' title='bbox 656 503 751 556; x_wconf 62' lang='grc' dir='ltr'><strong>νῦν</strong></span> <span class='ocrx_word' id='word_1_15' title='bbox 776 507 825 591; x_wconf 56' lang='grc' dir='ltr'><strong>ἦ,</strong></span> <span class='ocrx_word' id='word_1_16' title='bbox 839 506 1079 578; x_wconf 76' lang='grc' dir='ltr'>φλυαρία</span> <span class='ocrx_word' id='word_1_17' title='bbox 1111 510 1204 562; x_wconf 91' lang='grc' dir='ltr'><strong>τοῦ</strong></span> <span class='ocrx_word' id='word_1_18' title='bbox 1237 510 1443 564; x_wconf 80' lang='grc' dir='ltr'>ἄνωθεν</span> <span class='ocrx_word' id='word_1_19' title='bbox 1471 510 1911 581; x_wconf 80' lang='grc' dir='ltr'>καταϐεϐηκότος</span> <span class='ocrx_word' id='word_1_20' title='bbox 1934 511 2037 562; x_wconf 80' lang='grc' dir='ltr'>Βα-</span> 
     </span>
    </p>
   </div>
   <div class='ocr_carea' id='block_1_5' title="bbox 2159 503 3733 591">
    <p class='ocr_par' dir='ltr' id='par_1_5' title="bbox 2163 504 3733 575">
     <span class='ocr_line' id='line_1_5' title="bbox 2163 504 3733 575; baseline -0.002 -13"><span class='ocrx_word' id='word_1_21' title='bbox 2163 510 2470 564; x_wconf 85' lang='lat' dir='ltr'><strong>nirabiliter</strong></span> <span class='ocrx_word' id='word_1_22' title='bbox 2493 509 2756 565; x_wconf 82' lang='lat' dir='ltr'><strong>convicit.</strong></span> <span class='ocrx_word' id='word_1_23' title='bbox 2790 507 2899 563; x_wconf 80' lang='lat' dir='ltr'><strong>Nec</strong></span> <span class='ocrx_word' id='word_1_24' title='bbox 2926 507 3109 561; x_wconf 85' lang='lat' dir='ltr'><strong>minus</strong></span> <span class='ocrx_word' id='word_1_25' title='bbox 3140 505 3193 560; x_wconf 92' lang='lat' dir='ltr'><strong>in</strong></span> <span class='ocrx_word' id='word_1_26' title='bbox 3224 504 3514 575; x_wconf 63' lang='lat' dir='ltr'><strong>prresenlia</strong></span> <span class='ocrx_word' id='word_1_27' title='bbox 3549 504 3733 559; x_wconf 79' lang='lat' dir='ltr'><strong>futiles</strong></span> 
     </span>
    </p>
   </div>
   <div class='ocr_carea' id='block_1_6' title="bbox 450 596 2041 670">
    <p class='ocr_par' dir='ltr' id='par_1_6' title="bbox 450 596 2041 670">
     <span class='ocr_line' id='line_1_6' title="bbox 450 596 2041 670; baseline 0.002 -19"><span class='ocrx_word' id='word_1_28' title='bbox 450 596 700 659; x_wconf 66' lang='grc' dir='ltr'>σιλείδου,</span> <span class='ocrx_word' id='word_1_29' title='bbox 732 600 825 651; x_wconf 72' lang='grc' dir='ltr'><strong>καὶ</strong></span> <span class='ocrx_word' id='word_1_30' title='bbox 853 597 921 651; x_wconf 79' lang='grc' dir='ltr'><strong>τὰ</strong></span> <span class='ocrx_word' id='word_1_31' title='bbox 952 599 1063 652; x_wconf 81' lang='grc' dir='ltr'><strong>ἄνω</strong></span> <span class='ocrx_word' id='word_1_32' title='bbox 1097 602 1281 670; x_wconf 81' lang='grc' dir='ltr'>σαφῶς</span> <span class='ocrx_word' id='word_1_33' title='bbox 1310 602 1811 665; x_wconf 87' lang='grc' dir='ltr'>κατοπτεύσαντος,</span> <span class='ocrx_word' id='word_1_34' title='bbox 1846 603 2041 657; x_wconf 74' lang='grc' dir='ltr'>μᾶλλον</span> 
     </span>
    </p>
   </div>
   <div class='ocr_carea' id='block_1_7' title="bbox 448 689 2038 765">
    <p class='ocr_par' dir='ltr' id='par_1_7' title="bbox 448 689 2038 765">
     <span class='ocr_line' id='line_1_7' title="bbox 448 689 2038 765; baseline 0.003 -24"><span class='ocrx_word' id='word_1_35' title='bbox 448 691 503 742; x_wconf 72' lang='grc' dir='ltr'><strong>δὲ</strong></span> <span class='ocrx_word' id='word_1_36' title='bbox 537 689 742 742; x_wconf 82' lang='grc' dir='ltr'>ἄνωθεν</span> <span class='ocrx_word' id='word_1_37' title='bbox 770 691 1120 754; x_wconf 69' lang='grc' dir='ltr'><strong>πεπτωκότος</strong></span> <span class='ocrx_word' id='word_1_38' title='bbox 1147 693 1255 746; x_wconf 81' lang='grc' dir='ltr'><strong>ἀπὸ</strong></span> <span class='ocrx_word' id='word_1_39' title='bbox 1281 694 1373 747; x_wconf 91' lang='grc' dir='ltr'><strong>τοῦ</strong></span> <span class='ocrx_word' id='word_1_40' title='bbox 1402 695 1502 765; x_wconf 82' lang='grc' dir='ltr'>τῆς</span> <span class='ocrx_word' id='word_1_41' title='bbox 1526 693 1784 764; x_wconf 78' lang='grc' dir='ltr'><strong>ἀληθείας</strong></span> <span class='ocrx_word' id='word_1_42' title='bbox 1815 694 2038 747; x_wconf 78' lang='grc' dir='ltr'>σκοποῦ·</span> 
     </span>
    </p>
   </div>
   <div class='ocr_carea' id='block_1_8' title="bbox 446 775 2045 853">
    <p class='ocr_par' dir='ltr' id='par_1_8' title="bbox 446 775 2045 853">
     <span class='ocr_line' id='line_1_8' title="bbox 446 775 2045 853; baseline 0.001 -18"><span class='ocrx_word' id='word_1_43' title='bbox 446 782 529 835; x_wconf 80' lang='grc' dir='ltr'>ὅτι</span> <span class='ocrx_word' id='word_1_44' title='bbox 549 824 563 846; x_wconf 89' lang='grc'><strong>,</strong></span> <span class='ocrx_word' id='word_1_45' title='bbox 597 783 646 833; x_wconf 87' lang='grc' dir='ltr'><strong>εί</strong></span> <span class='ocrx_word' id='word_1_46' title='bbox 678 775 832 845; x_wconf 72' lang='grc' dir='ltr'>οὗτος</span> <span class='ocrx_word' id='word_1_47' title='bbox 858 784 886 835; x_wconf 88' lang='grc' dir='ltr'>ὁ</span> <span class='ocrx_word' id='word_1_48' title='bbox 913 784 1139 853; x_wconf 83' lang='grc' dir='ltr'>οὑρανος</span> <span class='ocrx_word' id='word_1_49' title='bbox 1173 782 1277 836; x_wconf 81' lang='grc' dir='ltr'><strong>ὑπὸ</strong></span> <span class='ocrx_word' id='word_1_50' title='bbox 1308 783 1416 836; x_wconf 81' lang='grc' dir='ltr'><strong>τῶν</strong></span> <span class='ocrx_word' id='word_1_51' title='bbox 1455 784 1575 838; x_wconf 82' lang='grc' dir='ltr'>κατ’</span> <span class='ocrx_word' id='word_1_52' title='bbox 1600 785 1762 837; x_wconf 86' lang='grc' dir='ltr'>αὑτὸν</span> <span class='ocrx_word' id='word_1_53' title='bbox 1798 784 2045 853; x_wconf 82' lang='grc' dir='ltr'>ἀγγέλων</span> 
     </span>
    </p>
   </div>
   <div class='ocr_carea' id='block_1_9' title="bbox 447 874 2045 947">
    <p class='ocr_par' dir='ltr' id='par_1_9' title="bbox 447 874 2045 947">
     <span class='ocr_line' id='line_1_9' title="bbox 447 874 2045 947; baseline 0.003 -24"><span class='ocrx_word' id='word_1_54' title='bbox 447 889 766 943; x_wconf 83' lang='grc' dir='ltr'>γεγενηται,</span> <span class='ocrx_word' id='word_1_55' title='bbox 790 874 941 926; x_wconf 78' lang='grc' dir='ltr'>αὑτοὶ</span> <span class='ocrx_word' id='word_1_56' title='bbox 956 874 1014 926; x_wconf 81' lang='grc' dir='ltr'><strong>δὲ</strong></span> <span class='ocrx_word' id='word_1_57' title='bbox 1035 874 1140 927; x_wconf 77' lang='grc' dir='ltr'>ὑπὸ</span> <span class='ocrx_word' id='word_1_58' title='bbox 1164 875 1272 927; x_wconf 80' lang='grc' dir='ltr'><strong>τῶν</strong></span> <span class='ocrx_word' id='word_1_59' title='bbox 1294 876 1572 947; x_wconf 82' lang='grc' dir='ltr'><strong>ἀνωτέρω,</strong></span> <span class='ocrx_word' id='word_1_60' title='bbox 1595 876 1687 928; x_wconf 66' lang='grc' dir='ltr'><strong>καὶ</strong></span> <span class='ocrx_word' id='word_1_61' title='bbox 1709 877 1758 927; x_wconf 87' lang='grc' dir='ltr'>οἱ</span> <span class='ocrx_word' id='word_1_62' title='bbox 1788 875 2045 946; x_wconf 80' lang='grc' dir='ltr'><strong>ἀνωτέρω</strong></span> 
     </span>
    </p>
   </div>
   <div class='ocr_carea' id='block_1_10' title="bbox 452 964 2046 1038">
    <p class='ocr_par' dir='ltr' id='par_1_10' title="bbox 452 964 2046 1038">
     <span class='ocr_line' id='line_1_10' title="bbox 452 964 2046 1038; baseline 0.002 -21"><span class='ocrx_word' id='word_1_63' title='bbox 452 965 554 1018; x_wconf 73' lang='grc' dir='ltr'>ὑπὸ</span> <span class='ocrx_word' id='word_1_64' title='bbox 580 966 689 1019; x_wconf 80' lang='grc' dir='ltr'><strong>τῶν</strong></span> <span class='ocrx_word' id='word_1_65' title='bbox 716 966 795 1019; x_wconf 78' lang='grc' dir='ltr'>ἔτι</span> <span class='ocrx_word' id='word_1_66' title='bbox 823 967 1105 1037; x_wconf 84' lang='grc' dir='ltr'><strong>ἀνωτέρω,</strong></span> <span class='ocrx_word' id='word_1_67' title='bbox 1136 968 1223 1037; x_wconf 82' lang='grc' dir='ltr'><strong>ἄρ’</strong></span> <span class='ocrx_word' id='word_1_68' title='bbox 1258 964 1351 1021; x_wconf 82' lang='grc' dir='ltr'><strong>οὖν</strong></span> <span class='ocrx_word' id='word_1_69' title='bbox 1388 970 1422 1037; x_wconf 80' lang='grc' dir='ltr'>ὴ</span> <span class='ocrx_word' id='word_1_70' title='bbox 1457 969 1568 1022; x_wconf 81' lang='grc' dir='ltr'>ἄνω</span> <span class='ocrx_word' id='word_1_71' title='bbox 1601 968 1910 1038; x_wconf 84' lang='grc' dir='ltr'>δύναμις,ἡ</span> <span class='ocrx_word' id='word_1_72' title='bbox 1952 969 2046 1021; x_wconf 75' lang='grc' dir='ltr'>καὶ</span> 
     </span>
    </p>
   </div>
   <div class='ocr_carea' id='block_1_11' title="bbox 452 1054 2048 1130">
    <p class='ocr_par' dir='ltr' id='par_1_11' title="bbox 452 1054 2048 1130">
     <span class='ocr_line' id='line_1_11' title="bbox 452 1054 2048 1130; baseline 0.001 -21"><span class='ocrx_word' id='word_1_73' title='bbox 452 1054 727 1129; x_wconf 71' lang='grc' dir='ltr'>Ἀδρασὰξ</span> <span class='ocrx_word' id='word_1_74' title='bbox 770 1056 1103 1128; x_wconf 79' lang='grc' dir='ltr'><strong>καλουμένη,</strong></span> <span class='ocrx_word' id='word_1_75' title='bbox 1145 1058 1504 1130; x_wconf 82' lang='grc' dir='ltr'><strong>εὑρεθήσεται</strong></span> <span class='ocrx_word' id='word_1_76' title='bbox 1546 1060 1578 1129; x_wconf 86' lang='grc' dir='ltr'>ὴ</span> <span class='ocrx_word' id='word_1_77' title='bbox 1622 1058 1689 1111; x_wconf 79' lang='grc' dir='ltr'>τὰ</span> <span class='ocrx_word' id='word_1_78' title='bbox 1742 1058 1919 1112; x_wconf 89' lang='grc' dir='ltr'>πάντα</span> <span class='ocrx_word' id='word_1_79' title='bbox 1957 1076 2048 1111; x_wconf 88' lang='grc' dir='ltr'><strong>πε·</strong></span> 
     </span>
    </p>
   </div>
   <div class='ocr_carea' id='block_1_12' title="bbox 454 1149 2101 1221">
    <p class='ocr_par' dir='ltr' id='par_1_12' title="bbox 454 1149 2101 1221">
     <span class='ocr_line' id='line_1_12' title="bbox 454 1149 2101 1221; baseline 0.002 -21"><span class='ocrx_word' id='word_1_80' title='bbox 454 1151 738 1221; x_wconf 85' lang='grc' dir='ltr'>ποιηκυῖα,</span> <span class='ocrx_word' id='word_1_81' title='bbox 774 1151 868 1201; x_wconf 77' lang='grc' dir='ltr'><strong>καὶ</strong></span> <span class='ocrx_word' id='word_1_82' title='bbox 901 1150 933 1219; x_wconf 86' lang='grc' dir='ltr'>ἡ</span> <span class='ocrx_word' id='word_1_83' title='bbox 971 1150 1120 1202; x_wconf 84' lang='grc' dir='ltr'>αἰτία</span> <span class='ocrx_word' id='word_1_84' title='bbox 1153 1150 1263 1203; x_wconf 84' lang='grc' dir='ltr'>τῶν</span> <span class='ocrx_word' id='word_1_85' title='bbox 1298 1149 1466 1204; x_wconf 70' lang='grc' dir='ltr'>ὄντων</span> <span class='ocrx_word' id='word_1_86' title='bbox 1500 1150 1739 1216; x_wconf 85' lang='grc' dir='ltr'>πάντων,</span> <span class='ocrx_word' id='word_1_87' title='bbox 1768 1152 1862 1205; x_wconf 76' lang='grc' dir='ltr'><strong>καὶ</strong></span> <span class='ocrx_word' id='word_1_88' title='bbox 1895 1151 2047 1203; x_wconf 84' lang='grc' dir='ltr'>οῦδὲν</span> <span class='ocrx_word' id='word_1_89' title='bbox 2098 1158 2101 1161; x_wconf 73' lang='grc'><em>’</em></span> 
     </span>
    </p>
   </div>
   <div class='ocr_carea' id='block_1_13' title="bbox 453 1240 2047 1313">
    <p class='ocr_par' dir='ltr' id='par_1_13' title="bbox 453 1240 2047 1313">
     <span class='ocr_line' id='line_1_13' title="bbox 453 1240 2047 1313; baseline 0.002 -21"><span class='ocrx_word' id='word_1_90' title='bbox 453 1240 573 1310; x_wconf 87' lang='grc' dir='ltr'>δίχα</span> <span class='ocrx_word' id='word_1_91' title='bbox 606 1240 775 1311; x_wconf 85' lang='grc' dir='ltr'>αὑτῆς</span> <span class='ocrx_word' id='word_1_92' title='bbox 817 1241 871 1293; x_wconf 72' lang='grc' dir='ltr'>τὶ</span> <span class='ocrx_word' id='word_1_93' title='bbox 910 1240 1240 1310; x_wconf 76' lang='grc' dir='ltr'>γεγενῆσθαι</span> <span class='ocrx_word' id='word_1_94' title='bbox 1280 1240 1670 1313; x_wconf 82' lang='grc' dir='ltr'>εὑρεθήσεται,</span> <span class='ocrx_word' id='word_1_95' title='bbox 1712 1244 1874 1295; x_wconf 85' lang='grc' dir='ltr'>ὁπότε</span> <span class='ocrx_word' id='word_1_96' title='bbox 1909 1241 2047 1313; x_wconf 83' lang='grc' dir='ltr'>αὑτὴ</span> 
     </span>
    </p>
   </div>
   <div class='ocr_carea' id='block_1_14' title="bbox 452 1332 2049 1409">
    <p class='ocr_par' dir='ltr' id='par_1_14' title="bbox 452 1332 2049 1406">
     <span class='ocr_line' id='line_1_14' title="bbox 452 1332 2049 1406; baseline 0.001 -21"><span class='ocrx_word' id='word_1_97' title='bbox 452 1332 515 1385; x_wconf 86' lang='grc' dir='ltr'>τὸ</span> <span class='ocrx_word' id='word_1_98' title='bbox 548 1332 717 1385; x_wconf 82' lang='grc' dir='ltr'>αἴτιον</span> <span class='ocrx_word' id='word_1_99' title='bbox 754 1333 848 1386; x_wconf 79' lang='grc' dir='ltr'><strong>καὶ</strong></span> <span class='ocrx_word' id='word_1_100' title='bbox 888 1333 948 1385; x_wconf 86' lang='grc' dir='ltr'><strong>τὸ</strong></span> <span class='ocrx_word' id='word_1_101' title='bbox 981 1333 1197 1403; x_wconf 74' lang='grc' dir='ltr'>πρῶτον</span> <span class='ocrx_word' id='word_1_102' title='bbox 1228 1333 1534 1403; x_wconf 78' lang='grc' dir='ltr'>ἀρχέτυπον</span> <span class='ocrx_word' id='word_1_103' title='bbox 1568 1336 1698 1406; x_wconf 86' lang='grc' dir='ltr'>παρ’</span> <span class='ocrx_word' id='word_1_104' title='bbox 1737 1334 1917 1388; x_wconf 83' lang='grc' dir='ltr'>αὑτῶν</span> <span class='ocrx_word' id='word_1_105' title='bbox 1950 1353 2049 1387; x_wconf 87' lang='grc' dir='ltr'>κα·-</span> 
     </span>
    </p>
   </div>
   <div class='ocr_carea' id='block_1_15' title="bbox 452 1424 2047 1498">
    <p class='ocr_par' dir='ltr' id='par_1_15' title="bbox 452 1424 2047 1498">
     <span class='ocr_line' id='line_1_15' title="bbox 452 1424 2047 1498; baseline 0.001 -20"><span class='ocrx_word' id='word_1_106' title='bbox 452 1425 832 1494; x_wconf 84' lang='grc' dir='ltr'>ταγγέλλεται,</span> <span class='ocrx_word' id='word_1_107' title='bbox 879 1424 938 1477; x_wconf 77' lang='grc' dir='ltr'><strong>τὸ</strong></span> <span class='ocrx_word' id='word_1_108' title='bbox 976 1424 1267 1494; x_wconf 87' lang='grc' dir='ltr'>λεγόμενον</span> <span class='ocrx_word' id='word_1_109' title='bbox 1312 1426 1440 1496; x_wconf 88' lang='grc' dir='ltr'>παρ’</span> <span class='ocrx_word' id='word_1_110' title='bbox 1479 1426 1663 1488; x_wconf 84' lang='grc' dir='ltr'>αὑτοῖς</span> <span class='ocrx_word' id='word_1_111' title='bbox 1702 1426 1795 1479; x_wconf 88' lang='grc' dir='ltr'><strong>τοῦ</strong></span> <span class='ocrx_word' id='word_1_112' title='bbox 1842 1428 2047 1498; x_wconf 88' lang='grc' dir='ltr'>κόσμου</span> 
     </span>
    </p>
   </div>
   <div class='ocr_carea' id='block_1_16' title="bbox 453 1515 2047 1589">
    <p class='ocr_par' dir='ltr' id='par_1_16' title="bbox 453 1515 2047 1589">
     <span class='ocr_line' id='line_1_16' title="bbox 453 1515 2047 1589; baseline 0.001 -20"><span class='ocrx_word' id='word_1_113' title='bbox 453 1516 642 1569; x_wconf 85' lang='grc' dir='ltr'>τούτου</span> <span class='ocrx_word' id='word_1_114' title='bbox 676 1516 995 1587; x_wconf 84' lang='grc' dir='ltr'>ὑστέρημα,</span> <span class='ocrx_word' id='word_1_115' title='bbox 1033 1517 1139 1567; x_wconf 79' lang='grc' dir='ltr'><strong>ὑπό</strong></span> <span class='ocrx_word' id='word_1_116' title='bbox 1171 1532 1313 1578; x_wconf 87' lang='grc' dir='ltr'>τινος</span> <span class='ocrx_word' id='word_1_117' title='bbox 1356 1515 1544 1586; x_wconf 79' lang='grc' dir='ltr'>ἑτέρου</span> <span class='ocrx_word' id='word_1_118' title='bbox 1582 1516 1658 1587; x_wconf 84' lang='grc' dir='ltr'>μὴ</span> <span class='ocrx_word' id='word_1_119' title='bbox 1688 1518 2047 1589; x_wconf 83' lang='grc' dir='ltr'>γεγενῆσθαι,</span> 
     </span>
    </p>
   </div>
   <div class='ocr_carea' id='block_1_17' title="bbox 455 1606 2049 1680">
    <p class='ocr_par' dir='ltr' id='par_1_17' title="bbox 455 1606 2049 1680">
     <span class='ocr_line' id='line_1_17' title="bbox 455 1606 2049 1680; baseline 0.001 -19"><span class='ocrx_word' id='word_1_120' title='bbox 455 1608 592 1662; x_wconf 77' lang='grc' dir='ltr'>ἀλλὰ</span> <span class='ocrx_word' id='word_1_121' title='bbox 652 1608 759 1661; x_wconf 77' lang='grc' dir='ltr'><strong>ἀπὸ</strong></span> <span class='ocrx_word' id='word_1_122' title='bbox 792 1609 893 1677; x_wconf 78' lang='grc' dir='ltr'>τῆς</span> <span class='ocrx_word' id='word_1_123' title='bbox 937 1606 1162 1678; x_wconf 82' lang='grc' dir='ltr'><strong>πρώτης</strong></span> <span class='ocrx_word' id='word_1_124' title='bbox 1201 1608 1376 1679; x_wconf 75' lang='grc' dir='ltr'>ἀρχῆς</span> <span class='ocrx_word' id='word_1_125' title='bbox 1418 1608 1512 1660; x_wconf 79' lang='grc' dir='ltr'><strong>καὶ</strong></span> <span class='ocrx_word' id='word_1_126' title='bbox 1552 1608 1730 1672; x_wconf 86' lang='grc' dir='ltr'><strong>αἰτίας</strong></span> <span class='ocrx_word' id='word_1_127' title='bbox 1772 1610 1880 1662; x_wconf 83' lang='grc' dir='ltr'><strong>τῶν</strong></span> <span class='ocrx_word' id='word_1_128' title='bbox 1920 1627 2049 1680; x_wconf 83' lang='grc' dir='ltr'>μετ-</span> 
     </span>
    </p>
   </div>
   <div class='ocr_carea' id='block_1_18' title="bbox 454 1699 2050 1774">
    <p class='ocr_par' dir='ltr' id='par_1_18' title="bbox 454 1699 2050 1774">
     <span class='ocr_line' id='line_1_18' title="bbox 454 1699 2050 1774; baseline 0.001 -21"><span class='ocrx_word' id='word_1_129' title='bbox 454 1700 647 1754; x_wconf 81' lang='grc' dir='ltr'>έπειτα</span> <span class='ocrx_word' id='word_1_130' title='bbox 670 1700 989 1768; x_wconf 87' lang='grc' dir='ltr'>γεγονότων.</span> <span class='ocrx_word' id='word_1_131' title='bbox 1012 1699 1346 1771; x_wconf 82' lang='grc' dir='ltr'>Ἐρωτητέον</span> <span class='ocrx_word' id='word_1_132' title='bbox 1372 1699 1429 1752; x_wconf 82' lang='grc' dir='ltr'>δὲ</span> <span class='ocrx_word' id='word_1_133' title='bbox 1441 1700 1533 1752; x_wconf 83' lang='grc' dir='ltr'><strong>τὸν</strong></span> <span class='ocrx_word' id='word_1_134' title='bbox 1564 1700 1744 1753; x_wconf 79' lang='grc' dir='ltr'>αὑτόν·</span> <span class='ocrx_word' id='word_1_135' title='bbox 1766 1702 1884 1754; x_wconf 88' lang='grc' dir='ltr'>Τίνι</span> <span class='ocrx_word' id='word_1_136' title='bbox 1908 1702 2050 1774; x_wconf 83' lang='grc' dir='ltr'>λόγῳ</span> 
     </span>
    </p>
   </div>
   <div class='ocr_carea' id='block_1_19' title="bbox 453 1781 2045 1862">
    <p class='ocr_par' dir='ltr' id='par_1_19' title="bbox 453 1781 2045 1862">
     <span class='ocr_line' id='line_1_19' title="bbox 453 1781 2045 1862; baseline 0.001 -20"><span class='ocrx_word' id='word_1_137' title='bbox 453 1791 547 1842; x_wconf 71' lang='grc' dir='ltr'><strong>ἐπὶ</strong></span> <span class='ocrx_word' id='word_1_138' title='bbox 574 1790 842 1861; x_wconf 75' lang='grc' dir='ltr'>τοσαύτην</span> <span class='ocrx_word' id='word_1_139' title='bbox 874 1789 1083 1860; x_wconf 75' lang='grc' dir='ltr'>πληθὺν</span> <span class='ocrx_word' id='word_1_140' title='bbox 1115 1791 1264 1860; x_wconf 85' lang='grc' dir='ltr'>ἡμᾶς</span> <span class='ocrx_word' id='word_1_141' title='bbox 1301 1789 1507 1860; x_wconf 81' lang='grc' dir='ltr'>φέρεις,</span> <span class='ocrx_word' id='word_1_142' title='bbox 1540 1784 1585 1843; x_wconf 84' lang='grc' dir='ltr'><strong>ὦ</strong></span> <span class='ocrx_word' id='word_1_143' title='bbox 1611 1781 1765 1852; x_wconf 74' lang='grc' dir='ltr'>οὗτος</span> <span class='ocrx_word' id='word_1_144' title='bbox 1785 1829 1800 1854; x_wconf 88' lang='grc'><strong>,</strong></span> <span class='ocrx_word' id='word_1_145' title='bbox 1841 1792 1933 1844; x_wconf 79' lang='grc' dir='ltr'><strong>καὶ</strong></span> <span class='ocrx_word' id='word_1_146' title='bbox 1972 1792 2045 1862; x_wconf 83' lang='grc' dir='ltr'>μὴ</span> 
     </span>
    </p>
   </div>
   <div class='ocr_carea' id='block_1_20' title="bbox 2143 596 3733 672">
    <p class='ocr_par' dir='ltr' id='par_1_20' title="bbox 2143 596 3733 672">
     <span class='ocr_line' id='line_1_20' title="bbox 2143 596 3733 672; baseline -0.006 -15"><span class='ocrx_word' id='word_1_147' title='bbox 2143 601 2391 672; x_wconf 81' lang='lat' dir='ltr'><strong>ejusdem</strong></span> <span class='ocrx_word' id='word_1_148' title='bbox 2445 602 2698 657; x_wconf 66' lang='lat' dir='ltr'><strong>Basilidm</strong></span> <span class='ocrx_word' id='word_1_149' title='bbox 2751 616 2908 671; x_wconf 63' lang='lat' dir='ltr'><strong>nugae</strong></span> <span class='ocrx_word' id='word_1_150' title='bbox 2967 598 3287 654; x_wconf 77' lang='lat' dir='ltr'><strong>refellentur</strong></span> <span class='ocrx_word' id='word_1_151' title='bbox 3348 599 3440 669; x_wconf 90' lang='lat' dir='ltr'><strong>qui</strong></span> <span class='ocrx_word' id='word_1_152' title='bbox 3507 615 3538 651; x_wconf 92' lang='lat' dir='ltr'><strong>e</strong></span> <span class='ocrx_word' id='word_1_153' title='bbox 3590 596 3733 650; x_wconf 75' lang='lat' dir='ltr'><strong>cmlo</strong></span> 
     </span>
    </p>
   </div>
   <div class='ocr_carea' id='block_1_21' title="bbox 2144 689 3732 764">
    <p class='ocr_par' dir='ltr' id='par_1_21' title="bbox 2144 689 3732 764">
     <span class='ocr_line' id='line_1_21' title="bbox 2144 689 3732 764; baseline -0.004 -17"><span class='ocrx_word' id='word_1_154' title='bbox 2144 695 2423 764; x_wconf 87' lang='lat' dir='ltr'><strong>delapsus,</strong></span> <span class='ocrx_word' id='word_1_155' title='bbox 2470 704 2523 749; x_wconf 86' lang='lat' dir='ltr'><strong>et</strong></span> <span class='ocrx_word' id='word_1_156' title='bbox 2563 692 2807 747; x_wconf 63' lang='lat' dir='ltr'><strong>caelestia</strong></span> <span class='ocrx_word' id='word_1_157' title='bbox 2851 691 3138 746; x_wconf 89' lang='lat' dir='ltr'><strong>manifeste</strong></span> <span class='ocrx_word' id='word_1_158' title='bbox 3184 689 3584 759; x_wconf 83' lang='lat' dir='ltr'><strong>contemplatus</strong></span> <span class='ocrx_word' id='word_1_159' title='bbox 3625 694 3732 750; x_wconf 86' lang='lat' dir='ltr'><strong>est,</strong></span> 
     </span>
    </p>
   </div>
   <div class='ocr_carea' id='block_1_22' title="bbox 2140 778 3731 855">
    <p class='ocr_par' dir='ltr' id='par_1_22' title="bbox 2140 778 3731 855">
     <span class='ocr_line' id='line_1_22' title="bbox 2140 778 3731 855; baseline -0.004 -16"><span class='ocrx_word' id='word_1_160' title='bbox 2140 782 2231 841; x_wconf 84' lang='lat' dir='ltr'><strong>vel</strong></span> <span class='ocrx_word' id='word_1_161' title='bbox 2254 802 2285 841; x_wconf 88' lang='lat' dir='ltr'><strong>e</strong></span> <span class='ocrx_word' id='word_1_162' title='bbox 2312 787 2454 841; x_wconf 72' lang='lat' dir='ltr'><strong>emlo</strong></span> <span class='ocrx_word' id='word_1_163' title='bbox 2490 786 2691 855; x_wconf 87' lang='lat' dir='ltr'><strong>potius,</strong></span> <span class='ocrx_word' id='word_1_164' title='bbox 2734 784 2839 837; x_wconf 91' lang='lat' dir='ltr'><strong>hoc</strong></span> <span class='ocrx_word' id='word_1_165' title='bbox 2873 790 2959 837; x_wconf 90' lang='lat' dir='ltr'><strong>est</strong></span> <span class='ocrx_word' id='word_1_166' title='bbox 2996 797 3164 852; x_wconf 90' lang='lat' dir='ltr'><strong>scopo</strong></span> <span class='ocrx_word' id='word_1_167' title='bbox 3199 782 3446 842; x_wconf 77' lang='lat' dir='ltr'><strong>veritatis</strong></span> <span class='ocrx_word' id='word_1_168' title='bbox 3482 778 3684 835; x_wconf 72' lang='lat' dir='ltr'><strong>excidit</strong></span> <span class='ocrx_word' id='word_1_169' title='bbox 3716 796 3731 832; x_wconf 88' lang='lat'><strong>:</strong></span> 
     </span>
    </p>
   </div>
   <div class='ocr_carea' id='block_1_23' title="bbox 2148 869 3732 944">
    <p class='ocr_par' dir='ltr' id='par_1_23' title="bbox 2148 869 3732 944">
     <span class='ocr_line' id='line_1_23' title="bbox 2148 869 3732 944; baseline -0.006 -12"><span class='ocrx_word' id='word_1_170' title='bbox 2148 893 2274 933; x_wconf 91' lang='lat' dir='ltr'><strong>nam</strong></span> <span class='ocrx_word' id='word_1_171' title='bbox 2303 879 2349 932; x_wconf 91' lang='lat' dir='ltr'><strong>si</strong></span> <span class='ocrx_word' id='word_1_172' title='bbox 2386 878 2587 933; x_wconf 78' lang='lat' dir='ltr'><strong>cmlum</strong></span> <span class='ocrx_word' id='word_1_173' title='bbox 2618 875 2765 932; x_wconf 89' lang='lat' dir='ltr'><strong>istud</strong></span> <span class='ocrx_word' id='word_1_174' title='bbox 2797 876 2866 929; x_wconf 89' lang='lat' dir='ltr'><strong>ab</strong></span> <span class='ocrx_word' id='word_1_175' title='bbox 2904 874 3111 944; x_wconf 80' lang='lat' dir='ltr'><strong>angelis</strong></span> <span class='ocrx_word' id='word_1_176' title='bbox 3142 888 3282 942; x_wconf 92' lang='lat' dir='ltr'><strong>quos</strong></span> <span class='ocrx_word' id='word_1_177' title='bbox 3307 873 3396 926; x_wconf 90' lang='lat' dir='ltr'><strong>ille</strong></span> <span class='ocrx_word' id='word_1_178' title='bbox 3424 869 3732 935; x_wconf 89' lang='lat' dir='ltr'><strong>constituit,</strong></span> 
     </span>
    </p>
   </div>
   <div class='ocr_carea' id='block_1_24' title="bbox 2147 964 3736 1038">
    <p class='ocr_par' dir='ltr' id='par_1_24' title="bbox 2147 964 3736 1038">
     <span class='ocr_line' id='line_1_24' title="bbox 2147 964 3736 1038; baseline -0.006 -15"><span class='ocrx_word' id='word_1_179' title='bbox 2147 976 2235 1023; x_wconf 87' lang='lat' dir='ltr'><strong>est</strong></span> <span class='ocrx_word' id='word_1_180' title='bbox 2280 969 2640 1038; x_wconf 88' lang='lat' dir='ltr'><strong>productum,</strong></span> <span class='ocrx_word' id='word_1_181' title='bbox 2678 974 2731 1021; x_wconf 91' lang='lat' dir='ltr'><strong>et</strong></span> <span class='ocrx_word' id='word_1_182' title='bbox 2765 966 2801 1020; x_wconf 92' lang='lat' dir='ltr'><strong>ii</strong></span> <span class='ocrx_word' id='word_1_183' title='bbox 2838 981 3032 1020; x_wconf 83' lang='lat' dir='ltr'><strong>rursus</strong></span> <span class='ocrx_word' id='word_1_184' title='bbox 3072 980 3101 1017; x_wconf 90' lang='lat' dir='ltr'><strong>a</strong></span> <span class='ocrx_word' id='word_1_185' title='bbox 3135 964 3544 1034; x_wconf 78' lang='lat' dir='ltr'><strong>superioribus,</strong></span> <span class='ocrx_word' id='word_1_186' title='bbox 3572 976 3736 1031; x_wconf 86' lang='lat' dir='ltr'><strong>supe-</strong></span> 
     </span>
    </p>
   </div>
   <div class='ocr_carea' id='block_1_25' title="bbox 2149 1054 3735 1129">
    <p class='ocr_par' dir='ltr' id='par_1_25' title="bbox 2149 1054 3735 1129">
     <span class='ocr_line' id='line_1_25' title="bbox 2149 1054 3735 1129; baseline -0.005 -15"><span class='ocrx_word' id='word_1_187' title='bbox 2149 1060 2331 1115; x_wconf 91' lang='lat' dir='ltr'><strong>riores</strong></span> <span class='ocrx_word' id='word_1_188' title='bbox 2367 1074 2397 1113; x_wconf 90' lang='lat' dir='ltr'><strong>a</strong></span> <span class='ocrx_word' id='word_1_189' title='bbox 2434 1060 2711 1129; x_wconf 84' lang='lat' dir='ltr'><strong>supremis</strong></span> <span class='ocrx_word' id='word_1_190' title='bbox 2744 1058 3013 1129; x_wconf 80' lang='lat' dir='ltr'><strong>procreati</strong></span> <span class='ocrx_word' id='word_1_191' title='bbox 3052 1065 3201 1119; x_wconf 89' lang='lat' dir='ltr'><strong>sunt,</strong></span> <span class='ocrx_word' id='word_1_192' title='bbox 3236 1071 3304 1111; x_wconf 95' lang='lat' dir='ltr'><strong>eo</strong></span> <span class='ocrx_word' id='word_1_193' title='bbox 3341 1070 3431 1110; x_wconf 85' lang='lat' dir='ltr'><strong>res</strong></span> <span class='ocrx_word' id='word_1_194' title='bbox 3474 1054 3735 1108; x_wconf 81' lang='lat' dir='ltr'><strong>nimirum</strong></span> 
     </span>
    </p>
   </div>
   <div class='ocr_carea' id='block_1_26' title="bbox 2148 1145 3733 1220">
    <p class='ocr_par' dir='ltr' id='par_1_26' title="bbox 2148 1145 3733 1220">
     <span class='ocr_line' id='line_1_26' title="bbox 2148 1145 3733 1220; baseline -0.008 -11"><span class='ocrx_word' id='word_1_195' title='bbox 2148 1155 2374 1220; x_wconf 87' lang='lat' dir='ltr'><strong>recidet,</strong></span> <span class='ocrx_word' id='word_1_196' title='bbox 2404 1162 2465 1208; x_wconf 89' lang='lat' dir='ltr'><strong>ut</strong></span> <span class='ocrx_word' id='word_1_197' title='bbox 2493 1169 2704 1209; x_wconf 88' lang='lat' dir='ltr'><strong>summa</strong></span> <span class='ocrx_word' id='word_1_198' title='bbox 2737 1153 2825 1207; x_wconf 93' lang='lat' dir='ltr'><strong>illa</strong></span> <span class='ocrx_word' id='word_1_199' title='bbox 2855 1152 3053 1216; x_wconf 90' lang='lat' dir='ltr'><strong>virtus,</strong></span> <span class='ocrx_word' id='word_1_200' title='bbox 3080 1164 3201 1219; x_wconf 85' lang='lat' dir='ltr'><strong>quae</strong></span> <span class='ocrx_word' id='word_1_201' title='bbox 3230 1148 3477 1202; x_wconf 79' lang='lat' dir='ltr'><strong>Ahrasax</strong></span> <span class='ocrx_word' id='word_1_202' title='bbox 3503 1145 3733 1209; x_wconf 87' lang='lat' dir='ltr'><strong>dicitur,</strong></span> 
     </span>
    </p>
   </div>
   <div class='ocr_carea' id='block_1_27' title="bbox 2148 1241 3739 1312">
    <p class='ocr_par' dir='ltr' id='par_1_27' title="bbox 2148 1241 3739 1312">
     <span class='ocr_line' id='line_1_27' title="bbox 2148 1241 3739 1312; baseline -0.008 -11"><span class='ocrx_word' id='word_1_203' title='bbox 2148 1247 2406 1302; x_wconf 89' lang='lat' dir='ltr'><strong>universa</strong></span> <span class='ocrx_word' id='word_1_204' title='bbox 2463 1245 2806 1309; x_wconf 88' lang='lat' dir='ltr'><strong>condiderit,</strong></span> <span class='ocrx_word' id='word_1_205' title='bbox 2864 1244 3044 1312; x_wconf 84' lang='lat' dir='ltr'><strong>sitque</strong></span> <span class='ocrx_word' id='word_1_206' title='bbox 3099 1241 3342 1294; x_wconf 90' lang='lat' dir='ltr'><strong>omnium</strong></span> <span class='ocrx_word' id='word_1_207' title='bbox 3395 1249 3739 1307; x_wconf 70' lang='lat' dir='ltr'><strong>quaecunque</strong></span> 
     </span>
    </p>
   </div>
   <div class='ocr_carea' id='block_1_28' title="bbox 2150 1328 3734 1406">
    <p class='ocr_par' dir='ltr' id='par_1_28' title="bbox 2150 1328 3734 1406">
     <span class='ocr_line' id='line_1_28' title="bbox 2150 1328 3734 1406; baseline -0.01 -10"><span class='ocrx_word' id='word_1_208' title='bbox 2150 1350 2281 1396; x_wconf 91' lang='lat' dir='ltr'><strong>sunt</strong></span> <span class='ocrx_word' id='word_1_209' title='bbox 2318 1354 2505 1403; x_wconf 92' lang='lat' dir='ltr'><strong>causa,</strong></span> <span class='ocrx_word' id='word_1_210' title='bbox 2554 1352 2656 1393; x_wconf 89' lang='lat' dir='ltr'><strong>nec</strong></span> <span class='ocrx_word' id='word_1_211' title='bbox 2700 1338 2906 1406; x_wconf 80' lang='lat' dir='ltr'><strong>absque</strong></span> <span class='ocrx_word' id='word_1_212' title='bbox 2943 1335 3035 1389; x_wconf 83' lang='lat' dir='ltr'><strong>illa</strong></span> <span class='ocrx_word' id='word_1_213' title='bbox 3070 1328 3687 1403; x_wconf 77' lang='lat' dir='ltr'><strong>quidquam&#39;exstiterit</strong></span> <span class='ocrx_word' id='word_1_214' title='bbox 3720 1344 3734 1380; x_wconf 91' lang='lat'><strong>:</strong></span> 
     </span>
    </p>
   </div>
   <div class='ocr_carea' id='block_1_29' title="bbox 2151 1424 3739 1504">
    <p class='ocr_par' dir='ltr' id='par_1_29' title="bbox 2151 1424 3739 1504">
     <span class='ocr_line' id='line_1_29' title="bbox 2151 1424 3739 1504; baseline -0.01 -17"><span class='ocrx_word' id='word_1_215' title='bbox 2151 1431 2260 1504; x_wconf 69' lang='grc'>74</span> <span class='ocrx_word' id='word_1_216' title='bbox 2301 1446 2426 1485; x_wconf 91' lang='lat' dir='ltr'><strong>cum</strong></span> <span class='ocrx_word' id='word_1_217' title='bbox 2468 1429 2584 1484; x_wconf 63' lang='lat' dir='ltr'><strong>haec</strong></span> <span class='ocrx_word' id='word_1_218' title='bbox 2623 1429 2742 1498; x_wconf 90' lang='lat' dir='ltr'><strong>ipsa</strong></span> <span class='ocrx_word' id='word_1_219' title='bbox 2786 1425 3140 1498; x_wconf 89' lang='lat' dir='ltr'><strong>principium,</strong></span> <span class='ocrx_word' id='word_1_220' title='bbox 3177 1438 3242 1477; x_wconf 90' lang='lat' dir='ltr'><strong>ac</strong></span> <span class='ocrx_word' id='word_1_221' title='bbox 3280 1424 3517 1491; x_wconf 89' lang='lat' dir='ltr'><strong>primum</strong></span> <span class='ocrx_word' id='word_1_222' title='bbox 3556 1433 3739 1474; x_wconf 89' lang='lat' dir='ltr'><strong>rerum</strong></span> 
     </span>
    </p>
   </div>
   <div class='ocr_carea' id='block_1_30' title="bbox 2150 1511 3743 1593">
    <p class='ocr_par' dir='ltr' id='par_1_30' title="bbox 2150 1511 3743 1593">
     <span class='ocr_line' id='line_1_30' title="bbox 2150 1511 3743 1593; baseline -0.009 -15"><span class='ocrx_word' id='word_1_223' title='bbox 2150 1525 2395 1578; x_wconf 90' lang='lat' dir='ltr'><strong>omnium</strong></span> <span class='ocrx_word' id='word_1_224' title='bbox 2437 1520 2718 1591; x_wconf 79' lang='lat' dir='ltr'><strong>exemplar</strong></span> <span class='ocrx_word' id='word_1_225' title='bbox 2761 1520 2831 1593; x_wconf 87' lang='lat' dir='ltr'><strong>ab</strong></span> <span class='ocrx_word' id='word_1_226' title='bbox 2876 1519 2987 1573; x_wconf 90' lang='lat' dir='ltr'><strong>illis</strong></span> <span class='ocrx_word' id='word_1_227' title='bbox 3022 1531 3148 1572; x_wconf 89' lang='lat' dir='ltr'><strong>esse</strong></span> <span class='ocrx_word' id='word_1_228' title='bbox 3183 1514 3403 1569; x_wconf 89' lang='lat' dir='ltr'><strong>dicatur</strong></span> <span class='ocrx_word' id='word_1_229' title='bbox 3442 1529 3457 1565; x_wconf 88' lang='lat'><strong>:</strong></span> <span class='ocrx_word' id='word_1_230' title='bbox 3495 1511 3743 1581; x_wconf 84' lang='lat' dir='ltr'><strong>adeoque</strong></span> 
     </span>
    </p>
   </div>
   <div class='ocr_carea' id='block_1_31' title="bbox 2152 1605 3741 1686">
    <p class='ocr_par' dir='ltr' id='par_1_31' title="bbox 2152 1605 3741 1686">
     <span class='ocr_line' id='line_1_31' title="bbox 2152 1605 3741 1686; baseline -0.009 -14"><span class='ocrx_word' id='word_1_231' title='bbox 2152 1616 2400 1686; x_wconf 85' lang='lat' dir='ltr'><strong>sequitur</strong></span> <span class='ocrx_word' id='word_1_232' title='bbox 2433 1613 2625 1669; x_wconf 89' lang='lat' dir='ltr'><strong>mundi</strong></span> <span class='ocrx_word' id='word_1_233' title='bbox 2666 1612 2830 1681; x_wconf 86' lang='lat' dir='ltr'><strong>hujus</strong></span> <span class='ocrx_word' id='word_1_234' title='bbox 2874 1625 3035 1681; x_wconf 88' lang='lat' dir='ltr'><strong>quem</strong></span> <span class='ocrx_word' id='word_1_235' title='bbox 3074 1614 3274 1662; x_wconf 88' lang='lat' dir='ltr'><strong>vocant</strong></span> <span class='ocrx_word' id='word_1_236' title='bbox 3315 1605 3588 1661; x_wconf 89' lang='lat' dir='ltr'><strong>defectum</strong></span> <span class='ocrx_word' id='word_1_237' title='bbox 3628 1619 3741 1658; x_wconf 90' lang='lat' dir='ltr'><strong>non</strong></span> 
     </span>
    </p>
   </div>
   <div class='ocr_carea' id='block_1_32' title="bbox 2152 1696 3741 1776">
    <p class='ocr_par' dir='ltr' id='par_1_32' title="bbox 2152 1696 3741 1776">
     <span class='ocr_line' id='line_1_32' title="bbox 2152 1696 3741 1776; baseline -0.009 -13"><span class='ocrx_word' id='word_1_238' title='bbox 2152 1710 2221 1763; x_wconf 89' lang='lat' dir='ltr'><strong>ad</strong></span> <span class='ocrx_word' id='word_1_239' title='bbox 2268 1707 2415 1763; x_wconf 83' lang='lat' dir='ltr'><strong>aliud</strong></span> <span class='ocrx_word' id='word_1_240' title='bbox 2462 1721 2587 1762; x_wconf 92' lang='lat' dir='ltr'><strong>esse</strong></span> <span class='ocrx_word' id='word_1_241' title='bbox 2635 1720 2800 1776; x_wconf 90' lang='lat' dir='ltr'><strong>quam</strong></span> <span class='ocrx_word' id='word_1_242' title='bbox 2845 1702 2914 1758; x_wconf 90' lang='lat' dir='ltr'><strong>ad</strong></span> <span class='ocrx_word' id='word_1_243' title='bbox 2950 1702 3188 1773; x_wconf 90' lang='lat' dir='ltr'><strong>primum</strong></span> <span class='ocrx_word' id='word_1_244' title='bbox 3235 1699 3369 1754; x_wconf 90' lang='lat' dir='ltr'><strong>illud</strong></span> <span class='ocrx_word' id='word_1_245' title='bbox 3411 1696 3741 1768; x_wconf 84' lang='lat' dir='ltr'><strong>principium</strong></span> 
     </span>
    </p>
   </div>
   <div class='ocr_carea' id='block_1_33' title="bbox 2155 1788 3744 1869">
    <p class='ocr_par' dir='ltr' id='par_1_33' title="bbox 2155 1788 3744 1869">
     <span class='ocr_line' id='line_1_33' title="bbox 2155 1788 3744 1869; baseline -0.009 -14"><span class='ocrx_word' id='word_1_246' title='bbox 2155 1815 2491 1869; x_wconf 85' lang='lat' dir='ltr'><strong>causamque</strong></span> <span class='ocrx_word' id='word_1_247' title='bbox 2520 1813 2734 1863; x_wconf 87' lang='lat' dir='ltr'><strong>eorum,</strong></span> <span class='ocrx_word' id='word_1_248' title='bbox 2758 1811 2880 1867; x_wconf 68' lang='lat' dir='ltr'><strong>qua:</strong></span> <span class='ocrx_word' id='word_1_249' title='bbox 2909 1802 3038 1851; x_wconf 91' lang='lat' dir='ltr'><strong>sunt</strong></span> <span class='ocrx_word' id='word_1_250' title='bbox 3068 1802 3257 1865; x_wconf 87' lang='lat' dir='ltr'><strong>postea</strong></span> <span class='ocrx_word' id='word_1_251' title='bbox 3289 1792 3430 1845; x_wconf 91' lang='lat' dir='ltr'><strong>facta</strong></span> <span class='ocrx_word' id='word_1_252' title='bbox 3454 1831 3469 1855; x_wconf 90' lang='lat'><strong>,</strong></span> <span class='ocrx_word' id='word_1_253' title='bbox 3497 1788 3744 1843; x_wconf 84' lang='lat' dir='ltr'><strong>referen-</strong></span> 
     </span>
    </p>
   </div>
   <div class='ocr_carea' id='block_1_34' title="bbox 458 1875 2054 1957">
    <p class='ocr_par' dir='ltr' id='par_1_34' title="bbox 458 1882 2044 1953">
     <span class='ocr_line' id='line_1_34' title="bbox 458 1882 2044 1953; baseline 0.001 -18"><span class='ocrx_word' id='word_1_254' title='bbox 458 1883 657 1953; x_wconf 79' lang='grc' dir='ltr'>μᾶλλον</span> <span class='ocrx_word' id='word_1_255' title='bbox 687 1883 781 1935; x_wconf 78' lang='grc' dir='ltr'><strong>ἐπὶ</strong></span> <span class='ocrx_word' id='word_1_256' title='bbox 813 1884 912 1951; x_wconf 85' lang='grc' dir='ltr'>τὴν</span> <span class='ocrx_word' id='word_1_257' title='bbox 941 1882 1148 1953; x_wconf 85' lang='grc' dir='ltr'>ἀρχὴν,</span> <span class='ocrx_word' id='word_1_258' title='bbox 1187 1884 1465 1935; x_wconf 80' lang='grc' dir='ltr'>τουτέστιν</span> <span class='ocrx_word' id='word_1_259' title='bbox 1509 1884 1602 1936; x_wconf 81' lang='grc' dir='ltr'><strong>ἐπὶ</strong></span> <span class='ocrx_word' id='word_1_260' title='bbox 1646 1884 1737 1936; x_wconf 82' lang='grc' dir='ltr'><strong>τὸν</strong></span> <span class='ocrx_word' id='word_1_261' title='bbox 1778 1884 1874 1937; x_wconf 74' lang='grc' dir='ltr'>ἕνα</span> <span class='ocrx_word' id='word_1_262' title='bbox 1912 1885 2044 1938; x_wconf 84' lang='grc' dir='ltr'>Θεὸν</span> 
     </span>
    </p>
   </div>
   <div class='ocr_carea' id='block_1_35' title="bbox 2159 1875 3741 1957">
    <p class='ocr_par' dir='ltr' id='par_1_35' title="bbox 2159 1880 3741 1957">
     <span class='ocr_line' id='line_1_35' title="bbox 2159 1880 3741 1957; baseline -0.008 -11"><span class='ocrx_word' id='word_1_263' title='bbox 2159 1895 2300 1947; x_wconf 82' lang='lat' dir='ltr'><strong>dum.</strong></span> <span class='ocrx_word' id='word_1_264' title='bbox 2337 1891 2471 1945; x_wconf 92' lang='lat' dir='ltr'><strong>Illud</strong></span> <span class='ocrx_word' id='word_1_265' title='bbox 2500 1906 2631 1945; x_wconf 87' lang='lat' dir='ltr'><strong>vero</strong></span> <span class='ocrx_word' id='word_1_266' title='bbox 2660 1891 2727 1945; x_wconf 89' lang='lat' dir='ltr'><strong>de</strong></span> <span class='ocrx_word' id='word_1_267' title='bbox 2754 1890 2947 1944; x_wconf 87' lang='lat' dir='ltr'><strong>eodem</strong></span> <span class='ocrx_word' id='word_1_268' title='bbox 2972 1887 3287 1957; x_wconf 90' lang='lat' dir='ltr'><strong>percontari</strong></span> <span class='ocrx_word' id='word_1_269' title='bbox 3317 1890 3566 1954; x_wconf 84' lang='lat' dir='ltr'><strong>oportet:</strong></span> <span class='ocrx_word' id='word_1_270' title='bbox 3601 1880 3741 1947; x_wconf 89' lang='lat' dir='ltr'><strong>Quid</strong></span> 
     </span>
    </p>
   </div>
   <div class='ocr_carea' id='block_1_36' title="bbox 453 1973 2040 2047">
    <p class='ocr_par' dir='ltr' id='par_1_36' title="bbox 453 1973 2040 2047">
     <span class='ocr_line' id='line_1_36' title="bbox 453 1973 2040 2047; baseline 0.001 -20"><span class='ocrx_word' id='word_1_271' title='bbox 453 1976 544 2028; x_wconf 84' lang='grc' dir='ltr'><strong>τὸν</strong></span> <span class='ocrx_word' id='word_1_272' title='bbox 568 1975 983 2046; x_wconf 83' lang='grc' dir='ltr'>παντοκράτορα</span> <span class='ocrx_word' id='word_1_273' title='bbox 1006 1991 1019 2038; x_wconf 92' lang='grc'>;</span> <span class='ocrx_word' id='word_1_274' title='bbox 1039 1974 1203 2027; x_wconf 87' lang='grc' dir='ltr'>ὁπότε</span> <span class='ocrx_word' id='word_1_275' title='bbox 1222 1973 1523 2039; x_wconf 81' lang='grc' dir='ltr'>ἐξάπαντος</span> <span class='ocrx_word' id='word_1_276' title='bbox 1548 1976 1665 2047; x_wconf 80' lang='grc' dir='ltr'>ἦτοι</span> <span class='ocrx_word' id='word_1_277' title='bbox 1684 1976 1825 2029; x_wconf 84' lang='grc' dir='ltr'>οὑτω</span> <span class='ocrx_word' id='word_1_278' title='bbox 1846 1976 2040 2045; x_wconf 81' lang='grc' dir='ltr'>λέγων,</span> 
     </span>
    </p>
   </div>
   <div class='ocr_carea' id='block_1_37' title="bbox 455 2066 2045 2138">
    <p class='ocr_par' dir='ltr' id='par_1_37' title="bbox 455 2066 2045 2138">
     <span class='ocr_line' id='line_1_37' title="bbox 455 2066 2045 2138; baseline 0.002 -19"><span class='ocrx_word' id='word_1_279' title='bbox 455 2068 489 2136; x_wconf 84' lang='grc' dir='ltr'>ἢ</span> <span class='ocrx_word' id='word_1_280' title='bbox 523 2066 684 2129; x_wconf 82' lang='grc' dir='ltr'>οὑτω,</span> <span class='ocrx_word' id='word_1_281' title='bbox 718 2067 799 2120; x_wconf 86' lang='grc' dir='ltr'>δεῖ</span> <span class='ocrx_word' id='word_1_282' title='bbox 825 2068 915 2120; x_wconf 82' lang='grc' dir='ltr'><strong>τὸν</strong></span> <span class='ocrx_word' id='word_1_283' title='bbox 941 2068 1039 2121; x_wconf 77' lang='grc' dir='ltr'><strong>ἕνα</strong></span> <span class='ocrx_word' id='word_1_284' title='bbox 1071 2069 1241 2121; x_wconf 80' lang='grc' dir='ltr'>αἴτιον</span> <span class='ocrx_word' id='word_1_285' title='bbox 1280 2069 1497 2121; x_wconf 88' lang='grc' dir='ltr'>πάντων</span> <span class='ocrx_word' id='word_1_286' title='bbox 1541 2068 1821 2138; x_wconf 78' lang='grc' dir='ltr'>ὁμολογεῖν</span> <span class='ocrx_word' id='word_1_287' title='bbox 1842 2070 2045 2122; x_wconf 86' lang='grc' dir='ltr'>Δεσπό-</span> 
     </span>
    </p>
   </div>
   <div class='ocr_carea' id='block_1_38' title="bbox 454 2159 2045 2232">
    <p class='ocr_par' dir='ltr' id='par_1_38' title="bbox 454 2159 2045 2232">
     <span class='ocr_line' id='line_1_38' title="bbox 454 2159 2045 2232; baseline 0.003 -21"><span class='ocrx_word' id='word_1_288' title='bbox 454 2176 576 2230; x_wconf 86' lang='grc' dir='ltr'>την.</span> <span class='ocrx_word' id='word_1_289' title='bbox 610 2159 775 2211; x_wconf 82' lang='grc' dir='ltr'>Ἀλλὰ</span> <span class='ocrx_word' id='word_1_290' title='bbox 830 2160 925 2213; x_wconf 71' lang='grc' dir='ltr'><strong>καὶ</strong></span> <span class='ocrx_word' id='word_1_291' title='bbox 976 2160 1103 2230; x_wconf 75' lang='grc' dir='ltr'>περὶ</span> <span class='ocrx_word' id='word_1_292' title='bbox 1158 2160 1258 2229; x_wconf 78' lang='grc' dir='ltr'>τῆς</span> <span class='ocrx_word' id='word_1_293' title='bbox 1311 2159 1406 2213; x_wconf 87' lang='grc' dir='ltr'><strong>τοῦ</strong></span> <span class='ocrx_word' id='word_1_294' title='bbox 1453 2160 1689 2232; x_wconf 68' lang='grc' dir='ltr'>Χριστοῦ</span> <span class='ocrx_word' id='word_1_295' title='bbox 1737 2161 2045 2226; x_wconf 79' lang='grc' dir='ltr'>ὑποθέσεως</span> 
     </span>
    </p>
   </div>
   <div class='ocr_carea' id='block_1_39' title="bbox 455 2244 2046 2337">
    <p class='ocr_par' dir='ltr' id='par_1_39' title="bbox 455 2244 2046 2337">
     <span class='ocr_line' id='line_1_39' title="bbox 455 2244 2046 2337; baseline 0.001 -35"><span class='ocrx_word' id='word_1_296' title='bbox 455 2250 781 2321; x_wconf 86' lang='grc' dir='ltr'>ἀπόκριναι,</span> <span class='ocrx_word' id='word_1_297' title='bbox 837 2244 881 2303; x_wconf 79' lang='grc' dir='ltr'><strong>ὦ</strong></span> <span class='ocrx_word' id='word_1_298' title='bbox 928 2250 1271 2337; x_wconf 77' lang='grc' dir='ltr'>πλαστουργὲ</span> <span class='ocrx_word' id='word_1_299' title='bbox 1328 2251 1427 2320; x_wconf 83' lang='grc' dir='ltr'>τῆς</span> <span class='ocrx_word' id='word_1_300' title='bbox 1495 2252 1789 2322; x_wconf 89' lang='grc' dir='ltr'>μυθοποιοῦ</span> <span class='ocrx_word' id='word_1_301' title='bbox 1842 2252 2046 2322; x_wconf 80' lang='grc' dir='ltr'>ταύτης</span> 
     </span>
    </p>
   </div>
   <div class='ocr_carea' id='block_1_40' title="bbox 456 2342 2046 2415">
    <p class='ocr_par' dir='ltr' id='par_1_40' title="bbox 456 2342 2046 2415">
     <span class='ocr_line' id='line_1_40' title="bbox 456 2342 2046 2415; baseline 0.001 -20"><span class='ocrx_word' id='word_1_302' title='bbox 456 2343 857 2412; x_wconf 79' lang='grc' dir='ltr'>πραγματείας.</span> <span class='ocrx_word' id='word_1_303' title='bbox 887 2344 947 2395; x_wconf 90' lang='grc' dir='ltr'>Εί</span> <span class='ocrx_word' id='word_1_304' title='bbox 975 2342 1155 2413; x_wconf 86' lang='grc' dir='ltr'>Σίμων</span> <span class='ocrx_word' id='word_1_305' title='bbox 1178 2342 1500 2414; x_wconf 75' lang='grc' dir='ltr'>ἐσταυρώθη</span> <span class='ocrx_word' id='word_1_306' title='bbox 1527 2345 1555 2395; x_wconf 92' lang='grc' dir='ltr'>ὁ</span> <span class='ocrx_word' id='word_1_307' title='bbox 1580 2346 1908 2415; x_wconf 81' lang='grc' dir='ltr'>Κυρηναῖος,</span> <span class='ocrx_word' id='word_1_308' title='bbox 1937 2343 2046 2415; x_wconf 82' lang='grc' dir='ltr'><strong>ἄρα</strong></span> 
     </span>
    </p>
   </div>
   <div class='ocr_carea' id='block_1_41' title="bbox 454 2433 2047 2507">
    <p class='ocr_par' dir='ltr' id='par_1_41' title="bbox 454 2433 2047 2507">
     <span class='ocr_line' id='line_1_41' title="bbox 454 2433 2047 2507; baseline 0.002 -22"><span class='ocrx_word' id='word_1_309' title='bbox 454 2435 517 2485; x_wconf 90' lang='grc' dir='ltr'><strong>οὑ</strong></span> <span class='ocrx_word' id='word_1_310' title='bbox 562 2434 646 2485; x_wconf 72' lang='grc' dir='ltr'><strong>διὰ</strong></span> <span class='ocrx_word' id='word_1_311' title='bbox 675 2433 852 2504; x_wconf 85' lang='grc' dir='ltr'>Ἰησοῦ</span> <span class='ocrx_word' id='word_1_312' title='bbox 890 2436 922 2503; x_wconf 81' lang='grc' dir='ltr'>ἡ</span> <span class='ocrx_word' id='word_1_313' title='bbox 965 2435 1211 2505; x_wconf 83' lang='grc' dir='ltr'>σωτηρία</span> <span class='ocrx_word' id='word_1_314' title='bbox 1250 2435 1408 2505; x_wconf 81' lang='grc' dir='ltr'>ἡμῶν</span> <span class='ocrx_word' id='word_1_315' title='bbox 1446 2436 1757 2507; x_wconf 86' lang='grc' dir='ltr'>γεγένηται,</span> <span class='ocrx_word' id='word_1_316' title='bbox 1793 2437 1931 2490; x_wconf 82' lang='grc' dir='ltr'>ἀλλὰ</span> <span class='ocrx_word' id='word_1_317' title='bbox 1960 2437 2047 2489; x_wconf 78' lang='grc' dir='ltr'>διὰ</span> 
     </span>
    </p>
   </div>
   <div class='ocr_carea' id='block_1_42' title="bbox 456 2527 2045 2602">
    <p class='ocr_par' dir='ltr' id='par_1_42' title="bbox 456 2527 2045 2602">
     <span class='ocr_line' id='line_1_42' title="bbox 456 2527 2045 2602; baseline 0.003 -23"><span class='ocrx_word' id='word_1_318' title='bbox 456 2527 721 2597; x_wconf 87' lang='grc' dir='ltr'>Σίμωνος,</span> <span class='ocrx_word' id='word_1_319' title='bbox 767 2528 860 2580; x_wconf 78' lang='grc' dir='ltr'><strong>καὶ</strong></span> <span class='ocrx_word' id='word_1_320' title='bbox 908 2529 1090 2581; x_wconf 88' lang='grc' dir='ltr'>οὑκέτι</span> <span class='ocrx_word' id='word_1_321' title='bbox 1134 2532 1162 2581; x_wconf 87' lang='grc' dir='ltr'>ὁ</span> <span class='ocrx_word' id='word_1_322' title='bbox 1210 2530 1415 2599; x_wconf 87' lang='grc' dir='ltr'>κόσμος</span> <span class='ocrx_word' id='word_1_323' title='bbox 1456 2530 1695 2584; x_wconf 78' lang='grc' dir='ltr'>ἐλπίσειε</span> <span class='ocrx_word' id='word_1_324' title='bbox 1742 2532 1830 2585; x_wconf 75' lang='grc' dir='ltr'><strong>διὰ</strong></span> <span class='ocrx_word' id='word_1_325' title='bbox 1870 2531 2045 2602; x_wconf 83' lang='grc' dir='ltr'>Ἰησοῦ</span> 
     </span>
    </p>
   </div>
   <div class='ocr_carea' id='block_1_43' title="bbox 455 2618 2048 2694">
    <p class='ocr_par' dir='ltr' id='par_1_43' title="bbox 455 2618 2048 2694">
     <span class='ocr_line' id='line_1_43' title="bbox 455 2618 2048 2694; baseline 0.003 -22"><span class='ocrx_word' id='word_1_326' title='bbox 455 2618 693 2689; x_wconf 77' lang='grc' dir='ltr'>Χριστοῦ</span> <span class='ocrx_word' id='word_1_327' title='bbox 721 2618 989 2683; x_wconf 80' lang='grc' dir='ltr'>σώζεσθαι</span> <span class='ocrx_word' id='word_1_328' title='bbox 1018 2621 1109 2673; x_wconf 88' lang='grc' dir='ltr'><strong>τοῦ</strong></span> <span class='ocrx_word' id='word_1_329' title='bbox 1138 2622 1212 2692; x_wconf 82' lang='grc' dir='ltr'>μὴ</span> <span class='ocrx_word' id='word_1_330' title='bbox 1244 2621 1528 2685; x_wconf 86' lang='grc' dir='ltr'>παθόντος.</span> <span class='ocrx_word' id='word_1_331' title='bbox 1558 2623 1694 2677; x_wconf 79' lang='grc' dir='ltr'>Οὔτε</span> <span class='ocrx_word' id='word_1_332' title='bbox 1722 2622 1831 2694; x_wconf 77' lang='grc' dir='ltr'><strong>γάρ</strong></span> <span class='ocrx_word' id='word_1_333' title='bbox 1866 2624 2048 2694; x_wconf 89' lang='grc' dir='ltr'>Σίμων</span> 
     </span>
    </p>
   </div>
   <div class='ocr_carea' id='block_1_44' title="bbox 456 2712 2049 2784">
    <p class='ocr_par' dir='ltr' id='par_1_44' title="bbox 456 2712 2049 2784">
     <span class='ocr_line' id='line_1_44' title="bbox 456 2712 2049 2784; baseline 0.003 -19"><span class='ocrx_word' id='word_1_334' title='bbox 456 2712 677 2765; x_wconf 83' lang='grc' dir='ltr'>δύναται</span> <span class='ocrx_word' id='word_1_335' title='bbox 705 2712 918 2777; x_wconf 73' lang='grc' dir='ltr'>σώζειν,</span> <span class='ocrx_word' id='word_1_336' title='bbox 950 2713 1234 2783; x_wconf 84' lang='grc' dir='ltr'>ἄνθρωπος</span> <span class='ocrx_word' id='word_1_337' title='bbox 1277 2714 1353 2767; x_wconf 83' lang='grc' dir='ltr'>ὢν</span> <span class='ocrx_word' id='word_1_338' title='bbox 1396 2715 1570 2784; x_wconf 70' lang='grc' dir='ltr'>ψιλὸς,</span> <span class='ocrx_word' id='word_1_339' title='bbox 1601 2717 1696 2770; x_wconf 81' lang='grc' dir='ltr'><strong>καὶ</strong></span> <span class='ocrx_word' id='word_1_340' title='bbox 1733 2716 1883 2771; x_wconf 82' lang='grc' dir='ltr'>οὐδὲν</span> <span class='ocrx_word' id='word_1_341' title='bbox 1928 2716 2049 2770; x_wconf 82' lang='grc' dir='ltr'><strong>ἓτε-</strong></span> 
     </span>
    </p>
   </div>
   <div class='ocr_carea' id='block_1_45' title="bbox 460 2806 2050 2880">
    <p class='ocr_par' dir='ltr' id='par_1_45' title="bbox 460 2806 2050 2880">
     <span class='ocr_line' id='line_1_45' title="bbox 460 2806 2050 2880; baseline 0.002 -23"><span class='ocrx_word' id='word_1_342' title='bbox 460 2822 573 2875; x_wconf 83' lang='grc' dir='ltr'>ρον.</span> <span class='ocrx_word' id='word_1_343' title='bbox 592 2806 742 2876; x_wconf 73' lang='grc' dir='ltr'>’Ἅμα</span> <span class='ocrx_word' id='word_1_344' title='bbox 754 2806 809 2857; x_wconf 79' lang='grc' dir='ltr'>δὲ</span> <span class='ocrx_word' id='word_1_345' title='bbox 826 2806 918 2858; x_wconf 83' lang='grc' dir='ltr'><strong>καὶ</strong></span> <span class='ocrx_word' id='word_1_346' title='bbox 943 2806 1308 2874; x_wconf 66' lang='grc' dir='ltr'>συκοφαντίας</span> <span class='ocrx_word' id='word_1_347' title='bbox 1333 2807 1699 2878; x_wconf 67' lang='grc' dir='ltr'>καταψηφίζει</span> <span class='ocrx_word' id='word_1_348' title='bbox 1724 2810 1740 2839; x_wconf 85' lang='grc'>¹</span> <span class='ocrx_word' id='word_1_349' title='bbox 1775 2807 1868 2863; x_wconf 88' lang='grc' dir='ltr'><strong>τοῦ</strong></span> <span class='ocrx_word' id='word_1_350' title='bbox 1895 2827 2050 2880; x_wconf 85' lang='grc' dir='ltr'>μονο-</span> 
     </span>
    </p>
   </div>
   <div class='ocr_carea' id='block_1_46' title="bbox 458 2897 2051 2973">
    <p class='ocr_par' dir='ltr' id='par_1_46' title="bbox 458 2897 2051 2973">
     <span class='ocr_line' id='line_1_46' title="bbox 458 2897 2051 2973; baseline 0.004 -24"><span class='ocrx_word' id='word_1_351' title='bbox 458 2897 649 2965; x_wconf 81' lang='grc' dir='ltr'>γενοῦς</span> <span class='ocrx_word' id='word_1_352' title='bbox 688 2898 816 2950; x_wconf 88' lang='grc' dir='ltr'>Υἱοῦ</span> <span class='ocrx_word' id='word_1_353' title='bbox 849 2898 943 2951; x_wconf 89' lang='grc' dir='ltr'><strong>τοῦ</strong></span> <span class='ocrx_word' id='word_1_354' title='bbox 974 2897 1132 2963; x_wconf 87' lang='grc' dir='ltr'>Θεοῦ,</span> <span class='ocrx_word' id='word_1_355' title='bbox 1174 2901 1221 2951; x_wconf 87' lang='grc' dir='ltr'>εἰ</span> <span class='ocrx_word' id='word_1_356' title='bbox 1256 2899 1441 2970; x_wconf 78' lang='grc' dir='ltr'>ἕτερον</span> <span class='ocrx_word' id='word_1_357' title='bbox 1476 2902 1588 2953; x_wconf 85' lang='grc' dir='ltr'>ἀντ’</span> <span class='ocrx_word' id='word_1_358' title='bbox 1617 2902 1782 2955; x_wconf 87' lang='grc' dir='ltr'>αὑτοῦ</span> <span class='ocrx_word' id='word_1_359' title='bbox 1813 2904 2051 2973; x_wconf 81' lang='grc' dir='ltr'>παραδέο</span> 
     </span>
    </p>
   </div>
   <div class='ocr_carea' id='block_1_47' title="bbox 456 2989 2051 3063">
    <p class='ocr_par' dir='ltr' id='par_1_47' title="bbox 456 2989 2051 3063">
     <span class='ocr_line' id='line_1_47' title="bbox 456 2989 2051 3063; baseline 0.005 -22"><span class='ocrx_word' id='word_1_360' title='bbox 456 2989 630 3042; x_wconf 87' lang='grc' dir='ltr'>δωκεν</span> <span class='ocrx_word' id='word_1_361' title='bbox 664 2993 692 3043; x_wconf 83' lang='grc' dir='ltr'><strong>ό</strong></span> <span class='ocrx_word' id='word_1_362' title='bbox 720 2990 924 3058; x_wconf 82' lang='grc' dir='ltr'>ἀγαθὸς</span> <span class='ocrx_word' id='word_1_363' title='bbox 960 2990 1182 3061; x_wconf 88' lang='grc' dir='ltr'>Κύριος,</span> <span class='ocrx_word' id='word_1_364' title='bbox 1234 2990 1563 3061; x_wconf 83' lang='grc' dir='ltr'>βιασάμενος</span> <span class='ocrx_word' id='word_1_365' title='bbox 1602 2995 1682 3056; x_wconf 88' lang='grc' dir='ltr'>εἰς</span> <span class='ocrx_word' id='word_1_366' title='bbox 1723 2995 1898 3063; x_wconf 73' lang='grc' dir='ltr'>φόνον.</span> <span class='ocrx_word' id='word_1_367' title='bbox 1942 2997 2051 3049; x_wconf 75' lang='grc' dir='ltr'>Καὶ</span> 
     </span>
    </p>
   </div>
   <div class='ocr_carea' id='block_1_48' title="bbox 460 3079 2052 3153">
    <p class='ocr_par' dir='ltr' id='par_1_48' title="bbox 460 3079 2052 3153">
     <span class='ocr_line' id='line_1_48' title="bbox 460 3079 2052 3153; baseline 0.005 -22"><span class='ocrx_word' id='word_1_368' title='bbox 460 3079 613 3132; x_wconf 81' lang='grc' dir='ltr'>ἔσται</span> <span class='ocrx_word' id='word_1_369' title='bbox 640 3080 825 3133; x_wconf 77' lang='grc' dir='ltr'>λοιπὸν</span> <span class='ocrx_word' id='word_1_370' title='bbox 854 3080 1007 3151; x_wconf 75' lang='grc' dir='ltr'>ὄναρ,</span> <span class='ocrx_word' id='word_1_371' title='bbox 1039 3081 1238 3152; x_wconf 80' lang='grc' dir='ltr'>μᾶλλον</span> <span class='ocrx_word' id='word_1_372' title='bbox 1266 3083 1323 3135; x_wconf 84' lang='grc' dir='ltr'><strong>δὲ</strong></span> <span class='ocrx_word' id='word_1_373' title='bbox 1349 3083 1675 3153; x_wconf 81' lang='grc' dir='ltr'>κακοηθείας</span> <span class='ocrx_word' id='word_1_374' title='bbox 1707 3088 1801 3139; x_wconf 78' lang='grc' dir='ltr'><strong>καὶ</strong></span> <span class='ocrx_word' id='word_1_375' title='bbox 1829 3087 2052 3150; x_wconf 85' lang='grc' dir='ltr'>κυϐείας</span> 
     </span>
    </p>
   </div>
   <div class='ocr_carea' id='block_1_49' title="bbox 461 3172 2050 3247">
    <p class='ocr_par' dir='ltr' id='par_1_49' title="bbox 461 3172 2050 3247">
     <span class='ocr_line' id='line_1_49' title="bbox 461 3172 2050 3247; baseline 0.005 -24"><span class='ocrx_word' id='word_1_376' title='bbox 461 3172 620 3242; x_wconf 80' lang='grc' dir='ltr'>ἔργον</span> <span class='ocrx_word' id='word_1_377' title='bbox 656 3174 717 3226; x_wconf 75' lang='grc' dir='ltr'>τὸ</span> <span class='ocrx_word' id='word_1_378' title='bbox 748 3173 985 3226; x_wconf 85' lang='grc' dir='ltr'>τοιοῦτον</span> <span class='ocrx_word' id='word_1_379' title='bbox 1008 3213 1021 3237; x_wconf 93' lang='grc'><strong>,</strong></span> <span class='ocrx_word' id='word_1_380' title='bbox 1057 3177 1138 3227; x_wconf 83' lang='grc' dir='ltr'><strong>ὅτι</strong></span> <span class='ocrx_word' id='word_1_381' title='bbox 1169 3177 1197 3226; x_wconf 89' lang='grc' dir='ltr'>ὁ</span> <span class='ocrx_word' id='word_1_382' title='bbox 1231 3174 1432 3245; x_wconf 81' lang='grc' dir='ltr'>Κύριος</span> <span class='ocrx_word' id='word_1_383' title='bbox 1452 3217 1466 3239; x_wconf 97' lang='grc'><strong>,</strong></span> <span class='ocrx_word' id='word_1_384' title='bbox 1504 3176 1697 3247; x_wconf 80' lang='grc' dir='ltr'>κυϐείᾳ.</span> <span class='ocrx_word' id='word_1_385' title='bbox 1728 3180 1833 3231; x_wconf 80' lang='grc' dir='ltr'>τινὶ</span> <span class='ocrx_word' id='word_1_386' title='bbox 1862 3179 2050 3231; x_wconf 80' lang='grc' dir='ltr'>ἑαυτὸν</span> 
     </span>
    </p>
   </div>
   <div class='ocr_carea' id='block_1_50' title="bbox 459 3264 2053 3344">
    <p class='ocr_par' dir='ltr' id='par_1_50' title="bbox 459 3264 2053 3344">
     <span class='ocr_line' id='line_1_50' title="bbox 459 3264 2053 3344; baseline 0.006 -29"><span class='ocrx_word' id='word_1_387' title='bbox 459 3264 697 3334; x_wconf 70' lang='grc' dir='ltr'>κρύψας,</span> <span class='ocrx_word' id='word_1_388' title='bbox 734 3265 891 3318; x_wconf 81' lang='grc' dir='ltr'>ἄλλον</span> <span class='ocrx_word' id='word_1_389' title='bbox 927 3267 1040 3318; x_wconf 84' lang='grc' dir='ltr'>ἀντ’</span> <span class='ocrx_word' id='word_1_390' title='bbox 1076 3265 1241 3319; x_wconf 88' lang='grc' dir='ltr'>αὑτοῦ</span> <span class='ocrx_word' id='word_1_391' title='bbox 1286 3267 1656 3337; x_wconf 80' lang='grc' dir='ltr'>παραδέδωκε·</span> <span class='ocrx_word' id='word_1_392' title='bbox 1701 3271 1795 3323; x_wconf 73' lang='grc' dir='ltr'>καὶ</span> <span class='ocrx_word' id='word_1_393' title='bbox 1831 3270 1982 3323; x_wconf 76' lang='grc' dir='ltr'>ἔσται</span> <span class='ocrx_word' id='word_1_394' title='bbox 2020 3275 2053 3344; x_wconf 87' lang='grc' dir='ltr'><strong>ή</strong></span> 
     </span>
    </p>
   </div>
   <div class='ocr_carea' id='block_1_51' title="bbox 461 3355 2059 3436">
    <p class='ocr_par' dir='ltr' id='par_1_51' title="bbox 461 3355 2059 3436">
     <span class='ocr_line' id='line_1_51' title="bbox 461 3355 2059 3436; baseline 0.008 -31"><span class='ocrx_word' id='word_1_395' title='bbox 461 3355 614 3425; x_wconf 78' lang='grc' dir='ltr'>παρὰ</span> <span class='ocrx_word' id='word_1_396' title='bbox 659 3355 751 3408; x_wconf 91' lang='grc' dir='ltr'><strong>σοῦ</strong></span> <span class='ocrx_word' id='word_1_397' title='bbox 811 3356 1121 3428; x_wconf 76' lang='grc' dir='ltr'>μωρολογία</span> <span class='ocrx_word' id='word_1_398' title='bbox 1180 3358 1592 3426; x_wconf 78' lang='grc' dir='ltr'>συκοφαντοῦσα</span> <span class='ocrx_word' id='word_1_399' title='bbox 1642 3360 1740 3431; x_wconf 85' lang='grc' dir='ltr'><strong>μὲν</strong></span> <span class='ocrx_word' id='word_1_400' title='bbox 1780 3363 1880 3435; x_wconf 77' lang='grc' dir='ltr'>τὴν</span> <span class='ocrx_word' id='word_1_401' title='bbox 1927 3364 2059 3436; x_wconf 86' lang='grc' dir='ltr'><strong>ἀλή-</strong></span> 
     </span>
    </p>
   </div>
   <div class='ocr_carea' id='block_1_52' title="bbox 462 3446 2058 3526">
    <p class='ocr_par' dir='ltr' id='par_1_52' title="bbox 462 3446 2058 3526">
     <span class='ocr_line' id='line_1_52' title="bbox 462 3446 2058 3526; baseline 0.006 -28"><span class='ocrx_word' id='word_1_402' title='bbox 462 3446 639 3511; x_wconf 89' lang='grc' dir='ltr'>θειαν,</span> <span class='ocrx_word' id='word_1_403' title='bbox 680 3450 753 3518; x_wconf 80' lang='grc' dir='ltr'><strong>μὴ</strong></span> <span class='ocrx_word' id='word_1_404' title='bbox 796 3448 1069 3519; x_wconf 78' lang='grc' dir='ltr'>δυναμένη</span> <span class='ocrx_word' id='word_1_405' title='bbox 1120 3449 1198 3514; x_wconf 82' lang='grc' dir='ltr'><strong>δὲ,</strong></span> <span class='ocrx_word' id='word_1_406' title='bbox 1237 3450 1351 3503; x_wconf 84' lang='grc' dir='ltr'>ἀλλ’</span> <span class='ocrx_word' id='word_1_407' title='bbox 1388 3451 1719 3524; x_wconf 79' lang='grc' dir='ltr'>ἐλεγχομένη</span> <span class='ocrx_word' id='word_1_408' title='bbox 1762 3454 1853 3507; x_wconf 87' lang='grc' dir='ltr'><strong>ὑπ’</strong></span> <span class='ocrx_word' id='word_1_409' title='bbox 1887 3456 2058 3526; x_wconf 85' lang='grc' dir='ltr'>αὑτῆς</span> 
     </span>
    </p>
   </div>
   <div class='ocr_carea' id='block_1_53' title="bbox 460 3540 2061 3617">
    <p class='ocr_par' dir='ltr' id='par_1_53' title="bbox 460 3540 2061 3617">
     <span class='ocr_line' id='line_1_53' title="bbox 460 3540 2061 3617; baseline 0.009 -26"><span class='ocrx_word' id='word_1_410' title='bbox 460 3540 560 3609; x_wconf 80' lang='grc' dir='ltr'>τῆς</span> <span class='ocrx_word' id='word_1_411' title='bbox 609 3540 892 3610; x_wconf 81' lang='grc' dir='ltr'>ἀληθείας,</span> <span class='ocrx_word' id='word_1_412' title='bbox 975 3543 1300 3606; x_wconf 87' lang='grc' dir='ltr'>ἁσυστάτως</span> <span class='ocrx_word' id='word_1_413' title='bbox 1349 3543 1411 3597; x_wconf 76' lang='grc' dir='ltr'>τὸ</span> <span class='ocrx_word' id='word_1_414' title='bbox 1457 3546 1674 3617; x_wconf 87' lang='grc' dir='ltr'>ποίημα</span> <span class='ocrx_word' id='word_1_415' title='bbox 1725 3548 1884 3603; x_wconf 87' lang='grc' dir='ltr'>τοῦτο</span> <span class='ocrx_word' id='word_1_416' title='bbox 1945 3553 2061 3605; x_wconf 82' lang='grc' dir='ltr'>εἰσ-</span> 
     </span>
    </p>
   </div>
   <div class='ocr_carea' id='block_1_54' title="bbox 463 3631 769 3702">
    <p class='ocr_par' dir='ltr' id='par_1_54' title="bbox 463 3631 769 3702">
     <span class='ocr_line' id='line_1_54' title="bbox 463 3631 769 3702; baseline 0.007 -19"><span class='ocrx_word' id='word_1_417' title='bbox 463 3646 601 3700; x_wconf 90' lang='grc' dir='ltr'>ηγου</span> <span class='ocrx_word' id='word_1_418' title='bbox 610 3631 747 3702; x_wconf 85' lang='grc' dir='ltr'>μένη</span> <span class='ocrx_word' id='word_1_419' title='bbox 756 3673 769 3685; x_wconf 93' lang='grc'><strong>.</strong></span> 
     </span>
    </p>
   </div>
   <div class='ocr_carea' id='block_1_55' title="bbox 2152 1972 3743 2048">
    <p class='ocr_par' dir='ltr' id='par_1_55' title="bbox 2152 1972 3743 2048">
     <span class='ocr_line' id='line_1_55' title="bbox 2152 1972 3743 2048; baseline -0.008 -11"><span class='ocrx_word' id='word_1_420' title='bbox 2152 1993 2209 2038; x_wconf 86' lang='grc' dir='ltr'><strong>ιιι</strong></span> <span class='ocrx_word' id='word_1_421' title='bbox 2240 1984 2483 2048; x_wconf 90' lang='lat' dir='ltr'><strong>tandem,</strong></span> <span class='ocrx_word' id='word_1_422' title='bbox 2522 1983 2595 2037; x_wconf 90' lang='lat' dir='ltr'><strong>mi</strong></span> <span class='ocrx_word' id='word_1_423' title='bbox 2634 1983 2825 2045; x_wconf 91' lang='lat' dir='ltr'><strong>homo,</strong></span> <span class='ocrx_word' id='word_1_424' title='bbox 2864 1995 2966 2034; x_wconf 90' lang='lat' dir='ltr'><strong>nos</strong></span> <span class='ocrx_word' id='word_1_425' title='bbox 3003 1980 3060 2032; x_wconf 91' lang='lat' dir='ltr'><strong>in</strong></span> <span class='ocrx_word' id='word_1_426' title='bbox 3094 1986 3300 2031; x_wconf 89' lang='lat' dir='ltr'><strong>tantam</strong></span> <span class='ocrx_word' id='word_1_427' title='bbox 3339 1972 3743 2029; x_wconf 88' lang='lat' dir='ltr'><strong>multitudinem</strong></span> 
     </span>
    </p>
   </div>
   <div class='ocr_carea' id='block_1_56' title="bbox 2154 2063 3746 2147">
    <p class='ocr_par' dir='ltr' id='par_1_56' title="bbox 2154 2063 3746 2147">
     <span class='ocr_line' id='line_1_56' title="bbox 2154 2063 3746 2147; baseline -0.01 -15"><span class='ocrx_word' id='word_1_428' title='bbox 2154 2076 2443 2147; x_wconf 88' lang='lat' dir='ltr'><strong>compellis</strong></span> <span class='ocrx_word' id='word_1_429' title='bbox 2464 2116 2478 2140; x_wconf 92' lang='lat'><strong>,</strong></span> <span class='ocrx_word' id='word_1_430' title='bbox 2501 2090 2566 2129; x_wconf 90' lang='lat' dir='ltr'><strong>ac</strong></span> <span class='ocrx_word' id='word_1_431' title='bbox 2590 2089 2699 2128; x_wconf 93' lang='lat' dir='ltr'><strong>non</strong></span> <span class='ocrx_word' id='word_1_432' title='bbox 2731 2074 2913 2143; x_wconf 89' lang='lat' dir='ltr'><strong>potius</strong></span> <span class='ocrx_word' id='word_1_433' title='bbox 2939 2071 3007 2125; x_wconf 92' lang='lat' dir='ltr'><strong>ad</strong></span> <span class='ocrx_word' id='word_1_434' title='bbox 3039 2070 3371 2139; x_wconf 90' lang='lat' dir='ltr'><strong>principium</strong></span> <span class='ocrx_word' id='word_1_435' title='bbox 3405 2067 3608 2136; x_wconf 90' lang='lat' dir='ltr'><strong>ipsum,</strong></span> <span class='ocrx_word' id='word_1_436' title='bbox 3640 2063 3746 2117; x_wconf 88' lang='lat' dir='ltr'><strong>hoc</strong></span> 
     </span>
    </p>
   </div>
   <div class='ocr_carea' id='block_1_57' title="bbox 2152 2155 3748 2233">
    <p class='ocr_par' dir='ltr' id='par_1_57' title="bbox 2152 2155 3748 2233">
     <span class='ocr_line' id='line_1_57' title="bbox 2152 2155 3748 2233; baseline -0.01 -9"><span class='ocrx_word' id='word_1_437' title='bbox 2152 2177 2237 2224; x_wconf 88' lang='lat' dir='ltr'><strong>est</strong></span> <span class='ocrx_word' id='word_1_438' title='bbox 2262 2184 2432 2221; x_wconf 89' lang='lat' dir='ltr'><strong>unum</strong></span> <span class='ocrx_word' id='word_1_439' title='bbox 2464 2165 2631 2221; x_wconf 91' lang='lat' dir='ltr'><strong>Deum</strong></span> <span class='ocrx_word' id='word_1_440' title='bbox 2662 2172 2717 2220; x_wconf 89' lang='lat' dir='ltr'><strong>et</strong></span> <span class='ocrx_word' id='word_1_441' title='bbox 2742 2165 3170 2233; x_wconf 88' lang='lat' dir='ltr'><strong>omnipotentem</strong></span> <span class='ocrx_word' id='word_1_442' title='bbox 3200 2158 3468 2214; x_wconf 88' lang='lat' dir='ltr'><strong>deducis?</strong></span> <span class='ocrx_word' id='word_1_443' title='bbox 3491 2155 3748 2227; x_wconf 79' lang='lat' dir='ltr'><strong>quando-</strong></span> 
     </span>
    </p>
   </div>
   <div class='ocr_carea' id='block_1_58' title="bbox 2153 2252 3745 2332">
    <p class='ocr_par' dir='ltr' id='par_1_58' title="bbox 2153 2252 3745 2332">
     <span class='ocr_line' id='line_1_58' title="bbox 2153 2252 3745 2332; baseline -0.01 -16"><span class='ocrx_word' id='word_1_444' title='bbox 2153 2262 2372 2332; x_wconf 90' lang='lat' dir='ltr'><strong>quidem</strong></span> <span class='ocrx_word' id='word_1_445' title='bbox 2423 2261 2539 2315; x_wconf 85' lang='lat' dir='ltr'><strong>sive</strong></span> <span class='ocrx_word' id='word_1_446' title='bbox 2592 2260 2697 2312; x_wconf 85' lang='lat' dir='ltr'><strong>hoc</strong></span> <span class='ocrx_word' id='word_1_447' title='bbox 2741 2258 2858 2311; x_wconf 88' lang='lat' dir='ltr'><strong>sive</strong></span> <span class='ocrx_word' id='word_1_448' title='bbox 2908 2257 3015 2310; x_wconf 91' lang='lat' dir='ltr'><strong>alio</strong></span> <span class='ocrx_word' id='word_1_449' title='bbox 3068 2252 3231 2307; x_wconf 91' lang='lat' dir='ltr'><strong>modo</strong></span> <span class='ocrx_word' id='word_1_450' title='bbox 3283 2260 3518 2317; x_wconf 87' lang='lat' dir='ltr'><strong>statuas,</strong></span> <span class='ocrx_word' id='word_1_451' title='bbox 3574 2263 3745 2303; x_wconf 90' lang='lat' dir='ltr'><strong>unum</strong></span> 
     </span>
    </p>
   </div>
   <div class='ocr_carea' id='block_1_59' title="bbox 2155 2341 3746 2418">
    <p class='ocr_par' dir='ltr' id='par_1_59' title="bbox 2155 2341 3746 2418">
     <span class='ocr_line' id='line_1_59' title="bbox 2155 2341 3746 2418; baseline -0.011 -9"><span class='ocrx_word' id='word_1_452' title='bbox 2155 2355 2379 2409; x_wconf 89' lang='lat' dir='ltr'><strong>omnino</strong></span> <span class='ocrx_word' id='word_1_453' title='bbox 2430 2368 2613 2407; x_wconf 85' lang='lat' dir='ltr'><strong>rerum</strong></span> <span class='ocrx_word' id='word_1_454' title='bbox 2666 2351 2910 2406; x_wconf 89' lang='lat' dir='ltr'><strong>omnium</strong></span> <span class='ocrx_word' id='word_1_455' title='bbox 2962 2347 3288 2418; x_wconf 89' lang='lat' dir='ltr'><strong>principium</strong></span> <span class='ocrx_word' id='word_1_456' title='bbox 3337 2358 3401 2397; x_wconf 93' lang='lat' dir='ltr'><strong>ac</strong></span> <span class='ocrx_word' id='word_1_457' title='bbox 3455 2341 3746 2396; x_wconf 91' lang='lat' dir='ltr'><strong>Dominum</strong></span> 
     </span>
    </p>
   </div>
   <div class='ocr_carea' id='block_1_60' title="bbox 2158 2425 3750 2505">
    <p class='ocr_par' dir='ltr' id='par_1_60' title="bbox 2158 2425 3750 2505">
     <span class='ocr_line' id='line_1_60' title="bbox 2158 2425 3750 2505; baseline -0.009 -8"><span class='ocrx_word' id='word_1_458' title='bbox 2158 2444 2316 2499; x_wconf 87' lang='lat' dir='ltr'><strong>fateri</strong></span> <span class='ocrx_word' id='word_1_459' title='bbox 2366 2458 2593 2497; x_wconf 89' lang='lat' dir='ltr'><strong>necesse</strong></span> <span class='ocrx_word' id='word_1_460' title='bbox 2642 2442 2733 2495; x_wconf 87' lang='lat' dir='ltr'><strong>sit.</strong></span> <span class='ocrx_word' id='word_1_461' title='bbox 2782 2438 2925 2505; x_wconf 84' lang='lat' dir='ltr'><strong>Quin</strong></span> <span class='ocrx_word' id='word_1_462' title='bbox 2978 2439 3083 2493; x_wconf 88' lang='lat' dir='ltr'><strong>hoc</strong></span> <span class='ocrx_word' id='word_1_463' title='bbox 3122 2436 3285 2505; x_wconf 76' lang='lat' dir='ltr'><strong>velim&quot;</strong></span> <span class='ocrx_word' id='word_1_464' title='bbox 3306 2433 3459 2497; x_wconf 91' lang='lat' dir='ltr'><strong>mihi,</strong></span> <span class='ocrx_word' id='word_1_465' title='bbox 3512 2425 3750 2485; x_wconf 83' lang='lat' dir='ltr'><strong>fabulosi</strong></span> 
     </span>
    </p>
   </div>
   <div class='ocr_carea' id='block_1_61' title="bbox 2154 2522 3747 2606">
    <p class='ocr_par' dir='ltr' id='par_1_61' title="bbox 2154 2522 3747 2606">
     <span class='ocr_line' id='line_1_61' title="bbox 2154 2522 3747 2606; baseline -0.011 -15"><span class='ocrx_word' id='word_1_466' title='bbox 2154 2537 2321 2606; x_wconf 86' lang='lat' dir='ltr'><strong>hujus</strong></span> <span class='ocrx_word' id='word_1_467' title='bbox 2342 2534 2637 2589; x_wconf 89' lang='lat' dir='ltr'><strong>commenti</strong></span> <span class='ocrx_word' id='word_1_468' title='bbox 2671 2532 2990 2595; x_wconf 85' lang='lat' dir='ltr'><strong>architecte,</strong></span> <span class='ocrx_word' id='word_1_469' title='bbox 3029 2529 3097 2583; x_wconf 91' lang='lat' dir='ltr'><strong>de</strong></span> <span class='ocrx_word' id='word_1_470' title='bbox 3137 2526 3358 2581; x_wconf 87' lang='lat' dir='ltr'><strong>Christo</strong></span> <span class='ocrx_word' id='word_1_471' title='bbox 3392 2522 3747 2591; x_wconf 89' lang='lat' dir='ltr'><strong>respondeas.</strong></span> 
     </span>
    </p>
   </div>
   <div class='ocr_carea' id='block_1_62' title="bbox 2159 2614 3747 2693">
    <p class='ocr_par' dir='ltr' id='par_1_62' title="bbox 2159 2614 3747 2693">
     <span class='ocr_line' id='line_1_62' title="bbox 2159 2614 3747 2693; baseline -0.013 -7"><span class='ocrx_word' id='word_1_472' title='bbox 2159 2632 2214 2686; x_wconf 90' lang='lat' dir='ltr'><strong>Si</strong></span> <span class='ocrx_word' id='word_1_473' title='bbox 2258 2633 2312 2685; x_wconf 93' lang='lat' dir='ltr'><strong>in</strong></span> <span class='ocrx_word' id='word_1_474' title='bbox 2359 2644 2577 2685; x_wconf 78' lang='lat' dir='ltr'><strong>crucem</strong></span> <span class='ocrx_word' id='word_1_475' title='bbox 2630 2626 2820 2680; x_wconf 89' lang='lat' dir='ltr'><strong>Simon</strong></span> <span class='ocrx_word' id='word_1_476' title='bbox 2871 2624 2962 2679; x_wconf 91' lang='lat' dir='ltr'><strong>ille</strong></span> <span class='ocrx_word' id='word_1_477' title='bbox 3012 2622 3306 2693; x_wconf 73' lang='lat' dir='ltr'><strong>Cyrenzeus</strong></span> <span class='ocrx_word' id='word_1_478' title='bbox 3345 2623 3429 2672; x_wconf 89' lang='lat' dir='ltr'><strong>est</strong></span> <span class='ocrx_word' id='word_1_479' title='bbox 3463 2614 3747 2677; x_wconf 90' lang='lat' dir='ltr'><strong>sublatus,</strong></span> 
     </span>
    </p>
   </div>
   <div class='ocr_carea' id='block_1_63' title="bbox 2158 2700 3753 2792">
    <p class='ocr_par' dir='ltr' id='par_1_63' title="bbox 2158 2700 3753 2792">
     <span class='ocr_line' id='line_1_63' title="bbox 2158 2700 3753 2792; baseline -0.014 -14"><span class='ocrx_word' id='word_1_480' title='bbox 2158 2739 2270 2778; x_wconf 90' lang='lat' dir='ltr'><strong>non</strong></span> <span class='ocrx_word' id='word_1_481' title='bbox 2307 2721 2477 2792; x_wconf 82' lang='lat' dir='ltr'><strong>igitur</strong></span> <span class='ocrx_word' id='word_1_482' title='bbox 2507 2734 2603 2789; x_wconf 87' lang='lat' dir='ltr'><strong>per</strong></span> <span class='ocrx_word' id='word_1_483' title='bbox 2637 2717 2917 2772; x_wconf 86' lang='lat' dir='ltr'><strong>Christum</strong></span> <span class='ocrx_word' id='word_1_484' title='bbox 2952 2720 3109 2783; x_wconf 86' lang='lat' dir='ltr'><strong>parta</strong></span> <span class='ocrx_word' id='word_1_485' title='bbox 3141 2709 3300 2765; x_wconf 90' lang='lat' dir='ltr'><strong>nobis</strong></span> <span class='ocrx_word' id='word_1_486' title='bbox 3328 2716 3415 2761; x_wconf 91' lang='lat' dir='ltr'><strong>est</strong></span> <span class='ocrx_word' id='word_1_487' title='bbox 3441 2705 3612 2769; x_wconf 87' lang='lat' dir='ltr'><strong>salus,</strong></span> <span class='ocrx_word' id='word_1_488' title='bbox 3654 2700 3753 2758; x_wconf 82' lang='lat' dir='ltr'><strong>sed</strong></span> 
     </span>
    </p>
   </div>
   <div class='ocr_carea' id='block_1_64' title="bbox 2158 2791 3754 2886">
    <p class='ocr_par' dir='ltr' id='par_1_64' title="bbox 2158 2791 3754 2886">
     <span class='ocr_line' id='line_1_64' title="bbox 2158 2791 3754 2886; baseline -0.016 -16"><span class='ocrx_word' id='word_1_489' title='bbox 2158 2832 2255 2886; x_wconf 89' lang='lat' dir='ltr'><strong>per</strong></span> <span class='ocrx_word' id='word_1_490' title='bbox 2295 2791 2609 2875; x_wconf 86' lang='lat' dir='ltr'><strong>Simonem;</strong></span> <span class='ocrx_word' id='word_1_491' title='bbox 2641 2825 2743 2863; x_wconf 89' lang='lat' dir='ltr'><strong>nec</strong></span> <span class='ocrx_word' id='word_1_492' title='bbox 2776 2807 2889 2877; x_wconf 87' lang='lat' dir='ltr'><strong>jam</strong></span> <span class='ocrx_word' id='word_1_493' title='bbox 2920 2820 3018 2875; x_wconf 91' lang='lat' dir='ltr'><strong>per</strong></span> <span class='ocrx_word' id='word_1_494' title='bbox 3056 2801 3337 2856; x_wconf 81' lang='lat' dir='ltr'><strong>Christum</strong></span> <span class='ocrx_word' id='word_1_495' title='bbox 3371 2795 3611 2851; x_wconf 89' lang='lat' dir='ltr'><strong>mundus</strong></span> <span class='ocrx_word' id='word_1_496' title='bbox 3641 2791 3754 2847; x_wconf 87' lang='lat' dir='ltr'><strong>sal-</strong></span> 
     </span>
    </p>
   </div>
   <div class='ocr_carea' id='block_1_65' title="bbox 2160 2883 3753 2972">
    <p class='ocr_par' dir='ltr' id='par_1_65' title="bbox 2160 2883 3753 2972">
     <span class='ocr_line' id='line_1_65' title="bbox 2160 2883 3753 2972; baseline -0.017 -8"><span class='ocrx_word' id='word_1_497' title='bbox 2160 2922 2292 2964; x_wconf 91' lang='lat' dir='ltr'><strong>vum</strong></span> <span class='ocrx_word' id='word_1_498' title='bbox 2325 2907 2443 2961; x_wconf 88' lang='lat' dir='ltr'><strong>fore</strong></span> <span class='ocrx_word' id='word_1_499' title='bbox 2483 2920 2541 2960; x_wconf 92' lang='lat' dir='ltr'><strong>se</strong></span> <span class='ocrx_word' id='word_1_500' title='bbox 2575 2916 2797 2972; x_wconf 87' lang='lat' dir='ltr'><strong>sperare</strong></span> <span class='ocrx_word' id='word_1_501' title='bbox 2821 2899 3045 2959; x_wconf 87' lang='lat' dir='ltr'><strong>debeat,</strong></span> <span class='ocrx_word' id='word_1_502' title='bbox 3078 2901 3267 2963; x_wconf 90' lang='lat' dir='ltr'><strong>utpote</strong></span> <span class='ocrx_word' id='word_1_503' title='bbox 3295 2889 3388 2961; x_wconf 91' lang='lat' dir='ltr'><strong>qui</strong></span> <span class='ocrx_word' id='word_1_504' title='bbox 3425 2886 3651 2941; x_wconf 88' lang='lat' dir='ltr'><strong>minime</strong></span> <span class='ocrx_word' id='word_1_505' title='bbox 3681 2883 3753 2939; x_wconf 87' lang='lat' dir='ltr'><strong>sit</strong></span> 
     </span>
    </p>
   </div>
   <div class='ocr_carea' id='block_1_66' title="bbox 2159 2975 3753 3072">
    <p class='ocr_par' dir='ltr' id='par_1_66' title="bbox 2159 2975 3753 3072">
     <span class='ocr_line' id='line_1_66' title="bbox 2159 2975 3753 3072; baseline -0.019 -17"><span class='ocrx_word' id='word_1_506' title='bbox 2159 3012 2383 3072; x_wconf 88' lang='lat' dir='ltr'><strong>passus.</strong></span> <span class='ocrx_word' id='word_1_507' title='bbox 2427 2993 2615 3065; x_wconf 82' lang='lat' dir='ltr'><strong>Neque</strong></span> <span class='ocrx_word' id='word_1_508' title='bbox 2646 2992 2793 3047; x_wconf 89' lang='lat' dir='ltr'><strong>enim</strong></span> <span class='ocrx_word' id='word_1_509' title='bbox 2833 2988 3026 3045; x_wconf 84' lang='lat' dir='ltr'><strong>salutis</strong></span> <span class='ocrx_word' id='word_1_510' title='bbox 3063 2999 3188 3039; x_wconf 91' lang='lat' dir='ltr'><strong>esse</strong></span> <span class='ocrx_word' id='word_1_511' title='bbox 3225 2994 3394 3035; x_wconf 91' lang='lat' dir='ltr'><strong>causa</strong></span> <span class='ocrx_word' id='word_1_512' title='bbox 3438 2975 3628 3030; x_wconf 89' lang='lat' dir='ltr'><strong>Simon</strong></span> <span class='ocrx_word' id='word_1_513' title='bbox 3662 2987 3753 3042; x_wconf 82' lang='lat' dir='ltr'><strong>po-</strong></span> 
     </span>
    </p>
   </div>
   <div class='ocr_carea' id='block_1_67' title="bbox 2162 3068 3754 3161">
    <p class='ocr_par' dir='ltr' id='par_1_67' title="bbox 2162 3068 3754 3161">
     <span class='ocr_line' id='line_1_67' title="bbox 2162 3068 3754 3161; baseline -0.02 -12"><span class='ocrx_word' id='word_1_514' title='bbox 2162 3068 2299 3159; x_wconf 72' lang='lat' dir='ltr'><strong>test,</strong></span> <span class='ocrx_word' id='word_1_515' title='bbox 2332 3106 2506 3161; x_wconf 88' lang='lat' dir='ltr'><strong>purus</strong></span> <span class='ocrx_word' id='word_1_516' title='bbox 2531 3089 2721 3158; x_wconf 91' lang='lat' dir='ltr'><strong>utique</strong></span> <span class='ocrx_word' id='word_1_517' title='bbox 2749 3100 2813 3138; x_wconf 90' lang='lat' dir='ltr'><strong>ac</strong></span> <span class='ocrx_word' id='word_1_518' title='bbox 2841 3091 3009 3154; x_wconf 91' lang='lat' dir='ltr'><strong>putus</strong></span> <span class='ocrx_word' id='word_1_519' title='bbox 3036 3080 3221 3141; x_wconf 89' lang='lat' dir='ltr'><strong>homo,</strong></span> <span class='ocrx_word' id='word_1_520' title='bbox 3254 3089 3430 3144; x_wconf 87' lang='lat' dir='ltr'><strong>neque</strong></span> <span class='ocrx_word' id='word_1_521' title='bbox 3455 3068 3754 3143; x_wconf 85' lang='lat' dir='ltr'><strong>quidquam</strong></span> 
     </span>
    </p>
   </div>
   <div class='ocr_carea' id='block_1_68' title="bbox 2162 3158 3757 3255">
    <p class='ocr_par' dir='ltr' id='par_1_68' title="bbox 2162 3158 3757 3255">
     <span class='ocr_line' id='line_1_68' title="bbox 2162 3158 3757 3255; baseline -0.018 -15"><span class='ocrx_word' id='word_1_522' title='bbox 2162 3158 2421 3255; x_wconf 81' lang='lat' dir='ltr'><strong>amplius.</strong></span> <span class='ocrx_word' id='word_1_523' title='bbox 2452 3180 2535 3235; x_wconf 90' lang='lat' dir='ltr'><strong>Ad</strong></span> <span class='ocrx_word' id='word_1_524' title='bbox 2573 3181 2689 3234; x_wconf 75' lang='lat' dir='ltr'><strong>hzec</strong></span> <span class='ocrx_word' id='word_1_525' title='bbox 2722 3176 3060 3247; x_wconf 78' lang='lat' dir='ltr'><strong>unigenitum</strong></span> <span class='ocrx_word' id='word_1_526' title='bbox 3101 3170 3196 3225; x_wconf 89' lang='lat' dir='ltr'><strong>Dei</strong></span> <span class='ocrx_word' id='word_1_527' title='bbox 3230 3168 3428 3222; x_wconf 89' lang='lat' dir='ltr'><strong>Filium</strong></span> <span class='ocrx_word' id='word_1_528' title='bbox 3468 3158 3757 3218; x_wconf 66' lang='lat' dir='ltr'><strong>calumnia:</strong></span> 
     </span>
    </p>
   </div>
   <div class='ocr_carea' id='block_1_69' title="bbox 2163 3250 3753 3335">
    <p class='ocr_par' dir='ltr' id='par_1_69' title="bbox 2163 3250 3753 3335">
     <span class='ocr_line' id='line_1_69' title="bbox 2163 3250 3753 3335; baseline -0.019 -2"><span class='ocrx_word' id='word_1_529' title='bbox 2163 3277 2520 3335; x_wconf 86' lang='lat' dir='ltr'><strong>condemnas.</strong></span> <span class='ocrx_word' id='word_1_530' title='bbox 2553 3273 2599 3328; x_wconf 93' lang='lat' dir='ltr'><strong>si</strong></span> <span class='ocrx_word' id='word_1_531' title='bbox 2629 3271 2857 3325; x_wconf 90' lang='lat' dir='ltr'><strong>alterum</strong></span> <span class='ocrx_word' id='word_1_532' title='bbox 2890 3268 3067 3321; x_wconf 87' lang='lat' dir='ltr'><strong>bonus</strong></span> <span class='ocrx_word' id='word_1_533' title='bbox 3098 3260 3365 3316; x_wconf 89' lang='lat' dir='ltr'><strong>Dominus</strong></span> <span class='ocrx_word' id='word_1_534' title='bbox 3392 3256 3657 3312; x_wconf 90' lang='lat' dir='ltr'><strong>violenter</strong></span> <span class='ocrx_word' id='word_1_535' title='bbox 3685 3250 3753 3303; x_wconf 90' lang='lat' dir='ltr'><strong>ad</strong></span> 
     </span>
    </p>
   </div>
   <div class='ocr_carea' id='block_1_70' title="bbox 2163 3350 3751 3424">
    <p class='ocr_par' dir='ltr' id='par_1_70' title="bbox 2163 3350 3751 3424">
     <span class='ocr_line' id='line_1_70' title="bbox 2163 3350 3751 3424; baseline -0.019 0"><span class='ocrx_word' id='word_1_536' title='bbox 2163 3382 2355 3424; x_wconf 89' lang='lat' dir='ltr'><strong>necem</strong></span> <span class='ocrx_word' id='word_1_537' title='bbox 2386 3379 2487 3420; x_wconf 89' lang='lat' dir='ltr'><strong>suo</strong></span> <span class='ocrx_word' id='word_1_538' title='bbox 2520 3363 2641 3416; x_wconf 89' lang='lat' dir='ltr'><strong>loco</strong></span> <span class='ocrx_word' id='word_1_539' title='bbox 2678 3358 2983 3414; x_wconf 84' lang='lat' dir='ltr'><strong>tradiderit.</strong></span> <span class='ocrx_word' id='word_1_540' title='bbox 3016 3354 3127 3409; x_wconf 87' lang='lat' dir='ltr'><strong>Nec</strong></span> <span class='ocrx_word' id='word_1_541' title='bbox 3162 3350 3309 3405; x_wconf 87' lang='lat' dir='ltr'><strong>aliud</strong></span> <span class='ocrx_word' id='word_1_542' title='bbox 3343 3356 3457 3402; x_wconf 92' lang='lat' dir='ltr'><strong>tota</strong></span> <span class='ocrx_word' id='word_1_543' title='bbox 3488 3360 3578 3400; x_wconf 85' lang='lat' dir='ltr'><strong>res</strong></span> <span class='ocrx_word' id='word_1_544' title='bbox 3615 3356 3751 3414; x_wconf 81' lang='lat' dir='ltr'><strong>prae-</strong></span> 
     </span>
    </p>
   </div>
   <div class='ocr_carea' id='block_1_71' title="bbox 2163 3440 3752 3519">
    <p class='ocr_par' dir='ltr' id='par_1_71' title="bbox 2163 3440 3752 3519">
     <span class='ocr_line' id='line_1_71' title="bbox 2163 3440 3752 3519; baseline -0.018 -1"><span class='ocrx_word' id='word_1_545' title='bbox 2163 3471 2247 3518; x_wconf 90' lang='lat' dir='ltr'><strong>ter</strong></span> <span class='ocrx_word' id='word_1_546' title='bbox 2264 3458 2538 3516; x_wconf 89' lang='lat' dir='ltr'><strong>somnium</strong></span> <span class='ocrx_word' id='word_1_547' title='bbox 2564 3456 2689 3517; x_wconf 91' lang='lat' dir='ltr'><strong>erit,</strong></span> <span class='ocrx_word' id='word_1_548' title='bbox 2720 3453 2832 3506; x_wconf 90' lang='lat' dir='ltr'><strong>imo</strong></span> <span class='ocrx_word' id='word_1_549' title='bbox 2856 3445 3211 3519; x_wconf 82' lang='lat' dir='ltr'><strong>malignitatis</strong></span> <span class='ocrx_word' id='word_1_550' title='bbox 3236 3440 3752 3514; x_wconf 69' lang='lat' dir='ltr'><strong>prmstigiarumque</strong></span> 
     </span>
    </p>
   </div>
   <div class='ocr_carea' id='block_1_72' title="bbox 2161 3528 3748 3623">
    <p class='ocr_par' dir='ltr' id='par_1_72' title="bbox 2161 3528 3748 3623">
     <span class='ocr_line' id='line_1_72' title="bbox 2161 3528 3748 3623; baseline -0.016 -15"><span class='ocrx_word' id='word_1_551' title='bbox 2161 3552 2462 3623; x_wconf 89' lang='lat' dir='ltr'><strong>specimen,</strong></span> <span class='ocrx_word' id='word_1_552' title='bbox 2492 3561 2618 3602; x_wconf 91' lang='lat' dir='ltr'><strong>cum</strong></span> <span class='ocrx_word' id='word_1_553' title='bbox 2654 3543 3006 3612; x_wconf 87' lang='lat' dir='ltr'><strong>semetipsum</strong></span> <span class='ocrx_word' id='word_1_554' title='bbox 3058 3537 3324 3591; x_wconf 88' lang='lat' dir='ltr'><strong>Dominus</strong></span> <span class='ocrx_word' id='word_1_555' title='bbox 3376 3528 3748 3586; x_wconf 86' lang='lat' dir='ltr'><strong>fraudulenlis</strong></span> 
     </span>
    </p>
   </div>
   <div class='ocr_carea' id='block_1_73' title="bbox 2168 3625 3754 3702">
    <p class='ocr_par' dir='ltr' id='par_1_73' title="bbox 2168 3625 3754 3702">
     <span class='ocr_line' id='line_1_73' title="bbox 2168 3625 3754 3702; baseline -0.017 -2"><span class='ocrx_word' id='word_1_556' title='bbox 2168 3646 2380 3702; x_wconf 88' lang='lat' dir='ltr'><strong>artibus</strong></span> <span class='ocrx_word' id='word_1_557' title='bbox 2407 3640 2723 3697; x_wconf 84' lang='lat' dir='ltr'><strong>subduceris</strong></span> <span class='ocrx_word' id='word_1_558' title='bbox 2753 3636 2837 3691; x_wconf 91' lang='lat' dir='ltr'><strong>sui</strong></span> <span class='ocrx_word' id='word_1_559' title='bbox 2868 3632 3136 3688; x_wconf 91' lang='lat' dir='ltr'><strong>vicarium</strong></span> <span class='ocrx_word' id='word_1_560' title='bbox 3175 3630 3407 3683; x_wconf 86' lang='lat' dir='ltr'><strong>alterum</strong></span> <span class='ocrx_word' id='word_1_561' title='bbox 3437 3625 3754 3679; x_wconf 81' lang='lat' dir='ltr'><strong>substituat.</strong></span> 
     </span>
    </p>
   </div>
   <div class='ocr_carea' id='block_1_74' title="bbox 466 3727 3755 3833">
    <p class='ocr_par' dir='ltr' id='par_1_74' title="bbox 466 3727 3755 3833">
     <span class='ocr_line' id='line_1_74' title="bbox 466 3727 3755 3833; baseline -0.002 -52"><span class='ocrx_word' id='word_1_562' title='bbox 466 3729 667 3833; x_wconf 76' lang='lat' dir='ltr'><strong>Sicque</strong></span> <span class='ocrx_word' id='word_1_563' title='bbox 705 3738 796 3782; x_wconf 90' lang='lat' dir='ltr'><strong>tua</strong></span> <span class='ocrx_word' id='word_1_564' title='bbox 842 3729 930 3783; x_wconf 94' lang='lat' dir='ltr'><strong>illa</strong></span> <span class='ocrx_word' id='word_1_565' title='bbox 972 3730 1300 3786; x_wconf 90' lang='lat' dir='ltr'><strong>stultissima</strong></span> <span class='ocrx_word' id='word_1_566' title='bbox 1344 3732 1622 3788; x_wconf 87' lang='lat' dir='ltr'><strong>cavillatio</strong></span> <span class='ocrx_word' id='word_1_567' title='bbox 1666 3738 1885 3793; x_wconf 87' lang='lat' dir='ltr'><strong>veritati</strong></span> <span class='ocrx_word' id='word_1_568' title='bbox 1934 3744 2155 3812; x_wconf 86' lang='lat' dir='ltr'><strong>quidem</strong></span> <span class='ocrx_word' id='word_1_569' title='bbox 2214 3738 2550 3796; x_wconf 87' lang='lat' dir='ltr'><strong>calumniam</strong></span> <span class='ocrx_word' id='word_1_570' title='bbox 2584 3739 2781 3797; x_wconf 89' lang='lat' dir='ltr'><strong>struet,</strong></span> <span class='ocrx_word' id='word_1_571' title='bbox 2817 3746 2918 3785; x_wconf 90' lang='lat' dir='ltr'><strong>nec</strong></span> <span class='ocrx_word' id='word_1_572' title='bbox 2972 3727 3119 3799; x_wconf 93' lang='lat' dir='ltr'><strong>quod</strong></span> <span class='ocrx_word' id='word_1_573' title='bbox 3149 3727 3295 3781; x_wconf 88' lang='lat' dir='ltr'><strong>volet</strong></span> <span class='ocrx_word' id='word_1_574' title='bbox 3351 3733 3537 3777; x_wconf 88' lang='lat' dir='ltr'><strong>tamen</strong></span> <span class='ocrx_word' id='word_1_575' title='bbox 3596 3732 3755 3773; x_wconf 88' lang='lat' dir='ltr'><strong>asse-</strong></span> 
     </span>
    </p>
   </div>
   <div class='ocr_carea' id='block_1_75' title="bbox 464 3814 3759 3903">
    <p class='ocr_par' dir='ltr' id='par_1_75' title="bbox 464 3814 3759 3903">
     <span class='ocr_line' id='line_1_75' title="bbox 464 3814 3759 3903; baseline -0.003 -26"><span class='ocrx_word' id='word_1_576' title='bbox 464 3824 556 3893; x_wconf 89' lang='lat' dir='ltr'><strong>qui</strong></span> <span class='ocrx_word' id='word_1_577' title='bbox 594 3827 814 3893; x_wconf 85' lang='lat' dir='ltr'><strong>poterit,</strong></span> <span class='ocrx_word' id='word_1_578' title='bbox 859 3826 954 3881; x_wconf 87' lang='lat' dir='ltr'><strong>sed</strong></span> <span class='ocrx_word' id='word_1_579' title='bbox 1000 3827 1068 3883; x_wconf 91' lang='lat' dir='ltr'><strong>de</strong></span> <span class='ocrx_word' id='word_1_580' title='bbox 1118 3827 1374 3899; x_wconf 80' lang='lat' dir='ltr'><strong>figmento</strong></span> <span class='ocrx_word' id='word_1_581' title='bbox 1431 3830 1524 3885; x_wconf 92' lang='lat' dir='ltr'><strong>illo</strong></span> <span class='ocrx_word' id='word_1_582' title='bbox 1577 3840 1785 3889; x_wconf 87' lang='lat' dir='ltr'><strong>temere</strong></span> <span class='ocrx_word' id='word_1_583' title='bbox 1830 3852 1894 3891; x_wconf 89' lang='lat' dir='ltr'><strong>ac</strong></span> <span class='ocrx_word' id='word_1_584' title='bbox 1944 3838 2065 3895; x_wconf 88' lang='lat' dir='ltr'><strong>sine</strong></span> <span class='ocrx_word' id='word_1_585' title='bbox 2096 3840 2207 3894; x_wconf 89' lang='lat' dir='ltr'><strong>ulla</strong></span> <span class='ocrx_word' id='word_1_586' title='bbox 2240 3835 2540 3893; x_wconf 86' lang='lat' dir='ltr'><strong>stabilitate</strong></span> <span class='ocrx_word' id='word_1_587' title='bbox 2565 3828 2849 3903; x_wconf 90' lang='lat' dir='ltr'><strong>proposito</strong></span> <span class='ocrx_word' id='word_1_588' title='bbox 2898 3826 2985 3881; x_wconf 85' lang='lat' dir='ltr'><strong>vel</strong></span> <span class='ocrx_word' id='word_1_589' title='bbox 3016 3825 3085 3879; x_wconf 90' lang='lat' dir='ltr'><strong>ab</strong></span> <span class='ocrx_word' id='word_1_590' title='bbox 3112 3823 3232 3894; x_wconf 88' lang='lat' dir='ltr'><strong>ipsa</strong></span> <span class='ocrx_word' id='word_1_591' title='bbox 3281 3820 3513 3877; x_wconf 83' lang='lat' dir='ltr'><strong>veritate</strong></span> <span class='ocrx_word' id='word_1_592' title='bbox 3562 3814 3759 3871; x_wconf 89' lang='lat' dir='ltr'><strong>redar-</strong></span> 
     </span>
    </p>
   </div>
   <div class='ocr_carea' id='block_1_76' title="bbox 464 3928 685 3986">
    <p class='ocr_par' dir='ltr' id='par_1_76' title="bbox 464 3928 685 3986">
     <span class='ocr_line' id='line_1_76' title="bbox 464 3928 685 3986; baseline 0.005 -17"><span class='ocrx_word' id='word_1_593' title='bbox 464 3928 685 3986; x_wconf 79' lang='lat' dir='ltr'><strong>guetur.</strong></span> 
     </span>
    </p>
   </div>
   <div class='ocr_carea' id='block_1_77' title="bbox 536 4013 2060 4096">
    <p class='ocr_par' dir='ltr' id='par_1_77' title="bbox 536 4013 2060 4096">
     <span class='ocr_line' id='line_1_77' title="bbox 536 4013 2060 4096; baseline 0.01 -32"><span class='ocrx_word' id='word_1_594' title='bbox 536 4014 612 4066; x_wconf 66' lang='grc' dir='ltr'><strong>εγ.</strong></span> <span class='ocrx_word' id='word_1_595' title='bbox 630 4016 813 4086; x_wconf 81' lang='grc' dir='ltr'>Πάντη</span> <span class='ocrx_word' id='word_1_596' title='bbox 830 4014 939 4088; x_wconf 73' lang='grc' dir='ltr'><strong>γάρ</strong></span> <span class='ocrx_word' id='word_1_597' title='bbox 958 4013 1168 4085; x_wconf 76' lang='grc' dir='ltr'>ἐλέγχει</span> <span class='ocrx_word' id='word_1_598' title='bbox 1183 4013 1371 4068; x_wconf 90' lang='grc' dir='ltr'>τοῦτον</span> <span class='ocrx_word' id='word_1_599' title='bbox 1390 4016 1482 4069; x_wconf 82' lang='grc' dir='ltr'><strong>τὸν</strong></span> <span class='ocrx_word' id='word_1_600' title='bbox 1503 4019 1859 4093; x_wconf 85' lang='grc' dir='ltr'>αίρεσιάρχην</span> <span class='ocrx_word' id='word_1_601' title='bbox 1880 4024 2060 4096; x_wconf 81' lang='grc' dir='ltr'><strong>ἀλή-</strong></span> 
     </span>
    </p>
   </div>
   <div class='ocr_carea' id='block_1_78' title="bbox 466 4108 2059 4186">
    <p class='ocr_par' dir='ltr' id='par_1_78' title="bbox 466 4108 2059 4186">
     <span class='ocr_line' id='line_1_78' title="bbox 466 4108 2059 4186; baseline 0.005 -24"><span class='ocrx_word' id='word_1_602' title='bbox 466 4110 589 4162; x_wconf 86' lang='grc' dir='ltr'>θεια</span> <span class='ocrx_word' id='word_1_603' title='bbox 632 4110 691 4161; x_wconf 84' lang='grc' dir='ltr'><strong>ἐν</strong></span> <span class='ocrx_word' id='word_1_604' title='bbox 736 4108 946 4179; x_wconf 79' lang='grc' dir='ltr'>⁴Ιαλαιᾴ</span> <span class='ocrx_word' id='word_1_605' title='bbox 982 4109 1075 4161; x_wconf 80' lang='grc' dir='ltr'><strong>καὶ</strong></span> <span class='ocrx_word' id='word_1_606' title='bbox 1113 4110 1289 4181; x_wconf 85' lang='grc' dir='ltr'>Καινῇ</span> <span class='ocrx_word' id='word_1_607' title='bbox 1328 4111 1592 4185; x_wconf 85' lang='grc' dir='ltr'>Διαθήκῃ,</span> <span class='ocrx_word' id='word_1_608' title='bbox 1631 4116 1801 4169; x_wconf 70' lang='grc' dir='ltr'>Παντὶ</span> <span class='ocrx_word' id='word_1_609' title='bbox 1830 4116 1937 4186; x_wconf 82' lang='grc' dir='ltr'><strong>γάρ</strong></span> <span class='ocrx_word' id='word_1_610' title='bbox 1976 4134 2059 4170; x_wconf 90' lang='grc' dir='ltr'><strong>τοι</strong></span> 
     </span>
    </p>
   </div>
   <div class='ocr_carea' id='block_1_79' title="bbox 464 4200 2061 4281">
    <p class='ocr_par' dir='ltr' id='par_1_79' title="bbox 464 4200 2061 4281">
     <span class='ocr_line' id='line_1_79' title="bbox 464 4200 2061 4281; baseline 0.005 -26"><span class='ocrx_word' id='word_1_611' title='bbox 464 4201 643 4273; x_wconf 83' lang='grc' dir='ltr'>δῆλον,</span> <span class='ocrx_word' id='word_1_612' title='bbox 668 4202 751 4255; x_wconf 82' lang='grc' dir='ltr'><strong>ὅτι</strong></span> <span class='ocrx_word' id='word_1_613' title='bbox 778 4200 1010 4271; x_wconf 84' lang='grc' dir='ltr'>Χριστὸς</span> <span class='ocrx_word' id='word_1_614' title='bbox 1036 4200 1179 4253; x_wconf 83' lang='grc' dir='ltr'>ἑκὼν</span> <span class='ocrx_word' id='word_1_615' title='bbox 1203 4203 1295 4253; x_wconf 78' lang='grc' dir='ltr'>ἐπὶ</span> <span class='ocrx_word' id='word_1_616' title='bbox 1320 4203 1381 4255; x_wconf 86' lang='grc' dir='ltr'>τὸ</span> <span class='ocrx_word' id='word_1_617' title='bbox 1405 4204 1576 4268; x_wconf 82' lang='grc' dir='ltr'>πάθος</span> <span class='ocrx_word' id='word_1_618' title='bbox 1600 4202 1753 4277; x_wconf 82' lang='grc' dir='ltr'>ἦλθε,</span> <span class='ocrx_word' id='word_1_619' title='bbox 1780 4211 1873 4262; x_wconf 75' lang='grc' dir='ltr'><strong>καὶ</strong></span> <span class='ocrx_word' id='word_1_620' title='bbox 1904 4209 2061 4281; x_wconf 83' lang='grc' dir='ltr'>θελή-</span> 
     </span>
    </p>
   </div>
   <div class='ocr_carea' id='block_1_80' title="bbox 470 4291 2060 4369">
    <p class='ocr_par' dir='ltr' id='par_1_80' title="bbox 470 4291 2060 4369">
     <span class='ocr_line' id='line_1_80' title="bbox 470 4291 2060 4369; baseline 0.004 -23"><span class='ocrx_word' id='word_1_621' title='bbox 470 4311 601 4365; x_wconf 88' lang='grc' dir='ltr'>ματι</span> <span class='ocrx_word' id='word_1_622' title='bbox 628 4292 742 4364; x_wconf 80' lang='grc' dir='ltr'>ἰδίῳ</span> <span class='ocrx_word' id='word_1_623' title='bbox 765 4293 859 4346; x_wconf 81' lang='grc' dir='ltr'>καὶ</span> <span class='ocrx_word' id='word_1_624' title='bbox 887 4291 981 4344; x_wconf 92' lang='grc' dir='ltr'><strong>τοῦ</strong></span> <span class='ocrx_word' id='word_1_625' title='bbox 1019 4292 1149 4344; x_wconf 89' lang='grc' dir='ltr'>ίδίου</span> <span class='ocrx_word' id='word_1_626' title='bbox 1176 4292 1410 4364; x_wconf 84' lang='grc' dir='ltr'>Πατρὺς,</span> <span class='ocrx_word' id='word_1_627' title='bbox 1431 4300 1525 4347; x_wconf 82' lang='grc' dir='ltr'>καὶ</span> <span class='ocrx_word' id='word_1_628' title='bbox 1544 4296 1763 4369; x_wconf 83' lang='grc' dir='ltr'>εὑδοκίᾳ</span> <span class='ocrx_word' id='word_1_629' title='bbox 1782 4298 1875 4351; x_wconf 89' lang='grc' dir='ltr'><strong>τοῦ</strong></span> <span class='ocrx_word' id='word_1_630' title='bbox 1903 4300 2060 4369; x_wconf 84' lang='grc' dir='ltr'>ἁγίου</span> 
     </span>
    </p>
   </div>
   <div class='ocr_carea' id='block_1_81' title="bbox 468 4384 2059 4464">
    <p class='ocr_par' dir='ltr' id='par_1_81' title="bbox 468 4384 2059 4464">
     <span class='ocr_line' id='line_1_81' title="bbox 468 4384 2059 4464; baseline 0.003 -23"><span class='ocrx_word' id='word_1_631' title='bbox 468 4386 788 4457; x_wconf 84' lang='grc' dir='ltr'>Πνεύματος</span> <span class='ocrx_word' id='word_1_632' title='bbox 814 4384 975 4437; x_wconf 77' lang='grc' dir='ltr'>ἔλαϐε</span> <span class='ocrx_word' id='word_1_633' title='bbox 1000 4384 1100 4456; x_wconf 83' lang='grc' dir='ltr'>τὴν</span> <span class='ocrx_word' id='word_1_634' title='bbox 1131 4385 1330 4455; x_wconf 82' lang='grc' dir='ltr'>σάρκα,</span> <span class='ocrx_word' id='word_1_635' title='bbox 1364 4386 1793 4459; x_wconf 81' lang='grc' dir='ltr'>ἐνανθρωπήσας</span> <span class='ocrx_word' id='word_1_636' title='bbox 1819 4392 1876 4444; x_wconf 80' lang='grc' dir='ltr'><strong>ἐν</strong></span> <span class='ocrx_word' id='word_1_637' title='bbox 1904 4395 2059 4464; x_wconf 78' lang='grc' dir='ltr'>ἡμῖν,</span> 
     </span>
    </p>
   </div>
   <div class='ocr_carea' id='block_1_82' title="bbox 468 4474 2059 4552">
    <p class='ocr_par' dir='ltr' id='par_1_82' title="bbox 468 4474 2059 4552">
     <span class='ocr_line' id='line_1_82' title="bbox 468 4474 2059 4552; baseline -0.006 -21"><span class='ocrx_word' id='word_1_638' title='bbox 468 4479 528 4532; x_wconf 83' lang='grc' dir='ltr'>ὲν</span> <span class='ocrx_word' id='word_1_639' title='bbox 559 4476 860 4546; x_wconf 86' lang='grc' dir='ltr'>τελειότητι</span> <span class='ocrx_word' id='word_1_640' title='bbox 891 4476 1025 4537; x_wconf 83' lang='grc' dir='ltr'>Θεὸς</span> <span class='ocrx_word' id='word_1_641' title='bbox 1054 4474 1150 4540; x_wconf 79' lang='grc' dir='ltr'><strong>ὢν,</strong></span> <span class='ocrx_word' id='word_1_642' title='bbox 1184 4476 1280 4528; x_wconf 83' lang='grc' dir='ltr'><strong>ἀπ’</strong></span> <span class='ocrx_word' id='word_1_643' title='bbox 1310 4478 1485 4547; x_wconf 80' lang='grc' dir='ltr'>ἀρχῆς</span> <span class='ocrx_word' id='word_1_644' title='bbox 1518 4480 1583 4531; x_wconf 79' lang='grc' dir='ltr'>ὲκ</span> <span class='ocrx_word' id='word_1_645' title='bbox 1618 4481 1830 4551; x_wconf 76' lang='grc' dir='ltr'>[ἰατρὸς</span> <span class='ocrx_word' id='word_1_646' title='bbox 1867 4500 2059 4552; x_wconf 76' lang='grc' dir='ltr'>γεγεν.</span> 
     </span>
    </p>
   </div>
   <div class='ocr_carea' id='block_1_83' title="bbox 2236 3996 3755 4075">
    <p class='ocr_par' dir='ltr' id='par_1_83' title="bbox 2236 3996 3755 4075">
     <span class='ocr_line' id='line_1_83' title="bbox 2236 3996 3755 4075; baseline -0.017 0"><span class='ocrx_word' id='word_1_647' title='bbox 2236 4019 2328 4075; x_wconf 82' lang='lat' dir='ltr'><strong>1X.</strong></span> <span class='ocrx_word' id='word_1_648' title='bbox 2370 4017 2497 4073; x_wconf 65' lang='lat' dir='ltr'><strong>“me</strong></span> <span class='ocrx_word' id='word_1_649' title='bbox 2521 4014 2667 4071; x_wconf 91' lang='lat' dir='ltr'><strong>enim</strong></span> <span class='ocrx_word' id='word_1_650' title='bbox 2692 4006 3115 4066; x_wconf 80' lang='lat' dir='ltr'><strong>haeresiarcham</strong></span> <span class='ocrx_word' id='word_1_651' title='bbox 3145 4004 3311 4059; x_wconf 88' lang='lat' dir='ltr'><strong>istum</strong></span> <span class='ocrx_word' id='word_1_652' title='bbox 3339 4008 3451 4055; x_wconf 90' lang='lat' dir='ltr'><strong>tam</strong></span> <span class='ocrx_word' id='word_1_653' title='bbox 3483 3999 3538 4052; x_wconf 93' lang='lat' dir='ltr'><strong>in</strong></span> <span class='ocrx_word' id='word_1_654' title='bbox 3565 3996 3755 4052; x_wconf 84' lang='lat' dir='ltr'><strong>Veteri</strong></span> 
     </span>
    </p>
   </div>
   <div class='ocr_carea' id='block_1_84' title="bbox 2164 4089 3756 4184">
    <p class='ocr_par' dir='ltr' id='par_1_84' title="bbox 2164 4089 3756 4184">
     <span class='ocr_line' id='line_1_84' title="bbox 2164 4089 3756 4184; baseline -0.018 -15"><span class='ocrx_word' id='word_1_655' title='bbox 2164 4128 2331 4184; x_wconf 90' lang='lat' dir='ltr'><strong>quam</strong></span> <span class='ocrx_word' id='word_1_656' title='bbox 2370 4110 2524 4165; x_wconf 89' lang='lat' dir='ltr'><strong>Novo</strong></span> <span class='ocrx_word' id='word_1_657' title='bbox 2564 4106 2922 4161; x_wconf 84' lang='lat' dir='ltr'><strong>Testamento</strong></span> <span class='ocrx_word' id='word_1_658' title='bbox 2962 4098 3114 4154; x_wconf 86' lang='lat' dir='ltr'><strong>omni</strong></span> <span class='ocrx_word' id='word_1_659' title='bbox 3152 4111 3221 4150; x_wconf 81' lang='lat' dir='ltr'><strong>ex</strong></span> <span class='ocrx_word' id='word_1_660' title='bbox 3261 4101 3418 4165; x_wconf 90' lang='lat' dir='ltr'><strong>parte</strong></span> <span class='ocrx_word' id='word_1_661' title='bbox 3457 4089 3756 4145; x_wconf 84' lang='lat' dir='ltr'><strong>convincit.</strong></span> 
     </span>
    </p>
   </div>
   <div class='ocr_carea' id='block_1_85' title="bbox 2170 4183 3757 4275">
    <p class='ocr_par' dir='ltr' id='par_1_85' title="bbox 2170 4183 3757 4275">
     <span class='ocr_line' id='line_1_85' title="bbox 2170 4183 3757 4275; baseline -0.019 -14"><span class='ocrx_word' id='word_1_662' title='bbox 2170 4183 2449 4275; x_wconf 86' lang='lat' dir='ltr'><strong>Siquidem</strong></span> <span class='ocrx_word' id='word_1_663' title='bbox 2509 4197 2715 4253; x_wconf 90' lang='lat' dir='ltr'><strong>nemini</strong></span> <span class='ocrx_word' id='word_1_664' title='bbox 2778 4200 2865 4248; x_wconf 89' lang='lat' dir='ltr'><strong>est</strong></span> <span class='ocrx_word' id='word_1_665' title='bbox 2921 4190 3245 4247; x_wconf 86' lang='lat' dir='ltr'><strong>obscurum,</strong></span> <span class='ocrx_word' id='word_1_666' title='bbox 3312 4183 3592 4239; x_wconf 81' lang='lat' dir='ltr'><strong>Christum</strong></span> <span class='ocrx_word' id='word_1_667' title='bbox 3658 4193 3757 4235; x_wconf 91' lang='lat' dir='ltr'><strong>sua</strong></span> 
     </span>
    </p>
   </div>
   <div class='ocr_carea' id='block_1_86' title="bbox 2172 4273 3761 4368">
    <p class='ocr_par' dir='ltr' id='par_1_86' title="bbox 2172 4273 3761 4368">
     <span class='ocr_line' id='line_1_86' title="bbox 2172 4273 3761 4368; baseline -0.016 -17"><span class='ocrx_word' id='word_1_668' title='bbox 2172 4273 2368 4368; x_wconf 82' lang='lat' dir='ltr'><strong>sponte</strong></span> <span class='ocrx_word' id='word_1_669' title='bbox 2408 4293 2474 4347; x_wconf 90' lang='lat' dir='ltr'><strong>ad</strong></span> <span class='ocrx_word' id='word_1_670' title='bbox 2515 4285 2843 4359; x_wconf 89' lang='lat' dir='ltr'><strong>supplicium</strong></span> <span class='ocrx_word' id='word_1_671' title='bbox 2883 4281 3122 4343; x_wconf 88' lang='lat' dir='ltr'><strong>venisse,</strong></span> <span class='ocrx_word' id='word_1_672' title='bbox 3164 4287 3330 4347; x_wconf 89' lang='lat' dir='ltr'><strong>atque</strong></span> <span class='ocrx_word' id='word_1_673' title='bbox 3368 4277 3531 4330; x_wconf 83' lang='lat' dir='ltr'><strong>etiam</strong></span> <span class='ocrx_word' id='word_1_674' title='bbox 3571 4273 3761 4327; x_wconf 83' lang='lat' dir='ltr'><strong>volun-</strong></span> 
     </span>
    </p>
   </div>
   <div class='ocr_carea' id='block_1_87' title="bbox 2167 4364 3758 4442">
    <p class='ocr_par' dir='ltr' id='par_1_87' title="bbox 2167 4364 3758 4442">
     <span class='ocr_line' id='line_1_87' title="bbox 2167 4364 3758 4442; baseline -0.016 -1"><span class='ocrx_word' id='word_1_675' title='bbox 2167 4364 2279 4442; x_wconf 74' lang='lat' dir='ltr'><strong>tate</strong></span> <span class='ocrx_word' id='word_1_676' title='bbox 2322 4400 2447 4439; x_wconf 92' lang='lat' dir='ltr'><strong>cum</strong></span> <span class='ocrx_word' id='word_1_677' title='bbox 2498 4396 2597 4437; x_wconf 85' lang='lat' dir='ltr'><strong>sua</strong></span> <span class='ocrx_word' id='word_1_678' title='bbox 2639 4388 2753 4432; x_wconf 91' lang='lat' dir='ltr'><strong>tum</strong></span> <span class='ocrx_word' id='word_1_679' title='bbox 2788 4374 2967 4429; x_wconf 86' lang='lat' dir='ltr'><strong>Patris</strong></span> <span class='ocrx_word' id='word_1_680' title='bbox 3005 4388 3069 4426; x_wconf 86' lang='lat' dir='ltr'><strong>ac</strong></span> <span class='ocrx_word' id='word_1_681' title='bbox 3099 4369 3274 4426; x_wconf 88' lang='lat' dir='ltr'><strong>sancti</strong></span> <span class='ocrx_word' id='word_1_682' title='bbox 3310 4365 3546 4437; x_wconf 92' lang='lat' dir='ltr'><strong>Spiritus</strong></span> <span class='ocrx_word' id='word_1_683' title='bbox 3580 4364 3758 4417; x_wconf 88' lang='lat' dir='ltr'><strong>addu-</strong></span> 
     </span>
    </p>
   </div>
   <div class='ocr_carea' id='block_1_88' title="bbox 2168 4457 3760 4542">
    <p class='ocr_par' dir='ltr' id='par_1_88' title="bbox 2168 4457 3760 4542">
     <span class='ocr_line' id='line_1_88' title="bbox 2168 4457 3760 4542; baseline -0.016 -8"><span class='ocrx_word' id='word_1_684' title='bbox 2168 4487 2340 4542; x_wconf 92' lang='lat' dir='ltr'><strong>ctum,</strong></span> <span class='ocrx_word' id='word_1_685' title='bbox 2366 4475 2448 4531; x_wconf 85' lang='lat' dir='ltr'><strong>uti</strong></span> <span class='ocrx_word' id='word_1_686' title='bbox 2468 4486 2687 4529; x_wconf 89' lang='lat' dir='ltr'><strong>carnem</strong></span> <span class='ocrx_word' id='word_1_687' title='bbox 2712 4468 2984 4529; x_wconf 90' lang='lat' dir='ltr'><strong>indueret,</strong></span> <span class='ocrx_word' id='word_1_688' title='bbox 3015 4471 3068 4519; x_wconf 93' lang='lat' dir='ltr'><strong>et</strong></span> <span class='ocrx_word' id='word_1_689' title='bbox 3096 4463 3238 4516; x_wconf 88' lang='lat' dir='ltr'><strong>inter</strong></span> <span class='ocrx_word' id='word_1_690' title='bbox 3262 4476 3366 4514; x_wconf 88' lang='lat' dir='ltr'><strong>nos</strong></span> <span class='ocrx_word' id='word_1_691' title='bbox 3395 4457 3669 4512; x_wconf 83' lang='lat' dir='ltr'><strong>hominem</strong></span> <span class='ocrx_word' id='word_1_692' title='bbox 3700 4471 3760 4509; x_wconf 90' lang='lat' dir='ltr'><strong>se</strong></span> 
     </span>
    </p>
   </div>
   <div class='ocr_carea' id='block_1_89' title="bbox 469 4548 2054 4645">
    <p class='ocr_par' dir='ltr' id='par_1_89' title="bbox 469 4548 2054 4645">
     <span class='ocr_line' id='line_1_89' title="bbox 469 4548 2054 4645; baseline 0.004 -22"><span class='ocrx_word' id='word_1_693' title='bbox 469 4570 725 4642; x_wconf 86' lang='grc' dir='ltr'>νημένος,</span> <span class='ocrx_word' id='word_1_694' title='bbox 756 4570 1010 4641; x_wconf 82' lang='grc' dir='ltr'>ἀνάρχως</span> <span class='ocrx_word' id='word_1_695' title='bbox 1046 4571 1141 4624; x_wconf 84' lang='grc' dir='ltr'><strong>καὶ</strong></span> <span class='ocrx_word' id='word_1_696' title='bbox 1172 4570 1435 4642; x_wconf 63' lang='grc' dir='ltr'>ἀχρόνως</span> <span class='ocrx_word' id='word_1_697' title='bbox 1474 4574 1562 4625; x_wconf 74' lang='grc' dir='ltr'><strong>ἐπ’</strong></span> <span class='ocrx_word' id='word_1_698' title='bbox 1598 4548 1842 4645; x_wconf 84' lang='grc' dir='ltr'>ἐσχάτων</span> <span class='ocrx_word' id='word_1_699' title='bbox 1872 4548 1929 4629; x_wconf 83' lang='grc' dir='ltr'><strong>δὲ</strong></span> <span class='ocrx_word' id='word_1_700' title='bbox 1946 4548 2054 4629; x_wconf 27' lang='grc' dir='ltr'>*τῶι</span> 
     </span>
    </p>
   </div>
   <div class='ocr_carea' id='block_1_90' title="bbox 2159 4548 3755 4645">
    <p class='ocr_par' dir='ltr' id='par_1_90' title="bbox 2172 4548 3755 4634">
     <span class='ocr_line' id='line_1_90' title="bbox 2172 4548 3755 4634; baseline -0.016 -8"><span class='ocrx_word' id='word_1_701' title='bbox 2172 4571 2410 4634; x_wconf 83' lang='lat' dir='ltr'><strong>faceret,</strong></span> <span class='ocrx_word' id='word_1_702' title='bbox 2454 4580 2579 4621; x_wconf 90' lang='lat' dir='ltr'><strong>cum</strong></span> <span class='ocrx_word' id='word_1_703' title='bbox 2622 4560 2981 4619; x_wconf 86' lang='lat' dir='ltr'><strong>nihilominus</strong></span> <span class='ocrx_word' id='word_1_704' title='bbox 3015 4556 3287 4627; x_wconf 84' lang='lat' dir='ltr'><strong>perfectus</strong></span> <span class='ocrx_word' id='word_1_705' title='bbox 3324 4560 3472 4607; x_wconf 89' lang='lat' dir='ltr'><strong>esset</strong></span> <span class='ocrx_word' id='word_1_706' title='bbox 3507 4548 3652 4603; x_wconf 90' lang='lat' dir='ltr'><strong>Deus</strong></span> <span class='ocrx_word' id='word_1_707' title='bbox 3677 4586 3695 4610; x_wconf 87' lang='lat'><strong>,</strong></span> <span class='ocrx_word' id='word_1_708' title='bbox 3724 4562 3755 4600; x_wconf 92' lang='lat' dir='ltr'><strong>a</strong></span> 
     </span>
    </p>
   </div>
   <div class='ocr_carea' id='block_1_91' title="bbox 471 4661 2061 4736">
    <p class='ocr_par' dir='ltr' id='par_1_91' title="bbox 471 4661 2061 4736">
     <span class='ocr_line' id='line_1_91' title="bbox 471 4661 2061 4736; baseline 0.005 -21"><span class='ocrx_word' id='word_1_709' title='bbox 471 4664 697 4735; x_wconf 81' lang='grc' dir='ltr'>ἡμερῶν</span> <span class='ocrx_word' id='word_1_710' title='bbox 737 4664 795 4716; x_wconf 80' lang='grc' dir='ltr'>ἐν</span> <span class='ocrx_word' id='word_1_711' title='bbox 844 4664 1055 4735; x_wconf 14' lang='grc' dir='ltr'>μήτρας</span> <span class='ocrx_word' id='word_1_712' title='bbox 1082 4661 1351 4734; x_wconf 85' lang='grc' dir='ltr'>παρθένου</span> <span class='ocrx_word' id='word_1_713' title='bbox 1396 4664 1651 4732; x_wconf 86' lang='grc' dir='ltr'>γενέσθαι</span> <span class='ocrx_word' id='word_1_714' title='bbox 1698 4667 2061 4736; x_wconf 87' lang='grc' dir='ltr'>καταξιώσας,</span> 
     </span>
    </p>
   </div>
   <div class='ocr_carea' id='block_1_92' title="bbox 473 4754 2066 4831">
    <p class='ocr_par' dir='ltr' id='par_1_92' title="bbox 473 4754 2066 4831">
     <span class='ocr_line' id='line_1_92' title="bbox 473 4754 2066 4831; baseline 0.003 -21"><span class='ocrx_word' id='word_1_715' title='bbox 473 4759 553 4821; x_wconf 86' lang='grc' dir='ltr'><strong>είς</strong></span> <span class='ocrx_word' id='word_1_716' title='bbox 574 4755 765 4809; x_wconf 78' lang='grc' dir='ltr'>ἑαυτόν</span> <span class='ocrx_word' id='word_1_717' title='bbox 784 4772 845 4807; x_wconf 88' lang='grc' dir='ltr'><strong>τε</strong></span> <span class='ocrx_word' id='word_1_718' title='bbox 878 4754 1036 4825; x_wconf 84' lang='grc' dir='ltr'>σῶμα</span> <span class='ocrx_word' id='word_1_719' title='bbox 1067 4754 1543 4825; x_wconf 85' lang='grc' dir='ltr'>ἁναπλασάμενος,</span> <span class='ocrx_word' id='word_1_720' title='bbox 1579 4758 1673 4810; x_wconf 74' lang='grc' dir='ltr'><strong>καὶ</strong></span> <span class='ocrx_word' id='word_1_721' title='bbox 1700 4760 1980 4831; x_wconf 77' lang='grc' dir='ltr'>γεννηθεὶς</span> <span class='ocrx_word' id='word_1_722' title='bbox 2008 4763 2066 4815; x_wconf 84' lang='grc' dir='ltr'>ὲν</span> 
     </span>
    </p>
   </div>
   <div class='ocr_carea' id='block_1_93' title="bbox 473 4850 2061 4927">
    <p class='ocr_par' dir='ltr' id='par_1_93' title="bbox 473 4850 2061 4927">
     <span class='ocr_line' id='line_1_93' title="bbox 473 4850 2061 4927; baseline 0.003 -23"><span class='ocrx_word' id='word_1_723' title='bbox 473 4850 721 4923; x_wconf 80' lang='grc' dir='ltr'>ἀληθείᾳ,</span> <span class='ocrx_word' id='word_1_724' title='bbox 744 4852 838 4904; x_wconf 81' lang='grc' dir='ltr'>καὶ</span> <span class='ocrx_word' id='word_1_725' title='bbox 860 4850 1287 4922; x_wconf 82' lang='grc' dir='ltr'>ὲνανθρωπήσας</span> <span class='ocrx_word' id='word_1_726' title='bbox 1315 4853 1373 4905; x_wconf 84' lang='grc' dir='ltr'><strong>ὲν</strong></span> <span class='ocrx_word' id='word_1_727' title='bbox 1404 4852 1710 4922; x_wconf 82' lang='grc' dir='ltr'>βεϐαιώσει,</span> <span class='ocrx_word' id='word_1_728' title='bbox 1740 4855 1824 4907; x_wconf 78' lang='grc' dir='ltr'><strong>ἵνα</strong></span> <span class='ocrx_word' id='word_1_729' title='bbox 1845 4856 1903 4910; x_wconf 81' lang='grc' dir='ltr'>ἐν</span> <span class='ocrx_word' id='word_1_730' title='bbox 1924 4856 2061 4927; x_wconf 84' lang='grc' dir='ltr'>αὐτῇ</span> 
     </span>
    </p>
   </div>
   <div class='ocr_carea' id='block_1_94' title="bbox 476 4942 2064 5016">
    <p class='ocr_par' dir='ltr' id='par_1_94' title="bbox 476 4942 2064 5016">
     <span class='ocr_line' id='line_1_94' title="bbox 476 4942 2064 5016; baseline 0.001 -21"><span class='ocrx_word' id='word_1_731' title='bbox 476 4943 622 5015; x_wconf 78' lang='grc' dir='ltr'>πάθῃ</span> <span class='ocrx_word' id='word_1_732' title='bbox 656 4943 797 5013; x_wconf 85' lang='grc' dir='ltr'>ὑπὲρ</span> <span class='ocrx_word' id='word_1_733' title='bbox 826 4942 983 5012; x_wconf 81' lang='grc' dir='ltr'>ἡμῶν</span> <span class='ocrx_word' id='word_1_734' title='bbox 1016 4944 1082 5012; x_wconf 82' lang='grc' dir='ltr'>τῇ</span> <span class='ocrx_word' id='word_1_735' title='bbox 1120 4942 1306 5011; x_wconf 73' lang='grc' dir='ltr'>σαρκὶ,</span> <span class='ocrx_word' id='word_1_736' title='bbox 1345 4943 1441 4996; x_wconf 71' lang='grc' dir='ltr'>καὶ</span> <span class='ocrx_word' id='word_1_737' title='bbox 1468 4943 1568 5015; x_wconf 79' lang='grc' dir='ltr'><strong>τὴν</strong></span> <span class='ocrx_word' id='word_1_738' title='bbox 1609 4942 1788 5015; x_wconf 72' lang='grc' dir='ltr'>ψυχὴν</span> <span class='ocrx_word' id='word_1_739' title='bbox 1821 4943 1894 5016; x_wconf 81' lang='grc' dir='ltr'>δῷ</span> <span class='ocrx_word' id='word_1_740' title='bbox 1923 4944 2064 5016; x_wconf 83' lang='grc' dir='ltr'>ὑπὲρ</span> 
     </span>
    </p>
   </div>
   <div class='ocr_carea' id='block_1_95' title="bbox 474 5034 2060 5106">
    <p class='ocr_par' dir='ltr' id='par_1_95' title="bbox 474 5034 2060 5106">
     <span class='ocr_line' id='line_1_95' title="bbox 474 5034 2060 5106; baseline 0.002 -18"><span class='ocrx_word' id='word_1_741' title='bbox 474 5036 583 5089; x_wconf 84' lang='grc' dir='ltr'><strong>τῶν</strong></span> <span class='ocrx_word' id='word_1_742' title='bbox 636 5035 782 5088; x_wconf 88' lang='grc' dir='ltr'>ἰδίων</span> <span class='ocrx_word' id='word_1_743' title='bbox 842 5034 1149 5105; x_wconf 79' lang='grc' dir='ltr'>προϐάτων·</span> <span class='ocrx_word' id='word_1_744' title='bbox 1212 5035 1288 5097; x_wconf 82' lang='grc' dir='ltr'>ὡς</span> <span class='ocrx_word' id='word_1_745' title='bbox 1336 5035 1547 5105; x_wconf 71' lang='grc' dir='ltr'>ἐλέγχει</span> <span class='ocrx_word' id='word_1_746' title='bbox 1599 5038 1821 5100; x_wconf 80' lang='grc' dir='ltr'>τούτους</span> <span class='ocrx_word' id='word_1_747' title='bbox 1868 5037 2060 5106; x_wconf 73' lang='grc' dir='ltr'>λέγων’</span> 
     </span>
    </p>
   </div>
   <div class='ocr_carea' id='block_1_96' title="bbox 475 5128 2066 5198">
    <p class='ocr_par' dir='ltr' id='par_1_96' title="bbox 475 5128 2066 5198">
     <span class='ocr_line' id='line_1_96' title="bbox 475 5128 2066 5198; baseline 0 -15"><span class='ocrx_word' id='word_1_748' title='bbox 475 5129 631 5183; x_wconf 88' lang='grc' dir='ltr'>Ἰδοὺ</span> <span class='ocrx_word' id='word_1_749' title='bbox 677 5129 1077 5196; x_wconf 78' lang='grc' dir='ltr'>ἀναϐαίνομεν</span> <span class='ocrx_word' id='word_1_750' title='bbox 1120 5130 1207 5192; x_wconf 86' lang='grc' dir='ltr'>εὶς</span> <span class='ocrx_word' id='word_1_751' title='bbox 1265 5128 1679 5198; x_wconf 78' lang='grc' dir='ltr'>Ἰεροσόλυμα,</span> <span class='ocrx_word' id='word_1_752' title='bbox 1710 5130 1809 5182; x_wconf 79' lang='grc' dir='ltr'>καὶ</span> <span class='ocrx_word' id='word_1_753' title='bbox 1848 5132 1881 5183; x_wconf 83' lang='grc' dir='ltr'><strong>ό</strong></span> <span class='ocrx_word' id='word_1_754' title='bbox 1932 5129 2066 5197; x_wconf 79' lang='grc' dir='ltr'><strong>Υἱὸς</strong></span> 
     </span>
    </p>
   </div>
   <div class='ocr_carea' id='block_1_97' title="bbox 476 5219 2070 5290">
    <p class='ocr_par' dir='ltr' id='par_1_97' title="bbox 476 5219 2070 5290">
     <span class='ocr_line' id='line_1_97' title="bbox 476 5219 2070 5290; baseline 0 -14"><span class='ocrx_word' id='word_1_755' title='bbox 476 5222 582 5276; x_wconf 81' lang='grc' dir='ltr'><strong>τοῦ</strong></span> <span class='ocrx_word' id='word_1_756' title='bbox 606 5220 923 5289; x_wconf 82' lang='grc' dir='ltr'>ἀνθρώπου</span> <span class='ocrx_word' id='word_1_757' title='bbox 946 5219 1429 5288; x_wconf 75' lang='grc' dir='ltr'>παραδοθήσεται</span> <span class='ocrx_word' id='word_1_758' title='bbox 1450 5262 1462 5282; x_wconf 87' lang='grc'><strong>,</strong></span> <span class='ocrx_word' id='word_1_759' title='bbox 1488 5223 1585 5275; x_wconf 78' lang='grc' dir='ltr'>καὶ</span> <span class='ocrx_word' id='word_1_760' title='bbox 1614 5222 2070 5290; x_wconf 78' lang='grc' dir='ltr'>ἀποκτανθήσε-</span> 
     </span>
    </p>
   </div>
   <div class='ocr_carea' id='block_1_98' title="bbox 475 5310 2066 5381">
    <p class='ocr_par' dir='ltr' id='par_1_98' title="bbox 475 5310 2066 5381">
     <span class='ocr_line' id='line_1_98' title="bbox 475 5310 2066 5381; baseline 0.001 -14"><span class='ocrx_word' id='word_1_761' title='bbox 475 5331 592 5375; x_wconf 82' lang='grc' dir='ltr'>ται,</span> <span class='ocrx_word' id='word_1_762' title='bbox 644 5313 744 5367; x_wconf 76' lang='grc' dir='ltr'>καὶ</span> <span class='ocrx_word' id='word_1_763' title='bbox 791 5311 865 5381; x_wconf 79' lang='grc' dir='ltr'><strong>τῇ</strong></span> <span class='ocrx_word' id='word_1_764' title='bbox 912 5312 1080 5380; x_wconf 78' lang='grc' dir='ltr'>τρίτῃ</span> <span class='ocrx_word' id='word_1_765' title='bbox 1129 5312 1325 5381; x_wconf 67' lang='grc' dir='ltr'>ἡμέρᾳ</span> <span class='ocrx_word' id='word_1_766' title='bbox 1365 5310 1794 5379; x_wconf 69' lang='grc' dir='ltr'>ἀναστήσεται.</span> <span class='ocrx_word' id='word_1_767' title='bbox 1837 5315 1962 5377; x_wconf 85' lang='grc' dir='ltr'>Τοῖς</span> <span class='ocrx_word' id='word_1_768' title='bbox 2005 5332 2066 5368; x_wconf 88' lang='grc' dir='ltr'><strong>τε</strong></span> 
     </span>
    </p>
   </div>
   <div class='ocr_carea' id='block_1_99' title="bbox 478 5406 2069 5475">
    <p class='ocr_par' dir='ltr' id='par_1_99' title="bbox 478 5406 2069 5475">
     <span class='ocr_line' id='line_1_99' title="bbox 478 5406 2069 5475; baseline 0.001 -16"><span class='ocrx_word' id='word_1_769' title='bbox 478 5410 614 5470; x_wconf 82' lang='grc' dir='ltr'>υἱοῖς</span> <span class='ocrx_word' id='word_1_770' title='bbox 640 5406 926 5461; x_wconf 86' lang='grc' dir='ltr'>Ζεϐεδαίου</span> <span class='ocrx_word' id='word_1_771' title='bbox 959 5407 1159 5474; x_wconf 75' lang='grc' dir='ltr'><strong>φήσας⁹</strong></span> <span class='ocrx_word' id='word_1_772' title='bbox 1190 5407 1463 5459; x_wconf 86' lang='grc' dir='ltr'>Δύνασθε</span> <span class='ocrx_word' id='word_1_773' title='bbox 1496 5406 1655 5459; x_wconf 83' lang='grc' dir='ltr'>πιεῖν</span> <span class='ocrx_word' id='word_1_774' title='bbox 1687 5406 1754 5461; x_wconf 84' lang='grc' dir='ltr'><strong>τὸ</strong></span> <span class='ocrx_word' id='word_1_775' title='bbox 1780 5406 2069 5475; x_wconf 79' lang='grc' dir='ltr'>ποτήριον</span> 
     </span>
    </p>
   </div>
   <div class='ocr_carea' id='block_1_100' title="bbox 478 5494 2064 5569">
    <p class='ocr_par' dir='ltr' id='par_1_100' title="bbox 478 5494 2064 5569">
     <span class='ocr_line' id='line_1_100' title="bbox 478 5494 2064 5569; baseline -0.002 -16"><span class='ocrx_word' id='word_1_776' title='bbox 478 5499 510 5553; x_wconf 86' lang='grc' dir='ltr'><em>ὃ</em></span> <span class='ocrx_word' id='word_1_777' title='bbox 536 5497 740 5569; x_wconf 77' lang='grc' dir='ltr'>μέλλω</span> <span class='ocrx_word' id='word_1_778' title='bbox 767 5498 984 5550; x_wconf 70' lang='grc' dir='ltr'>πίνεινσ</span> <span class='ocrx_word' id='word_1_779' title='bbox 1016 5496 1090 5559; x_wconf 88' lang='grc' dir='ltr'>ὼς</span> <span class='ocrx_word' id='word_1_780' title='bbox 1122 5496 1216 5548; x_wconf 74' lang='grc' dir='ltr'><strong>καὶ</strong></span> <span class='ocrx_word' id='word_1_781' title='bbox 1245 5497 1272 5546; x_wconf 86' lang='grc' dir='ltr'>ὁ</span> <span class='ocrx_word' id='word_1_782' title='bbox 1311 5494 1607 5557; x_wconf 75' lang='grc' dir='ltr'>ἀπόστολος</span> <span class='ocrx_word' id='word_1_783' title='bbox 1650 5496 1801 5565; x_wconf 86' lang='grc' dir='ltr'>λέγει</span> <span class='ocrx_word' id='word_1_784' title='bbox 1842 5498 2064 5568; x_wconf 87' lang='grc' dir='ltr'>Πέτρος·</span> 
     </span>
    </p>
   </div>
   <div class='ocr_carea' id='block_1_101' title="bbox 485 5585 2069 5659">
    <p class='ocr_par' dir='ltr' id='par_1_101' title="bbox 485 5585 2069 5659">
     <span class='ocr_line' id='line_1_101' title="bbox 485 5585 2069 5659; baseline -0.003 -14"><span class='ocrx_word' id='word_1_785' title='bbox 485 5590 851 5654; x_wconf 80' lang='grc' dir='ltr'>Θανατωθείς</span> <span class='ocrx_word' id='word_1_786' title='bbox 883 5588 1088 5656; x_wconf 79' lang='grc' dir='ltr'>σαρκί,</span> <span class='ocrx_word' id='word_1_787' title='bbox 1118 5585 1492 5654; x_wconf 81' lang='grc' dir='ltr'>ζωοποιηθεὶς</span> <span class='ocrx_word' id='word_1_788' title='bbox 1524 5587 1593 5640; x_wconf 82' lang='grc' dir='ltr'>δὲ</span> <span class='ocrx_word' id='word_1_789' title='bbox 1619 5590 1927 5659; x_wconf 74' lang='grc' dir='ltr'>πνεύματι.</span> <span class='ocrx_word' id='word_1_790' title='bbox 1963 5592 2069 5642; x_wconf 80' lang='grc' dir='ltr'><strong>Καὶ</strong></span> 
     </span>
    </p>
   </div>
   <div class='ocr_carea' id='block_1_102' title="bbox 490 5679 2069 5749">
    <p class='ocr_par' dir='ltr' id='par_1_102' title="bbox 490 5679 2069 5749">
     <span class='ocr_line' id='line_1_102' title="bbox 490 5679 2069 5749; baseline -0.002 -12"><span class='ocrx_word' id='word_1_791' title='bbox 490 5684 661 5739; x_wconf 71' lang='grc' dir='ltr'>πάλιν·</span> <span class='ocrx_word' id='word_1_792' title='bbox 722 5685 827 5747; x_wconf 88' lang='grc' dir='ltr'>Ὃς</span> <span class='ocrx_word' id='word_1_793' title='bbox 868 5681 1092 5735; x_wconf 77' lang='grc' dir='ltr'>ἔπαθεν</span> <span class='ocrx_word' id='word_1_794' title='bbox 1136 5679 1289 5748; x_wconf 80' lang='grc' dir='ltr'>ὑπὲρ</span> <span class='ocrx_word' id='word_1_795' title='bbox 1338 5679 1510 5749; x_wconf 71' lang='grc' dir='ltr'>ἡμῶν</span> <span class='ocrx_word' id='word_1_796' title='bbox 1552 5682 1753 5749; x_wconf 71' lang='grc' dir='ltr'><strong>σαρκί⁸</strong></span> <span class='ocrx_word' id='word_1_797' title='bbox 1805 5681 1966 5735; x_wconf 84' lang='grc' dir='ltr'>πάλιν</span> <span class='ocrx_word' id='word_1_798' title='bbox 2013 5683 2069 5735; x_wconf 77' lang='grc' dir='ltr'>δὲ</span> 
     </span>
    </p>
   </div>
   <div class='ocr_carea' id='block_1_103' title="bbox 1757 5866 2054 5923">
    <p class='ocr_par' dir='ltr' id='par_1_103' title="bbox 1757 5866 2054 5923">
     <span class='ocr_line' id='line_1_103' title="bbox 1757 5866 2054 5923; baseline -0.017 0"><span class='ocrx_word' id='word_1_799' title='bbox 1757 5869 1774 5899; x_wconf 86' lang='grc'>³</span> <span class='ocrx_word' id='word_1_800' title='bbox 1807 5866 1937 5923; x_wconf 79' lang='lat' dir='ltr'><strong>ibid.</strong></span> <span class='ocrx_word' id='word_1_801' title='bbox 1969 5866 2054 5920; x_wconf 71' lang='lat'><strong>‘22.</strong></span> 
     </span>
    </p>
   </div>
   <div class='ocr_carea' id='block_1_104' title="bbox 558 5867 1675 5941">
    <p class='ocr_par' dir='ltr' id='par_1_104' title="bbox 558 5867 1675 5941">
     <span class='ocr_line' id='line_1_104' title="bbox 558 5867 1675 5941; baseline 0 -17"><span class='ocrx_word' id='word_1_802' title='bbox 558 5871 575 5903; x_wconf 75' lang='grc'>⁸</span> <span class='ocrx_word' id='word_1_803' title='bbox 597 5870 659 5924; x_wconf 68' lang='grc' dir='ltr'><strong>Ρ.</strong></span> <span class='ocrx_word' id='word_1_804' title='bbox 691 5869 1112 5941; x_wconf 63' lang='grc' dir='ltr'>καταψηφὶξεις.</span> <span class='ocrx_word' id='word_1_805' title='bbox 1194 5870 1210 5899; x_wconf 86' lang='grc'>²</span> <span class='ocrx_word' id='word_1_806' title='bbox 1238 5867 1425 5925; x_wconf 74' lang='lat' dir='ltr'><strong>Matth.</strong></span> <span class='ocrx_word' id='word_1_807' title='bbox 1460 5888 1549 5937; x_wconf 77' lang='lat' dir='ltr'><strong>xx,</strong></span> <span class='ocrx_word' id='word_1_808' title='bbox 1595 5868 1675 5924; x_wconf 84' lang='lat' dir='ltr'><strong>l8.</strong></span> 
     </span>
    </p>
   </div>
   <div class='ocr_carea' id='block_1_105' title="bbox 2171 4642 3753 4731">
    <p class='ocr_par' dir='ltr' id='par_1_105' title="bbox 2171 4642 3753 4731">
     <span class='ocr_line' id='line_1_105' title="bbox 2171 4642 3753 4731; baseline -0.015 -15"><span class='ocrx_word' id='word_1_809' title='bbox 2171 4662 2333 4717; x_wconf 87' lang='lat' dir='ltr'><strong>Patre</strong></span> <span class='ocrx_word' id='word_1_810' title='bbox 2364 4655 2635 4731; x_wconf 81' lang='lat' dir='ltr'><strong>principio</strong></span> <span class='ocrx_word' id='word_1_811' title='bbox 2665 4655 2783 4710; x_wconf 91' lang='lat' dir='ltr'><strong>sine</strong></span> <span class='ocrx_word' id='word_1_812' title='bbox 2810 4652 2920 4706; x_wconf 92' lang='lat' dir='ltr'><strong>ullo</strong></span> <span class='ocrx_word' id='word_1_813' title='bbox 2948 4649 3106 4704; x_wconf 90' lang='lat' dir='ltr'><strong>initio</strong></span> <span class='ocrx_word' id='word_1_814' title='bbox 3132 4646 3213 4700; x_wconf 92' lang='lat' dir='ltr'><strong>vel</strong></span> <span class='ocrx_word' id='word_1_815' title='bbox 3241 4656 3486 4713; x_wconf 90' lang='lat' dir='ltr'><strong>tempore</strong></span> <span class='ocrx_word' id='word_1_816' title='bbox 3512 4642 3753 4711; x_wconf 82' lang='lat' dir='ltr'><strong>genitus.</strong></span> 
     </span>
    </p>
   </div>
   <div class='ocr_carea' id='block_1_106' title="bbox 2173 4732 3758 4824">
    <p class='ocr_par' dir='ltr' id='par_1_106' title="bbox 2173 4732 3758 4824">
     <span class='ocr_line' id='line_1_106' title="bbox 2173 4732 3758 4824; baseline -0.016 -15"><span class='ocrx_word' id='word_1_817' title='bbox 2173 4755 2275 4823; x_wconf 83' lang='lat' dir='ltr'><strong>Qui</strong></span> <span class='ocrx_word' id='word_1_818' title='bbox 2309 4751 2605 4824; x_wconf 90' lang='lat' dir='ltr'><strong>postremis</strong></span> <span class='ocrx_word' id='word_1_819' title='bbox 2633 4745 2975 4818; x_wconf 89' lang='lat' dir='ltr'><strong>temporibus</strong></span> <span class='ocrx_word' id='word_1_820' title='bbox 2997 4743 3050 4796; x_wconf 92' lang='lat' dir='ltr'><strong>in</strong></span> <span class='ocrx_word' id='word_1_821' title='bbox 3089 4739 3314 4811; x_wconf 78' lang='lat' dir='ltr'><strong>virginis</strong></span> <span class='ocrx_word' id='word_1_822' title='bbox 3346 4746 3501 4791; x_wconf 82' lang='lat' dir='ltr'><strong>utero</strong></span> <span class='ocrx_word' id='word_1_823' title='bbox 3530 4732 3758 4788; x_wconf 88' lang='lat' dir='ltr'><strong>formari</strong></span> 
     </span>
    </p>
   </div>
   <div class='ocr_carea' id='block_1_107' title="bbox 2166 4824 3760 4913">
    <p class='ocr_par' dir='ltr' id='par_1_107' title="bbox 2166 4824 3760 4913">
     <span class='ocr_line' id='line_1_107' title="bbox 2166 4824 3760 4913; baseline -0.019 -10"><span class='ocrx_word' id='word_1_824' title='bbox 2166 4847 2366 4910; x_wconf 90' lang='lat' dir='ltr'><strong>voluit,</strong></span> <span class='ocrx_word' id='word_1_825' title='bbox 2391 4844 2604 4913; x_wconf 88' lang='lat' dir='ltr'><strong>sibique</strong></span> <span class='ocrx_word' id='word_1_826' title='bbox 2626 4853 2828 4910; x_wconf 87' lang='lat' dir='ltr'><strong>corpus</strong></span> <span class='ocrx_word' id='word_1_827' title='bbox 2849 4832 3077 4896; x_wconf 78' lang='lat' dir='ltr'><strong>eﬂinxit,</strong></span> <span class='ocrx_word' id='word_1_828' title='bbox 3118 4845 3183 4883; x_wconf 88' lang='lat' dir='ltr'><strong>ac</strong></span> <span class='ocrx_word' id='word_1_829' title='bbox 3220 4842 3405 4883; x_wconf 90' lang='lat' dir='ltr'><strong>revera</strong></span> <span class='ocrx_word' id='word_1_830' title='bbox 3435 4824 3675 4895; x_wconf 70' lang='lat' dir='ltr'><strong>genitus,</strong></span> <span class='ocrx_word' id='word_1_831' title='bbox 3703 4830 3760 4875; x_wconf 92' lang='lat' dir='ltr'><strong>et</strong></span> 
     </span>
    </p>
   </div>
   <div class='ocr_carea' id='block_1_108' title="bbox 2168 4918 3759 4996">
    <p class='ocr_par' dir='ltr' id='par_1_108' title="bbox 2168 4918 3759 4996">
     <span class='ocr_line' id='line_1_108' title="bbox 2168 4918 3759 4996; baseline -0.018 -2"><span class='ocrx_word' id='word_1_832' title='bbox 2168 4938 2334 4995; x_wconf 76' lang='lat' dir='ltr'><strong>hom‘o</strong></span> <span class='ocrx_word' id='word_1_833' title='bbox 2362 4938 2481 4993; x_wconf 91' lang='lat' dir='ltr'><strong>sine</strong></span> <span class='ocrx_word' id='word_1_834' title='bbox 2504 4935 2617 4990; x_wconf 92' lang='lat' dir='ltr'><strong>ullo</strong></span> <span class='ocrx_word' id='word_1_835' title='bbox 2636 4930 2963 4996; x_wconf 65' lang='lat' dir='ltr'><strong>fucojfactus</strong></span> <span class='ocrx_word' id='word_1_836' title='bbox 2980 4933 3085 4989; x_wconf 87' lang='lat' dir='ltr'><strong>est,</strong></span> <span class='ocrx_word' id='word_1_837' title='bbox 3112 4922 3190 4977; x_wconf 86' lang='lat' dir='ltr'><strong>uti</strong></span> <span class='ocrx_word' id='word_1_838' title='bbox 3214 4934 3404 4993; x_wconf 64' lang='lat' dir='ltr'><strong>poenas</strong></span> <span class='ocrx_word' id='word_1_839' title='bbox 3427 4918 3481 4971; x_wconf 91' lang='lat' dir='ltr'><strong>in</strong></span> <span class='ocrx_word' id='word_1_840' title='bbox 3501 4932 3565 4969; x_wconf 84' lang='lat' dir='ltr'><strong>ea</strong></span> <span class='ocrx_word' id='word_1_841' title='bbox 3594 4928 3759 4984; x_wconf 84' lang='lat' dir='ltr'><strong>quam</strong></span> 
     </span>
    </p>
   </div>
   <div class='ocr_carea' id='block_1_109' title="bbox 2169 5013 3761 5101">
    <p class='ocr_par' dir='ltr' id='par_1_109' title="bbox 2169 5013 3761 5101">
     <span class='ocr_line' id='line_1_109' title="bbox 2169 5013 3761 5101; baseline -0.019 -12"><span class='ocrx_word' id='word_1_842' title='bbox 2169 5038 2489 5101; x_wconf 86' lang='lat' dir='ltr'><strong>susceperat</strong></span> <span class='ocrx_word' id='word_1_843' title='bbox 2536 5040 2702 5083; x_wconf 90' lang='lat' dir='ltr'><strong>carne</strong></span> <span class='ocrx_word' id='word_1_844' title='bbox 2748 5037 2848 5093; x_wconf 92' lang='lat' dir='ltr'><strong>pro</strong></span> <span class='ocrx_word' id='word_1_845' title='bbox 2905 5018 3066 5074; x_wconf 90' lang='lat' dir='ltr'><strong>nobis</strong></span> <span class='ocrx_word' id='word_1_846' title='bbox 3114 5013 3488 5083; x_wconf 83' lang='lat' dir='ltr'><strong>experiretur,</strong></span> <span class='ocrx_word' id='word_1_847' title='bbox 3546 5021 3611 5060; x_wconf 88' lang='lat' dir='ltr'><strong>ac</strong></span> <span class='ocrx_word' id='word_1_848' title='bbox 3658 5020 3761 5076; x_wconf 91' lang='lat' dir='ltr'><strong>pro</strong></span> 
     </span>
    </p>
   </div>
   <div class='ocr_carea' id='block_1_110' title="bbox 2167 5095 3763 5177">
    <p class='ocr_par' dir='ltr' id='par_1_110' title="bbox 2167 5095 3763 5177">
     <span class='ocr_line' id='line_1_110' title="bbox 2167 5095 3763 5177; baseline -0.017 0"><span class='ocrx_word' id='word_1_849' title='bbox 2167 5095 2365 5177; x_wconf 74' lang='lat' dir='ltr'><strong>ovibus</strong></span> <span class='ocrx_word' id='word_1_850' title='bbox 2394 5121 2511 5175; x_wconf 90' lang='lat' dir='ltr'><strong>suis</strong></span> <span class='ocrx_word' id='word_1_851' title='bbox 2535 5118 2777 5173; x_wconf 86' lang='lat' dir='ltr'><strong>animam</strong></span> <span class='ocrx_word' id='word_1_852' title='bbox 2808 5106 3158 5166; x_wconf 87' lang='lat' dir='ltr'><strong>traderet.-ln</strong></span> <span class='ocrx_word' id='word_1_853' title='bbox 3182 5118 3290 5174; x_wconf 91' lang='lat' dir='ltr'><strong>quo</strong></span> <span class='ocrx_word' id='word_1_854' title='bbox 3319 5098 3605 5154; x_wconf 69' lang='lat' dir='ltr'><strong>haereticos</strong></span> <span class='ocrx_word' id='word_1_855' title='bbox 3635 5095 3763 5150; x_wconf 91' lang='lat' dir='ltr'><strong>illos</strong></span> 
     </span>
    </p>
   </div>
   <div class='ocr_carea' id='block_1_111' title="bbox 2169 5188 3762 5291">
    <p class='ocr_par' dir='ltr' id='par_1_111' title="bbox 2169 5188 3762 5291">
     <span class='ocr_line' id='line_1_111' title="bbox 2169 5188 3762 5291; baseline -0.021 -16"><span class='ocrx_word' id='word_1_856' title='bbox 2169 5215 2463 5291; x_wconf 87' lang='lat' dir='ltr'><strong>perspicue</strong></span> <span class='ocrx_word' id='word_1_857' title='bbox 2490 5211 2690 5268; x_wconf 83' lang='lat' dir='ltr'><strong>refellit</strong></span> <span class='ocrx_word' id='word_1_858' title='bbox 2735 5208 2864 5260; x_wconf 87' lang='lat' dir='ltr'><strong>dum</strong></span> <span class='ocrx_word' id='word_1_859' title='bbox 2910 5204 2983 5257; x_wconf 90' lang='lat' dir='ltr'><strong>ita</strong></span> <span class='ocrx_word' id='word_1_860' title='bbox 3021 5199 3265 5269; x_wconf 89' lang='lat' dir='ltr'><strong>loquitur</strong></span> <span class='ocrx_word' id='word_1_861' title='bbox 3297 5214 3310 5248; x_wconf 94' lang='lat'>:</span> <span class='ocrx_word' id='word_1_862' title='bbox 3350 5193 3486 5246; x_wconf 77' lang='lat' dir='ltr'><strong>Ecce</strong></span> <span class='ocrx_word' id='word_1_863' title='bbox 3525 5188 3762 5244; x_wconf 85' lang='lat' dir='ltr'><strong>ascendi-</strong></span> 
     </span>
    </p>
   </div>
   <div class='ocr_carea' id='block_1_112' title="bbox 2170 5282 3761 5373">
    <p class='ocr_par' dir='ltr' id='par_1_112' title="bbox 2170 5282 3761 5373">
     <span class='ocr_line' id='line_1_112' title="bbox 2170 5282 3761 5373; baseline -0.02 -7"><span class='ocrx_word' id='word_1_864' title='bbox 2170 5282 2285 5366; x_wconf 64' lang='lat' dir='ltr'><strong>inus</strong></span> <span class='ocrx_word' id='word_1_865' title='bbox 2304 5282 2771 5373; x_wconf 42' lang='lat' dir='ltr'><strong>dlicrosolymam</strong></span> <span class='ocrx_word' id='word_1_866' title='bbox 2792 5339 2807 5363; x_wconf 92' lang='lat'><strong>,</strong></span> <span class='ocrx_word' id='word_1_867' title='bbox 2849 5306 2899 5351; x_wconf 84' lang='lat' dir='ltr'><strong>et</strong></span> <span class='ocrx_word' id='word_1_868' title='bbox 2931 5292 3107 5347; x_wconf 82' lang='lat' dir='ltr'><strong>Filius</strong></span> <span class='ocrx_word' id='word_1_869' title='bbox 3135 5286 3363 5342; x_wconf 80' lang='lat' dir='ltr'><strong>hominis</strong></span> <span class='ocrx_word' id='word_1_870' title='bbox 3417 5282 3679 5345; x_wconf 82' lang='lat' dir='ltr'><strong>tradetur,</strong></span> <span class='ocrx_word' id='word_1_871' title='bbox 3708 5291 3761 5337; x_wconf 82' lang='lat' dir='ltr'><strong>et</strong></span> 
     </span>
    </p>
   </div>
   <div class='ocr_carea' id='block_1_113' title="bbox 2170 5379 3759 5467">
    <p class='ocr_par' dir='ltr' id='par_1_113' title="bbox 2170 5379 3759 5467">
     <span class='ocr_line' id='line_1_113' title="bbox 2170 5379 3759 5467; baseline -0.02 -8"><span class='ocrx_word' id='word_1_872' title='bbox 2170 5404 2459 5466; x_wconf 81' lang='lat' dir='ltr'><strong>occidetur,</strong></span> <span class='ocrx_word' id='word_1_873' title='bbox 2474 5410 2521 5453; x_wconf 88' lang='lat' dir='ltr'><strong>et</strong></span> <span class='ocrx_word' id='word_1_874' title='bbox 2538 5396 2645 5467; x_wconf 80' lang='lat'><strong>75</strong></span> <span class='ocrx_word' id='word_1_875' title='bbox 2665 5394 2823 5449; x_wconf 87' lang='lat' dir='ltr'><strong>tertia</strong></span> <span class='ocrx_word' id='word_1_876' title='bbox 2837 5388 3170 5457; x_wconf 44' lang='lat' dir='ltr'><strong>dielresurget</strong></span> <span class='ocrx_word' id='word_1_877' title='bbox 3184 5386 3226 5438; x_wconf 79' lang='grc'><strong><em>³.</em></strong></span> <span class='ocrx_word' id='word_1_878' title='bbox 3240 5380 3379 5435; x_wconf 92' lang='lat' dir='ltr'><strong>Tum</strong></span> <span class='ocrx_word' id='word_1_879' title='bbox 3395 5379 3620 5447; x_wconf 88' lang='lat' dir='ltr'><strong>insuper</strong></span> <span class='ocrx_word' id='word_1_880' title='bbox 3634 5391 3759 5430; x_wconf 91' lang='lat' dir='ltr'><strong>cum</strong></span> 
     </span>
    </p>
   </div>
   <div class='ocr_carea' id='block_1_114' title="bbox 2172 5474 3764 5551">
    <p class='ocr_par' dir='ltr' id='par_1_114' title="bbox 2172 5474 3764 5551">
     <span class='ocr_line' id='line_1_114' title="bbox 2172 5474 3764 5551; baseline -0.021 1"><span class='ocrx_word' id='word_1_881' title='bbox 2172 5495 2419 5551; x_wconf 66' lang='lat' dir='ltr'><strong>Zebedtei</strong></span> <span class='ocrx_word' id='word_1_882' title='bbox 2460 5492 2584 5546; x_wconf 84' lang='lat' dir='ltr'><strong>filiis</strong></span> <span class='ocrx_word' id='word_1_883' title='bbox 2610 5490 2686 5543; x_wconf 86' lang='lat' dir='ltr'><strong>ait</strong></span> <span class='ocrx_word' id='word_1_884' title='bbox 2731 5506 2742 5539; x_wconf 92' lang='lat'>:</span> <span class='ocrx_word' id='word_1_885' title='bbox 2783 5482 3007 5539; x_wconf 79' lang='lat' dir='ltr'><strong>Potestis</strong></span> <span class='ocrx_word' id='word_1_886' title='bbox 3038 5478 3210 5531; x_wconf 83' lang='lat' dir='ltr'><strong>bibere</strong></span> <span class='ocrx_word' id='word_1_887' title='bbox 3240 5474 3457 5528; x_wconf 83' lang='lat' dir='ltr'><strong>calicem</strong></span> <span class='ocrx_word' id='word_1_888' title='bbox 3488 5486 3639 5540; x_wconf 87' lang='lat' dir='ltr'><strong>quem</strong></span> <span class='ocrx_word' id='word_1_889' title='bbox 3668 5485 3764 5539; x_wconf 86' lang='lat' dir='ltr'><strong>ego</strong></span> 
     </span>
    </p>
   </div>
   <div class='ocr_carea' id='block_1_115' title="bbox 2175 5563 3763 5646">
    <p class='ocr_par' dir='ltr' id='par_1_115' title="bbox 2175 5563 3763 5646">
     <span class='ocr_line' id='line_1_115' title="bbox 2175 5563 3763 5646; baseline -0.019 -3"><span class='ocrx_word' id='word_1_890' title='bbox 2175 5591 2436 5644; x_wconf 82' lang='lat' dir='ltr'><strong>bibiturus</strong></span> <span class='ocrx_word' id='word_1_891' title='bbox 2467 5600 2583 5637; x_wconf 85' lang='lat' dir='ltr'><strong>sum</strong></span> <span class='ocrx_word' id='word_1_892' title='bbox 2611 5583 2671 5635; x_wconf 82' lang='lat'><strong>&#39;?</strong></span> <span class='ocrx_word' id='word_1_893' title='bbox 2694 5580 2816 5646; x_wconf 85' lang='lat' dir='ltr'><strong>Quo</strong></span> <span class='ocrx_word' id='word_1_894' title='bbox 2846 5576 2934 5630; x_wconf 89' lang='lat' dir='ltr'><strong>illa</strong></span> <span class='ocrx_word' id='word_1_895' title='bbox 2962 5570 3194 5644; x_wconf 89' lang='lat' dir='ltr'><strong>apostoli</strong></span> <span class='ocrx_word' id='word_1_896' title='bbox 3225 5566 3371 5621; x_wconf 88' lang='lat' dir='ltr'><strong>Petri</strong></span> <span class='ocrx_word' id='word_1_897' title='bbox 3397 5563 3561 5618; x_wconf 82' lang='lat' dir='ltr'><strong>verba</strong></span> <span class='ocrx_word' id='word_1_898' title='bbox 3596 5563 3763 5633; x_wconf 89' lang='lat' dir='ltr'><strong>perti-</strong></span> 
     </span>
    </p>
   </div>
   <div class='ocr_carea' id='block_1_116' title="bbox 2175 5655 3761 5744">
    <p class='ocr_par' dir='ltr' id='par_1_116' title="bbox 2175 5655 3761 5744">
     <span class='ocr_line' id='line_1_116' title="bbox 2175 5655 3761 5744; baseline -0.016 -10"><span class='ocrx_word' id='word_1_899' title='bbox 2175 5687 2303 5735; x_wconf 91' lang='lat' dir='ltr'><strong>nent</strong></span> <span class='ocrx_word' id='word_1_900' title='bbox 2331 5698 2343 5733; x_wconf 87' lang='lat'><strong>:</strong></span> <span class='ocrx_word' id='word_1_901' title='bbox 2374 5674 2734 5744; x_wconf 79' lang='lat' dir='ltr'><strong>Mortiﬁcatus</strong></span> <span class='ocrx_word' id='word_1_902' title='bbox 2762 5684 2940 5734; x_wconf 85' lang='lat' dir='ltr'><strong>carne,</strong></span> <span class='ocrx_word' id='word_1_903' title='bbox 2962 5664 3257 5735; x_wconf 71' lang='lat' dir='ltr'><strong>viriﬁcatus</strong></span> <span class='ocrx_word' id='word_1_904' title='bbox 3302 5666 3480 5714; x_wconf 80' lang='lat' dir='ltr'><strong>autent</strong></span> <span class='ocrx_word' id='word_1_905' title='bbox 3502 5655 3696 5727; x_wconf 76' lang='lat' dir='ltr'><strong>spiritu</strong></span> <span class='ocrx_word' id='word_1_906' title='bbox 3716 5659 3761 5708; x_wconf 70' lang='grc' dir='ltr'><strong>δ.</strong></span> 
     </span>
    </p>
   </div>
   <div class='ocr_carea' id='block_1_117' title="bbox 2139 5854 2613 5918">
    <p class='ocr_par' dir='ltr' id='par_1_117' title="bbox 2139 5854 2613 5918">
     <span class='ocr_line' id='line_1_117' title="bbox 2139 5854 2613 5918; baseline -0.021 1"><span class='ocrx_word' id='word_1_907' title='bbox 2139 5864 2156 5899; x_wconf 60' lang='grc'>³</span> <span class='ocrx_word' id='word_1_908' title='bbox 2200 5864 2218 5918; x_wconf 88' lang='grc' dir='ltr'><strong>ι</strong></span> <span class='ocrx_word' id='word_1_909' title='bbox 2258 5859 2373 5915; x_wconf 81' lang='lat' dir='ltr'><strong>Pet.</strong></span> <span class='ocrx_word' id='word_1_910' title='bbox 2409 5874 2489 5913; x_wconf 84' lang='lat' dir='ltr'><strong>ui.</strong></span> <span class='ocrx_word' id='word_1_911' title='bbox 2522 5854 2613 5911; x_wconf 76' lang='lat' dir='ltr'><strong>i8.</strong></span> 
     </span>
    </p>
   </div>
  </div>
