4204 6370
451 358 554 417 519

1885 367 1943 423 S.
1991 369 2329 426 EPlPllA-Nll
3636 391 3742 444 δίΞο

3636 417 3668 446 υ

450 473 524 526 Ac
567 488 787 529 rursum
813 494 824 528 :
853 476 958 543 Qui
998 492 1092 546 pro
1126 477 1274 532 nobis
1306 480 1357 532 in
1402 497 1559 534 carne
1591 497 1780 550 passus
1812 492 1912 538 est.
1941 483 2047 538 Sed

2155 489 2407 560 Ἰωάννης
2445 491 2635 560 λέγων·
2692 495 2761 548 Εἴ
2808 511 2895 560 τις
2939 499 3010 550 οὺ
3051 497 3209 566 λέγει
3251 499 3354 551 τὸν
3391 502 3644 568 Χριστὸν
3673 505 3744 555 ἐν

449 572 503 616 et
534 561 777 620 Joannes
813 567 887 621 ita
924 570 1213 624 scribens:
1247 571 1307 625 Si
1347 573 1462 642 quis
1493 585 1644 644 negat
1683 574 1954 629 Christum
1989 578 2044 629 in

450 670 609 708 carne
639 657 857 718 venisse.
891 659 974 712 hic
996 671 1073 714 est
1105 663 1464 717 Auticltristus
1495 668 1533 720 ‘.
1564 667 1640 720 Ad
1673 668 1787 722 lucc
1819 680 2055 750 sanctus

450 746 654 803 Paulus
692 769 702 802 :
737 751 842 816 Qui
873 764 1112 819 mortem,
1167 756 1365 825 inquit,
1417 761 1676 828 gustavit,
1712 773 1929 816 mortem
1964 765 2044 816 in-

450 855 610 908 quam
647 845 818 896 crucis
848 845 890 898 ¹.
921 843 975 897 Id
1011 847 1154 913 quod
1184 847 1363 904 Moses
1394 850 1487 903 diu
1519 859 1642 904 ante
1670 856 2044 921 praenuntians

453 932 670 987 dicebat
695 951 710 990 :
755 933 1004 990 Videbitis
1028 941 1188 992 vitam
1217 952 1448 995 vestram
1477 959 1654 998 coram
1683 946 1824 1002 vobis
1855 964 1883 1001 e
1903 948 2044 1018 ligno

452 1029 827 1094 δαιμονίη-η’.
864 1029 983 1086 Vita
1026 1048 1191 1102 porro
1227 1045 1417 1091 nostra
1460 1053 1571 1092 non
1617 1038 1913 1112 Cyrenteus
1959 1042 2044 1096 Si-

452 1132 604 1181 mon,
631 1121 723 1174 sed
748 1122 838 1176 ille
868 1132 952 1178 est
979 1124 1116 1195 ipse,
1139 1127 1232 1196 qui
1261 1143 1361 1198 pro
1385 1130 1545 1187 nobis
1575 1132 1696 1188 ideo
1718 1149 1914 1204 passus
1934 1143 2043 1202 est,

455 1220 516 1266 ut
548 1227 650 1267 nos
677 1215 1033 1282 passionihus
1067 1222 1273 1274 nostris
1303 1225 1636 1290 exsolveret,
1681 1228 1886 1298 quique
1921 1229 2046 1285 ideo

454 1312 710 1361 mortuus
739 1320 904 1362 carne
943 1324 1089 1366 mors
1125 1312 1243 1381 ipsa
1280 1319 1473 1370 mortis
1514 1332 1636 1373 esse
1679 1319 1883 1383 voluit,
1923 1322 2045 1390 ejus

455 1403 517 1448 ut
557 1397 840 1452 stimulum
897 1399 1168 1473 frangeret
1209 1422 1222 1460 :
1266 1405 1407 1461 idem
1456 1419 1616 1465 terra:
1660 1411 1725 1465 ad
1779 1413 2045 1468 interiora

454 1485 760 1554 descendit,
790 1498 847 1544 ut
871 1491 1252 1554 adamantinos
1277 1510 1457 1556 vectes
1479 1501 1812 1574 eﬂ‘ringeret.
1846 1503 1964 1570 Qua
1988 1521 2046 1560 re

454 1580 704 1637 confecta
731 1585 977 1652 captivas
1009 1603 1227 1644 sursum
1260 1591 1473 1648 animas
1509 1596 1718 1660 evexit,
1758 1601 1923 1665 atque
1963 1595 2048 1649 in-

453 1672 604 1728 feros
625 1676 903 1732 exhausit.

526 1767 594 1824 X.
637 1769 870 1824 Tantum
901 1772 1068 1842 igitur
1105 1773 1262 1830 abest
1290 1782 1351 1829 ut
1387 1773 1599 1832 Simoni
1627 1777 1880 1836 Christus
1913 1796 2045 1836 cau-

453 1876 574 1916 sam
638 1865 831 1920 mortis
889 1868 1171 1933 attulerit,
1233 1877 1293 1923 ut
1346 1871 1396 1926 ei
1458 1874 1813 1943 semetipsum
1880 1891 2047 1945 expo-

455 1956 649 2010 suerit.
686 1954 820 2010 Nam
872 1959 1003 2027 quid
1039 1961 1256 2016 tandem
1310 1964 1413 2030 ais,
1438 1966 1752 2020 mortalium
1803 1971 2047 2022 omnium

454 2045 886 2103 infelicissime?
924 2050 1042 2105 Non
1090 2054 1264 2108 libere
1304 2056 1548 2125 profiteri
1597 2075 1717 2128 qua:
1752 2062 1914 2116 vellet
1963 2078 2051 2132 po-

452 2140 585 2206 tuit,
619 2145 671 2193 et
701 2139 770 2193 ab
806 2140 913 2196 illis
956 2143 1060 2198 nisi
1110 2143 1164 2198 in
1198 2161 1365 2201 cruce
1399 2150 1658 2218 suspendi
1696 2152 1858 2208 vellet
1893 2169 2050 2208 recc-

453 2229 622 2283 dere?
673 2230 741 2283 At
789 2233 1001 2288 scilicet
1050 2235 1147 2290 Dei
1187 2235 1366 2292 Verbo
1409 2238 1730 2297 adhibendae
1771 2244 2049 2312 joculares

453 2322 749 2392 praestigiae
778 2323 1104 2390 fuerunt,ut
1133 2330 1302 2384 alium
1348 2331 1413 2386 ad
1459 2342 1710 2400 mortem,
1756 2340 2049 2410 crucisqne

456 2414 788 2482 supplicium
820 2417 1136 2471 obeundum
1169 2421 1289 2474 vice
1318 2437 1416 2477 sua
1449 2426 1708 2487 traderet,
1745 2429 1791 2484 is
1820 2447 2049 2499 prmser-

454 2507 553 2556 tim
588 2507 680 2574 qui
704 2505 903 2560 dixerit
935 2528 948 2561 :
978 2508 1089 2580 Ego
1126 2529 1240 2564 sum
1259 2517 1452 2569 veritas
1479 2528 1529 2570 et
1553 2519 1661 2571 vita
1683 2519 1732 2574 ‘l
1768 2523 1933 2592 Atqui
1963 2540 2049 2578 nc-

447 2612 563 2666 ‘que
631 2598 754 2652 vitae
811 2607 898 2656 est
959 2603 1115 2657 alteri
1156 2616 1388 2662 mortem
1442 2613 1820 2678 consciscere,
1870 2632 2047 2686 neque

455 2689 603 2758 quod
643 2706 836 2746 revera
871 2694 1014 2749 inest
1045 2700 1097 2749 in
1147 2713 1266 2752 sese
1294 2699 1664 2771 dissimulare,
1699 2707 1914 2778 aliaque
1948 2725 2047 2779 pro

455 2780 580 2836 aliis
614 2785 931 2854 ostendere,
960 2790 1230 2844 veritatis.
1259 2790 1480 2849 Desinet
1508 2797 1652 2850 enim
1669 2802 1871 2856 veritas
1899 2818 2042 2870 esse,

447 2858 502 2925 lsi
543 2872 615 2926 sit
649 2872 860 2932 fraudis
890 2885 946 2932 et
983 2881 1193 2936 erroris
1248 2883 1466 2950 artifex,
1513 2903 1782 2960 suumque
1818 2893 2046 2962 ipsamet

456 2981 596 3035 opus
641 2969 976 3037 abscondat,
1035 2989 1101 3028 ac
1159 2981 1493 3032 contrariam
1555 2983 1907 3041 calliditatem
1976 2989 2043 3043 ad

455 3063 738 3131 negotium
780 3081 943 3119 suum
985 3072 1379 3126 accommodet.
1415 3071 1702 3129 Postremo
1743 3088 1801 3132 ut
1829 3080 2042 3136 dicendi

456 3151 619 3205 finem
653 3151 853 3209 faciam
891 3175 904 3210 :
949 3157 1037 3212 Va:
1069 3162 1264 3215 mundo
1298 3180 1330 3216 α
1357 3165 1630 3222 scandatis
1648 3167 1691 3233 ⁵,
1725 3178 1780 3223 et
1807 3187 2040 3240 operan-
2070 3205 2113 3262 Ο

457 3245 604 3299 tibus
629 3246 997 3316 iniquitatem!
1029 3251 1202 3318 Quam
1237 3256 1390 3309 multi
1423 3274 1532 3312 non
1567 3261 1730 3315 modo
1756 3263 1859 3316 sibi
1894 3273 2044 3319 tene—

455 3334 585 3390 bras
607 3337 945 3402 oﬂ‘uderunt,
988 3346 1083 3397 sed
1113 3353 1165 3398 et
1193 3346 1316 3401 aliis
1348 3363 1486 3416 quos
1517 3354 1691 3406 errori
1725 3369 1826 3407 suo
1858 3365 2047 3424 postea

458 3428 654 3484 faciles
681 3439 845 3500 atque
874 3433 1242 3504 obsequentes
1285 3443 1430 3494 nacti
1471 3446 1626 3499 sunt!
1668 3445 1775 3502 Sed
1804 3450 2048 3518 pruden-

446 3522 608 3576 ‘tibus
641 3525 848 3580 veritas
879 3529 1196 3598 apparebit;
1231 3531 1482 3588 Basilidac
1512 3553 1662 3605 vero,
1697 3548 1750 3594 et
1781 3542 2049 3610 ejusmodi

456 3610 648 3668 farina:
688 3615 969 3672 hominum
1005 3621 1246 3676 studium
1290 3627 1565 3682 constabit
1593 3627 1664 3682 ab
1701 3646 1892 3686 errore
1923 3647 2052 3702 pro-

457 3707 688 3763 lectum.

527 3796 656 3855 Haec
702 3801 870 3857 habui
919 3819 1041 3874 quae
1069 3806 1136 3861 de
1173 3807 1274 3862 hac
1317 3809 1537 3880 hmresi,
1577 3813 1807 3884 ejusque
1852 3816 2052 3871 fabulis

457 3889 814 3950 dissererem.
859 3895 905 3949 A
945 3913 1053 3968 qua
1098 3899 1358 3972 deinceps
1409 3905 1477 3959 ad
1529 3907 1689 3960 aliam
1734 3924 1820 3962 me
1862 3910 2051 3964 confe-

458 3999 598 4040 ram.
631 3985 767 4052 Quis
794 3989 940 4043 enim
973 4006 1085 4045 non
1115 3994 1262 4048 illam
1294 3997 1526 4053 hatresin
1561 3998 1718 4056 facile
1747 4001 2052 4073 deprehen-

457 4077 552 4131 (lat
588 4079 724 4132 nihil
754 4089 952 4150 praeter
988 4083 1304 4156 figmentum
1329 4105 1474 4157 esse,
1509 4093 1617 4164 76
1644 4095 1923 4168 instarque
1967 4116 2054 4154 cc-

457 4179 620 4225 rastae
671 4173 727 4226 in
784 4189 948 4229 arena
1004 4177 1316 4246 defossam,
1379 4185 1496 4239 solo
1559 4202 1732 4242 cornu
1788 4189 2053 4247 duntaxat

458 4271 650 4318 exerto
682 4265 748 4320 iis
765 4269 859 4336 qui
897 4270 950 4322 in
983 4271 1156 4340 ipsam
1199 4273 1546 4332 incurrerunt
1571 4281 1796 4335 exilium
1829 4283 2056 4340 afferre?

459 4353 663 4410 Verum
705 4366 759 4411 et
791 4373 1128 4427 peccatorum
1179 4384 1346 4421 cornu
1397 4369 1656 4428 Dominus
1696 4380 1963 4442 contrivit,
2002 4392 2056 4435 et

455 4445 592 4515 justi
631 4464 794 4503 cornu
840 4452 1015 4507 solum
1072 4457 1466 4527 multabitur“,
1524 4463 1626 4519 hoc
1675 4474 1759 4520 est
1801 4470 2053 4526 veritatis

2147 583 2326 649 σαρκὶ
2385 584 2765 652 ἐληλυθέναι,
2827 584 3005 655 οὗτος
3068 590 3479 660 Ἀντίχρτστός
3545 595 3736 653 ἐστιν.

2159 675 2216 728 Ὀ
2239 676 2293 730 δὲ
2326 677 2480 746 ἅγιος
2502 679 2711 743 Παῦλός
2734 697 2888 750 φησι·
2920 683 3307 753 Γευσάμενος
3329 686 3610 752 θανάτου,
3642 692 3744 742 0a-

2145 765 2330 820 νάτου
2376 767 2444 819 δὲ
2481 770 2771 838 σταυροῦ
2813 771 2888 834 ὡς
2925 773 3020 826 καὶ
3054 775 3292 844 Μωῦσῆς
3334 779 3740 846 προαναφωνῶν

2145 858 2626 929 ἔλεγεν-Ὀεαεσθε
2662 862 2775 931 τὴν
2822 863 2975 932 ζωὴν
3013 865 3124 937 (65)
3154 866 3320 935 ἡμῶν
3362 868 3741 939 κρεμαμένην

2144 951 2436 1007 ἀπέναντι
2469 953 2639 1024 ὑμῶν
2663 957 2761 1009 ἐπὶ
2791 956 3004 1021 ξύλου.
3040 959 3161 1028 Ζωὴ
3200 960 3256 1012 δέ
3287 960 3442 1031 ἡμῶν
3470 962 3568 1031 οὐχ
3592 962 3620 1013 ὀ
3652 962 3742 1015 Σί-

2150 1059 2265 1112 μων
2292 1045 2321 1096 6
2352 1045 2686 1115 Κυρηναῖος,
2725 1046 2839 1100 ἀλλ’
2879 1049 2908 1101 6
2947 1049 3086 1120 ὑπὲρ
3121 1049 3277 1120 ἡμῶν
3311 1050 3614 1115 πεπονθὼς,
3646 1052 3732 1105 ἴνα

2145 1132 2215 1186 τὰ
2242 1135 2485 1206 ἡμέτερα
2517 1137 2663 1209 πάθη
2695 1139 2920 1211 διαλύσῃ
2939 1179 2952 1203 ,
2981 1141 3076 1194 καὶ
3107 1141 3284 1195 θανὼν
3313 1142 3475 1213 σαρκὶ
3500 1140 3732 1205 θάνατος

2148 1225 2364 1298 θανάτῳ
2391 1227 2644 1299 γένηται,
2683 1231 2768 1284 ἵνα
2794 1231 2853 1285 τὸ
2887 1231 3113 1304 κέντρον
3141 1233 3238 1286 τοῦ
3279 1233 3507 1286 θανάτου
3525 1233 3733 1313 κλάσει,

2147 1320 2392 1384 καταϐάς
2433 1323 2514 1385 είς
2558 1322 2626 1386 τὰ
2673 1324 3023 1394 καταχθόνια,
3068 1326 3155 1379 ἵνα
3184 1326 3313 1390 τοὺς
3340 1326 3734 1398 ἀδαμαντίνους

2151 1413 2383 1482 μοχλοὺς
2441 1415 2725 1489 συντρίψῃ.
2791 1418 2967 1488 Ὅπερ
3020 1419 3270 1488 ποιήσας,
3328 1419 3570 1488 ἀνήγαγε
3626 1418 3738 1470 τῶν

2146 1507 2334 1577 ψυχῶν
2365 1509 2462 1580 τὴν
2488 1509 2886 1580 αἰχμαλωσίαν,
2923 1511 3157 1564 ἐκένωσέ
3192 1528 3250 1563 τε
3274 1511 3365 1565 τὸν
3400 1511 3554 1582 ᾅδην.

2221 1780 2276 1832 Ι’,
2311 1779 2422 1832 Οὐκ
2454 1777 2562 1850 ἄρα
2592 1773 2684 1830 οὖν
2718 1776 2888 1841 αἴτιος
2927 1777 3159 1830 θανάτου
3191 1778 3413 1846 γέγονεν
3438 1779 3466 1830 6
3501 1779 3736 1849 Χριστος

2151 1873 2227 1945 τῷ
2259 1874 2462 1944 Σίμωνι
2501 1875 2662 1937 αὐτὸς
2713 1872 2904 1925 ἑαυτὸν
2953 1871 3248 1943 παραδούς.
3278 1872 3342 1923 Τί
3375 1871 3484 1942 γὰρ
3531 1872 3730 1940 λέγεις,

2150 1961 2194 2019 ὦ
2227 1967 2378 2020 ἄθλιε
2413 1969 2431 1998 ⁷
2474 1967 2690 2020 πάντων
2725 1965 3061 2037 ἀνθριῖ›ττων;
3101 1966 3215 2017 Οὐκ
3245 1963 3478 2034 ἠδύνατο
3516 1964 3734 2016 ἐλευθε-

2153 2061 2438 2130 ροστομεῖν
2467 2060 2559 2111 καὶ
2594 2059 2948 2130 ἀναχωρῆσαι
2981 2059 3074 2110 ἀπ’
3097 2057 3298 2121 αὐτῶν,
3331 2059 3377 2110 εἰ
3410 2057 3484 2127 μὴ
3508 2056 3733 2126 ἐθέλησε

2153 2147 2564 2219 σταυρωθῆναις
2613 2149 2775 2200 Ἀλλὰ
2814 2147 3061 2215 παίγνιον
3109 2146 3280 2198 ἐποίει
3329 2146 3551 2206 κυϐείας
3583 2149 3610 2199 6
3640 2145 3732 2197 τοῦ

2149 2241 2285 2294 Θεοῦ
2315 2242 2506 2310 Λόγος,
2545 2241 2638 2294 καὶ
2671 2241 2827 2295 ἄλλον
2862 2241 2984 2292 ἀντὶ
3012 2239 3178 2292 αὑτοῦ
3207 2239 3495 2310 παρεδίδου
3528 2237 3733 2291 ἀποθα-

2149 2338 2259 2388 νεῖν
2289 2335 2382 2388 καὶ
2428 2334 2829 2406 σταυρωθῆναι,
2864 2334 2891 2385 6
2922 2331 3126 2398 λέγων·
3183 2331 3329 2400 Ἐγώ
3369 2333 3485 2400 ειμι
3512 2331 3549 2397 ἡ
3587 2330 3734 2395 ἀ.ίή-

2149 2429 2296 2486 θεια,
2327 2427 2481 2496 φησι,
2513 2427 2607 2478 καὶ.
2636 2425 2674 2491 ἡ
2705 2423 2815 2492 ζωή
2840 2423 2860 2474 !
2899 2425 2961 2476 Ἡ
2988 2423 3045 2475 δέ
3074 2423 3186 2492 ζωὴ
3215 2424 3314 2475 οὐκ
3343 2422 3407 2475 ἂν
3438 2424 3608 2492 ἑτέρῳ
3639 2422 3735 2475 θά-

2149 2537 2307 2573 νατον
2336 2518 2806 2590 παρασκευάσειε·
2839 2517 2932 2569 καὶ
2962 2518 2994 2586 ἡ
3044 2515 3273 2586 ἀλήθεια
3302 2517 3402 2569 οὐκ
3442 2516 3506 2568 ἂν
3551 2514 3732 2585 κρύψῃ

2146 2615 2207 2667 τὸ
2239 2617 2295 2666 ἐν
2327 2613 2552 2684 ἀληθείᾳ
2588 2613 2719 2681 παρ’
2749 2610 2919 2680 αὐτῆς
2955 2611 3265 2679 γενόμενον,
3295 2610 3388 2660 καὶ
3415 2608 3578 2678 ἕτερα
3614 2607 3732 2660 ἀνθ’

2148 2707 2351 2778 ἐτέρων
2383 2704 2659 2777 ὑποδείξῃ.
2691 2704 2888 2756 Οὐκέτι
2922 2705 3032 2774 γὰρ
3061 2703 3093 2773 ή
3127 2700 3354 2772 ἀλήθεια
3375 2699 3734 2770 εὑρεθήσεται

2147 2797 2375 2868 ἀλήθεια
2401 2797 2610 2866 πλάνην
2639 2797 3000 2867 ἐργαζομένη,
3035 2795 3130 2848 καὶ
3162 2793 3482 2864 κρύπτουσα
3509 2792 3570 2844 τὸ
3600 2792 3735 2844 ἐαυ-

2145 2892 2244 2961 τῆς
2277 2891 2461 2962 ἔργον,
2495 2890 2561 2943 δι’
2584 2890 2822 2943 ἐναντίου
2848 2890 2902 2942 δὲ
2937 2887 3436 2960 πραγματευομένη
3475 2885 3737 2954 σοφίσμα-

2146 3003 2252 3049 τος.
2295 2986 2401 3038 Καὶ
2424 2984 2610 3048 ἁπλῶς
2661 2988 2723 3037 ἐκ
2767 2985 3005 3046 πάντων,
3048 2981 3124 3045 ὡς
3162 2983 3355 3044 εἰπεῖν,
3391 2981 3478 3032 ἵνα
3529 2979 3602 3048 μὴ
3632 2995 3736 3048 μη-

2147 3075 2293 3129 κύνω
2329 3075 2422 3128 τὸν
2451 3074 2627 3142 λόγον,
2665 3073 2808 3128 Οὐαὶ
2853 3071 2932 3137 τῷ
2973 3073 3180 3140 κόσμῳ
3217 3069 3336 3124 ἀπὸ
3381 3069 3503 3122 τῶν
3544 3084 3732 3121 σκαν-

2147 3165 2366 3229 δάλων,
2415 3165 2649 3218 καὶτῶν
2696 3163 3080 3236 ἐργαζομένων
3114 3163 3212 3231 τὴν
3259 3161 3520 3230 ἁνομίανὶ
3570 3161 3736 3212 Πόσοι

2149 3261 2361 3322 ἑαυτοῖς
2398 3258 2586 3322 σκότος
2615 3257 2905 3328 ηὕρηνται,
2949 3257 3044 3309 καὶ
3078 3253 3258 3316 ἄλλοις
3289 3256 3401 3316 τοῖς
3438 3252 3738 3322 μετέπειτα

2148 3351 2225 3418 τῷ
2259 3353 2437 3404 σκότει
2465 3350 2643 3404 αὐτῶν
2673 3349 3046 3418 πειθομένοιςῐ
3076 3347 3200 3409 Τοῖς
3229 3347 3282 3398 δὲ
3306 3347 3545 3403 συνετοῖς
3573 3343 3713 3411 φανὴ

2153 3407 2304 3497 σεται
2333 3449 2364 3515 ἡ
2395 3443 2652 3513 ἀλήθεια·
2689 3445 2722 3514 ἡ
2770 3442 2825 3494 δὲ
2857 3441 3170 3493 Βασιλείδου
3208 3441 3300 3493 καὶ
3340 3438 3447 3490 τῶν
3478 3437 3736 3489 τοιούτων

2153 3535 2508 3608 πραγματεία
2537 3535 2748 3604 πλάνης
2782 3533 2940 3605 ἔργον
2971 3532 3380 3604 ἐλεγχθήσεται.

2223 3816 2332 3868 Καὶ
2351 3815 2530 3868 ταῦτά
2555 3829 2642 3884 μοι
2671 3812 2798 3882 περὶ
2821 3811 3024 3881 ταύτης
3051 3812 3148 3880 τῆς
3176 3813 3197 3842 ⁸
3227 3811 3491 3878 αἱρέσεως
3516 3811 3609 3863 καὶ
3643 3810 3736 3861 τοῦ

2157 3907 2325 3978 μύθου
2359 3907 2548 3959 τούτου
2579 3904 2841 3976 εἰρήσθω.
2889 3902 3171 3955 Ἐντεῦθεν
3205 3903 3260 3956 δέ
3305 3905 3387 3972 ἐφ’
3421 3902 3613 3972 ἑτέραν
3652 3903 3737 3953 αἵ-

2156 4017 2304 4073 ρεσιν
2324 3998 2634 4069 βαδιοῦμαι.
2654 3997 2772 4050 Τίνι
2793 3995 2903 4066 γὰρ
2927 3997 2988 4048 οὐ
3015 3992 3240 4066 φωρατὴ
3269 3995 3421 4048 ἔσται
3451 3994 3484 4066 ἡ
3513 3995 3734 4065 τοιαύτη

2154 4097 2383 4166 αἵρεσις,
2425 4092 2591 4163 μῦθός
2642 4107 2726 4154 τις
2772 4084 2926 4152 οὖσα,
2960 4090 3056 4142 καὶ
3098 4088 3173 4151 ὡς
3223 4090 3493 4160 κεράστου
3539 4090 3740 4160 τρόπον

2155 4191 2212 4242 ἐν
2244 4189 2415 4258 ἄμμῳ
2437 4184 2783 4255 κεχωσμένη,
2810 4183 2898 4237 διὰ
2917 4182 2973 4236 δὲ
3000 4181 3092 4234 τοῦ
3117 4182 3346 4252 κέρατος
3375 4185 3430 4235 ἐν
3462 4183 3583 4251 ἀέρι
3609 4198 3741 4252 προ-

2156 4277 2458 4340 κύπτουσα,
2489 4276 2582 4328 καὶ
2610 4276 2701 4328 τὸν
2733 4275 2956 4346 ὄλεθρον
2982 4277 3094 4338 τοῖς
3126 4274 3614 4344 περιτυγχάνουσιν
3640 4274 3740 4326 αὐ-

2155 4373 2252 4443 τὴν
2279 4370 2656 4442 ἐργαζομένη;
2701 4368 2835 4422 ἀλλὰ
2871 4369 2965 4422 καὶ
2999 4368 3065 4421 τὸ
3110 4368 3287 4434 κέρας
3318 4366 3437 4419 τῶν
3475 4369 3740 4434 ἀμαρτω-

2155 4465 2281 4518 λῶν
2309 4467 2341 4518 ὸ
2363 4466 2580 4532 Κύριος
2612 4462 2960 4530 συνέτριψε,
2996 4461 3062 4514 τὸ
3089 4461 3144 4513 δὲ
3173 4461 3350 4527 κέρας
3367 4459 3475 4512 τοῦ
3507 4459 3741 4512 δικαίου

462 4540 616 4594 ﬁdes.
682 4543 1048 4615 Posteaquam
1110 4549 1279 4622 igitur
1322 4556 1570 4611 veritatis
1620 4560 1754 4614 illud
1795 4561 2045 4618 doctrina

2151 4563 2340 4630 μόνον
2376 4557 2784 4627 ὑψωθήσεται,
2809 4559 2946 4627 ὅπερ
2969 4555 3086 4608 ἐστὶ
3110 4554 3293 4616 πίστις
3316 4551 3594 4623 ἀληθείας.
3627 4552 3739 4617 Διὸ,

461 4639 845 4705 contrivimus,
890 4657 989 4713 age
1034 4655 1262 4702 caeteras
1299 4665 1716 4719 persequamur,
1759 4657 2052 4711 conciliato

461 4730 700 4799 primum
731 4733 891 4789 nobis
916 4735 1167 4805 adjutore
1195 4738 1328 4807 Deo,
1358 4744 1446 4797 cui
1482 4745 1656 4814 gloria
1684 4757 1739 4801 et
1771 4747 1967 4813 honor,
1995 4759 2051 4806 et

463 4816 712 4876 adoratio
737 4821 792 4876 in
822 4827 1021 4880 saecula
1055 4831 1406 4888 saeculorum.
1436 4837 1629 4891 Amen.

841 5005 1215 5064 ADVERSUS
1250 5010 1687 5081 NICOLAITAS,

747 5098 879 5165 Qua:
905 5109 987 5154 est
1031 5101 1247 5158 Itwresis
1295 5105 1354 5170 V,
1421 5109 1529 5162 sive
1581 5109 1762 5166 XXV.

533 5192 571 5244 Ι.
613 5191 875 5250 Nicolaus
919 5210 951 5248 e
989 5211 1220 5252 numero
1249 5214 1324 5253 vu
1357 5201 1715 5259 diaconorum
1760 5207 1895 5273 fuit,
1954 5211 2048 5280 qui

539 5347 553 5375 ¹
588 5344 792 5401 lJoan.
829 5365 903 5416 IV,
931 5349 968 5404 2
1066 5353 1087 5382 ’
1115 5351 1255 5407 Phil.
1289 5371 1351 5417 It,
1381 5353 1434 5412 8.

463 5415 483 5447 ν
519 5434 609 5485 γρ.
643 5415 896 5490 θεήλατε.
971 5421 993 5453 ⁸
1023 5440 1112 5491 πρ.
1141 5415 1406 5496 αἱρέσεως
1427 5427 1525 5498 τῆς
1556 5430 1667 5483 τῶν
1696 5415 1991 5502 μυθώδους.

539 5533 651 5615 (ϐξ)
682 5535 942 5615 ’ρψεσθε
968 5541 1084 5610 τὴν
1115 5539 1286 5615 ἄδήν.
1318 5542 1415 5615 Hic
1447 5545 1600 5601 locus
1627 5563 1657 5601 ε
1680 5546 1834 5603 Deut.
1859 5566 2052 5615 xxvlu,

429 5661 434 5666 _
467 5605 556 5667 66,
593 5606 662 5660 de
699 5606 919 5665 Christo
953 5627 984 5666 ιι
1025 5605 1303 5667 nonnullis
1341 5613 1446 5668 PP.
1483 5618 1594 5670 acci
1619 5619 1652 5670 )l
1683 5621 1841 5686 solet,
1883 5629 1942 5674 ut
1987 5605 2056 5676 ab

468 5676 630 5741 .’\.2g.,
663 5677 758 5730 lib.
790 5695 876 5733 xw
907 5693 1093 5737 contra
1130 5682 1348 5741 Faust..
1376 5700 1425 5739 ς.
1455 5685 1561 5741 2'5:
1595 5635 1931 5741 Jl‘ertulliano
1958 5692 2054 5741 lib.

468 5676 630 5741 .’\.2g.,
663 5677 758 5752 np.
784 5695 876 5752 m
907 5693 1093 5737 contra
1130 5682 1348 5746 Faust..
1376 5700 1425 5739 ς.
1455 5685 1561 5752 23;
1595 5676 1931 5746 Tertulliano
1957 5692 2054 5748 lib.

468 5755 656 5816 contra
681 5745 836 5816 Jud.,
867 5767 918 5804 ο.
954 5753 1040 5806 Η.

542 5815 1064 5888 (64)Νικο.1αὶ”τῶν.
1105 5822 1180 5879 De
1220 5833 1382 5879 sectae
1425 5827 1507 5881 vel
1554 5837 1780 5885 auctore
1825 5833 1908 5888 vel
1959 5834 2058 5886 ἐπ-

471 5885 698 5963 ωνύμῳ,
741 5899 952 5948 veteres
1005 5910 1036 5949 a
1093 5910 1152 5951 se
1196 5895 1428 5953 invicem
1482 5897 1837 5958 dissentiunt.
1867 5885 2062 5978 inagis

1512 5357 1533 5388 ³
1564 5357 1721 5431 Deut.
1759 5378 1954 5430 xxvm,
1991 5364 2082 5422 66.
2137 5365 2161 5396 "
2185 5364 2345 5421 Joan.
2371 5381 2486 5431 xiv,
2520 5363 2573 5418 6.

2156 4655 2250 4707 καὶ
2284 4653 2471 4705 τοῦτον
2523 4649 2913 4722 συντρίψαντες
2953 4649 3019 4718 τῇ
3053 4646 3152 4716 τῆς
3193 4644 3450 4713 ἀληθείας
3482 4643 3742 4696 διδασκα-

2154 4751 2267 4816 λία,
2304 4749 2395 4802 ἐπὶ
2422 4747 2520 4810 τὰς
2559 4745 2851 4816 μετέπειτα
2880 4738 3196 4809 διέλθωμεν,
3229 4737 3359 4789 Θεὸν
3395 4736 3586 4808 βοηθὸν
3618 4737 3742 4789 ἐπι-

2155 4808 2513 4912 καλούμενοι,
2605 4842 2637 4909 ἡ
2664 4837 2791 4902 δόξα
2829 4837 2924 4889 καὶ
2952 4837 2986 4908 ἡ
3017 4835 3151 4905 τιμὴ
3187 4832 3282 4886 καὶ
3311 4834 3344 4902 ὴ
3372 4831 3745 4902 προσκύνησις

2155 4937 2236 4997 είς
2259 4934 2386 4996 τοὺς
2424 4929 2629 4993 αἰῶνας
2657 4928 2765 4982 τῶν
2793 4926 3028 4981 αἰώνων.
3078 4925 3272 4994 Ἀμήν.

2559 5023 2748 5078 ΚΑΤΑ
2778 5011 3210 5075 ΝΙΚΟΛΛΪΤΩΝ
3249 5017 3386 5089 (ϐί),

2591 5115 2833 5184 Αἵρεσις
2869 5115 2949 5176 E',
2992 5113 3030 5180 ἡ
3071 5111 3167 5164 καὶ
3203 5111 3331 5163 KE'.

2224 5209 2303 5264 A'.
2324 5209 2588 5272 Νικόλαος
2603 5209 2822 5276 γέγονεν
2840 5199 2919 5269 εἷς
2936 5205 3044 5258 ἀπὸ
3057 5204 3165 5257 τῶν
3181 5202 3320 5256 ἑπτὰ
3341 5200 3620 5267 διακόνιον,
3638 5199 3746 5253 τῶν

2653 5365 2676 5396 ⁸
2708 5363 2899 5418 Matth.
2926 5377 3081 5430 xvm,
3110 5361 3164 5414 7.
3225 5358 3410 5415 'Psal.
3443 5373 3626 5420 Lxxtv,
3660 5357 3742 5410 11.

2156 5561 2331 5608 strum
2379 5552 2584 5629 erroris
2632 5551 2804 5606 fuisse
2847 5560 3050 5629 praeter
3107 5544 3749 5629 Epiphaniumcensent

2156 5623 2394 5679 lrenteus
2445 5624 2541 5678 lib.
2595 5639 2632 5686 1,
2686 5638 2806 5692 cap.
2844 5617 2950 5692 ‘27,
2982 5617 3246 5692 lgnatius,
3298 5617 3646 5692 P_hilastrius,
3692 5617 3747 5692 et

2157 5695 2270 5746 alii.
2309 5697 2381 5748 At
2406 5683 2659 5766 Cletnens
2686 5683 2781 5748 lib.
2832 5708 2889 5766 ni
2923 5683 3148 5754 Str'om"
3186 5687 3636 5766 Nicolaumdcum
3679 5683 3746 5734 ab

2158 5765 2280 5820 aliis
2331 5765 2498 5817 animi
2547 5763 2926 5840 ornamentis,
2961 5769 3076 5840 tum
3120 5763 3552 5840 antemperantia
3597 5767 3746 5840 com:

2156 5836 2417 5898 mendat;
2449 5836 2675 5904 ejusque
2705 5822 2944 5911 virgines
2985 5832 3122 5886 filias
3157 5822 3340 5911 fuisse
3370 5836 3596 5881 narrat:
3623 5822 3744 5911 ‘sed

2155 5921 2225 5962 ex
2283 5895 2516 5976 quadam
2584 5895 2890 5972 sententia,
2942 5916 3106 5974 quam
3156 5901 3203 5958 is
3249 5913 3436 5956 coram
3483 5895 3746 5968 apostolis
