4204 6370
410 353 508 411 521
1089 352 1462 410 ADVERSUS
1502 354 1848 412 IIASBESISS
1886 355 2017 412 LIB.
2056 356 2101 410 1.
2142 353 2308 411 ΤΟΜ.
2352 356 2419 413 ll.
2460 387 2525 396 ——
2570 356 2842 414 ll/ERES.
2887 355 3058 416 XXV.
3595 357 3702 415 522

415 466 830 540 ἐκλελεγμένων
869 466 975 521 om
998 466 1108 521 τῶν
1156 467 1469 522 ἀποστόλων
1493 469 1609 540 ἅμα
1641 469 1901 538 Στεφάνῳ
1929 468 2006 540 τῷ

2115 467 2180 521 ab
2222 469 2488 539 apostolis
2525 470 2724 526 delecti
2783 479 2933 536 sunt,
2989 485 3098 525 una
3136 484 3263 526 cum
3315 469 3374 526 S.
3422 470 3698 543 Stephano

415 566 556 628 ἁγίῳ
573 561 669 614 καὶ
687 559 1142 631 πρωτομάρτυρι,
1165 559 1261 612 καὶ
1289 560 1572 631 Προχόρῳ,
1600 561 1694 613 καὶ
1721 561 2005 632 Παρμενᾷ,

2115 567 2536 632 protomartyrc,
2569 575 2635 616 ac
2661 559 2964 625 Prochoro,
2987 559 3256 617 Parmcna
3286 563 3565 634 sociisque
3592 580 3702 620 cae-

413 656 632 715 καιτοῖς
650 653 849 715 ἄλλοις.
869 647 1060 715 Οὗτος,
1080 651 1186 704 άπὸ
1203 651 1310 704 τῶν
1327 651 1642 723 ’Λντιοχέων
1666 651 2007 723 ὁρμώμενος,

2115 650 2267 705 teris.
2316 650 2416 707 llic
2462 653 2734 709 oriundus
2779 653 3069 708 Antiochia
3110 669 3232 710 sese
3278 654 3346 708 ad
3389 653 3703 712 Judzcorum

416 747 760 818 προσήλυτος
788 747 1018 814 γίνεται.
1046 744 1357 799 Μετέπειτα
1378 745 1434 797 δὲ
1458 744 1893 816 καταδεξάμενος
1917 745 2009 799 τὸν

2115 754 2318 803 sectam
2402 747 2740 818 aggregavit.
2807 745 3004 802 Postea
3064 746 3445 818 Christianum
3505 749 3702 818 dogma

417 839 670 910 περὶτοῦ
707 839 1063 909 κηρύγματος
1103 837 1262 906 λόγον
1290 837 1386 890 τοῦ
1421 838 1681 908 Χριστοῦ,
1715 839 1810 892 καὶ
1848 839 2009 901 αὐτὸς

2115 839 2454 908 complexus.
2489 839 2554 892 ad
2603 838 2910 909 discipulos
2965 819 3294 908 adjunctus,
3355 852 3520 909 atque
3562 844 3703 894 inter

421 931 670 1003 συνήφθη
721 933 834 994 τοῖς
872 930 1161 1002 μαθηταῖς,
1207 930 1264 983 ἐν
1309 948 1370 983 τε
1414 934 1526 994 τοῖς
1563 931 1910 1003 προκριτέοις
1943 931 2009 984 τὰ

2115 933 2404 1005 primarios
2444 943 2841 989 annumeratus
2879 932 3180 988 οει³.1η‹10
3216 934 3268 986 itt
3312 949 3500 988 eorum
3549 934 3702 987 ordi-

421 1027 610 1098 πρῶτα
660 1024 1066 1094 ἐξεταζόμενος.
1116 1023 1400 1076 Ἐντεῦθεν
1434 1025 1528 1076 καὶ
1567 1024 1625 1076 ἐν
1669 1028 1782 1087 τοῖς
1815 1027 1828 1054 ¹
1859 1023 2009 1076 ἐκλε-

2115 1041 2237 1081 netn
2297 1027 2504 1082 relatus
2559 1035 2662 1090 cst,
2716 1029 2809 1096 qui
2857 1026 2923 1082 ad
2986 1025 3274 1080 viduarum
3321 1027 3703 1095 praefecturam

417 1123 593 1189 γεῖσιν
627 1121 704 1182 εἰς
747 1118 980 1188 τὴντῶν
1019 1118 1204 1190 χηρῶν
1250 1118 1371 1171 τότε
1407 1117 1732 1188 ἐπιμέλειαν
1771 1119 2008 1187 ἐγκατη-

2115 1117 2268 1172 elccti
2303 1127 2450 1173 sunt.
2488 1117 2688 1172 Verum
2726 1126 2915 1187 postea
2952 1117 3005 1171 in
3032 1133 3155 1171 eum
3189 1134 3249 1172 se
3277 1118 3528 1172 diabolus
3572 1119 3706 1173 insi-

420 1210 681 1282 ριθμήθη.
719 1209 986 1279 ’Ὕστερον
1028 1208 1085 1260 δὲ
1119 1207 1309 1260 τοῦτον
1355 1207 1522 1261 ὑπέδυ
1557 1210 1584 1260 ό
1622 1207 1886 1270 διάϐολος,
1916 1208 2009 1260 καὶ

2115 1211 2326 1274 nuavit,
2379 1211 2613 1280 ejusque
2660 1221 2900 1266 mentem
2969 1220 3215 1265 veterum
3280 1212 3520 1274 illormn,
3565 1229 3706 1282 quos

417 1303 760 1373 ἐξηπάτησεν
802 1299 967 1354 αὑτοῦ
998 1300 1095 1367 τὴν
1145 1299 1372 1371 καρδίαν
1399 1302 1463 1370 τῇ
1502 1300 1639 1370 αὐτῇ
1692 1299 1867 1370 πλάνῃ
1903 1300 2009 1351 τῶν

2115 1304 2688 1366 commemoravimus,
2720 1303 3008 1358 erroribus
3047 1303 3262 1367 imbuit,
3297 1311 3356 1356 ut
3391 1304 3556 1356 etiam
3589 1320 3706 1356 nta—

418 1393 832 1466 προειρημένων
851 1393 1552 1462 παλαιῶν,κατατρωθῆναι
1579 1391 1842 1463 μειζόνως
1871 1393 2009 1462 ὑπὲρ

2115 1395 2201 1466 ius
2239 1394 2340 1466 ipsi
2385 1411 2549 1464 quam
2593 1395 2786 1450 iisdem
2834 1394 2943 1448 illis
2994 1395 3191 1448 vulnus
3241 1393 3526 1463 indigeret.
3569 1393 3706 1449 Nam

415 1489 544 1551 τοὺς
577 1486 786 1559 πρώην.
819 1487 1046 1541 Γύναιον
1074 1485 1184 1558 γὰρ
1227 1479 1381 1549 οὗτος
1410 1485 1548 1555 ἔχων
1588 1484 1884 1556 εὔμορφον,
1917 1487 2009 1539 καὶ

2115 1504 2238 1543 cum
2269 1502 2494 1542 uxorem
2526 1488 2748 1542 haberet
2797 1487 3036 1556 eleganti
3073 1487 3254 1555 specie
3297 1488 3603 1550 mulierem,
3637 1486 3707 1539 ab

417 1579 524 1632 ἀπο
549 1578 643 1632 τοῦ
673 1578 898 1647 γυναίου
939 1579 1470 1648 ἐγκρατευσάμενος,
1502 1579 1576 1640 ὡς
1605 1576 1747 1630 κατὰ
1781 1577 2009 1648 μίμησιν

2115 1596 2176 1635 ca
2221 1581 2324 1635 sibi
2361 1582 2680 1650 aliquandiu
2729 1581 3074 1651 temperavit,
3128 1591 3183 1633 ttt
3232 1595 3327 1634 cos
3375 1579 3705 1645 imitaretur,

415 1663 492 1724 ὧν
518 1669 665 1740 ἐώρα
692 1667 812 1737 Θεῴ
838 1668 1308 1740 προσανεχόντων,
1341 1667 1502 1741 μέχρι
1527 1669 1670 1731 τινὸς
1699 1670 2006 1740 ἐκαρτέρει.

2115 1660 2252 1744 quos
2289 1674 2398 1728 lico
2426 1676 2647 1743 penitus
2697 1673 2945 1727 addictos
2991 1682 3261 1728 cerneret.
3318 1671 3425 1726 Sed
3469 1688 3576 1725 non
3623 1672 3707 1725 itt-

420 1760 495 1812 Ού
537 1760 642 1831 μὴν
677 1760 757 1822 εἰς
791 1759 942 1822 τέλος
973 1759 1175 1829 ἤνεγκε
1228 1761 1452 1831 κρατεῖν
1494 1759 1592 1829 τῆς
1631 1759 1796 1811 αὑτοῦ
1835 1761 2009 1831 ἀκρα-

2116 1768 2534 1836 tcmpcratttiam
2610 1782 2765 1820 suatn
2835 1774 3098 1834 perpetuo
3169 1780 3426 1820 coercere
3505 1764 3703 1834 potuit.

418 1854 537 1916 σίας
559 1871 572 1884 ο
605 1853 743 1906 ἀλλὰ
778 1851 1062 1922 βουληθεὶς
1107 1851 1183 1915 ὡς
1218 1850 1367 1904 κύων
1400 1851 1492 1904 ἐπὶ
1523 1851 1614 1902 τὸν
1657 1851 1786 1904 ἴδιον
1819 1849 2009 1920 ἔμετον

2115 1858 2327 1930 Quippe
2376 1859 2532 1914 canis
2582 1858 2760 1912 instar
2805 1859 2871 1911 ad
2908 1859 3169 1912 vomitum
3227 1857 3406 1913 redire
3451 1857 3706 1926 cupiens,

416 1946 791 2016 ἐπιστρέφειν,
829 1944 1134 2015 προφάσεις
1161 1942 1316 2006 τινάς
1342 1944 1442 1996 ούκ
1466 1942 1676 2012 ἀγαθὰς
1706 1942 1884 2012 ἑαυτῴ
1915 1943 2009 2013 θη-

2115 1953 2368 2007 etmalos
2414 1950 2684 2020 quosdam
2759 1950 2973 2004 colores
3029 1949 3524 2020 excusationesque
3567 1963 3707 2018 prte-

419 2038 660 2108 ρώμενος
692 2039 904 2090 ἐπενόει
955 2036 1091 2105 πρὸς
1133 2035 1432 2104 ἀπολογίαν
1466 2035 1559 2088 τοῦ
1605 2035 1735 2088 ἰδίου
1763 2034 1861 2105 τῆς
1884 2037 2009 2087 ἁκο-

2115 2049 2330 2106 tcxens,
2363 2057 2427 2096 ea
2457 2041 2522 2096 ad
2551 2039 2795 2094 libidinis
2820 2055 2933 2094 sua:
2961 2042 3327 2110 patrOCinium
3351 2041 3704 2110 excogitavit,

413 2133 607 2194 λασίας
637 2128 862 2194 πάθους,
892 2127 927 2182 ἆ
958 2129 1158 2199 μᾶλλον
1191 2127 1487 2200 συνέφερεν
1518 2129 1538 2157 ²
1568 2127 1736 2197 αὐτῷ.
1765 2125 1899 2181 Εἷτα
1918 2123 2009 2181 οῦν

2115 2148 2235 2203 qum
2269 2132 2444 2202 magis
2487 2147 2553 2186 ex
2600 2147 2702 2187 usu
2745 2132 2850 2187 sibi
2890 2147 3014 2187 esse
3053 2132 3392 2188 viderentur.
3447 2132 3564 2198 Qua
3613 2148 3708 2202 spe

415 2226 511 2278 τοῦ
542 2223 745 2277 σκοποῦ
775 2220 1049 2285 ἐκπεσὼν,
1085 2223 1152 2292 τῇ
1195 2221 1300 2292 ἰδίᾳ
1331 2221 1553 2288 γυναικί
1581 2221 1827 2292 συνήφθη
1873 2221 2009 2275 ἁπε-

2115 2237 2238 2277 cum
2276 2221 2596 2285 excidisset,
2636 2233 2752 2276 tum
2796 2223 3016 2277 domum
3062 2222 3182 2277 sine
3217 2224 3326 2276 ulla
3374 2223 3708 2292 tergiversa-

421 2319 676 2390 ριέργως.
711 2307 881 2379 Οὗτος
915 2314 992 2377 δὲ,
1029 2313 1416 2384 αἰσχυνόμενος
1449 2320 1549 2385 τὴν
1582 2313 1776 2367 ἑαυτοῦ
1822 2308 2008 2385 ἧτταν,

2115 2314 2264 2368 tione
2305 2329 2431 2368 cum
2486 2328 2656 2368 uxore
2696 2313 3155 2369 consuetudinem
3195 2315 3396 2369 habere
3442 2315 3707 2370 instituit.

414 2413 509 2466 καὶ
540 2408 892 2482 ὑφορώμενος
913 2407 1259 2480 φωραθῆναι,
1282 2407 1483 2478 ἐτόλμα
1507 2406 1706 2476 λέγειν,
1737 2407 1841 2471 ὅτι,
1864 2410 1910 2460 εἰ
1933 2409 2007 2479 μή

2116 2404 2317 2461 Verum
2347 2423 2458 2461 sua!
2502 2406 2606 2462 sibi
2642 2407 2875 2479 ignaviae
2902 2407 3186 2469 conscius,
3216 2422 3280 2460 ac
3308 2423 3375 2462 ne
3401 2408 3708 2477 deprchen-

415 2523 500 2568 τις
527 2503 647 2558 καθ’
683 2502 924 2572 ἑκάστην
965 2500 1181 2572 ἡμέραν
1219 2499 1491 2567 λαγνεύει,
1523 2497 1668 2569 ζωῆς
1694 2500 1755 2552 οὐ
1789 2498 2009 2554 δύναται

2115 2501 2339 2556 deretur
2385 2501 2611 2566 veritus,
2645 2500 2858 2570 jactare
2906 2501 3041 2555 illud
3088 2517 3257 2556 ausus
3300 2511 3383 2557 est
3413 2521 3426 2556 :
3462 2503 3568 2557 nisi
3615 2503 3709 2572 qui

420 2595 672 2668 μετέχειν
711 2595 810 2665 τῆς
844 2592 1086 2645 αἰωνίου.
1131 2591 1225 2644 Ἐκ
1262 2590 1590 2660 προφάσεως
1617 2590 1725 2660 γὰρ
1760 2591 1838 2654 εἰς
1874 2591 2009 2662 πρό-

2117 2595 2349 2665 singulis
2394 2594 2590 2649 diebus
2624 2595 2856 2650 luxurim
2895 2603 3070 2657 vacet,
3121 2597 3511 2664 sempiternam
3555 2599 3708 2651 salu-

421 2705 587 2757 φασιν
619 2684 926 2758 μετηνέχθη
957 2682 1172 2754 ἑτέραν.
1214 2682 1389 2755 Ὀρῶν
1413 2684 1523 2755 γὰρ
1547 2685 1646 2754 τὴν
1664 2683 1860 2737 ἑαυτοῦ
1883 2684 2009 2754 σύμ-

2116 2697 2223 2741 tem
2274 2689 2548 2742 neminem
2582 2704 2746 2758 posse
2794 2689 3081 2759 consequi.
3124 2689 3204 2742 lta
3243 2689 3313 2743 ab
3357 2691 3708 2744 excusatione

416 2781 534 2834 διον
563 2780 749 2853 κάλλει
789 2780 886 2850 μὲν
913 2779 1342 2848 διαπρέπουσαν,
1377 2779 1723 2847 ταπεινότητι
1762 2779 1818 2831 δὲ
1853 2797 2009 2850 φερο-

2118 2796 2226 2833 una
2267 2780 2320 2832 in
2353 2781 2582 2834 alteram
2617 2781 2885 2850 delapsus
2915 2791 3020 2836 est.
3052 2781 3189 2835 Cum
3231 2781 3374 2834 enim
3420 2783 3710 2852 coniugem

420 2874 612 2946 μένην,
669 2871 1047 2944 ἐζηλοτύπησε
1102 2871 1330 2941 ταύτην,
1377 2872 1470 2924 καὶ
1527 2871 1670 2924 κατὰ
1720 2875 1818 2940 τὴν
1873 2873 2009 2926 ἰδίαν

2118 2889 2274 2928 suam
2321 2876 2604 2944 prmstanti
2655 2891 2777 2930 esse
2834 2876 3010 2929 forma
3061 2875 3292 2936 videret,
3338 2876 3710 2944 humilemque

416 2968 708 3036 ἀσέλγειαν
746 2968 872 3030 τοὺς
904 2965 1098 3027 ἄλλους
1128 2960 1266 3017 εἶναι
1301 2963 1552 3034 νομίσας,
1572 2964 1644 3017 τὰ
1683 2964 1876 3036 πρῶτα
1911 2966 2009 3034 μὲν

2119 2980 2241 3020 sese
2275 2973 2558 3034 priestare,
2610 2965 2880 3035 zelotypia
2921 2975 3251 3028 commotus,
3280 2978 3344 3016 ac
3375 2964 3442 3018 de
3485 2963 3710 3016 libidine

418 3059 770 3131 ἐμπαροινῶν
801 3062 881 3121 εἰς
911 3059 1010 3129 τὴν
1045 3059 1182 3112 ἰδίαν
1208 3059 1458 3130 γαμετὴν
1494 3059 1741 3122 διετέλει,
1773 3061 1870 3114 καὶ
1895 3060 2009 3114 δια-

2121 3070 2221 3111 sua
2276 3066 2601 3110 caeterorum
2657 3072 2838 3111 mores
2884 3057 3297 3126 interpretatus,
3336 3055 3441 3124 77
3470 3055 3706 3124 primum

418 3152 584 3214 ϐολάς
624 3167 776 3212 τινας
809 3150 945 3220 αὐτῇ
979 3150 1258 3220 ἐπιφέρων
1302 3147 1391 3202 διὰ
1421 3149 1621 3218 λόγων·
1654 3149 1715 3202 τὸ
1739 3149 1795 3203 δὲ
1837 3151 2009 3222 πέρας

2120 3167 2345 3205 uxorem
2404 3166 2559 3205 suam
2619 3150 3018 3234 contumeliose
3067 3156 3152 3203 est
3193 3163 3506 3217 aggressus,
3551 3147 3711 3214 eique

416 3245 612 3297 ἑαυτὸν
646 3242 993 3295 κατέσπασεν
1017 3240 1077 3293 ού
1112 3239 1272 3309 μόνον
1303 3241 1382 3302 είς
1406 3240 1507 3312 τὴν
1531 3241 1726 3312 χρῆσιν
1751 3241 1852 3312 τῆς
1879 3259 2009 3314 σαρ.

2115 3251 2265 3297 certa
2288 3242 2520 3296 crimina
2563 3258 2660 3312 per
2692 3241 3022 3296 calumniam
3072 3239 3296 3308 objeeit.
3325 3238 3548 3292 Demum
3581 3253 3711 3292 vero

416 3336 514 3398 κὺς
544 3333 642 3406 τὴν
696 3333 835 3387 κατὰ
880 3331 1041 3401 φύσιν
1083 3330 1192 3384 τῶν
1240 3329 1566 3402 ἀνθρώπων,
1617 3332 1753 3385 ἀλλὰ
1781 3333 1874 3386 καὶ
1931 3337 2009 3398 εἰς

2115 3350 2221 3388 non
2247 3335 2422 3389 solum
2457 3335 2522 3389 ad
2558 3336 2818 3389 usitatum
2851 3334 2995 3386 inter
3019 3332 3270 3387 homines
3306 3345 3369 3384 ac
3397 3331 3704 3384 naturalem

418 3428 741 3498 βλάσφημον
773 3426 1049 3488 ὑπόνοιαν,
1097 3424 1192 3476 καὶ
1237 3422 1441 3494 βλάϐην
1484 3424 1878 3495 κακοτροπίας,
1919 3426 2009 3478 καὶ

2120 3443 2278 3483 usum
2339 3443 2630 3497 corporum
2673 3427 2962 3496 prolapsus
3007 3431 3120 3488 est;
3184 3438 3371 3478 verum
3424 3423 3590 3477 etiam
3641 3422 3698 3476 in

417 3520 626 3591 πλάνην
666 3517 1072 3590 παρεισδύσεως
1101 3517 1364 3586 πονηρᾶς.

2121 3523 2338 3590 plenum
2375 3521 2508 3575 illttd
2541 3521 2594 3576 in
2633 3519 2800 3575 Deum
2848 3520 3198 3573 contumelia:
3231 3519 3451 3588 dogma,
3491 3519 3698 3586 impro-

2115 3615 2412 3685 bitatisque
2449 3615 2732 3679 damnum,
2778 3625 2942 3684 atque
2978 3629 3224 3670 errorem
3266 3611 3552 3684 pravitatis
3581 3627 3705 3666 om-

2113 3708 2204 3762 nis
2237 3709 2652 3763 coneiliatorem
2688 3709 2890 3780 erupit.

490 3787 566 3842 B’.
598 3785 704 3839 Rat
729 3783 978 3837 ἐντεῦθεν
1008 3783 1267 3855 ἄρχονται
1292 3783 1342 3834 οἱ
1369 3782 1472 3852 τῆς
1500 3781 1856 3854 ψευδωνύμου
1883 3784 2009 3853 γνώ·

2184 3797 2250 3854 ll.
2283 3799 2365 3854 Ab
2399 3799 2502 3854 hoc
2529 3799 2679 3854 fonte
2710 3799 2966 3864 derivati,
2994 3814 3058 3855 ac
3086 3798 3329 3870 pessime
3350 3799 3406 3852 in
3435 3795 3707 3851 mundum

419 3899 560 3944 σεως
591 3877 779 3939 κακῶς
809 3875 888 3946 τῷ
918 3875 1108 3945 κόσμῳ
1141 3873 1469 3944 ἐπιφύεσθαι
1487 3889 1500 3902 °
1528 3876 1670 3945 φημὶ
1695 3874 1751 3928 δὲ
1777 3876 2009 3929 Γνωστι-

2117 3889 2420 3944 introducti
2461 3898 2590 3944 sunt
2622 3889 2865 3945 haeretici
2895 3889 3010 3954 illi,
3054 3889 3150 3960 qui
3185 3903 3306 3944 eam
3341 3887 3485 3951 sibi,
3542 3901 3707 3956 quant

418 3975 528 4039 κοὶ,
567 3973 659 4026 καὶ
688 3970 1026 4030 Φιϐιωνῖται,
1057 3968 1152 4021 καὶ
1179 3969 1229 4020 οἱ
1251 3965 1345 4020 τοῦ
1388 3967 2009 4040 Ἐπιφανοῦςκαλούμε-

2116 3982 2259 4039 falso
2288 3983 2595 4044 nominant,
2623 3982 2994 4052 cognitionem
3027 3980 3311 4036 vindicant
3345 3998 3358 4034 :
3396 3977 3710 4047 cujusmodi

419 4085 520 4129 νοι,
545 4063 937 4136 Στρατιωτικοί
959 4079 1016 4115 τε
1038 4061 1134 4115 καὶ
1160 4061 1456 4123 Λευῖτικοὶ,
1479 4061 1572 4114 καὶ
1595 4060 1743 4114 ἄλλοι
1773 4061 2009 4125 πλείους.

2115 4084 2245 4133 sunt
2268 4076 2537 4138 Gnostiei,
2579 4074 2947 4138 Phibionitae,
2985 4081 3040 4129 et
3065 4073 3268 4144 quibus
3311 4072 3380 4128 ab
3422 4070 3706 4141 Epiphane

422 4163 695 4222 Ἕκαστος
729 4158 837 4228 γὰρ
881 4155 1112 4220 τούτων,
1144 4153 1244 4226 τὴν
1278 4152 1468 4206 ἑαυτοῦ
1507 4153 1718 4225 αἵρεσιν
1763 4157 1876 4216 τοῖς
1907 4155 2009 4207 πάι

2115 4183 2316 4222 nomen
2346 4175 2431 4223 est
2456 4167 2711 4222 inditum.
2744 4165 2882 4220 Tum
2911 4165 3072 4219 etiam
3136 4161 3420 4226 Militares,
3450 4161 3702 4226 Levitici,

419 4254 569 4307 θεσιν
618 4249 782 4304 αὑτοῦ
834 4246 1239 4316 ἐπισπώμενος,
1293 4245 1496 4317 μυρίας
1543 4246 1697 4309 ὁδοὺς
1753 4247 2009 4316 ἐπενόησε

2115 4262 2318 4331 aliique
2350 4261 2685 4330 complures.
2739 4258 2990 4326 Quorum
3025 4255 3256 4327 quilibet
3296 4254 3532 4309 itaaresin
3581 4269 3710 4323 pro-

420 4345 641 4406 κακίας.
677 4342 834 4404 Τινὲς
883 4341 979 4411 μὲν
1022 4338 1134 4410 γάρ
1177 4337 1360 4391 αὐτῶν
1394 4336 1662 4410 Βαρϐηλὼ
1701 4337 1826 4390 τινὰ
1863 4338 2009 4402 δοξά-

2115 4355 2291 4424 priam
2320 4353 2388 4407 ad
2420 4353 2589 4406 animi
2622 4353 2708 4407 sui
2740 4350 3061 4406 allectiones
3097 4346 3547 4408 accommodans,
3578 4361 3706 4400 sex-

421 4448 627 4508 ζουσιν,
661 4442 729 4513 ἢν
762 4440 874 4494 ἄνω
925 4437 1229 4507 φάσκουσιν
1279 4430 1419 4488 εἶναι
1463 4437 1519 4488 ἐν
1567 4434 1737 4505 ὀγδόῳ
1778 4433 2009 4506 οὐρανῷ.

2118 4454 2309 4501 rentas
2343 4443 2601 4514 nequitia:
2636 4443 2754 4498 vias
2779 4441 3133 4512 excogitavit.
3160 4437 3294 4493 Nam
3322 4453 3511 4492 eorum
3536 4435 3706 4514 aliqui

421 4535 634 4605 Ταύτην
662 4509 719 4586 δὲ
753 4533 862 4585 ἀπὸ
889 4529 983 4583 τοῦ
1011 4528 1227 4599 [ἰατρὸς
1264 4526 1667 4598 προϐεϐλῆσθαι
1708 4544 1859 4596 φασι.
1889 4528 2009 4598 Μη-

2119 4536 2479 4590 Barbcionem
2511 4534 2703 4589 nescio
2750 4549 2914 4604 quam
2951 4534 3263 4599 celebrant,
3305 4533 3392 4586 eui
3427 4533 3481 4586 in
3512 4509 3708 4585 octavo

418 4631 554 4701 τέρα
586 4629 642 4681 δὲ
672 4625 843 4698 αὐτὴν
887 4620 1026 4676 εἶναι
1078 4624 1123 4675 οἰ
1164 4621 1262 4692 μὲν
1301 4620 1395 4674 τοῦ
1439 4619 1762 4674 Ἰαλδαϐαὼθ
1791 4621 1900 4692 (65)
1926 4622 2009 4674 λέ-

2117 4629 2259 4684 ecelo
2285 4627 2629 4684 domicilium
2664 4627 2996 4682 attribuunt.
3033 4625 3188 4681 Hane
3231 4642 3262 4680 a
3305 4625 3467 4680 Patre
3499 4624 3707 4694 produn

418 4738 628 4793 γουσιν,
655 4720 703 4772 οἱ
728 4718 785 4770 δὲ
807 4715 900 4768 τοῦ
934 4713 1186 4768 Σαϐαὼθ.
1216 4713 1319 4766 Τὸν
1345 4713 1404 4767 δὲ
1433 4714 1549 4766 υἱον
1577 4712 1781 4785 ταύτης
1812 4732 1987 4786 κεκρα

2117 4729 2264 4774 ctam
2321 4719 2630 4787 allirmant;
2672 4727 3020 4790 matremque
3063 4720 3158 4773 alii
3211 4717 3569 4780 Jaldabaotb,
3612 4714 3705 4769 alii

417 4812 645 4885 τηκέναι
693 4809 786 4862 τοῦ
843 4807 1071 4877 ἑϐδόμου
1102 4804 1331 4876 οὐρανοῦ
1367 4807 1425 4857 ἐν
1458 4804 1647 4873 θράσει.
1679 4806 1786 4858 τινὶ
1815 4807 1910 4859 καὶ
1954 4809 2009 4860 ἐν

2119 4811 2358 4868 Sabaoth
2407 4813 2636 4869 faciunt.
2670 4813 2739 4867 Et
2769 4813 2991 4883 quidem
3036 4812 3206 4878 illius,
3247 4821 3308 4866 ut
3336 4813 3520 4873 aiunt.
3557 4809 3702 4863 [ilius

419 4902 717 4973 τυραννίδι.
773 4901 937 4968 Λέγει
971 4899 1027 4952 δὲ
1067 4901 1182 4962 τοῖς
1222 4899 1504 4960 ὑποκάτω,
1545 4899 1628 4951 ὅτι
1677 4899 1826 4968 Ἐγώ
1867 4903 2005 4970 εἰμι,

2116 4905 2335 4975 septimi
2366 4906 2488 4960 coeli
2517 4921 2614 4976 per
2637 4921 2910 4962 summam
2947 4905 3232 4960 audaciam
3263 4919 3328 4959 ac
3357 4903 3702 4975 tyrannidem

421 4996 605 5067 φησὶν,
633 4999 665 5048 ὀ
687 4992 1049 5062 πρῶτος.καὶ
1080 4996 1111 5046 ό
1125 4993 1276 5061 μετὰ
1313 4991 1520 5053 ταῦτα,
1541 4992 1638 5044 καὶ
1665 4993 1832 5062 πλὴν
1859 4995 2007 5064 ἐμοῦ

2115 5012 2343 5067 eompos
2368 5013 2454 5052 ρει
2478 4998 2676 5054 lactus.
2711 4999 2871 5068 Isque
2897 4998 3188 5052 inferiores
3213 4997 3497 5065 alloquens
3522 5014 3535 5049 :
3567 4994 3702 5064 Ego,

419 5095 531 5147 οὐκ
561 5092 734 5144 ἐστιν
760 5087 961 5156 ἕτερος
985 5087 1149 5152 Θεός.
1181 5087 1290 5156 Τὴν
1319 5085 1375 5138 δὲ
1411 5085 1676 5157 Βαρϐηλὼ
1709 5089 2005 5159 ἀκηκοέναι

2115 5092 2314 5162 inquit,
2381 5095 2584 5160 primus
2605 5109 2746 5158 sum,
2799 5101 3204 5160 acpostremus,
3269 5107 3360 5143 nec
3401 5089 3541 5142 alius
3568 5105 3703 5157 prce-

421 5284 450 5298 “
491 5214 508 5243 ³
547 5230 629 5280 γρ.
699 5209 817 5263 ὅθεν
851 5198 942 5262 καὶ
973 5208 1030 5260 ἐν
1063 5208 1196 5271 τοῖς.
1287 5210 1307 5239 ²
1333 5225 1420 5276 γρ.
1471 5208 1763 5281 συνέφερεν
1790 5209 1884 5265 τοῦ
1939 5214 2065 5268 ἰδίου
2092 5216 2294 5270 σκοποῦ
2323 5217 2608 5270 ἐκπεσόντι
2645 5219 2713 5288 τῇ
2747 5217 2810 5270 ἰδ.
2838 5233 2960 5285 γυν.
2994 5212 3349 5283 συναφθῆναι.
3430 5211 3451 5243 ³
3478 5213 3598 5265 Act.
3628 5227 3703 5272 Vl,

419 5303 453 5338 θ
481 5300 600 5353 sqq.

420 5400 654 5474 dixerat,
679 5396 788 5448 δεῖν
823 5393 1284 5474 παραχρήσασθαι
1309 5396 1374 5464 τῇ
1404 5396 1589 5474 σαρκί,
1623 5395 1893 5474 ﬁlagi‘tiogt
1917 5399 2009 5454 (ιο.

2115 5421 2228 5456 νειν
2267 5406 2363 5467 τὰς
2395 5405 2493 5474 τῆς
2531 5403 2732 5474 σαρκὸς
2762 5403 2937 5474 ὁρμάς
2983 5420 3043 5455 τε
3085 5403 3178 5474 καὶ
3217 5404 3509 5474 ἐπιθέσεις.
3547 5400 3618 5474 Oi

421 5469 619 5558 armis
657 5466 2006 5558 essebeateei."eritEise'ti'RJHelia,"

2117 5477 2194 5558 εἰς
2233 5466 2686 5558 ἡδονῂν’τράγ’ων
2715 5466 2889 5558 δίκην
2920 5466 3277 5558 Ἵὲικχυυθέντες,
3325 5467 3436 5524 οἷον
3480 5470 3686 5540 ἐφυϐρί·

425 5535 679 5615 Strom._:
713 5537 954 5615 Totoﬁzot
989 5535 1044 5587 δὲ
1089 5537 1186 5615 καῖ
1227 5536 1276 5586 οἱ
1323 5535 1626 5615 φάσκοντες
1657 5537 1884 5615 ἐαυτοὺς
1914 5541 2009 5594 Νι-
2117 5535 2297 5609 going;
2326 5535 2405 5615 τῷ
2429 5535 2640 5615 σώματι
2669 5535 3160 5613 καθηδυπαθοῦσιν.
3217 5598 3229 5614 ο

423 5609 600 5686 ξιολάφ
635 5607 859 5686 ἕπεσθειι
894 5606 1378 5686 ἀῖτομῃμόνευμάε
1405 5623 1457 5686 τξ
1497 5606 1722 5686 τάκίδρδς
1752 5609 2008 5686 φξρῗγῖξς
2127 5606 2140 5609 ⁷
2188 5606 2300 5686 (es)
2328 5606 2391 5670 oi
2413 5606 2531 5684 μὲιι
2560 5615 2667 5669 τοῦ
2711 5606 3075 5670 ἰαλδαϐαώα
3109 5615 3152 5666 Α
3183 5606 3269 5686 τι»
3301 5620 3354 5668 et
3381 5625 3502 5673 ana
3534 5612 3699 5666 dedu-

422 5681 488 5756 ἐκ
515 5676 878 5756 παρατροπῆς
905 5677 1097 5756 τοιδεῖν
1129 5676 1516 5756 παρ-αχρῇσθαι
1541 5680 1614 5756 τῇ.
1635 5676 1854 5756 ‘aapxii‘
1867 5681 2006 5756 Ἀλλ’

2116 5676 2261 5739 cttitn
2284 5676 2528 5750 'vide'tur,
2561 5687 2718 5756 quasi
2750 5688 3022 5740 matricem
3066 5682 3300 5755 patrusit,
3339 5701 3400 5738 ac
3439 5700 3698 5755 propaga-

420 5746 872 5820 apsv‘yemzo;
902 5746 1145 5820 κολούειν
1174 5749 1282 5820 δεῖν
1328 5747 1515 5818 ἐδήλου
1549 5749 1652 5820 Δτάς
1698 5765 1756 5800 τε
1791 5749 2004 5820 ἡδονὰς,

2117 5758 2301 5812 tricem
2323 5759 2423 5812 vim
2453 5746 2678 5813 diiui'ts.

419 5817 524 5884 τάᾶς
545 5835 606 5872 τε
634 5819 956 5886 ἐπιθυμίας·
993 5817 1088 5870 καὶ
1110 5819 1174 5889 τῇ
1202 5817 1430 5886 ἀσκήσει
1463 5817 1635 5888 ταύτῃ
1664 5817 2009 5894 καταμαραί-
