4204 6370
435 389 545 450 323

1874 391 1931 446 S.
1970 387 2312 445 EPiPllANll

3619 391 3728 451 324

439 514 520 561 ter
550 521 632 559 me
649 502 790 557 Deus
811 512 908 560 est.
927 502 1082 570 Quod
1103 503 1335 560 audiens
1363 503 1592 559 Barbelo
1609 504 1908 576 lacrymata
1929 512 2034 559 est.

2141 506 2230 558 τὸν
2255 505 2412 572 λόγον
2439 501 2648 567 τοῦτον,
2688 504 2780 556 καὶ
2812 502 3062 556 κλαῦσαι.
3094 502 3309 576 Ταύτην
3331 503 3389 557 δὲ
3426 504 3514 558 ἀεὶ¹
3543 506 3727 574 φαίνε-

440 596 698 652 Eamdem
724 613 890 668 porro
921 606 1154 654 venusta
1199 595 1383 668 specie
1419 597 1760 668 principibus
1821 612 2038 667 semper

439 713 704 769 apparere
734 698 946 762 dicunt,
979 697 1240 767 abiisque
1258 712 1444 751 semen
1472 711 1568 767 per
1599 695 1932 765 voluptatein
1967 709 2033 748 ac

441 789 770 860 profluvium
808 788 1061 854 auferre;
1110 788 1372 842 nimirum
1423 794 1482 840 ut
1513 785 1623 840 vim
1669 801 1824 840 suam
1871 786 1926 839 in
1955 783 2038 838 di-

443 896 632 936 versos
662 881 982 935 distractam
1005 881 1204 935 iterum
1223 888 1533 948 recuperat.
1565 877 1740 946 Cujus
1763 877 2035 948 dogmatis

444 971 739 1024 occasione
787 969 1052 1024 fceditatis
1086 985 1198 1025 sua:
1252 970 1576 1041 mysterium
1616 970 1669 1022 in
1714 969 1904 1023 orbem
1949 969 2036 1022 in-

443 1064 607 1118 Vexit.
640 1063 817 1132 Atque
857 1078 1048 1118 eorum
1091 1063 1361 1132 plerique,
1396 1078 1534 1132 quos
1579 1062 2036 1115 commemoravi-

443 1171 596 1220 mus,
629 1170 739 1226 quo
770 1155 988 1210 tandem
1037 1163 1196 1224 pacto
1241 1153 1387 1224 quod
1424 1169 1492 1208 ne
1534 1153 1782 1223 proferre
1810 1154 2031 1223 quidem

441 1249 569 1302 licet
602 1249 743 1301 miro
781 1248 1148 1318 improbitatis
1181 1247 1420 1301 artificio
1455 1248 1509 1300 in
1563 1246 1879 1316 promiscuo
1915 1263 2032 1299 mu-

441 1340 636 1394 lierum
681 1340 1014 1402 concubitu,
1050 1340 1384 1410 immanique
1420 1339 1764 1409 turpitudine
1795 1337 2032 1391 volutari

440 1430 786 1485 docuerunt?
839 1431 1297 1500 quemadmodum
1371 1429 1759 1485 sanctissimus
1823 1428 2034 1484 Paulus

441 1521 573 1575 alibi
600 1522 844 1576 declarat
869 1523 952 1576 his
986 1523 1206 1578 verbis:
1244 1521 1373 1586 Qua:
1394 1522 1534 1576 enim
1565 1523 1773 1576 occulto
1805 1523 1940 1592 ﬁunt
1966 1523 2032 1576 ab

439 1614 572 1684 ipsis
598 1624 747 1681 turpe
777 1623 856 1669 est
883 1615 961 1670 uel
983 1613 1155 1668 dicere
1183 1615 1220 1668 ¹.

513 1705 604 1762 ΠΙ.
639 1705 839 1762 Verum
878 1707 924 1762 si
955 1707 1048 1776 qui
1077 1706 1412 1762 contrariam
1461 1705 1589 1761 huic
1620 1705 1793 1760 errori
1827 1704 2034 1759 refuta-

441 1797 647 1852 tionem
674 1814 704 1852 a
738 1797 948 1869 Spiritu
1000 1807 1196 1853 sancto
1252 1796 1555 1867 profectam
1596 1797 1784 1853 videre
1825 1798 2028 1867 cupiat,

439 1904 505 1944 ea
539 1905 607 1946 ex
638 1891 815 1946 sancti
843 1889 1072 1946 Joannis
1111 1891 1440 1962 Apocalypsi
1490 1892 1747 1960 cognosci
1806 1891 2030 1960 poterit,

441 1983 534 2054 qui
562 1983 627 2037 atl
657 1998 823 2038 unam
867 1983 1244 2038 Ecclesiarum
1289 1999 1356 2036 ex
1403 1982 1608 2036 Christi
1651 1981 1864 2036 Domini
1906 1997 2030 2051 per-

442 2091 578 2132 sona
610 2075 882 2139 scribens,
910 2075 1026 2130 sive
1045 2074 1112 2128 ad
1134 2075 1480 2146 episcopum,
1509 2075 1602 2144 qui
1628 2075 1677 2130 ei
1703 2074 2032 2144 praepositus

442 2167 644 2231 fuerat,
675 2183 799 2222 cum
832 2167 1010 2238 angeli
1043 2169 1219 2222 sancti
1253 2168 1456 2221 virtute
1483 2167 1577 2236 qui
1608 2166 1666 2220 in
1697 2167 1858 2220 altari
1890 2175 2029 2231 erat,

441 2257 515 2310 ita
548 2257 791 2326 loquitur
829 2275 840 2311 :
877 2255 980 2310 Sed
1007 2257 1104 2310 hoc
1154 2256 1313 2311 habes
1354 2256 1510 2321 boni,
1540 2259 1666 2327 quia
1694 2257 1855 2311 odisti
1886 2257 2034 2325 facta

443 2347 869 2407 Nicolaitarum.
902 2365 1018 2418 qua:
1042 2358 1091 2402 et
1127 2365 1220 2418 ego
1245 2347 1335 2402 odi
1359 2351 1402 2400 ¹.
1435 2349 1538 2402 Alii
1569 2365 1698 2404 vero
1737 2347 2032 2404 Prunicam

442 2439 733 2510 quamdam
762 2441 872 2510 78
914 2440 1105 2495 eodem
1137 2456 1246 2509 quo
1281 2440 1373 2496 isti
1409 2449 1722 2494 commento
1767 2456 2035 2495 veneran-

442 2535 528 2581 tes
553 2570 568 2591 ,
600 2538 656 2583 et
683 2545 753 2582 ex
799 2529 896 2582 illo
946 2530 1308 2597 turpitudinis
1355 2529 1609 2600 dogmate
1642 2531 2034 2600 cupiditatibus

444 2619 562 2673 suis
595 2620 984 2688 obsequentes,
1015 2619 1288 2684 Prunicai,
1319 2623 1597 2692 inquiunt,
1633 2624 1777 2677 vires
1817 2641 1882 2677 ex
1914 2641 2034 2677 cor-

443 2712 672 2782 poribus
705 2711 1100 2783 prolluviisque
1127 2714 1468 2784 colligimus;
1509 2731 1572 2769 cx
1620 2717 1828 2769 semine
1873 2717 2029 2769 nitui-

447 2819 593 2867 ruun,
624 2819 687 2856 ac
719 2807 1039 2872 menstruis,
1070 2804 1136 2858 de
1161 2807 1360 2874 quibus
1407 2807 1567 2875 paulo
1608 2817 1763 2875 post,
1811 2824 1934 2861 cum
1971 2811 2035 2863 de

445 2893 535 2947 his
567 2893 936 2961 particulatim
964 2911 1212 2963 agemus,
1245 2895 1502 2947 subtilius
1531 2895 1890 2953 disseremus,
1927 2913 2033 2948 non

446 2992 506 3037 ut
539 2985 904 3046 audientium,
927 2985 1290 3054 legentiumve
1319 3002 1514 3037 sensus
1536 2987 1915 3052 iuquimunus,
1942 2987 2033 3038 -.-.e:l

445 3082 507 3128 ut
539 3075 988 3144 prudentioribus
1013 3078 1392 3129 vehementius
1417 3078 1680 3129 adversus
1712 3078 1832 3130 illos
1849 3078 2032 3129 cilium

446 3168 926 3236 pessimorumque
973 3167 1280 3236 facinorum
1330 3168 1752 3222 detestationem
1813 3171 2036 3236 injicere

447 3260 748 3328 possimus.
804 3259 991 3330 Neque
1030 3277 1158 3315 vero
1208 3263 1471 3315 scelestos
1522 3263 1646 3316 illos
1693 3263 2036 3316 calumniuse

447 3351 812 3414 traducimus,
844 3355 938 3406 sed
969 3370 1090 3422 quie
1123 3354 1191 3406 ab
1235 3355 1368 3422 ipsis
1417 3364 1702 3423 geruntur,
1737 3372 1800 3408 ca
1846 3357 1919 3407 uti
1975 3372 2034 3409 se

446 3456 538 3496 res
566 3443 749 3508 habet,
785 3445 962 3512 palam
1013 3445 1272 3499 omnibus
1315 3447 1664 3516 exponimus.
1713 3448 1849 3500 Sunt
1877 3456 1929 3501 et
1967 3463 2033 3501 ex

448 3532 558 3587 illis
587 3537 793 3604 aliqui,
833 3537 926 3604 qui
963 3534 1286 3590 Jaldabaotlt
1322 3539 1596 3606 prircipue
1639 3539 1849 3603 colunt,
1881 3555 2033 3593 eum—

447 3642 554 3695 que
587 3625 905 3680 Barbelonis
929 3630 1167 3696 priorem
1197 3637 1328 3681 natu
1361 3629 1530 3681 filium
1554 3644 1678 3683 esse
1695 3629 2030 3698 praedicant:

448 3720 680 3788 idquue
715 3719 997 3774 habendus
1031 3721 1079 3774 ei
1115 3720 1289 3774 honor
1321 3728 1424 3785 est,
1461 3722 1734 3790 inquiunt,
1768 3721 1914 3790 quod
1949 3737 2035 3773 re-

446 3812 669 3866 condita
699 3815 865 3865 multa
899 3813 1174 3882 patefecit.
1207 3813 1345 3867 Hinc
1372 3823 1455 3868 est
1478 3813 1623 3883 quod
1652 3824 1832 3867 certos
1861 3813 2034 3867 libros

445 3903 772 3959 Jaldabaoth
813 3905 1033 3960 nomine
1065 3905 1360 3974 inscriptos
1390 3921 1453 3960 ac
1484 3906 1891 3960 commentitios
1940 3906 2036 3958 ha-

447 3997 612 4060 bent;
681 4011 894 4052 necnon
931 3998 1192 4051 liarbaras
1225 3997 1558 4067 principum,
1587 4005 1646 4052 ut
1675 4005 1948 4061 asserunt,
1972 4014 2035 4052 ae

448 4096 783 4159 potestatum
817 4104 914 4158 per
945 4089 1379 4160 unumquodque
1410 4090 1612 4142 etelum
1641 4089 2036 4159 appellationes

449 4183 793 4249 innumeras,
827 4182 920 4252 qui
960 4198 1152 4238 omnes
1191 4183 1473 4236 hominum
1514 4183 1714 4237 animis
1745 4191 1875 4237 sunt
1903 4197 2037 4237 con-

447 4274 827 4346 trarii.jSane
867 4275 1063 4346 ingens
1111 4275 1352 4330 humano
1385 4274 1573 4346 generi
1631 4275 1786 4330 fraus
1836 4284 1921 4330 est
1969 4291 2035 4328 ex

449 4365 764 4420 istiusmodi
799 4367 1082 4420 hominum
1128 4382 1318 4422 errore
1362 4376 1702 4436 comparata.
1741 4367 1849 4421 Alii
1892 4367 2037 4422 Cau-

451 4456 719 4510 laucauch
742 4457 961 4512 cuidam
1008 4460 1256 4512 eamdem
1299 4459 1711 4515 venerationem
1757 4458 2034 4526 deferunt,

449 4564 561 4619 quo
591 4550 813 4603 nomine
843 4565 1012 4602 unutn
1053 4566 1118 4603 ex
1173 4551 1516 4620 principibus
1571 4551 1869 4620 appellant.
1908 4550 2039 4617 Qui-

453 4641 558 4696 bus
593 4655 788 4694 vocum
825 4642 1106 4696 terriculis
1147 4643 1654 4712 commentitiisque
1693 4658 1759 4696 ac
1787 4644 2039 4697 barbaris

454 4732 916 4805 appellationibus
955 4733 1226 4803 imperitis
1270 4734 1590 4790 hominibus
1619 4735 1900 4804 imponere
1941 4750 2038 4788 co-

455 4832 677 4880 nantur.
724 4823 830 4879 Sed
864 4826 1256 4895 peritioribus,
1303 4837 1358 4882 et
1411 4827 1480 4883 iis
1511 4827 1604 4897 qui
1655 4828 2060 4897 cujuscunque

456 4919 736 4984 nominis,
791 4934 858 4973 ac
909 4919 1205 4990 propositae
1239 4919 1316 4973 rei
1369 4920 1620 4973 notitiam
1667 4935 1763 4988 per
1795 4921 2038 4975 divinam

454 5013 748 5084 quamdam
799 5013 1087 5068 scientiam
1147 5013 1394 5082 ejusdem
1451 5021 1583 5067 sunt
1630 5010 1728 5066 Dei
1776 5011 2040 5066 beneficio

455 5107 761 5170 consecuti,
795 5106 930 5177 quid
968 5106 1188 5162 facilius
1213 5123 1375 5178 quam
1412 5109 1517 5163 ista
1561 5107 1940 5162 fabulosorum
1971 5106 2040 5160 ab

457 5199 568 5254 illis
595 5215 844 5254 errorum
878 5199 1111 5256 conficta
1143 5199 1396 5271 dogmata
1433 5201 1720 5256 refellere?

526 5290 614 5346 IV.
649 5291 786 5346 Cum
821 5292 968 5346 enim
999 5292 1296 5348 Prunicum
1327 5295 1617 5348 nominant
1667 5293 1805 5347 nihil
1835 5308 1898 5347 ea
1932 5307 2040 5345 vox

530 5448 547 5478 ι
581 5445 780 5518 Ephes.
822 5464 876 5512 ν,
913 5449 1000 5504 12.
1096 5451 1312 5521 ’Apoc.
1354 5466 1415 5515 ll,
1469 5449 1520 5504 6.
1637 5449 1658 5480 ³
1690 5466 1782 5518 γρ.
1835 5445 2036 5518 ιιροΰνε

527 5635 640 5708 (66)
668 5639 1003 5708 Προύνικον
1037 5637 1145 5706 τὰρ
1173 5638 1282 5691 ἐὰν⁴
1322 5637 1553 5692 εἴπωσι.
1589 5635 1911 5708 Προύνικοςᾲ
1935 5634 2039 5688 lle-

457 5706 646 5777 sycliio
675 5707 915 5774 baiulum
972 5723 1035 5761 ac
1071 5710 1472 5777 mercenarium
1514 5706 1807 5776 significat.
1850 5706 1913 5757 Οί
1951 5723 2038 5774 μι-

457 5776 586 5848 σθοῦ
621 5777 935 5846 κομίζοντες
961 5777 1031 5848 τά
1059 5776 1335 5848 ῖυνιαιάπὸ
1366 5778 1464 5848 τῆς
1501 5777 1857 5848 ἀγορᾶςηοῦς
1897 5793 2037 5848 τινες

458 5845 826 5918 παιδαρίωνας
863 5846 1108 5913 καλοῦσι,
1138 5847 1387 5920 δρομεῖς,
1419 5845 1660 5919 τραχεῖς,
1709 5845 1848 5911 ὀξεῖς
1890 5847 2038 5899 εὐκί-

2142 597 2266 650 σθαι
2294 599 2408 659 τοῖς
2450 596 2708 666 ἄρχουσιν
2745 598 2801 649 ὲν
2833 596 3106 668 εὐμορφία
3140 597 3266 659 τινὶ,
3310 598 3405 650 καὶ
3447 598 3726 670 ἀποσυλᾷν

2136 690 2196 744 τὸ
2233 689 2291 756 ἐξ
2329 688 2508 742 αὐτῶν
2553 688 2775 758 σπέρμα
2816 688 2883 740 δι’
2913 689 3107 759 ἡδονῆς
3156 689 3249 742 καὶ
3281 689 3578 759 ἐκχύσεως,
3635 689 3726 742 ἴνα

2135 781 2298 850 δῆθεν
2320 781 2418 852 τὴν
2441 780 2612 850 αὐτῆς
2634 778 2867 848 δύναμιν
2888 780 2985 850 τὴν
3011 781 3089 843 είς
3108 781 3400 852 διαφόρους
3422 784 3726 851 σπαρεῖσαν

2135 869 2292 937 αὖθις
2322 872 2484 927 πάλιν
2511 870 2841 946 ἀνακομίζῃ.
2876 872 2983 924 Καὶ
3005 870 3178 936 οὕτως
3210 873 3274 925 ἐκ
3302 872 3558 942 τοιαύτης
3591 873 3723 925 ὑπο-

2137 963 2340 1026 θέσεως
2385 963 2445 1014 τὸ
2497 963 2595 1033 τῆς
2646 960 2810 1014 αὑτοῦ
2862 961 3247 1032 αἰσχρολογίας
3299 964 3600 1032 μυστήριον
3645 962 3726 1032 τῷ

2136 1056 2326 1126 κόσμῳ
2353 1055 2739 1125 ὑπεισήνεγκε.
2773 1055 2882 1107 Καί
2916 1071 3079 1119 τινες,
3105 1054 3180 1117 ὡς
3202 1054 3360 1124 ἔφην,
3395 1053 3504 1106 τῶν
3545 1071 3726 1123 προει-

2141 1149 2392 1219 ρημένων
2421 1147 2508 1200 διὰ
2544 1147 2746 1216 πολλῆς
2789 1148 3226 1218 κακομηχανίας,
3257 1140 3400 1218 δι’μὴ
3436 1146 3595 1217 θέμις
3637 1147 3727 1199 λέ-

2135 1257 2273 1309 γειν,
2326 1238 2444 1302 πῶς
2482 1240 2539 1292 ἐν
2579 1238 2873 1310 πολυμιξία
2916 1239 3212 1307 γυναικῶν,
3255 1240 3348 1292 καὶ
3394 1242 3452 1292 ἐν
3497 1241 3723 1311 αἰσχρο-

2136 1331 2340 1393 ποιίαις
2384 1331 2707 1399 ἀνηκέστοις
2738 1331 3174 1402 ἀναστρέφεσθαι
3218 1327 3502 1396 ὲδίδαξαν,’
3523 1332 3599 1394 ὡς
3628 1331 3723 1384 καί

2136 1441 2239 1476 που
2265 1425 2293 1475 ὁ
2337 1421 2642 1491 ἀγιώτατος
2683 1422 3008 1485 Ἀπόστολός
3049 1439 3212 1492 φησι·
3258 1422 3334 1476 Τὰ
3377 1422 3488 1492 γὰρ
3521 1420 3723 1492 κρυφῇ

2135 1517 2417 1587 γινόμενα
2443 1516 2543 1572 ὑπ’
2582 1515 2780 1570 αὐτῶν
2809 1517 3070 1584 αἰσχρόν
3105 1515 3236 1568 ἐστι
3265 1515 3363 1568 καὶ
3390 1514 3610 1584 λέγειν.

2205 1695 2278 1748 Γ’.
2313 1692 2402 1764 Τῷ
2430 1692 2487 1746 δὲ
2518 1692 2826 1764 βουλομένῳ
2853 1691 2950 1763 τὴν
2979 1691 3255 1745 ἀντίθετον
3292 1691 3418 1745 [δεῖν
3450 1694 3513 1745 ἐκ
3547 1693 3719 1746 Πνεύ-

2140 1803 2306 1856 ματος
2333 1786 2489 1853 ἁγίου
2534 1787 2663 1856 περὶ
2702 1787 2799 1856 τῆς
2830 1784 3020 1838 τούτου
3067 1785 3332 1855 αἱρέσεως
3377 1787 3720 1857 ἀνατροπὴν,

2063 1901 2105 1956 Β
2141 1876 2315 1928 ίστέον
2343 1877 2490 1928 ἐστὶν
2536 1875 2644 1928 ἀπὸ
2674 1875 2774 1945 τῆς
2815 1873 2907 1927 τοῦ
2935 1873 3092 1942 ἁγίου
3128 1875 3378 1928 Ἰωάννου
3411 1875 3716 1928 Ἀποκαλύ-

2132 1968 2298 2038 ψεως,
2328 1968 2406 2031 ὃς,
2441 1969 2669 2038 γράφων
2701 1969 2798 2038 μιᾷ
2820 1966 2928 2018 τῶν
2957 1966 3293 2037 Ἐκκλησιῶν
3325 1968 3388 2020 ἐκ
3423 1967 3714 2038 προσώπου

2134 2059 2363 2130 Κυρίου,
2393 2061 2639 2112 τουτέστι
2678 2059 2756 2130 τῷ
2798 2059 3083 2131 ὲπισκόπῳ
3112 2059 3199 2130 ⁵’τῷ
3237 2061 3414 2113 ἐκεῖσε
3444 2077 3722 2114 καταστα-

2135 2151 2300 2216 θέντι,
2339 2154 2434 2205 σὺν
2464 2154 2528 2222 τῇ
2566 2151 2911 2220 δυνάμειτοῦ
2935 2153 3091 2220 ἁγίου
3123 2152 3352 2220 ἀγγέλου
3391 2152 3485 2206 τοῦ
3512 2155 3603 2205 ἐπὶ
3625 2153 3721 2206 τοῦ

2135 2240 2542 2310 θυσιαστηρίου,
2587 2242 2783 2311 φησίν·
2831 2243 3031 2309 Ἔχεις
3062 2241 3128 2294 δέ
3173 2258 3226 2293 τι
3258 2245 3468 2307 καλὸν,
3511 2242 3599 2296 ὅτι
3630 2262 3725 2312 μι-

2135 2335 2265 2401 σεῖς
2309 2336 2380 2389 τὰ
2415 2337 2558 2404 ἔργα
2599 2337 2716 2389 τῶν
2741 2333 3128 2399 Νικολαΐτῶν,
3168 2337 3205 2390 ἅ
3247 2339 3344 2392 καὶ
3393 2339 3507 2409 ἐγὼ
3539 2340 3719 2409 μισῶ.

2136 2429 2437 2499 Προύνικον
2474 2429 2493 2458 ³
2521 2445 2580 2480 τε
2628 2429 2776 2481 ἄλλοι
2821 2428 3091 2498 τιμῶντες
3131 2429 3274 2494 τινὰ,
3309 2431 3384 2493 ὡς
3431 2432 3523 2483 καὶ
3556 2427 3721 2498 οὗτοι,

2143 2518 2400 2589 μυθωδῶς
2421 2519 2585 2572 πάλιν
2607 2521 2684 2582 είς
2707 2518 2910 2590 ταύτην
2930 2519 3028 2590 τὴν
3051 2521 3306 2573 ὑπόνοιαν
3329 2522 3423 2591 τῆς
3440 2523 3725 2594 αἰσχρουρ·

2136 2612 2262 2678 γίας
2289 2611 2356 2663 τὰ
2383 2611 2594 2664 ἑαυτῶν
2627 2611 2772 2681 πάθη
2803 2611 3178 2678 ἐπιτελοῦντες
3216 2631 3345 2682 φασι
3361 2636 3378 2644 --
3411 2616 3520 2685 Τῆς
3546 2617 3723 2686 Πρου-

2137 2703 2287 2754 νίκου
2325 2703 2424 2774 τὴν
2469 2703 2698 2773 δύναμιν
2746 2704 3076 2776 συλλέγομεν
3126 2707 3234 2758 ἀπὸ
3287 2707 3395 2760 τῶν
3431 2709 3722 2779 σωμάτων,

2137 2797 2224 2849 διά
2268 2814 2326 2848 τε
2377 2797 2485 2848 τῶν
2521 2798 2792 2868 ρευστῶν·
2831 2800 2974 2869 φημὶ
3008 2800 3065 2852 δὲ
3113 2801 3277 2872 γονῆς
3327 2803 3422 2855 καὶ
3475 2820 3726 2874 καταμη-

2135 2891 2284 2952 νίων,
2319 2907 2382 2941 πε
2395 2890 2447 2960 pl.
2480 2884 2554 2943 ὧν
2585 2889 2750 2962 ὀλίγῳ
2789 2891 3036 2964 ὕστερον,
3072 2895 3200 2946 ὅταν
3246 2895 3370 2964 ττεῷ⁵
3413 2895 3592 2948 αὐτῶν
3625 2914 3725 2966 μο-

2136 2984 2381 3054 νομερῶς
2414 2984 2591 3053 λέγειν
2615 2986 3061 3056 ἑπιϐαλλώμεθα,
3094 2990 3237 3042 κατὰ
3260 2991 3570 3063 λεπτότητα
3589 2994 3729 3064 ὑφη-

2136 3077 2399 3146 γήσομαι,
2434 3079 2533 3130 οὐκ
2559 3081 2637 3142 εἰς
2677 3079 2737 3132 τὸ
2774 3083 2971 3150 χρᾶναι
3001 3082 3172 3144 ἀκοὰς
3205 3083 3314 3137 τῶν
3358 3085 3724 3157 ἀκουόντωνῆ

2138 3170 2596 3239 ἐντυγχανόντων,
2625 3172 2740 3224 ἀλλ’
2770 3175 2848 3235 εἰς
2887 3174 2946 3225 τὸ
2988 3177 3103 3238 τοῖς
3140 3180 3382 3239 συνετοῖς
3429 3177 3727 3246 ἀπέχθειαν

2146 3261 2343 3332 μᾶλλον
2368 3263 2707 3332 ἐργάσασθαι
2746 3265 2882 3335 πρὸς
2917 3266 3132 3328 αὐτοὺς,
3166 3267 3259 3319 καὶ
3289 3269 3604 3339 ἀποτροπὴν
3628 3269 3726 3339 τῆς

2142 3353 2249 3405 τῶν
2305 3354 2490 3406 κακῶν
2542 3357 2822 3425 ἐργασίας,
2869 3357 2928 3408 οὐ
2980 3359 3328 3425 συκοφαντῶν
3371 3361 3495 3422 τοὺς
3543 3359 3725 3430 ἀλιτη-

2145 3446 2314 3516 ρίους,
2350 3445 2485 3499 ἀλλά
2527 3447 2648 3498 κατ’
2692 3446 2948 3517 ἀλήθειαν
2981 3449 3049 3501 τά
3089 3450 3218 3521 παρ’
3250 3450 3431 3502 αὐτῶν
3466 3453 3726 3522 γινόμενα

2143 3539 2224 3600 εἰς
2249 3538 2559 3607 τούμφανὲς
2591 3538 2960 3608 θριαμϐεύων.
2987 3541 3202 3611 Ἕτεροι
3231 3541 3288 3593 δὲ
3317 3542 3426 3594 τῶν
3464 3560 3725 3615 προειρη-

2147 3628 2322 3698 μένων
2371 3629 2698 3682 Ἰαλδαϐαὼθ
2732 3629 3035 3695 δοξάζουσι,
3069 3633 3365 3701 φάσκοντες
3392 3635 3554 3687 αὑτὸν
3587 3633 3726 3690 εἶναι

2143 3723 2358 3793 πρῶτον
2391 3726 2525 3790 υἱδν,
2557 3727 2633 3790 ὡς
2665 3727 2825 3796 ἔφην,
2860 3729 2957 3798 τῆς
2987 3728 3286 3800 Βαρϐηλὼ·
3322 3731 3414 3782 καὶ
3441 3730 3529 3782 διὰ
3569 3731 3725 3783 τοῦτό

2145 3832 2277 3884 φησι
2311 3815 2421 3868 δεῖν
2455 3818 2605 3885 ἄγειν
2647 3817 2793 3887 αύτῷ
2828 3818 2925 3888 τὴν
2968 3820 3155 3889 τιμὴν,
3184 3822 3262 3873 ὅτι
3315 3820 3484 3873 πολλὰ
3513 3822 3725 3874 ἀπεκά-

2143 3903 2326 3972 λυψεν.
2355 3906 2516 3958 Ὅθεν
2546 3907 2637 3959 καὶ
2664 3906 2843 3975 βιϐλία
2871 3907 2993 3960 τινὰ
3022 3908 3080 3974 ἐξ
3110 3908 3374 3979 ὀνόματος
3406 3910 3499 3963 τοῦ
3537 3912 3710 3964 Ἰαλδα

2144 3996 2291 4049 ϐαὼο
2327 3999 2706 4068 ποιητεύονται
2747 4000 3130 4065 ὲκτυποῦντες,
3171 4002 3262 4054 καὶ
3302 4003 3597 4072 ὀνομασίας
3629 4021 3716 4073 μυο

2146 4090 2270 4160 ρίας
2311 4089 2651 4161 βαρϐαρικὰς
2685 4092 2983 4162 ἀρχόντων,
3016 4093 3171 4162 φησὶ,
3204 4093 3297 4146 καὶ
3327 4092 3582 4157 ἐξουσιῶν
3608 4094 3726 4146 καθ’

2143 4183 2373 4234 ἕκαστον
2424 4183 2652 4254 οὐρανὸν
2699 4185 3129 4254 ἐναντιουμένων
3174 4188 3239 4256 τῇ
3280 4184 3387 4239 τῶν
3426 4185 3726 4257 ἀνθρώπων

2143 4274 2310 4346 ψυχῇ.
2348 4277 2456 4328 Καὶ
2491 4276 2657 4348 πολλὴ
2681 4276 2868 4340 ἁπλῶς
2895 4280 2927 4348 ὴ
2966 4276 3051 4329 διά
3077 4278 3176 4347 τῆς
3211 4278 3416 4350 πλάνης
3439 4279 3617 4332 αὐτῶν
3645 4297 3724 4347 γι-

2145 4369 2344 4438 νομένη
2373 4369 2452 4440 τῷ
2483 4369 2629 4438 γένει
2661 4371 2767 4423 τῶν
2802 4371 3103 4443 ἀνθρώπων
3137 4373 3416 4444 ἐπιϐουλή.
3459 4373 3640 4426 Ἀλλοι
3673 4374 3725 4427 δὲ

2143 4461 2234 4515 τὸν
2266 4463 2638 4534 Καυλαυκαὺχ
2676 4465 2937 4529 ὡσαύτως
2977 4465 3310 4531 δοξάζουσιν,
3347 4466 3582 4536 ἄρχοντά
3608 4485 3724 4520 τινα

2144 4556 2334 4609 τοῦτον
2355 4555 2496 4609 οὓτω
2519 4557 2833 4622 καλοῦντες,
2872 4558 3256 4627 φαντασιάζειν
3286 4559 3723 4631 φιλοτιμούμενοι

2147 4649 2273 4710 τοὺς
2301 4647 2562 4719 ἀπείρους
2591 4649 2679 4702 διὰ
2707 4649 2806 4719 τῆς
2836 4650 2944 4702 τῶν
2965 4650 3242 4720 ὀνομάτων
3273 4651 3608 4720 ἐκπλήξεως.
3634 4655 3724 4707 καὶ

2147 4740 2482 4792 ἐπιπλάστου
2513 4743 2612 4811 τῆς
2657 4741 2749 4794 τοῦ
2789 4742 3052 4810 ὀνόματος
3093 4741 3574 4812 βαρϐαρωνυμίας.
3605 4745 3727 4809 Τοῖς

2145 4833 2202 4885 δὲ
2232 4834 2516 4904 ἐμπείροις
2543 4833 2638 4886 καὶ
2668 4837 2730 4885 ἐκ
2761 4833 2892 4885 Θεοῦ
2920 4833 3144 4886 λαϐοῦσι
3184 4834 3313 4904 περὶ
3346 4835 3584 4906 ἑκάστης
3609 4837 3728 4889 ὀνο-

2149 4925 2349 4993 μασίας
2392 4924 2486 4977 καὶ
2519 4924 2831 4986 ὑποθέσεως
2867 4924 2965 4993 τῆς
3003 4923 3260 4995 ἀληθινῆς
3288 4926 3381 4979 τοῦ
3417 4927 3551 4980 θεοῦ
3590 4927 3728 4996 γνὼ-

2145 5033 2282 5079 σεως
2318 5016 2496 5087 χάριν,
2526 5015 2640 5079 πῶς
2683 5017 2780 5068 οὐκ
2812 5015 3180 5085 εύθυέλεγκτα
3220 5018 3290 5070 τὰ
3327 5019 3424 5089 τῆς
3457 5019 3728 5088 μυθώδους

2142 5109 2322 5162 αὐτῶν
2356 5108 2564 5180 πλάνης
2587 5109 2892 5179 διδάγματα
2925 5109 3016 5162 καὶ
3047 5110 3318 5179 ὲχέγγυα;

2213 5291 2286 5342 Δ’.
2326 5289 2626 5360 Προύνικον
2659 5290 2754 5343 ὲάν
2787 5291 2982 5344 εἴπωσι
3020 5291 3153 5364 (66),
3179 5293 3241 5346 τὸ
3266 5293 3386 5346 ὅλον
3421 5295 3569 5348 ἐστὶν
3601 5293 3723 5364 ἡδυο

2047 5465 2178 5501 ικον.

2147 5651 2315 5708 νῃτοι,
2359 5635 2567 5708 γοργοὶ,
2599 5635 2882 5706 μισθωτοί.
2937 5638 3082 5694 Idem
3130 5641 3242 5695 fere
3303 5641 3443 5708 apud
3487 5639 3709 5695 Suidam

2150 5705 2372 5778 Vulgoa
2407 5706 2514 5774 πρό
2551 5705 2614 5778 ει
2640 5708 2834 5762 ἐνείκω
2872 5709 3170 5772 deducunt,
3216 5720 3309 5764 aut
3337 5705 3366 5762 a
3397 5711 3504 5778 πρό
3537 5721 3590 5763 et
3625 5717 3724 5764 νεί-

2144 5774 2270 5849 κοςί
2298 5774 2523 5849 Nam_et
2550 5776 2815 5849 ὑϐριστήν
2861 5781 3321 5849 interpretantur;
3374 5774 3556 5848 itaque
3592 5781 3727 5834 Plia-

2145 5847 2389 5902 vorinus.
2426 5846 2528 5912 Qui
2561 5856 2615 5902 et
2658 5846 2805 5904 addit
2849 5846 3068 5922 πόριλος
3099 5851 3158 5904 τὸ
3189 5851 3406 5906 αἰδοῖον.
3443 5846 3598 5916 Quod
3636 5852 3710 5907 de
