4204 6370
1197 116 1356 158 /

376 368 490 424 3%

1105 359 1472 418 ADVERSUS
1509 359 1856 418 HERESES
1895 362 2023 420 LIB.
2062 363 2106 419 ἰ.
2152 362 2318 421 ΤΟΜ.
2361 364 2427 420 ll.
2469 395 2537 404 —
2573 360 2849 419 HJLBES.
2882 358 3046 415 XXV.

3555 350 3661 408 32.6

385 482 614 546 παθείας
644 480 739 535 καὶ
783 477 1077 550 ὲκκαρδίας
1099 478 1395 552 ὲξεύρεσις.
1428 481 1544 533 Πᾶν
1577 480 1684 552 γάρ
1715 481 1776 534 τὸ
1805 498 1964 553 πρου-

2079 479 2223 535 aliud
2258 497 2419 552 quam
2451 483 2790 552 voluptatum
2819 477 3159 546 excogitatas
3193 469 3486 527 illecebras
3513 467 3659 523 indi-

384 577 734 646 νικευόμενον
763 572 1018 644 λαγνείας
1059 571 1353 642 ὑποφαίνει
1392 573 1455 625 τὸ
1488 573 1811 645 ἐπώνυμον*
1842 573 1972 643 φθο⁴

389 669 483 737 ρᾶς
511 667 567 720 δὲ
593 665 655 718 τὸ
682 664 1043 736 ἐπιχείρημα.
1084 663 1205 716 Ἐπὶ
1227 665 1338 726 τοῖς
1369 662 1480 734 γὰρ
1507 663 1576 716 τὰ
1605 662 1836 733 σώματα
1859 663 1972 716 δια-

384 758 720 833 κορεύουσιν.
767 756 1052 828 Ἑλληνική
1100 755 1184 818 τίς
1234 757 1382 808 ἐστιν
1415 755 1614 826 ἠλέεις
1650 756 1711 808 τὺ
1745 757 1973 826 Ἐπρου-

383 852 598 906 νίκευσε
639 851 654 882 ¹
688 849 915 920 ταύτην.
942 847 1106 902 Ὅθεν
1136 847 1230 901 καὶ
1253 849 1311 901 ὲν
1341 847 1530 918 μύθοις
1560 848 1971 920 ἀναγράφουσιν

382 944 430 996 οι
491 941 561 995 τὰ
628 937 918 1009 Ἑλληνικά
983 937 1429 1010 συγγραψάμενοι
1491 936 1758 1006 Ἐλλήνων
1825 937 1969 990 ἀπα-

381 1031 600 1097 τεῶνες,
651 1031 780 1102 περὶ
834 1029 1066 1094 κάλλους
1113 1029 1365 1098 λέγοντες
1408 1027 1602 1093 οὕτως,
1651 1029 1732 1082 ὅτι
1776 1028 1970 1092 κάλλος

383 1121 694 1191 προύνικον.
738 1119 897 1173 Ἀλλὰ
921 1121 1015 1173 καὶ
1052 1120 1180 1190 περὶ
1213 1119 1308 1172 τοῦ
1337 1118 1712 1190 Καυλαυκαὺχ
1746 1120 1830 1183 τίς
1861 1119 1968 1172 τῶν

381 1211 756 1282 γινωσκόντων
803 1213 866 1265 οὐ
913 1212 1359 1280 καταγελάσειεν,
1405 1211 1488 1264 ὅτι
1531 1210 1630 1274 τὰς
1691 1211 1969 1282 Ἐϐραϊστὶ

374 1305 562 1368 -καλῶς
595 1304 896 1375 εἰρημένας
921 1301 1118 1368 λέξεις,
1142 1304 1238 1356 καὶ
1277 1303 1578 1372 Ἑλληνιστὶ
1598 1303 1776 1367 καλῶς
1805 1306 1970 1376 ὲρμη·

383 1396 683 1463 νευθείσας,
715 1397 809 1450 καὶ
848 1395 944 1449 νῦν
991 1395 1148 1467 παρὰ
1191 1397 1304 1460 τοῖς
1348 1394 1654 1466 Ἑλληνιστὶ
1705 1394 1969 1463 ἀναγινώ-

383 1505 568 1542 σκουσι
601 1487 841 1558 φανερὰς
893 1485 1080 1552 οὔσας,
1117 1487 1212 1542 καὶ
1259 1487 1410 1541 οὐδὲν
1460 1487 1671 1541 σκολιὸν
1714 1487 1964 1558 ἐχούσας,

379 1579 530 1634 αὐτοὶ
583 1582 663 1644 είς
695 1579 1069 1642 εἰδωλοποιίας
1113 1595 1174 1632 τε
1208 1578 1303 1632 καὶ
1350 1578 1430 1640 είς
1482 1578 1716 1650 μορφὰς,
1751 1578 1846 1631 καὶ
1889 1581 1968 1641 είς

376 1671 814 1734 ὲνυποστατικάς
860 1671 1055 1742 ἀρχὰς,
1093 1671 1186 1724 καὶ
1218 1671 1295 1734 ὡς
1330 1672 1502 1742 εἰπεῖν
1548 1670 1969 1740 ἀνδριαντοπλα-

380 1760 504 1828 σίας
531 1766 642 1827 τοῖς
667 1739 1000 1832 ἀφελέσι-διὰ
1030 1762 1332 1830 φαντασίας
1356 1739 1458 1830 τὴν
1488 1739 1696 1830 πλάνην
1717 1759 1969 1812 ὑποσπεί-

2073 581 2182 630 cat.
2218 573 2354 628 Nam
2386 573 2654 644 quidquid
2691 568 3180 642 προυνικευόμενον
3218 565 3450 629 dicitur,
3483 560 3538 614 id
3567 574 3660 614 vc-

2073 682 2250 722 nereae
2285 666 2531 720 libidinis
2567 664 3049 734 significationem,
3081 665 3135 714 et
3169 663 3432 712 lentatam
3465 652 3660 707 ab'ali-

2071 779 2181 832 quo
2211 763 2586 831 corruptelam
2617 760 2986 814 demonstrat.
3027 752 3164 807 Nam
3205 752 3272 806 ad
3306 749 3497 804 eorum
3524 746 3660 802 laci-

2073 870 2197 918 nus,
2226 854 2326 924 qui
2369 852 2568 922 puellis
2601 858 2853 920 stuprum
2898 846 3165 909 offerunt,
3195 843 3512 897 Graecorum
3545 838 3658 893 usi-

2073 950 2182 994 tata
2206 957 2307 996 vox
2333 950 2438 1003 est,
2458 938 2880 1011 Ἔπρουνίκευσε
2905 935 3129 1004 ταύτην,
3159 934 3260 987 hoc
3280 939 3386 996 est,
3407 939 3656 999 stuprum

2070 1032 2200 1087 huic
2226 1032 2445 1087 obtulit.
2489 1031 2643 1086 Unde
2673 1032 2839 1084 etiam
2868 1029 3202 1098 impostores
3234 1023 3312 1077 illi
3355 1022 3449 1092 qui
3477 1020 3544 1076 de
3571 1035 3660 1075 re-

2069 1123 2173 1178 bus
2217 1121 2443 1177 Graeciae
2493 1121 2876 1190 scripserunt,
2941 1133 3066 1172 cum
3125 1116 3192 1171 de
3250 1112 3657 1185 pulchritudine

2071 1216 2401 1270 mentionem
2463 1214 2706 1278 faciunt,
2761 1212 2957 1275 κάλλος
3007 1207 3300 1282 προῦνικον
3352 1205 3652 1275 appellant.

2070 1309 2226 1375 Quod
2246 1325 2369 1364 vero
2389 1308 2455 1362 ad
2476 1323 2666 1363 vocem
2685 1304 3070 1361 Caulaucauch
3090 1302 3303 1362 attinet,
3326 1302 3449 1370 quis
3465 1314 3657 1354 eorum

2069 1400 2163 1470 qui
2193 1400 2432 1454 nominis
2458 1399 2622 1468 hujus
2657 1406 2984 1468 potestatem
3019 1394 3236 1449 noverit
3259 1395 3434 1448 risum
3470 1380 3659 1446 tciiere

2070 1491 2266 1560 possit,
2295 1505 2419 1544 cum
2447 1491 2584 1545 istos
2608 1489 2788 1543 videat
2818 1487 3083 1542 vocabula
3116 1485 3363 1556 quaedam
3395 1484 3660 1539 llebraice

2070 1581 2208 1635 bene
2235 1589 2521 1651 concepta,
2552 1595 2654 1635 nec
2677 1579 2860 1634 minus
2892 1580 3180 1632 commode
3208 1577 3394 1632 Grmce
3422 1576 3656 1642 reddita,

2071 1672 2138 1726 ab
2166 1671 2276 1742 79
2321 1672 2499 1742 iisque
2531 1675 2624 1742 qui
2671 1671 2859 1727 Graece
2914 1670 3102 1739 legunt
3152 1670 3312 1738 plane
3357 1669 3657 1731 intellecta,

2071 1780 2195 1819 cum
2233 1765 2453 1820 dillicile
2479 1766 2614 1819 nihil
2648 1766 2910 1829 habeant,
2948 1764 3064 1818 haec
3091 1763 3214 1818 illos
3248 1769 3431 1816 tamen
3481 1761 3659 1829 expri-

376 1873 585 1928 ροντες,
621 1853 984 1908 ἀνατυποῦσιν
1017 1854 1097 1916 είς
1128 1851 1227 1923 τὴν
1261 1852 1362 1922 τῆς
1400 1854 1632 1923 αἰσχρᾶς
1660 1849 1840 1904 αὐτῶν
1874 1851 1964 1904 καὶ

2075 1857 2288 1912 mendis
2319 1859 2437 1913 suis
2468 1858 2630 1913 idolis
2678 1857 3121 1920 accommodare,
3157 1857 3261 1912 hoc
3287 1863 3371 1911 est
3400 1855 3656 1910 inanibus

381 1946 659 2019 μυθώδους
681 1947 876 2017 τέχνης
899 1945 1214 2016 ὑποσποράν
1236 1962 1250 2011 ;
1277 1943 1647 2013 Καυλαυκαὺχ
1673 1943 1782 2014 γὰρ
1809 1943 1866 1994 ἐν
1889 1940 1970 2014 τῷ

389 2041 586 2112 Ἡσαΐᾳ
616 2038 726 2112 (67)
750 2038 1085 2109 γέγραπται,
1110 2037 1256 2103 λέξις
1290 2054 1378 2100 τις
1418 2032 1553 2090 οὖσα
1597 2037 1654 2088 ἐν
1698 2039 1763 2106 τῇ
1805 2035 1969 2113 δωδε⁴

378 2128 520 2203 κάτῃ
537 2128 746 2199 ὁράσει,
765 2126 895 2180 ἔνθα
910 2127 1092 2196 λέγει·
1127 2127 1348 2195 Θλίψιν
1375 2125 1474 2180 ἐπὶ
1495 2127 1721 2194 θλίψει,
1749 2125 1970 2179 ἐλπίδα

375 2217 467 2272 ἐπ’
500 2218 724 2272 ἐλπίδι.
770 2218 903 2270 Ἔτι
938 2217 1184 2286 μικρὸν,
1226 2217 1314 2271 ἐτι
1351 2215 1568 2286 μικρὸν
1599 2215 1964 2285 προσδέχου.

379 2311 474 2374 Ὧς
503 2313 597 2364 καὶ
638 2309 779 2364 αὐτά
811 2309 882 2362 τὰ
931 2307 1200 2378 Ἑϐραϊκὰ
1250 2309 1471 2380 ῥήματα
1524 2308 1836 2362 τελειότατα
1882 2309 1968 2361 ὲν-

373 2399 547 2456 ταῦθα
574 2400 968 2473 παραθήσομαι
990 2401 1181 2463 αὐταῖς
1208 2399 1438 2464 λέξεσιν,
1469 2400 1545 2462 ὡς
1575 2401 1692 2452 ἐστὶ
1721 2416 1969 2470 γεγραμ-

376 2490 557 2562 μένον.
596 2489 670 2542 Τὸ
705 2489 814 2561 γὰρ
839 2487 1124 2543 Σαυλασαῦ
1156 2488 1434 2542 σαυλασαῦ
1462 2489 1822 2560 ἑρμηνεύεται
1848 2490 1968 2543 θλί-

371 2586 479 2651 ψις
517 2583 616 2636 ἐπὶ
651 2583 884 2650 θλίψιν.
924 2581 1263 2635 Καυλακαὺκ
1291 2581 1634 2645 καυλακαύκ,
1673 2582 1850 2648 ἐλπὶς
1872 2581 1965 2634 ἐπ’

369 2676 605 2730 ἐλπίδι·
640 2675 898 2748 Ζιηρσάμ
930 2673 1198 2746 ζιηρσάμ,
1255 2675 1342 2729 ἔτι
1376 2676 1594 2746 μικρὸν
1631 2675 1720 2729 ἔτι
1744 2675 1962 2744 μικρὸν

370 2766 736 2836 προσδέχου.
773 2765 884 2819 Ποῦ
932 2761 1094 2836 οῦνή
1144 2764 1350 2819 τούτων
1404 2765 1739 2837 μυθολογία;
1785 2765 1885 2818 ποῦ
1931 2767 1964 2838 ἡ

369 2860 625 2931 κίσσησις
666 2861 764 2930 τῆς
809 2857 1302 2928 φαντασιολογίας;
1339 2859 1509 2912 Πόθεν
1554 2857 1632 2930 τῷ
1663 2859 1855 2930 κόσμῳ
1896 2859 1966 2913 τὰ

369 2951 616 3018 ζιζάνια;
652 2953 748 3016 Τίς
777 2953 805 3004 ὁ
841 2951 1158 3020 ἀναγκάσας
1188 2953 1266 3013 εἰς
1292 2953 1520 3014 ἑαυτοὺς
1560 2952 1964 3005 ἐπισπάσασθαι

367 3041 591 3115 ὀλεθρον
630 3044 758 3106 τοὺς
802 3043 1160 3115 ἀνθρώπους;
1203 3045 1270 3098 Εἰ
1323 3044 1420 3114 μὲν
1453 3043 1560 3115 γὰρ
1607 3043 1966 3113 γινώσκοντες

371 3136 741 3208 μετεποίησαν
777 3136 875 3198 τὰς
907 3137 1200 3206 ὀνομασίας
1233 3137 1312 3198 εἰς
1340 3136 1640 3204 φαντασίαν
1671 3137 1960 3200 ἀπωλείας,
1991 3179 2032 3235 C

368 3229 580 3292 ἑαυτοῖς
620 3228 914 3299 προφανῶς
937 3228 1099 3282 αἴτιοι
1123 3229 1413 3298 γεγόνασιν
1438 3245 1450 3258 ο
1491 3228 1539 3279 εί
1564 3227 1620 3280 δὲ
1641 3228 1964 3297 ἀγνοοῦντες

366 3319 403 3374 ἃ
433 3319 508 3391 μὴ
537 3319 757 3391 ᾔδεισαν
777 3319 1005 3387 ἔφασαν,
1029 3320 1182 3373 οὐδὲν
1209 3319 1388 3373 αὐτῶν
1412 3317 1760 3392 ἀθλιώτερον.
1788 3321 1965 3391 Μωρά

366 3410 477 3481 γὰρ
507 3409 678 3463 ταῦτα
703 3409 780 3472 ὡς
806 3408 1053 3480 ἀληθῶς·
1088 3410 1184 3464 καὶ
1214 3409 1378 3463 παντὶ¹
1411 3409 1488 3481 τῷ
1518 3409 1732 3464 σύνεσιν
1761 3428 1953 3482 κεκτη-

369 3501 518 3573 μένῳ
548 3503 605 3554 ἐν
635 3501 755 3572 Θεῷ
802 3501 1010 3555 ἔνεστιν
1047 3503 1193 3556 ἰδεῖν.
1237 3502 1602 3566 Ἦδυπαθείας
1639 3503 1747 3574 γὰρ
1800 3504 1962 3575 χάριν

366 3592 595 3656 ἑαυτούς
616 3611 676 3646 τε
700 3592 794 3646 καὶ
817 3592 944 3657 τοὺς
973 3592 1332 3664 πειθομένους
1365 3592 1653 3647 ἀπώλεσαν
1677 3592 1773 3646 καὶ
1802 3593 1962 3646 ἀπολ-

362 3684 573 3743 λῦουσι.
611 3686 839 3758 Πνεῦμα
866 3687 973 3758 γάρ
1013 3687 1131 3738 ἐστι
1160 3684 1392 3754 πλάνης,
1420 3682 1610 3754 ὥσπερ
1638 3682 1868 3754 φύσημα
1901 3686 1959 3736 ἐν

366 3777 518 3849 αὐλῷ
546 3777 824 3850 διαφόροις
864 3778 1163 3848 κινήμασιν
1195 3776 1424 3829 ἕκαστον
1451 3773 1560 3827 τῶν
1593 3774 1843 3845 ἀφρόνων
1877 3793 1960 3829 κι-

366 3871 490 3926 νοῦν
516 3870 659 3925 κατά
683 3872 784 3942 τῆς
815 3870 1091 3944 ἀληθείας.
1131 3869 1243 3923 Καὶ
1275 3867 1383 3940 γὰρ
1413 3867 1505 3920 καὶ
1536 3867 1700 3931 αὐτὸς
1736 3869 1764 3920 ὁ
1797 3867 1958 3932 αὐλὸς

367 3962 597 4034 μίμημά
628 3963 743 4013 ἐστι
780 3960 875 4015 τοῦ
910 3961 1222 4032 δράκοντος,
1246 3958 1314 4010 δι’
1354 3951 1414 4012 οὗ
1447 3956 1709 4030 ἐλάλησεν
1739 3959 1767 4011 ό
1796 3976 1964 4029 πονη-

661 4116 1054 4189 προυνικεῦσαι
1099 4113 1325 4186 ταύτην.
1433 4115 1453 4145 ¹
1487 4115 1594 4170 lsa.
1652 4115 1966 4179 xxvln,10.

436 4119 602 4189 επ).

361 4282 651 4401 gravatum
676 4274 928 4338 ~videtur.
981 4272 1087 4330 Sed
1118 4287 1278 4328 nemo
1317 4271 1559 4328 notionis
1601 4271 1744 4342 ejus,
1785 4285 1950 4341 quam

414 4345 706 4401 niohanius
748 4346 798 4400 ei
852 4345 974 4400 voci
1029 4345 1257 4401 tribuit.
1309 4346 1640 4398 mentionem
1698 4344 1846 4401 facit,
1892 4349 1950 4395 ut

414 4345 706 4418 piphanius
748 4346 798 4418 ei
852 4345 992 4418 voci_
1029 4345 1277 4418 tr_ibuit,_
1309 4346 1640 4418 mentionem
1698 4344 1846 4418 facit,
1892 4349 1952 4418 ut

363 4413 507 4498 idem
525 4417 608 4498 'sit
627 4417 772 4496 quod
799 4415 1174 4498 πορνεόεσθσι,
1188 4414 1280 4498 ’γει
1306 4413 1569 4496 φθείρειν.
1587 4414 1662 4466 Ac
1684 4413 1952 4498 suspica

364 4489 494 4542 licet
525 4488 591 4566 in_
623 4485 1132 4566 eamsigni'ficatione
1169 4485 1300 4566 dici,
1330 4485 1491 4566 quasi
1514 4485 1860 4566 ngpwxedstv
1899 4491 1954 4564 et
1989 4510 2032 4566 Β

361 4557 646 4630 πορνικὸν.
689 4553 809 4611 Vir'
830 4558 1052 4630 quidam
1102 4556 1299 4610 doctus
1347 4553 1490 4623 apud
1551 4553 1842 4630 Diogenem
1898 4553 1952 4605 in

359 4625 676 4684 Xenocrate
719 4643 908 4682 vocem
947 4628 1094 4682 illam
1141 4642 1310 4681 ausus
1354 4632 1440 4679 est
1495 4625 1816 4683 rescribere,
1857 4638 1954 4692 pro

361 4715 431 4770 eo
474 4697 620 4770 quod
664 4699 840 4770 vulgo,
879 4698 1076 4770 legitur
1123 4693 1435 4770 ﬂopytxoﬁg.
1478 4693 1657 4770 Verba
1698 4693 1954 4770 Diogenis

361 4764 701 4825 hate—sunt:
744 4764 856 4822 Καὶ
925 4764 1108 4820 εἴποτε
1161 4764 1346 4836 μ’έλλοι
1392 4767 1470 4828 εἰς
1529 4765 1664 4818 ἄστυ
1711 4764 1952 4836 ἀπιέναι,

361 4840 500 4911 φασὶ
535 4841 661 4902 τοὺς
689 4835 1302 4911 νθορουϐώδειςῌπάντας
1343 4836 1438 4889 καὶ
1462 4835 1780 4911 ,πορνικοὺς
1820 4835 1954 4886 ὑπο-

362 4906 607 4964 στέλλειν
639 4906 803 4962 αὐτοῦ
829 4912 896 4980 τῇ
931 4907 1168 4980 παρόδῳ.
1201 4906 1822 4980 Vcrluu__sine_veterum
1859 4921 1956 4958 uu-

359 4983 620 5034 (-toritate
681 4976 931 5033 codicum
1000 4976 1152 5033 nefas
1216 4988 1301 5032 est
1364 4976 1567 5043 aliquid
1642 4976 1952 5028 immutare.

357 5051 522 5122 Apud
563 5049 892 5122 Hesychium
934 5064 1098 5122 vero.
1124 5054 1181 5100 ut
1201 5055 1370 5122 __rect_e
1410 5047 1663 5122 observat
1698 5046 1863 5122 idem.
1892 5046 1953 5122 in

362 5115 632 5176 vdcabulo
677 5115 949 5180 Σκίταλοι,
1006 5119 1125 5187 ἀπὸ
1159 5118 1265 5170 τῶν
1317 5117 1666 5187 ἀφροδισίων,
1717 5116 1812 5168 καὶ
1857 5115 1954 5186 τῆς

365 5189 1053 5263 προυνικίαςᾼνυκτερινῆς.
1084 5186 1184 5243 Ubi
1211 5186 1503 5258 προύνικία
1521 5202 1618 5257 pro
1645 5201 1701 5240 re
1727 5200 1954 5240 venerea

368 5261 631 5330 uSurpata
665 5261 900 5315 videtur.

436 5325 548 5403 (67)
579 5330 1003 5403 Kavlavxai);
1022 5329 1232 5403 γὰρέν
1254 5325 1356 5403 τῷ,
1384 5327 1634 5403 Ἡσαΐᾳ.-
1653 5325 1831 5403 Lacus
1865 5325 1957 5403 ille

361 5396 745 5464 Isaiae'xxvut.
769 5417 915 5457 com.
946 5396 1105 5455 {Det
1137 5399 1206 5454 15
1254 5398 1495 5468 legitur;
1542 5397 1636 5453 sui
1692 5396 1957 5452 ltebraica

356 5511 390 5546 a
447 5493 590 5548 LXX
643 5491 971 5548 Senioribus
1025 5491 1341 5569 discrepant
1389 5497 1507 5569 :_1p
1542 5472 1637 5547 ut")
1671 5496 1731 5546 τι
1767 5469 1861 5546 Ἧι)
1896 5495 1958 5545 Ὶὲιτ

359 5598 376 5644 :
422 5596 520 5644 me
560 5592 690 5648 1m
746 5595 843 5646 DtD
893 5592 1025 5648 my:
1081 5566 1178 5651 ποι)
1231 5593 1294 5668 1p
1362 5564 1482 5661 Ἶρι),
1519 5579 1853 5668 Pra'ccptuin
1888 5579 1958 5632 ad

355 5684 707 5744 praeceptum,
758 5690 875 5744 spes
919 5673 991 5727 ad
1049 5688 1222 5741 spem,
1261 5667 1410 5736 etc.;
1449 5669 1536 5744 vel
1563 5667 1959 5744 :_Manda_,_re-

359 5739 589 5825 pianda:
645 5739 924 5825 exspecta,
971 5739 1315 5825 recaspecta;
1370 5741 1516 5823 quod
1575 5739 1656 5825 de.
1692 5740 1957 5825 sacrilega

361 5815 583 5872 miinesi
620 5830 683 5870 ac
714 5809 1008 5872 dicacitate
1040 5812 1353 5868 Judaeorum
1389 5809 1791 5878 interpretatur
1829 5809 1955 5864 Hic-

2072 1943 2284 2009 formis,
2307 1962 2372 1999 ac
2394 1945 2823 2001 subsistentibus
2843 1946 3152 2015 principiis,
3183 1953 3259 2008 et,
3281 1953 3340 1998 ut
3363 1945 3436 1998 ita
3454 1944 3654 2006 dicam,

2072 2037 2490 2093 simulacrorum
2539 2040 2842 2110 figmentis,
2893 2038 3022 2102 dum
3055 2053 3194 2091 vana
3232 2037 3324 2091 illa
3372 2035 3658 2091 nominum

2071 2133 2365 2212 ambitione
2387 2133 2674 2187 rudiorum
2706 2132 2984 2188 mentibus
3008 2147 3254 2188 errorem
3287 2148 3447 2187 suum
3471 2146 3662 2200 asper-

2069 2229 2225 2291 gunt,
2260 2240 2370 2292 quo
2403 2231 2616 2294 turpem
2659 2224 2806 2278 illam
2847 2240 2911 2279 ac
2945 2224 3248 2280 fabulosam
3282 2234 3456 2278 artem
3487 2223 3659 2278 latius

2069 2313 2361 2382 dissipent?
2391 2315 2606 2369 Etenim
2631 2331 2733 2369 vox
2769 2317 2860 2369 illa
2889 2316 3274 2371 Caulaucauch
3298 2316 3440 2386 apud
3465 2315 3657 2370 Isaiam

2070 2404 2274 2473 scripta
2330 2405 2530 2474 legitur
2565 2405 2619 2458 in
2652 2405 2982 2460 duodecima
3018 2407 3234 2461 visione
3258 2445 3272 2471 ,
3305 2419 3430 2474 cum
3477 2405 3552 2458 ita
3581 2406 3660 2458 lo-

2069 2497 2257 2564 quitur
2291 2515 2303 2551 :
2340 2496 2763 2551 Tribulationem
2796 2513 2952 2566 super
2982 2497 3358 2560 tribulatione,
3397 2512 3540 2564 spem
3571 2512 3660 2548 su-

2066 2601 2158 2652 per
2186 2603 2274 2654 spe
2298 2602 2316 2639 :
2345 2586 2519 2640 adhuc
2533 2587 2836 2655 paululum,
2858 2588 3138 2656 paululum
3161 2587 3331 2642 adhuc
3352 2597 3596 2656 exspecta
3613 2587 3656 2639 ³.

2069 2676 2249 2742 Quare
2287 2679 2520 2748 ipsamet
2549 2679 2821 2736 llebraica
2857 2683 3055 2746 verba,
3092 2680 3321 2735 totidem
3355 2688 3415 2733 ut
3445 2680 3557 2732 illic
3583 2680 3661 2733 Ie-

2067 2774 2271 2834 guntur
2294 2767 2567 2837 descripta
2590 2769 2814 2839 syllabis
2842 2770 2944 2824 hoc
2970 2771 3090 2824 loco
3113 2770 3426 2839 subjiciam.
3447 2768 3661 2839 Quippe

2068 2855 2212 2913 Tsau
2244 2859 2441 2924 latsau,
2475 2868 2596 2915 tsau
2621 2863 2823 2926 latsau,
2858 2861 3256 2915 tribulationem
3295 2876 3450 2929 super
3485 2862 3657 2913 tribu-

2069 2951 2316 3006 lationem
2345 2995 2359 3016 ,
2416 2955 2707 3024 significat.
2768 2955 3067 3020 Caulacau,
3117 2970 3258 3022 spent
3302 2968 3455 3022 super
3489 2967 3652 3020 spem.

2067 3045 2198 3096 Zcer
2217 3044 2426 3107 sellam,
2461 3061 2586 3100 zeer
2607 3046 2818 3111 scham,
2841 3046 3013 3100 adhuc
3045 3046 3344 3113 paululum,
3378 3045 3657 3114 paululum

2067 3134 2238 3187 adhuc
2267 3144 2533 3202 exspecta.
2562 3135 2795 3190 Ubinam
2821 3136 2989 3206 igitur
3021 3145 3105 3189 est
3129 3137 3346 3188 illorum
3381 3150 3656 3189 commen-

2067 3227 2223 3279 tu-m?
2257 3224 2355 3280 Ubi
2387 3228 2746 3282 vanissimum
2791 3227 2920 3281 illud
2967 3228 3244 3282 somnium
3295 3227 3439 3281 fetus
3475 3228 3656 3281 instar

2061 3319 2130 3373 ab
2154 3318 2276 3372 istis
2305 3321 2672 3390 conceptum?
2698 3318 2853 3375 Unde
2893 3321 3006 3375 lucc
3059 3321 3113 3375 in
3162 3318 3368 3373 mundo
3399 3319 3609 3373 zizania
3637 3321 3656 3373 ?

2061 3411 2321 3477 Quaenam
2353 3428 2525 3482 genus
2556 3412 2660 3467 hoc
2685 3411 2968 3466 hominum
3000 3412 3310 3465 necessitas
3335 3412 3532 3480 coegit,
3553 3411 3655 3465 sibi

2063 3509 2123 3554 ut
2179 3501 2557 3554 voluntariqu
2614 3500 2843 3554 exitium
2904 3499 3357 3556 consciscerent?
3393 3500 3448 3552 Si
3511 3501 3656 3554 enim

2064 3589 2337 3661 ejusmodi
2387 3591 2653 3645 voeabula
2707 3607 2832 3660 cum
2888 3607 3078 3646 eorum
3119 3593 3230 3646 vim
3290 3592 3653 3661 intelligerent

2066 3685 2371 3754 perniciosa
2408 3686 2784 3740 ludificatione
2813 3686 3189 3747 detorscrunt,
3217 3684 3507 3738 manifeste
3530 3685 3654 3738 sibi-

2065 3776 2314 3845 metipsis
2351 3778 2480 3831 mali
2531 3787 2786 3832 auctores
2830 3777 3054 3831 fuerunt
3084 3797 3095 3831 :
3125 3778 3207 3832 sin
3255 3793 3351 3846 per
3399 3777 3653 3845 ignoran-

2066 3868 2195 3920 tiam
2232 3884 2353 3938 quae
2398 3871 2675 3925 nescirent
2720 3871 3145 3938 usurpaverint,
3200 3869 3336 3923 nihil
3387 3869 3472 3923 bis
3529 3869 3654 3938 fingi

2071 3968 2253 4029 potest
2286 3959 2579 4015 infelicius.
2635 3959 2842 4014 Stolida
2875 3961 3081 4030 quippe
3130 3968 3259 4014 sunt
3306 3960 3458 4024 haec,
3493 3967 3654 4029 atque

2058 4286 2342 4343 ronymus.
2371 4267 2438 4321 At
2468 4265 2612 4343 LXX
2640 4265 2880 4343 :_0MLj/tq
2905 4265 3000 4343 ἐπὶ
3029 4263 3228 4343 θλίψιν,
3268 4263 3424 4327 ἐλπὶς
3448 4264 3536 4316 ἐπ’
3569 4263 3652 4316 ἐλ-

2058 4336 2191 4395 πίδι.
2229 4342 2351 4393 Ἔτι
2395 4338 2624 4408 μικρὸν,
2673 4336 2753 4389 ἔτι
2799 4337 3014 4407 μικρόν.
3049 4337 3308 4408 Videntur
3334 4345 3414 4393 '13
3451 4350 3552 4404 pro
3587 4344 3651 4394 ‘1]:

2057 4412 2277 4485 legisse.
2318 4403 2587 4485 Necjdeo
2636 4403 3098 4485 aecus'andusest
3137 4403 3648 4485 Epiphaniuspufa

2061 4475 2248 4538 n€scio
2278 4495 2387 4550 quo
2441 4477 2646 4532 factum
2696 4475 3321 4550 est,quasimllebraice
3368 4476 3647 4550 nescierit.

2059 4547 2326 4609 llebraica
2367 4558 2425 4604 ut
2461 4555 2618 4604 erant
2655 4547 2952 4617 exscripsit
2995 4547 3118 4613 ille;
3169 4555 3284 4617 tum
3329 4547 3394 4600 ad
3438 4547 3653 4616 singula

2056 4625 2322 4678 vocabula
2346 4621 2588 4674 Grzccam
2613 4615 3120 4688 interpretationem
3156 4615 3427 4687 adjunxit,
3459 4615 3652 4686 cujus-

2057 4695 2203 4747 modi
2237 4694 2290 4746 in
2329 4691 2569 4744 Ecclesia
2602 4687 2802 4757 passim
2835 4687 3082 4742 exaudiri
3115 4689 3328 4757 solebat
3355 4707 3366 4742 :
3395 4696 3449 4742 et
3478 4688 3652 4757 ἑρμη-

2056 4764 2296 4824 νεύεται,
2330 4763 2487 4822 dixit,
2522 4756 2625 4813 hoc
2659 4767 2748 4813 est
2784 4760 2856 4812 ita
2910 4773 2940 4812 a
2990 4756 3130 4812 LXX
3177 4758 3446 4814 redditur.
3496 4756 3650 4823 Quod

2057 4843 2238 4888 autem
2274 4833 2414 4887 idem
2453 4831 2542 4884 ille
2577 4840 2784 4893 censet,
2817 4828 3118 4884 Nicolaitas
3164 4829 3523 4900 impurissimi
3559 4825 3650 4900 Dei

2057 4906 2143 4959 sui
2172 4919 2370 4958 nomen
2394 4900 2770 4971 Καυλαυκαύχ
2797 4917 2826 4954 e
2859 4901 2994 4970 psal.
3026 4916 3150 4954 xxix
3175 4898 3480 4969 sumpsisse
3512 4917 3525 4952 :
3555 4898 3650 4960 ubi

2057 4997 2133 5050 ita
2179 4996 2447 5065 scriptum
2496 4999 2583 5048 est
2635 5004 2750 5054 n21
2786 4976 2878 5079 51p
2916 5009 3014 5047 vox
3049 4992 3314 5055 robusta;
3355 5005 3421 5044 ac
3452 5005 3650 5059 perpe-

2060 5103 2175 5140 ram
2209 5085 2575 5155 Epiphanium
2603 5099 2670 5137 ex
2693 5083 2828 5155 l_sai_a
2858 5081 3224 5155 transtulisse,
3245 5079 3375 5155 mihi
3401 5095 3508 5132 non
3535 5095 3642 5155 pro

2057 5158 2150 5210 hat
2177 5175 2192 5217 ;
2223 5150 2347 5210 nam
2375 5156 2481 5209 illis
2522 5155 2656 5224 ipsis
2706 5152 2857 5207 Isaiae
2883 5152 3086 5224 verbis
3130 5152 3332 5224 abusos
3364 5150 3648 5224 haereticos

2061 5228 2219 5282 testis
2253 5237 2337 5281 est
2380 5219 2630 5286 Hieron,
2675 5224 2834 5292 cujus
2883 5222 2997 5276 haec
3041 5221 3202 5292 verba
3239 5229 3412 5292 sunt:
3453 5219 3647 5292 (lisque

2058 5298 2224 5351 verbis
2254 5296 2402 5350 abuti
2437 5298 2570 5349 solet
2601 5289 3028 5347 immundis-sima
3076 5291 3290 5343 hwresis
3335 5289 3474 5358 apud
3519 5293 3639 5343 sim-

2058 5371 2220 5436 plices
2256 5383 2487 5437 quosque
2516 5375 2672 5434 atque
2700 5364 2958 5437 deceptos,
2994 5371 3050 5414 ut
3080 5371 3331 5437 terrorem
3362 5361 3526 5437 faciat
3554 5376 3646 5414 no-

2061 5431 2220 5492 uitate
2252 5431 2551 5491 sermonum
2571 5431 2596 5498 ;’
2616 5435 2754 5504 quod
2785 5434 2981 5487 scilicet
3010 5433 3098 5504 qui
3136 5431 3246 5504 haec
3280 5433 3434 5504 verba
3457 5447 3636 5504 cogno-

2062 5512 2211 5569 verit,
2246 5519 2296 5562 et
2323 5511 2376 5559 in
2409 5509 2550 5559 coitu
2572 5501 2753 5558 eorum
2781 5503 3095 5564 meminerit,
3125 5501 3318 5570 absque
3356 5501 3467 5554 ulla
3495 5501 3638 5553 dubi-

2064 5581 2264 5632 tatione
2311 5587 2546 5631 transeat
2602 5575 2670 5627 ad
2715 5591 2874 5644 regna
2919 5575 3189 5644 caelorum.
3239 5570 3455 5644 Nicetas
3501 5572 3642 5625 lib.l

2066 5650 2324 5703 Thesauri
2356 5648 2647 5702 Nicolaitas
2694 5642 2888 5699 scribit
2928 5643 3224 5699 Prunicum
3267 5642 3642 5707 mulierem,et

2061 5721 2394 5776 Caulaucam
2421 5726 2711 5774 veneratos
2735 5730 2878 5772 esse.
