4204 6370
485 360 596 420 5‘37

1899 357 1956 414 S.
1998 357 2338 415 EPlPlMNll

3668 360 3774 416 523

488 476 762 540 ridicula;
795 490 917 546 quae
941 473 1196 545 quisquis
1227 471 1498 528 divinitus
1513 473 1865 544 prudentiam
1891 484 2089 530 nactus

2196 476 2309 546 ρὸς,
2345 475 2438 529 καὶ
2484 478 2732 548 ἡπάτησε
2785 479 2884 549 τήν
2932 477 3096 531 Εὕαν.
3148 478 3281 531 Ἀπὸ
3315 477 3408 530 τοῦ
3453 475 3621 528 τύπου
3666 477 3771 549 γὰρ

490 571 564 628 sit
618 569 771 624 nullo
825 569 1046 638 negotio
1092 566 1397 638 pervideat.
1463 565 1747 636 Siquidem
1788 569 2086 638 voluptatis

492 659 666 731 gratia
729 675 853 712 cum
893 659 1143 728 seipsos,
1191 665 1306 711 tum
1348 673 1490 728 quos
1534 657 1738 712 habent
1783 669 2086 714 sectatores

494 750 872 822 perdiderunt,
917 749 1264 820 perduntque
1290 748 1556 819 quotidie.
1593 748 1656 802 Et
1677 749 1898 820 quidem
1927 765 2088 803 erro-

496 843 574 898 ris
608 844 699 898 ille
735 843 963 912 spiritus
999 841 1223 912 quidam
1247 842 1394 895 velut
1421 842 1474 893 in
1505 841 1636 894 tibia
1663 841 1824 895 ﬂatus
1850 851 1959 902 est.
1990 842 2084 911 qui

495 950 946 1004 unumquemque
969 934 1345 1003 insipientium
1367 933 1649 987 hominum
1692 934 1927 989 diversis
1954 950 2088 988 con-

495 1037 581 1081 tra
617 1029 900 1081 veritatem
947 1027 1324 1098 aguitiouibus
1354 1035 1687 1082 commovet.
1736 1027 1916 1099 Atque
1949 1030 2085 1085 adeo

495 1124 633 1177 tibia
670 1121 943 1192 serpentis
984 1120 1212 1190 liguram
1245 1120 1450 1173 imitari
1488 1120 1735 1186 videtur,
1780 1135 1877 1190 per
1920 1137 2082 1191 quem

499 1215 678 1267 malus
713 1213 926 1266 dmmon
960 1213 1179 1267 locutus
1201 1219 1306 1276 est,
1333 1219 1498 1280 atque
1529 1209 1694 1264 Evam
1727 1210 1964 1280 decepit.
2003 1213 2085 1264 Ad

497 1301 660 1370 cujus
689 1303 972 1370 exemplar
1027 1315 1290 1370 expressa
1317 1339 1332 1363 ,
1366 1310 1420 1354 et
1467 1300 1535 1353 ad
1577 1299 1878 1354 humanum
1911 1317 2083 1371 genus

498 1391 831 1446 illuilendum
856 1390 1105 1446 confecta
1135 1391 1266 1445 tibia
1294 1401 1397 1446 est.
1430 1389 1510 1444 Tu
1536 1407 1665 1446 vero
1690 1400 1744 1446 et
1773 1393 1921 1446 illam
1952 1395 2085 1448 mihi

496 1485 727 1556 elligiem
765 1486 1012 1548 intuere,
1044 1499 1208 1552 quam
1243 1484 1336 1553 qui
1383 1483 1514 1537 tibia
1556 1483 1705 1537 canit
1753 1483 1806 1536 in
1843 1500 1965 1538 sese
1998 1500 2083 1538 re-

499 1585 811 1646 praesentat.
862 1576 960 1630 Hic
1011 1579 1154 1630 enim
1209 1590 1430 1630 sursum
1476 1574 1669 1628 faciem
1721 1574 1961 1641 attollit,
2011 1590 2075 1630 ac

2191 567 2403 618 ἐκείνου
2439 566 2581 619 κατὰ
2630 569 2862 638 μίμησιν
2911 571 2938 621 ὁ
2989 568 3149 632 αὐλὸς
3197 571 3305 629 τοῖς
3354 564 3661 637 ἀνθρώποις
3696 567 3775 628 είς

2192 662 2409 729 ἀπάτην
2443 659 2876 730 κατεσκευάσθη.
2920 661 3030 712 Καὶ
3053 661 3154 732 ὅρα
3186 659 3275 712 τὸν
3307 659 3496 721 τύπον,
3528 657 3586 709 ὃν
3616 657 3778 720 αὐτὸς

2191 755 2219 804 ὁ
2253 753 2432 806 αὐλῶν
2467 755 2524 805 ὲν
2559 752 2636 822 τῷ
2682 751 2830 822 αύλῷ
2863 754 3116 806 ποιεῖται.
3147 751 3334 805 Αὐλῶν
3366 752 3474 822 γὰρ
3511 751 3621 804 ἄνω
3647 751 3778 801 ἀνα-

2416 845 2510 898 καὶ
2562 846 2713 898 κάτω
2770 846 3095 898 κατανεύει·
3140 843 3289 908 δεξιά
3341 861 3400 896 τε
3456 843 3627 896 κλίνει
3685 841 3778 894 καὶ

2194 937 2449 1008 εὐώνυμα
2479 939 2679 1009 ὁμοίως
2709 939 2922 1008 ἐκείνῳ.
2959 938 3181 1001 Τούτοις
3215 938 3322 1008 γὰρ
3358 936 3449 989 καὶ
3483 939 3509 988 ὁ
3534 934 3776 995 διάϐολος

2191 844 2358 906 νεύεα

2192 1033 2306 1095 τοῖς
2353 1032 2596 1101 σχήμασι
2638 1031 2923 1101 κέχρηται,
2975 1031 3063 1084 ἵνα
3106 1030 3247 1083 κατὰ
3298 1030 3405 1080 τῶν
3440 1027 3777 1098 ἐπουρανίων

2195 1119 2492 1189 ἐνδείξηται
2519 1120 2616 1189 τὴν
2646 1119 3011 1190 βλασφημίαν,
3044 1120 3136 1171 καὶ
3158 1119 3225 1172 τὰ
3261 1119 3351 1170 ἐπὶ
3378 1118 3476 1187 τῆς
3504 1116 3606 1186 γῆς
3639 1117 3778 1184 ἀφα-

2194 1210 2372 1280 νισμῷ
2415 1211 2676 1281 ἀφανίσῃ,
2715 1213 2807 1264 καὶ
2844 1210 2980 1281 ὁμοῦ
3037 1211 3419 1282 συμπεριλάεῃ
3461 1209 3557 1279 τὴν
3602 1211 3780 1260 οἰκου-

2197 1303 2384 1372 μένην,
2418 1301 2567 1368 δεξιά
2606 1321 2665 1355 τε
2708 1306 2801 1357 καὶ
2833 1304 3089 1376 εὐώνυμα
3127 1303 3522 1372 λυμαινόμενος
3557 1302 3682 1362 τοὺς
3711 1301 3777 1370 τῇ

2195 1394 2369 1464 πλάνῃ
2407 1396 2760 1466 πειθομένους
2811 1414 2868 1449 τε
2914 1397 3006 1449 καὶ
3054 1395 3433 1465 θελγομένους,
3471 1392 3660 1462 ὥσπερ
3693 1391 3780 1444 διὰ

2193 1489 2456 1558 μουσικοῦ
2512 1492 2764 1561 ὀργάνου,
2820 1495 2939 1555 ταῖς
3005 1493 3207 1560 φωναῖς
3273 1491 3394 1550 ταῖς
3429 1485 3780 1555 πεπλανημέο

2181 1597 2318 1644 ναις.

496 1673 756 1726 deorsum
794 1670 1048 1731 demittit,
1097 1677 1211 1721 tum
1248 1669 1316 1722 ad
1373 1668 1568 1722 dextra
1607 1666 1944 1736 sinistraque
1991 1668 2222 1738 perinde
2283 1680 2343 1725 ut
2405 1673 2496 1728 ille
2529 1675 2727 1744 vergit.
2793 1673 3008 1744 Quippe
3049 1673 3304 1728 diabolus
3352 1671 3487 1727 iisce
3532 1669 3778 1743 gestibus

501 1765 696 1830 utitur,
724 1771 784 1816 ut
815 1761 1206 1816 contumeliam
1240 1760 1296 1812 in
1323 1773 1552 1829 superos
1587 1767 1844 1825 ostentet,
1876 1767 1930 1814 et
1958 1776 2083 1830 qua:
2111 1764 2165 1816 in
2217 1772 2364 1818 terra
2394 1773 2524 1820 sunt
2559 1765 2806 1822 funditus
2845 1774 3086 1829 evertat,
3147 1775 3437 1836 totumque
3482 1765 3618 1818 adeo
3669 1773 3780 1815 ter-

498 1873 684 1912 rarum
720 1855 910 1911 orbem
961 1854 1152 1908 eodem
1197 1854 1367 1909 exitio
1420 1851 1892 1922 comprehendat,
1952 1853 2084 1908 dum
2123 1855 2313 1911 dextra
2346 1860 2551 1927 pariter
2573 1875 2637 1914 ac
2669 1860 2893 1916 sinistra
2941 1859 3239 1930 perniciem
3275 1859 3344 1912 iis
3372 1858 3528 1913 aliert
3582 1854 3677 1926 qui
3723 1854 3778 1907 in

497 1955 619 2023 ejus
653 1969 707 2008 se
772 1949 1018 2005 fraudem
1073 1949 1461 2015 committunt,
1492 1963 1556 2002 ac
1598 1948 1680 2002 sic
1723 1956 1988 2020 tanquam
2021 1952 2236 2008 musico
2288 1954 2658 2011 instrumento
2721 1957 2833 2027 80
2882 1956 3250 2012 fraudulentis
3300 1956 3450 2012 illius
3509 1952 3778 2011 sermoni-

500 2047 603 2101 bus
635 2043 964 2098 alliciuutur.

573 2141 634 2196 ν.
666 2143 807 2195 Sunt
842 2149 894 2193 et
929 2138 1022 2192 alii
1057 2136 1281 2207 quidam
1330 2151 1394 2190 ex
1447 2135 1827 2190 haereticorum
1870 2137 2089 2192 illorum

2263 2139 2340 2194 E'.
2376 2138 2558 2193 Ἀλλοι
2603 2141 2658 2194 δέ
2710 2159 2852 2205 τινες
2896 2139 2955 2207 ἐξ
2989 2141 3171 2196 αὐτῶν
3205 2141 3338 2216 κενά
3385 2158 3506 2194 τινα
3539 2141 3778 2212 ὀνόματα

501 2253 686 2308 grege,
716 2235 810 2306 qui
857 2235 1040 2288 inania
1075 2233 1327 2303 quaadam
1358 2233 1582 2286 nomina
1610 2233 1960 2304 confingunt,
1991 2235 2091 2288 ita-

498 2347 606 2400 que
629 2329 852 2383 dicuut:
878 2325 1038 2397 initio
1061 2324 1340 2386 tenebras,
1367 2338 1432 2377 ac
1455 2323 1794 2394 voraginem,
1820 2333 1873 2378 et
1892 2340 2092 2394 aquam

502 2423 675 2476 fuisse
704 2439 716 2474 :
750 2435 870 2490 quae
896 2434 923 2471 a
950 2434 1008 2474 se
1032 2419 1269 2472 invicem
1295 2416 1522 2485 spiritus
1541 2416 1858 2471 secreverit.
1888 2416 2090 2472 Verum

503 2516 741 2569 tenebrae
785 2522 977 2566 contra
1013 2510 1266 2580 spiritum
1317 2508 1603 2562 iracundia
1636 2525 1699 2562 ac
1745 2508 1933 2564 furore
1968 2526 2092 2580 per-

500 2608 625 2660 Ciiiﬁ
675 2620 897 2661 SUI‘SIIlll
933 2612 1292 2657 excurrentes
1337 2616 1462 2654 ειιηι
1493 2617 1560 2655 eo
1599 2616 1909 2670 COIIgN‘SSEB
1939 2614 2087 2657 sunt.

503 2698 632 2752 lnile
664 2697 863 2750 matrix
896 2695 1086 2751 nescio
1135 2710 1258 2763 qum
1304 2693 1487 2763 genita
1524 2694 1752 2776 prodiit,
1788 2709 1910 2764 quae
1939 2695 2093 2763 ejus-

503 2789 628 2842 dem
658 2787 887 2856 spiritus
911 2784 1372 2839 consuetudinem
1393 2783 1640 2853 appetiit.
1669 2783 1746 2836 Ex
1768 2800 1941 2854 eaque
1961 2800 2092 2854 qua-

503 2888 631 2932 tuor
662 2877 870 2932 Aiones
895 2877 1148 2948 producti
1165 2875 1413 2930 sunt.Ab
1436 2875 1520 2927 his
1551 2891 1639 2928 xlv
1659 2875 1750 2928 alii
1779 2878 2080 2945 procreati.

504 2969 636 3024 Item
669 2970 860 3024 dextra
885 3010 898 3032 ,
931 2968 1285 3036 sinistraque,
1351 2983 1567 3020 necnon
1605 2968 1788 3021 lumen
1842 2983 1906 3021 ac
1946 2975 2093 3022 tene-

502 3061 634 3115 brae.
667 3059 978 3114 Secundum
999 3059 1098 3114 hos
1118 3074 1309 3114 omnes
1329 3066 1542 3128 turpem
1566 3057 1854 3128 quemdam
1880 3074 2089 3113 (nonem

501 3151 707 3206 editum
739 3157 992 3212 narrant,
1023 3163 1258 3217 eumque
1292 3163 1418 3201 cum
1449 3163 1536 3210 ea,
1569 3162 1734 3217 quam
1769 3149 1934 3217 paulo
1963 3156 2090 3203 ante

501 3243 766 3306 (lximus,
798 3241 1026 3294 matrice
1057 3240 1253 3294 coiisse
1291 3256 1303 3291 :
1337 3247 1389 3292 et
1419 3238 1486 3292 ab
1518 3250 1751 3307 utroque
1774 3238 1908 3292 deos
1928 3247 2091 3309 atque

503 3335 751 3404 angelos,
777 3340 830 3386 et
856 3333 1159 3395 daemones,
1193 3347 1256 3385 ac
1290 3339 1498 3400 septem
1524 3331 1754 3400 spiritus
1780 3336 1961 3385 ortum
1987 3331 2088 3384 ha-

504 3427 716 3481 buisse.
752 3425 856 3480 Sed
887 3425 1211 3480 histrionica
1248 3425 1339 3478 illa
1382 3424 1641 3494 ﬁgmenta
1677 3424 1830 3479 nullo
1867 3425 2088 3496 negotio

505 3517 835 3586 deteguntur
867 3535 879 3570 :
912 3532 1036 3569 nam
1093 3532 1216 3570 cum
1271 3532 1440 3570 unum
1478 3516 1637 3571 initio
1691 3514 1909 3571 Patrem
1966 3517 2092 3571 deﬁ—

506 3609 680 3672 niant,
710 3606 944 3662 subinde
982 3607 1166 3677 plures
1191 3607 1324 3662 deos
1346 3608 1668 3672 ostendunt,
1703 3617 1762 3662 ut
1796 3611 2093 3678 ipsummet

503 3713 750 3755 errorem
787 3715 885 3754 sua
918 3707 1111 3754 contra
1156 3716 1214 3755 se
1259 3701 1666 3770 quodammodo
1705 3717 1920 3757 armare
1948 3718 2095 3756 men-

506 3790 660 3845 dacia
693 3799 1151 3858 cmnmonstrent,
1178 3807 1241 3846 ac
1272 3793 1515 3862 scipsum
1547 3802 1828 3860 evertere;
1858 3809 1983 3847 cum
2019 3793 2097 3847 in-

503 3885 666 3940 terim
694 3885 842 3940 omni
873 3900 938 3939 ex
968 3893 1123 3955 parte
1163 3886 1456 3957 perspicua
1489 3887 1694 3942 veritas
1731 3893 2018 3958 appareat.

578 4169 667 4226 Vl.
693 4169 833 4238 Quid
870 4182 954 4226 est
981 4171 1168 4242 igitur,
1205 4172 1458 4237 Nicolae,
1487 4174 1582 4229 tibi
1607 4177 1751 4244 quod
1780 4178 2097 4246 apponam?

505 4262 768 4333 quidnam
797 4264 1126 4332 disputabo?
1157 4265 1312 4320 Unde
1359 4266 1517 4321 nobis
1559 4259 1780 4338 turpem
1812 4269 1963 4322 illmn
2002 4285 2097 4323 ne-

507 4352 627 4406 scio
658 4368 817 4422 quem
855 4371 1084 4420 a-onem,
1115 4369 1178 4409 ac
1225 4357 1483 4426 nequitia:
1514 4359 1757 4413 radicem
1779 4401 1794 4419 .
1820 4370 1874 4413 et
1905 4361 2096 4423 l'ecune

508 4442 636 4497 dam
665 4444 809 4497 illam
838 4445 1116 4499 matricem
1150 4462 1213 4501 ac
1239 4447 1478 4518 denique
1515 4449 1702 4519 plures
1735 4449 1867 4506 deos
1899 4467 1961 4505 ac
1986 4453 2096 4506 da:-

508 4547 702 4586 mones
732 4532 1130 4588 invehis?Nam
1149 4537 1296 4605 quod
1322 4537 1389 4591 ad
1412 4537 1732 4608 Apostolum
1753 4542 1945 4596 attinet
1969 4558 2093 4596 cum

511 4621 579 4676 iis
604 4623 788 4676 verbis
834 4625 1010 4677 utitur
1048 4626 1064 4656 ¹
1102 4645 1115 4681 :
1154 4627 1215 4681 Si
1240 4638 1359 4682 sunt
1390 4631 1479 4700 qui
1511 4631 1846 4699 appellantur
1873 4633 1969 4696 dii,
1999 4652 2094 4692 eos

509 4730 782 4784 nusquam
800 4731 925 4771 esse
945 4718 1238 4788 signiﬁcat.
1266 4720 1401 4774 Cum
1428 4723 1595 4782 enim,
1623 4727 1714 4794 qui
1738 4727 2090 4794 appellantur,

2196 2232 2619 2295 ἀναπλάττουσι,
2651 2231 2921 2300 λέγοντες,
2945 2234 3026 2285 ὅτι
3044 2233 3245 2294 Σκότος
3273 2228 3341 2303 ἦν
3371 2233 3467 2286 καὶ
3495 2232 3655 2302 βυθὸς
3688 2234 3780 2286 καὶ

2196 2324 2366 2396 ὕδωρ·
2421 2323 2481 2377 τὸ
2523 2324 2578 2377 δὲ
2627 2323 2844 2394 πνεῦμα
2892 2323 2995 2377 ἀνὰ
3040 2325 3203 2395 μέσον
3248 2323 3454 2377 τούτων
3503 2325 3780 2394 διορισμὸν

2195 2416 2488 2487 ἐποιήσατο
2524 2416 2725 2469 αὐτῶν.
2755 2414 2828 2468 Τὸ
2849 2415 2906 2468 δὲ
2935 2415 3124 2479 σκότος
3155 2411 3224 2486 ἦν
3247 2415 3569 2485 χαλεπαῑνὸν
3593 2433 3650 2468 τε
3685 2416 3780 2468 καὶ

2194 2507 2453 2576 ὲγκοτοῦν
2485 2507 2562 2578 τῷ
2602 2507 2874 2578 πνεύματι
2895 2525 2910 2540 ο
2941 2509 3078 2578 ὅπερ
3109 2510 3298 2570 σκότος
3337 2507 3649 2580 ἀναδραμὸν
3684 2525 3780 2561 πε-

2198 2599 2463 2672 ριεπλάκη
2487 2599 2564 2670 τῷ
2587 2600 2877 2671 πνεύματι.
2903 2601 3012 2653 Kal.
3041 2600 3320 2671 ἐγέννησε.
3346 2601 3499 2670 φησι,
3522 2599 3645 2652 τινὰ
3674 2601 3780 2672 μή-

2192 2710 2328 2764 τραν
2378 2692 2740 2764 καλουμένην,
2793 2695 2914 2763 ἥτις
2962 2691 3287 2764 γεννηθεῖσα
3329 2693 3680 2762 ὲνεκίσσησεν
3723 2695 3782 2745 ἐν

2193 2783 2343 2854 αύτῷ
2374 2783 2450 2854 τῷ
2485 2783 2775 2854 πνεύματι.
2822 2784 2916 2836 Ἐκ
2947 2783 3002 2836 δὲ
3033 2783 3135 2853 τῆς
3180 2785 3393 2855 μήτρας
3435 2783 3778 2856 προεϐλήθη-

2195 2877 2294 2929 σάν
2335 2893 2478 2939 τινες
2535 2875 2798 2946 τέσσαρες
2845 2875 3082 2939 Λίὦνες’
3120 2876 3184 2928 ἐκ
3233 2876 3290 2928 δὲ
3338 2877 3446 2929 τῶν
3502 2877 3781 2946 τεσσάρων

2193 2965 2412 3019 Αίώνων
2440 2967 2586 3019 ἄλλοι
2612 2967 3031 3037 δεκατέσσαρες,
3067 2967 3160 3019 καὶ
3192 2967 3382 3034 γέγονε
3429 2966 3579 3032 δεξιά
3602 2983 3660 3018 τε
3689 2967 3783 3020 καὶ

2193 3059 2481 3129 ἀριστερὰ,
2516 3059 2630 3127 φῶς
2661 3059 2756 3112 καὶ
2799 3060 3007 3122 σκότος.
3069 3059 3336 3129 ’Ύστερον
3369 3059 3425 3112 δὲ
3463 3057 3599 3129 μετὰ
3640 3059 3782 3112 πάν-

2192 3170 2290 3216 τας
2321 3153 2542 3216 τούτους
2569 3152 2971 3223 προϐεϐλῆσθαι
2998 3170 3115 3205 τινα
3141 3153 3368 3224 αἰσχρὸν
3395 3154 3584 3214 αἰῶνα,
3615 3153 3782 3222 μεμί-

2193 3245 2319 3315 χθαι
2378 3245 2433 3298 δὲ
2463 3245 2654 3298 τοῦτον
2688 3247 2756 3316 τῇ
2800 3247 2983 3316 μήτρᾳ
3028 3247 3092 3315 τῇ
3127 3245 3240 3298 ἀνω
3285 3245 3777 3318 προδεδηλωμένῃ⁶

2198 3337 2294 3389 καὶ
2325 3337 2386 3388 ἐκ
2416 3335 2608 3389 τούτου
2649 3335 2743 3388 τοῦ
2791 3334 2984 3397 αἰῶνος
3024 3335 3117 3387 τοῦ
3162 3335 3390 3406 αίσχροῦ
3425 3335 3642 3403 καὶτῆς
3677 3337 3782 3407 μή-

2194 3444 2326 3495 τρας
2357 3427 2638 3496 γεγονέναι
2682 3425 2836 3489 Θεούς
2861 3443 2920 3479 τε
2949 3426 3042 3479 καὶ
3070 3427 3196 3490 τοὺς
3242 3429 3303 3495 ἀγ
3318 3427 3508 3496 γέλοιος
3535 3429 3628 3485 καὶ
3664 3427 3784 3480 δαί-

2200 3538 2385 3592 μονας,
2423 3523 2515 3574 καὶ
2548 3521 2687 3574 ἑπτὰ
2712 3521 3022 3590 πνεύματα.
3055 3521 3284 3592 Φωρατὴ
3318 3523 3374 3574 δὲ
3402 3521 3606 3575 τούτων
3628 3524 3660 3593 ή
3683 3522 3784 3591 τῆς

2196 3613 2406 3683 πλάνης
2443 3613 2752 3684 μιμολογία.
2799 3611 2918 3664 Ἀπ’
2958 3611 3134 3684 ἀρχῆς
3169 3613 3278 3683 γὰρ
3309 3614 3406 3668 ἕνα
3439 3614 3658 3686 Πατέρα
3699 3614 3785 3666 λέ-

2195 3722 2383 3772 γοντες
2414 3707 2510 3759 καὶ
2546 3705 2873 3777 ὁριζόμενοι,
2911 3704 3136 3776 ὕστερον
3176 3706 3404 3771 πολλοὺς
3457 3706 3612 3771 θεοὺς
3648 3706 3780 3760 ὑπέ-

2197 3816 2393 3869 φηναν,
2421 3799 2500 3861 είς
2546 3797 2605 3851 τὸ
2629 3798 2798 3863 δεῖξαι
2839 3797 3010 3868 αὐτὴν
3041 3796 3140 3868 τὴν
3176 3797 3384 3868 πλάνην
3430 3798 3550 3851 καθ’
3583 3798 3783 3867 ἑαυτῆς

2195 3888 2264 3941 τὰ
2313 3890 2403 3941 ὑπ’
2433 3889 2601 3957 αὐτῆς
2649 3887 2819 3958 ψευδῆ
2867 3887 3138 3957 λεγόμενα
3180 3886 3442 3951 ὁπλίζειν,
3485 3888 3685 3958 ἑαυτήν
3725 3887 3782 3940 δὲ

2195 3980 2364 4042 λύειν,
2394 3981 2494 4051 τῆς
2522 3981 2780 4050 ἀληθείας
2821 3983 2909 4034 ἀεὶ
2947 3984 3011 4034 ἐκ
3041 3980 3240 4043 παντὸς
3283 3981 3486 4053 μέρους
3529 3981 3781 4051 εὑρισκο-

2200 4075 2367 4145 μένης

2269 4171 2360 4236 ς’.
2394 4169 2458 4221 Τί
2488 4168 2664 4222 τοίνυν
2711 4171 2851 4223 εἴπω
2879 4173 3016 4242 πρὸς
3060 4177 3143 4232 σε,
3171 4167 3216 4221 ὦ
3244 4166 3514 4230 Νικόλαε;
3559 4170 3613 4220 τί
3667 4169 3782 4221 δια-

2196 4259 2561 4330 λεχθήσομαι;
2606 4259 2798 4322 Πόθεν,
2830 4253 2875 4312 ὦ
2910 4255 3084 4323 οὗτος,
3118 4260 3274 4329 ἥκεις
3307 4258 3487 4329 φέρων
3519 4259 3648 4327 ἡμῖν
3690 4259 3778 4308 αί-

2198 4351 2360 4422 σχρὸν
2389 4350 2582 4415 αίῶνα,
2611 4350 2704 4404 καὶ
2729 4351 2884 4422 ῥίζαν
2909 4351 3193 4423 πονηρίας,
3225 4351 3319 4404 καὶ
3356 4352 3567 4420 μήτραν
3588 4366 3778 4419 γεννη-

2195 4445 2376 4515 τικὴν,
2424 4445 2518 4498 καὶ
2574 4445 2731 4508 θεοὺς
2785 4445 3030 4509 πολλοὺς,
3091 4444 3186 4497 καὶ
3234 4444 3526 4512 δαίμονας;
3570 4441 3627 4494 '0
3668 4443 3778 4512 γὰρ

2210 4536 2549 4601 Ἀπόστολος,
2605 4539 2820 4607 φήσαςο
2858 4536 3044 4604 Εἴπερ
3086 4535 3204 4587 εἰσὶ
3260 4534 3572 4601 λεγόμενοι
3629 4532 3773 4596 θεοὶ,

2196 4628 2296 4680 οὐκ
2331 4626 2467 4680 εἶναι
2498 4627 2719 4690 τούτους
2753 4627 3058 4695 ὑποφαίνει.
3096 4628 3182 4680 Ἐν
3210 4625 3288 4696 τῷ
3317 4626 3426 4698 γὰρ
3461 4627 3656 4688 εἰπεῖν,
3680 4630 3779 4679 λε-

2197 4724 2466 4790 ᾳτῖμενοι,
2499 4720 2696 4784 ἔδειξεν
2725 4720 2922 4782 αὐτοὺς
2952 4721 3007 4770 έν
3036 4717 3112 4788 τῷ
3145 4716 3395 4786 λέγεσθαι
3423 4717 3580 4786 μόνον
3614 4715 3776 4782 εἶναι,

507 4804 664 4869 dicit,
698 4807 813 4860 sola
853 4809 975 4863 illos
1023 4811 1389 4879 appellatione
1422 4823 1715 4880 constare,
1759 4834 1880 4872 eum
1912 4822 2089 4890 rcipsa

2203 4811 2276 4882 μὴ
2301 4812 2456 4874 ὄντας
2499 4814 2562 4882 τῇ
2597 4811 2909 4873 ὑποστάσει,
2939 4809 3072 4862 ἀλλὰ
3117 4810 3207 4862 διὰ
3247 4810 3346 4879 τῆς
3389 4809 3550 4862 τινῶν
3579 4811 3778 4881 ὑπολή-

509 4899 736 4954 minime
781 4899 1122 4964 subsistant,
1167 4918 1269 4956 nec
1315 4904 1472 4958 aliter
1525 4923 1688 4978 quam
1733 4916 2096 4978 quorumdam

508 4989 768 5060 opinione
798 4991 1007 5046 docuit.
1047 4991 1217 5047 Nobis
1242 5010 1362 5048 vero
1401 4995 1568 5063 Deus,
1605 5000 1804 5070 inquit,
1834 5020 1969 5058 unus
1996 5017 2096 5072 est,

510 5084 691 5149 nobis,
732 5083 974 5154 inquam,
1008 5085 1101 5154 qui
1133 5088 1383 5144 veritatis
1409 5105 1602 5146 sumus
1626 5096 1942 5164 cognitione
1965 5114 2097 5167 prie-

508 5174 630 5229 dili.
687 5172 800 5228 Nec
849 5175 941 5243 qui
973 5175 1373 5243 appellaretur,
1431 5181 1524 5234 sed
1581 5183 1674 5252 qui
1713 5200 1902 5239 revera
1949 5196 2096 5243 esset

509 5261 675 5327 Deus,
702 5263 972 5332 adjunxit.
1001 5262 1156 5328 Quod
1185 5265 1231 5319 si
1267 5283 1412 5324 unus
1438 5270 1596 5326 nobis
1626 5281 1711 5328 est
1748 5275 1888 5331 Deus
1910 5317 1924 5339 ,
1968 5279 2088 5346 plu-

506 5371 596 5409 res
624 5356 850 5409 omnino
878 5371 1001 5410 essc
1034 5373 1141 5412 non
1174 5371 1424 5427 possunt.
1456 5361 1684 5420 Accedit
1711 5374 1766 5420 et
1795 5367 2000 5424 Christi
2033 5372 2086 5424 in

506 5443 797 5514 Evangelio
825 5447 1032 5501 dictum
1067 5449 1200 5502 illud
1231 5466 1243 5501 :
1282 5449 1350 5504 Ut
1383 5467 1696 5522 cognoscant
1727 5469 1773 5512 te
1797 5461 1970 5513 solum
2004 5478 2088 5516 re-

505 5551 623 5588 rum
655 5535 820 5590 Deum
852 5539 892 5592 ¹.
928 5538 1047 5604 Quo
1082 5541 1390 5598 istiusmodi
1428 5544 1708 5603 hominum
1733 5591 1748 5610 ,
1791 5553 1885 5622 qui
1933 5552 2086 5610 ﬁctas

506 5624 740 5694 fabulas,
774 5646 839 5685 ac
862 5633 1220 5702 multiplicem
1239 5634 1584 5693 divinitatem
1609 5647 1904 5701 commenti
1932 5657 2080 5712 sunt,

583 5780 599 5812 ⁶
632 5778 805 5838 lCor.
842 5799 959 5851 vui,
996 5785 1053 5841 5.
1129 5788 1150 5818 ³
1178 5785 1336 5852 Ioau.
1376 5806 1507 5849 xvii.
1544 5793 1578 5846 3

2197 4906 2362 4974 ψεως.
2406 4907 2578 4976 ἸΙμῒν
2615 4904 2704 4970 δὲ,
2731 4906 2915 4976 φησὶν,
2946 4901 3034 4970 εἷς
3061 4905 3224 4968 Θεὸς,
3256 4903 3498 4973 δηλονότι
3529 4907 3640 4968 τοῖς
3680 4906 3779 4976 τὴν

2196 4997 2396 5066 γνῶσιν
2420 4997 2517 5066 τῆς
2548 4995 2804 5066 ἀληθείας
2841 4995 3248 5066 ἐπισταμένοις.
3281 4997 3391 5048 Καὶ
3415 4997 3516 5049 οὐκ
3543 4994 3660 5049 εἷπε
3695 4997 3779 5049 λε-

2194 5091 2424 5161 γόμενον
2455 5089 2608 5152 Θεὸν,
2643 5089 2780 5142 ἀλλά
2812 5087 2938 5140 ὄντα
2970 5088 3120 5141 Θεόν.
3159 5089 3222 5142 Εἰ
3250 5088 3307 5141 δὲ
3349 5091 3481 5159 ἡμῖν
3514 5085 3592 5154 εἷς
3623 5090 3775 5153 Θεὸς,

2194 5183 2382 5238 οὐκέτι
2410 5181 2594 5235 πολλοὶ
2635 5181 2766 5237 Θεοί.
2796 5183 2906 5236 Καὶ
2941 5185 2970 5237 ὁ
3009 5183 3216 5254 Κύριος
3261 5183 3320 5234 ἐν
3352 5182 3429 5253 τῷ
3461 5183 3778 5252 Elia-3'75).le

2195 5275 2388 5347 φησίν·
2433 5275 2568 5330 Ἵνα
2611 5275 2950 5346 γινώσκωσι
2980 5291 3053 5329 σε
3099 5277 3206 5329 τὸν
3251 5276 3445 5345 μόνον
3485 5275 3778 5342 ἀληθινὸν

2197 5368 2364 5434 Θεὸν,
2405 5368 2490 5421 ἵνα
2521 5368 2799 5439 ἀνατρέψῃ
2829 5369 2930 5439 τὴν
2957 5369 3195 5422 διάνοιαν
3219 5370 3326 5421 τῶν
3355 5368 3424 5421 τὰ
3447 5367 3663 5438 μυθώδη
3699 5367 3777 5418 λε-

2194 5461 2422 5528 γόντων,
2471 5461 2564 5514 καὶ
2610 5460 2938 5529 νομιζόντων
2986 5455 3122 5511 εἶναι
3179 5457 3489 5511 πολυθεῒαν.
3524 5452 3620 5520 Εἷς
3666 5457 3776 5526 γὰρ

2193 5551 2348 5623 ἡμῶν
2365 5555 2511 5606 ἐστιν
2531 5555 2558 5607 ὁ
2583 5551 2736 5617 Θεὸς,
2753 5552 2902 5616 Πατὴ
2911 5569 2941 5622 ρ
2971 5551 3064 5604 καὶ
3079 5549 3205 5614 Υἱὸς
3228 5550 3321 5602 καί¹
3345 5550 3498 5618 ἆγιον
3525 5548 3772 5618 Πνεῦμα’

2194 5649 2340 5716 τρεῖς
2371 5646 2718 5710 ὑποστάσεις,
2759 5644 2856 5715 μία
2880 5642 3155 5713 κυριότης,
3182 5641 3279 5712 μία
3314 5639 3526 5710 θεότης,
3565 5638 3662 5710 μία
3691 5637 3777 5691 δο-
