  <div class='ocr_page' id='page_1' title='image "/cluster/home/n/w/nwhite01/storage/ocr_20150623/41/nnc1.0046978747/194.png"; bbox 0 0 4204 6370; ppageno 0'>
   <div class='ocr_carea' id='block_1_1' title="bbox 436 333 544 393">
    <p class='ocr_par' dir='ltr' id='par_1_1' title="bbox 436 333 544 393">
     <span class='ocr_line' id='line_1_1' title="bbox 436 333 544 393; baseline 0 0"><span class='ocrx_word' id='word_1_1' title='bbox 436 333 544 393; x_wconf 73' lang='grc'><strong>329</strong></span> 
     </span>
    </p>
   </div>
   <div class='ocr_carea' id='block_1_2' title="bbox 1079 331 3010 392">
    <p class='ocr_par' dir='ltr' id='par_1_2' title="bbox 1079 331 3010 392">
     <span class='ocr_line' id='line_1_2' title="bbox 1079 331 3010 392; baseline -0.002 -5"><span class='ocrx_word' id='word_1_2' title='bbox 1079 331 1449 390; x_wconf 76' lang='lat' dir='ltr'><strong>ADVERSUS</strong></span> <span class='ocrx_word' id='word_1_3' title='bbox 1488 333 1829 391; x_wconf 71' lang='lat' dir='ltr'><strong>HAERESES</strong></span> <span class='ocrx_word' id='word_1_4' title='bbox 1861 335 1988 390; x_wconf 86' lang='lat' dir='ltr'><strong>LIB.</strong></span> <span class='ocrx_word' id='word_1_5' title='bbox 2023 336 2063 391; x_wconf 89' lang='grc'>1.</span> <span class='ocrx_word' id='word_1_6' title='bbox 2103 334 2269 391; x_wconf 76' lang='grc' dir='ltr'>ΤΟΜ.</span> <span class='ocrx_word' id='word_1_7' title='bbox 2302 335 2366 392; x_wconf 91' lang='lat' dir='ltr'><strong>ll.</strong></span> <span class='ocrx_word' id='word_1_8' title='bbox 2406 368 2476 379; x_wconf 88' lang='lat'><strong>—</strong></span> <span class='ocrx_word' id='word_1_9' title='bbox 2506 336 2782 392; x_wconf 67' lang='lat' dir='ltr'><strong>&quot;AZRES.</strong></span> <span class='ocrx_word' id='word_1_10' title='bbox 2824 332 3010 388; x_wconf 70' lang='lat' dir='ltr'><strong>XXVI.</strong></span> 
     </span>
    </p>
   </div>
   <div class='ocr_carea' id='block_1_3' title="bbox 3576 342 3679 398">
    <p class='ocr_par' dir='ltr' id='par_1_3' title="bbox 3576 342 3679 398">
     <span class='ocr_line' id='line_1_3' title="bbox 3576 342 3679 398; baseline -0.019 0"><span class='ocrx_word' id='word_1_11' title='bbox 3576 342 3679 398; x_wconf 76' lang='lat'><strong>550</strong></span> 
     </span>
    </p>
   </div>
   <div class='ocr_carea' id='block_1_4' title="bbox 439 450 2032 524">
    <p class='ocr_par' dir='ltr' id='par_1_4' title="bbox 439 450 2016 524">
     <span class='ocr_line' id='line_1_4' title="bbox 439 450 2016 524; baseline 0 -19"><span class='ocrx_word' id='word_1_12' title='bbox 439 452 677 521; x_wconf 79' lang='grc' dir='ltr'>ξολογία,</span> <span class='ocrx_word' id='word_1_13' title='bbox 715 450 811 506; x_wconf 72' lang='grc' dir='ltr'>καὶ</span> <span class='ocrx_word' id='word_1_14' title='bbox 838 452 898 506; x_wconf 82' lang='grc' dir='ltr'><strong>οὐ</strong></span> <span class='ocrx_word' id='word_1_15' title='bbox 924 451 1109 505; x_wconf 72' lang='grc' dir='ltr'>πολλοὶ</span> <span class='ocrx_word' id='word_1_16' title='bbox 1141 451 1270 504; x_wconf 85' lang='grc' dir='ltr'>θεοί.</span> <span class='ocrx_word' id='word_1_17' title='bbox 1304 451 1417 504; x_wconf 92' lang='grc' dir='ltr'><strong>Ποῦ</strong></span> <span class='ocrx_word' id='word_1_18' title='bbox 1454 452 1510 505; x_wconf 79' lang='grc' dir='ltr'><strong>δὲ</strong></span> <span class='ocrx_word' id='word_1_19' title='bbox 1543 452 1841 524; x_wconf 79' lang='grc' dir='ltr'><strong>πληροῦται</strong></span> <span class='ocrx_word' id='word_1_20' title='bbox 1876 452 2016 507; x_wconf 79' lang='grc' dir='ltr'>κατὰ</span> 
     </span>
    </p>
   </div>
   <div class='ocr_carea' id='block_1_5' title="bbox 2140 450 3685 524">
    <p class='ocr_par' dir='ltr' id='par_1_5' title="bbox 2140 452 3685 523">
     <span class='ocr_line' id='line_1_5' title="bbox 2140 452 3685 523; baseline 0.006 -18"><span class='ocrx_word' id='word_1_21' title='bbox 2140 468 2316 507; x_wconf 77' lang='lat' dir='ltr'><strong>;ensus</strong></span> <span class='ocrx_word' id='word_1_22' title='bbox 2347 468 2411 507; x_wconf 89' lang='lat' dir='ltr'><strong>ac</strong></span> <span class='ocrx_word' id='word_1_23' title='bbox 2441 455 2801 523; x_wconf 72' lang='lat' dir='ltr'><strong>cogitationes</strong></span> <span class='ocrx_word' id='word_1_24' title='bbox 2845 463 3133 509; x_wconf 76' lang='lat' dir='ltr'><strong>everteret.</strong></span> <span class='ocrx_word' id='word_1_25' title='bbox 3167 452 3321 510; x_wconf 90' lang='lat' dir='ltr'><strong>Unus</strong></span> <span class='ocrx_word' id='word_1_26' title='bbox 3352 455 3497 510; x_wconf 90' lang='lat' dir='ltr'><strong>enim</strong></span> <span class='ocrx_word' id='word_1_27' title='bbox 3525 459 3685 513; x_wconf 78' lang='lat' dir='ltr'><strong>nobis</strong></span> 
     </span>
    </p>
   </div>
   <div class='ocr_carea' id='block_1_6' title="bbox 440 540 2015 617">
    <p class='ocr_par' dir='ltr' id='par_1_6' title="bbox 440 540 2015 617">
     <span class='ocr_line' id='line_1_6' title="bbox 440 540 2015 617; baseline 0 -18"><span class='ocrx_word' id='word_1_28' title='bbox 440 546 520 609; x_wconf 85' lang='grc' dir='ltr'><strong>σὲ,</strong></span> <span class='ocrx_word' id='word_1_29' title='bbox 543 540 590 599; x_wconf 82' lang='grc' dir='ltr'><strong>ὦ</strong></span> <span class='ocrx_word' id='word_1_30' title='bbox 620 545 880 608; x_wconf 86' lang='grc' dir='ltr'>Νικόλαε,</span> <span class='ocrx_word' id='word_1_31' title='bbox 903 544 964 597; x_wconf 81' lang='grc' dir='ltr'><strong>τὸ</strong></span> <span class='ocrx_word' id='word_1_32' title='bbox 1002 545 1107 598; x_wconf 82' lang='grc' dir='ltr'><strong>ὑπὸ</strong></span> <span class='ocrx_word' id='word_1_33' title='bbox 1136 543 1233 598; x_wconf 89' lang='grc' dir='ltr'><strong>τοῦ</strong></span> <span class='ocrx_word' id='word_1_34' title='bbox 1279 545 1531 615; x_wconf 80' lang='grc' dir='ltr'><strong>Σωτῆρος</strong></span> <span class='ocrx_word' id='word_1_35' title='bbox 1569 546 1894 617; x_wconf 81' lang='grc' dir='ltr'>εἰρημένον;</span> <span class='ocrx_word' id='word_1_36' title='bbox 1936 548 2015 599; x_wconf 85' lang='grc' dir='ltr'><strong>ὅτι</strong></span> 
     </span>
    </p>
   </div>
   <div class='ocr_carea' id='block_1_7' title="bbox 438 637 2018 709">
    <p class='ocr_par' dir='ltr' id='par_1_7' title="bbox 438 637 2018 709">
     <span class='ocr_line' id='line_1_7' title="bbox 438 637 2018 709; baseline -0.003 -15"><span class='ocrx_word' id='word_1_37' title='bbox 438 640 591 694; x_wconf 75' lang='grc' dir='ltr'>Εἰσὶν</span> <span class='ocrx_word' id='word_1_38' title='bbox 627 638 895 709; x_wconf 81' lang='grc' dir='ltr'>εὐνοῦχοι,</span> <span class='ocrx_word' id='word_1_39' title='bbox 937 637 1136 701; x_wconf 79' lang='grc' dir='ltr'>οἵτινες</span> <span class='ocrx_word' id='word_1_40' title='bbox 1167 638 1591 709; x_wconf 75' lang='grc' dir='ltr'>εὐνουχίσθησαν</span> <span class='ocrx_word' id='word_1_41' title='bbox 1642 639 1746 691; x_wconf 72' lang='grc' dir='ltr'>ὑπὸ</span> <span class='ocrx_word' id='word_1_42' title='bbox 1787 639 1893 691; x_wconf 88' lang='grc' dir='ltr'><strong>τῶν</strong></span> <span class='ocrx_word' id='word_1_43' title='bbox 1925 639 2018 692; x_wconf 88' lang='grc' dir='ltr'>ἀν-</span> 
     </span>
    </p>
   </div>
   <div class='ocr_carea' id='block_1_8' title="bbox 440 728 2016 804">
    <p class='ocr_par' dir='ltr' id='par_1_8' title="bbox 440 728 2016 804">
     <span class='ocr_line' id='line_1_8' title="bbox 440 728 2016 804; baseline -0.004 -15"><span class='ocrx_word' id='word_1_44' title='bbox 440 731 704 804; x_wconf 84' lang='grc' dir='ltr'>θρώπων·</span> <span class='ocrx_word' id='word_1_45' title='bbox 738 731 833 783; x_wconf 81' lang='grc' dir='ltr'><strong>καὶ</strong></span> <span class='ocrx_word' id='word_1_46' title='bbox 860 729 998 782; x_wconf 76' lang='grc' dir='ltr'>εἰσὶν</span> <span class='ocrx_word' id='word_1_47' title='bbox 1028 728 1294 801; x_wconf 80' lang='grc' dir='ltr'>εὐνοῦχοι,</span> <span class='ocrx_word' id='word_1_48' title='bbox 1325 730 1375 783; x_wconf 77' lang='grc' dir='ltr'>οἳ</span> <span class='ocrx_word' id='word_1_49' title='bbox 1411 730 1477 782; x_wconf 82' lang='grc' dir='ltr'><strong>ἐκ</strong></span> <span class='ocrx_word' id='word_1_50' title='bbox 1514 732 1789 800; x_wconf 82' lang='grc' dir='ltr'>γεννητοῖς</span> <span class='ocrx_word' id='word_1_51' title='bbox 1815 731 1830 761; x_wconf 85' lang='grc'>¹</span> <span class='ocrx_word' id='word_1_52' title='bbox 1861 732 2016 798; x_wconf 82' lang='grc' dir='ltr'>ἐγεν-</span> 
     </span>
    </p>
   </div>
   <div class='ocr_carea' id='block_1_9' title="bbox 438 820 2018 895">
    <p class='ocr_par' dir='ltr' id='par_1_9' title="bbox 438 820 2018 895">
     <span class='ocr_line' id='line_1_9' title="bbox 438 820 2018 895; baseline -0.001 -19"><span class='ocrx_word' id='word_1_53' title='bbox 438 822 709 895; x_wconf 73' lang='grc' dir='ltr'>νήθησανο</span> <span class='ocrx_word' id='word_1_54' title='bbox 768 820 863 873; x_wconf 68' lang='grc' dir='ltr'><strong>καὶ</strong></span> <span class='ocrx_word' id='word_1_55' title='bbox 910 821 1052 874; x_wconf 67' lang='grc' dir='ltr'>εἰσὶν</span> <span class='ocrx_word' id='word_1_56' title='bbox 1109 820 1389 891; x_wconf 84' lang='grc' dir='ltr'>εὐνοῦχοι,</span> <span class='ocrx_word' id='word_1_57' title='bbox 1451 820 1648 883; x_wconf 80' lang='grc' dir='ltr'>οἵτινες</span> <span class='ocrx_word' id='word_1_58' title='bbox 1698 820 2018 890; x_wconf 80' lang='grc' dir='ltr'>εὐνούχισαν</span> 
     </span>
    </p>
   </div>
   <div class='ocr_carea' id='block_1_10' title="bbox 438 911 2018 983">
    <p class='ocr_par' dir='ltr' id='par_1_10' title="bbox 438 911 2018 983">
     <span class='ocr_line' id='line_1_10' title="bbox 438 911 2018 983; baseline -0.003 -16"><span class='ocrx_word' id='word_1_59' title='bbox 438 913 668 975; x_wconf 81' lang='grc' dir='ltr'>ἑαυτοὺς</span> <span class='ocrx_word' id='word_1_60' title='bbox 700 912 789 965; x_wconf 81' lang='grc' dir='ltr'><strong>διὰ</strong></span> <span class='ocrx_word' id='word_1_61' title='bbox 834 912 937 981; x_wconf 84' lang='grc' dir='ltr'><strong>τὴν</strong></span> <span class='ocrx_word' id='word_1_62' title='bbox 991 911 1267 981; x_wconf 86' lang='grc' dir='ltr'>βασιλείαν</span> <span class='ocrx_word' id='word_1_63' title='bbox 1308 911 1416 965; x_wconf 87' lang='grc' dir='ltr'><strong>τῶν</strong></span> <span class='ocrx_word' id='word_1_64' title='bbox 1437 912 1702 983; x_wconf 83' lang='grc' dir='ltr'>οὐρανῶν.</span> <span class='ocrx_word' id='word_1_65' title='bbox 1731 914 1795 966; x_wconf 83' lang='grc' dir='ltr'><strong>Εἰ</strong></span> <span class='ocrx_word' id='word_1_66' title='bbox 1840 912 2018 965; x_wconf 80' lang='grc' dir='ltr'>τοίνυν</span> 
     </span>
    </p>
   </div>
   <div class='ocr_carea' id='block_1_11' title="bbox 438 1001 2017 1074">
    <p class='ocr_par' dir='ltr' id='par_1_11' title="bbox 438 1001 2017 1074">
     <span class='ocr_line' id='line_1_11' title="bbox 438 1001 2017 1074; baseline -0.001 -15"><span class='ocrx_word' id='word_1_67' title='bbox 438 1003 683 1074; x_wconf 80' lang='grc' dir='ltr'>εὐνοῦχοί</span> <span class='ocrx_word' id='word_1_68' title='bbox 705 1006 813 1057; x_wconf 76' lang='grc' dir='ltr'>εἱσι</span> <span class='ocrx_word' id='word_1_69' title='bbox 833 1003 920 1057; x_wconf 88' lang='grc' dir='ltr'><strong>διά</strong></span> <span class='ocrx_word' id='word_1_70' title='bbox 943 1003 1043 1073; x_wconf 82' lang='grc' dir='ltr'><strong>τὴν</strong></span> <span class='ocrx_word' id='word_1_71' title='bbox 1077 1001 1349 1072; x_wconf 86' lang='grc' dir='ltr'>βασιλείαν</span> <span class='ocrx_word' id='word_1_72' title='bbox 1376 1003 1485 1056; x_wconf 89' lang='grc' dir='ltr'><strong>τῶν</strong></span> <span class='ocrx_word' id='word_1_73' title='bbox 1511 1003 1775 1074; x_wconf 83' lang='grc' dir='ltr'>οὐρανῶν,</span> <span class='ocrx_word' id='word_1_74' title='bbox 1807 1003 1923 1067; x_wconf 90' lang='grc' dir='ltr'><strong>πῶς</strong></span> <span class='ocrx_word' id='word_1_75' title='bbox 1954 1005 2017 1057; x_wconf 86' lang='grc' dir='ltr'><strong>σὺ</strong></span> 
     </span>
    </p>
   </div>
   <div class='ocr_carea' id='block_1_12' title="bbox 442 1094 2020 1165">
    <p class='ocr_par' dir='ltr' id='par_1_12' title="bbox 442 1094 2020 1165">
     <span class='ocr_line' id='line_1_12' title="bbox 442 1094 2020 1165; baseline 0 -16"><span class='ocrx_word' id='word_1_76' title='bbox 442 1097 669 1149; x_wconf 87' lang='grc' dir='ltr'>σεαυτὸν</span> <span class='ocrx_word' id='word_1_77' title='bbox 703 1094 1081 1165; x_wconf 84' lang='grc' dir='ltr'>πεπλάνηκας,</span> <span class='ocrx_word' id='word_1_78' title='bbox 1122 1096 1216 1148; x_wconf 87' lang='grc' dir='ltr'><strong>καί</strong></span> <span class='ocrx_word' id='word_1_79' title='bbox 1246 1095 1374 1159; x_wconf 89' lang='grc' dir='ltr'>τούς</span> <span class='ocrx_word' id='word_1_80' title='bbox 1421 1112 1503 1148; x_wconf 91' lang='grc' dir='ltr'><strong>σοι</strong></span> <span class='ocrx_word' id='word_1_81' title='bbox 1536 1095 2020 1165; x_wconf 15' lang='grc' dir='ltr'>πειθομένουςνδιὰ</span> 
     </span>
    </p>
   </div>
   <div class='ocr_carea' id='block_1_13' title="bbox 439 1187 2020 1259">
    <p class='ocr_par' dir='ltr' id='par_1_13' title="bbox 439 1187 2020 1259">
     <span class='ocr_line' id='line_1_13' title="bbox 439 1187 2020 1259; baseline 0.001 -18"><span class='ocrx_word' id='word_1_82' title='bbox 439 1187 694 1257; x_wconf 83' lang='grc' dir='ltr'>λαγνείας</span> <span class='ocrx_word' id='word_1_83' title='bbox 722 1187 818 1241; x_wconf 77' lang='grc' dir='ltr'><strong>καὶ</strong></span> <span class='ocrx_word' id='word_1_84' title='bbox 841 1187 1217 1257; x_wconf 81' lang='grc' dir='ltr'>αἰσχροποιίας</span> <span class='ocrx_word' id='word_1_85' title='bbox 1246 1187 1343 1258; x_wconf 81' lang='grc' dir='ltr'>τὴν</span> <span class='ocrx_word' id='word_1_86' title='bbox 1388 1188 1645 1259; x_wconf 83' lang='grc' dir='ltr'>ἀλήθειαν</span> <span class='ocrx_word' id='word_1_87' title='bbox 1676 1187 1768 1241; x_wconf 88' lang='grc' dir='ltr'><strong>τοῦ</strong></span> <span class='ocrx_word' id='word_1_88' title='bbox 1799 1188 1935 1242; x_wconf 86' lang='grc' dir='ltr'>Θεοῦ</span> <span class='ocrx_word' id='word_1_89' title='bbox 1960 1190 2020 1242; x_wconf 86' lang='grc' dir='ltr'>ὲν</span> 
     </span>
    </p>
   </div>
   <div class='ocr_carea' id='block_1_14' title="bbox 439 1274 2020 1348">
    <p class='ocr_par' dir='ltr' id='par_1_14' title="bbox 439 1274 2020 1348">
     <span class='ocr_line' id='line_1_14' title="bbox 439 1274 2020 1348; baseline 0.001 -18"><span class='ocrx_word' id='word_1_90' title='bbox 439 1275 623 1347; x_wconf 80' lang='grc' dir='ltr'>ἀδικίᾳ</span> <span class='ocrx_word' id='word_1_91' title='bbox 647 1276 895 1345; x_wconf 80' lang='grc' dir='ltr'>κατέχων</span> <span class='ocrx_word' id='word_1_92' title='bbox 932 1275 1028 1329; x_wconf 78' lang='grc' dir='ltr'><strong>καὶ</strong></span> <span class='ocrx_word' id='word_1_93' title='bbox 1056 1274 1356 1340; x_wconf 83' lang='grc' dir='ltr'>διδάσκων;</span> <span class='ocrx_word' id='word_1_94' title='bbox 1385 1277 1495 1329; x_wconf 92' lang='grc' dir='ltr'><strong>Ποῦ</strong></span> <span class='ocrx_word' id='word_1_95' title='bbox 1536 1277 1592 1329; x_wconf 85' lang='grc' dir='ltr'>δὲ</span> <span class='ocrx_word' id='word_1_96' title='bbox 1620 1277 1774 1348; x_wconf 86' lang='grc' dir='ltr'><strong>παρά</strong></span> <span class='ocrx_word' id='word_1_97' title='bbox 1808 1279 1891 1331; x_wconf 77' lang='grc' dir='ltr'>σοὶ</span> <span class='ocrx_word' id='word_1_98' title='bbox 1921 1296 2020 1332; x_wconf 88' lang='grc' dir='ltr'>πε-</span> 
     </span>
    </p>
   </div>
   <div class='ocr_carea' id='block_1_15' title="bbox 442 1368 2022 1442">
    <p class='ocr_par' dir='ltr' id='par_1_15' title="bbox 442 1368 2022 1442">
     <span class='ocr_line' id='line_1_15' title="bbox 442 1368 2022 1442; baseline 0.001 -18"><span class='ocrx_word' id='word_1_99' title='bbox 442 1371 723 1442; x_wconf 81' lang='grc' dir='ltr'>πλήρωται</span> <span class='ocrx_word' id='word_1_100' title='bbox 764 1369 844 1433; x_wconf 87' lang='grc' dir='ltr'>τὸ,</span> <span class='ocrx_word' id='word_1_101' title='bbox 901 1368 1040 1436; x_wconf 74' lang='grc' dir='ltr'>Περὶ</span> <span class='ocrx_word' id='word_1_102' title='bbox 1092 1368 1212 1422; x_wconf 79' lang='grc' dir='ltr'><strong>τῶν</strong></span> <span class='ocrx_word' id='word_1_103' title='bbox 1262 1368 1571 1437; x_wconf 77' lang='grc' dir='ltr'>παρθένων</span> <span class='ocrx_word' id='word_1_104' title='bbox 1617 1370 1685 1423; x_wconf 83' lang='grc' dir='ltr'>δὲ</span> <span class='ocrx_word' id='word_1_105' title='bbox 1732 1372 2022 1441; x_wconf 70' lang='grc' dir='ltr'>ἐπιταγὴν</span> 
     </span>
    </p>
   </div>
   <div class='ocr_carea' id='block_1_16' title="bbox 441 1459 2023 1532">
    <p class='ocr_par' dir='ltr' id='par_1_16' title="bbox 441 1459 2023 1532">
     <span class='ocr_line' id='line_1_16' title="bbox 441 1459 2023 1532; baseline 0 -15"><span class='ocrx_word' id='word_1_106' title='bbox 441 1462 662 1530; x_wconf 81' lang='grc' dir='ltr'>Κυρίου</span> <span class='ocrx_word' id='word_1_107' title='bbox 689 1462 799 1515; x_wconf 83' lang='grc' dir='ltr'>οὐκ</span> <span class='ocrx_word' id='word_1_108' title='bbox 825 1460 942 1529; x_wconf 76' lang='grc' dir='ltr'><strong>ἔχω</strong></span> <span class='ocrx_word' id='word_1_109' title='bbox 961 1474 975 1489; x_wconf 88' lang='grc'>⁶</span> <span class='ocrx_word' id='word_1_110' title='bbox 1012 1459 1256 1531; x_wconf 72' lang='grc' dir='ltr'>γνώμην</span> <span class='ocrx_word' id='word_1_111' title='bbox 1285 1460 1354 1513; x_wconf 83' lang='grc' dir='ltr'>δὲ</span> <span class='ocrx_word' id='word_1_112' title='bbox 1392 1460 1618 1530; x_wconf 82' lang='grc' dir='ltr'>δίδωμι,</span> <span class='ocrx_word' id='word_1_113' title='bbox 1658 1462 1739 1527; x_wconf 85' lang='grc' dir='ltr'>ὡς</span> <span class='ocrx_word' id='word_1_114' title='bbox 1766 1463 2023 1532; x_wconf 78' lang='grc' dir='ltr'><strong>ἠλεημέ-</strong></span> 
     </span>
    </p>
   </div>
   <div class='ocr_carea' id='block_1_17' title="bbox 441 1551 2024 1622">
    <p class='ocr_par' dir='ltr' id='par_1_17' title="bbox 441 1551 2024 1622">
     <span class='ocr_line' id='line_1_17' title="bbox 441 1551 2024 1622; baseline 0 -15"><span class='ocrx_word' id='word_1_115' title='bbox 441 1570 549 1620; x_wconf 89' lang='grc' dir='ltr'><strong>νος</strong></span> <span class='ocrx_word' id='word_1_116' title='bbox 578 1553 646 1607; x_wconf 85' lang='grc' dir='ltr'>τὸ</span> <span class='ocrx_word' id='word_1_117' title='bbox 675 1552 868 1606; x_wconf 76' lang='grc' dir='ltr'>καλὸν</span> <span class='ocrx_word' id='word_1_118' title='bbox 903 1551 1093 1617; x_wconf 81' lang='grc' dir='ltr'>οὕτως</span> <span class='ocrx_word' id='word_1_119' title='bbox 1134 1552 1320 1605; x_wconf 83' lang='grc' dir='ltr'>εἶναι·</span> <span class='ocrx_word' id='word_1_120' title='bbox 1352 1552 1447 1605; x_wconf 76' lang='grc' dir='ltr'><strong>καὶ</strong></span> <span class='ocrx_word' id='word_1_121' title='bbox 1479 1552 1667 1606; x_wconf 75' lang='grc' dir='ltr'>πάλινο</span> <span class='ocrx_word' id='word_1_122' title='bbox 1706 1552 1776 1607; x_wconf 84' lang='grc' dir='ltr'>Ἦ</span> <span class='ocrx_word' id='word_1_123' title='bbox 1809 1554 2024 1622; x_wconf 78' lang='grc' dir='ltr'>παρθέ-</span> 
     </span>
    </p>
   </div>
   <div class='ocr_carea' id='block_1_18' title="bbox 441 1643 2025 1715">
    <p class='ocr_par' dir='ltr' id='par_1_18' title="bbox 441 1643 2025 1715">
     <span class='ocr_line' id='line_1_18' title="bbox 441 1643 2025 1715; baseline 0.001 -16"><span class='ocrx_word' id='word_1_124' title='bbox 441 1663 550 1713; x_wconf 87' lang='grc' dir='ltr'><strong>νος</strong></span> <span class='ocrx_word' id='word_1_125' title='bbox 573 1643 831 1715; x_wconf 81' lang='grc' dir='ltr'>μεριμνᾷ</span> <span class='ocrx_word' id='word_1_126' title='bbox 856 1647 930 1699; x_wconf 75' lang='grc' dir='ltr'>τὰ</span> <span class='ocrx_word' id='word_1_127' title='bbox 958 1643 1063 1697; x_wconf 86' lang='grc' dir='ltr'><strong>τοῦ</strong></span> <span class='ocrx_word' id='word_1_128' title='bbox 1106 1644 1348 1711; x_wconf 83' lang='grc' dir='ltr'>Κυρίου,</span> <span class='ocrx_word' id='word_1_129' title='bbox 1378 1643 1505 1709; x_wconf 81' lang='grc' dir='ltr'><strong>πῶς</strong></span> <span class='ocrx_word' id='word_1_130' title='bbox 1538 1643 1740 1712; x_wconf 85' lang='grc' dir='ltr'>ἀρέσει</span> <span class='ocrx_word' id='word_1_131' title='bbox 1782 1646 1864 1711; x_wconf 81' lang='grc' dir='ltr'>τῷ</span> <span class='ocrx_word' id='word_1_132' title='bbox 1906 1649 2025 1700; x_wconf 87' lang='grc' dir='ltr'><strong>Κυ-</strong></span> 
     </span>
    </p>
   </div>
   <div class='ocr_carea' id='block_1_19' title="bbox 436 1730 2024 1806">
    <p class='ocr_par' dir='ltr' id='par_1_19' title="bbox 436 1730 2024 1806">
     <span class='ocr_line' id='line_1_19' title="bbox 436 1730 2024 1806; baseline 0.001 -17"><span class='ocrx_word' id='word_1_133' title='bbox 436 1736 567 1806; x_wconf 86' lang='grc' dir='ltr'>ρίῳ,</span> <span class='ocrx_word' id='word_1_134' title='bbox 597 1736 699 1789; x_wconf 76' lang='grc' dir='ltr'>ἵνα</span> <span class='ocrx_word' id='word_1_135' title='bbox 724 1730 767 1806; x_wconf 77' lang='grc' dir='ltr'><em>ᾖ</em></span> <span class='ocrx_word' id='word_1_136' title='bbox 793 1734 933 1804; x_wconf 79' lang='grc' dir='ltr'>ἁγία</span> <span class='ocrx_word' id='word_1_137' title='bbox 961 1734 1031 1787; x_wconf 82' lang='grc' dir='ltr'>ἐν</span> <span class='ocrx_word' id='word_1_138' title='bbox 1075 1732 1301 1803; x_wconf 83' lang='grc' dir='ltr'>σώματι</span> <span class='ocrx_word' id='word_1_139' title='bbox 1329 1734 1425 1787; x_wconf 73' lang='grc' dir='ltr'>καὶ</span> <span class='ocrx_word' id='word_1_140' title='bbox 1454 1735 1524 1787; x_wconf 84' lang='grc' dir='ltr'>ἐν</span> <span class='ocrx_word' id='word_1_141' title='bbox 1554 1738 1883 1805; x_wconf 81' lang='grc' dir='ltr'>πνεύματι;</span> <span class='ocrx_word' id='word_1_142' title='bbox 1914 1738 2024 1791; x_wconf 77' lang='grc' dir='ltr'><strong>Καὶ</strong></span> 
     </span>
    </p>
   </div>
   <div class='ocr_carea' id='block_1_20' title="bbox 444 1817 2097 1897">
    <p class='ocr_par' dir='ltr' id='par_1_20' title="bbox 444 1817 2097 1897">
     <span class='ocr_line' id='line_1_20' title="bbox 444 1817 2097 1897; baseline -0.001 -16"><span class='ocrx_word' id='word_1_143' title='bbox 444 1828 589 1881; x_wconf 88' lang='grc' dir='ltr'>πόσα</span> <span class='ocrx_word' id='word_1_144' title='bbox 630 1827 748 1881; x_wconf 73' lang='grc' dir='ltr'>ἐστὶ</span> <span class='ocrx_word' id='word_1_145' title='bbox 784 1826 911 1893; x_wconf 79' lang='grc' dir='ltr'>περὶ</span> <span class='ocrx_word' id='word_1_146' title='bbox 944 1824 1164 1893; x_wconf 84' lang='grc' dir='ltr'>ἁγνείας</span> <span class='ocrx_word' id='word_1_147' title='bbox 1193 1826 1287 1878; x_wconf 78' lang='grc' dir='ltr'><strong>καὶ</strong></span> <span class='ocrx_word' id='word_1_148' title='bbox 1318 1826 1643 1895; x_wconf 79' lang='grc' dir='ltr'>ἐγκρατείας</span> <span class='ocrx_word' id='word_1_149' title='bbox 1675 1828 1771 1880; x_wconf 72' lang='grc' dir='ltr'><strong>καὶ</strong></span> <span class='ocrx_word' id='word_1_150' title='bbox 1811 1827 2020 1897; x_wconf 84' lang='grc' dir='ltr'>παρθε-</span> <span class='ocrx_word' id='word_1_151' title='bbox 2055 1817 2097 1872; x_wconf 81' lang='grc' dir='ltr'>Β</span> 
     </span>
    </p>
   </div>
   <div class='ocr_carea' id='block_1_21' title="bbox 446 1916 2021 1991">
    <p class='ocr_par' dir='ltr' id='par_1_21' title="bbox 446 1916 2021 1991">
     <span class='ocr_line' id='line_1_21' title="bbox 446 1916 2021 1991; baseline 0.001 -19"><span class='ocrx_word' id='word_1_152' title='bbox 446 1919 567 1982; x_wconf 88' lang='grc' dir='ltr'>νίας</span> <span class='ocrx_word' id='word_1_153' title='bbox 590 1918 803 1987; x_wconf 74' lang='grc' dir='ltr'>λέγεινί</span> <span class='ocrx_word' id='word_1_154' title='bbox 835 1917 996 1989; x_wconf 85' lang='grc' dir='ltr'>Παρὰ</span> <span class='ocrx_word' id='word_1_155' title='bbox 1026 1917 1120 1971; x_wconf 93' lang='grc' dir='ltr'><strong>σοῦ</strong></span> <span class='ocrx_word' id='word_1_156' title='bbox 1153 1916 1261 1989; x_wconf 85' lang='grc' dir='ltr'><strong>γὰρ</strong></span> <span class='ocrx_word' id='word_1_157' title='bbox 1289 1918 1317 1969; x_wconf 88' lang='grc' dir='ltr'>ὁ</span> <span class='ocrx_word' id='word_1_158' title='bbox 1347 1920 1454 1981; x_wconf 82' lang='grc' dir='ltr'>πᾶς</span> <span class='ocrx_word' id='word_1_159' title='bbox 1480 1918 1739 1989; x_wconf 81' lang='grc' dir='ltr'>βόρϐορος</span> <span class='ocrx_word' id='word_1_160' title='bbox 1765 1920 1864 1991; x_wconf 90' lang='grc' dir='ltr'><strong>τῆς</strong></span> <span class='ocrx_word' id='word_1_161' title='bbox 1887 1922 2021 1974; x_wconf 81' lang='grc' dir='ltr'>ἀκα·</span> 
     </span>
    </p>
   </div>
   <div class='ocr_carea' id='block_1_22' title="bbox 447 2008 2018 2084">
    <p class='ocr_par' dir='ltr' id='par_1_22' title="bbox 447 2008 2018 2084">
     <span class='ocr_line' id='line_1_22' title="bbox 447 2008 2018 2084; baseline -0.001 -19"><span class='ocrx_word' id='word_1_162' title='bbox 447 2010 674 2082; x_wconf 89' lang='grc' dir='ltr'>θαρσίας</span> <span class='ocrx_word' id='word_1_163' title='bbox 696 2009 1068 2080; x_wconf 85' lang='grc' dir='ltr'>ἀναισχύντως</span> <span class='ocrx_word' id='word_1_164' title='bbox 1102 2008 1368 2079; x_wconf 76' lang='grc' dir='ltr'>ὁρίζεται.</span> <span class='ocrx_word' id='word_1_165' title='bbox 1411 2009 1570 2063; x_wconf 79' lang='grc' dir='ltr'>Ἀλλὰ</span> <span class='ocrx_word' id='word_1_166' title='bbox 1599 2010 1687 2064; x_wconf 80' lang='grc' dir='ltr'>διὰ</span> <span class='ocrx_word' id='word_1_167' title='bbox 1730 2010 1838 2064; x_wconf 89' lang='grc' dir='ltr'><strong>τῶν</strong></span> <span class='ocrx_word' id='word_1_168' title='bbox 1870 2011 2018 2084; x_wconf 85' lang='grc' dir='ltr'>δύοῆ</span> 
     </span>
    </p>
   </div>
   <div class='ocr_carea' id='block_1_23' title="bbox 446 2100 2019 2173">
    <p class='ocr_par' dir='ltr' id='par_1_23' title="bbox 446 2100 2019 2173">
     <span class='ocr_line' id='line_1_23' title="bbox 446 2100 2019 2173; baseline 0.001 -18"><span class='ocrx_word' id='word_1_169' title='bbox 446 2102 613 2173; x_wconf 85' lang='grc' dir='ltr'>τριῶν</span> <span class='ocrx_word' id='word_1_170' title='bbox 644 2101 848 2155; x_wconf 88' lang='grc' dir='ltr'>τούτων</span> <span class='ocrx_word' id='word_1_171' title='bbox 893 2100 1071 2172; x_wconf 77' lang='grc' dir='ltr'>ῥητῶν</span> <span class='ocrx_word' id='word_1_172' title='bbox 1125 2100 1226 2170; x_wconf 87' lang='grc' dir='ltr'><strong>τῆς</strong></span> <span class='ocrx_word' id='word_1_173' title='bbox 1278 2101 1685 2169; x_wconf 84' lang='grc' dir='ltr'>καταγελάστου</span> <span class='ocrx_word' id='word_1_174' title='bbox 1736 2104 2019 2171; x_wconf 79' lang='grc' dir='ltr'>αἱρέσεως,</span> 
     </span>
    </p>
   </div>
   <div class='ocr_carea' id='block_1_24' title="bbox 446 2191 2024 2265">
    <p class='ocr_par' dir='ltr' id='par_1_24' title="bbox 446 2191 2024 2265">
     <span class='ocr_line' id='line_1_24' title="bbox 446 2191 2024 2265; baseline 0.003 -20"><span class='ocrx_word' id='word_1_175' title='bbox 446 2193 583 2265; x_wconf 84' lang='grc' dir='ltr'>πρὸς</span> <span class='ocrx_word' id='word_1_176' title='bbox 626 2191 938 2264; x_wconf 84' lang='grc' dir='ltr'>ἀνατροπὴν</span> <span class='ocrx_word' id='word_1_177' title='bbox 982 2193 1094 2255; x_wconf 80' lang='grc' dir='ltr'>τοῖς</span> <span class='ocrx_word' id='word_1_178' title='bbox 1146 2191 1564 2262; x_wconf 79' lang='grc' dir='ltr'>ἐντυγχάνουσιν</span> <span class='ocrx_word' id='word_1_179' title='bbox 1604 2194 1634 2246; x_wconf 87' lang='grc' dir='ltr'>ὁ</span> <span class='ocrx_word' id='word_1_180' title='bbox 1686 2194 1887 2260; x_wconf 86' lang='grc' dir='ltr'>σκοπὸς</span> <span class='ocrx_word' id='word_1_181' title='bbox 1938 2198 2024 2249; x_wconf 81' lang='grc' dir='ltr'><strong>ὲν-</strong></span> 
     </span>
    </p>
   </div>
   <div class='ocr_carea' id='block_1_25' title="bbox 446 2270 1495 2356">
    <p class='ocr_par' dir='ltr' id='par_1_25' title="bbox 446 2270 1495 2356">
     <span class='ocr_line' id='line_1_25' title="bbox 446 2270 1495 2356; baseline 0 -18"><span class='ocrx_word' id='word_1_182' title='bbox 446 2283 623 2339; x_wconf 86' lang='grc' dir='ltr'>ταῦθά</span> <span class='ocrx_word' id='word_1_183' title='bbox 648 2302 738 2356; x_wconf 89' lang='grc' dir='ltr'><strong>μοι</strong></span> <span class='ocrx_word' id='word_1_184' title='bbox 767 2283 1144 2355; x_wconf 86' lang='grc' dir='ltr'>παρακείσθω.</span> <span class='ocrx_word' id='word_1_185' title='bbox 1476 2270 1495 2279; x_wconf 46' lang='grc'><em>“</em></span> 
     </span>
    </p>
   </div>
   <div class='ocr_carea' id='block_1_26' title="bbox 2115 541 3683 615">
    <p class='ocr_par' dir='ltr' id='par_1_26' title="bbox 2115 541 3683 615">
     <span class='ocr_line' id='line_1_26' title="bbox 2115 541 3683 615; baseline 0.003 -18"><span class='ocrx_word' id='word_1_186' title='bbox 2115 553 2201 597; x_wconf 89' lang='lat' dir='ltr'><strong>est</strong></span> <span class='ocrx_word' id='word_1_187' title='bbox 2231 543 2394 604; x_wconf 86' lang='lat' dir='ltr'><strong>Deus,</strong></span> <span class='ocrx_word' id='word_1_188' title='bbox 2426 541 2603 606; x_wconf 82' lang='lat' dir='ltr'><strong>Pater,</strong></span> <span class='ocrx_word' id='word_1_189' title='bbox 2626 543 2817 611; x_wconf 86' lang='lat' dir='ltr'><strong>Filius,</strong></span> <span class='ocrx_word' id='word_1_190' title='bbox 2841 555 2895 600; x_wconf 87' lang='lat' dir='ltr'><strong>et</strong></span> <span class='ocrx_word' id='word_1_191' title='bbox 2918 543 3155 615; x_wconf 74' lang='lat' dir='ltr'><strong>Spiritus</strong></span> <span class='ocrx_word' id='word_1_192' title='bbox 3173 554 3418 609; x_wconf 88' lang='lat' dir='ltr'><strong>sanctus,</strong></span> <span class='ocrx_word' id='word_1_193' title='bbox 3438 562 3683 615; x_wconf 64' lang='lat' dir='ltr'><strong>persona:</strong></span> 
     </span>
    </p>
   </div>
   <div class='ocr_carea' id='block_1_27' title="bbox 2117 636 3682 715">
    <p class='ocr_par' dir='ltr' id='par_1_27' title="bbox 2117 636 3682 715">
     <span class='ocr_line' id='line_1_27' title="bbox 2117 636 3682 715; baseline 0.001 -25"><span class='ocrx_word' id='word_1_194' title='bbox 2117 646 2251 700; x_wconf 90' lang='lat' dir='ltr'><strong>tres,</strong></span> <span class='ocrx_word' id='word_1_195' title='bbox 2286 651 2395 690; x_wconf 83' lang='lat' dir='ltr'><strong>una</strong></span> <span class='ocrx_word' id='word_1_196' title='bbox 2423 636 2749 702; x_wconf 78' lang='lat' dir='ltr'><strong>dominatio,</strong></span> <span class='ocrx_word' id='word_1_197' title='bbox 2772 636 3034 691; x_wconf 85' lang='lat' dir='ltr'><strong>divinitas</strong></span> <span class='ocrx_word' id='word_1_198' title='bbox 3058 653 3195 702; x_wconf 88' lang='lat' dir='ltr'><strong>una;</strong></span> <span class='ocrx_word' id='word_1_199' title='bbox 3227 652 3335 715; x_wconf 78' lang='lat' dir='ltr'><strong>una</strong></span> <span class='ocrx_word' id='word_1_200' title='bbox 3365 637 3545 694; x_wconf 84' lang='lat' dir='ltr'><strong>laudis</strong></span> <span class='ocrx_word' id='word_1_201' title='bbox 3567 654 3682 693; x_wconf 88' lang='lat' dir='ltr'><strong>om-</strong></span> 
     </span>
    </p>
   </div>
   <div class='ocr_carea' id='block_1_28' title="bbox 2118 729 3683 799">
    <p class='ocr_par' dir='ltr' id='par_1_28' title="bbox 2118 729 3683 799">
     <span class='ocr_line' id='line_1_28' title="bbox 2118 729 3683 799; baseline 0.002 -18"><span class='ocrx_word' id='word_1_202' title='bbox 2118 729 2300 792; x_wconf 90' lang='lat' dir='ltr'><strong>nibus,</strong></span> <span class='ocrx_word' id='word_1_203' title='bbox 2333 729 2627 799; x_wconf 72' lang='lat' dir='ltr'><strong>glorizeque</strong></span> <span class='ocrx_word' id='word_1_204' title='bbox 2666 729 2981 799; x_wconf 67' lang='lat' dir='ltr'><strong>praedicatio</strong></span> <span class='ocrx_word' id='word_1_205' title='bbox 3014 749 3026 783; x_wconf 92' lang='lat'><strong>:</strong></span> <span class='ocrx_word' id='word_1_206' title='bbox 3068 730 3295 798; x_wconf 88' lang='lat' dir='ltr'><strong>proinde</strong></span> <span class='ocrx_word' id='word_1_207' title='bbox 3340 745 3683 799; x_wconf 84' lang='lat' dir='ltr'><strong>nequaquam</strong></span> 
     </span>
    </p>
   </div>
   <div class='ocr_carea' id='block_1_29' title="bbox 2118 820 3687 892">
    <p class='ocr_par' dir='ltr' id='par_1_29' title="bbox 2118 820 3687 892">
     <span class='ocr_line' id='line_1_29' title="bbox 2118 820 3687 892; baseline 0.003 -20"><span class='ocrx_word' id='word_1_208' title='bbox 2118 820 2300 889; x_wconf 89' lang='lat' dir='ltr'><strong>plures</strong></span> <span class='ocrx_word' id='word_1_209' title='bbox 2331 820 2407 875; x_wconf 89' lang='lat' dir='ltr'><strong>dii</strong></span> <span class='ocrx_word' id='word_1_210' title='bbox 2439 832 2587 876; x_wconf 88' lang='lat' dir='ltr'><strong>sunt.</strong></span> <span class='ocrx_word' id='word_1_211' title='bbox 2622 820 2741 877; x_wconf 83' lang='lat' dir='ltr'><strong>Jam</strong></span> <span class='ocrx_word' id='word_1_212' title='bbox 2777 822 2934 887; x_wconf 92' lang='lat' dir='ltr'><strong>illud,</strong></span> <span class='ocrx_word' id='word_1_213' title='bbox 2968 822 3115 890; x_wconf 80' lang='lat' dir='ltr'><strong>quod</strong></span> <span class='ocrx_word' id='word_1_214' title='bbox 3152 830 3477 892; x_wconf 88' lang='lat' dir='ltr'><strong>usurpatum</strong></span> <span class='ocrx_word' id='word_1_215' title='bbox 3523 838 3552 876; x_wconf 88' lang='lat' dir='ltr'><strong>a</strong></span> <span class='ocrx_word' id='word_1_216' title='bbox 3584 823 3687 877; x_wconf 80' lang='lat' dir='ltr'><strong>Do-</strong></span> 
     </span>
    </p>
   </div>
   <div class='ocr_carea' id='block_1_30' title="bbox 2119 913 3687 985">
    <p class='ocr_par' dir='ltr' id='par_1_30' title="bbox 2119 913 3687 985">
     <span class='ocr_line' id='line_1_30' title="bbox 2119 913 3687 985; baseline 0.002 -19"><span class='ocrx_word' id='word_1_217' title='bbox 2119 913 2268 966; x_wconf 86' lang='lat' dir='ltr'><strong>mino</strong></span> <span class='ocrx_word' id='word_1_218' title='bbox 2296 922 2399 980; x_wconf 91' lang='lat' dir='ltr'><strong>est,</strong></span> <span class='ocrx_word' id='word_1_219' title='bbox 2422 915 2694 985; x_wconf 92' lang='lat' dir='ltr'><strong>quomodo</strong></span> <span class='ocrx_word' id='word_1_220' title='bbox 2715 914 2821 985; x_wconf 75' lang='lat'><strong>8]</strong></span> <span class='ocrx_word' id='word_1_221' title='bbox 2850 921 2926 980; x_wconf 90' lang='lat' dir='ltr'><strong>te,</strong></span> <span class='ocrx_word' id='word_1_222' title='bbox 2959 913 3201 977; x_wconf 84' lang='lat' dir='ltr'><strong>Nicolae,</strong></span> <span class='ocrx_word' id='word_1_223' title='bbox 3226 915 3441 969; x_wconf 84' lang='lat' dir='ltr'><strong>tandem</strong></span> <span class='ocrx_word' id='word_1_224' title='bbox 3467 924 3687 969; x_wconf 88' lang='lat' dir='ltr'><strong>auctore</strong></span> 
     </span>
    </p>
   </div>
   <div class='ocr_carea' id='block_1_31' title="bbox 2118 1002 3686 1074">
    <p class='ocr_par' dir='ltr' id='par_1_31' title="bbox 2118 1002 3686 1074">
     <span class='ocr_line' id='line_1_31' title="bbox 2118 1002 3686 1074; baseline 0 -17"><span class='ocrx_word' id='word_1_225' title='bbox 2118 1002 2432 1071; x_wconf 77' lang='lat' dir='ltr'><strong>perficitur?</strong></span> <span class='ocrx_word' id='word_1_226' title='bbox 2467 1003 2600 1059; x_wconf 82' lang='lat' dir='ltr'><strong>Esse</strong></span> <span class='ocrx_word' id='word_1_227' title='bbox 2628 1007 2896 1073; x_wconf 89' lang='lat' dir='ltr'><strong>quosdam</strong></span> <span class='ocrx_word' id='word_1_228' title='bbox 2924 1004 3227 1067; x_wconf 85' lang='lat' dir='ltr'><strong>eunuchos,</strong></span> <span class='ocrx_word' id='word_1_229' title='bbox 3257 1006 3350 1074; x_wconf 91' lang='lat' dir='ltr'><strong>qui</strong></span> <span class='ocrx_word' id='word_1_230' title='bbox 3404 1005 3473 1058; x_wconf 87' lang='lat' dir='ltr'><strong>ab</strong></span> <span class='ocrx_word' id='word_1_231' title='bbox 3512 1005 3686 1059; x_wconf 77' lang='lat' dir='ltr'><strong>homi-</strong></span> 
     </span>
    </p>
   </div>
   <div class='ocr_carea' id='block_1_32' title="bbox 2119 1094 3687 1165">
    <p class='ocr_par' dir='ltr' id='par_1_32' title="bbox 2119 1094 3687 1165">
     <span class='ocr_line' id='line_1_32' title="bbox 2119 1094 3687 1165; baseline -0.001 -15"><span class='ocrx_word' id='word_1_232' title='bbox 2119 1096 2287 1150; x_wconf 86' lang='lat' dir='ltr'><strong>nibus</strong></span> <span class='ocrx_word' id='word_1_233' title='bbox 2317 1097 2540 1151; x_wconf 87' lang='lat' dir='ltr'><strong>castrati</strong></span> <span class='ocrx_word' id='word_1_234' title='bbox 2571 1104 2736 1163; x_wconf 90' lang='lat' dir='ltr'><strong>sunt;</strong></span> <span class='ocrx_word' id='word_1_235' title='bbox 2768 1102 2822 1151; x_wconf 90' lang='lat' dir='ltr'><strong>et</strong></span> <span class='ocrx_word' id='word_1_236' title='bbox 2848 1096 2986 1151; x_wconf 90' lang='lat' dir='ltr'><strong>alios</strong></span> <span class='ocrx_word' id='word_1_237' title='bbox 3015 1111 3135 1151; x_wconf 90' lang='lat' dir='ltr'><strong>esse</strong></span> <span class='ocrx_word' id='word_1_238' title='bbox 3165 1094 3263 1165; x_wconf 82' lang='lat' dir='ltr'><strong>qui</strong></span> <span class='ocrx_word' id='word_1_239' title='bbox 3287 1096 3425 1150; x_wconf 83' lang='lat' dir='ltr'><strong>tales</strong></span> <span class='ocrx_word' id='word_1_240' title='bbox 3469 1111 3499 1149; x_wconf 83' lang='lat' dir='ltr'><strong>a</strong></span> <span class='ocrx_word' id='word_1_241' title='bbox 3540 1096 3687 1150; x_wconf 86' lang='lat' dir='ltr'><strong>nati-</strong></span> 
     </span>
    </p>
   </div>
   <div class='ocr_carea' id='block_1_33' title="bbox 2119 1186 3689 1257">
    <p class='ocr_par' dir='ltr' id='par_1_33' title="bbox 2119 1186 3689 1257">
     <span class='ocr_line' id='line_1_33' title="bbox 2119 1186 3689 1257; baseline 0.003 -19"><span class='ocrx_word' id='word_1_242' title='bbox 2119 1186 2285 1241; x_wconf 87' lang='lat' dir='ltr'><strong>vitate</strong></span> <span class='ocrx_word' id='word_1_243' title='bbox 2315 1186 2638 1255; x_wconf 88' lang='lat' dir='ltr'><strong>prodierint.</strong></span> <span class='ocrx_word' id='word_1_244' title='bbox 2678 1188 2831 1243; x_wconf 86' lang='lat' dir='ltr'><strong>Alios</strong></span> <span class='ocrx_word' id='word_1_245' title='bbox 2862 1188 3095 1256; x_wconf 85' lang='lat' dir='ltr'><strong>denique</strong></span> <span class='ocrx_word' id='word_1_246' title='bbox 3128 1189 3218 1257; x_wconf 88' lang='lat' dir='ltr'><strong>qui</strong></span> <span class='ocrx_word' id='word_1_247' title='bbox 3247 1202 3307 1243; x_wconf 89' lang='lat' dir='ltr'><strong>se</strong></span> <span class='ocrx_word' id='word_1_248' title='bbox 3333 1187 3481 1257; x_wconf 82' lang='lat' dir='ltr'><strong>regni</strong></span> <span class='ocrx_word' id='word_1_249' title='bbox 3521 1188 3689 1242; x_wconf 86' lang='lat' dir='ltr'><strong>coele-</strong></span> 
     </span>
    </p>
   </div>
   <div class='ocr_carea' id='block_1_34' title="bbox 2121 1277 3688 1343">
    <p class='ocr_par' dir='ltr' id='par_1_34' title="bbox 2121 1277 3688 1343">
     <span class='ocr_line' id='line_1_34' title="bbox 2121 1277 3688 1343; baseline 0.003 -14"><span class='ocrx_word' id='word_1_250' title='bbox 2121 1277 2224 1330; x_wconf 83' lang='lat' dir='ltr'><strong>stis</strong></span> <span class='ocrx_word' id='word_1_251' title='bbox 2249 1292 2415 1331; x_wconf 88' lang='lat' dir='ltr'><strong>causa</strong></span> <span class='ocrx_word' id='word_1_252' title='bbox 2444 1278 2806 1333; x_wconf 88' lang='lat' dir='ltr'><strong>castraverint</strong></span> <span class='ocrx_word' id='word_1_253' title='bbox 2830 1278 2871 1331; x_wconf 89' lang='grc'>³.</span> <span class='ocrx_word' id='word_1_254' title='bbox 2906 1277 3061 1343; x_wconf 87' lang='lat' dir='ltr'><strong>Quod</strong></span> <span class='ocrx_word' id='word_1_255' title='bbox 3094 1279 3141 1332; x_wconf 90' lang='lat' dir='ltr'><strong>si</strong></span> <span class='ocrx_word' id='word_1_256' title='bbox 3167 1279 3415 1332; x_wconf 88' lang='lat' dir='ltr'><strong>nonnulli</strong></span> <span class='ocrx_word' id='word_1_257' title='bbox 3447 1278 3688 1333; x_wconf 68' lang='lat' dir='ltr'><strong>caelestis</strong></span> 
     </span>
    </p>
   </div>
   <div class='ocr_carea' id='block_1_35' title="bbox 2121 1367 3792 1438">
    <p class='ocr_par' dir='ltr' id='par_1_35' title="bbox 2121 1367 3792 1438">
     <span class='ocr_line' id='line_1_35' title="bbox 2121 1367 3792 1438; baseline 0 -17"><span class='ocrx_word' id='word_1_258' title='bbox 2121 1368 2274 1437; x_wconf 82' lang='lat' dir='ltr'><strong>regni</strong></span> <span class='ocrx_word' id='word_1_259' title='bbox 2308 1368 2482 1438; x_wconf 86' lang='lat' dir='ltr'><strong>gratia</strong></span> <span class='ocrx_word' id='word_1_260' title='bbox 2533 1367 2662 1422; x_wconf 81' lang='lat' dir='ltr'><strong>facti</strong></span> <span class='ocrx_word' id='word_1_261' title='bbox 2712 1378 2842 1424; x_wconf 89' lang='lat' dir='ltr'><strong>sunt</strong></span> <span class='ocrx_word' id='word_1_262' title='bbox 2878 1369 3138 1433; x_wconf 91' lang='lat' dir='ltr'><strong>eunuchi,</strong></span> <span class='ocrx_word' id='word_1_263' title='bbox 3189 1384 3288 1422; x_wconf 93' lang='lat' dir='ltr'><strong>cur</strong></span> <span class='ocrx_word' id='word_1_264' title='bbox 3317 1370 3689 1438; x_wconf 84' lang='lat' dir='ltr'><strong>temetipsum,</strong></span> <span class='ocrx_word' id='word_1_265' title='bbox 3784 1392 3792 1401; x_wconf 93' lang='lat'><strong>-</strong></span> 
     </span>
    </p>
   </div>
   <div class='ocr_carea' id='block_1_36' title="bbox 2122 1459 3693 1529">
    <p class='ocr_par' dir='ltr' id='par_1_36' title="bbox 2122 1459 3693 1529">
     <span class='ocr_line' id='line_1_36' title="bbox 2122 1459 3693 1529; baseline 0.001 -15"><span class='ocrx_word' id='word_1_266' title='bbox 2122 1469 2355 1529; x_wconf 87' lang='lat' dir='ltr'><strong>tuosque</strong></span> <span class='ocrx_word' id='word_1_267' title='bbox 2383 1460 2686 1529; x_wconf 81' lang='lat' dir='ltr'><strong>discipulos</strong></span> <span class='ocrx_word' id='word_1_268' title='bbox 2726 1460 2951 1515; x_wconf 87' lang='lat' dir='ltr'><strong>libidine</strong></span> <span class='ocrx_word' id='word_1_269' title='bbox 2980 1476 3043 1515; x_wconf 90' lang='lat' dir='ltr'><strong>ac</strong></span> <span class='ocrx_word' id='word_1_270' title='bbox 3078 1459 3377 1516; x_wconf 76' lang='lat' dir='ltr'><strong>foedissima</strong></span> <span class='ocrx_word' id='word_1_271' title='bbox 3416 1460 3693 1529; x_wconf 76' lang='lat' dir='ltr'><strong>voluptate</strong></span> 
     </span>
    </p>
   </div>
   <div class='ocr_carea' id='block_1_37' title="bbox 2122 1552 3694 1621">
    <p class='ocr_par' dir='ltr' id='par_1_37' title="bbox 2122 1552 3694 1621">
     <span class='ocr_line' id='line_1_37' title="bbox 2122 1552 3694 1621; baseline 0 -16"><span class='ocrx_word' id='word_1_272' title='bbox 2122 1552 2363 1620; x_wconf 87' lang='lat' dir='ltr'><strong>decipis,</strong></span> <span class='ocrx_word' id='word_1_273' title='bbox 2421 1552 2776 1621; x_wconf 87' lang='lat' dir='ltr'><strong>divinamque</strong></span> <span class='ocrx_word' id='word_1_274' title='bbox 2828 1552 3112 1605; x_wconf 81' lang='lat' dir='ltr'><strong>veritatem</strong></span> <span class='ocrx_word' id='word_1_275' title='bbox 3148 1566 3243 1621; x_wconf 86' lang='lat' dir='ltr'><strong>per</strong></span> <span class='ocrx_word' id='word_1_276' title='bbox 3298 1566 3567 1606; x_wconf 87' lang='lat' dir='ltr'><strong>summam</strong></span> <span class='ocrx_word' id='word_1_277' title='bbox 3608 1553 3694 1605; x_wconf 91' lang='lat' dir='ltr'><strong>in-</strong></span> 
     </span>
    </p>
   </div>
   <div class='ocr_carea' id='block_1_38' title="bbox 2120 1643 3694 1714">
    <p class='ocr_par' dir='ltr' id='par_1_38' title="bbox 2120 1643 3694 1714">
     <span class='ocr_line' id='line_1_38' title="bbox 2120 1643 3694 1714; baseline 0.001 -17"><span class='ocrx_word' id='word_1_278' title='bbox 2120 1644 2392 1714; x_wconf 76' lang='lat' dir='ltr'><strong>iustitiam</strong></span> <span class='ocrx_word' id='word_1_279' title='bbox 2421 1646 2682 1708; x_wconf 65' lang='lat' dir='ltr'><strong>retines‘,</strong></span> <span class='ocrx_word' id='word_1_280' title='bbox 2709 1659 2773 1697; x_wconf 89' lang='lat' dir='ltr'><strong>ac</strong></span> <span class='ocrx_word' id='word_1_281' title='bbox 2806 1659 3087 1714; x_wconf 86' lang='lat' dir='ltr'><strong>perperam</strong></span> <span class='ocrx_word' id='word_1_282' title='bbox 3112 1643 3360 1701; x_wconf 87' lang='lat' dir='ltr'><strong>docendo</strong></span> <span class='ocrx_word' id='word_1_283' title='bbox 3386 1643 3694 1713; x_wconf 71' lang='lat' dir='ltr'><strong>depravas?</strong></span> 
     </span>
    </p>
   </div>
   <div class='ocr_carea' id='block_1_39' title="bbox 2124 1734 3695 1807">
    <p class='ocr_par' dir='ltr' id='par_1_39' title="bbox 2124 1734 3695 1807">
     <span class='ocr_line' id='line_1_39' title="bbox 2124 1734 3695 1807; baseline -0.001 -15"><span class='ocrx_word' id='word_1_284' title='bbox 2124 1737 2275 1793; x_wconf 90' lang='lat' dir='ltr'><strong>lstud</strong></span> <span class='ocrx_word' id='word_1_285' title='bbox 2302 1752 2465 1807; x_wconf 87' lang='lat' dir='ltr'><strong>porro</strong></span> <span class='ocrx_word' id='word_1_286' title='bbox 2493 1753 2603 1807; x_wconf 91' lang='lat' dir='ltr'><strong>quo</strong></span> <span class='ocrx_word' id='word_1_287' title='bbox 2632 1737 2849 1791; x_wconf 85' lang='lat' dir='ltr'><strong>tandem</strong></span> <span class='ocrx_word' id='word_1_288' title='bbox 2885 1743 3044 1806; x_wconf 86' lang='lat' dir='ltr'><strong>pacto</strong></span> <span class='ocrx_word' id='word_1_289' title='bbox 3070 1734 3211 1805; x_wconf 86' lang='lat' dir='ltr'><strong>apud</strong></span> <span class='ocrx_word' id='word_1_290' title='bbox 3242 1745 3295 1791; x_wconf 86' lang='lat' dir='ltr'><strong>te</strong></span> <span class='ocrx_word' id='word_1_291' title='bbox 3333 1738 3539 1805; x_wconf 81' lang='lat' dir='ltr'><strong>geritur</strong></span> <span class='ocrx_word' id='word_1_292' title='bbox 3565 1756 3579 1791; x_wconf 87' lang='lat'><strong>:</strong></span> <span class='ocrx_word' id='word_1_293' title='bbox 3616 1735 3695 1790; x_wconf 75' lang='lat' dir='ltr'><strong>Dc</strong></span> 
     </span>
    </p>
   </div>
   <div class='ocr_carea' id='block_1_40' title="bbox 2127 1826 3693 1899">
    <p class='ocr_par' dir='ltr' id='par_1_40' title="bbox 2127 1826 3693 1899">
     <span class='ocr_line' id='line_1_40' title="bbox 2127 1826 3693 1899; baseline -0.003 -16"><span class='ocrx_word' id='word_1_294' title='bbox 2127 1828 2414 1899; x_wconf 80' lang='lat' dir='ltr'><strong>virginibus</strong></span> <span class='ocrx_word' id='word_1_295' title='bbox 2448 1837 2765 1897; x_wconf 75' lang='lat' dir='ltr'><strong>prazceptum</strong></span> <span class='ocrx_word' id='word_1_296' title='bbox 2800 1826 3013 1880; x_wconf 82' lang='lat' dir='ltr'><strong>Domini</strong></span> <span class='ocrx_word' id='word_1_297' title='bbox 3046 1843 3148 1880; x_wconf 89' lang='lat' dir='ltr'><strong>non</strong></span> <span class='ocrx_word' id='word_1_298' title='bbox 3176 1826 3375 1890; x_wconf 82' lang='lat' dir='ltr'><strong>habeo;</strong></span> <span class='ocrx_word' id='word_1_299' title='bbox 3415 1826 3693 1879; x_wconf 81' lang='lat' dir='ltr'><strong>consilium</strong></span> 
     </span>
    </p>
   </div>
   <div class='ocr_carea' id='block_1_41' title="bbox 2127 1918 3696 1989">
    <p class='ocr_par' dir='ltr' id='par_1_41' title="bbox 2127 1918 3696 1989">
     <span class='ocr_line' id='line_1_41' title="bbox 2127 1918 3696 1989; baseline -0.001 -15"><span class='ocrx_word' id='word_1_300' title='bbox 2127 1932 2303 1975; x_wconf 85' lang='lat' dir='ltr'><strong>autem</strong></span> <span class='ocrx_word' id='word_1_301' title='bbox 2335 1920 2439 1986; x_wconf 89' lang='lat' dir='ltr'><strong>do,</strong></span> <span class='ocrx_word' id='word_1_302' title='bbox 2499 1928 2747 1989; x_wconf 84' lang='lat' dir='ltr'><strong>tanquam</strong></span> <span class='ocrx_word' id='word_1_303' title='bbox 2800 1918 3220 1971; x_wconf 82' lang='lat' dir='ltr'><strong>misericordiam</strong></span> <span class='ocrx_word' id='word_1_304' title='bbox 3268 1928 3577 1972; x_wconf 79' lang='lat' dir='ltr'><strong>consecutus</strong></span> <span class='ocrx_word' id='word_1_305' title='bbox 3616 1919 3696 1973; x_wconf 78' lang='lat' dir='ltr'><strong>ita</strong></span> 
     </span>
    </p>
   </div>
   <div class='ocr_carea' id='block_1_42' title="bbox 2127 2011 3695 2081">
    <p class='ocr_par' dir='ltr' id='par_1_42' title="bbox 2127 2011 3695 2081">
     <span class='ocr_line' id='line_1_42' title="bbox 2127 2011 3695 2081; baseline -0.001 -16"><span class='ocrx_word' id='word_1_306' title='bbox 2127 2015 2321 2069; x_wconf 86' lang='lat' dir='ltr'><strong>bonum</strong></span> <span class='ocrx_word' id='word_1_307' title='bbox 2350 2013 2541 2078; x_wconf 72' lang='lat' dir='ltr'><strong>esse“;</strong></span> <span class='ocrx_word' id='word_1_308' title='bbox 2577 2027 2641 2065; x_wconf 87' lang='lat' dir='ltr'><strong>ac</strong></span> <span class='ocrx_word' id='word_1_309' title='bbox 2672 2028 2891 2066; x_wconf 90' lang='lat' dir='ltr'><strong>rursum</strong></span> <span class='ocrx_word' id='word_1_310' title='bbox 2924 2030 2938 2066; x_wconf 89' lang='lat'><strong>:</strong></span> <span class='ocrx_word' id='word_1_311' title='bbox 2976 2011 3131 2081; x_wconf 82' lang='lat' dir='ltr'><strong>Virgo</strong></span> <span class='ocrx_word' id='word_1_312' title='bbox 3172 2011 3404 2065; x_wconf 81' lang='lat' dir='ltr'><strong>sollicita</strong></span> <span class='ocrx_word' id='word_1_313' title='bbox 3424 2020 3503 2065; x_wconf 80' lang='lat' dir='ltr'><strong>est</strong></span> <span class='ocrx_word' id='word_1_314' title='bbox 3527 2011 3591 2064; x_wconf 79' lang='lat' dir='ltr'><strong>de</strong></span> <span class='ocrx_word' id='word_1_315' title='bbox 3629 2011 3695 2064; x_wconf 70' lang='lat' dir='ltr'><strong>iis</strong></span> 
     </span>
    </p>
   </div>
   <div class='ocr_carea' id='block_1_43' title="bbox 2126 2100 3696 2174">
    <p class='ocr_par' dir='ltr' id='par_1_43' title="bbox 2126 2100 3696 2174">
     <span class='ocr_line' id='line_1_43' title="bbox 2126 2100 3696 2174; baseline -0.003 -17"><span class='ocrx_word' id='word_1_316' title='bbox 2126 2120 2244 2174; x_wconf 74' lang='lat' dir='ltr'><strong>qua:</strong></span> <span class='ocrx_word' id='word_1_317' title='bbox 2263 2111 2385 2156; x_wconf 82' lang='lat' dir='ltr'><strong>sunt</strong></span> <span class='ocrx_word' id='word_1_318' title='bbox 2412 2101 2648 2165; x_wconf 86' lang='lat' dir='ltr'><strong>Domini,</strong></span> <span class='ocrx_word' id='word_1_319' title='bbox 2687 2101 2946 2172; x_wconf 82' lang='lat' dir='ltr'><strong>quomodo</strong></span> <span class='ocrx_word' id='word_1_320' title='bbox 2974 2101 3181 2168; x_wconf 79' lang='lat' dir='ltr'><strong>placeat</strong></span> <span class='ocrx_word' id='word_1_321' title='bbox 3212 2100 3455 2165; x_wconf 82' lang='lat' dir='ltr'><strong>Domino,</strong></span> <span class='ocrx_word' id='word_1_322' title='bbox 3487 2110 3545 2153; x_wconf 80' lang='lat' dir='ltr'><strong>ut</strong></span> <span class='ocrx_word' id='word_1_323' title='bbox 3564 2116 3696 2154; x_wconf 77' lang='lat' dir='ltr'><strong>san-</strong></span> 
     </span>
    </p>
   </div>
   <div class='ocr_carea' id='block_1_44' title="bbox 2128 2192 3699 2263">
    <p class='ocr_par' dir='ltr' id='par_1_44' title="bbox 2128 2192 3699 2263">
     <span class='ocr_line' id='line_1_44' title="bbox 2128 2192 3699 2263; baseline -0.002 -14"><span class='ocrx_word' id='word_1_324' title='bbox 2128 2208 2214 2249; x_wconf 86' lang='lat' dir='ltr'><strong>cta</strong></span> <span class='ocrx_word' id='word_1_325' title='bbox 2241 2196 2312 2249; x_wconf 83' lang='lat' dir='ltr'><strong>sit</strong></span> <span class='ocrx_word' id='word_1_326' title='bbox 2337 2210 2552 2263; x_wconf 83' lang='lat' dir='ltr'><strong>corpore</strong></span> <span class='ocrx_word' id='word_1_327' title='bbox 2580 2210 2641 2246; x_wconf 89' lang='lat' dir='ltr'><strong>ac</strong></span> <span class='ocrx_word' id='word_1_328' title='bbox 2687 2195 2878 2263; x_wconf 75' lang='lat' dir='ltr'><strong>spiritu</strong></span> <span class='ocrx_word' id='word_1_329' title='bbox 2905 2193 2961 2245; x_wconf 71' lang='lat' dir='ltr'><strong>‘i</strong></span> <span class='ocrx_word' id='word_1_330' title='bbox 2987 2192 3159 2259; x_wconf 88' lang='lat' dir='ltr'><strong>Quam</strong></span> <span class='ocrx_word' id='word_1_331' title='bbox 3202 2195 3372 2247; x_wconf 89' lang='lat' dir='ltr'><strong>multa</strong></span> <span class='ocrx_word' id='word_1_332' title='bbox 3423 2192 3491 2248; x_wconf 90' lang='lat' dir='ltr'><strong>de</strong></span> <span class='ocrx_word' id='word_1_333' title='bbox 3530 2193 3699 2247; x_wconf 80' lang='lat' dir='ltr'><strong>casti-</strong></span> 
     </span>
    </p>
   </div>
   <div class='ocr_carea' id='block_1_45' title="bbox 2127 2283 3697 2355">
    <p class='ocr_par' dir='ltr' id='par_1_45' title="bbox 2127 2283 3697 2355">
     <span class='ocr_line' id='line_1_45' title="bbox 2127 2283 3697 2355; baseline -0.004 -14"><span class='ocrx_word' id='word_1_334' title='bbox 2127 2295 2263 2351; x_wconf 84' lang='lat' dir='ltr'><strong>tate,</strong></span> <span class='ocrx_word' id='word_1_335' title='bbox 2292 2287 2633 2342; x_wconf 86' lang='lat' dir='ltr'><strong>continentia</strong></span> <span class='ocrx_word' id='word_1_336' title='bbox 2660 2300 2722 2339; x_wconf 87' lang='lat' dir='ltr'><strong>ac</strong></span> <span class='ocrx_word' id='word_1_337' title='bbox 2755 2285 3071 2355; x_wconf 79' lang='lat' dir='ltr'><strong>virginitate</strong></span> <span class='ocrx_word' id='word_1_338' title='bbox 3110 2285 3216 2339; x_wconf 92' lang='lat' dir='ltr'><strong>dici</strong></span> <span class='ocrx_word' id='word_1_339' title='bbox 3268 2286 3531 2355; x_wconf 81' lang='lat' dir='ltr'><strong>possunt!</strong></span> <span class='ocrx_word' id='word_1_340' title='bbox 3562 2283 3697 2339; x_wconf 85' lang='lat' dir='ltr'><strong>Nam</strong></span> 
     </span>
    </p>
   </div>
   <div class='ocr_carea' id='block_1_46' title="bbox 448 2373 3697 2448">
    <p class='ocr_par' dir='ltr' id='par_1_46' title="bbox 448 2373 3697 2448">
     <span class='ocr_line' id='line_1_46' title="bbox 448 2373 3697 2448; baseline -0.002 -18"><span class='ocrx_word' id='word_1_341' title='bbox 448 2375 594 2447; x_wconf 89' lang='lat' dir='ltr'><strong>apud</strong></span> <span class='ocrx_word' id='word_1_342' title='bbox 643 2385 695 2431; x_wconf 92' lang='lat' dir='ltr'><strong>te</strong></span> <span class='ocrx_word' id='word_1_343' title='bbox 733 2374 1068 2445; x_wconf 89' lang='lat' dir='ltr'><strong>impuritatis</strong></span> <span class='ocrx_word' id='word_1_344' title='bbox 1109 2388 1273 2429; x_wconf 88' lang='lat' dir='ltr'><strong>omne</strong></span> <span class='ocrx_word' id='word_1_345' title='bbox 1328 2388 1545 2428; x_wconf 66' lang='lat' dir='ltr'><strong>caenum</strong></span> <span class='ocrx_word' id='word_1_346' title='bbox 1598 2373 1717 2430; x_wconf 85' lang='lat' dir='ltr'><strong>sine</strong></span> <span class='ocrx_word' id='word_1_347' title='bbox 1764 2376 1971 2445; x_wconf 91' lang='lat' dir='ltr'><strong>pudore</strong></span> <span class='ocrx_word' id='word_1_348' title='bbox 2018 2378 2339 2448; x_wconf 81' lang='lat' dir='ltr'><strong>praeﬁnitur.</strong></span> <span class='ocrx_word' id='word_1_349' title='bbox 2393 2374 2595 2430; x_wconf 81' lang='lat' dir='ltr'><strong>Verum</strong></span> <span class='ocrx_word' id='word_1_350' title='bbox 2655 2374 2869 2429; x_wconf 87' lang='lat' dir='ltr'><strong>duabus</strong></span> <span class='ocrx_word' id='word_1_351' title='bbox 2922 2376 3031 2429; x_wconf 90' lang='lat' dir='ltr'><strong>illis</strong></span> <span class='ocrx_word' id='word_1_352' title='bbox 3082 2376 3332 2432; x_wconf 88' lang='lat' dir='ltr'><strong>tribusve</strong></span> <span class='ocrx_word' id='word_1_353' title='bbox 3389 2375 3697 2439; x_wconf 74' lang='lat' dir='ltr'><strong>Sententiis,</strong></span> 
     </span>
    </p>
   </div>
   <div class='ocr_carea' id='block_1_47' title="bbox 446 2456 3701 2547">
    <p class='ocr_par' dir='ltr' id='par_1_47' title="bbox 446 2456 3701 2547">
     <span class='ocr_line' id='line_1_47' title="bbox 446 2456 3701 2547; baseline -0.001 -22"><span class='ocrx_word' id='word_1_354' title='bbox 446 2485 612 2543; x_wconf 89' lang='lat' dir='ltr'><strong>quem</strong></span> <span class='ocrx_word' id='word_1_355' title='bbox 632 2468 765 2524; x_wconf 85' lang='lat' dir='ltr'><strong>mihi</strong></span> <span class='ocrx_word' id='word_1_356' title='bbox 795 2456 1355 2538; x_wconf 39' lang='lat' dir='ltr'><strong>scopum&#39;evertendae</strong></span> <span class='ocrx_word' id='word_1_357' title='bbox 1389 2470 1635 2524; x_wconf 68' lang='lat' dir='ltr'><strong>ridiculae</strong></span> <span class='ocrx_word' id='word_1_358' title='bbox 1677 2471 1842 2542; x_wconf 88' lang='lat' dir='ltr'><strong>hujus</strong></span> <span class='ocrx_word' id='word_1_359' title='bbox 1887 2483 2051 2530; x_wconf 58' lang='lat' dir='ltr'><strong>sectae</strong></span> <span class='ocrx_word' id='word_1_360' title='bbox 2083 2476 2452 2547; x_wconf 82' lang='lat' dir='ltr'><strong>praelixeram,</strong></span> <span class='ocrx_word' id='word_1_361' title='bbox 2504 2474 2772 2528; x_wconf 88' lang='lat' dir='ltr'><strong>hactenus</strong></span> <span class='ocrx_word' id='word_1_362' title='bbox 2818 2472 3118 2528; x_wconf 89' lang='lat' dir='ltr'><strong>lectoribus</strong></span> <span class='ocrx_word' id='word_1_363' title='bbox 3174 2472 3497 2542; x_wconf 70' lang='lat' dir='ltr'><strong>exposuisse</strong></span> <span class='ocrx_word' id='word_1_364' title='bbox 3552 2468 3701 2524; x_wconf 81' lang='lat' dir='ltr'><strong>sulli-</strong></span> 
     </span>
    </p>
   </div>
   <div class='ocr_carea' id='block_1_48' title="bbox 448 2567 578 2621">
    <p class='ocr_par' dir='ltr' id='par_1_48' title="bbox 448 2567 578 2621">
     <span class='ocr_line' id='line_1_48' title="bbox 448 2567 578 2621; baseline -0.015 0"><span class='ocrx_word' id='word_1_365' title='bbox 448 2567 578 2621; x_wconf 89' lang='lat' dir='ltr'><strong>ciat.</strong></span> 
     </span>
    </p>
   </div>
   <div class='ocr_carea' id='block_1_49' title="bbox 517 2653 2029 2731">
    <p class='ocr_par' dir='ltr' id='par_1_49' title="bbox 517 2653 2029 2731">
     <span class='ocr_line' id='line_1_49' title="bbox 517 2653 2029 2731; baseline 0.001 -21"><span class='ocrx_word' id='word_1_366' title='bbox 517 2657 593 2710; x_wconf 90' lang='lat' dir='ltr'><strong>Z&#39;.</strong></span> <span class='ocrx_word' id='word_1_367' title='bbox 623 2654 836 2726; x_wconf 86' lang='grc' dir='ltr'>Προϊὼν</span> <span class='ocrx_word' id='word_1_368' title='bbox 872 2654 931 2708; x_wconf 80' lang='grc' dir='ltr'>δὲ</span> <span class='ocrx_word' id='word_1_369' title='bbox 972 2653 1209 2724; x_wconf 76' lang='grc' dir='ltr'>καθεξῆς</span> <span class='ocrx_word' id='word_1_370' title='bbox 1240 2654 1339 2725; x_wconf 82' lang='grc' dir='ltr'>τὴν</span> <span class='ocrx_word' id='word_1_371' title='bbox 1377 2655 1552 2727; x_wconf 86' lang='grc' dir='ltr'>τούτῳ</span> <span class='ocrx_word' id='word_1_372' title='bbox 1593 2658 2029 2731; x_wconf 75' lang='grc' dir='ltr'>συνεζευγμένην</span> 
     </span>
    </p>
   </div>
   <div class='ocr_carea' id='block_1_50' title="bbox 449 2746 2030 2819">
    <p class='ocr_par' dir='ltr' id='par_1_50' title="bbox 449 2746 2030 2819">
     <span class='ocr_line' id='line_1_50' title="bbox 449 2746 2030 2819; baseline 0.001 -19"><span class='ocrx_word' id='word_1_373' title='bbox 449 2747 685 2818; x_wconf 80' lang='grc' dir='ltr'>αἵρεσιν,</span> <span class='ocrx_word' id='word_1_374' title='bbox 707 2746 895 2818; x_wconf 82' lang='grc' dir='ltr'>ὥσπερ</span> <span class='ocrx_word' id='word_1_375' title='bbox 923 2748 1409 2819; x_wconf 87' lang='grc' dir='ltr'>χορτομανήσασαν</span> <span class='ocrx_word' id='word_1_376' title='bbox 1443 2747 1574 2817; x_wconf 78' lang='grc' dir='ltr'>ὕλην</span> <span class='ocrx_word' id='word_1_377' title='bbox 1602 2748 1635 2818; x_wconf 82' lang='grc' dir='ltr'>ἢ</span> <span class='ocrx_word' id='word_1_378' title='bbox 1671 2749 1829 2814; x_wconf 90' lang='grc' dir='ltr'>δάσος</span> <span class='ocrx_word' id='word_1_379' title='bbox 1860 2752 2030 2804; x_wconf 87' lang='grc' dir='ltr'>ἀκαν-</span> 
     </span>
    </p>
   </div>
   <div class='ocr_carea' id='block_1_51' title="bbox 451 2837 2026 2911">
    <p class='ocr_par' dir='ltr' id='par_1_51' title="bbox 451 2837 2026 2911">
     <span class='ocr_line' id='line_1_51' title="bbox 451 2837 2026 2911; baseline 0.002 -20"><span class='ocrx_word' id='word_1_380' title='bbox 451 2837 561 2891; x_wconf 88' lang='grc' dir='ltr'><strong>θῶν</strong></span> <span class='ocrx_word' id='word_1_381' title='bbox 591 2838 926 2909; x_wconf 82' lang='grc' dir='ltr'>πανταχόθεν</span> <span class='ocrx_word' id='word_1_382' title='bbox 952 2838 1341 2909; x_wconf 85' lang='grc' dir='ltr'>συνηνωμένην</span> <span class='ocrx_word' id='word_1_383' title='bbox 1378 2840 1421 2904; x_wconf 80' lang='grc'>⁸,</span> <span class='ocrx_word' id='word_1_384' title='bbox 1464 2838 1497 2908; x_wconf 83' lang='grc' dir='ltr'>ἣ</span> <span class='ocrx_word' id='word_1_385' title='bbox 1527 2840 2026 2911; x_wconf 80' lang='grc' dir='ltr'>κατεξηραμμένην</span> 
     </span>
    </p>
   </div>
   <div class='ocr_carea' id='block_1_52' title="bbox 452 2929 2032 3001">
    <p class='ocr_par' dir='ltr' id='par_1_52' title="bbox 452 2929 2032 3001">
     <span class='ocr_line' id='line_1_52' title="bbox 452 2929 2032 3001; baseline 0.003 -20"><span class='ocrx_word' id='word_1_386' title='bbox 452 2930 511 2982; x_wconf 81' lang='grc' dir='ltr'>ὲν</span> <span class='ocrx_word' id='word_1_387' title='bbox 538 2929 695 3001; x_wconf 84' lang='grc' dir='ltr'>ἀγρῷ</span> <span class='ocrx_word' id='word_1_388' title='bbox 722 2930 933 2999; x_wconf 83' lang='grc' dir='ltr'>πληθὺν</span> <span class='ocrx_word' id='word_1_389' title='bbox 967 2929 1137 2995; x_wconf 83' lang='grc' dir='ltr'>ξύλων</span> <span class='ocrx_word' id='word_1_390' title='bbox 1177 2948 1237 2984; x_wconf 85' lang='grc' dir='ltr'><strong>τε</strong></span> <span class='ocrx_word' id='word_1_391' title='bbox 1273 2932 1364 2983; x_wconf 75' lang='grc' dir='ltr'><strong>καὶ</strong></span> <span class='ocrx_word' id='word_1_392' title='bbox 1406 2932 1696 3001; x_wconf 86' lang='grc' dir='ltr'>φρυγάνων</span> <span class='ocrx_word' id='word_1_393' title='bbox 1742 2935 1821 2996; x_wconf 86' lang='grc' dir='ltr'>εἰς</span> <span class='ocrx_word' id='word_1_394' title='bbox 1868 2934 2032 2986; x_wconf 82' lang='grc' dir='ltr'>κατά-</span> 
     </span>
    </p>
   </div>
   <div class='ocr_carea' id='block_1_53' title="bbox 452 3018 2035 3093">
    <p class='ocr_par' dir='ltr' id='par_1_53' title="bbox 452 3018 2035 3093">
     <span class='ocr_line' id='line_1_53' title="bbox 452 3018 2035 3093; baseline 0.003 -22"><span class='ocrx_word' id='word_1_395' title='bbox 452 3034 648 3071; x_wconf 86' lang='grc' dir='ltr'>καυσιν</span> <span class='ocrx_word' id='word_1_396' title='bbox 689 3018 1121 3089; x_wconf 79' lang='grc' dir='ltr'>ὲτοιμαζομένην</span> <span class='ocrx_word' id='word_1_397' title='bbox 1150 3018 1434 3085; x_wconf 81' lang='grc' dir='ltr'>ὑποδείξω,</span> <span class='ocrx_word' id='word_1_398' title='bbox 1473 3019 1563 3074; x_wconf 85' lang='grc' dir='ltr'>διὰ</span> <span class='ocrx_word' id='word_1_399' title='bbox 1590 3021 1651 3074; x_wconf 86' lang='grc' dir='ltr'><strong>τὸ</strong></span> <span class='ocrx_word' id='word_1_400' title='bbox 1676 3025 1742 3092; x_wconf 86' lang='grc' dir='ltr'>τῇ</span> <span class='ocrx_word' id='word_1_401' title='bbox 1782 3024 1919 3093; x_wconf 81' lang='grc' dir='ltr'>αὐτῇ</span> <span class='ocrx_word' id='word_1_402' title='bbox 1949 3024 2035 3075; x_wconf 74' lang='grc' dir='ltr'><strong>αἱ·</strong></span> 
     </span>
    </p>
   </div>
   <div class='ocr_carea' id='block_1_54' title="bbox 2205 2652 3703 2726">
    <p class='ocr_par' dir='ltr' id='par_1_54' title="bbox 2205 2652 3703 2726">
     <span class='ocr_line' id='line_1_54' title="bbox 2205 2652 3703 2726; baseline -0.003 -18"><span class='ocrx_word' id='word_1_403' title='bbox 2205 2654 2314 2711; x_wconf 82' lang='lat' dir='ltr'><strong>Vll.</strong></span> <span class='ocrx_word' id='word_1_404' title='bbox 2352 2654 2621 2726; x_wconf 84' lang='lat' dir='ltr'><strong>Deinceps</strong></span> <span class='ocrx_word' id='word_1_405' title='bbox 2655 2656 2840 2725; x_wconf 86' lang='lat' dir='ltr'><strong>itaque</strong></span> <span class='ocrx_word' id='word_1_406' title='bbox 2874 2654 3083 2709; x_wconf 81' lang='lat' dir='ltr'><strong>amnem</strong></span> <span class='ocrx_word' id='word_1_407' title='bbox 3109 2654 3238 2709; x_wconf 90' lang='lat' dir='ltr'><strong>huic</strong></span> <span class='ocrx_word' id='word_1_408' title='bbox 3269 2652 3525 2717; x_wconf 66' lang='lat' dir='ltr'><strong>haeresin,</strong></span> <span class='ocrx_word' id='word_1_409' title='bbox 3554 2653 3703 2707; x_wconf 84' lang='lat' dir='ltr'><strong>velut</strong></span> 
     </span>
    </p>
   </div>
   <div class='ocr_carea' id='block_1_55' title="bbox 2132 2743 3703 2816">
    <p class='ocr_par' dir='ltr' id='par_1_55' title="bbox 2132 2743 3703 2816">
     <span class='ocr_line' id='line_1_55' title="bbox 2132 2743 3703 2816; baseline -0.001 -16"><span class='ocrx_word' id='word_1_410' title='bbox 2132 2746 2498 2801; x_wconf 82' lang='lat' dir='ltr'><strong>luxuriantem</strong></span> <span class='ocrx_word' id='word_1_411' title='bbox 2543 2747 2790 2808; x_wconf 88' lang='lat' dir='ltr'><strong>herbam,</strong></span> <span class='ocrx_word' id='word_1_412' title='bbox 2844 2755 2940 2800; x_wconf 89' lang='lat' dir='ltr'><strong>aut</strong></span> <span class='ocrx_word' id='word_1_413' title='bbox 2986 2746 3265 2816; x_wconf 88' lang='lat' dir='ltr'><strong>spinarum</strong></span> <span class='ocrx_word' id='word_1_414' title='bbox 3317 2743 3703 2799; x_wconf 86' lang='lat' dir='ltr'><strong>densissimam</strong></span> 
     </span>
    </p>
   </div>
   <div class='ocr_carea' id='block_1_56' title="bbox 2132 2838 3698 2907">
    <p class='ocr_par' dir='ltr' id='par_1_56' title="bbox 2132 2838 3698 2907">
     <span class='ocr_line' id='line_1_56' title="bbox 2132 2838 3698 2907; baseline -0.001 -16"><span class='ocrx_word' id='word_1_415' title='bbox 2132 2838 2346 2906; x_wconf 90' lang='lat' dir='ltr'><strong>copiam</strong></span> <span class='ocrx_word' id='word_1_416' title='bbox 2391 2838 2634 2907; x_wconf 90' lang='lat' dir='ltr'><strong>undique</strong></span> <span class='ocrx_word' id='word_1_417' title='bbox 2670 2839 2976 2905; x_wconf 85' lang='lat' dir='ltr'><strong>collectam,</strong></span> <span class='ocrx_word' id='word_1_418' title='bbox 3019 2847 3111 2890; x_wconf 89' lang='lat' dir='ltr'><strong>aut</strong></span> <span class='ocrx_word' id='word_1_419' title='bbox 3142 2838 3410 2906; x_wconf 83' lang='lat' dir='ltr'><strong>lignorum</strong></span> <span class='ocrx_word' id='word_1_420' title='bbox 3447 2838 3503 2891; x_wconf 94' lang='lat' dir='ltr'><strong>in</strong></span> <span class='ocrx_word' id='word_1_421' title='bbox 3544 2851 3698 2907; x_wconf 87' lang='lat' dir='ltr'><strong>agro,</strong></span> 
     </span>
    </p>
   </div>
   <div class='ocr_carea' id='block_1_57' title="bbox 2132 2930 3704 3000">
    <p class='ocr_par' dir='ltr' id='par_1_57' title="bbox 2132 2930 3704 3000">
     <span class='ocr_line' id='line_1_57' title="bbox 2132 2930 3704 3000; baseline 0.003 -19"><span class='ocrx_word' id='word_1_422' title='bbox 2132 2930 2603 2999; x_wconf 80' lang='lat' dir='ltr'><strong>virgultorumque</strong></span> <span class='ocrx_word' id='word_1_423' title='bbox 2629 2931 2961 2985; x_wconf 87' lang='lat' dir='ltr'><strong>desieeatam</strong></span> <span class='ocrx_word' id='word_1_424' title='bbox 2992 2933 3323 3000; x_wconf 87' lang='lat' dir='ltr'><strong>congeriem.</strong></span> <span class='ocrx_word' id='word_1_425' title='bbox 3349 2941 3402 2985; x_wconf 91' lang='lat' dir='ltr'><strong>et</strong></span> <span class='ocrx_word' id='word_1_426' title='bbox 3428 2932 3492 2985; x_wconf 88' lang='lat' dir='ltr'><strong>ad</strong></span> <span class='ocrx_word' id='word_1_427' title='bbox 3519 2933 3704 2987; x_wconf 71' lang='lat' dir='ltr'><strong>incen~</strong></span> 
     </span>
    </p>
   </div>
   <div class='ocr_carea' id='block_1_58' title="bbox 2134 3017 3702 3094">
    <p class='ocr_par' dir='ltr' id='par_1_58' title="bbox 2134 3017 3702 3094">
     <span class='ocr_line' id='line_1_58' title="bbox 2134 3017 3702 3094; baseline 0.002 -20"><span class='ocrx_word' id='word_1_428' title='bbox 2134 3020 2284 3075; x_wconf 90' lang='lat' dir='ltr'><strong>dium</strong></span> <span class='ocrx_word' id='word_1_429' title='bbox 2319 3031 2675 3091; x_wconf 69' lang='lat' dir='ltr'><strong>praaparatam</strong></span> <span class='ocrx_word' id='word_1_430' title='bbox 2729 3024 2783 3076; x_wconf 91' lang='lat' dir='ltr'><strong>in</strong></span> <span class='ocrx_word' id='word_1_431' title='bbox 2833 3023 3069 3077; x_wconf 86' lang='lat' dir='ltr'><strong>medium</strong></span> <span class='ocrx_word' id='word_1_432' title='bbox 3113 3023 3410 3094; x_wconf 85' lang='lat' dir='ltr'><strong>proferam,</strong></span> <span class='ocrx_word' id='word_1_433' title='bbox 3455 3017 3521 3078; x_wconf 88' lang='lat' dir='ltr'><strong>eo</strong></span> <span class='ocrx_word' id='word_1_434' title='bbox 3559 3025 3702 3093; x_wconf 89' lang='lat' dir='ltr'><strong>quod</strong></span> 
     </span>
    </p>
   </div>
   <div class='ocr_carea' id='block_1_59' title="bbox 456 3107 2032 3186">
    <p class='ocr_par' dir='ltr' id='par_1_59' title="bbox 456 3107 2032 3184">
     <span class='ocr_line' id='line_1_59' title="bbox 456 3107 2032 3184; baseline 0.003 -23"><span class='ocrx_word' id='word_1_435' title='bbox 456 3108 603 3179; x_wconf 82' lang='grc' dir='ltr'>ρέσει</span> <span class='ocrx_word' id='word_1_436' title='bbox 622 3109 717 3161; x_wconf 85' lang='grc' dir='ltr'><strong>τοῦ</strong></span> <span class='ocrx_word' id='word_1_437' title='bbox 738 3107 970 3162; x_wconf 82' lang='grc' dir='ltr'>ὲλεεινοῦ</span> <span class='ocrx_word' id='word_1_438' title='bbox 1003 3110 1291 3172; x_wconf 83' lang='grc' dir='ltr'>Νικολάου,</span> <span class='ocrx_word' id='word_1_439' title='bbox 1327 3109 1515 3182; x_wconf 83' lang='grc' dir='ltr'>ὥσπερ</span> <span class='ocrx_word' id='word_1_440' title='bbox 1545 3111 1611 3164; x_wconf 86' lang='grc' dir='ltr'>δι’</span> <span class='ocrx_word' id='word_1_441' title='bbox 1640 3113 2032 3184; x_wconf 81' lang='grc' dir='ltr'>ἐγκεντρισμοῦ</span> 
     </span>
    </p>
   </div>
   <div class='ocr_carea' id='block_1_60' title="bbox 2140 3107 3706 3186">
    <p class='ocr_par' dir='ltr' id='par_1_60' title="bbox 2140 3111 3706 3186">
     <span class='ocr_line' id='line_1_60' title="bbox 2140 3111 3706 3186; baseline 0.003 -20"><span class='ocrx_word' id='word_1_442' title='bbox 2140 3111 2326 3166; x_wconf 90' lang='lat' dir='ltr'><strong>eadem</strong></span> <span class='ocrx_word' id='word_1_443' title='bbox 2363 3112 2452 3165; x_wconf 90' lang='lat' dir='ltr'><strong>illa</strong></span> <span class='ocrx_word' id='word_1_444' title='bbox 2482 3114 2682 3182; x_wconf 85' lang='lat' dir='ltr'><strong>perditi</strong></span> <span class='ocrx_word' id='word_1_445' title='bbox 2711 3113 2918 3167; x_wconf 86' lang='lat' dir='ltr'><strong>Nicolai</strong></span> <span class='ocrx_word' id='word_1_446' title='bbox 2951 3122 3119 3178; x_wconf 86' lang='lat' dir='ltr'><strong>secta,</strong></span> <span class='ocrx_word' id='word_1_447' title='bbox 3152 3123 3408 3186; x_wconf 88' lang='lat' dir='ltr'><strong>tanquam</strong></span> <span class='ocrx_word' id='word_1_448' title='bbox 3449 3116 3706 3172; x_wconf 87' lang='lat' dir='ltr'><strong>insitione</strong></span> 
     </span>
    </p>
   </div>
   <div class='ocr_carea' id='block_1_61' title="bbox 453 3200 2037 3275">
    <p class='ocr_par' dir='ltr' id='par_1_61' title="bbox 453 3200 2037 3275">
     <span class='ocr_line' id='line_1_61' title="bbox 453 3200 2037 3275; baseline 0.003 -22"><span class='ocrx_word' id='word_1_449' title='bbox 453 3201 487 3271; x_wconf 83' lang='grc' dir='ltr'>ἦ</span> <span class='ocrx_word' id='word_1_450' title='bbox 513 3200 705 3273; x_wconf 76' lang='grc' dir='ltr'>ψώρας</span> <span class='ocrx_word' id='word_1_451' title='bbox 729 3203 950 3273; x_wconf 86' lang='grc' dir='ltr'>ἀγρίας,</span> <span class='ocrx_word' id='word_1_452' title='bbox 982 3201 1239 3273; x_wconf 82' lang='grc' dir='ltr'>ἢλέπρας</span> <span class='ocrx_word' id='word_1_453' title='bbox 1267 3202 1326 3269; x_wconf 77' lang='grc' dir='ltr'>ἐξ</span> <span class='ocrx_word' id='word_1_454' title='bbox 1346 3202 1550 3274; x_wconf 80' lang='grc' dir='ltr'>ἑτέρων</span> <span class='ocrx_word' id='word_1_455' title='bbox 1578 3205 1845 3274; x_wconf 85' lang='grc' dir='ltr'>σωμάτων</span> <span class='ocrx_word' id='word_1_456' title='bbox 1873 3206 2037 3275; x_wconf 75' lang='grc' dir='ltr'>ἔτερα</span> 
     </span>
    </p>
   </div>
   <div class='ocr_carea' id='block_1_62' title="bbox 458 3295 2039 3369">
    <p class='ocr_par' dir='ltr' id='par_1_62' title="bbox 458 3295 2039 3369">
     <span class='ocr_line' id='line_1_62' title="bbox 458 3295 2039 3369; baseline 0.003 -22"><span class='ocrx_word' id='word_1_457' title='bbox 458 3295 688 3366; x_wconf 84' lang='grc' dir='ltr'>σώματα</span> <span class='ocrx_word' id='word_1_458' title='bbox 757 3295 1250 3366; x_wconf 79' lang='grc' dir='ltr'>παραφθείρεσθαι.</span> <span class='ocrx_word' id='word_1_459' title='bbox 1296 3295 1454 3350; x_wconf 87' lang='grc' dir='ltr'>Οῦτω</span> <span class='ocrx_word' id='word_1_460' title='bbox 1508 3298 1616 3351; x_wconf 87' lang='grc' dir='ltr'><strong>ἀπὸ</strong></span> <span class='ocrx_word' id='word_1_461' title='bbox 1677 3299 1878 3369; x_wconf 86' lang='grc' dir='ltr'>μέρους</span> <span class='ocrx_word' id='word_1_462' title='bbox 1930 3300 2039 3352; x_wconf 71' lang='grc' dir='ltr'>εἰσὶ</span> 
     </span>
    </p>
   </div>
   <div class='ocr_carea' id='block_1_63' title="bbox 458 3385 2039 3461">
    <p class='ocr_par' dir='ltr' id='par_1_63' title="bbox 458 3385 2039 3461">
     <span class='ocr_line' id='line_1_63' title="bbox 458 3385 2039 3461; baseline 0.003 -24"><span class='ocrx_word' id='word_1_463' title='bbox 458 3386 826 3457; x_wconf 79' lang='grc' dir='ltr'>συνηνωμένοι</span> <span class='ocrx_word' id='word_1_464' title='bbox 872 3388 922 3439; x_wconf 78' lang='lat' dir='ltr'><strong>oi</strong></span> <span class='ocrx_word' id='word_1_465' title='bbox 967 3385 1248 3456; x_wconf 82' lang='grc' dir='ltr'>λεγόμενοι</span> <span class='ocrx_word' id='word_1_466' title='bbox 1293 3386 1353 3453; x_wconf 76' lang='grc' dir='ltr'>ἐξ</span> <span class='ocrx_word' id='word_1_467' title='bbox 1415 3386 1581 3440; x_wconf 76' lang='grc' dir='ltr'>αὐτοῦ</span> <span class='ocrx_word' id='word_1_468' title='bbox 1636 3389 1731 3441; x_wconf 79' lang='grc' dir='ltr'><strong>καὶ</strong></span> <span class='ocrx_word' id='word_1_469' title='bbox 1773 3389 1884 3442; x_wconf 87' lang='grc' dir='ltr'><strong>τῶν</strong></span> <span class='ocrx_word' id='word_1_470' title='bbox 1930 3390 2039 3461; x_wconf 74' lang='grc' dir='ltr'>πρὸ</span> 
     </span>
    </p>
   </div>
   <div class='ocr_carea' id='block_1_64' title="bbox 457 3475 2041 3547">
    <p class='ocr_par' dir='ltr' id='par_1_64' title="bbox 457 3475 2041 3547">
     <span class='ocr_line' id='line_1_64' title="bbox 457 3475 2041 3547; baseline 0.001 -18"><span class='ocrx_word' id='word_1_471' title='bbox 457 3476 644 3541; x_wconf 82' lang='grc' dir='ltr'>αὐτοῦ,</span> <span class='ocrx_word' id='word_1_472' title='bbox 706 3477 951 3547; x_wconf 87' lang='grc' dir='ltr'>Σίμωνος</span> <span class='ocrx_word' id='word_1_473' title='bbox 993 3475 1049 3528; x_wconf 82' lang='grc' dir='ltr'>δέ</span> <span class='ocrx_word' id='word_1_474' title='bbox 1095 3494 1259 3546; x_wconf 86' lang='grc' dir='ltr'>φημι,</span> <span class='ocrx_word' id='word_1_475' title='bbox 1302 3476 1398 3529; x_wconf 76' lang='grc' dir='ltr'><strong>καὶ</strong></span> <span class='ocrx_word' id='word_1_476' title='bbox 1433 3475 1544 3529; x_wconf 88' lang='grc' dir='ltr'><strong>τῶν</strong></span> <span class='ocrx_word' id='word_1_477' title='bbox 1571 3476 1745 3531; x_wconf 79' lang='grc' dir='ltr'>ἄλλων</span> <span class='ocrx_word' id='word_1_478' title='bbox 1784 3477 2041 3541; x_wconf 77' lang='grc' dir='ltr'>λαϐόντες</span> 
     </span>
    </p>
   </div>
   <div class='ocr_carea' id='block_1_65' title="bbox 456 3568 2039 3641">
    <p class='ocr_par' dir='ltr' id='par_1_65' title="bbox 456 3568 2039 3641">
     <span class='ocr_line' id='line_1_65' title="bbox 456 3568 2039 3641; baseline -0.001 -19"><span class='ocrx_word' id='word_1_479' title='bbox 456 3570 556 3633; x_wconf 74' lang='grc' dir='ltr'><strong>τὰς</strong></span> <span class='ocrx_word' id='word_1_480' title='bbox 589 3569 891 3641; x_wconf 84' lang='grc' dir='ltr'>προφάσεις</span> <span class='ocrx_word' id='word_1_481' title='bbox 936 3569 1233 3623; x_wconf 76' lang='grc' dir='ltr'>Γνωστικοὶ</span> <span class='ocrx_word' id='word_1_482' title='bbox 1282 3568 1625 3640; x_wconf 88' lang='grc' dir='ltr'>καλούμενοι,</span> <span class='ocrx_word' id='word_1_483' title='bbox 1666 3570 2039 3638; x_wconf 77' lang='grc' dir='ltr'>κατάγνωστοι</span> 
     </span>
    </p>
   </div>
   <div class='ocr_carea' id='block_1_66' title="bbox 455 3660 2039 3732">
    <p class='ocr_par' dir='ltr' id='par_1_66' title="bbox 455 3660 2039 3732">
     <span class='ocr_line' id='line_1_66' title="bbox 455 3660 2039 3732; baseline -0.001 -18"><span class='ocrx_word' id='word_1_484' title='bbox 455 3662 516 3715; x_wconf 74' lang='grc' dir='ltr'>δὲ</span> <span class='ocrx_word' id='word_1_485' title='bbox 551 3661 611 3714; x_wconf 84' lang='grc' dir='ltr'><strong>τὸ</strong></span> <span class='ocrx_word' id='word_1_486' title='bbox 649 3663 756 3714; x_wconf 77' lang='grc' dir='ltr'>πᾶν</span> <span class='ocrx_word' id='word_1_487' title='bbox 778 3661 865 3714; x_wconf 75' lang='grc' dir='ltr'><strong>διὰ</strong></span> <span class='ocrx_word' id='word_1_488' title='bbox 898 3661 998 3732; x_wconf 83' lang='grc' dir='ltr'>τὴν</span> <span class='ocrx_word' id='word_1_489' title='bbox 1028 3662 1085 3713; x_wconf 81' lang='grc' dir='ltr'>ὲν</span> <span class='ocrx_word' id='word_1_490' title='bbox 1112 3662 1224 3724; x_wconf 85' lang='grc' dir='ltr'>τοῖς</span> <span class='ocrx_word' id='word_1_491' title='bbox 1249 3660 1539 3731; x_wconf 87' lang='grc' dir='ltr'>πράγμασι</span> <span class='ocrx_word' id='word_1_492' title='bbox 1581 3662 1683 3731; x_wconf 80' lang='grc' dir='ltr'><strong>τῆς</strong></span> <span class='ocrx_word' id='word_1_493' title='bbox 1726 3660 2039 3732; x_wconf 87' lang='grc' dir='ltr'>ἀκαθάρτου</span> 
     </span>
    </p>
   </div>
   <div class='ocr_carea' id='block_1_67' title="bbox 460 3751 2041 3825">
    <p class='ocr_par' dir='ltr' id='par_1_67' title="bbox 460 3751 2041 3825">
     <span class='ocr_line' id='line_1_67' title="bbox 460 3751 2041 3825; baseline -0.003 -18"><span class='ocrx_word' id='word_1_494' title='bbox 460 3753 725 3825; x_wconf 75' lang='grc' dir='ltr'>ἐργασίας</span> <span class='ocrx_word' id='word_1_495' title='bbox 772 3753 952 3808; x_wconf 81' lang='grc' dir='ltr'>αὐτῶν</span> <span class='ocrx_word' id='word_1_496' title='bbox 994 3752 1293 3824; x_wconf 86' lang='grc' dir='ltr'>μοχθηρίαν</span> <span class='ocrx_word' id='word_1_497' title='bbox 1332 3753 1430 3805; x_wconf 70' lang='grc' dir='ltr'><strong>καὶ</strong></span> <span class='ocrx_word' id='word_1_498' title='bbox 1485 3751 1898 3822; x_wconf 82' lang='grc' dir='ltr'>αἰσχρουργίαν.</span> <span class='ocrx_word' id='word_1_499' title='bbox 1950 3752 2041 3815; x_wconf 82' lang='grc' dir='ltr'>Ὠς</span> 
     </span>
    </p>
   </div>
   <div class='ocr_carea' id='block_1_68' title="bbox 460 3841 2039 3915">
    <p class='ocr_par' dir='ltr' id='par_1_68' title="bbox 460 3841 2039 3915">
     <span class='ocr_line' id='line_1_68' title="bbox 460 3841 2039 3915; baseline -0.003 -18"><span class='ocrx_word' id='word_1_500' title='bbox 460 3844 676 3914; x_wconf 84' lang='grc' dir='ltr'>ἀληθῶς</span> <span class='ocrx_word' id='word_1_501' title='bbox 713 3843 822 3915; x_wconf 83' lang='grc' dir='ltr'>γὰρ</span> <span class='ocrx_word' id='word_1_502' title='bbox 856 3844 953 3897; x_wconf 70' lang='grc' dir='ltr'><strong>καὶ</strong></span> <span class='ocrx_word' id='word_1_503' title='bbox 988 3843 1176 3897; x_wconf 87' lang='grc' dir='ltr'>τοῦτον</span> <span class='ocrx_word' id='word_1_504' title='bbox 1207 3842 1345 3914; x_wconf 84' lang='grc' dir='ltr'>πρὸς</span> <span class='ocrx_word' id='word_1_505' title='bbox 1375 3842 1556 3910; x_wconf 86' lang='grc' dir='ltr'>ὀλίγον</span> <span class='ocrx_word' id='word_1_506' title='bbox 1589 3841 2039 3913; x_wconf 84' lang='grc' dir='ltr'>ὲγκρατευσάμε-</span> 
     </span>
    </p>
   </div>
   <div class='ocr_carea' id='block_1_69' title="bbox 461 3935 2041 4009">
    <p class='ocr_par' dir='ltr' id='par_1_69' title="bbox 461 3935 2041 4009">
     <span class='ocr_line' id='line_1_69' title="bbox 461 3935 2041 4009; baseline -0.003 -18"><span class='ocrx_word' id='word_1_507' title='bbox 461 3954 572 4002; x_wconf 88' lang='grc' dir='ltr'>νον,</span> <span class='ocrx_word' id='word_1_508' title='bbox 599 3935 718 3992; x_wconf 81' lang='grc' dir='ltr'>εἷτα</span> <span class='ocrx_word' id='word_1_509' title='bbox 744 3939 1055 3993; x_wconf 88' lang='grc' dir='ltr'>ἀποστάντα</span> <span class='ocrx_word' id='word_1_510' title='bbox 1093 3939 1192 4009; x_wconf 85' lang='grc' dir='ltr'><strong>τῆς</strong></span> <span class='ocrx_word' id='word_1_511' title='bbox 1233 3939 1581 4009; x_wconf 77' lang='grc' dir='ltr'>ἐγκρατείας,</span> <span class='ocrx_word' id='word_1_512' title='bbox 1603 3938 1759 4007; x_wconf 87' lang='grc' dir='ltr'>δίκην</span> <span class='ocrx_word' id='word_1_513' title='bbox 1793 3936 2041 4008; x_wconf 74' lang='grc' dir='ltr'>ὕδρωπος</span> 
     </span>
    </p>
   </div>
   <div class='ocr_carea' id='block_1_70' title="bbox 461 4027 2042 4103">
    <p class='ocr_par' dir='ltr' id='par_1_70' title="bbox 461 4027 2042 4103">
     <span class='ocr_line' id='line_1_70' title="bbox 461 4027 2042 4103; baseline -0.003 -18"><span class='ocrx_word' id='word_1_514' title='bbox 461 4031 558 4085; x_wconf 82' lang='grc' dir='ltr'><strong>τοῦ</strong></span> <span class='ocrx_word' id='word_1_515' title='bbox 611 4029 844 4103; x_wconf 75' lang='grc' dir='ltr'>ἑρπετοῦ</span> <span class='ocrx_word' id='word_1_516' title='bbox 898 4029 1238 4100; x_wconf 84' lang='grc' dir='ltr'>καλουμένου</span> <span class='ocrx_word' id='word_1_517' title='bbox 1289 4029 1349 4095; x_wconf 78' lang='grc' dir='ltr'><strong>ἐξ</strong></span> <span class='ocrx_word' id='word_1_518' title='bbox 1390 4029 1597 4082; x_wconf 85' lang='grc' dir='ltr'>ὑδάτων</span> <span class='ocrx_word' id='word_1_519' title='bbox 1635 4030 1715 4093; x_wconf 82' lang='grc' dir='ltr'>εἰς</span> <span class='ocrx_word' id='word_1_520' title='bbox 1751 4029 1856 4098; x_wconf 89' lang='grc' dir='ltr'><strong>γῆν</strong></span> <span class='ocrx_word' id='word_1_521' title='bbox 1886 4027 2042 4082; x_wconf 85' lang='grc' dir='ltr'>ἀνελ-</span> 
     </span>
    </p>
   </div>
   <div class='ocr_carea' id='block_1_71' title="bbox 464 4117 2043 4193">
    <p class='ocr_par' dir='ltr' id='par_1_71' title="bbox 464 4117 2043 4193">
     <span class='ocr_line' id='line_1_71' title="bbox 464 4117 2043 4193; baseline -0.003 -17"><span class='ocrx_word' id='word_1_522' title='bbox 464 4122 668 4189; x_wconf 84' lang='grc' dir='ltr'>θόντος,</span> <span class='ocrx_word' id='word_1_523' title='bbox 701 4124 796 4176; x_wconf 71' lang='grc' dir='ltr'><strong>καὶ</strong></span> <span class='ocrx_word' id='word_1_524' title='bbox 829 4123 909 4185; x_wconf 87' lang='grc' dir='ltr'><strong>είς</strong></span> <span class='ocrx_word' id='word_1_525' title='bbox 937 4120 1082 4193; x_wconf 73' lang='grc' dir='ltr'>ὕδωρ</span> <span class='ocrx_word' id='word_1_526' title='bbox 1123 4117 1279 4184; x_wconf 74' lang='grc' dir='ltr'>αὖθις</span> <span class='ocrx_word' id='word_1_527' title='bbox 1321 4120 1775 4193; x_wconf 78' lang='grc' dir='ltr'>ἀναστρέψαντος.</span> <span class='ocrx_word' id='word_1_528' title='bbox 1809 4119 2043 4190; x_wconf 82' lang='grc' dir='ltr'>καλάμῳ</span> 
     </span>
    </p>
   </div>
   <div class='ocr_carea' id='block_1_72' title="bbox 462 4212 2039 4285">
    <p class='ocr_par' dir='ltr' id='par_1_72' title="bbox 462 4212 2039 4285">
     <span class='ocr_line' id='line_1_72' title="bbox 462 4212 2039 4285; baseline -0.001 -17"><span class='ocrx_word' id='word_1_529' title='bbox 462 4214 542 4285; x_wconf 80' lang='grc' dir='ltr'>τῷ</span> <span class='ocrx_word' id='word_1_530' title='bbox 570 4217 628 4268; x_wconf 84' lang='grc' dir='ltr'><strong>ὲν</strong></span> <span class='ocrx_word' id='word_1_531' title='bbox 646 4214 789 4285; x_wconf 72' lang='grc' dir='ltr'>χειρὶ</span> <span class='ocrx_word' id='word_1_532' title='bbox 809 4213 1012 4267; x_wconf 81' lang='grc' dir='ltr'>δοθέντι</span> <span class='ocrx_word' id='word_1_533' title='bbox 1038 4212 1272 4285; x_wconf 89' lang='grc' dir='ltr'>Χριστοῦ</span> <span class='ocrx_word' id='word_1_534' title='bbox 1298 4213 1591 4276; x_wconf 68' lang='grc' dir='ltr'>παίσαντες</span> <span class='ocrx_word' id='word_1_535' title='bbox 1616 4212 1712 4267; x_wconf 71' lang='grc' dir='ltr'>καὶ</span> <span class='ocrx_word' id='word_1_536' title='bbox 1736 4212 2039 4275; x_wconf 77' lang='grc' dir='ltr'>ὀλέσαντες,</span> 
     </span>
    </p>
   </div>
   <div class='ocr_carea' id='block_1_73' title="bbox 465 4304 1463 4377">
    <p class='ocr_par' dir='ltr' id='par_1_73' title="bbox 465 4304 1463 4377">
     <span class='ocr_line' id='line_1_73' title="bbox 465 4304 1463 4377; baseline 0 -18"><span class='ocrx_word' id='word_1_537' title='bbox 465 4307 560 4361; x_wconf 70' lang='grc' dir='ltr'>ἐπὶ</span> <span class='ocrx_word' id='word_1_538' title='bbox 584 4306 684 4370; x_wconf 85' lang='grc' dir='ltr'>τὰς</span> <span class='ocrx_word' id='word_1_539' title='bbox 705 4306 832 4377; x_wconf 78' lang='grc' dir='ltr'>ἑξῆς</span> <span class='ocrx_word' id='word_1_540' title='bbox 863 4305 1103 4377; x_wconf 72' lang='grc' dir='ltr'>αἱρέσεις</span> <span class='ocrx_word' id='word_1_541' title='bbox 1138 4304 1463 4375; x_wconf 83' lang='grc' dir='ltr'>βαδίσωμεν.</span> 
     </span>
    </p>
   </div>
   <div class='ocr_carea' id='block_1_74' title="bbox 556 4594 1943 4665">
    <p class='ocr_par' dir='ltr' id='par_1_74' title="bbox 556 4594 1943 4665">
     <span class='ocr_line' id='line_1_74' title="bbox 556 4594 1943 4665; baseline 0.001 -17"><span class='ocrx_word' id='word_1_542' title='bbox 556 4594 747 4648; x_wconf 81' lang='grc' dir='ltr'><strong>ΚΑΤΑ</strong></span> <span class='ocrx_word' id='word_1_543' title='bbox 783 4594 921 4647; x_wconf 84' lang='grc' dir='ltr'><strong>ΤΩΝ</strong></span> <span class='ocrx_word' id='word_1_544' title='bbox 959 4594 1379 4647; x_wconf 80' lang='grc' dir='ltr'><strong>ΛΕΓΟΜΕΝΩΝ</strong></span> <span class='ocrx_word' id='word_1_545' title='bbox 1413 4594 1524 4665; x_wconf 63' lang='lat'><strong>(68)</strong></span> <span class='ocrx_word' id='word_1_546' title='bbox 1555 4595 1943 4650; x_wconf 84' lang='grc' dir='ltr'><strong>ΓΝΩΣΤΙΚΩΝ</strong></span> 
     </span>
    </p>
   </div>
   <div class='ocr_carea' id='block_1_75' title="bbox 817 4686 1682 4755">
    <p class='ocr_par' dir='ltr' id='par_1_75' title="bbox 817 4686 1682 4755">
     <span class='ocr_line' id='line_1_75' title="bbox 817 4686 1682 4755; baseline 0.003 -16"><span class='ocrx_word' id='word_1_547' title='bbox 817 4686 1025 4754; x_wconf 81' lang='grc' dir='ltr'>Ἕκτη,</span> <span class='ocrx_word' id='word_1_548' title='bbox 1056 4687 1094 4754; x_wconf 75' lang='grc' dir='ltr'><em>ἠ</em></span> <span class='ocrx_word' id='word_1_549' title='bbox 1118 4687 1213 4740; x_wconf 81' lang='grc' dir='ltr'>καὶ</span> <span class='ocrx_word' id='word_1_550' title='bbox 1252 4688 1496 4755; x_wconf 77' lang='grc' dir='ltr'>εἰκοστὴ</span> <span class='ocrx_word' id='word_1_551' title='bbox 1516 4686 1682 4754; x_wconf 80' lang='grc' dir='ltr'>ἕκτη.</span> 
     </span>
    </p>
   </div>
   <div class='ocr_carea' id='block_1_76' title="bbox 535 4793 2048 4871">
    <p class='ocr_par' dir='ltr' id='par_1_76' title="bbox 535 4793 2048 4871">
     <span class='ocr_line' id='line_1_76' title="bbox 535 4793 2048 4871; baseline 0.001 -18"><span class='ocrx_word' id='word_1_552' title='bbox 535 4799 617 4853; x_wconf 67' lang='lat' dir='ltr'><strong>A&#39;.</strong></span> <span class='ocrx_word' id='word_1_553' title='bbox 653 4798 823 4853; x_wconf 89' lang='grc' dir='ltr'>Πάλιν</span> <span class='ocrx_word' id='word_1_554' title='bbox 849 4793 993 4853; x_wconf 73' lang='grc' dir='ltr'>οὗτοι</span> <span class='ocrx_word' id='word_1_555' title='bbox 1017 4800 1066 4851; x_wconf 76' lang='grc' dir='ltr'>οἱ</span> <span class='ocrx_word' id='word_1_556' title='bbox 1102 4799 1397 4852; x_wconf 75' lang='grc' dir='ltr'>Γνωστικοὶ</span> <span class='ocrx_word' id='word_1_557' title='bbox 1427 4799 1697 4871; x_wconf 82' lang='grc' dir='ltr'>διαφόρως</span> <span class='ocrx_word' id='word_1_558' title='bbox 1720 4800 1828 4854; x_wconf 85' lang='grc' dir='ltr'><strong>ἀπὸ</strong></span> <span class='ocrx_word' id='word_1_559' title='bbox 1858 4801 2048 4854; x_wconf 76' lang='grc' dir='ltr'>τούτου</span> 
     </span>
    </p>
   </div>
   <div class='ocr_carea' id='block_1_77' title="bbox 544 4973 1020 5045">
    <p class='ocr_par' dir='ltr' id='par_1_77' title="bbox 544 4973 1020 5045">
     <span class='ocr_line' id='line_1_77' title="bbox 544 4973 1020 5045; baseline 0 -17"><span class='ocrx_word' id='word_1_560' title='bbox 544 4975 561 5005; x_wconf 91' lang='grc'>¹</span> <span class='ocrx_word' id='word_1_561' title='bbox 590 4973 730 5044; x_wconf 80' lang='lat' dir='ltr'><strong>Lege</strong></span> <span class='ocrx_word' id='word_1_562' title='bbox 775 4973 1020 5045; x_wconf 79' lang='grc' dir='ltr'>γενετῆς.</span> 
     </span>
    </p>
   </div>
   <div class='ocr_carea' id='block_1_78' title="bbox 542 5128 2037 5202">
    <p class='ocr_par' dir='ltr' id='par_1_78' title="bbox 542 5128 2037 5202">
     <span class='ocr_line' id='line_1_78' title="bbox 542 5128 2037 5202; baseline -0.001 -17"><span class='ocrx_word' id='word_1_563' title='bbox 542 5130 665 5202; x_wconf 4' lang='grc'>(68),</span> <span class='ocrx_word' id='word_1_564' title='bbox 693 5128 1075 5202; x_wconf 64' lang='grc' dir='ltr'>Γνωστικῶν.</span> <span class='ocrx_word' id='word_1_565' title='bbox 1104 5128 1486 5184; x_wconf 83' lang='lat' dir='ltr'><strong>Gnosticorum</strong></span> <span class='ocrx_word' id='word_1_566' title='bbox 1525 5129 2037 5202; x_wconf 75' lang='lat' dir='ltr'><strong>appellatio,_quam</strong></span> 
     </span>
    </p>
   </div>
   <div class='ocr_carea' id='block_1_79' title="bbox 472 5200 2037 5271">
    <p class='ocr_par' dir='ltr' id='par_1_79' title="bbox 472 5200 2037 5271">
     <span class='ocr_line' id='line_1_79' title="bbox 472 5200 2037 5271; baseline -0.002 -15"><span class='ocrx_word' id='word_1_567' title='bbox 472 5200 829 5271; x_wconf 76' lang='lat' dir='ltr'><strong>impurissimi</strong></span> <span class='ocrx_word' id='word_1_568' title='bbox 895 5200 1275 5254; x_wconf 69' lang='lat' dir='ltr'><strong>haereticorum</strong></span> <span class='ocrx_word' id='word_1_569' title='bbox 1340 5207 1708 5271; x_wconf 80' lang='lat' dir='ltr'><strong>usurparunt,</strong></span> <span class='ocrx_word' id='word_1_570' title='bbox 1778 5200 2037 5255; x_wconf 81' lang='lat' dir='ltr'><strong>eximium</strong></span> 
     </span>
    </p>
   </div>
   <div class='ocr_carea' id='block_1_80' title="bbox 471 5269 2044 5342">
    <p class='ocr_par' dir='ltr' id='par_1_80' title="bbox 471 5269 2044 5342">
     <span class='ocr_line' id='line_1_80' title="bbox 471 5269 2044 5342; baseline -0.002 -16"><span class='ocrx_word' id='word_1_571' title='bbox 471 5269 762 5342; x_wconf 82' lang='lat' dir='ltr'><strong>quemdam</strong></span> <span class='ocrx_word' id='word_1_572' title='bbox 799 5278 961 5338; x_wconf 89' lang='lat' dir='ltr'><strong>atque</strong></span> <span class='ocrx_word' id='word_1_573' title='bbox 1000 5271 1328 5342; x_wconf 81' lang='lat' dir='ltr'><strong>exquisitum</strong></span> <span class='ocrx_word' id='word_1_574' title='bbox 1365 5269 1530 5342; x_wconf 83' lang='lat' dir='ltr'><strong>animi</strong></span> <span class='ocrx_word' id='word_1_575' title='bbox 1564 5278 1787 5342; x_wconf 61' lang='lat' dir='ltr'><strong>statum,</strong></span> <span class='ocrx_word' id='word_1_576' title='bbox 1823 5284 1887 5323; x_wconf 87' lang='lat' dir='ltr'><strong>ac</strong></span> <span class='ocrx_word' id='word_1_577' title='bbox 1915 5285 2044 5342; x_wconf 77' lang='lat' dir='ltr'><strong>san-</strong></span> 
     </span>
    </p>
   </div>
   <div class='ocr_carea' id='block_1_81' title="bbox 474 5339 2044 5409">
    <p class='ocr_par' dir='ltr' id='par_1_81' title="bbox 474 5339 2044 5409">
     <span class='ocr_line' id='line_1_81' title="bbox 474 5339 2044 5409; baseline -0.003 -12"><span class='ocrx_word' id='word_1_578' title='bbox 474 5339 677 5397; x_wconf 75' lang='lat' dir='ltr'><strong>ctitatis</strong></span> <span class='ocrx_word' id='word_1_579' title='bbox 706 5340 997 5409; x_wconf 82' lang='lat' dir='ltr'><strong>signiﬁcat,</strong></span> <span class='ocrx_word' id='word_1_580' title='bbox 1022 5349 1171 5409; x_wconf 15' lang='lat' dir='ltr'><strong>utiex</strong></span> <span class='ocrx_word' id='word_1_581' title='bbox 1197 5340 1563 5393; x_wconf 79' lang='lat' dir='ltr'><strong>Alexandrino</strong></span> <span class='ocrx_word' id='word_1_582' title='bbox 1590 5339 1869 5409; x_wconf 85' lang='lat' dir='ltr'><strong>Clemente</strong></span> <span class='ocrx_word' id='word_1_583' title='bbox 1896 5340 2044 5393; x_wconf 84' lang='lat' dir='ltr'><strong>aliis-</strong></span> 
     </span>
    </p>
   </div>
   <div class='ocr_carea' id='block_1_82' title="bbox 475 5408 2041 5480">
    <p class='ocr_par' dir='ltr' id='par_1_82' title="bbox 475 5408 2041 5480">
     <span class='ocr_line' id='line_1_82' title="bbox 475 5408 2041 5480; baseline -0.002 -15"><span class='ocrx_word' id='word_1_584' title='bbox 475 5427 583 5480; x_wconf 91' lang='lat' dir='ltr'><strong>que</strong></span> <span class='ocrx_word' id='word_1_585' title='bbox 616 5408 870 5479; x_wconf 79' lang='lat' dir='ltr'><strong>colligere</strong></span> <span class='ocrx_word' id='word_1_586' title='bbox 898 5410 1052 5480; x_wconf 49' lang='lat' dir='ltr'><strong>licet:</strong></span> <span class='ocrx_word' id='word_1_587' title='bbox 1076 5408 1207 5461; x_wconf 81' lang='lat' dir='ltr'><strong>Nam</strong></span> <span class='ocrx_word' id='word_1_588' title='bbox 1240 5409 1380 5480; x_wconf 89' lang='lat' dir='ltr'><strong>apud</strong></span> <span class='ocrx_word' id='word_1_589' title='bbox 1413 5410 1562 5480; x_wconf 83' lang='lat' dir='ltr'><strong>illum</strong></span> <span class='ocrx_word' id='word_1_590' title='bbox 1599 5425 1614 5461; x_wconf 85' lang='grc' dir='ltr'><strong>ι</strong></span> <span class='ocrx_word' id='word_1_591' title='bbox 1646 5408 1884 5478; x_wconf 69' lang='grc' dir='ltr'>Ρωάαρ..</span> <span class='ocrx_word' id='word_1_592' title='bbox 1919 5424 2041 5477; x_wconf 86' lang='lat' dir='ltr'><strong>cap.</strong></span> 
     </span>
    </p>
   </div>
   <div class='ocr_carea' id='block_1_83' title="bbox 474 5478 2047 5549">
    <p class='ocr_par' dir='ltr' id='par_1_83' title="bbox 474 5478 2047 5549">
     <span class='ocr_line' id='line_1_83' title="bbox 474 5478 2047 5549; baseline -0.003 -15"><span class='ocrx_word' id='word_1_593' title='bbox 474 5478 531 5543; x_wconf 82' lang='lat'><strong>6,</strong></span> <span class='ocrx_word' id='word_1_594' title='bbox 556 5478 904 5549; x_wconf 84' lang='lat' dir='ltr'><strong>opponuntur</strong></span> <span class='ocrx_word' id='word_1_595' title='bbox 925 5479 977 5531; x_wconf 80' lang='grc' dir='ltr'>οἱ</span> <span class='ocrx_word' id='word_1_596' title='bbox 1014 5478 1306 5531; x_wconf 74' lang='grc' dir='ltr'>Γνωστικοὶ</span> <span class='ocrx_word' id='word_1_597' title='bbox 1338 5481 1447 5543; x_wconf 82' lang='grc' dir='ltr'>τοῖς</span> <span class='ocrx_word' id='word_1_598' title='bbox 1474 5478 1751 5549; x_wconf 66' lang='grc' dir='ltr'>ψυχικοῖς,</span> <span class='ocrx_word' id='word_1_599' title='bbox 1783 5490 1841 5549; x_wconf 79' lang='lat' dir='ltr'><strong>et</strong></span> <span class='ocrx_word' id='word_1_600' title='bbox 1881 5496 2047 5549; x_wconf 54' lang='grc' dir='ltr'>πνευτ</span> 
     </span>
    </p>
   </div>
   <div class='ocr_carea' id='block_1_84' title="bbox 481 5546 2048 5619">
    <p class='ocr_par' dir='ltr' id='par_1_84' title="bbox 481 5546 2048 5619">
     <span class='ocr_line' id='line_1_84' title="bbox 481 5546 2048 5619; baseline -0.001 -17"><span class='ocrx_word' id='word_1_601' title='bbox 481 5546 699 5615; x_wconf 64' lang='grc' dir='ltr'>ματὺὶοί</span> <span class='ocrx_word' id='word_1_602' title='bbox 728 5549 1157 5619; x_wconf 40' lang='grc' dir='ltr'>νοοεηῑιιτηούκ</span> <span class='ocrx_word' id='word_1_603' title='bbox 1199 5549 1308 5617; x_wconf 81' lang='grc' dir='ltr'><strong>ἄρα</strong></span> <span class='ocrx_word' id='word_1_604' title='bbox 1331 5551 1393 5619; x_wconf 14' lang='grc' dir='ltr'>κοί</span> <span class='ocrx_word' id='word_1_605' title='bbox 1431 5548 1529 5619; x_wconf 83' lang='grc' dir='ltr'><strong>μὲν</strong></span> <span class='ocrx_word' id='word_1_606' title='bbox 1560 5546 1955 5619; x_wconf 37' lang='grc' dir='ltr'>Γνωστικοὶηοί</span> <span class='ocrx_word' id='word_1_607' title='bbox 1989 5546 2048 5600; x_wconf 81' lang='grc' dir='ltr'>δὲ</span> 
     </span>
    </p>
   </div>
   <div class='ocr_carea' id='block_1_85' title="bbox 476 5616 2046 5690">
    <p class='ocr_par' dir='ltr' id='par_1_85' title="bbox 476 5616 2046 5690">
     <span class='ocr_line' id='line_1_85' title="bbox 476 5616 2046 5690; baseline -0.003 -19"><span class='ocrx_word' id='word_1_608' title='bbox 476 5620 695 5690; x_wconf 75' lang='grc' dir='ltr'>ψυχικοὶ</span> <span class='ocrx_word' id='word_1_609' title='bbox 721 5619 779 5671; x_wconf 82' lang='grc' dir='ltr'>ὲν</span> <span class='ocrx_word' id='word_1_610' title='bbox 809 5618 957 5688; x_wconf 85' lang='grc' dir='ltr'>αύτῷ</span> <span class='ocrx_word' id='word_1_611' title='bbox 983 5618 1059 5687; x_wconf 83' lang='grc' dir='ltr'>τῷ</span> <span class='ocrx_word' id='word_1_612' title='bbox 1087 5616 1261 5690; x_wconf 62' lang='grc' dir='ltr'>λόγῳ·</span> <span class='ocrx_word' id='word_1_613' title='bbox 1292 5618 1411 5690; x_wconf 61' lang='lat' dir='ltr'><strong>an:</strong></span> <span class='ocrx_word' id='word_1_614' title='bbox 1433 5616 1482 5670; x_wconf 79' lang='grc' dir='ltr'>οἱ</span> <span class='ocrx_word' id='word_1_615' title='bbox 1528 5618 1728 5690; x_wconf 82' lang='grc' dir='ltr'>πάντες</span> <span class='ocrx_word' id='word_1_616' title='bbox 1773 5616 2046 5690; x_wconf 64' lang='grc' dir='ltr'>ἁποθέμετ</span> 
     </span>
    </p>
   </div>
   <div class='ocr_carea' id='block_1_86' title="bbox 478 5685 2048 5759">
    <p class='ocr_par' dir='ltr' id='par_1_86' title="bbox 478 5685 2048 5759">
     <span class='ocr_line' id='line_1_86' title="bbox 478 5685 2048 5759; baseline -0.003 -17"><span class='ocrx_word' id='word_1_617' title='bbox 478 5685 682 5759; x_wconf 75' lang='grc' dir='ltr'>νοι’τάς</span> <span class='ocrx_word' id='word_1_618' title='bbox 700 5685 976 5759; x_wconf 72' lang='grc' dir='ltr'>σαρκικᾶς</span> <span class='ocrx_word' id='word_1_619' title='bbox 1000 5685 1304 5759; x_wconf 54' lang='grc' dir='ltr'>ἐπιθυμίας</span> <span class='ocrx_word' id='word_1_620' title='bbox 1322 5727 1338 5752; x_wconf 87' lang='grc'><strong>,</strong></span> <span class='ocrx_word' id='word_1_621' title='bbox 1388 5687 1513 5751; x_wconf 84' lang='grc' dir='ltr'>ῐσοι,</span> <span class='ocrx_word' id='word_1_622' title='bbox 1552 5687 1668 5759; x_wconf 64' lang='grc' dir='ltr'><strong>καὶΔ</strong></span> <span class='ocrx_word' id='word_1_623' title='bbox 1691 5685 2048 5759; x_wconf 72' lang='grc' dir='ltr'>πνευματικοὶ</span> 
     </span>
    </p>
   </div>
   <div class='ocr_carea' id='block_1_87' title="bbox 482 5756 2049 5830">
    <p class='ocr_par' dir='ltr' id='par_1_87' title="bbox 482 5756 2049 5830">
     <span class='ocr_line' id='line_1_87' title="bbox 482 5756 2049 5830; baseline -0.003 -18"><span class='ocrx_word' id='word_1_624' title='bbox 482 5758 629 5813; x_wconf 78' lang='grc' dir='ltr'>παρὰ</span> <span class='ocrx_word' id='word_1_625' title='bbox 655 5757 733 5811; x_wconf 90' lang='grc' dir='ltr'><strong>τῶ</strong></span> <span class='ocrx_word' id='word_1_626' title='bbox 753 5756 964 5830; x_wconf 82' lang='grc' dir='ltr'>Κυρίῳ.</span> <span class='ocrx_word' id='word_1_627' title='bbox 995 5756 1099 5811; x_wconf 87' lang='lat' dir='ltr'><strong>Sed</strong></span> <span class='ocrx_word' id='word_1_628' title='bbox 1126 5756 1181 5811; x_wconf 90' lang='lat' dir='ltr'><strong>in</strong></span> <span class='ocrx_word' id='word_1_629' title='bbox 1219 5756 1340 5811; x_wconf 90' lang='lat' dir='ltr'><strong>aliis</strong></span> <span class='ocrx_word' id='word_1_630' title='bbox 1366 5756 1755 5827; x_wconf 80' lang='grc' dir='ltr'>Στρωματέων</span> <span class='ocrx_word' id='word_1_631' title='bbox 1792 5756 1966 5819; x_wconf 88' lang='lat' dir='ltr'><strong>libris,</strong></span> <span class='ocrx_word' id='word_1_632' title='bbox 1996 5766 2049 5810; x_wconf 91' lang='lat' dir='ltr'><strong>et</strong></span> 
     </span>
    </p>
   </div>
   <div class='ocr_carea' id='block_1_88' title="bbox 808 5845 1429 5910">
    <p class='ocr_par' dir='ltr' id='par_1_88' title="bbox 808 5845 1429 5910">
     <span class='ocr_line' id='line_1_88' title="bbox 808 5845 1429 5910; baseline -0.006 0"><span class='ocrx_word' id='word_1_633' title='bbox 808 5849 1075 5910; x_wconf 69' lang='grc' dir='ltr'>ΡΑτιιοι..</span> <span class='ocrx_word' id='word_1_634' title='bbox 1108 5846 1225 5909; x_wconf 76' lang='lat' dir='ltr'><strong>Gn.</strong></span> <span class='ocrx_word' id='word_1_635' title='bbox 1265 5845 1429 5906; x_wconf 79' lang='lat' dir='ltr'><strong>XLI.</strong></span> 
     </span>
    </p>
   </div>
   <div class='ocr_carea' id='block_1_89' title="bbox 1096 4971 2239 5043">
    <p class='ocr_par' dir='ltr' id='par_1_89' title="bbox 1096 4971 2239 5043">
     <span class='ocr_line' id='line_1_89' title="bbox 1096 4971 2239 5043; baseline 0.002 -17"><span class='ocrx_word' id='word_1_636' title='bbox 1096 4973 1118 5003; x_wconf 82' lang='lat'><strong>’</strong></span> <span class='ocrx_word' id='word_1_637' title='bbox 1150 4971 1214 5027; x_wconf 88' lang='lat' dir='ltr'><strong>F.</strong></span> <span class='ocrx_word' id='word_1_638' title='bbox 1250 4973 1645 5043; x_wconf 83' lang='grc' dir='ltr'>συνηνωμένον.</span> <span class='ocrx_word' id='word_1_639' title='bbox 1722 4973 1743 5004; x_wconf 87' lang='grc'><em>³</em></span> <span class='ocrx_word' id='word_1_640' title='bbox 1772 4971 1965 5029; x_wconf 78' lang='lat' dir='ltr'><strong>Matth.</strong></span> <span class='ocrx_word' id='word_1_641' title='bbox 1997 4990 2113 5041; x_wconf 74' lang='lat' dir='ltr'><strong>Xlx,</strong></span> <span class='ocrx_word' id='word_1_642' title='bbox 2154 4973 2239 5028; x_wconf 75' lang='grc'><strong>12.</strong></span> 
     </span>
    </p>
   </div>
   <div class='ocr_carea' id='block_1_90' title="bbox 2135 3203 3708 3277">
    <p class='ocr_par' dir='ltr' id='par_1_90' title="bbox 2135 3203 3708 3277">
     <span class='ocr_line' id='line_1_90' title="bbox 2135 3203 3708 3277; baseline 0.004 -22"><span class='ocrx_word' id='word_1_643' title='bbox 2135 3203 2395 3272; x_wconf 88' lang='lat' dir='ltr'><strong>quadam,</strong></span> <span class='ocrx_word' id='word_1_644' title='bbox 2428 3204 2511 3257; x_wconf 87' lang='lat' dir='ltr'><strong>vel</strong></span> <span class='ocrx_word' id='word_1_645' title='bbox 2555 3204 2738 3273; x_wconf 88' lang='lat' dir='ltr'><strong>potius</strong></span> <span class='ocrx_word' id='word_1_646' title='bbox 2770 3206 2847 3258; x_wconf 90' lang='lat' dir='ltr'><strong>uti</strong></span> <span class='ocrx_word' id='word_1_647' title='bbox 2892 3204 3019 3260; x_wconf 65' lang='lat' dir='ltr'><strong>ferm</strong></span> <span class='ocrx_word' id='word_1_648' title='bbox 3055 3207 3255 3261; x_wconf 88' lang='lat' dir='ltr'><strong>scabiei</strong></span> <span class='ocrx_word' id='word_1_649' title='bbox 3292 3222 3356 3261; x_wconf 89' lang='lat' dir='ltr'><strong>ac</strong></span> <span class='ocrx_word' id='word_1_650' title='bbox 3386 3207 3547 3277; x_wconf 71' lang='lat' dir='ltr'><strong>lepra:</strong></span> <span class='ocrx_word' id='word_1_651' title='bbox 3575 3222 3708 3261; x_wconf 82' lang='lat' dir='ltr'><strong>con-</strong></span> 
     </span>
    </p>
   </div>
   <div class='ocr_carea' id='block_1_91' title="bbox 2136 3294 3706 3365">
    <p class='ocr_par' dir='ltr' id='par_1_91' title="bbox 2136 3294 3706 3365">
     <span class='ocr_line' id='line_1_91' title="bbox 2136 3294 3706 3365; baseline 0.001 -18"><span class='ocrx_word' id='word_1_652' title='bbox 2136 3295 2354 3364; x_wconf 79' lang='lat' dir='ltr'><strong>tagione</strong></span> <span class='ocrx_word' id='word_1_653' title='bbox 2383 3294 2487 3348; x_wconf 89' lang='lat' dir='ltr'><strong>alia</strong></span> <span class='ocrx_word' id='word_1_654' title='bbox 2524 3310 2589 3349; x_wconf 80' lang='lat' dir='ltr'><strong>ex</strong></span> <span class='ocrx_word' id='word_1_655' title='bbox 2622 3296 2744 3350; x_wconf 89' lang='lat' dir='ltr'><strong>aliis</strong></span> <span class='ocrx_word' id='word_1_656' title='bbox 2774 3310 3030 3365; x_wconf 87' lang='lat' dir='ltr'><strong>corpora,</strong></span> <span class='ocrx_word' id='word_1_657' title='bbox 3064 3297 3143 3351; x_wconf 90' lang='lat' dir='ltr'><strong>sic</strong></span> <span class='ocrx_word' id='word_1_658' title='bbox 3176 3297 3455 3350; x_wconf 88' lang='lat' dir='ltr'><strong>hominum</strong></span> <span class='ocrx_word' id='word_1_659' title='bbox 3493 3304 3706 3351; x_wconf 84' lang='lat' dir='ltr'><strong>tentan-</strong></span> 
     </span>
    </p>
   </div>
   <div class='ocr_carea' id='block_1_92' title="bbox 2136 3386 3705 3455">
    <p class='ocr_par' dir='ltr' id='par_1_92' title="bbox 2136 3386 3705 3455">
     <span class='ocr_line' id='line_1_92' title="bbox 2136 3386 3705 3455; baseline 0 -17"><span class='ocrx_word' id='word_1_660' title='bbox 2136 3392 2229 3438; x_wconf 87' lang='lat' dir='ltr'><strong>tur</strong></span> <span class='ocrx_word' id='word_1_661' title='bbox 2254 3399 2318 3439; x_wconf 87' lang='lat' dir='ltr'><strong>ac</strong></span> <span class='ocrx_word' id='word_1_662' title='bbox 2348 3395 2777 3455; x_wconf 87' lang='lat' dir='ltr'><strong>corrumpuntur</strong></span> <span class='ocrx_word' id='word_1_663' title='bbox 2802 3387 2992 3439; x_wconf 86' lang='lat' dir='ltr'><strong>animi.</strong></span> <span class='ocrx_word' id='word_1_664' title='bbox 3025 3386 3139 3440; x_wconf 86' lang='lat' dir='ltr'><strong>lloc</strong></span> <span class='ocrx_word' id='word_1_665' title='bbox 3179 3387 3364 3455; x_wconf 89' lang='lat' dir='ltr'><strong>itaque</strong></span> <span class='ocrx_word' id='word_1_666' title='bbox 3397 3386 3557 3440; x_wconf 91' lang='lat' dir='ltr'><strong>modo</strong></span> <span class='ocrx_word' id='word_1_667' title='bbox 3581 3401 3705 3439; x_wconf 80' lang='lat' dir='ltr'><strong>cum</strong></span> 
     </span>
    </p>
   </div>
   <div class='ocr_carea' id='block_1_93' title="bbox 2138 3477 3708 3548">
    <p class='ocr_par' dir='ltr' id='par_1_93' title="bbox 2138 3477 3708 3548">
     <span class='ocr_line' id='line_1_93' title="bbox 2138 3477 3708 3548; baseline -0.001 -17"><span class='ocrx_word' id='word_1_668' title='bbox 2138 3477 2422 3546; x_wconf 85' lang='lat' dir='ltr'><strong>superiore</strong></span> <span class='ocrx_word' id='word_1_669' title='bbox 2455 3477 2649 3533; x_wconf 65' lang='lat' dir='ltr'><strong>haeresi</strong></span> <span class='ocrx_word' id='word_1_670' title='bbox 2681 3478 2962 3532; x_wconf 70' lang='lat' dir='ltr'><strong>cohzerens</strong></span> <span class='ocrx_word' id='word_1_671' title='bbox 3003 3493 3068 3532; x_wconf 81' lang='lat' dir='ltr'><strong>ex</strong></span> <span class='ocrx_word' id='word_1_672' title='bbox 3110 3478 3291 3547; x_wconf 87' lang='lat' dir='ltr'><strong>aliqua</strong></span> <span class='ocrx_word' id='word_1_673' title='bbox 3340 3485 3514 3548; x_wconf 90' lang='lat' dir='ltr'><strong>parte,</strong></span> <span class='ocrx_word' id='word_1_674' title='bbox 3553 3477 3708 3546; x_wconf 87' lang='lat' dir='ltr'><strong>quia</strong></span> 
     </span>
    </p>
   </div>
   <div class='ocr_carea' id='block_1_94' title="bbox 2137 3569 3709 3639">
    <p class='ocr_par' dir='ltr' id='par_1_94' title="bbox 2137 3569 3709 3639">
     <span class='ocr_line' id='line_1_94' title="bbox 2137 3569 3709 3639; baseline -0.002 -16"><span class='ocrx_word' id='word_1_675' title='bbox 2137 3569 2366 3623; x_wconf 86' lang='lat' dir='ltr'><strong>Nicolao</strong></span> <span class='ocrx_word' id='word_1_676' title='bbox 2411 3569 2551 3639; x_wconf 89' lang='lat' dir='ltr'><strong>ipso,</strong></span> <span class='ocrx_word' id='word_1_677' title='bbox 2593 3571 2823 3638; x_wconf 86' lang='lat' dir='ltr'><strong>ejusque</strong></span> <span class='ocrx_word' id='word_1_678' title='bbox 2878 3571 3342 3634; x_wconf 86' lang='lat' dir='ltr'><strong>antecessoribus,</strong></span> <span class='ocrx_word' id='word_1_679' title='bbox 3386 3570 3609 3624; x_wconf 91' lang='lat' dir='ltr'><strong>Simone</strong></span> <span class='ocrx_word' id='word_1_680' title='bbox 3644 3580 3709 3621; x_wconf 91' lang='lat' dir='ltr'><strong>ac</strong></span> 
     </span>
    </p>
   </div>
   <div class='ocr_carea' id='block_1_95' title="bbox 2139 3660 3712 3727">
    <p class='ocr_par' dir='ltr' id='par_1_95' title="bbox 2139 3660 3712 3727">
     <span class='ocr_line' id='line_1_95' title="bbox 2139 3660 3712 3727; baseline -0.003 -13"><span class='ocrx_word' id='word_1_681' title='bbox 2139 3661 2353 3715; x_wconf 84' lang='lat' dir='ltr'><strong>caeteris</strong></span> <span class='ocrx_word' id='word_1_682' title='bbox 2381 3662 2727 3715; x_wconf 84' lang='lat' dir='ltr'><strong>occasionem</strong></span> <span class='ocrx_word' id='word_1_683' title='bbox 2755 3661 2901 3715; x_wconf 85' lang='lat' dir='ltr'><strong>nacti</strong></span> <span class='ocrx_word' id='word_1_684' title='bbox 2931 3660 3177 3714; x_wconf 83' lang='lat' dir='ltr'><strong>Gnostici</strong></span> <span class='ocrx_word' id='word_1_685' title='bbox 3211 3663 3583 3727; x_wconf 81' lang='lat' dir='ltr'><strong>nominantur,</strong></span> <span class='ocrx_word' id='word_1_686' title='bbox 3612 3672 3712 3711; x_wconf 84' lang='grc' dir='ltr'>κα-</span> 
     </span>
    </p>
   </div>
   <div class='ocr_carea' id='block_1_96' title="bbox 2137 3750 3708 3823">
    <p class='ocr_par' dir='ltr' id='par_1_96' title="bbox 2137 3750 3708 3823">
     <span class='ocr_line' id='line_1_96' title="bbox 2137 3750 3708 3823; baseline 0.004 -19"><span class='ocrx_word' id='word_1_687' title='bbox 2137 3752 2459 3820; x_wconf 84' lang='grc' dir='ltr'>τάγνωστοι,</span> <span class='ocrx_word' id='word_1_688' title='bbox 2491 3752 2594 3805; x_wconf 87' lang='lat' dir='ltr'><strong>hoc</strong></span> <span class='ocrx_word' id='word_1_689' title='bbox 2623 3759 2706 3806; x_wconf 91' lang='lat' dir='ltr'><strong>est</strong></span> <span class='ocrx_word' id='word_1_690' title='bbox 2747 3750 3041 3805; x_wconf 81' lang='lat' dir='ltr'><strong>damnandi</strong></span> <span class='ocrx_word' id='word_1_691' title='bbox 3083 3753 3325 3821; x_wconf 88' lang='lat' dir='ltr'><strong>penitus,</strong></span> <span class='ocrx_word' id='word_1_692' title='bbox 3349 3762 3571 3823; x_wconf 90' lang='lat' dir='ltr'><strong>propter</strong></span> <span class='ocrx_word' id='word_1_693' title='bbox 3603 3756 3708 3810; x_wconf 79' lang='lat' dir='ltr'><strong>im-</strong></span> 
     </span>
    </p>
   </div>
   <div class='ocr_carea' id='block_1_97' title="bbox 2141 3844 3712 3916">
    <p class='ocr_par' dir='ltr' id='par_1_97' title="bbox 2141 3844 3712 3916">
     <span class='ocr_line' id='line_1_97' title="bbox 2141 3844 3712 3916; baseline 0.003 -18"><span class='ocrx_word' id='word_1_694' title='bbox 2141 3845 2425 3914; x_wconf 87' lang='lat' dir='ltr'><strong>purissimi</strong></span> <span class='ocrx_word' id='word_1_695' title='bbox 2464 3844 2649 3915; x_wconf 85' lang='lat' dir='ltr'><strong>ﬂagitii</strong></span> <span class='ocrx_word' id='word_1_696' title='bbox 2682 3844 2826 3915; x_wconf 91' lang='lat' dir='ltr'><strong>quod</strong></span> <span class='ocrx_word' id='word_1_697' title='bbox 2860 3856 3177 3914; x_wconf 81' lang='lat' dir='ltr'><strong>perpetrare</strong></span> <span class='ocrx_word' id='word_1_698' title='bbox 3209 3846 3387 3901; x_wconf 88' lang='lat' dir='ltr'><strong>solent</strong></span> <span class='ocrx_word' id='word_1_699' title='bbox 3418 3848 3712 3916; x_wconf 87' lang='lat' dir='ltr'><strong>turpitudi-</strong></span> 
     </span>
    </p>
   </div>
   <div class='ocr_carea' id='block_1_98' title="bbox 2140 3936 3714 4004">
    <p class='ocr_par' dir='ltr' id='par_1_98' title="bbox 2140 3936 3714 4004">
     <span class='ocr_line' id='line_1_98' title="bbox 2140 3936 3714 4004; baseline 0.002 -12"><span class='ocrx_word' id='word_1_700' title='bbox 2140 3953 2266 3994; x_wconf 93' lang='lat' dir='ltr'><strong>nem</strong></span> <span class='ocrx_word' id='word_1_701' title='bbox 2297 3952 2361 3992; x_wconf 89' lang='lat' dir='ltr'><strong>ac</strong></span> <span class='ocrx_word' id='word_1_702' title='bbox 2379 3939 2704 4004; x_wconf 90' lang='lat' dir='ltr'><strong>nequitiam.</strong></span> <span class='ocrx_word' id='word_1_703' title='bbox 2730 3936 3098 4002; x_wconf 86' lang='lat' dir='ltr'><strong>Quamobrem</strong></span> <span class='ocrx_word' id='word_1_704' title='bbox 3126 3954 3248 3993; x_wconf 89' lang='lat' dir='ltr'><strong>eum</strong></span> <span class='ocrx_word' id='word_1_705' title='bbox 3280 3953 3381 3993; x_wconf 87' lang='lat' dir='ltr'><strong>nos</strong></span> <span class='ocrx_word' id='word_1_706' title='bbox 3408 3939 3560 3993; x_wconf 92' lang='lat' dir='ltr'><strong>illum</strong></span> <span class='ocrx_word' id='word_1_707' title='bbox 3590 3942 3714 3995; x_wconf 78' lang='lat' dir='ltr'><strong>hac-</strong></span> 
     </span>
    </p>
   </div>
   <div class='ocr_carea' id='block_1_99' title="bbox 2142 4027 3715 4097">
    <p class='ocr_par' dir='ltr' id='par_1_99' title="bbox 2142 4027 3715 4097">
     <span class='ocr_line' id='line_1_99' title="bbox 2142 4027 3715 4097; baseline 0.001 -15"><span class='ocrx_word' id='word_1_708' title='bbox 2142 4036 2309 4083; x_wconf 91' lang='lat' dir='ltr'><strong>tenus</strong></span> <span class='ocrx_word' id='word_1_709' title='bbox 2345 4027 2700 4081; x_wconf 72' lang='lat' dir='ltr'><strong>continentiae</strong></span> <span class='ocrx_word' id='word_1_710' title='bbox 2740 4027 2805 4079; x_wconf 91' lang='lat' dir='ltr'><strong>ad</strong></span> <span class='ocrx_word' id='word_1_711' title='bbox 2856 4027 3019 4081; x_wconf 86' lang='lat' dir='ltr'><strong>breve</strong></span> <span class='ocrx_word' id='word_1_712' title='bbox 3060 4034 3276 4097; x_wconf 89' lang='lat' dir='ltr'><strong>tempus</strong></span> <span class='ocrx_word' id='word_1_713' title='bbox 3317 4027 3604 4096; x_wconf 70' lang='lat' dir='ltr'><strong>cultorem,</strong></span> <span class='ocrx_word' id='word_1_714' title='bbox 3649 4040 3715 4085; x_wconf 86' lang='lat' dir='ltr'><strong>ac</strong></span> 
     </span>
    </p>
   </div>
   <div class='ocr_carea' id='block_1_100' title="bbox 2144 4099 3714 4186">
    <p class='ocr_par' dir='ltr' id='par_1_100' title="bbox 2144 4099 3714 4186">
     <span class='ocr_line' id='line_1_100' title="bbox 2144 4099 3714 4186; baseline -0.001 -13"><span class='ocrx_word' id='word_1_715' title='bbox 2144 4117 2382 4173; x_wconf 89' lang='lat' dir='ltr'><strong>subinde</strong></span> <span class='ocrx_word' id='word_1_716' title='bbox 2409 4099 2770 4178; x_wconf 81' lang='lat' dir='ltr'><strong>desertorem,</strong></span> <span class='ocrx_word' id='word_1_717' title='bbox 2794 4123 2848 4170; x_wconf 91' lang='lat' dir='ltr'><strong>et</strong></span> <span class='ocrx_word' id='word_1_718' title='bbox 2874 4116 3135 4186; x_wconf 87' lang='lat' dir='ltr'><strong>hydr0pis</strong></span> <span class='ocrx_word' id='word_1_719' title='bbox 3162 4116 3393 4171; x_wconf 90' lang='lat' dir='ltr'><strong>similem</strong></span> <span class='ocrx_word' id='word_1_720' title='bbox 3414 4118 3582 4185; x_wconf 91' lang='lat' dir='ltr'><strong>(quod</strong></span> <span class='ocrx_word' id='word_1_721' title='bbox 3604 4133 3714 4172; x_wconf 85' lang='lat' dir='ltr'><strong>ser-</strong></span> 
     </span>
    </p>
   </div>
   <div class='ocr_carea' id='block_1_101' title="bbox 2142 4208 3712 4281">
    <p class='ocr_par' dir='ltr' id='par_1_101' title="bbox 2142 4208 3712 4281">
     <span class='ocr_line' id='line_1_101' title="bbox 2142 4208 3712 4281; baseline -0.001 -18"><span class='ocrx_word' id='word_1_722' title='bbox 2142 4209 2326 4281; x_wconf 90' lang='lat' dir='ltr'><strong>pentis</strong></span> <span class='ocrx_word' id='word_1_723' title='bbox 2353 4224 2528 4279; x_wconf 90' lang='lat' dir='ltr'><strong>genus</strong></span> <span class='ocrx_word' id='word_1_724' title='bbox 2556 4224 2623 4262; x_wconf 83' lang='lat' dir='ltr'><strong>ex</strong></span> <span class='ocrx_word' id='word_1_725' title='bbox 2657 4208 2815 4277; x_wconf 90' lang='lat' dir='ltr'><strong>aquis</strong></span> <span class='ocrx_word' id='word_1_726' title='bbox 2850 4208 2902 4261; x_wconf 93' lang='lat' dir='ltr'><strong>in</strong></span> <span class='ocrx_word' id='word_1_727' title='bbox 2939 4215 3140 4262; x_wconf 88' lang='lat' dir='ltr'><strong>terram</strong></span> <span class='ocrx_word' id='word_1_728' title='bbox 3171 4210 3416 4279; x_wconf 85' lang='lat' dir='ltr'><strong>emergit,</strong></span> <span class='ocrx_word' id='word_1_729' title='bbox 3443 4216 3498 4264; x_wconf 89' lang='lat' dir='ltr'><strong>et</strong></span> <span class='ocrx_word' id='word_1_730' title='bbox 3522 4210 3712 4264; x_wconf 89' lang='lat' dir='ltr'><strong>eodem</strong></span> 
     </span>
    </p>
   </div>
   <div class='ocr_carea' id='block_1_102' title="bbox 2146 4296 3715 4371">
    <p class='ocr_par' dir='ltr' id='par_1_102' title="bbox 2146 4296 3715 4371">
     <span class='ocr_line' id='line_1_102' title="bbox 2146 4296 3715 4371; baseline -0.004 -15"><span class='ocrx_word' id='word_1_731' title='bbox 2146 4308 2334 4371; x_wconf 85' lang='lat' dir='ltr'><strong>postea</strong></span> <span class='ocrx_word' id='word_1_732' title='bbox 2372 4314 2430 4355; x_wconf 91' lang='lat' dir='ltr'><strong>se</strong></span> <span class='ocrx_word' id='word_1_733' title='bbox 2466 4298 2705 4368; x_wconf 87' lang='lat' dir='ltr'><strong>recipit),</strong></span> <span class='ocrx_word' id='word_1_734' title='bbox 2739 4297 2970 4361; x_wconf 86' lang='lat' dir='ltr'><strong>calamo,</strong></span> <span class='ocrx_word' id='word_1_735' title='bbox 3013 4298 3107 4365; x_wconf 92' lang='lat' dir='ltr'><strong>qui</strong></span> <span class='ocrx_word' id='word_1_736' title='bbox 3148 4296 3370 4353; x_wconf 87' lang='lat' dir='ltr'><strong>Christo</strong></span> <span class='ocrx_word' id='word_1_737' title='bbox 3392 4300 3445 4353; x_wconf 93' lang='lat' dir='ltr'><strong>in</strong></span> <span class='ocrx_word' id='word_1_738' title='bbox 3492 4312 3715 4352; x_wconf 89' lang='lat' dir='ltr'><strong>manum</strong></span> 
     </span>
    </p>
   </div>
   <div class='ocr_carea' id='block_1_103' title="bbox 2143 4388 3715 4461">
    <p class='ocr_par' dir='ltr' id='par_1_103' title="bbox 2143 4388 3715 4461">
     <span class='ocr_line' id='line_1_103' title="bbox 2143 4388 3715 4461; baseline 0 -15"><span class='ocrx_word' id='word_1_739' title='bbox 2143 4393 2382 4448; x_wconf 91' lang='lat' dir='ltr'><strong>traditus</strong></span> <span class='ocrx_word' id='word_1_740' title='bbox 2412 4398 2517 4457; x_wconf 86' lang='lat' dir='ltr'><strong>est,</strong></span> <span class='ocrx_word' id='word_1_741' title='bbox 2560 4405 2880 4461; x_wconf 88' lang='lat' dir='ltr'><strong>percussum</strong></span> <span class='ocrx_word' id='word_1_742' title='bbox 2915 4388 3336 4451; x_wconf 82' lang='lat' dir='ltr'><strong>confecerimus,</strong></span> <span class='ocrx_word' id='word_1_743' title='bbox 3377 4391 3619 4459; x_wconf 87' lang='lat' dir='ltr'><strong>reliquas</strong></span> <span class='ocrx_word' id='word_1_744' title='bbox 3648 4393 3715 4447; x_wconf 85' lang='lat' dir='ltr'><strong>ad</strong></span> 
     </span>
    </p>
   </div>
   <div class='ocr_carea' id='block_1_104' title="bbox 2075 4460 3496 4551">
    <p class='ocr_par' dir='ltr' id='par_1_104' title="bbox 2075 4460 3496 4551">
     <span class='ocr_line' id='line_1_104' title="bbox 2075 4460 3496 4551; baseline -0.001 -13"><span class='ocrx_word' id='word_1_745' title='bbox 2075 4460 2120 4517; x_wconf 73' lang='grc' dir='ltr'><strong>Ῑ)</strong></span> <span class='ocrx_word' id='word_1_746' title='bbox 2147 4484 2383 4540; x_wconf 74' lang='lat' dir='ltr'><strong>haereses</strong></span> <span class='ocrx_word' id='word_1_747' title='bbox 2417 4483 2722 4537; x_wconf 89' lang='lat' dir='ltr'><strong>orationem</strong></span> <span class='ocrx_word' id='word_1_748' title='bbox 2754 4491 2997 4535; x_wconf 86' lang='lat' dir='ltr'><strong>nostram</strong></span> <span class='ocrx_word' id='word_1_749' title='bbox 3029 4483 3496 4551; x_wconf 87' lang='lat' dir='ltr'><strong>promovebimus.</strong></span> 
     </span>
    </p>
   </div>
   <div class='ocr_carea' id='block_1_105' title="bbox 2451 4593 3407 4667">
    <p class='ocr_par' dir='ltr' id='par_1_105' title="bbox 2451 4593 3407 4667">
     <span class='ocr_line' id='line_1_105' title="bbox 2451 4593 3407 4667; baseline -0.001 -17"><span class='ocrx_word' id='word_1_750' title='bbox 2451 4597 2561 4667; x_wconf 77' lang='lat'><strong>32</strong></span> <span class='ocrx_word' id='word_1_751' title='bbox 2600 4593 2967 4651; x_wconf 63' lang='lat' dir='ltr'><strong>aoveasus</strong></span> <span class='ocrx_word' id='word_1_752' title='bbox 3005 4593 3407 4663; x_wconf 80' lang='lat' dir='ltr'><strong>GNOSTICOS,</strong></span> 
     </span>
    </p>
   </div>
   <div class='ocr_carea' id='block_1_106' title="bbox 2421 4686 3467 4753">
    <p class='ocr_par' dir='ltr' id='par_1_106' title="bbox 2421 4686 3467 4753">
     <span class='ocr_line' id='line_1_106' title="bbox 2421 4686 3467 4753; baseline 0.001 -12"><span class='ocrx_word' id='word_1_753' title='bbox 2421 4688 2552 4753; x_wconf 81' lang='lat' dir='ltr'><strong>Qua:</strong></span> <span class='ocrx_word' id='word_1_754' title='bbox 2598 4696 2677 4741; x_wconf 79' lang='lat' dir='ltr'><strong>est</strong></span> <span class='ocrx_word' id='word_1_755' title='bbox 2721 4687 2937 4743; x_wconf 71' lang='lat' dir='ltr'><strong>hwresis</strong></span> <span class='ocrx_word' id='word_1_756' title='bbox 2980 4686 3054 4741; x_wconf 87' lang='lat' dir='ltr'><strong>VI</strong></span> <span class='ocrx_word' id='word_1_757' title='bbox 3090 4690 3196 4742; x_wconf 83' lang='lat' dir='ltr'><strong>sive</strong></span> <span class='ocrx_word' id='word_1_758' title='bbox 3250 4686 3467 4742; x_wconf 70' lang='lat' dir='ltr'><strong>XXVI.</strong></span> 
     </span>
    </p>
   </div>
   <div class='ocr_carea' id='block_1_107' title="bbox 2225 4799 3718 4873">
    <p class='ocr_par' dir='ltr' id='par_1_107' title="bbox 2225 4799 3718 4873">
     <span class='ocr_line' id='line_1_107' title="bbox 2225 4799 3718 4873; baseline -0.001 -18"><span class='ocrx_word' id='word_1_759' title='bbox 2225 4804 2267 4855; x_wconf 86' lang='grc' dir='ltr'>Ι.</span> <span class='ocrx_word' id='word_1_760' title='bbox 2310 4801 2550 4857; x_wconf 80' lang='lat' dir='ltr'><strong>Rursum</strong></span> <span class='ocrx_word' id='word_1_761' title='bbox 2586 4799 2835 4857; x_wconf 85' lang='lat' dir='ltr'><strong>Gnostici</strong></span> <span class='ocrx_word' id='word_1_762' title='bbox 2883 4801 2975 4857; x_wconf 90' lang='lat' dir='ltr'><strong>isti</strong></span> <span class='ocrx_word' id='word_1_763' title='bbox 3018 4801 3171 4856; x_wconf 86' lang='lat' dir='ltr'><strong>varie</strong></span> <span class='ocrx_word' id='word_1_764' title='bbox 3212 4801 3282 4856; x_wconf 88' lang='lat' dir='ltr'><strong>ab</strong></span> <span class='ocrx_word' id='word_1_765' title='bbox 3317 4802 3411 4856; x_wconf 83' lang='lat' dir='ltr'><strong>illo</strong></span> <span class='ocrx_word' id='word_1_766' title='bbox 3438 4800 3718 4873; x_wconf 88' lang='lat' dir='ltr'><strong>propagati</strong></span> 
     </span>
    </p>
   </div>
   <div class='ocr_carea' id='block_1_108' title="bbox 2338 4974 3717 5040">
    <p class='ocr_par' dir='ltr' id='par_1_108' title="bbox 2338 4974 3717 5040">
     <span class='ocr_line' id='line_1_108' title="bbox 2338 4974 3717 5040; baseline -0.001 -12"><span class='ocrx_word' id='word_1_767' title='bbox 2338 4976 2360 5007; x_wconf 68' lang='grc'><strong><em>⁸</em></strong></span> <span class='ocrx_word' id='word_1_768' title='bbox 2388 4974 2550 5030; x_wconf 86' lang='lat' dir='ltr'><strong>Rom.</strong></span> <span class='ocrx_word' id='word_1_769' title='bbox 2588 4992 2626 5038; x_wconf 91' lang='grc' dir='ltr'><strong>ι,</strong></span> <span class='ocrx_word' id='word_1_770' title='bbox 2656 4975 2743 5031; x_wconf 81' lang='lat' dir='ltr'><strong>l8.</strong></span> <span class='ocrx_word' id='word_1_771' title='bbox 2829 4976 2850 5007; x_wconf 79' lang='grc'><strong><em>⁵</em></strong></span> <span class='ocrx_word' id='word_1_772' title='bbox 2882 4974 2901 5028; x_wconf 95' lang='lat' dir='ltr'><strong>l</strong></span> <span class='ocrx_word' id='word_1_773' title='bbox 2931 4974 3058 5030; x_wconf 89' lang='lat' dir='ltr'><strong>Cor.</strong></span> <span class='ocrx_word' id='word_1_774' title='bbox 3091 4991 3191 5040; x_wconf 85' lang='lat' dir='ltr'><strong>vn,</strong></span> <span class='ocrx_word' id='word_1_775' title='bbox 3222 4974 3313 5030; x_wconf 77' lang='grc'><strong>25.</strong></span> <span class='ocrx_word' id='word_1_776' title='bbox 3413 4977 3433 5008; x_wconf 87' lang='grc'><strong><em>⁶</em></strong></span> <span class='ocrx_word' id='word_1_777' title='bbox 3466 4976 3596 5030; x_wconf 87' lang='lat' dir='ltr'><strong>ibid.</strong></span> <span class='ocrx_word' id='word_1_778' title='bbox 3630 4976 3717 5029; x_wconf 72' lang='grc'><strong>54.</strong></span> 
     </span>
    </p>
   </div>
   <div class='ocr_carea' id='block_1_109' title="bbox 2141 5130 3726 5202">
    <p class='ocr_par' dir='ltr' id='par_1_109' title="bbox 2141 5130 3726 5202">
     <span class='ocr_line' id='line_1_109' title="bbox 2141 5130 3726 5202; baseline 0 -16"><span class='ocrx_word' id='word_1_779' title='bbox 2141 5132 2196 5186; x_wconf 88' lang='lat' dir='ltr'><strong>in</strong></span> <span class='ocrx_word' id='word_1_780' title='bbox 2215 5130 2406 5202; x_wconf 84' lang='lat' dir='ltr'><strong>primis</strong></span> <span class='ocrx_word' id='word_1_781' title='bbox 2433 5147 2531 5194; x_wconf 84' lang='lat' dir='ltr'><strong>vn,</strong></span> <span class='ocrx_word' id='word_1_782' title='bbox 2578 5131 2646 5186; x_wconf 92' lang='lat' dir='ltr'><strong>de</strong></span> <span class='ocrx_word' id='word_1_783' title='bbox 2668 5130 2945 5186; x_wconf 86' lang='lat' dir='ltr'><strong>Gnosticis</strong></span> <span class='ocrx_word' id='word_1_784' title='bbox 2972 5140 3027 5186; x_wconf 90' lang='lat' dir='ltr'><strong>et</strong></span> <span class='ocrx_word' id='word_1_785' title='bbox 3055 5134 3328 5202; x_wconf 82' lang='grc' dir='ltr'>γνωστικῇ</span> <span class='ocrx_word' id='word_1_786' title='bbox 3362 5131 3585 5202; x_wconf 83' lang='grc' dir='ltr'>δυνάμει</span> <span class='ocrx_word' id='word_1_787' title='bbox 3614 5134 3726 5200; x_wconf 84' lang='lat' dir='ltr'><strong>plu-</strong></span> 
     </span>
    </p>
   </div>
   <div class='ocr_carea' id='block_1_110' title="bbox 2140 5200 3721 5271">
    <p class='ocr_par' dir='ltr' id='par_1_110' title="bbox 2140 5200 3721 5271">
     <span class='ocr_line' id='line_1_110' title="bbox 2140 5200 3721 5271; baseline 0 -16"><span class='ocrx_word' id='word_1_788' title='bbox 2140 5200 2295 5256; x_wconf 87' lang='lat' dir='ltr'><strong>ribus</strong></span> <span class='ocrx_word' id='word_1_789' title='bbox 2323 5200 2601 5270; x_wconf 82' lang='lat' dir='ltr'><strong>diSputat:</strong></span> <span class='ocrx_word' id='word_1_790' title='bbox 2626 5202 2784 5271; x_wconf 85' lang='lat' dir='ltr'><strong>cujus</strong></span> <span class='ocrx_word' id='word_1_791' title='bbox 2811 5203 2938 5271; x_wconf 84' lang='grc' dir='ltr'>τρία</span> <span class='ocrx_word' id='word_1_792' title='bbox 2958 5216 3079 5256; x_wconf 89' lang='lat' dir='ltr'><strong>esse</strong></span> <span class='ocrx_word' id='word_1_793' title='bbox 3112 5202 3245 5253; x_wconf 88' lang='lat' dir='ltr'><strong>dicit</strong></span> <span class='ocrx_word' id='word_1_794' title='bbox 3266 5200 3683 5271; x_wconf 77' lang='grc' dir='ltr'>ἀποτελέσματα</span> <span class='ocrx_word' id='word_1_795' title='bbox 3710 5223 3721 5255; x_wconf 90' lang='lat'><strong><em>:</em></strong></span> 
     </span>
    </p>
   </div>
   <div class='ocr_carea' id='block_1_111' title="bbox 2142 5269 3727 5340">
    <p class='ocr_par' dir='ltr' id='par_1_111' title="bbox 2142 5269 3727 5340">
     <span class='ocr_line' id='line_1_111' title="bbox 2142 5269 3727 5340; baseline 0 -16"><span class='ocrx_word' id='word_1_796' title='bbox 2142 5269 2501 5325; x_wconf 17' lang='lat' dir='ltr'><strong>nimirumicb</strong></span> <span class='ocrx_word' id='word_1_797' title='bbox 2537 5270 2823 5340; x_wconf 82' lang='grc' dir='ltr'>γινώσκειν</span> <span class='ocrx_word' id='word_1_798' title='bbox 2855 5269 2929 5323; x_wconf 74' lang='grc' dir='ltr'><strong>’τὰ</strong></span> <span class='ocrx_word' id='word_1_799' title='bbox 2973 5271 3306 5340; x_wconf 82' lang='grc' dir='ltr'>πράγματα·</span> <span class='ocrx_word' id='word_1_800' title='bbox 3359 5269 3630 5340; x_wconf 84' lang='grc' dir='ltr'>δεύτερον,</span> <span class='ocrx_word' id='word_1_801' title='bbox 3667 5272 3727 5324; x_wconf 82' lang='grc' dir='ltr'><strong>τὸ</strong></span> 
     </span>
    </p>
   </div>
   <div class='ocr_carea' id='block_1_112' title="bbox 2144 5338 3728 5409">
    <p class='ocr_par' dir='ltr' id='par_1_112' title="bbox 2144 5338 3728 5409">
     <span class='ocr_line' id='line_1_112' title="bbox 2144 5338 3728 5409; baseline 0.001 -16"><span class='ocrx_word' id='word_1_802' title='bbox 2144 5341 2409 5393; x_wconf 79' lang='grc' dir='ltr'>ἐπιτελεῖν</span> <span class='ocrx_word' id='word_1_803' title='bbox 2433 5342 2461 5393; x_wconf 83' lang='grc' dir='ltr'>ὅ</span> <span class='ocrx_word' id='word_1_804' title='bbox 2495 5358 2547 5392; x_wconf 90' lang='grc' dir='ltr'><strong>τι</strong></span> <span class='ocrx_word' id='word_1_805' title='bbox 2590 5339 2654 5392; x_wconf 84' lang='grc' dir='ltr'><strong>ἂν</strong></span> <span class='ocrx_word' id='word_1_806' title='bbox 2684 5342 2712 5391; x_wconf 88' lang='grc' dir='ltr'><strong>ὀ</strong></span> <span class='ocrx_word' id='word_1_807' title='bbox 2742 5339 2896 5406; x_wconf 88' lang='grc' dir='ltr'>λόγος</span> <span class='ocrx_word' id='word_1_808' title='bbox 2940 5338 3283 5409; x_wconf 81' lang='grc' dir='ltr'>ὑπαγορεύῃ·</span> <span class='ocrx_word' id='word_1_809' title='bbox 3316 5342 3411 5392; x_wconf 71' lang='grc' dir='ltr'><strong>καὶ</strong></span> <span class='ocrx_word' id='word_1_810' title='bbox 3452 5338 3634 5409; x_wconf 78' lang='grc' dir='ltr'>τριτὸν</span> <span class='ocrx_word' id='word_1_811' title='bbox 3666 5346 3728 5394; x_wconf 89' lang='grc' dir='ltr'>τὸ</span> 
     </span>
    </p>
   </div>
   <div class='ocr_carea' id='block_1_113' title="bbox 2146 5397 3728 5481">
    <p class='ocr_par' dir='ltr' id='par_1_113' title="bbox 2146 5397 3728 5481">
     <span class='ocr_line' id='line_1_113' title="bbox 2146 5397 3728 5481; baseline 0.001 -20"><span class='ocrx_word' id='word_1_812' title='bbox 2146 5410 2499 5481; x_wconf 79' lang='grc' dir='ltr'>παραδιδόναι</span> <span class='ocrx_word' id='word_1_813' title='bbox 2536 5409 2793 5481; x_wconf 85' lang='grc' dir='ltr'>δύνασθαι</span> <span class='ocrx_word' id='word_1_814' title='bbox 2816 5397 3147 5481; x_wconf 54' lang='grc' dir='ltr'>ᾯεοπρεπῶς</span> <span class='ocrx_word' id='word_1_815' title='bbox 3188 5397 3263 5481; x_wconf 66' lang='grc' dir='ltr'><strong>τᾶἱ⁸</strong></span> <span class='ocrx_word' id='word_1_816' title='bbox 3307 5409 3459 5478; x_wconf 82' lang='grc' dir='ltr'>παρὰ</span> <span class='ocrx_word' id='word_1_817' title='bbox 3478 5397 3552 5481; x_wconf 51' lang='grc' dir='ltr'><strong>τῇ</strong></span> <span class='ocrx_word' id='word_1_818' title='bbox 3596 5410 3728 5479; x_wconf 83' lang='grc' dir='ltr'>ἀλη-</span> 
     </span>
    </p>
   </div>
   <div class='ocr_carea' id='block_1_114' title="bbox 2147 5476 3726 5550">
    <p class='ocr_par' dir='ltr' id='par_1_114' title="bbox 2147 5476 3726 5550">
     <span class='ocr_line' id='line_1_114' title="bbox 2147 5476 3726 5550; baseline 0.001 -19"><span class='ocrx_word' id='word_1_819' title='bbox 2147 5476 2271 5550; x_wconf 61' lang='grc' dir='ltr'>θεία</span> <span class='ocrx_word' id='word_1_820' title='bbox 2298 5480 2770 5550; x_wconf 75' lang='grc' dir='ltr'>ἐπικεκρυμμένα.</span> <span class='ocrx_word' id='word_1_821' title='bbox 2806 5476 2985 5550; x_wconf 81' lang='lat' dir='ltr'><strong>Quare</strong></span> <span class='ocrx_word' id='word_1_822' title='bbox 3023 5478 3268 5533; x_wconf 88' lang='lat' dir='ltr'><strong>Gnostiei</strong></span> <span class='ocrx_word' id='word_1_823' title='bbox 3308 5476 3726 5550; x_wconf 32' lang='lat' dir='ltr'><strong>suntnho&#39;mine&#39;s</strong></span> 
     </span>
    </p>
   </div>
   <div class='ocr_carea' id='block_1_115' title="bbox 2150 5548 3722 5620">
    <p class='ocr_par' dir='ltr' id='par_1_115' title="bbox 2150 5548 3722 5620">
     <span class='ocr_line' id='line_1_115' title="bbox 2150 5548 3722 5620; baseline 0.001 -18"><span class='ocrx_word' id='word_1_824' title='bbox 2150 5548 2389 5620; x_wconf 82' lang='lat' dir='ltr'><strong>perfecta</strong></span> <span class='ocrx_word' id='word_1_825' title='bbox 2418 5564 2482 5620; x_wconf 81' lang='lat' dir='ltr'><strong>ac</strong></span> <span class='ocrx_word' id='word_1_826' title='bbox 2499 5548 2777 5620; x_wconf 75' lang='lat' dir='ltr'><strong>singulari</strong></span> <span class='ocrx_word' id='word_1_827' title='bbox 2799 5549 3032 5620; x_wconf 86' lang='lat' dir='ltr'><strong>quadam</strong></span> <span class='ocrx_word' id='word_1_828' title='bbox 3065 5550 3287 5620; x_wconf 78' lang='lat' dir='ltr'><strong>virtute,</strong></span> <span class='ocrx_word' id='word_1_829' title='bbox 3321 5562 3383 5601; x_wconf 86' lang='lat' dir='ltr'><strong>ac</strong></span> <span class='ocrx_word' id='word_1_830' title='bbox 3416 5548 3722 5620; x_wconf 85' lang='lat' dir='ltr'><strong>divinarum</strong></span> 
     </span>
    </p>
   </div>
   <div class='ocr_carea' id='block_1_116' title="bbox 2152 5616 3725 5687">
    <p class='ocr_par' dir='ltr' id='par_1_116' title="bbox 2152 5616 3725 5687">
     <span class='ocr_line' id='line_1_116' title="bbox 2152 5616 3725 5687; baseline -0.001 -15"><span class='ocrx_word' id='word_1_831' title='bbox 2152 5616 2335 5673; x_wconf 68' lang='lat' dir='ltr'><strong>rerum</strong></span> <span class='ocrx_word' id='word_1_832' title='bbox 2361 5619 2586 5673; x_wconf 89' lang='lat' dir='ltr'><strong>scientia</strong></span> <span class='ocrx_word' id='word_1_833' title='bbox 2607 5616 2858 5686; x_wconf 70' lang='lat' dir='ltr'><strong>praediti;</strong></span> <span class='ocrx_word' id='word_1_834' title='bbox 2882 5633 2990 5687; x_wconf 69' lang='lat' dir='ltr'><strong>nec</strong></span> <span class='ocrx_word' id='word_1_835' title='bbox 3021 5633 3083 5672; x_wconf 88' lang='lat' dir='ltr'><strong>ea</strong></span> <span class='ocrx_word' id='word_1_836' title='bbox 3112 5617 3332 5687; x_wconf 75' lang='lat' dir='ltr'><strong>quidem</strong></span> <span class='ocrx_word' id='word_1_837' title='bbox 3344 5618 3596 5687; x_wconf 84' lang='lat' dir='ltr'><strong>vulgari,</strong></span> <span class='ocrx_word' id='word_1_838' title='bbox 3631 5616 3725 5672; x_wconf 90' lang='lat' dir='ltr'><strong>sed</strong></span> 
     </span>
    </p>
   </div>
   <div class='ocr_carea' id='block_1_117' title="bbox 2155 5684 3725 5757">
    <p class='ocr_par' dir='ltr' id='par_1_117' title="bbox 2155 5684 3725 5757">
     <span class='ocr_line' id='line_1_117' title="bbox 2155 5684 3725 5757; baseline -0.002 -15"><span class='ocrx_word' id='word_1_839' title='bbox 2155 5690 2407 5743; x_wconf 80' lang='lat' dir='ltr'><strong>abstrusa</strong></span> <span class='ocrx_word' id='word_1_840' title='bbox 2441 5703 2505 5741; x_wconf 87' lang='lat' dir='ltr'><strong>ac</strong></span> <span class='ocrx_word' id='word_1_841' title='bbox 2537 5684 2837 5742; x_wconf 78' lang='lat' dir='ltr'><strong>recondita.</strong></span> <span class='ocrx_word' id='word_1_842' title='bbox 2880 5685 3037 5741; x_wconf 89' lang='lat' dir='ltr'><strong>Unde</strong></span> <span class='ocrx_word' id='word_1_843' title='bbox 3083 5684 3175 5757; x_wconf 81' lang='lat' dir='ltr'><strong>qui</strong></span> <span class='ocrx_word' id='word_1_844' title='bbox 3216 5703 3247 5739; x_wconf 89' lang='lat' dir='ltr'><strong>a</strong></span> <span class='ocrx_word' id='word_1_845' title='bbox 3290 5684 3532 5757; x_wconf 71' lang='lat' dir='ltr'><strong>Nicolao,</strong></span> <span class='ocrx_word' id='word_1_846' title='bbox 3570 5687 3725 5743; x_wconf 87' lang='lat' dir='ltr'><strong>Basi-</strong></span> 
     </span>
    </p>
   </div>
   <div class='ocr_carea' id='block_1_118' title="bbox 2156 5756 3722 5832">
    <p class='ocr_par' dir='ltr' id='par_1_118' title="bbox 2156 5756 3722 5832">
     <span class='ocr_line' id='line_1_118' title="bbox 2156 5756 3722 5832; baseline -0.003 -19"><span class='ocrx_word' id='word_1_847' title='bbox 2156 5760 2264 5814; x_wconf 91' lang='lat' dir='ltr'><strong>lide</strong></span> <span class='ocrx_word' id='word_1_848' title='bbox 2297 5758 2618 5827; x_wconf 65' lang='lat' dir='ltr'><strong>(rectorisque</strong></span> <span class='ocrx_word' id='word_1_849' title='bbox 2662 5757 2942 5827; x_wconf 87' lang='lat' dir='ltr'><strong>propagati</strong></span> <span class='ocrx_word' id='word_1_850' title='bbox 2978 5756 3206 5813; x_wconf 85' lang='lat' dir='ltr'><strong>arcanas</strong></span> <span class='ocrx_word' id='word_1_851' title='bbox 3236 5756 3502 5826; x_wconf 87' lang='lat' dir='ltr'><strong>quasdam</strong></span> <span class='ocrx_word' id='word_1_852' title='bbox 3529 5769 3722 5832; x_wconf 63' lang='lat' dir='ltr'><strong>nugas,</strong></span> 
     </span>
    </p>
   </div>
   <div class='ocr_carea' id='block_1_119' title="bbox 3378 5847 3447 5909">
    <p class='ocr_par' dir='ltr' id='par_1_119' title="bbox 3378 5847 3447 5909">
     <span class='ocr_line' id='line_1_119' title="bbox 3378 5847 3447 5909; baseline -0.058 0"><span class='ocrx_word' id='word_1_853' title='bbox 3378 5847 3447 5909; x_wconf 87' lang='grc'><strong>11</strong></span> 
     </span>
    </p>
   </div>
  </div>
