4204 6370
499 378 596 434 53!

1885 383 1939 436 S.
1986 378 2325 438 EPIPIIANH

1864 0 2285 9 ,τΨῌ-ώῃι.
2308 6 2337 9 ἡ
2352 6 2417 9 ζ
2432 8 2463 11 γ

3642 393 3745 446 332

506 494 562 547 in
594 492 796 547 mundo
823 493 1181 562 pullularunt,
1207 493 1454 549 homines
1475 496 1755 552 erroribus
1781 498 2067 567 implicati,
2100 510 2119 563 Α

2175 502 2429 568 φυόμενοι
2461 499 2794 569 ἠπατημένοι
2844 500 3136 563 ἄνθρωποι,
3170 500 3355 572 ὥσπερ
3387 503 3491 554 ἀπὸ
3521 507 3744 575 πικρίας

498 595 562 633 ac
585 580 734 634 velut
758 595 824 635 ex
854 582 1220 637 amaritudine
1250 586 1522 653 procreati
1553 585 1783 650 fructus,
1812 590 2068 658 quemad-

497 671 720 725 modum
751 672 925 726 cuivis
962 675 1313 743 perspicuum
1342 682 1448 739 est,
1488 684 1542 729 et
1573 678 1639 731 ad
1662 679 1910 734 veritatis
1936 695 2068 749 pro-

497 762 771 816 bationem
810 779 919 817 non
963 765 1143 818 solum
1180 781 1211 819 a
1243 767 1513 831 fidelibus,
1543 769 1637 823 sed
1660 769 1824 824 etiam
1857 772 1924 825 ab
1954 773 2069 825 infi-

497 851 713 908 delibus
761 853 1097 924 deprehendi
1148 857 1299 910 nullo
1343 859 1564 928 negotio
1608 869 1808 930 potest.
1854 860 2066 915 Etenim

497 942 734 1008 Vulvam,
770 958 839 997 ao
882 946 1297 1015 turpitudinem,
1352 957 1660 1019 cmteraque
1703 951 1754 1004 id
1795 967 1966 1020 genus
2011 952 2065 1007 in

498 1052 752 1093 sermone
785 1038 1015 1107 jactare,
1058 1055 1241 1096 nonne
1276 1043 1567 1097 ridiculum
1602 1046 1925 1101 mortalibus
1949 1062 2065 1099 om-

496 1127 660 1183 nibus
704 1126 910 1185 Graacis
950 1130 1176 1199 perinde
1208 1147 1272 1185 ac
1309 1134 1579 1197 barbaris,
1617 1137 1958 1205 sapientibus
1989 1137 2065 1190 in-

495 1219 932 1289 sipientibusque
958 1218 1272 1277 Videbitur?
1316 1223 1422 1280 Sed
1457 1226 1572 1281 btec
1610 1243 1803 1297 magna
1838 1244 2061 1297 prorsus

493 1311 796 1376 calamitas,
831 1327 895 1365 ac
939 1314 1249 1381 vehemens,
1293 1325 1351 1370 ut
1395 1317 1470 1370 ita
1520 1318 1719 1383 dicam,
1768 1319 2060 1375 infelicitas

492 1410 576 1456 est
608 1420 621 1455 :
656 1401 945 1456 damnatos
992 1404 1133 1467 illos,
1176 1414 1232 1460 et
1267 1423 1454 1463 errore
1487 1408 1752 1479 deceptos.
1788 1418 2057 1464 sectarum

492 1492 731 1547 artiﬁces
771 1492 988 1546 incitari
1019 1506 1208 1549 contra
1236 1511 1344 1552 nos
1374 1507 1535 1569 atque
1570 1499 1876 1565 insurgere,
1913 1501 2059 1555 velut

490 1582 668 1638 {tedas
706 1584 971 1654 quasdam
1006 1585 1234 1653 bestias,
1280 1604 1401 1659 quae
1445 1589 1751 1644 molestiam
1796 1590 1953 1646 nobis
1994 1606 2058 1645 ac

488 1676 717 1732 fetorem
751 1684 803 1730 et
847 1677 1117 1745 pruritum
1164 1682 1415 1735 confictis
1452 1681 1558 1736 illis
1596 1682 1713 1735 suis
1758 1684 2057 1737 mendaciis

488 1764 738 1818 aﬂerant-
775 1766 917 1837 Ergo
944 1768 1033 1822 isti
1072 1789 1195 1827 cum
1229 1774 1457 1827 Nicolao
1494 1772 1795 1842 conjuncti,
1820 1781 1873 1826 et
1900 1774 1969 1826 ab
1992 1788 2057 1826 eo

2174 592 2395 661 καρποὶ,
2421 591 2495 653 ὡς
2522 591 2681 642 παντί
2731 608 2808 659 τῳ
2836 591 2993 660 δῆλον
3024 594 3163 657 ἐστι,
3194 594 3289 645 καὶ
3326 594 3578 665 φωρατὸν
3610 598 3743 668 πρὸς

2169 681 2396 752 δοκιμὴν
2463 682 2739 750 ἀληθείας,
2793 684 2852 735 οὐ
2899 683 3057 752 μόνον
3094 684 3300 753 εῐποιμι
3343 690 3572 750 πιστοῖς,
3609 689 3742 742 am

2169 772 2308 840 τάχα
2344 770 2436 824 καὶ
2466 772 2734 833 ἀπίστοις,
2758 772 2908 841 ἐντῷ
2940 773 3501 845 κόσμῳὲϐλάστησαν.
3533 778 3605 829 Τὸ
3634 780 3742 849 γὰρ

2172 861 2382 931 μήτραν
2428 862 2515 913 καὶ
2583 860 2915 931 αἰσχρότητα
2960 861 3157 929 λέγειν,
3208 865 3301 916 καὶ
3330 865 3395 917 τὰ
3436 866 3588 928 ἄλλα,
3626 869 3740 929 πῶς

2166 950 2287 1018 οὐχ).
2318 948 2697 1017 καταγέλαστα
2729 951 2918 1020 φανείη
2954 953 3483 1025 πᾶσινιάνθρώποις,
3518 958 3738 1029 Ἕλλησί

2164 1056 2222 1090 τε
2253 1041 2344 1091 καὶ
2362 1040 2676 1110 βαρϐάροις,
2718 1044 2900 1107 σοφοῖς
2952 1059 3009 1093 τε
3052 1044 3144 1095 καὶ
3169 1045 3451 1115 ἀνοήτοις;
3482 1048 3655 1119 Πολλὴ
3683 1050 3738 1101 δὲ

2167 1131 2417 1201 συμφορά
2467 1132 2560 1183 καὶ
2589 1130 2840 1199 μεγίστη,
2886 1131 2961 1196 ὡς
2996 1135 3188 1198 εἰπεῖν,
3230 1135 3578 1207 ταλαιπωρία
3614 1140 3740 1201 τοὺς

2164 1220 2220 1270 ὲν
2246 1219 2584 1287 καταγνώσει
2635 1224 2730 1275 καὶ
2775 1225 2833 1276 ἐν
2884 1224 3058 1297 πλάνῃ
3099 1226 3435 1281 ἐπισείεσθαι
3476 1231 3607 1299 ἡμῖν
3631 1232 3739 1283 τῶν

2162 1309 2426 1379 αἱρέσεων
2454 1312 2749 1383 ἀρχηγοὺς,
2807 1316 2899 1366 καὶ
2940 1316 3349 1384 ἐπανίστασθαι,
3387 1320 3574 1393 ὥσπερ
3600 1341 3731 1375 κνω-

2161 1399 2334 1452 δάλων
2374 1401 2595 1471 πλῆθος,
2646 1405 2898 1474 ὀχλήσεις
2924 1424 2981 1459 τε
3018 1410 3109 1459 καὶ
3128 1408 3439 1480 δυσοδμίας,
3472 1416 3733 1483 κνισμούς

2164 1511 2218 1545 τε
2250 1495 2343 1546 καὶ
2377 1496 2697 1565 ὲπεντριϐὰς
2722 1500 2854 1567 ἡμῖν
2883 1501 3243 1568 ἐμποιοῦντας
3268 1502 3357 1555 διὰ
3373 1503 3474 1572 τῆς
3511 1504 3603 1556 τοῦ
3632 1524 3734 1575 μυ-

2160 1584 2377 1638 θοποιοῦ
2406 1586 2630 1657 πλάνης.
2670 1585 2827 1641 Οὗτοι
2861 1591 2915 1642 δὲ
2940 1592 2989 1642 οί
3021 1592 3193 1662 τούτῳ
3220 1593 3297 1663 τῷ
3330 1594 3582 1665 Νικολάῳ
3611 1614 3734 1649 συν-

2160 1675 2495 1745 εζευγμένοι,
2560 1678 2720 1730 πάλιν
2780 1680 2873 1731 ἀπ’
2907 1681 3073 1733 αὑτοῦ
3118 1683 3193 1744 ὼς
3232 1684 3341 1735 ἀπὸ
3388 1685 3570 1755 οὐρίου
3626 1687 3733 1739 ὼοῦ

2158 1766 2333 1832 ὗφεως
2406 1766 2652 1834 σκορπίοι
2698 1767 2730 1835 ἢ
2781 1768 2838 1832 ἐξ
2886 1769 3125 1821 ἀσπίδων
3164 1775 3579 1842 γεγεννημένοι,
3614 1777 3736 1827 τινὰ

488 1853 637 1909 velut
662 1853 1039 1915 subventaneo
1077 1863 1346 1932 serpentis
1379 1877 1482 1916 ovo
1517 1863 1739 1931 scorpii,
1783 1862 1897 1917 sive
1923 1861 2063 1931 aspi-
2095 1870 2119 1923 ί

2159 1857 2291 1925 ἡμῖν
2323 1857 2749 1926 παρεισφέρουσι
2775 1860 3103 1927 κενοφωνίας
3122 1862 3382 1931 ὀνόματα,
3409 1865 3501 1917 καὶ
3521 1865 3734 1934 βίϐλους

505 1943 653 1998 iibus
708 1953 957 2019 prognati
1005 1954 1251 2023 quwdam
1304 1953 1464 2007 nobis
1516 1952 1749 2005 inaniter
1806 1952 2057 2005 sonantia

495 2034 735 2099 .iomina,
768 2039 1048 2110 librosque
1078 2044 1373 2097 commenti
1412 2052 1577 2096 sunt:
1613 2042 1758 2097 velut
1790 2042 1931 2095 inter
1961 2058 2058 2095 caeo

496 2140 642 2183 teros
665 2145 827 2199 quem
854 2130 1072 2187 Noriam
1105 2132 1395 2202 appellant.
1429 2140 1593 2201 atque
1620 2148 1684 2185 ex
1721 2133 2059 2201 superstitio-

494 2222 572 2276 sis
604 2220 899 2276 Gentilium
948 2223 1297 2293 0pinionibus
1329 2223 1688 2279 conformatis
1732 2223 1800 2277 ad
1847 2225 2058 2277 institu-

492 2320 606 2366 tum
638 2328 797 2366 suum
824 2315 984 2383 nugis
1015 2315 1124 2369 illis
1149 2330 1212 2368 ac
1240 2314 1436 2369 fabulis
1462 2315 1681 2369 veritati
1708 2314 2051 2369 mendacium

488 2404 814 2460 admiscent.
846 2407 1059 2476 Quippe
1088 2404 1309 2459 Noriam
1350 2409 1511 2460 istam
1542 2405 1732 2460 Noemi
1769 2406 2053 2475 coniugem

487 2490 719 2548 faciunt.
760 2494 935 2560 Quam
984 2496 1188 2549 idcirco
1234 2495 1453 2549 Noriam
1503 2503 1720 2560 vocant,
1770 2502 1829 2550 ut
1871 2512 1991 2566 quae
2023 2513 2053 2548 a

485 2583 781 2653 gentilibus
814 2586 1137 2639 concinnata
1183 2593 1311 2640 sunt
1348 2586 1598 2641 barbaris
1642 2586 1870 2641 vocibus
1902 2586 2056 2642 dissi-

485 2676 778 2739 mulantes,
806 2676 1200 2733 circumventis
1222 2693 1252 2732 a
1277 2694 1335 2731 se
1364 2677 1674 2732 hominibus
1696 2677 1909 2733 facilius
1932 2679 2054 2731 illu-

484 2765 655 2821 dant:
690 2782 800 2837 quo
829 2767 1046 2837 quidem
1080 2777 1260 2838 pacto,
1291 2780 1347 2822 ut
1382 2767 1598 2839 Pyrrhae
1624 2770 1951 2825 vocabulum
1978 2770 2055 2823 in-

485 2857 841 2926 terpretando
886 2858 1196 2920 redderent,
1244 2857 1422 2912 Noriae
1459 2859 1875 2928 appellationem
1918 2860 2054 2913 indi-

483 2952 699 3004 derunt.
728 2949 862 3004 Nam
892 2966 1015 3006 cum
1052 2967 1191 3006 nura
1225 2952 1366 3021 apud
1407 2951 1659 3007 Hebraeos
1709 2953 1899 3023 ignem,
1943 2967 2051 3011 non

481 3041 574 3095 illa
614 3041 837 3111 quidem
877 3043 1176 3098 secretiore
1207 3044 1413 3113 lingua,
1447 3044 1541 3098 sed
1578 3042 1804 3121 Syriaca
1848 3044 2054 3112 signiti-

481 3139 599 3195 cet;
632 3132 839 3187 chrazi
868 3134 1136 3204 siquidem
1179 3135 1349 3205 ignem
1398 3134 1590 3189 esauth
1633 3136 1937 3195 nominant.
1974 3135 2049 3188 illi

2164 1946 2475 2010 πλάττουσι,
2538 1949 2755 2019 Νωρίαν
2786 1949 2907 2001 τινὰ
2953 1950 3131 2019 βίϐλον
3169 1954 3477 2019 καλοῦντες,
3526 1956 3620 2009 καὶ
3676 1958 3735 2021 ἐξ

2161 2038 2411 2101 ὑπονοίας
2454 2038 2770 2109 Ἑλληνικῆς
2830 2042 3249 2114 δεισιδαιμονίας
3317 2049 3733 2115 μεταποιοῦντες

2158 2130 2257 2200 τὴν
2282 2133 2410 2201 παρ’
2439 2132 2621 2192 αὐτοῖς
2667 2134 2777 2194 τοῖς
2814 2132 3035 2203 Ἕλλησι
3072 2134 3287 2205 μυθώδη
3340 2136 3612 2206 ῥαψῳδίαν
3640 2140 3733 2189 καὶ

2160 2223 2480 2291 φαντασίαν,
2542 2224 2681 2275 οὕτω
2728 2224 2786 2276 τὸ
2828 2223 3019 2293 ψεῦδος
3076 2228 3141 2294 τῇ
3187 2226 3411 2298 ἀληθείᾳ
3451 2228 3730 2299 παραπλέ-

2157 2330 2332 2366 κουσι.
2369 2314 2584 2382 Ταύτην
2616 2314 2723 2383 γάρ
2779 2332 2910 2381 φασι
2944 2315 3041 2384 τὴν
3074 2316 3292 2385 Νωρίαν
3327 2313 3464 2368 εἶναι
3493 2317 3583 2368 τοῦ
3610 2318 3730 2368 Νῶε

2156 2407 2408 2472 γυναῖκα.
2438 2404 2677 2457 Καλοῦσι
2722 2405 2777 2457 δὲ
2812 2404 3050 2475 Νωρίαν,
3104 2406 3249 2468 ὅπως
3292 2405 3357 2459 τὰ
3406 2406 3731 2475 Ἑλληνικῶς

2157 2496 2308 2567 παρά
2348 2499 2459 2559 τοῖς
2508 2496 2731 2565 Ἕλλησι
2775 2495 3159 2567 ῥαψῳδηθέντα
3193 2496 3347 2548 αὐτοὶ
3372 2496 3728 2567 βαρϐαρικοῖς

2155 2585 2379 2655 ὀνόμασι
2432 2590 2914 2657 μεταποιήσαντες,
2990 2590 3102 2649 τοῖς
3160 2590 3531 2658 ἡπατημένοις
3601 2590 3727 2657 παρ’

2155 2677 2333 2731 αὐτῶν
2368 2678 2665 2745 φαντασίαν
2700 2679 3057 2747 ἐργάσωνται,
3078 2678 3163 2731 ἵνα
3191 2679 3255 2749 δὴ
3285 2679 3405 2732 καθ’
3435 2680 3729 2749 ἑρμηνείαν

2154 2770 2421 2838 ποιήσωσι
2448 2770 2506 2821 τὸ
2552 2770 2651 2839 τῆς
2684 2769 2903 2840 Πύρρας
2933 2770 3126 2839 ὄνομα,
3160 2771 3383 2840 Νωρίαν
3422 2771 3579 2823 τοῦτο
3609 2772 3726 2821 ὀνο-

2156 2860 2435 2930 μάζοντες.
2515 2860 2730 2930 Ἐπειδὴ
2780 2860 2889 2930 γὰρ
2937 2860 3107 2931 νουρά
3146 2860 3255 2930 (69)
3289 2862 3347 2913 ὲν
3388 2864 3453 2931 τῇ
3487 2860 3729 2931 Ἐϐραΐδι

2153 2949 2270 3016 πῦρ
2320 2950 2379 3002 οὐ
2445 2950 2585 3002 κατά
2626 2951 2722 3021 τὴν
2759 2950 2977 3018 βαθεῖαν
3038 2951 3285 3018 γλῶσσαν
3346 2951 3725 3021 ἑρμηνεύειται,

2153 3040 2287 3094 ἀλλά
2345 3042 2438 3094 καὶ
2493 3043 2731 3111 Συριακῇ
2793 3041 3087 3108 διαλέκτῳο
3140 3042 3312 3112 ήσαυθ
3356 3043 3463 3113 γὰρ
3503 3044 3564 3095 τὸ
3606 3044 3727 3109 ιιῑιι)

2153 3132 2303 3201 παρὰ
2342 3131 2606 3202 Ἑϐραίοις
2634 3133 2894 3195 καλεῖται,
2926 3134 2986 3185 οὺ
3028 3132 3163 3202 (69')
3197 3132 3335 3185 κατά
3370 3134 3467 3201 τὴν
3504 3133 3725 3201 βαθεῖαν

482 3238 593 3292 prae
616 3224 834 3279 inscitia
855 3233 1017 3295 atque
1040 3227 1310 3296 imperitia
1340 3242 1404 3281 eo
1430 3228 1695 3281 vocabulo
1719 3236 1846 3282 sunt
1871 3227 2047 3281 abusi.
2077 3207 2119 3264 (ἶ

2154 3222 2432 3290 γλῶσσαν·
2489 3222 2677 3275 τούτου
2733 3224 2891 3293 χάριν
2968 3226 3148 3287 αὐτοῖς
3214 3226 3523 3296 συμϐέϐηκε
3588 3226 3727 3278 κατὰ

475 3316 647 3386 Atqui
675 3333 854 3388 neque
884 3317 1092 3388 Pyrrha.
1135 3318 1225 3371 illa
1266 3317 1576 3372 Graecorum
1610 3318 1883 3372 celebrata
1920 3319 2050 3373 scri-

479 3407 609 3477 ptis,
645 3422 822 3477 neque
862 3408 933 3461 ab
966 3407 1077 3462 illis
1106 3405 1337 3461 conficta
1382 3403 1568 3469 Noria,
1614 3406 1707 3461 sed
1742 3407 2049 3463 Barthonus

480 3498 673 3554 Noemi
708 3498 911 3567 conjux
945 3497 1067 3552 fuit.
1109 3497 1283 3551 Graeci
1314 3512 1442 3550 vero
1471 3495 1737 3567 Pyrrham
1770 3497 2050 3552 Deucalio-

480 3589 569 3643 nis
592 3603 818 3643 uxorem
848 3586 1017 3642 fuisse
1046 3595 1369 3641 memorant.
1399 3586 1536 3640 Tum
1561 3602 1783 3641 causam
1812 3588 2044 3643 afferunt

479 3680 644 3734 iidem
675 3679 772 3744 illi,
804 3679 898 3748 qui
934 3676 1273 3732 Philistionis
1308 3678 1505 3731 mimos
1540 3677 1737 3732 iterum
1766 3680 1923 3733 nobis
1954 3682 2045 3733 ob-

482 3770 728 3825 trudunt.
778 3770 916 3826 Cum
954 3770 1121 3834 enim,
1168 3766 1442 3836 inquiunt,
1490 3767 1546 3820 in
1593 3783 1719 3822 arca
1764 3769 1873 3839 83
1922 3786 2045 3825 csse

552 3932 570 3962 ‘
612 3947 704 4002 γρ.
740 3928 1027 4000 παρθένος.

471 4054 531 4101 et
552 4046 881 4102 exsecranda
914 4047 1096 4101 nescio
1119 4063 1239 4113 qua:
1281 4045 1551 4115 ﬁgmenta,
1577 4045 1722 4099 velut
1759 4043 2040 4115 mysteria,

477 4116 776 4177 traderent,
822 4117 1156 4177 Γνωστικούς
1193 4132 1251 4171 se
1299 4120 1363 4169 ab
1414 4116 1678 4183 exquisita
1734 4115 1822 4167 illa
1863 4130 2042 4168 rerum

478 4187 867 4242 altissimarum
926 4188 1117 4239 notitia
1158 4186 1265 4239 dici
1298 4186 1604 4239 voluerunt.
1650 4186 1991 4252 Augustinus
2025 4202 2037 4239 ε

479 4256 713 4311 Gnostici
741 4264 948 4322 propter
980 4257 1339 4309 excellentiam
1368 4256 1596 4309 scientite
1625 4256 1701 4307 sic
1730 4271 1783 4307 se
1812 4254 2045 4323 appella-

477 4337 559 4381 tos
585 4342 715 4391 esse,
743 4326 820 4379 vel
854 4328 1110 4393 appellari
1143 4327 1381 4379 debuisse
1411 4326 1728 4395 gloriantur.
1754 4325 1910 4393 Apud
1942 4326 2041 4377 So—

477 4407 704 4477 cratem,
742 4396 835 4477 lib.
880 4410 953 4460 tv,
993 4411 1113 4477 cap.
1144 4397 1227 4476 18,
1264 4394 1536 4477 ιιιιεισκβ3
1577 4395 1930 4477 Corrigendus
1962 4396 2043 4446 in-

475 4474 710 4546 terpres,
740 4469 833 4545 qui
866 4465 1009 4546 quod
1038 4463 1297 4546 Evagrius
1335 4466 1401 4546 de
1434 4463 1640 4546 insigni.
1656 4463 1893 4546 quodam
1929 4480 2042 4517 mo-
2076 4491 2119 4546 ι)

476 4536 653 4589 nacho
675 4538 967 4603 scripserat
1001 4535 1067 4587 ad
1096 4535 1315 4588 Mariam
1345 4535 1518 4588 lacum
1556 4535 1852 4592 habitante,
1876 4550 2045 4603 προσ-

475 4605 700 4687 οιηιειεῖδξἱ
724 4602 861 4687 αὐτῇ
893 4604 1247 4687 μοναχὸςᾼτῆς
1288 4603 1639 4687 παρεμϐολῆς
1671 4602 1777 4655 τῶν
1817 4604 1853 4653 Γ
1853 4602 2049 4687 ,νωστι-

476 4675 587 4727 κῶν
612 4676 641 4726 ὁ
672 4673 1034 4743 δοκιμώτατος
1055 4691 1067 4703 ⁸
1105 4677 1178 4727 ita
1207 4673 1383 4727 vertit
1410 4690 1421 4723 :
1465 4674 1526 4725 In
1557 4691 1619 4725 ea
1658 4673 1963 4743 monachus
1983 4690 2047 4726 ea:

476 4753 621 4797 secta
671 4740 1039 4796 Gnosticorum
1070 4744 1149 4797 vir
1186 4743 1599 4809 spectatissimus
1628 4742 1900 4795 habitavit.
1926 4740 2047 4795 Fal-

472 4813 627 4867 litur.
662 4811 844 4881 Neque
881 4814 1024 4867 enim
1065 4830 1129 4867 ex
1163 4822 1271 4866 tam
1314 4814 1523 4880 impura
1569 4822 1716 4867 secta
1760 4811 2046 4867 laudabilis

478 4898 542 4936 ac
589 4884 791 4952 probus
839 4885 1103 4937 exsistere
1150 4882 1454 4952 monachus
1499 4883 1705 4951 potuit;
1756 4896 1931 4949 neque
1979 4882 2047 4935 de

475 4951 768 5006 virtutibus
792 4958 900 5004 tam
923 4953 1189 5019 exquisite
1208 4951 1506 5019 disputare.
1536 4952 1717 5016 Quare
1741 4952 2046 5015 Γνωστικός

476 5023 661 5076 eodem
689 5037 853 5075 sensu
874 5037 983 5090 quo
1000 5023 1253 5077 Clemens
1274 5037 1406 5075 usus
1427 5030 1530 5083 est,
1557 5030 1609 5075 et.
1627 5020 1888 5088 Evagrius
1906 5023 2041 5089 ipse,

478 5093 572 5161 qui
608 5093 802 5145 librum
836 5106 901 5145 eo
927 5094 1143 5145 nomine
1176 5092 1545 5161 inscripserat,
1575 5090 1920 5159 accipiendos
1939 5100 2041 5155 est,

477 5159 670 5230 nempe
688 5165 715 5213 ὁ
748 5161 1099 5224 καταξιωθεὶς
1115 5159 1501 5230 τῆςγγνώσεως,
1531 5162 1723 5213 eximia
1744 5162 2045 5213 divinarum

477 5229 653 5285 rerum
682 5232 899 5283 scientia
915 5229 1187 5297 praeditus.
1212 5229 1391 5284 Redeo
1410 5232 1475 5283 ad
1494 5231 1725 5285 haeresin
1752 5230 2043 5283 Gnostico-

476 5318 621 5365 rum,
665 5316 786 5369 quae
827 5316 936 5353 non
978 5316 1084 5353 una
1134 5301 1469 5368 simplexque
1511 5300 1631 5360 fuit,
1672 5300 1766 5353 sed
1804 5302 2041 5354 universi

478 5370 610 5439 fere,
636 5385 773 5439 quos
808 5370 1092 5424 fabulones
1124 5371 1463 5438 Augustinus
1492 5382 1649 5423 vocat
1680 5389 1691 5423 :
1732 5370 1952 5438 Quique,
1984 5381 2043 5423 ut

478 5438 620 5492 idem
653 5438 749 5501 ait,
782 5439 993 5505 fabulas
1024 5456 1208 5501 vanas,
1245 5455 1434 5508 easque
1473 5440 1654 5507 longas
1685 5448 1735 5492 et
1771 5440 2042 5506 perplexas

476 5516 892 5579 coritexuerunt,
928 5508 1312 5562 Gnosticorum
1344 5511 1699 5579 appellatione
1727 5518 2038 5563 censentur.

478 5575 833 5643 Epiphanius.
865 5578 1006 5631 infra
1052 5579 1182 5632 haer.
1239 5575 1518 5633 XXXI—Sub
1570 5580 1813 5641 initium,
1856 5581 2041 5632 decem

477 5642 859 5716 Gnosticorum
902 5663 1097 5715 genera
1133 5650 1282 5711 facit,
1335 5663 1365 5702 a
1413 5649 1634 5704 totidem
1677 5649 1890 5701 illorum
1919 5664 2045 5716 pro-

478 5720 667 5787 pagata
690 5715 940 5787 ducibus,
965 5733 1102 5786 quos
1132 5720 1328 5787 partim
1365 5720 1692 5787 eodcmiillo
1741 5720 1880 5780 loco,
1920 5715 2043 5787 par—

478 5781 575 5832 tim
596 5781 787 5838 haeresi
816 5781 1072 5853 xxvn,‘n.
1121 5781 1173 5855 Ι,
1208 5799 1509 5858 percenset.
1563 5786 1704 5842 Sunt
1748 5781 1936 5842 auteui
1962 5789 2039 5853 hi,

2154 3314 2375 3381 ἄγνοιαν
2411 3314 2503 3365 καὶ
2563 3316 2817 3384 ἀπειρίαν
2840 3314 2915 3385 τῷ
2941 3315 3162 3385 ὀνόματι
3198 3316 3369 3385 τούτῳ
3401 3316 3721 3385 κεχρῆσθαι.

2155 3403 2291 3457 Οὔτε
2325 3403 2433 3473 γὰρ
2471 3403 2661 3475 Πύρρα
2705 3407 2738 3475 ἡ
2774 3406 2902 3475 παρ’
2944 3405 3218 3473 Ἕλλησιν,
3272 3404 3394 3457 οὔτε
3445 3406 3633 3476 Νωρία
3691 3409 3724 3475 ἡ

2156 3494 2305 3565 παρά
2331 3494 2541 3557 τούτοις
2582 3495 2941 3566 μυθευομένη,
2973 3496 3107 3549 ἀλλά
3136 3496 3415 3567 Βαρθενὼς
3449 3497 3465 3527 ¹
3491 3496 3567 3565 τῷ
3599 3498 3722 3548 Νῶε

2152 3586 2339 3654 γέγονε
2361 3587 2519 3656 γυνή.
2559 3588 2666 3639 Καὶ
2704 3588 2754 3638 οἱ
2781 3588 3043 3657 ’Έλληνες
3079 3588 3185 3656 γάρ
3219 3605 3351 3657 φασι
3391 3588 3488 3658 τὴν
3515 3593 3711 3641 Δευκα-

2152 3679 2338 3741 λίωνος
2366 3682 2596 3747 γυναῖκα
2643 3680 2863 3751 Πύρραν
2911 3681 3210 3735 καλεῖσθαι,
3248 3677 3378 3732 Εἶτα
3423 3683 3521 3751 τὴν
3548 3683 3719 3733 αἰτίαν

2152 3771 2491 3824 ὑποτίθενται
2528 3765 2672 3825 οὗτοι
2728 3775 2776 3824 oi
2832 3772 2899 3825 τὰ
2938 3772 3033 3824 τοῦ
3062 3774 3405 3837 Φιλιστίωνος
3451 3775 3562 3845 (70)
3594 3777 3723 3845 ἡμῖν

2152 4043 2360 4104 Simon,
2409 4041 2720 4105 Menander,
2756 4041 3084 4105 Saturnilus,
3125 4039 3407 4102 Basilides.
3445 4039 3721 4105 Nicolaus.

2145 4114 2523 4180 Carpocrates,
2557 4112 2897 4177 Valentinus,
2928 4112 3276 4173 Colorbasus,
3312 4111 3636 4169 Ptolemaeus
3668 4129 3721 4169 et

2148 4181 2453 4236 Secundus.
2495 4182 2745 4237 Clemens
2789 4184 3208 4241 Alexandrinus.
3257 4182 3349 4236 lib.
3387 4198 3446 4234 ιιι
3495 4182 3672 4236 Strom
3705 4226 3719 4244 ,

2145 4253 2296 4323 addit
2320 4261 2372 4306 et
2396 4250 2708 4305 Prodicum.
2746 4250 2945 4323 Verum
2972 4259 3129 4323 certa
3167 4253 3411 4320 quaedam
3464 4268 3527 4306 ac
3564 4270 3725 4323 pecu-

2144 4322 2299 4375 liaris
2328 4329 2473 4381 secta
2505 4323 2622 4383 fuit,
2649 4336 2767 4389 qua:
2792 4322 2907 4392 rsibi
2945 4322 3327 4375 Gnosticorum
3372 4322 3577 4376 nomen
3612 4340 3723 4392 pra:

2144 4392 2355 4463 caeteris
2398 4392 2725 4463 vindicavit;
2772 4391 2838 4444 de
2887 4393 3083 4463 quibus
3135 4393 3235 4463 hoc
3279 4392 3333 4443 in
3381 4394 3560 4460 capite
3609 4391 3722 4463 agit

2144 4461 2477 4530 Epiphanius
2503 4500 2516 4523 ,
2548 4468 2610 4530 et
2638 4463 2728 4513 alii
2770 4464 2861 4530 qui
2902 4462 2968 4514 de
3003 4462 3303 4515 haeresibus
3353 4461 3718 4530 scripserunt.

2148 4528 2205 4585 in
2244 4528 2540 4601 primisque
2571 4528 2995 4601 Tertullianum,
3021 4532 3110 4601 qui
3143 4528 3493 4601 Scorpiacuni
3531 4544 3720 4587 contra

2147 4601 2434 4673 Gnosti‘cos
2459 4600 2867 4673 edidit:__qnam
2911 4600 3126 4673 quidem
3174 4601 3403 4673 haeresin
3452 4600 3721 4673 Hierony-

2146 4687 2269 4726 mus
2316 4670 2516 4724 Contra
2560 4669 2903 4739 Vigilantium
2946 4672 3190 4724 scribens
3237 4670 3499 4737 Cajanam
3538 4669 3718 4727 vocat.

2216 4742 2329 4812 (69)
2376 4739 2607 4812 Ἐπειδὴ
2660 4740 2769 4812 γᾴρ
2814 4739 3020 4812 νοιιρά.
3061 4747 3191 4812 Νῇυ
3246 4741 3489 4793 Aram-.ca
3537 4742 3721 4810 lingua

2144 4808 2314 4880 ignem
2348 4810 2638 4880 significat.
2673 4809 2826 4874 Quod
2868 4819 3047 4863 autem
3092 4808 3298 4863 Judzcis
3329 4818 3453 4879 post
3474 4808 3718 4879 “captivi-

2146 4891 2310 4936 tatem
2344 4880 2635 4933 familiaris
2667 4896 2730 4932 ac
2759 4881 3039 4948 popularis
3066 4880 3249 4949 lingua
3284 4880 3507 4949 Syriaca
3538 4882 3673 4936 foret
3705 4902 3718 4936 :

2144 4965 2267 5049 ideo
2292 4972 2420 5049 nota
2446 4978 2554 5015 non
2574 4946 2989 5049 palliata—lingua,
3014 4978 3135 5049 qum
3154 4946 3216 5016 Vct
3256 4946 3623 5049 ενήῃὸιηῃί)
3640 4966 3723 5019 di-

2144 5033 2715 5104 citur,sedicommuni
2744 5049 2805 5083 ac
2820 5035 3025 5101 vulgari
3046 5036 3185 5085 idem
3207 5033 3508 5104 essequod'
3542 5038 3719 5104 ignem

2149 5104 2366 5157 asserit.
2418 5102 2647 5153 Βαθεῖαν
2692 5110 2871 5155 autem
2924 5104 3159 5172 linguam
3202 5103 3451 5157 alludeus
3484 5102 3721 5159 ad'Ezc-

2144 5173 2335 5227 chielis
2372 5174 2545 5225 locum
2578 5172 2735 5235 dixit,
2773 5172 2863 5240 qui
2896 5180 2979 5224 est
3018 5188 3137 5240 cap.
3193 5188 3273 5233 ιιι,
3307 5172 3339 5225 5
3371 5189 3384 5223 2
3424 5172 3545 5225 Non
3580 5178 3721 5227 enim

2147 5243 2215 5296 ad
2261 5243 2512 5312 populum
2557 5243 2809 5309 profundi
2848 5244 3102 5294 sermonis
3134 5250 3179 5294 et
3218 5244 3410 5309 ignota’
3441 5243 3634 5312 lingua:
3668 5258 3722 5297 tu

2145 5313 2391 5365 mitteris.
2429 5311 2691 5364 Hebraica
2729 5313 2910 5379 lingua
2940 5321 3033 5369 um
3065 5313 3243 5381 ignem
3269 5311 3560 5381 significat,
3585 5315 3723 5367 Ara-

2145 5398 2277 5435 mrea
2327 5392 2517 5439 κηιιγιιι.
2562 5380 2675 5445 Qua
2719 5397 2852 5434 voce
2904 5382 3076 5450 ignem
3125 5397 3153 5433 a
3204 5380 3411 5441 Noeino
3462 5394 3720 5448 vocatum

2144 5452 2378 5506 BcrOSus
2404 5451 2659 5521 prodidit.
2683 5452 2858 5521 Atque
2882 5451 3007 5505 inde
3026 5452 3278 5517 fortassis
3301 5450 3471 5505 Grtcci
3507 5453 3723 5515 Ἑστίας

2143 5520 2411 5591 Originem
2438 5520 2800 5575 deduxerunt.

2213 5589 2349 5659 (ουτ)
2392 5592 2464 5659 ρύ
2494 5592 2634 5645 forte
2664 5590 2971 5644 delendum.
3004 5590 3161 5644 Εοιτ.
3192 5589 3434 5644 Ριιτιιοι.

2213 5657 2323 5730 (70)
2345 5657 2518 5713 Οὗτοι
2543 5661 2613 5713 τὰ
2641 5660 2747 5713 τοῦ
2771 5662 3179 5730 Φιλιστίωνος.
3209 5660 3433 5713 llierun.
3469 5658 3625 5727 Apol.
3655 5677 3713 5721 ιι,

2143 5741 2282 5783 cont.
2307 5730 2426 5798 Ruf.
2449 5730 2515 5781 Ει
2530 5733 2682 5799 quasi
2700 5733 2913 5782 mimum
2931 5729 3285 5793 Philistionis,
3309 5732 3388 5783 vel
3405 5731 3637 5791 Lentuli,
3660 5748 3721 5781 ac

2144 5800 2367 5854 Marulli
2404 5801 2669 5867 stropham
2718 5802 2941 5870 eleganti
2986 5817 3222 5855 sermone
3263 5804 3563 5869 conﬁctam,
3610 5807 3717 5858 etc.
