4204 6370
412 391 519 447 ’555

1014 386 1386 443 ADVERSUS
1415 387 1757 443 IUERESES
1795 385 1903 440 LIB
1944 386 1978 441 Ι.
2023 384 2185 438 TOM.
2224 384 2288 439 li.
2316 416 2380 427 —
2425 386 2697 441 ll.£RES.
2728 383 2915 439 XXVl.

3568 385 3672 440 334

413 505 571 572 αὖθις
596 504 1048 578 προσφερόμενοι.
1081 509 1187 571 ὅτι,
1219 508 1478 571 πολλάκις
1512 508 1809 578 βουλομένῃ
1858 508 1992 576 μετὰ

2098 521 2221 558 cum
2246 505 2452 559 {Vocmo
2473 516 2717 576 cuperet,
2746 518 3028 574 nunquam
3054 503 3106 556 id
3131 502 3180 558 ei
3205 503 3532 573 permissum
3557 512 3670 569 est;

411 598 510 652 τοῦ
564 598 689 651 Νῶε
742 600 802 651 ἐν
832 601 900 669 τῇ
956 598 1175 669 κιϐωτῷ
1204 600 1478 666 γενέσθαι,
1504 601 1563 652 ού
1612 601 1988 670 συνεχωρεῖτο,

414 691 507 744 τοῦ
537 692 816 762 ἄρχοντος,
855 691 1008 758 φασὶ,
1042 691 1134 743 τοῦ
1172 691 1265 744 τὸν
1298 690 1503 760 κόσμον
1547 691 1831 752 κτίσαντος
1867 690 1990 759 βου-

413 780 643 852 λομένου
682 780 850 851 αὐτὴν
881 780 1145 835 ἀπολέσαι
1197 781 1294 833 σὺν
1346 783 1457 843 τοῖς
1485 780 1664 843 ἄλλοις
1699 780 1900 833 ἆπασιν
1935 782 1993 832 ἐν

414 874 490 944 τῷ
549 872 941 943 κατακλυσμῷ.
989 872 1168 943 Αὐτὴν
1211 873 1270 926 δέ
1307 890 1469 941 φασιν
1493 872 1907 944 ,ἐπικαθιζάνειν
1936 875 1993 925 ἐν

412 942 479 1033 τῇ
509 963 762 1034 λάρνακι,
797 942 891 1018 καὶ
907 942 1191 1035 ἐμπιπρᾷν
1221 964 1389 1034 αὐτὴν
1419 942 1516 1033 cui
1538 963 1704 1028 ἅπαξ,
1735 963 1856 1016 οὑδέ
1890 963 1991 1027 δὶς,

414 1052 551 1105 ἀλλὰ
590 1052 870 1116 πολλάκις,
918 1053 1013 1105 καὶ
1048 1053 1281 1123 πρῶτον,
1315 1052 1409 1105 καὶ
1440 1051 1710 1123 δεύτερον,
1755 1052 1849 1105 καὶ
1879 1051 1996 1123 τρί-

413 1164 527 1199 τον.
562 1145 727 1199 Ὅθεν
773 1145 838 1216 δὴ
886 1146 967 1207 εἰς
995 1145 1090 1213 ἔτη
1117 1145 1288 1199 πολλὰ
1325 1145 1588 1215 ἐλήλακεν
1631 1145 1664 1214 ή
1697 1144 1797 1214 τῆς
1827 1143 1992 1197 αὐτοῦ

414 1238 508 1292 τοῦ
536 1237 659 1293 Νῶε
692 1237 959 1309 λάρνακος
986 1237 1319 1305 κατασκευὴ,
1348 1236 1436 1289 διὰ
1462 1236 1522 1289 τὸ
1549 1235 1807 1298 πολλάκις
1826 1236 1994 1307 αὐτὴν

416 1332 508 1384 ὑπ’
566 1330 738 1399 αὐτῆς
789 1328 1200 1399 ἐμπεπρῆσθαι.
1234 1324 1343 1380 ’Ἦν
1393 1327 1523 1399 γὰρ,
1581 1327 1765 1396 φασὶν,
1809 1330 1837 1380 ὁ
1872 1327 1995 1380 Νῶε

416 1421 740 1493 πειθόμενος
768 1420 847 1490 τῷ
884 1419 1137 1490 ἄρχοντι·
1175 1422 1208 1490 ή
1249 1420 1304 1471 δέ
1337 1420 1526 1491 Νωρία
1556 1419 1874 1488 ἀπεκάλυψε
1896 1420 1995 1483 τὰς

414 1515 529 1568 ἅνω
573 1514 831 1583 δυνάμεις
870 1514 964 1566 καὶ
996 1512 1093 1583 τὴν
1139 1511 1247 1565 ἀπὸ
1284 1510 1391 1564 τῶν
1419 1510 1699 1581 δυνάμεων
1728 1510 1997 1582 Βαρϐηλὼ

415 1606 514 1677 τὴν
530 1605 855 1659 ὑπεναντίαν
876 1604 953 1675 τῷ
979 1604 1221 1675 ἄρχοντι,
1239 1603 1314 1666 ὡς
1335 1602 1430 1655 καὶ
1457 1603 1511 1655 αἱ
1537 1601 1692 1655 ἄλλαι
1716 1602 1991 1672 δυνάμεις⁸

418 1698 513 1751 καὶ
544 1697 860 1765 ὑπέφαινεν,
883 1697 965 1749 δτι
985 1696 1050 1766 δὴ
1080 1697 1093 1725 ¹
1116 1695 1185 1749 τὰ
1210 1694 1510 1765 συληθέντα
1535 1693 1642 1747 ἀπὸ
1662 1693 1763 1763 τῆς
1791 1694 1997 1749 ἄνωθεν

418 1787 624 1859 μητρὸς
652 1786 742 1842 διὰ
763 1784 857 1839 τοῦ
882 1787 1136 1858 ἄρχοντος
1160 1784 1254 1837 τοῦ
1272 1785 1361 1838 τὸν
1387 1784 1591 1856 κόσμον
1614 1784 1993 1855 πεποιηκότος,

2095 598 2239 665 quod
2272 613 2393 651 eam
2434 598 2690 667 princeps
2721 596 2911 650 mundi
2941 595 3191 676 conditor
3217 610 3325 649 una
3365 610 3488 648 cum
3520 604 3675 650 (aete-

2096 690 2172 743 ris
2222 691 2481 745 omnibus
2530 690 2740 744 diluvio
2773 690 2937 743 vellet
2980 689 3349 758 exstinguere.
3390 686 3529 757 Ergo
3559 689 3673 742 haec

2097 781 2344 835 insidens
2370 796 2513 835 arca:
2554 796 2665 835 non
2710 782 2878 837 semel
2919 797 2982 835 ac
3022 780 3284 841 secundo,
3325 780 3418 834 sed
3451 781 3672 850 saepius,

2096 874 2342 942 adeoque
2373 873 2536 926 tertio
2587 873 2735 926 illam
2788 871 3051 926 incendit.
3086 870 3204 935 Quo
3242 871 3443 925 factum
3474 879 3578 935 est,
3614 879 3675 924 ut

2097 964 2163 1017 ad
2193 964 2503 1033 complures
2544 978 2717 1017 annos
2748 980 2777 1016 a
2818 962 3025 1017 Noemo
3066 963 3181 1015 hu-c
3213 978 3353 1016 arere
3395 971 3673 1016 structura

2096 1067 2385 1127 prorogata
2420 1055 2605 1119 fuerit,
2652 1071 2776 1109 cum
2806 1056 2875 1108 ab
2905 1056 2996 1108 illa
3038 1056 3239 1126 saepius
3278 1062 3425 1110 esset
3454 1062 3670 1108 exusta.

2099 1150 2378 1220 Siquidem
2414 1150 2651 1205 Noemus
2680 1149 2916 1219 principi
2948 1165 3008 1204 se
3035 1150 3427 1219 obsequentem
3455 1156 3676 1216 przesta-

2096 1243 2219 1308 bat;
2238 1241 2404 1296 Noria
2432 1257 2561 1296 vero
2586 1257 2815 1307 superas
2843 1242 3093 1305 virtutes,
3114 1251 3167 1296 et
3190 1242 3347 1296 abiis
3374 1240 3673 1311 profectam

2097 1334 2457 1405 Barbelonem
2512 1336 2747 1404 principi
2797 1336 3129 1388 contrariam
3174 1334 3459 1395 indicavit,
3492 1349 3677 1403 quem-

2097 1428 2391 1482 admodum
2421 1435 2474 1481 et
2511 1429 2631 1481 alim
2670 1426 2849 1481 fecere
2877 1426 3112 1479 virtutes
3142 1444 3153 1479 :
3183 1433 3347 1494 atque
3372 1425 3507 1477 illud
3540 1438 3676 1494 pra:-

2099 1528 2245 1574 terea
2292 1520 2525 1574 docuit:
2578 1527 2833 1590 oportere
2883 1533 3004 1587 qum
3055 1531 3326 1587 supremae
3378 1514 3599 1570 Parenli
3643 1530 3675 1568 a

2099 1610 2385 1665 conditare
2418 1611 2607 1665 mundi
2640 1609 2912 1680 principe,
2948 1625 3012 1663 ac
3054 1609 3277 1678 reliquis
3305 1609 3398 1678 qui
3442 1623 3566 1661 cum
3608 1622 3675 1661 eo

2101 1707 2231 1753 su-nt
2263 1701 2368 1755 diis
2401 1710 2565 1771 atque
2595 1703 2826 1771 angelis,
2856 1709 2909 1755 et
2944 1701 3285 1755 damonibus
3313 1708 3499 1770 erepta
3524 1707 3672 1765 sunt,

2101 1810 2167 1847 ex
2204 1793 2367 1847 insita
2399 1808 2694 1863 corporum
2743 1796 2793 1848 vi
2840 1809 2940 1864 per
2983 1794 3219 1848 marium
3255 1806 3319 1848 ac
3347 1792 3673 1846 feminarum

417 1882 516 1936 καὶ
546 1880 656 1935 τῶν
678 1880 854 1935 ἄλλων
901 1880 1009 1933 τῶν
1046 1879 1142 1932 σὺν
1174 1878 1322 1949 αὐτῷ
1348 1876 1486 1930 θεῶν
1517 1894 1576 1930 τε
1624 1878 1720 1931 καὶ
1748 1877 1998 1946 ἀγγέλων
2028 1870 2071 1925 Β
2102 1883 2363 1951 ριιοίιυνίη
2388 1885 2661 1954 ροιιίερπ-θ,

418 1975 516 2029 καὶ
568 1974 842 2045 δαιμόνων
907 1972 1179 2041 συλλέγειν
1236 1972 1343 2026 ἀπὸ
1388 1971 1487 2042 τῆς
1536 1972 1593 2024 ὲν
1664 1974 1777 2035 τοῖς
1836 1971 2048 2043 σώμασι
2083 1977 2362 2050 δυνάμεως
2394 1978 2491 2054 ,διὰ
2537 1978 2636 2047 τῆς
2683 1980 2980 2049 ἀπορροίας
3036 1977 3279 2049 ἀρρένων
3309 1993 3368 2029 τε
3411 1975 3506 2029 καὶ
3571 1972 3673 2045 θη-

417 2065 596 2119 λειῶν.

488 2180 563 2232 B'.
606 2179 719 2232 Καὶ
777 2176 962 2241 ἁπλῶς
994 2173 1279 2247 περικακῶ
1319 2174 1420 2245 τὴν
1448 2177 1629 2228 πᾶσαν
1656 2175 1858 2228 τούτων
1902 2173 1994 2226 τοῦ

422 2270 645 2330 σκότους
690 2270 939 2339 πήρωσιν
987 2264 1373 2319 ὑποδεικνύων.
1440 2265 1618 2319 Πολὺν
1663 2266 1772 2335 γάρ
1809 2264 1996 2337 χρόνον

419 2358 761 2428 ἁναλώσαιμι
807 2357 895 2420 ἂν,
928 2358 975 2409 εί
1008 2355 1262 2408 ἐνταῦθεν
1299 2356 1399 2425 τὴν
1429 2358 1558 2428 περὶ
1613 2356 1818 2409 τούτων
1846 2372 1998 2423 γενο-

425 2450 593 2521 μένην
652 2450 903 2512 σύνταξιν
963 2447 1206 2518 ἐθελήσω
1260 2448 1677 2517 λεπτολογῆσαι,
1706 2448 1776 2500 τὰ
1820 2448 1997 2501 ἄτοπα

420 2543 597 2597 αὐτῶν
656 2543 753 2611 τῆς
802 2540 1152 2611 ψευδωνύμου
1204 2539 1458 2608 γνώσεως
1523 2539 1826 2610 διδάγματα
1874 2539 1994 2592 καθ’

418 2637 656 2706 ἑκάστην
693 2632 1087 2704 ὑφηγούμενος.
1122 2630 1305 2684 ’Ἄλλοι
1328 2630 1383 2684 δὲ
1412 2630 1471 2695 ἐξ
1501 2631 1701 2696 αὐτῶν,
1727 2630 1995 2701 διαφόρως

419 2727 582 2781 πάλιν
616 2724 1074 2795 ἐπεντριϐόμενοι,
1108 2723 1204 2785 τάς
1239 2740 1296 2774 τε
1325 2722 1474 2792 ὄψεις
1511 2720 1690 2775 αὐτῶν
1720 2723 1740 2752 ²
1775 2719 1997 2792 κρούον-

416 2837 528 2884 τες,
565 2818 659 2871 καὶ
685 2815 1162 2887 περικρουόμενον,
1202 2812 1528 2882 Βαρκαὸ6ἄν
1560 2830 1680 2866 τινα
1710 2813 1995 2883 προφήτην

417 2909 862 2982 παρεισάγουσιν,
921 2906 1067 2971 ἄξιον
1119 2903 1213 2958 τοῦ
1265 2904 1444 2958 αὐτῶν
1485 2903 1766 2974 ὀνόματος.
1797 2902 1995 2956 Καϐὅᾶ

416 3004 527 3073 γὰρ
563 3001 923 3073 ἑρμηνεύεται
984 2999 1097 3070 (7i)
1132 2997 1379 3066 πορνεία
1421 2995 1564 3050 κατὰ
1601 2997 1699 3067 τὴν
1724 2996 1996 3069 Συριακὴν

415 3096 717 3158 διάλεκτον,
750 3093 1112 3163 φονοκτονία
1143 3090 1201 3145 δὲ
1242 3090 1380 3145 κατὰ
1406 3090 1506 3161 τὴν
1534 3088 1849 3160 Ἐϐραϊκήν.
1883 3089 1995 3142 Καὶ

2167 2172 2232 2227 ΙΙ.
2262 2174 2463 2244 Atque,
2496 2183 2554 2230 ut
2575 2192 2683 2231 uno
2711 2177 2879 2232 verbo
2913 2176 3113 2243 dicam,
3149 2177 3294 2247 piget
3327 2192 3414 2234 me
3442 2194 3666 2236 omnem

2096 2261 2315 2317 illorum
2384 2266 2652 2322 caecitatis
2715 2268 3003 2338 caliginem
3070 2268 3325 2324 oratione
3391 2270 3672 2340 persequi.

2099 2353 2329 2409 Multum
2360 2358 2505 2412 enim
2539 2359 2928 2414 insumendum
2951 2361 3057 2415 erit
3079 2362 3363 2431 temporis,
3391 2364 3437 2418 si
3463 2365 3675 2421 univer-

2098 2461 2217 2500 sam
2255 2448 2450 2503 horum
2490 2448 2871 2521 ﬂgmentorum
2913 2452 2980 2508 ab
3028 2453 3135 2507 illis
3176 2454 3560 2512 concinnatam
3594 2474 3673 2514 se-

2102 2536 2236 2591 riem
2258 2538 2363 2593 hoc
2387 2539 2510 2593 loco
2536 2541 2851 2610 diligentius
2874 2542 3152 2612 explicare
3176 2545 3429 2609 voluero,
3453 2556 3507 2602 et
3530 2564 3671 2603 com-

2103 2629 2366 2684 mentitiae
2398 2630 2615 2683 illorum
2652 2632 2982 2701 cognitionis
3026 2634 3262 2689 absurda
3314 2636 3569 2707 dogmata
3607 2641 3676 2695 si-

2102 2719 2329 2788 g'llatim
2387 2734 2714 2792 proponere.
2763 2722 2867 2776 Alii
2916 2739 3079 2793 porro
3126 2727 3277 2782 varie
3335 2729 3404 2782 ab
3453 2729 3562 2783 illis
3605 2731 3675 2787 ad

2100 2823 2444 2866 communem
2478 2814 2776 2883 perniciem
2806 2817 3007 2881 exorti,
3045 2824 3099 2876 et
3138 2818 3468 2874 intuentium
3498 2823 3675 2878 oculis

2102 2902 2393 2972 praestigiis
2440 2904 2756 2970 illudentes,
2796 2916 2850 2962 et
2898 2908 3118 2977 ipsimet
3163 2909 3312 2966 illusi
3352 2910 3674 2968 Barcabban

2099 2993 2288 3047 nescio
2322 3008 2482 3064 quem
2512 2997 2833 3066 prophetam
2864 2999 3150 3068 objiciunt,
3184 3017 3284 3057 sua
3316 3004 3407 3059 illa
3442 3008 3673 3076 appella-

2100 3084 2249 3140 tione
2286 3087 2534 3157 dignum.
2564 3087 2750 3144 Cabba
2777 3090 2923 3144 enim
2961 3091 3186 3163 Syriaca
3210 3095 3394 3166 lingua
3431 3108 3673 3167 stuprum

416 3189 579 3243 πάλιν
591 3186 949 3259 ἑρμηνεύεται
966 3184 1215 3252 τετάρτη
1226 3184 1405 3253 μοῖρα
1419 3183 1512 3235 τοῦ
1542 3181 1763 3252 μέτρου.
1784 3181 1995 3252 Χλεύης

2098 3176 2405 3246 signiﬁcat;
2447 3177 2714 3235 ilebraice
2772 3182 3142 3245 parricidium.
3180 3183 3286 3241 Sed
3322 3195 3375 3241 et
3414 3205 3673 3244 mensura:

416 3281 475 3334 δὲ
504 3280 598 3333 καὶ
625 3278 856 3346 γέλωτος
894 3277 954 3330 τὸ
999 3274 1259 3339 τοιοῦτον,
1304 3272 1502 3345 μᾶλλον
1537 3274 1595 3326 δὲ
1639 3272 1996 3345 σχετλιασμοῦ

418 3374 566 3437 ἄξιον
594 3370 745 3441 παρὰ
789 3372 904 3433 τοῖς
951 3369 1012 3421 τδ
1048 3369 1219 3438 ὄνομα
1251 3367 1410 3420 τοῦτο
1440 3366 1823 3436 ἐπισταμένοις
1856 3365 1999 3419 κατὰ

415 3464 518 3529 τὰς
582 3464 717 3526 ἰδίας
766 3459 1039 3531 γλώσσας.
1068 3459 1298 3530 Φέρουσι
1343 3457 1398 3511 δὲ
1434 3459 1566 3528 ἡμῖν
1590 3457 1655 3509 ἐκ
1682 3455 1872 3509 τούτου
1901 3454 1995 3507 τοῦ

417 3556 871 3629 θαυμασιωτάτου
916 3554 1195 3625 προφήτου
1244 3552 1491 3624 διήγησιν
1545 3549 1808 3620 αἰσχρὰν,
1850 3549 1998 3612 ὅπως

420 3649 765 3722 φθοριμαίοις
799 3645 1014 3717 σώμασι
1062 3642 1361 3714 πλησιάσαι
1405 3640 1736 3710 πεισθῶμεν,
1767 3639 1861 3692 καὶ
1899 3638 1999 3709 τῆς

418 3740 623 3795 ἄνωθεν
645 3738 857 3800 ἐλπίδος
883 3736 1223 3805 ἐκπέσωμεν,
1255 3734 1356 3787 οὐκ
1400 3730 1779 3801 αἰσχυνόμενοι
1815 3729 1999 3792 αὐτοῖς

418 3835 530 3895 τοῖς
561 3832 766 3902 ῥήμασι
799 3828 867 3881 τὰ
891 3830 991 3899 τῆς
1017 3826 1272 3898 πορνείας
1300 3824 1629 3897 διηγεῖσθαι,
1672 3823 1832 3876 πάλιν
1862 3825 1999 3895 ἐρω-

416 3924 546 3977 τικὰ
566 3924 666 3993 τῆς
699 3920 975 3992 Κύπριδος
1000 3918 1393 3988 ποιητεύματα.
1440 3915 1624 3968 ’Ἄλλοι
1650 3916 1706 3976 δὲ
1730 3916 1787 3983 ἐξ
1819 3915 1999 3970 αὐτῶν

418 4016 580 4070 πάλιν
606 4014 934 4067 ἐπίπλαστον
950 4013 1258 4080 εἰσάγουσιν
1280 4010 1560 4080 ἀγώγιμόν
1580 4026 1633 4061 τι
1662 4009 1788 4080 ποίη
1796 4008 1996 4080 μα(72)

416 4102 462 4176 ᾧ
491 4105 851 4179 ποιητεύματι
887 4103 1143 4157 ἐπέθεντο
1180 4100 1370 4171 ὄνομα,
1415 4099 1745 4167 Εὐαγγέλιον
1779 4096 2000 4150 τελειώ-

421 4216 559 4263 σεως
595 4196 754 4253 τοῦτο
780 4197 1100 4267 φάσκοντες.
1135 4196 1246 4247 Καὶ
1277 4192 1493 4263 ἀληθῶς
1531 4191 1631 4244 οὑκ
1664 4190 1998 4259 Εὐαγγέλιον

419 4295 594 4359 τοῦτο,
632 4292 769 4347 ἀλλὰ
799 4290 1027 4353 πένθους
1052 4288 1348 4350 τελείωσις.
1380 4286 1539 4339 Πᾶσα
1568 4284 1677 4357 γὰρ
1715 4283 1871 4357 ήτοῦ
1905 4284 2000 4336 Oa.-

418 4386 579 4440 νάτου
606 4382 883 4444 τελείωσις
911 4380 968 4433 ἐν
988 4382 1055 4450 τῇ
1080 4377 1306 4449 τοιαύτῃ
1340 4376 1625 4446 ὑποσπορᾷ
1643 4372 1737 4427 τοῦ
1750 4373 1995 4427 διαϐόλου

419 4471 932 4546 ἐμφέρεται.”Αλλοι
960 4469 1017 4522 δέ
1048 4469 1149 4521 οὐκ
1169 4464 1514 4536 αἰσχύνονται
1542 4464 1791 4533 λέγοντες
1822 4463 1998 4529 Εὐαγ-

2099 3266 2446 3335 quadrantem
2482 3284 2548 3324 eo
2578 3272 2800 3326 nomine
2827 3285 3047 3329 vocant.
3073 3275 3209 3333 Risu
3234 3278 3399 3348 igitur
3430 3295 3494 3333 ac
3539 3281 3675 3336 ludi-

2098 3358 2221 3413 brio
2249 3360 2434 3431 digna,
2465 3361 2551 3416 vel
2592 3362 2908 3419 miseranda
2946 3367 3130 3435 potius
3170 3376 3252 3424 est
3279 3370 3550 3440 ejusmodi
3582 3389 3674 3428 no-

2099 3452 2305 3503 minum
2335 3455 2769 3509 accommodatio
2801 3457 2942 3525 apud
2974 3473 3091 3522 eos,
3124 3460 3218 3529 qui
3260 3462 3313 3515 in
3354 3472 3547 3533 suapte
3580 3466 3673 3520 lin-

2099 3557 2208 3613 gua
2240 3545 2393 3600 vocis
2421 3545 2571 3602 illius
2603 3555 2928 3616 potestatem
2955 3550 3284 3621 intelligunt.
3317 3553 3583 3609 Caeterum
3606 3572 3673 3612 ex

2100 3643 2210 3689 tam
2258 3635 2569 3691 admirabili
2622 3640 2886 3708 propheta
2947 3651 3162 3712 turpem
3208 3646 3364 3700 nobis
3413 3651 3675 3703 narratio-

2100 3743 2224 3782 nem
2265 3727 2531 3783 afferunt:
2553 3747 2660 3800 qua
2692 3740 2753 3784 ut
2781 3734 3054 3803 corruptis
3081 3748 3513 3793 consuescamus
3558 3755 3675 3793 cor-

2099 3819 2328 3889 poribus
2352 3822 2740 3890 persuadeant,
2769 3831 2935 3893 atque
2963 3826 3030 3880 ab
3058 3828 3207 3880 omni
3241 3843 3337 3897 spe
3363 3830 3670 3885 cmlestium

2099 3908 2440 3965 excidamus.
2464 3909 2575 3979 Nec
2595 3912 2719 3967 illos
2744 3914 2909 3982 pudet
2931 3914 2998 3970 de
3025 3918 3252 3987 stupris,
3281 3921 3671 3990 amatoriisque

2101 4014 2166 4054 ac
2216 4002 2464 4056 venereis
2495 4003 2660 4059 rebus
2696 4004 2858 4060 nudis
2888 4020 2952 4061 ac
2983 4007 3327 4077 simplicibus
3357 4010 3538 4066 verbis
3568 4011 3674 4068 dis-

2100 4106 2303 4147 serere.
2356 4092 2495 4148 Sunt
2528 4104 2582 4148 et
2623 4110 2687 4150 ex
2735 4097 2803 4151 iis
2845 4100 3115 4166 nonnulli,
3162 4101 3253 4170 qui
3304 4101 3671 4161 adulterinum

2100 4184 2375 4253 quoddam
2424 4193 2478 4238 et
2535 4186 2872 4240 adscititium
2919 4204 3114 4258 poema
3164 4191 3469 4256 venditant,
3527 4195 3673 4261 quod

2100 4290 2238 4345 Opus
2270 4274 2628 4344 Perfectionis
2663 4276 3017 4348 Evangelium
3057 4280 3390 4349 inscribunt,
3440 4299 3563 4337 cum
3596 4302 3674 4343 re-

2100 4380 2229 4419 vera
2256 4380 2366 4419 non
2395 4364 2769 4435 Evangelium,
2798 4369 2894 4423 sed
2919 4371 3128 4426 doloris
3156 4372 3227 4426 sit
3249 4387 3313 4426 ac
3339 4374 3519 4433 luctus
3547 4392 3673 4445 per-

2103 4455 2287 4511 fectio.
2341 4455 2611 4511 Universa
2669 4458 2871 4528 quippe
2933 4471 3420 4533 consummataque
3476 4467 3672 4535 mortis

416 4533 596 4634 γέλων
630 4564 794 4626 Εὔας.
822 4563 917 4625 Εἰς
941 4561 1113 4630 ὄνομα
1139 4557 1248 4629 γὰρ
1265 4533 1458 4627 αὐτῆς
1498 4554 1679 4625 δῆθεν,
1706 4554 1781 4618 ὡς
1806 4554 1995 4624 εὑρού-

2103 4548 2375 4603 acerbitas
2423 4548 2477 4602 iu
2520 4564 2586 4603 eo
2617 4550 2730 4621 34.
2772 4551 2975 4606 diaboli
3023 4554 3135 4608 l'etu
3183 4533 3516 4612 continetur.
3564 4560 3672 4614 Alii

418 4674 519 4727 σης
550 4657 612 4709 τὸ
639 4656 809 4725 ὄνομα
838 4654 938 4724 τῆς
970 4652 1222 4720 γνώσεως
1253 4649 1313 4713 ἐξ
1341 4646 1738 4715 ἀποκαλύψεως
1766 4646 1858 4699 τοῦ
1894 4645 1993 4697 λα-

414 4750 677 4822 λήσαντος
730 4749 868 4818 αὐτῇ
940 4746 1137 4815 ὄφεως,
1197 4742 1405 4813 σπορὰν
1450 4739 1813 4793 ὑποτίθενται.
1883 4738 1993 4791 Καὶ

414 4842 603 4913 ὥσπερ
650 4844 708 4894 ἐν
758 4839 978 4909 ἁστάτῳ
1023 4834 1216 4907 γνώμῃ
1264 4833 1553 4905 μεθύοντος
1603 4833 1697 4886 καὶ
1740 4831 1991 4903 παραλα-

413 4932 631 4994 λοῦντος
664 4930 763 4983 οὐκ
791 4930 880 4981 ἴσα
904 4928 988 4999 εἴη
1012 4927 1085 4980 τὰ
1122 4928 1363 4997 ῥήματα,
1394 4924 1531 4977 ἀλλὰ
1559 4923 1626 4976 τὰ
1662 4921 1760 4991 μὲν
1793 4920 1991 4985 γέλωτι

414 5021 777 5092 πεποιημένα,
823 5019 986 5089 ἕτερα
1033 5018 1091 5070 δὲ
1143 5013 1421 5085 κλαυθμοῦ
1472 5012 1721 5083 ἔμπλεα·
1752 5009 1989 5081 οὓτωςή

489 5206 504 5233 ¹
530 5201 659 5256 For.
689 5201 789 5255 δεῖ.
867 5202 886 5231 ²
915 5200 1038 5254 For.
1070 5196 1396 5268 ἀνθρώπων.

485 5416 597 5486 (Ἠ)
645 5410 841 5468 Καϐϐᾶ
894 5411 1003 5486 γὰρ
1064 5410 1465 5486 ἑρμηνεύεται.
1517 5405 1655 5486 ςΓίιτη
1698 5403 1980 5486 ,Ηθβῇΐόίρθ

412 5474 829 5556 (ιιιξιιῐίδγνὶιιοθ
852 5474 1273 5556 Hibernae-tilum.
1308 5487 1361 5533 et
1391 5478 1639 5556 fornicem
1668 5474 1977 5545 significat:

412 5547 625 5612 necnon
647 5547 707 5608 'et
746 5551 1117 5619 prostibulum,
1144 5566 1208 5604 ac
1232 5547 1479 5617 lupanar.
1508 5547 1983 5619 Nurner._quoque

414 5640 542 5691 xxv,
579 5639 720 5678 com.
746 5614 824 5686 '8,
871 5621 1015 5676 LXX
1069 5614 1297 5692 μήτρανξ
1334 5616 1707 5692 reddiderunt.
1741 5614 1984 5692 Unde’_et

414 5684 671 5765 πορνείας
714 5684 999 5762 stuprique
1044 5684 1216 5765 notio.
1263 5687 1627 5765 (bovoxzoviuv
1662 5701 1813 5765 vero,
1867 5684 1983 5765 sive

455 5754 1108 5832 a'rricid'iumfnu'squam
1163 5764 1343 5831 legere
1408 5757 1653 5832 memini.
1717 5754 1984 5823 Suspicor

455 5780 795 5827 arrictulum,
837 5780 1108 5832 nusquam
1166 5780 1343 5831 legere
1408 5780 1653 5811 lttutuuu.
1719 5780 1983 5823 ouspwur

416 5780 777 5905 Epiphaniam
810 5845 926 5919 mp
960 5846 1218 5902 tanquam
1258 5846 1287 5884 a
1333 5839 1436 5896 π]
1480 5827 1784 5882 derivatum
1825 5840 1985 5880 acce-

2102 4640 2455 4711 Evangelium
2492 4640 2617 4695 Evze
2662 4643 2782 4698 sine
2829 4645 2941 4699 ullo
2982 4646 3190 4715 pudore
3231 4648 3507 4717 jactitant.
3555 4650 3671 4705 Sub

2103 4732 2266 4801 hujus
2293 4733 2437 4786 enim
2467 4733 2707 4801 nomine;
2740 4743 2927 4805 utpote
2955 4753 3076 4807 quae
3108 4741 3438 4810 cognitionis
3469 4758 3669 4799 nomen

2100 4840 2131 4877 a
2169 4834 2421 4893 serpente
2452 4841 2687 4894 quocum
2717 4830 2990 4883 collocuta
3022 4840 3127 4897 est,
3197 4832 3471 4899 didicerit,
3507 4836 3670 4905 perli-

2099 4916 2203 4972 dia:
2251 4934 2365 4973 sua:
2412 4934 2625 4974 semina
2677 4911 3017 4991 sparserunt.
3076 4926 3154 4980 Ac
3207 4928 3668 4996 quemadmodum

2098 5010 2259 5075 ebrii,
2289 5026 2525 5081 quorum
2566 5014 2887 5070 inconstans
2920 5017 3159 5083 animus,
3198 5026 3252 5073 et
3292 5019 3671 5075 inconsidera-

2079 5403 2251 5473 pisse,
2276 5401 2538 5473 quodest
2565 5397 2867 5473 perforare.

2151 5459 2263 5543 (7‘2)
2294 5459 2633 5543 ’Ἁγῴγιμόν
2679 5485 2733 5519 τι
2782 5466 3025 5543 ποίημα.
3077 5459 3662 5543 fluornariusullicie‘ns

2077 5532 2283 5609 poémd.
2326 5532 2631 5609 Ἀ’γὼγίμον
2659 5544 2742 5591 est
2763 5535 2905 5605 quod
2936 5533 3245 5609 advehitur,
3271 5540 3367 5585 aut
3399 5532 3662 5609 importa-

2080 5603 2190 5667 tur.
2235 5611 2345 5667 Nos
2398 5603 2689 5663 bscilitium
2742 5603 2808 5659 ex
2850 5604 3127 5659 communi
3176 5611 3446 5671 potestate
3496 5603 3659 5671 inter-

2080 5685 2283 5753 pretari
2339 5681 2653 5753 maluimus.
2714 5675 3054 5753 Quanqan
3098 5670 3475 5753 ηζΠηρίις.
3534 5670 3658 5731 100,

2081 5742 2363 5822 ἆγώγιμον
2400 5748 2569 5821 μῦθον
2598 5748 2653 5801 in
2689 5745 2859 5816 priori
2896 5745 2989 5799 illa
3016 5742 3221 5800 Corna.
3249 5743 3471 5797 notione
3501 5756 3661 5795 usur-

2082 5832 2263 5895 patur.
