  <div class='ocr_page' id='page_1' title='image "/cluster/home/n/w/nwhite01/storage/ocr_20150623/41/nnc1.0046978747/197.png"; bbox 0 0 4204 6370; ppageno 0'>
   <div class='ocr_carea' id='block_1_1' title="bbox 567 328 674 398">
    <p class='ocr_par' dir='ltr' id='par_1_1' title="bbox 567 328 674 398">
     <span class='ocr_line' id='line_1_1' title="bbox 567 328 674 398; baseline 0 -1"><span class='ocrx_word' id='word_1_1' title='bbox 567 328 674 398; x_wconf 71' lang='lat'><strong>355</strong></span> 
     </span>
    </p>
   </div>
   <div class='ocr_carea' id='block_1_2' title="bbox 1973 352 2412 411">
    <p class='ocr_par' dir='ltr' id='par_1_2' title="bbox 1973 352 2412 411">
     <span class='ocr_line' id='line_1_2' title="bbox 1973 352 2412 411; baseline 0.009 -4"><span class='ocrx_word' id='word_1_2' title='bbox 1973 352 2029 409; x_wconf 93' lang='lat' dir='ltr'><strong>S.</strong></span> <span class='ocrx_word' id='word_1_3' title='bbox 2069 352 2412 411; x_wconf 73' lang='lat' dir='ltr'><strong>EPII‘HANII</strong></span> 
     </span>
    </p>
   </div>
   <div class='ocr_carea' id='block_1_3' title="bbox 3722 361 3825 417">
    <p class='ocr_par' dir='ltr' id='par_1_3' title="bbox 3722 361 3825 417">
     <span class='ocr_line' id='line_1_3' title="bbox 3722 361 3825 417; baseline 0 0"><span class='ocrx_word' id='word_1_4' title='bbox 3722 361 3825 417; x_wconf 75' lang='lat'><strong>558</strong></span> 
     </span>
    </p>
   </div>
   <div class='ocr_carea' id='block_1_4' title="bbox 566 470 2131 563">
    <p class='ocr_par' dir='ltr' id='par_1_4' title="bbox 566 470 2131 563">
     <span class='ocr_line' id='line_1_4' title="bbox 566 470 2131 563; baseline 0.006 -42"><span class='ocrx_word' id='word_1_5' title='bbox 566 474 658 521; x_wconf 91' lang='lat' dir='ltr'><strong>tus</strong></span> <span class='ocrx_word' id='word_1_6' title='bbox 681 474 765 523; x_wconf 90' lang='lat' dir='ltr'><strong>est</strong></span> <span class='ocrx_word' id='word_1_7' title='bbox 794 470 999 534; x_wconf 84' lang='lat' dir='ltr'><strong>sermo,</strong></span> <span class='ocrx_word' id='word_1_8' title='bbox 1023 484 1369 541; x_wconf 82' lang='lat' dir='ltr'><strong>nequaquam</strong></span> <span class='ocrx_word' id='word_1_9' title='bbox 1399 470 1501 526; x_wconf 83' lang='lat' dir='ltr'><strong>sibi</strong></span> <span class='ocrx_word' id='word_1_10' title='bbox 1526 483 1897 563; x_wconf 74' lang='lat' dir='ltr'><strong>consentanea</strong></span> <span class='ocrx_word' id='word_1_11' title='bbox 1918 476 2131 546; x_wconf 36' lang='lat' dir='ltr'><strong>loquun‘</strong></span> 
     </span>
    </p>
   </div>
   <div class='ocr_carea' id='block_1_5' title="bbox 2228 470 3827 563">
    <p class='ocr_par' dir='ltr' id='par_1_5' title="bbox 2249 480 3827 553">
     <span class='ocr_line' id='line_1_5' title="bbox 2249 480 3827 553; baseline 0.002 -21"><span class='ocrx_word' id='word_1_12' title='bbox 2249 481 2357 532; x_wconf 87' lang='grc' dir='ltr'><strong>τῶν</strong></span> <span class='ocrx_word' id='word_1_13' title='bbox 2389 480 2720 535; x_wconf 80' lang='grc' dir='ltr'><strong>ἀπατεώνων</strong></span> <span class='ocrx_word' id='word_1_14' title='bbox 2764 482 2952 551; x_wconf 84' lang='grc' dir='ltr'>γέγονε</span> <span class='ocrx_word' id='word_1_15' title='bbox 2985 483 3126 537; x_wconf 81' lang='grc' dir='ltr'><strong>κατά</strong></span> <span class='ocrx_word' id='word_1_16' title='bbox 3161 482 3335 539; x_wconf 82' lang='grc' dir='ltr'>πάντα</span> <span class='ocrx_word' id='word_1_17' title='bbox 3377 482 3577 553; x_wconf 83' lang='grc' dir='ltr'>τρόπον</span> <span class='ocrx_word' id='word_1_18' title='bbox 3605 482 3701 551; x_wconf 84' lang='grc' dir='ltr'>τῆς</span> <span class='ocrx_word' id='word_1_19' title='bbox 3730 499 3827 535; x_wconf 83' lang='grc' dir='ltr'>κα-</span> 
     </span>
    </p>
   </div>
   <div class='ocr_carea' id='block_1_6' title="bbox 567 560 2144 628">
    <p class='ocr_par' dir='ltr' id='par_1_6' title="bbox 567 560 2144 628">
     <span class='ocr_line' id='line_1_6' title="bbox 567 560 2144 628; baseline 0.006 -15"><span class='ocrx_word' id='word_1_20' title='bbox 567 566 692 627; x_wconf 89' lang='lat' dir='ltr'><strong>tur;</strong></span> <span class='ocrx_word' id='word_1_21' title='bbox 727 560 822 615; x_wconf 90' lang='lat' dir='ltr'><strong>sed</strong></span> <span class='ocrx_word' id='word_1_22' title='bbox 849 562 985 617; x_wconf 89' lang='lat' dir='ltr'><strong>alias</strong></span> <span class='ocrx_word' id='word_1_23' title='bbox 1014 563 1245 617; x_wconf 86' lang='lat' dir='ltr'><strong>ridicula</strong></span> <span class='ocrx_word' id='word_1_24' title='bbox 1275 564 1460 628; x_wconf 89' lang='lat' dir='ltr'><strong>verba,</strong></span> <span class='ocrx_word' id='word_1_25' title='bbox 1495 566 1632 620; x_wconf 89' lang='lat' dir='ltr'><strong>alias</strong></span> <span class='ocrx_word' id='word_1_26' title='bbox 1664 560 1916 623; x_wconf 58' lang='lat' dir='ltr'><strong>maeroris</strong></span> <span class='ocrx_word' id='word_1_27' title='bbox 1951 584 2015 623; x_wconf 90' lang='lat' dir='ltr'><strong>ac</strong></span> <span class='ocrx_word' id='word_1_28' title='bbox 2044 568 2144 623; x_wconf 92' lang='lat' dir='ltr'><strong>do-</strong></span> 
     </span>
    </p>
   </div>
   <div class='ocr_carea' id='block_1_7' title="bbox 2250 574 2757 645">
    <p class='ocr_par' dir='ltr' id='par_1_7' title="bbox 2250 574 2757 645">
     <span class='ocr_line' id='line_1_7' title="bbox 2250 574 2757 645; baseline 0.006 -21"><span class='ocrx_word' id='word_1_29' title='bbox 2250 574 2374 636; x_wconf 84' lang='grc' dir='ltr'>κίας</span> <span class='ocrx_word' id='word_1_30' title='bbox 2397 576 2429 642; x_wconf 82' lang='grc' dir='ltr'><strong>ή</strong></span> <span class='ocrx_word' id='word_1_31' title='bbox 2454 574 2757 645; x_wconf 86' lang='grc' dir='ltr'>ὑποσπορά.</span> 
     </span>
    </p>
   </div>
   <div class='ocr_carea' id='block_1_8' title="bbox 562 657 3830 741">
    <p class='ocr_par' dir='ltr' id='par_1_8' title="bbox 562 657 3830 741">
     <span class='ocr_line' id='line_1_8' title="bbox 562 657 3830 741; baseline 0.002 -27"><span class='ocrx_word' id='word_1_32' title='bbox 562 659 695 736; x_wconf 71' lang='grc' dir='ltr'>ιοτίε</span> <span class='ocrx_word' id='word_1_33' title='bbox 727 659 886 730; x_wconf 90' lang='lat' dir='ltr'><strong>plena</strong></span> <span class='ocrx_word' id='word_1_34' title='bbox 916 657 1202 727; x_wconf 86' lang='lat' dir='ltr'><strong>proferunt</strong></span> <span class='ocrx_word' id='word_1_35' title='bbox 1245 678 1257 713; x_wconf 91' lang='lat'>:</span> <span class='ocrx_word' id='word_1_36' title='bbox 1293 658 1485 714; x_wconf 90' lang='lat' dir='ltr'><strong>eodem</strong></span> <span class='ocrx_word' id='word_1_37' title='bbox 1531 676 1762 727; x_wconf 84' lang='lat' dir='ltr'><strong>prorsus</strong></span> <span class='ocrx_word' id='word_1_38' title='bbox 1811 663 1973 717; x_wconf 90' lang='lat' dir='ltr'><strong>modo</strong></span> <span class='ocrx_word' id='word_1_39' title='bbox 2023 680 2147 720; x_wconf 92' lang='lat' dir='ltr'><strong>sese</strong></span> <span class='ocrx_word' id='word_1_40' title='bbox 2182 665 2342 723; x_wconf 88' lang='lat' dir='ltr'><strong>habet</strong></span> <span class='ocrx_word' id='word_1_41' title='bbox 2375 670 2442 723; x_wconf 87' lang='lat' dir='ltr'><strong>ab</strong></span> <span class='ocrx_word' id='word_1_42' title='bbox 2482 670 2591 725; x_wconf 87' lang='lat' dir='ltr'><strong>illis</strong></span> <span class='ocrx_word' id='word_1_43' title='bbox 2632 672 3026 741; x_wconf 91' lang='lat' dir='ltr'><strong>imposloribus</strong></span> <span class='ocrx_word' id='word_1_44' title='bbox 3090 679 3211 725; x_wconf 89' lang='lat' dir='ltr'><strong>orta</strong></span> <span class='ocrx_word' id='word_1_45' title='bbox 3278 685 3342 725; x_wconf 87' lang='lat' dir='ltr'><strong>ac</strong></span> <span class='ocrx_word' id='word_1_46' title='bbox 3392 677 3687 740; x_wconf 87' lang='lat' dir='ltr'><strong>propagata</strong></span> <span class='ocrx_word' id='word_1_47' title='bbox 3737 683 3830 721; x_wconf 87' lang='lat' dir='ltr'><strong>ne-</strong></span> 
     </span>
    </p>
   </div>
   <div class='ocr_carea' id='block_1_9' title="bbox 563 753 756 823">
    <p class='ocr_par' dir='ltr' id='par_1_9' title="bbox 563 753 756 823">
     <span class='ocr_line' id='line_1_9' title="bbox 563 753 756 823; baseline -0.01 -16"><span class='ocrx_word' id='word_1_48' title='bbox 563 753 756 823; x_wconf 87' lang='lat' dir='ltr'><strong>quitia.</strong></span> 
     </span>
    </p>
   </div>
   <div class='ocr_carea' id='block_1_10' title="bbox 633 842 2145 914">
    <p class='ocr_par' dir='ltr' id='par_1_10' title="bbox 633 842 2145 914">
     <span class='ocr_line' id='line_1_10' title="bbox 633 842 2145 914; baseline 0.004 -17"><span class='ocrx_word' id='word_1_49' title='bbox 633 843 719 899; x_wconf 73' lang='lat' dir='ltr'><strong>Nl.</strong></span> <span class='ocrx_word' id='word_1_50' title='bbox 743 844 845 910; x_wconf 83' lang='lat' dir='ltr'><strong>Qui</strong></span> <span class='ocrx_word' id='word_1_51' title='bbox 872 842 1091 914; x_wconf 87' lang='lat' dir='ltr'><strong>quidem</strong></span> <span class='ocrx_word' id='word_1_52' title='bbox 1118 844 1333 901; x_wconf 83' lang='lat' dir='ltr'><strong>stolidis</strong></span> <span class='ocrx_word' id='word_1_53' title='bbox 1362 846 1711 909; x_wconf 79' lang='lat' dir='ltr'><strong>testimoniis,</strong></span> <span class='ocrx_word' id='word_1_54' title='bbox 1733 863 1796 903; x_wconf 93' lang='lat' dir='ltr'><strong>ac</strong></span> <span class='ocrx_word' id='word_1_55' title='bbox 1814 848 1948 905; x_wconf 84' lang='lat' dir='ltr'><strong>visis</strong></span> <span class='ocrx_word' id='word_1_56' title='bbox 1975 849 2028 903; x_wconf 88' lang='lat' dir='ltr'><strong>in</strong></span> <span class='ocrx_word' id='word_1_57' title='bbox 2050 846 2145 904; x_wconf 88' lang='lat' dir='ltr'><strong>illo</strong></span> 
     </span>
    </p>
   </div>
   <div class='ocr_carea' id='block_1_11' title="bbox 562 935 2144 1009">
    <p class='ocr_par' dir='ltr' id='par_1_11' title="bbox 562 935 2144 1009">
     <span class='ocr_line' id='line_1_11' title="bbox 562 935 2144 1009; baseline 0.002 -17"><span class='ocrx_word' id='word_1_58' title='bbox 562 953 668 992; x_wconf 87' lang='lat' dir='ltr'><strong>suo</strong></span> <span class='ocrx_word' id='word_1_59' title='bbox 718 935 863 1006; x_wconf 92' lang='lat' dir='ltr'><strong>quod</strong></span> <span class='ocrx_word' id='word_1_60' title='bbox 910 950 1021 1005; x_wconf 73' lang='lat' dir='ltr'><strong>pra:</strong></span> <span class='ocrx_word' id='word_1_61' title='bbox 1068 951 1128 990; x_wconf 91' lang='lat' dir='ltr'><strong>se</strong></span> <span class='ocrx_word' id='word_1_62' title='bbox 1177 936 1378 1000; x_wconf 90' lang='lat' dir='ltr'><strong>ferunt,</strong></span> <span class='ocrx_word' id='word_1_63' title='bbox 1415 936 1709 1009; x_wconf 85' lang='lat' dir='ltr'><strong>Evangelio</strong></span> <span class='ocrx_word' id='word_1_64' title='bbox 1750 942 2024 995; x_wconf 88' lang='lat' dir='ltr'><strong>nituntur.</strong></span> <span class='ocrx_word' id='word_1_65' title='bbox 2068 941 2144 995; x_wconf 87' lang='lat' dir='ltr'><strong>Ita</strong></span> 
     </span>
    </p>
   </div>
   <div class='ocr_carea' id='block_1_12' title="bbox 562 1026 2143 1098">
    <p class='ocr_par' dir='ltr' id='par_1_12' title="bbox 562 1026 2143 1098">
     <span class='ocr_line' id='line_1_12' title="bbox 562 1026 2143 1098; baseline 0.003 -14"><span class='ocrx_word' id='word_1_66' title='bbox 562 1030 707 1085; x_wconf 86' lang='lat' dir='ltr'><strong>enim</strong></span> <span class='ocrx_word' id='word_1_67' title='bbox 750 1027 1046 1096; x_wconf 79' lang='lat' dir='ltr'><strong>inquiunt:</strong></span> <span class='ocrx_word' id='word_1_68' title='bbox 1083 1026 1149 1081; x_wconf 88' lang='lat' dir='ltr'><strong>In</strong></span> <span class='ocrx_word' id='word_1_69' title='bbox 1188 1028 1354 1081; x_wconf 85' lang='lat' dir='ltr'><strong>arduo</strong></span> <span class='ocrx_word' id='word_1_70' title='bbox 1389 1039 1562 1083; x_wconf 91' lang='lat' dir='ltr'><strong>monte</strong></span> <span class='ocrx_word' id='word_1_71' title='bbox 1602 1036 1967 1098; x_wconf 82' lang='lat' dir='ltr'><strong>constiterant,</strong></span> <span class='ocrx_word' id='word_1_72' title='bbox 2023 1052 2143 1088; x_wconf 88' lang='lat' dir='ltr'><strong>cum</strong></span> 
     </span>
    </p>
   </div>
   <div class='ocr_carea' id='block_1_13' title="bbox 555 1120 2140 1187">
    <p class='ocr_par' dir='ltr' id='par_1_13' title="bbox 555 1120 2140 1187">
     <span class='ocr_line' id='line_1_13' title="bbox 555 1120 2140 1187; baseline 0.004 -12"><span class='ocrx_word' id='word_1_73' title='bbox 555 1136 677 1175; x_wconf 83' lang='lat' dir='ltr'><strong>ecce</strong></span> <span class='ocrx_word' id='word_1_74' title='bbox 704 1121 850 1174; x_wconf 78' lang='lat' dir='ltr'><strong>video</strong></span> <span class='ocrx_word' id='word_1_75' title='bbox 891 1124 1167 1187; x_wconf 77' lang='lat' dir='ltr'><strong>procerum</strong></span> <span class='ocrx_word' id='word_1_76' title='bbox 1218 1120 1502 1184; x_wconf 77' lang='lat' dir='ltr'><strong>hominem,</strong></span> <span class='ocrx_word' id='word_1_77' title='bbox 1556 1132 1607 1176; x_wconf 86' lang='lat' dir='ltr'><strong>et</strong></span> <span class='ocrx_word' id='word_1_78' title='bbox 1654 1126 1901 1178; x_wconf 87' lang='lat' dir='ltr'><strong>mutilum</strong></span> <span class='ocrx_word' id='word_1_79' title='bbox 1951 1127 2140 1182; x_wconf 85' lang='lat' dir='ltr'><strong>alium.</strong></span> 
     </span>
    </p>
   </div>
   <div class='ocr_carea' id='block_1_14' title="bbox 562 1211 2142 1288">
    <p class='ocr_par' dir='ltr' id='par_1_14' title="bbox 562 1211 2142 1288">
     <span class='ocr_line' id='line_1_14' title="bbox 562 1211 2142 1288; baseline 0.004 -21"><span class='ocrx_word' id='word_1_80' title='bbox 562 1211 696 1267; x_wconf 87' lang='lat' dir='ltr'><strong>Inde</strong></span> <span class='ocrx_word' id='word_1_81' title='bbox 718 1228 889 1266; x_wconf 84' lang='lat' dir='ltr'><strong>vocem</strong></span> <span class='ocrx_word' id='word_1_82' title='bbox 914 1212 1134 1264; x_wconf 83' lang='lat' dir='ltr'><strong>tonitrui</strong></span> <span class='ocrx_word' id='word_1_83' title='bbox 1162 1212 1335 1265; x_wconf 79' lang='lat' dir='ltr'><strong>instar</strong></span> <span class='ocrx_word' id='word_1_84' title='bbox 1356 1214 1603 1269; x_wconf 76' lang='lat' dir='ltr'><strong>exaudio.</strong></span> <span class='ocrx_word' id='word_1_85' title='bbox 1636 1215 1862 1285; x_wconf 75' lang='lat' dir='ltr'><strong>Propius</strong></span> <span class='ocrx_word' id='word_1_86' title='bbox 1888 1220 2051 1288; x_wconf 86' lang='lat' dir='ltr'><strong>igitur</strong></span> <span class='ocrx_word' id='word_1_87' title='bbox 2074 1222 2142 1274; x_wconf 83' lang='lat' dir='ltr'><strong>ad</strong></span> 
     </span>
    </p>
   </div>
   <div class='ocr_carea' id='block_1_15' title="bbox 561 1303 2143 1368">
    <p class='ocr_par' dir='ltr' id='par_1_15' title="bbox 561 1303 2143 1368">
     <span class='ocr_line' id='line_1_15' title="bbox 561 1303 2143 1368; baseline 0.004 -9"><span class='ocrx_word' id='word_1_88' title='bbox 561 1305 882 1361; x_wconf 83' lang='lat' dir='ltr'><strong>audiendum</strong></span> <span class='ocrx_word' id='word_1_89' title='bbox 904 1303 1135 1368; x_wconf 87' lang='lat' dir='ltr'><strong>accedo;</strong></span> <span class='ocrx_word' id='word_1_90' title='bbox 1169 1314 1277 1356; x_wconf 89' lang='lat' dir='ltr'><strong>tum</strong></span> <span class='ocrx_word' id='word_1_91' title='bbox 1301 1321 1381 1358; x_wconf 91' lang='lat' dir='ltr'><strong>me</strong></span> <span class='ocrx_word' id='word_1_92' title='bbox 1413 1304 1549 1359; x_wconf 83' lang='lat' dir='ltr'><strong>hunc</strong></span> <span class='ocrx_word' id='word_1_93' title='bbox 1576 1308 1631 1359; x_wconf 88' lang='lat' dir='ltr'><strong>in</strong></span> <span class='ocrx_word' id='word_1_94' title='bbox 1661 1308 1873 1362; x_wconf 88' lang='lat' dir='ltr'><strong>modum</strong></span> <span class='ocrx_word' id='word_1_95' title='bbox 1898 1321 1976 1364; x_wconf 80' lang='lat' dir='ltr'><strong>est</strong></span> <span class='ocrx_word' id='word_1_96' title='bbox 2006 1313 2143 1366; x_wconf 86' lang='lat' dir='ltr'><strong>allo-</strong></span> 
     </span>
    </p>
   </div>
   <div class='ocr_carea' id='block_1_16' title="bbox 563 1394 2142 1473">
    <p class='ocr_par' dir='ltr' id='par_1_16' title="bbox 563 1394 2142 1473">
     <span class='ocr_line' id='line_1_16' title="bbox 563 1394 2142 1473; baseline 0.004 -21"><span class='ocrx_word' id='word_1_97' title='bbox 563 1407 719 1452; x_wconf 80' lang='lat' dir='ltr'><strong>cutus</strong></span> <span class='ocrx_word' id='word_1_98' title='bbox 747 1413 765 1451; x_wconf 90' lang='lat'><strong><em>:</em></strong></span> <span class='ocrx_word' id='word_1_99' title='bbox 795 1395 909 1467; x_wconf 88' lang='lat' dir='ltr'><strong>Ego</strong></span> <span class='ocrx_word' id='word_1_100' title='bbox 933 1396 1070 1449; x_wconf 85' lang='lat' dir='ltr'><strong>idem</strong></span> <span class='ocrx_word' id='word_1_101' title='bbox 1100 1412 1217 1450; x_wconf 83' lang='lat' dir='ltr'><strong>sum</strong></span> <span class='ocrx_word' id='word_1_102' title='bbox 1262 1413 1323 1449; x_wconf 88' lang='lat' dir='ltr'><strong>ac</strong></span> <span class='ocrx_word' id='word_1_103' title='bbox 1360 1406 1437 1459; x_wconf 89' lang='lat' dir='ltr'><strong>tu,</strong></span> <span class='ocrx_word' id='word_1_104' title='bbox 1475 1407 1524 1451; x_wconf 84' lang='lat' dir='ltr'><strong>et</strong></span> <span class='ocrx_word' id='word_1_105' title='bbox 1566 1408 1622 1452; x_wconf 87' lang='lat' dir='ltr'><strong>tu</strong></span> <span class='ocrx_word' id='word_1_106' title='bbox 1662 1401 1798 1455; x_wconf 87' lang='lat' dir='ltr'><strong>idem</strong></span> <span class='ocrx_word' id='word_1_107' title='bbox 1829 1394 1983 1473; x_wconf 80' lang='lat' dir='ltr'><strong>atque</strong></span> <span class='ocrx_word' id='word_1_108' title='bbox 2014 1422 2142 1472; x_wconf 85' lang='lat' dir='ltr'><strong>ego;</strong></span> 
     </span>
    </p>
   </div>
   <div class='ocr_carea' id='block_1_17' title="bbox 555 1488 2139 1561">
    <p class='ocr_par' dir='ltr' id='par_1_17' title="bbox 555 1488 2139 1561">
     <span class='ocr_line' id='line_1_17' title="bbox 555 1488 2139 1561; baseline 0.006 -18"><span class='ocrx_word' id='word_1_109' title='bbox 555 1500 607 1543; x_wconf 82' lang='lat' dir='ltr'><strong>et</strong></span> <span class='ocrx_word' id='word_1_110' title='bbox 633 1488 925 1559; x_wconf 83' lang='lat' dir='ltr'><strong>ubicunque</strong></span> <span class='ocrx_word' id='word_1_111' title='bbox 954 1498 1008 1541; x_wconf 89' lang='lat' dir='ltr'><strong>tu</strong></span> <span class='ocrx_word' id='word_1_112' title='bbox 1033 1505 1110 1551; x_wconf 84' lang='lat' dir='ltr'><strong>es,</strong></span> <span class='ocrx_word' id='word_1_113' title='bbox 1150 1490 1261 1543; x_wconf 81' lang='lat' dir='ltr'><strong>illic</strong></span> <span class='ocrx_word' id='word_1_114' title='bbox 1294 1506 1386 1561; x_wconf 88' lang='lat' dir='ltr'><strong>ego</strong></span> <span class='ocrx_word' id='word_1_115' title='bbox 1416 1508 1554 1556; x_wconf 80' lang='lat' dir='ltr'><strong>sum,</strong></span> <span class='ocrx_word' id='word_1_116' title='bbox 1599 1510 1661 1546; x_wconf 86' lang='lat' dir='ltr'><strong>ac</strong></span> <span class='ocrx_word' id='word_1_117' title='bbox 1693 1509 1785 1560; x_wconf 85' lang='lat' dir='ltr'><strong>per</strong></span> <span class='ocrx_word' id='word_1_118' title='bbox 1814 1498 1993 1551; x_wconf 88' lang='lat' dir='ltr'><strong>omnia</strong></span> <span class='ocrx_word' id='word_1_119' title='bbox 2024 1515 2139 1551; x_wconf 78' lang='lat' dir='ltr'><strong>sum</strong></span> 
     </span>
    </p>
   </div>
   <div class='ocr_carea' id='block_1_18' title="bbox 558 1578 2142 1657">
    <p class='ocr_par' dir='ltr' id='par_1_18' title="bbox 558 1578 2142 1657">
     <span class='ocr_line' id='line_1_18' title="bbox 558 1578 2142 1657; baseline 0.005 -23"><span class='ocrx_word' id='word_1_120' title='bbox 558 1582 852 1650; x_wconf 79' lang='lat' dir='ltr'><strong>dispersus.</strong></span> <span class='ocrx_word' id='word_1_121' title='bbox 898 1578 967 1633; x_wconf 86' lang='lat' dir='ltr'><strong>Et</strong></span> <span class='ocrx_word' id='word_1_122' title='bbox 1016 1580 1358 1651; x_wconf 83' lang='lat' dir='ltr'><strong>undecunque</strong></span> <span class='ocrx_word' id='word_1_123' title='bbox 1407 1582 1635 1637; x_wconf 83' lang='lat' dir='ltr'><strong>volueris</strong></span> <span class='ocrx_word' id='word_1_124' title='bbox 1676 1601 1755 1639; x_wconf 88' lang='lat' dir='ltr'><strong>me</strong></span> <span class='ocrx_word' id='word_1_125' title='bbox 1792 1586 2022 1657; x_wconf 84' lang='lat' dir='ltr'><strong>colligis,</strong></span> <span class='ocrx_word' id='word_1_126' title='bbox 2061 1606 2142 1642; x_wconf 88' lang='lat' dir='ltr'><strong>me</strong></span> 
     </span>
    </p>
   </div>
   <div class='ocr_carea' id='block_1_19' title="bbox 558 1671 2140 1744">
    <p class='ocr_par' dir='ltr' id='par_1_19' title="bbox 558 1671 2140 1744">
     <span class='ocr_line' id='line_1_19' title="bbox 558 1671 2140 1744; baseline 0.003 -16"><span class='ocrx_word' id='word_1_127' title='bbox 558 1690 679 1729; x_wconf 83' lang='lat' dir='ltr'><strong>vero</strong></span> <span class='ocrx_word' id='word_1_128' title='bbox 708 1671 1028 1743; x_wconf 82' lang='lat' dir='ltr'><strong>colligendo,</strong></span> <span class='ocrx_word' id='word_1_129' title='bbox 1063 1674 1395 1742; x_wconf 82' lang='lat' dir='ltr'><strong>temetipsum</strong></span> <span class='ocrx_word' id='word_1_130' title='bbox 1428 1675 1656 1744; x_wconf 81' lang='lat' dir='ltr'><strong>colligis.</strong></span> <span class='ocrx_word' id='word_1_131' title='bbox 1693 1676 1737 1731; x_wconf 93' lang='grc' dir='ltr'><strong>Ο</strong></span> <span class='ocrx_word' id='word_1_132' title='bbox 1769 1678 2078 1732; x_wconf 75' lang='lat' dir='ltr'><strong>doctrinam</strong></span> <span class='ocrx_word' id='word_1_133' title='bbox 2110 1695 2140 1734; x_wconf 87' lang='lat' dir='ltr'><strong>a</strong></span> 
     </span>
    </p>
   </div>
   <div class='ocr_carea' id='block_1_20' title="bbox 554 1764 2140 1837">
    <p class='ocr_par' dir='ltr' id='par_1_20' title="bbox 554 1764 2140 1837">
     <span class='ocr_line' id='line_1_20' title="bbox 554 1764 2140 1837; baseline 0.003 -15"><span class='ocrx_word' id='word_1_134' title='bbox 554 1766 898 1837; x_wconf 91' lang='lat' dir='ltr'><strong>nequissimo</strong></span> <span class='ocrx_word' id='word_1_135' title='bbox 927 1764 1174 1820; x_wconf 67' lang='lat' dir='ltr'><strong>daemone</strong></span> <span class='ocrx_word' id='word_1_136' title='bbox 1212 1765 1549 1837; x_wconf 90' lang='lat' dir='ltr'><strong>profectam!</strong></span> <span class='ocrx_word' id='word_1_137' title='bbox 1594 1768 1876 1825; x_wconf 90' lang='lat' dir='ltr'><strong>Undenam</strong></span> <span class='ocrx_word' id='word_1_138' title='bbox 1916 1772 2140 1828; x_wconf 87' lang='lat' dir='ltr'><strong>humani</strong></span> 
     </span>
    </p>
   </div>
   <div class='ocr_carea' id='block_1_21' title="bbox 554 1857 2141 1934">
    <p class='ocr_par' dir='ltr' id='par_1_21' title="bbox 554 1857 2141 1934">
     <span class='ocr_line' id='line_1_21' title="bbox 554 1857 2141 1934; baseline 0.004 -21"><span class='ocrx_word' id='word_1_139' title='bbox 554 1857 777 1929; x_wconf 77' lang='lat' dir='ltr'><strong>generis</strong></span> <span class='ocrx_word' id='word_1_140' title='bbox 805 1857 1027 1929; x_wconf 89' lang='lat' dir='ltr'><strong>ingenia</strong></span> <span class='ocrx_word' id='word_1_141' title='bbox 1052 1857 1343 1927; x_wconf 85' lang='lat' dir='ltr'><strong>pervertit,</strong></span> <span class='ocrx_word' id='word_1_142' title='bbox 1375 1866 1430 1913; x_wconf 93' lang='lat' dir='ltr'><strong>et</strong></span> <span class='ocrx_word' id='word_1_143' title='bbox 1457 1859 1523 1913; x_wconf 86' lang='lat' dir='ltr'><strong>ad</strong></span> <span class='ocrx_word' id='word_1_144' title='bbox 1549 1861 1773 1927; x_wconf 88' lang='lat' dir='ltr'><strong>stolida,</strong></span> <span class='ocrx_word' id='word_1_145' title='bbox 1804 1863 2141 1934; x_wconf 89' lang='lat' dir='ltr'><strong>minimeque</strong></span> 
     </span>
    </p>
   </div>
   <div class='ocr_carea' id='block_1_22' title="bbox 555 1949 2139 2028">
    <p class='ocr_par' dir='ltr' id='par_1_22' title="bbox 555 1949 2139 2028">
     <span class='ocr_line' id='line_1_22' title="bbox 555 1949 2139 2028; baseline 0.004 -25"><span class='ocrx_word' id='word_1_146' title='bbox 555 1958 930 2006; x_wconf 90' lang='lat' dir='ltr'><strong>consentanea</strong></span> <span class='ocrx_word' id='word_1_147' title='bbox 965 1965 993 2003; x_wconf 90' lang='lat' dir='ltr'><strong>a</strong></span> <span class='ocrx_word' id='word_1_148' title='bbox 1029 1949 1200 2005; x_wconf 90' lang='lat' dir='ltr'><strong>verbo</strong></span> <span class='ocrx_word' id='word_1_149' title='bbox 1226 1951 1477 2007; x_wconf 81' lang='lat' dir='ltr'><strong>veritatis</strong></span> <span class='ocrx_word' id='word_1_150' title='bbox 1504 1952 1781 2028; x_wconf 66' lang='lat' dir='ltr'><strong>abripuit:</strong></span> <span class='ocrx_word' id='word_1_151' title='bbox 1806 1953 1954 2010; x_wconf 88' lang='lat' dir='ltr'><strong>Nihil</strong></span> <span class='ocrx_word' id='word_1_152' title='bbox 1992 1956 2139 2011; x_wconf 92' lang='lat' dir='ltr'><strong>enim</strong></span> 
     </span>
    </p>
   </div>
   <div class='ocr_carea' id='block_1_23' title="bbox 551 2040 2140 2118">
    <p class='ocr_par' dir='ltr' id='par_1_23' title="bbox 551 2040 2140 2118">
     <span class='ocr_line' id='line_1_23' title="bbox 551 2040 2140 2118; baseline 0.003 -21"><span class='ocrx_word' id='word_1_153' title='bbox 551 2040 955 2113; x_wconf 74' lang='lat' dir='ltr'><strong>propemodum</strong></span> <span class='ocrx_word' id='word_1_154' title='bbox 982 2042 1054 2105; x_wconf 86' lang='lat' dir='ltr'><strong>ei,</strong></span> <span class='ocrx_word' id='word_1_155' title='bbox 1079 2042 1175 2111; x_wconf 90' lang='lat' dir='ltr'><strong>qui</strong></span> <span class='ocrx_word' id='word_1_156' title='bbox 1208 2049 1391 2097; x_wconf 90' lang='lat' dir='ltr'><strong>mente</strong></span> <span class='ocrx_word' id='word_1_157' title='bbox 1422 2051 1585 2114; x_wconf 91' lang='lat' dir='ltr'><strong>atque</strong></span> <span class='ocrx_word' id='word_1_158' title='bbox 1612 2044 1904 2114; x_wconf 89' lang='lat' dir='ltr'><strong>prudentia</strong></span> <span class='ocrx_word' id='word_1_159' title='bbox 1940 2048 2140 2118; x_wconf 59' lang='lat' dir='ltr'><strong>pradi-</strong></span> 
     </span>
    </p>
   </div>
   <div class='ocr_carea' id='block_1_24' title="bbox 554 2133 2138 2203">
    <p class='ocr_par' dir='ltr' id='par_1_24' title="bbox 554 2133 2138 2203">
     <span class='ocr_line' id='line_1_24' title="bbox 554 2133 2138 2203; baseline 0.003 -15"><span class='ocrx_word' id='word_1_160' title='bbox 554 2142 647 2190; x_wconf 90' lang='lat' dir='ltr'><strong>tus</strong></span> <span class='ocrx_word' id='word_1_161' title='bbox 669 2142 776 2196; x_wconf 89' lang='lat' dir='ltr'><strong>est,</strong></span> <span class='ocrx_word' id='word_1_162' title='bbox 808 2133 1096 2203; x_wconf 90' lang='lat' dir='ltr'><strong>Scriptura</strong></span> <span class='ocrx_word' id='word_1_163' title='bbox 1128 2133 1212 2189; x_wconf 90' lang='lat' dir='ltr'><strong>vel</strong></span> <span class='ocrx_word' id='word_1_164' title='bbox 1239 2134 1531 2203; x_wconf 80' lang='lat' dir='ltr'><strong>exemplis,</strong></span> <span class='ocrx_word' id='word_1_165' title='bbox 1564 2145 1658 2189; x_wconf 90' lang='lat' dir='ltr'><strong>aut</strong></span> <span class='ocrx_word' id='word_1_166' title='bbox 1682 2137 1793 2190; x_wconf 91' lang='lat' dir='ltr'><strong>ulla</strong></span> <span class='ocrx_word' id='word_1_167' title='bbox 1825 2152 1886 2193; x_wconf 89' lang='lat' dir='ltr'><strong>re</strong></span> <span class='ocrx_word' id='word_1_168' title='bbox 1911 2139 2040 2203; x_wconf 88' lang='lat' dir='ltr'><strong>alia,</strong></span> <span class='ocrx_word' id='word_1_169' title='bbox 2071 2138 2138 2192; x_wconf 88' lang='lat' dir='ltr'><strong>ad</strong></span> 
     </span>
    </p>
   </div>
   <div class='ocr_carea' id='block_1_25' title="bbox 553 2222 2139 2295">
    <p class='ocr_par' dir='ltr' id='par_1_25' title="bbox 553 2222 2139 2295">
     <span class='ocr_line' id='line_1_25' title="bbox 553 2222 2139 2295; baseline 0.003 -18"><span class='ocrx_word' id='word_1_170' title='bbox 553 2237 652 2279; x_wconf 83' lang='lat' dir='ltr'><strong>eos</strong></span> <span class='ocrx_word' id='word_1_171' title='bbox 679 2222 1012 2278; x_wconf 86' lang='lat' dir='ltr'><strong>refellendos</strong></span> <span class='ocrx_word' id='word_1_172' title='bbox 1050 2222 1124 2275; x_wconf 92' lang='lat' dir='ltr'><strong>uti</strong></span> <span class='ocrx_word' id='word_1_173' title='bbox 1158 2236 1388 2278; x_wconf 90' lang='lat' dir='ltr'><strong>necesse</strong></span> <span class='ocrx_word' id='word_1_174' title='bbox 1417 2230 1523 2278; x_wconf 89' lang='lat' dir='ltr'><strong>est.</strong></span> <span class='ocrx_word' id='word_1_175' title='bbox 1561 2222 1843 2295; x_wconf 86' lang='lat' dir='ltr'><strong>Siquidem</strong></span> <span class='ocrx_word' id='word_1_176' title='bbox 1873 2236 2023 2283; x_wconf 85' lang='lat' dir='ltr'><strong>recta</strong></span> <span class='ocrx_word' id='word_1_177' title='bbox 2047 2243 2139 2282; x_wconf 83' lang='lat' dir='ltr'><strong>ra-</strong></span> 
     </span>
    </p>
   </div>
   <div class='ocr_carea' id='block_1_26' title="bbox 553 2313 2140 2374">
    <p class='ocr_par' dir='ltr' id='par_1_26' title="bbox 553 2313 2140 2374">
     <span class='ocr_line' id='line_1_26' title="bbox 553 2313 2140 2374; baseline 0.004 -7"><span class='ocrx_word' id='word_1_178' title='bbox 553 2315 632 2369; x_wconf 86' lang='lat' dir='ltr'><strong>tio</strong></span> <span class='ocrx_word' id='word_1_179' title='bbox 668 2313 901 2369; x_wconf 89' lang='lat' dir='ltr'><strong>stolidas</strong></span> <span class='ocrx_word' id='word_1_180' title='bbox 935 2313 1156 2368; x_wconf 91' lang='lat' dir='ltr'><strong>illorum</strong></span> <span class='ocrx_word' id='word_1_181' title='bbox 1189 2314 1404 2369; x_wconf 88' lang='lat' dir='ltr'><strong>fabulas</strong></span> <span class='ocrx_word' id='word_1_182' title='bbox 1432 2323 1490 2374; x_wconf 63' lang='lat' dir='ltr'><strong>et</strong></span> <span class='ocrx_word' id='word_1_183' title='bbox 1518 2314 1915 2372; x_wconf 88' lang='lat' dir='ltr'><strong>adulteriorum</strong></span> <span class='ocrx_word' id='word_1_184' title='bbox 1948 2333 2012 2374; x_wconf 90' lang='lat' dir='ltr'><strong>ac</strong></span> <span class='ocrx_word' id='word_1_185' title='bbox 2044 2319 2140 2373; x_wconf 83' lang='lat' dir='ltr'><strong>lla-</strong></span> 
     </span>
    </p>
   </div>
   <div class='ocr_carea' id='block_1_27' title="bbox 552 2405 2139 2480">
    <p class='ocr_par' dir='ltr' id='par_1_27' title="bbox 552 2405 2139 2480">
     <span class='ocr_line' id='line_1_27' title="bbox 552 2405 2139 2480; baseline 0.003 -19"><span class='ocrx_word' id='word_1_186' title='bbox 552 2408 812 2479; x_wconf 84' lang='lat' dir='ltr'><strong>gitiorum</strong></span> <span class='ocrx_word' id='word_1_187' title='bbox 842 2405 1099 2462; x_wconf 84' lang='lat' dir='ltr'><strong>libidines</strong></span> <span class='ocrx_word' id='word_1_188' title='bbox 1134 2406 1291 2462; x_wconf 82' lang='lat' dir='ltr'><strong>facile</strong></span> <span class='ocrx_word' id='word_1_189' title='bbox 1323 2423 1421 2478; x_wconf 90' lang='lat' dir='ltr'><strong>per</strong></span> <span class='ocrx_word' id='word_1_190' title='bbox 1446 2423 1504 2463; x_wconf 90' lang='lat' dir='ltr'><strong>se</strong></span> <span class='ocrx_word' id='word_1_191' title='bbox 1537 2410 1654 2479; x_wconf 89' lang='lat' dir='ltr'><strong>ipsa</strong></span> <span class='ocrx_word' id='word_1_192' title='bbox 1685 2409 1979 2480; x_wconf 89' lang='lat' dir='ltr'><strong>dignoscit.</strong></span> <span class='ocrx_word' id='word_1_193' title='bbox 2013 2410 2139 2467; x_wconf 68' lang='lat' dir='ltr'><strong>llzec</strong></span> 
     </span>
    </p>
   </div>
   <div class='ocr_carea' id='block_1_28' title="bbox 551 2498 2137 2573">
    <p class='ocr_par' dir='ltr' id='par_1_28' title="bbox 551 2498 2137 2573">
     <span class='ocr_line' id='line_1_28' title="bbox 551 2498 2137 2573; baseline 0.004 -21"><span class='ocrx_word' id='word_1_194' title='bbox 551 2499 721 2569; x_wconf 80' lang='lat' dir='ltr'><strong>igitur</strong></span> <span class='ocrx_word' id='word_1_195' title='bbox 748 2507 913 2568; x_wconf 85' lang='lat' dir='ltr'><strong>atque</strong></span> <span class='ocrx_word' id='word_1_196' title='bbox 940 2498 1027 2553; x_wconf 89' lang='lat' dir='ltr'><strong>bis</strong></span> <span class='ocrx_word' id='word_1_197' title='bbox 1046 2498 1247 2552; x_wconf 88' lang='lat' dir='ltr'><strong>similia</strong></span> <span class='ocrx_word' id='word_1_198' title='bbox 1269 2502 1565 2555; x_wconf 89' lang='lat' dir='ltr'><strong>commenti</strong></span> <span class='ocrx_word' id='word_1_199' title='bbox 1593 2500 1862 2567; x_wconf 89' lang='lat' dir='ltr'><strong>Gnostici,</strong></span> <span class='ocrx_word' id='word_1_200' title='bbox 1891 2503 1983 2573; x_wconf 93' lang='lat' dir='ltr'><strong>qui</strong></span> <span class='ocrx_word' id='word_1_201' title='bbox 2012 2520 2137 2558; x_wconf 89' lang='lat' dir='ltr'><strong>cum</strong></span> 
     </span>
    </p>
   </div>
   <div class='ocr_carea' id='block_1_29' title="bbox 551 2588 2135 2663">
    <p class='ocr_par' dir='ltr' id='par_1_29' title="bbox 551 2588 2135 2663">
     <span class='ocr_line' id='line_1_29' title="bbox 551 2588 2135 2663; baseline 0.003 -20"><span class='ocrx_word' id='word_1_202' title='bbox 551 2588 763 2644; x_wconf 80' lang='lat' dir='ltr'><strong>Nicolai</strong></span> <span class='ocrx_word' id='word_1_203' title='bbox 798 2599 948 2645; x_wconf 88' lang='lat' dir='ltr'><strong>secta</strong></span> <span class='ocrx_word' id='word_1_204' title='bbox 975 2590 1258 2659; x_wconf 68' lang='lat' dir='ltr'><strong>conjuncti</strong></span> <span class='ocrx_word' id='word_1_205' title='bbox 1291 2600 1419 2645; x_wconf 87' lang='lat' dir='ltr'><strong>sunt</strong></span> <span class='ocrx_word' id='word_1_206' title='bbox 1453 2607 1483 2645; x_wconf 87' lang='lat' dir='ltr'><strong>a</strong></span> <span class='ocrx_word' id='word_1_207' title='bbox 1508 2593 1740 2649; x_wconf 85' lang='lat' dir='ltr'><strong>veritate</strong></span> <span class='ocrx_word' id='word_1_208' title='bbox 1772 2594 2135 2663; x_wconf 81' lang='lat' dir='ltr'><strong>exciderunt;</strong></span> 
     </span>
    </p>
   </div>
   <div class='ocr_carea' id='block_1_30' title="bbox 552 2682 2135 2757">
    <p class='ocr_par' dir='ltr' id='par_1_30' title="bbox 552 2682 2135 2757">
     <span class='ocr_line' id='line_1_30' title="bbox 552 2682 2135 2757; baseline 0.001 -18"><span class='ocrx_word' id='word_1_209' title='bbox 552 2699 655 2739; x_wconf 89' lang='lat' dir='ltr'><strong>nec</strong></span> <span class='ocrx_word' id='word_1_210' title='bbox 684 2698 877 2738; x_wconf 88' lang='lat' dir='ltr'><strong>eorum</strong></span> <span class='ocrx_word' id='word_1_211' title='bbox 903 2682 1193 2749; x_wconf 85' lang='lat' dir='ltr'><strong>duntaxat,</strong></span> <span class='ocrx_word' id='word_1_212' title='bbox 1221 2685 1422 2755; x_wconf 88' lang='lat' dir='ltr'><strong>quibus</strong></span> <span class='ocrx_word' id='word_1_213' title='bbox 1454 2702 1697 2741; x_wconf 87' lang='lat' dir='ltr'><strong>errorem</strong></span> <span class='ocrx_word' id='word_1_214' title='bbox 1722 2697 2135 2757; x_wconf 90' lang='lat' dir='ltr'><strong>persuaserunt,</strong></span> 
     </span>
    </p>
   </div>
   <div class='ocr_carea' id='block_1_31' title="bbox 548 2774 2138 2850">
    <p class='ocr_par' dir='ltr' id='par_1_31' title="bbox 548 2774 2138 2850">
     <span class='ocr_line' id='line_1_31' title="bbox 548 2774 2138 2850; baseline 0.003 -20"><span class='ocrx_word' id='word_1_215' title='bbox 548 2774 924 2847; x_wconf 86' lang='lat' dir='ltr'><strong>depravarunt</strong></span> <span class='ocrx_word' id='word_1_216' title='bbox 978 2776 1235 2847; x_wconf 88' lang='lat' dir='ltr'><strong>ingenia;</strong></span> <span class='ocrx_word' id='word_1_217' title='bbox 1287 2776 1385 2832; x_wconf 90' lang='lat' dir='ltr'><strong>sed</strong></span> <span class='ocrx_word' id='word_1_218' title='bbox 1439 2787 1493 2833; x_wconf 91' lang='lat' dir='ltr'><strong>et</strong></span> <span class='ocrx_word' id='word_1_219' title='bbox 1537 2778 1752 2834; x_wconf 90' lang='lat' dir='ltr'><strong>animos</strong></span> <span class='ocrx_word' id='word_1_220' title='bbox 1796 2793 2138 2850; x_wconf 88' lang='lat' dir='ltr'><strong>corporaque</strong></span> 
     </span>
    </p>
   </div>
   <div class='ocr_carea' id='block_1_32' title="bbox 550 2868 2137 2940">
    <p class='ocr_par' dir='ltr' id='par_1_32' title="bbox 550 2868 2137 2940">
     <span class='ocr_line' id='line_1_32' title="bbox 550 2868 2137 2940; baseline 0.003 -18"><span class='ocrx_word' id='word_1_221' title='bbox 550 2869 756 2940; x_wconf 84' lang='lat' dir='ltr'><strong>pariter</strong></span> <span class='ocrx_word' id='word_1_222' title='bbox 785 2868 1068 2925; x_wconf 83' lang='lat' dir='ltr'><strong>adulteriis</strong></span> <span class='ocrx_word' id='word_1_223' title='bbox 1099 2884 1164 2923; x_wconf 87' lang='lat' dir='ltr'><strong>ac</strong></span> <span class='ocrx_word' id='word_1_224' title='bbox 1198 2870 1525 2939; x_wconf 63' lang='lat' dir='ltr'><strong>promiscua}</strong></span> <span class='ocrx_word' id='word_1_225' title='bbox 1553 2870 1768 2926; x_wconf 90' lang='lat' dir='ltr'><strong>libidini</strong></span> <span class='ocrx_word' id='word_1_226' title='bbox 1799 2872 2052 2927; x_wconf 79' lang='lat' dir='ltr'><strong>servilem</strong></span> <span class='ocrx_word' id='word_1_227' title='bbox 2079 2873 2137 2927; x_wconf 88' lang='lat' dir='ltr'><strong>in</strong></span> 
     </span>
    </p>
   </div>
   <div class='ocr_carea' id='block_1_33' title="bbox 548 2960 2136 3034">
    <p class='ocr_par' dir='ltr' id='par_1_33' title="bbox 548 2960 2136 3034">
     <span class='ocr_line' id='line_1_33' title="bbox 548 2960 2136 3034; baseline 0.004 -21"><span class='ocrx_word' id='word_1_228' title='bbox 548 2960 775 3015; x_wconf 86' lang='lat' dir='ltr'><strong>modum</strong></span> <span class='ocrx_word' id='word_1_229' title='bbox 823 2960 1193 3031; x_wconf 70' lang='lat' dir='ltr'><strong>subiecerunt.</strong></span> <span class='ocrx_word' id='word_1_230' title='bbox 1238 2962 1453 3016; x_wconf 88' lang='lat' dir='ltr'><strong>Etenim</strong></span> <span class='ocrx_word' id='word_1_231' title='bbox 1485 2977 1615 3018; x_wconf 92' lang='lat' dir='ltr'><strong>suos</strong></span> <span class='ocrx_word' id='word_1_232' title='bbox 1651 2963 1801 3034; x_wconf 89' lang='lat' dir='ltr'><strong>ipsos</strong></span> <span class='ocrx_word' id='word_1_233' title='bbox 1832 2973 2136 3020; x_wconf 90' lang='lat' dir='ltr'><strong>conventus</strong></span> 
     </span>
    </p>
   </div>
   <div class='ocr_carea' id='block_1_34' title="bbox 550 3051 2139 3123">
    <p class='ocr_par' dir='ltr' id='par_1_34' title="bbox 550 3051 2139 3123">
     <span class='ocr_line' id='line_1_34' title="bbox 550 3051 2139 3123; baseline 0.002 -16"><span class='ocrx_word' id='word_1_234' title='bbox 550 3051 872 3123; x_wconf 86' lang='lat' dir='ltr'><strong>multiplicis</strong></span> <span class='ocrx_word' id='word_1_235' title='bbox 909 3067 972 3106; x_wconf 89' lang='lat' dir='ltr'><strong>ac</strong></span> <span class='ocrx_word' id='word_1_236' title='bbox 1010 3053 1312 3123; x_wconf 89' lang='lat' dir='ltr'><strong>promiscui</strong></span> <span class='ocrx_word' id='word_1_237' title='bbox 1352 3055 1683 3109; x_wconf 89' lang='lat' dir='ltr'><strong>concubitus</strong></span> <span class='ocrx_word' id='word_1_238' title='bbox 1730 3056 1974 3111; x_wconf 72' lang='lat' dir='ltr'><strong>fwditate</strong></span> <span class='ocrx_word' id='word_1_239' title='bbox 2012 3072 2139 3111; x_wconf 90' lang='lat' dir='ltr'><strong>con-</strong></span> 
     </span>
    </p>
   </div>
   <div class='ocr_carea' id='block_1_35' title="bbox 548 3142 2133 3217">
    <p class='ocr_par' dir='ltr' id='par_1_35' title="bbox 548 3142 2133 3217">
     <span class='ocr_line' id='line_1_35' title="bbox 548 3142 2133 3217; baseline 0.003 -20"><span class='ocrx_word' id='word_1_240' title='bbox 548 3143 856 3210; x_wconf 89' lang='lat' dir='ltr'><strong>taminant;</strong></span> <span class='ocrx_word' id='word_1_241' title='bbox 905 3143 997 3198; x_wconf 92' lang='lat' dir='ltr'><strong>ubi</strong></span> <span class='ocrx_word' id='word_1_242' title='bbox 1031 3152 1087 3198; x_wconf 89' lang='lat' dir='ltr'><strong>et</strong></span> <span class='ocrx_word' id='word_1_243' title='bbox 1128 3142 1385 3199; x_wconf 87' lang='lat' dir='ltr'><strong>humanis</strong></span> <span class='ocrx_word' id='word_1_244' title='bbox 1432 3144 1717 3211; x_wconf 88' lang='lat' dir='ltr'><strong>carnibus,</strong></span> <span class='ocrx_word' id='word_1_245' title='bbox 1774 3156 1825 3201; x_wconf 89' lang='lat' dir='ltr'><strong>et</strong></span> <span class='ocrx_word' id='word_1_246' title='bbox 1873 3148 2133 3217; x_wconf 85' lang='lat' dir='ltr'><strong>turpissi-</strong></span> 
     </span>
    </p>
   </div>
   <div class='ocr_carea' id='block_1_36' title="bbox 547 3234 2133 3300">
    <p class='ocr_par' dir='ltr' id='par_1_36' title="bbox 547 3234 2133 3300">
     <span class='ocr_line' id='line_1_36' title="bbox 547 3234 2133 3300; baseline 0.003 -11"><span class='ocrx_word' id='word_1_247' title='bbox 547 3235 655 3290; x_wconf 84' lang='lat' dir='ltr'><strong>mis</strong></span> <span class='ocrx_word' id='word_1_248' title='bbox 688 3234 947 3289; x_wconf 86' lang='lat' dir='ltr'><strong>sordibus</strong></span> <span class='ocrx_word' id='word_1_249' title='bbox 994 3242 1316 3288; x_wconf 89' lang='lat' dir='ltr'><strong>vescuntur.</strong></span> <span class='ocrx_word' id='word_1_250' title='bbox 1376 3234 1508 3300; x_wconf 62' lang='lat' dir='ltr'><strong>Quae</strong></span> <span class='ocrx_word' id='word_1_251' title='bbox 1537 3238 1762 3292; x_wconf 89' lang='lat' dir='ltr'><strong>omnino</strong></span> <span class='ocrx_word' id='word_1_252' title='bbox 1796 3252 2133 3294; x_wconf 84' lang='lat' dir='ltr'><strong>commemo-</strong></span> 
     </span>
    </p>
   </div>
   <div class='ocr_carea' id='block_1_37' title="bbox 545 3325 2132 3396">
    <p class='ocr_par' dir='ltr' id='par_1_37' title="bbox 545 3325 2132 3396">
     <span class='ocr_line' id='line_1_37' title="bbox 545 3325 2132 3396; baseline 0.005 -17"><span class='ocrx_word' id='word_1_253' title='bbox 545 3339 673 3380; x_wconf 88' lang='lat' dir='ltr'><strong>rare</strong></span> <span class='ocrx_word' id='word_1_254' title='bbox 722 3340 833 3379; x_wconf 89' lang='lat' dir='ltr'><strong>non</strong></span> <span class='ocrx_word' id='word_1_255' title='bbox 886 3325 1083 3393; x_wconf 88' lang='lat' dir='ltr'><strong>audeo,</strong></span> <span class='ocrx_word' id='word_1_256' title='bbox 1125 3327 1233 3380; x_wconf 89' lang='lat' dir='ltr'><strong>nisi</strong></span> <span class='ocrx_word' id='word_1_257' title='bbox 1278 3341 1363 3381; x_wconf 88' lang='lat' dir='ltr'><strong>me</strong></span> <span class='ocrx_word' id='word_1_258' title='bbox 1407 3327 1591 3396; x_wconf 89' lang='lat' dir='ltr'><strong>aliqua</strong></span> <span class='ocrx_word' id='word_1_259' title='bbox 1644 3327 1883 3385; x_wconf 79' lang='lat' dir='ltr'><strong>fortasse</strong></span> <span class='ocrx_word' id='word_1_260' title='bbox 1934 3345 2132 3387; x_wconf 92' lang='lat' dir='ltr'><strong>neces-</strong></span> 
     </span>
    </p>
   </div>
   <div class='ocr_carea' id='block_1_38' title="bbox 549 3415 2132 3486">
    <p class='ocr_par' dir='ltr' id='par_1_38' title="bbox 549 3415 2132 3486">
     <span class='ocr_line' id='line_1_38' title="bbox 549 3415 2132 3486; baseline 0.004 -15"><span class='ocrx_word' id='word_1_261' title='bbox 549 3415 687 3471; x_wconf 85' lang='lat' dir='ltr'><strong>sitas</strong></span> <span class='ocrx_word' id='word_1_262' title='bbox 740 3416 1021 3486; x_wconf 85' lang='lat' dir='ltr'><strong>impulerit</strong></span> <span class='ocrx_word' id='word_1_263' title='bbox 1068 3432 1082 3472; x_wconf 91' lang='lat'><strong>:</strong></span> <span class='ocrx_word' id='word_1_264' title='bbox 1142 3417 1217 3469; x_wconf 87' lang='lat' dir='ltr'><strong>ita</strong></span> <span class='ocrx_word' id='word_1_265' title='bbox 1280 3431 1368 3471; x_wconf 90' lang='lat' dir='ltr'><strong>me</strong></span> <span class='ocrx_word' id='word_1_266' title='bbox 1437 3419 1606 3472; x_wconf 87' lang='lat' dir='ltr'><strong>animi</strong></span> <span class='ocrx_word' id='word_1_267' title='bbox 1665 3420 1771 3475; x_wconf 88' lang='lat' dir='ltr'><strong>mei</strong></span> <span class='ocrx_word' id='word_1_268' title='bbox 1833 3420 2132 3478; x_wconf 85' lang='lat' dir='ltr'><strong>vehemens</strong></span> 
     </span>
    </p>
   </div>
   <div class='ocr_carea' id='block_1_39' title="bbox 549 3509 2131 3584">
    <p class='ocr_par' dir='ltr' id='par_1_39' title="bbox 549 3509 2131 3584">
     <span class='ocr_line' id='line_1_39' title="bbox 549 3509 2131 3584; baseline 0.003 -20"><span class='ocrx_word' id='word_1_269' title='bbox 549 3509 773 3580; x_wconf 79' lang='lat' dir='ltr'><strong>quidam</strong></span> <span class='ocrx_word' id='word_1_270' title='bbox 808 3509 967 3564; x_wconf 92' lang='lat' dir='ltr'><strong>dolor</strong></span> <span class='ocrx_word' id='word_1_271' title='bbox 993 3509 1065 3564; x_wconf 92' lang='lat' dir='ltr'><strong>ob</strong></span> <span class='ocrx_word' id='word_1_272' title='bbox 1087 3524 1150 3564; x_wconf 89' lang='lat' dir='ltr'><strong>ea</strong></span> <span class='ocrx_word' id='word_1_273' title='bbox 1183 3524 1306 3580; x_wconf 74' lang='lat' dir='ltr'><strong>qua:</strong></span> <span class='ocrx_word' id='word_1_274' title='bbox 1344 3510 1435 3565; x_wconf 90' lang='lat' dir='ltr'><strong>isti</strong></span> <span class='ocrx_word' id='word_1_275' title='bbox 1473 3526 1756 3583; x_wconf 88' lang='lat' dir='ltr'><strong>perperam</strong></span> <span class='ocrx_word' id='word_1_276' title='bbox 1782 3522 1981 3584; x_wconf 88' lang='lat' dir='ltr'><strong>gerunt</strong></span> <span class='ocrx_word' id='word_1_277' title='bbox 2010 3523 2131 3569; x_wconf 89' lang='lat' dir='ltr'><strong>stu-</strong></span> 
     </span>
    </p>
   </div>
   <div class='ocr_carea' id='block_1_40' title="bbox 548 3602 2133 3676">
    <p class='ocr_par' dir='ltr' id='par_1_40' title="bbox 548 3602 2133 3676">
     <span class='ocr_line' id='line_1_40' title="bbox 548 3602 2133 3676; baseline 0.001 -17"><span class='ocrx_word' id='word_1_278' title='bbox 548 3619 682 3676; x_wconf 88' lang='lat' dir='ltr'><strong>pore</strong></span> <span class='ocrx_word' id='word_1_279' title='bbox 728 3602 967 3658; x_wconf 76' lang='lat' dir='ltr'><strong>defixum</strong></span> <span class='ocrx_word' id='word_1_280' title='bbox 1016 3602 1271 3669; x_wconf 85' lang='lat' dir='ltr'><strong>detinet,</strong></span> <span class='ocrx_word' id='word_1_281' title='bbox 1335 3602 1473 3658; x_wconf 83' lang='lat' dir='ltr'><strong>illud</strong></span> <span class='ocrx_word' id='word_1_282' title='bbox 1530 3619 1864 3674; x_wconf 78' lang='lat' dir='ltr'><strong>magnopere</strong></span> <span class='ocrx_word' id='word_1_283' title='bbox 1922 3606 2133 3660; x_wconf 89' lang='lat' dir='ltr'><strong>miran-</strong></span> 
     </span>
    </p>
   </div>
   <div class='ocr_carea' id='block_1_41' title="bbox 546 3694 2131 3766">
    <p class='ocr_par' dir='ltr' id='par_1_41' title="bbox 546 3694 2131 3766">
     <span class='ocr_line' id='line_1_41' title="bbox 546 3694 2131 3766; baseline 0.001 -18"><span class='ocrx_word' id='word_1_284' title='bbox 546 3703 679 3759; x_wconf 87' lang='lat' dir='ltr'><strong>tem,</strong></span> <span class='ocrx_word' id='word_1_285' title='bbox 715 3702 977 3765; x_wconf 89' lang='lat' dir='ltr'><strong>quantam</strong></span> <span class='ocrx_word' id='word_1_286' title='bbox 1012 3694 1068 3747; x_wconf 93' lang='lat' dir='ltr'><strong>in</strong></span> <span class='ocrx_word' id='word_1_287' title='bbox 1103 3694 1372 3747; x_wconf 89' lang='lat' dir='ltr'><strong>malorum</strong></span> <span class='ocrx_word' id='word_1_288' title='bbox 1406 3695 1754 3763; x_wconf 90' lang='lat' dir='ltr'><strong>gravitatem,</strong></span> <span class='ocrx_word' id='word_1_289' title='bbox 1804 3709 1870 3749; x_wconf 92' lang='lat' dir='ltr'><strong>ac</strong></span> <span class='ocrx_word' id='word_1_290' title='bbox 1902 3694 2131 3766; x_wconf 88' lang='lat' dir='ltr'><strong>profun-</strong></span> 
     </span>
    </p>
   </div>
   <div class='ocr_carea' id='block_1_42' title="bbox 547 3784 2129 3861">
    <p class='ocr_par' dir='ltr' id='par_1_42' title="bbox 547 3784 2129 3861">
     <span class='ocr_line' id='line_1_42' title="bbox 547 3784 2129 3861; baseline 0.001 -20"><span class='ocrx_word' id='word_1_291' title='bbox 547 3787 673 3841; x_wconf 86' lang='lat' dir='ltr'><strong>dam</strong></span> <span class='ocrx_word' id='word_1_292' title='bbox 722 3786 1040 3861; x_wconf 83' lang='lat' dir='ltr'><strong>voraginem</strong></span> <span class='ocrx_word' id='word_1_293' title='bbox 1088 3784 1338 3841; x_wconf 90' lang='lat' dir='ltr'><strong>diabolus</strong></span> <span class='ocrx_word' id='word_1_294' title='bbox 1393 3785 1518 3841; x_wconf 90' lang='lat' dir='ltr'><strong>illos</strong></span> <span class='ocrx_word' id='word_1_295' title='bbox 1552 3785 1829 3850; x_wconf 90' lang='lat' dir='ltr'><strong>immittat,</strong></span> <span class='ocrx_word' id='word_1_296' title='bbox 1869 3787 1984 3857; x_wconf 68' lang='lat' dir='ltr'><strong>vqui</strong></span> <span class='ocrx_word' id='word_1_297' title='bbox 2021 3787 2129 3842; x_wconf 88' lang='lat' dir='ltr'><strong>sibi</strong></span> 
     </span>
    </p>
   </div>
   <div class='ocr_carea' id='block_1_43' title="bbox 547 3875 2125 3944">
    <p class='ocr_par' dir='ltr' id='par_1_43' title="bbox 547 3875 2125 3944">
     <span class='ocr_line' id='line_1_43' title="bbox 547 3875 2125 3944; baseline -0.003 -11"><span class='ocrx_word' id='word_1_298' title='bbox 547 3878 755 3935; x_wconf 84' lang='lat' dir='ltr'><strong>fuerint</strong></span> <span class='ocrx_word' id='word_1_299' title='bbox 794 3876 1077 3943; x_wconf 89' lang='lat' dir='ltr'><strong>obsecuti;</strong></span> <span class='ocrx_word' id='word_1_300' title='bbox 1112 3875 1249 3930; x_wconf 88' lang='lat' dir='ltr'><strong>adeo</strong></span> <span class='ocrx_word' id='word_1_301' title='bbox 1281 3881 1341 3929; x_wconf 89' lang='lat' dir='ltr'><strong>ut</strong></span> <span class='ocrx_word' id='word_1_302' title='bbox 1380 3890 1572 3931; x_wconf 91' lang='lat' dir='ltr'><strong>eorum</strong></span> <span class='ocrx_word' id='word_1_303' title='bbox 1614 3883 1827 3930; x_wconf 86' lang='lat' dir='ltr'><strong>mentes</strong></span> <span class='ocrx_word' id='word_1_304' title='bbox 1852 3885 1908 3931; x_wconf 91' lang='lat' dir='ltr'><strong>et</strong></span> <span class='ocrx_word' id='word_1_305' title='bbox 1935 3877 2125 3944; x_wconf 90' lang='lat' dir='ltr'><strong>corda,</strong></span> 
     </span>
    </p>
   </div>
   <div class='ocr_carea' id='block_1_44' title="bbox 545 3969 2127 4039">
    <p class='ocr_par' dir='ltr' id='par_1_44' title="bbox 545 3969 2127 4039">
     <span class='ocr_line' id='line_1_44' title="bbox 545 3969 2127 4039; baseline 0.001 -15"><span class='ocrx_word' id='word_1_306' title='bbox 545 3985 781 4034; x_wconf 89' lang='lat' dir='ltr'><strong>manus,</strong></span> <span class='ocrx_word' id='word_1_307' title='bbox 834 3983 968 4035; x_wconf 91' lang='lat' dir='ltr'><strong>ora,</strong></span> <span class='ocrx_word' id='word_1_308' title='bbox 1029 3982 1375 4038; x_wconf 88' lang='lat' dir='ltr'><strong>corporaque</strong></span> <span class='ocrx_word' id='word_1_309' title='bbox 1436 3969 1645 4039; x_wconf 86' lang='lat' dir='ltr'><strong>pariter</strong></span> <span class='ocrx_word' id='word_1_310' title='bbox 1696 3978 1859 4039; x_wconf 91' lang='lat' dir='ltr'><strong>atque</strong></span> <span class='ocrx_word' id='word_1_311' title='bbox 1913 3970 2127 4025; x_wconf 88' lang='lat' dir='ltr'><strong>animos</strong></span> 
     </span>
    </p>
   </div>
   <div class='ocr_carea' id='block_1_45' title="bbox 543 4060 2128 4134">
    <p class='ocr_par' dir='ltr' id='par_1_45' title="bbox 543 4060 2128 4134">
     <span class='ocr_line' id='line_1_45' title="bbox 543 4060 2128 4134; baseline 0.001 -18"><span class='ocrx_word' id='word_1_312' title='bbox 543 4061 655 4134; x_wconf 69' lang='lat'><strong>85</strong></span> <span class='ocrx_word' id='word_1_313' title='bbox 682 4061 949 4132; x_wconf 91' lang='lat' dir='ltr'><strong>inquinet,</strong></span> <span class='ocrx_word' id='word_1_314' title='bbox 968 4075 1107 4131; x_wconf 89' lang='lat' dir='ltr'><strong>quos</strong></span> <span class='ocrx_word' id='word_1_315' title='bbox 1127 4060 1182 4115; x_wconf 88' lang='lat' dir='ltr'><strong>in</strong></span> <span class='ocrx_word' id='word_1_316' title='bbox 1202 4060 1368 4116; x_wconf 90' lang='lat' dir='ltr'><strong>tantis</strong></span> <span class='ocrx_word' id='word_1_317' title='bbox 1390 4060 1634 4117; x_wconf 84' lang='lat' dir='ltr'><strong>tenebris</strong></span> <span class='ocrx_word' id='word_1_318' title='bbox 1666 4062 1913 4117; x_wconf 90' lang='lat' dir='ltr'><strong>irretitos</strong></span> <span class='ocrx_word' id='word_1_319' title='bbox 1940 4069 2128 4119; x_wconf 86' lang='lat' dir='ltr'><strong>tenere</strong></span> 
     </span>
    </p>
   </div>
   <div class='ocr_carea' id='block_1_46' title="bbox 543 4152 2124 4226">
    <p class='ocr_par' dir='ltr' id='par_1_46' title="bbox 543 4152 2124 4226">
     <span class='ocr_line' id='line_1_46' title="bbox 543 4152 2124 4226; baseline 0.001 -17"><span class='ocrx_word' id='word_1_320' title='bbox 543 4155 807 4225; x_wconf 81' lang='lat' dir='ltr'><strong>potuerit.</strong></span> <span class='ocrx_word' id='word_1_321' title='bbox 844 4152 949 4208; x_wconf 84' lang='lat' dir='ltr'><strong>Sed</strong></span> <span class='ocrx_word' id='word_1_322' title='bbox 980 4152 1114 4207; x_wconf 91' lang='lat' dir='ltr'><strong>illud</strong></span> <span class='ocrx_word' id='word_1_323' title='bbox 1146 4168 1366 4216; x_wconf 88' lang='lat' dir='ltr'><strong>vereor,</strong></span> <span class='ocrx_word' id='word_1_324' title='bbox 1400 4168 1467 4208; x_wconf 93' lang='lat' dir='ltr'><strong>ne</strong></span> <span class='ocrx_word' id='word_1_325' title='bbox 1511 4153 1592 4209; x_wconf 91' lang='lat' dir='ltr'><strong>sic</strong></span> <span class='ocrx_word' id='word_1_326' title='bbox 1626 4162 1795 4209; x_wconf 90' lang='lat' dir='ltr'><strong>totam</strong></span> <span class='ocrx_word' id='word_1_327' title='bbox 1836 4155 1985 4209; x_wconf 90' lang='lat' dir='ltr'><strong>illam</strong></span> <span class='ocrx_word' id='word_1_328' title='bbox 2025 4172 2124 4226; x_wconf 90' lang='lat' dir='ltr'><strong>pe-</strong></span> 
     </span>
    </p>
   </div>
   <div class='ocr_carea' id='block_1_47' title="bbox 546 4248 2123 4320">
    <p class='ocr_par' dir='ltr' id='par_1_47' title="bbox 546 4248 2123 4320">
     <span class='ocr_line' id='line_1_47' title="bbox 546 4248 2123 4320; baseline 0.001 -16"><span class='ocrx_word' id='word_1_329' title='bbox 546 4248 917 4304; x_wconf 83' lang='lat' dir='ltr'><strong>stilentissimi</strong></span> <span class='ocrx_word' id='word_1_330' title='bbox 976 4248 1171 4303; x_wconf 85' lang='lat' dir='ltr'><strong>veneni</strong></span> <span class='ocrx_word' id='word_1_331' title='bbox 1227 4248 1336 4301; x_wconf 91' lang='lat' dir='ltr'><strong>vim</strong></span> <span class='ocrx_word' id='word_1_332' title='bbox 1388 4248 1547 4319; x_wconf 92' lang='lat' dir='ltr'><strong>quasi</strong></span> <span class='ocrx_word' id='word_1_333' title='bbox 1596 4249 1769 4319; x_wconf 85' lang='lat' dir='ltr'><strong>reguli</strong></span> <span class='ocrx_word' id='word_1_334' title='bbox 1830 4250 2123 4320; x_wconf 89' lang='lat' dir='ltr'><strong>cujusdam</strong></span> 
     </span>
    </p>
   </div>
   <div class='ocr_carea' id='block_1_48' title="bbox 543 4339 2124 4414">
    <p class='ocr_par' dir='ltr' id='par_1_48' title="bbox 543 4339 2124 4414">
     <span class='ocr_line' id='line_1_48' title="bbox 543 4339 2124 4414; baseline 0.001 -19"><span class='ocrx_word' id='word_1_335' title='bbox 543 4340 739 4397; x_wconf 89' lang='lat' dir='ltr'><strong>faciem</strong></span> <span class='ocrx_word' id='word_1_336' title='bbox 790 4340 1065 4410; x_wconf 84' lang='lat' dir='ltr'><strong>aperiens,</strong></span> <span class='ocrx_word' id='word_1_337' title='bbox 1111 4340 1186 4394; x_wconf 91' lang='lat' dir='ltr'><strong>ita</strong></span> <span class='ocrx_word' id='word_1_338' title='bbox 1242 4339 1513 4410; x_wconf 89' lang='lat' dir='ltr'><strong>detegam,</strong></span> <span class='ocrx_word' id='word_1_339' title='bbox 1557 4348 1617 4395; x_wconf 93' lang='lat' dir='ltr'><strong>ut</strong></span> <span class='ocrx_word' id='word_1_340' title='bbox 1664 4343 1730 4395; x_wconf 88' lang='lat' dir='ltr'><strong>ad</strong></span> <span class='ocrx_word' id='word_1_341' title='bbox 1776 4358 1968 4397; x_wconf 89' lang='lat' dir='ltr'><strong>eorum</strong></span> <span class='ocrx_word' id='word_1_342' title='bbox 2028 4344 2124 4414; x_wconf 94' lang='lat' dir='ltr'><strong>qui</strong></span> 
     </span>
    </p>
   </div>
   <div class='ocr_carea' id='block_1_49' title="bbox 542 4429 2124 4501">
    <p class='ocr_par' dir='ltr' id='par_1_49' title="bbox 542 4429 2124 4501">
     <span class='ocr_line' id='line_1_49' title="bbox 542 4429 2124 4501; baseline -0.001 -15"><span class='ocrx_word' id='word_1_343' title='bbox 542 4430 660 4486; x_wconf 73' lang='lat' dir='ltr'><strong>inec</strong></span> <span class='ocrx_word' id='word_1_344' title='bbox 688 4437 877 4486; x_wconf 90' lang='lat' dir='ltr'><strong>nostra</strong></span> <span class='ocrx_word' id='word_1_345' title='bbox 910 4430 1089 4500; x_wconf 85' lang='lat' dir='ltr'><strong>legent</strong></span> <span class='ocrx_word' id='word_1_346' title='bbox 1116 4429 1411 4499; x_wconf 90' lang='lat' dir='ltr'><strong>perniciem</strong></span> <span class='ocrx_word' id='word_1_347' title='bbox 1462 4430 1812 4501; x_wconf 81' lang='lat' dir='ltr'><strong>potiusquam</strong></span> <span class='ocrx_word' id='word_1_348' title='bbox 1846 4432 1914 4485; x_wconf 87' lang='lat' dir='ltr'><strong>ad</strong></span> <span class='ocrx_word' id='word_1_349' title='bbox 1937 4448 2124 4487; x_wconf 91' lang='lat' dir='ltr'><strong>emen-</strong></span> 
     </span>
    </p>
   </div>
   <div class='ocr_carea' id='block_1_50' title="bbox 2317 849 3827 923">
    <p class='ocr_par' dir='ltr' id='par_1_50' title="bbox 2317 849 3827 923">
     <span class='ocr_line' id='line_1_50' title="bbox 2317 849 3827 923; baseline 0.003 -22"><span class='ocrx_word' id='word_1_350' title='bbox 2317 849 2392 904; x_wconf 82' lang='lat' dir='ltr'><strong>I&quot;.</strong></span> <span class='ocrx_word' id='word_1_351' title='bbox 2467 850 2772 921; x_wconf 85' lang='grc' dir='ltr'>Ὀρμῶνται</span> <span class='ocrx_word' id='word_1_352' title='bbox 2822 851 2880 903; x_wconf 83' lang='grc' dir='ltr'><strong>δέ</strong></span> <span class='ocrx_word' id='word_1_353' title='bbox 2932 851 3039 904; x_wconf 75' lang='grc' dir='ltr'>ἀπὸ</span> <span class='ocrx_word' id='word_1_354' title='bbox 3092 850 3291 923; x_wconf 81' lang='grc' dir='ltr'>μωρῶν</span> <span class='ocrx_word' id='word_1_355' title='bbox 3354 851 3669 922; x_wconf 90' lang='grc' dir='ltr'>μαρτυριῶν</span> <span class='ocrx_word' id='word_1_356' title='bbox 3738 855 3827 907; x_wconf 69' lang='grc' dir='ltr'><strong>καὶ</strong></span> 
     </span>
    </p>
   </div>
   <div class='ocr_carea' id='block_1_51' title="bbox 2244 936 3829 1013">
    <p class='ocr_par' dir='ltr' id='par_1_51' title="bbox 2244 936 3829 1013">
     <span class='ocr_line' id='line_1_51' title="bbox 2244 936 3829 1013; baseline 0.001 -21"><span class='ocrx_word' id='word_1_357' title='bbox 2244 940 2518 994; x_wconf 85' lang='grc' dir='ltr'>όπτασιῶν</span> <span class='ocrx_word' id='word_1_358' title='bbox 2557 944 2614 995; x_wconf 86' lang='grc' dir='ltr'><strong>ἐν</strong></span> <span class='ocrx_word' id='word_1_359' title='bbox 2637 936 2681 1010; x_wconf 80' lang='grc' dir='ltr'>ᾧ</span> <span class='ocrx_word' id='word_1_360' title='bbox 2716 943 3033 1013; x_wconf 76' lang='grc' dir='ltr'>Εὐαγγελίῳ</span> <span class='ocrx_word' id='word_1_361' title='bbox 3064 942 3512 1011; x_wconf 88' lang='grc' dir='ltr'>ἐπαγγέλλονται.</span> <span class='ocrx_word' id='word_1_362' title='bbox 3557 944 3829 996; x_wconf 64' lang='grc' dir='ltr'>Φάσκουιί</span> 
     </span>
    </p>
   </div>
   <div class='ocr_carea' id='block_1_52' title="bbox 2245 1030 3820 1105">
    <p class='ocr_par' dir='ltr' id='par_1_52' title="bbox 2245 1030 3820 1105">
     <span class='ocr_line' id='line_1_52' title="bbox 2245 1030 3820 1105; baseline -0.001 -18"><span class='ocrx_word' id='word_1_363' title='bbox 2245 1034 2353 1105; x_wconf 78' lang='grc' dir='ltr'><strong>γὰρ</strong></span> <span class='ocrx_word' id='word_1_364' title='bbox 2379 1032 2570 1097; x_wconf 74' lang='grc' dir='ltr'>οὕτως,</span> <span class='ocrx_word' id='word_1_365' title='bbox 2607 1035 2687 1087; x_wconf 79' lang='grc' dir='ltr'><strong>ὅτι</strong></span> <span class='ocrx_word' id='word_1_366' title='bbox 2722 1036 2953 1102; x_wconf 79' lang='grc' dir='ltr'>Ἔστην</span> <span class='ocrx_word' id='word_1_367' title='bbox 2976 1034 3074 1088; x_wconf 75' lang='grc' dir='ltr'>ἐπὶ</span> <span class='ocrx_word' id='word_1_368' title='bbox 3108 1035 3279 1102; x_wconf 74' lang='grc' dir='ltr'>ὅρους</span> <span class='ocrx_word' id='word_1_369' title='bbox 3314 1034 3579 1102; x_wconf 67' lang='grc' dir='ltr'>ὑψηλοῦ,</span> <span class='ocrx_word' id='word_1_370' title='bbox 3611 1034 3709 1086; x_wconf 82' lang='grc' dir='ltr'><strong>καί</strong></span> <span class='ocrx_word' id='word_1_371' title='bbox 3750 1030 3820 1085; x_wconf 52' lang='grc' dir='ltr'><strong>εἴ.</strong></span> 
     </span>
    </p>
   </div>
   <div class='ocr_carea' id='block_1_53' title="bbox 2243 1124 3827 1197">
    <p class='ocr_par' dir='ltr' id='par_1_53' title="bbox 2243 1124 3827 1197">
     <span class='ocr_line' id='line_1_53' title="bbox 2243 1124 3827 1197; baseline 0.001 -20"><span class='ocrx_word' id='word_1_372' title='bbox 2243 1124 2353 1178; x_wconf 81' lang='grc' dir='ltr'>δον</span> <span class='ocrx_word' id='word_1_373' title='bbox 2382 1126 2695 1194; x_wconf 74' lang='grc' dir='ltr'>ἄνθρωπον</span> <span class='ocrx_word' id='word_1_374' title='bbox 2735 1127 2990 1197; x_wconf 78' lang='grc' dir='ltr'>μακρὸν,</span> <span class='ocrx_word' id='word_1_375' title='bbox 3038 1128 3133 1179; x_wconf 77' lang='grc' dir='ltr'>καὶ</span> <span class='ocrx_word' id='word_1_376' title='bbox 3168 1127 3363 1179; x_wconf 74' lang='grc' dir='ltr'><em>ἄλλον</em></span> <span class='ocrx_word' id='word_1_377' title='bbox 3395 1126 3653 1179; x_wconf 72' lang='grc' dir='ltr'>κολοϐόν</span> <span class='ocrx_word' id='word_1_378' title='bbox 3674 1142 3689 1155; x_wconf 77' lang='grc' dir='ltr'><strong>ο</strong></span> <span class='ocrx_word' id='word_1_379' title='bbox 3729 1126 3827 1178; x_wconf 75' lang='grc' dir='ltr'>καὶ</span> 
     </span>
    </p>
   </div>
   <div class='ocr_carea' id='block_1_54' title="bbox 2252 1216 3826 1288">
    <p class='ocr_par' dir='ltr' id='par_1_54' title="bbox 2252 1216 3826 1288">
     <span class='ocr_line' id='line_1_54' title="bbox 2252 1216 3826 1288; baseline 0 -19"><span class='ocrx_word' id='word_1_380' title='bbox 2252 1216 2492 1285; x_wconf 82' lang='grc' dir='ltr'>ἤκουσα</span> <span class='ocrx_word' id='word_1_381' title='bbox 2528 1217 2671 1271; x_wconf 75' lang='grc' dir='ltr'>ὡσεί</span> <span class='ocrx_word' id='word_1_382' title='bbox 2729 1218 2942 1288; x_wconf 68' lang='grc' dir='ltr'><em>φωνὴν</em></span> <span class='ocrx_word' id='word_1_383' title='bbox 2979 1218 3270 1285; x_wconf 75' lang='grc' dir='ltr'>βροντῆς,</span> <span class='ocrx_word' id='word_1_384' title='bbox 3317 1217 3417 1272; x_wconf 79' lang='grc' dir='ltr'>καὶ</span> <span class='ocrx_word' id='word_1_385' title='bbox 3457 1217 3682 1287; x_wconf 60' lang='lat' dir='ltr'><strong>lim-10a</strong></span> <span class='ocrx_word' id='word_1_386' title='bbox 3720 1216 3826 1270; x_wconf 79' lang='grc' dir='ltr'><strong>τοῦ</strong></span> 
     </span>
    </p>
   </div>
   <div class='ocr_carea' id='block_1_55' title="bbox 2244 1307 3816 1380">
    <p class='ocr_par' dir='ltr' id='par_1_55' title="bbox 2244 1307 3816 1380">
     <span class='ocr_line' id='line_1_55' title="bbox 2244 1307 3816 1380; baseline 0.001 -19"><span class='ocrx_word' id='word_1_387' title='bbox 2244 1308 2526 1373; x_wconf 72' lang='grc' dir='ltr'>ἀκοῦσαι,</span> <span class='ocrx_word' id='word_1_388' title='bbox 2593 1310 2693 1363; x_wconf 77' lang='grc' dir='ltr'>καὶ</span> <span class='ocrx_word' id='word_1_389' title='bbox 2750 1310 3020 1377; x_wconf 79' lang='grc' dir='ltr'>ἐλάλησε</span> <span class='ocrx_word' id='word_1_390' title='bbox 3069 1311 3220 1378; x_wconf 80' lang='grc' dir='ltr'>πρὸς</span> <span class='ocrx_word' id='word_1_391' title='bbox 3280 1311 3379 1380; x_wconf 75' lang='grc' dir='ltr'>μὲ,</span> <span class='ocrx_word' id='word_1_392' title='bbox 3439 1312 3539 1365; x_wconf 80' lang='grc' dir='ltr'>καὶ</span> <span class='ocrx_word' id='word_1_393' title='bbox 3607 1307 3816 1365; x_wconf 75' lang='grc' dir='ltr'>εἶπεν·</span> 
     </span>
    </p>
   </div>
   <div class='ocr_carea' id='block_1_56' title="bbox 2254 1396 3825 1471">
    <p class='ocr_par' dir='ltr' id='par_1_56' title="bbox 2254 1396 3825 1471">
     <span class='ocr_line' id='line_1_56' title="bbox 2254 1396 3825 1471; baseline 0.003 -21"><span class='ocrx_word' id='word_1_394' title='bbox 2254 1396 2406 1465; x_wconf 61' lang='grc' dir='ltr'><strong>Ἐγὼ</strong></span> <span class='ocrx_word' id='word_1_395' title='bbox 2433 1398 2535 1462; x_wconf 85' lang='grc' dir='ltr'>σὺ,</span> <span class='ocrx_word' id='word_1_396' title='bbox 2586 1400 2682 1452; x_wconf 79' lang='grc' dir='ltr'>καὶ</span> <span class='ocrx_word' id='word_1_397' title='bbox 2729 1398 2809 1452; x_wconf 84' lang='grc' dir='ltr'>σὺ</span> <span class='ocrx_word' id='word_1_398' title='bbox 2867 1400 2998 1469; x_wconf 77' lang='grc' dir='ltr'>ἐγώ.</span> <span class='ocrx_word' id='word_1_399' title='bbox 3049 1402 3160 1453; x_wconf 78' lang='grc' dir='ltr'><strong>Καὶ</strong></span> <span class='ocrx_word' id='word_1_400' title='bbox 3210 1400 3362 1455; x_wconf 81' lang='grc' dir='ltr'>ὅπου</span> <span class='ocrx_word' id='word_1_401' title='bbox 3402 1402 3511 1454; x_wconf 78' lang='grc' dir='ltr'><strong>ἐὰν</strong></span> <span class='ocrx_word' id='word_1_402' title='bbox 3575 1396 3671 1471; x_wconf 73' lang='grc' dir='ltr'><strong>ᾖς,</strong></span> <span class='ocrx_word' id='word_1_403' title='bbox 3712 1399 3825 1469; x_wconf 82' lang='grc' dir='ltr'><strong>ἐγὼ</strong></span> 
     </span>
    </p>
   </div>
   <div class='ocr_carea' id='block_1_57' title="bbox 2241 1489 3873 1562">
    <p class='ocr_par' dir='ltr' id='par_1_57' title="bbox 2241 1489 3873 1562">
     <span class='ocr_line' id='line_1_57' title="bbox 2241 1489 3873 1562; baseline 0.001 -20"><span class='ocrx_word' id='word_1_404' title='bbox 2241 1489 2520 1558; x_wconf 81' lang='grc' dir='ltr'>ἐκεῖεὶμι,</span> <span class='ocrx_word' id='word_1_405' title='bbox 2568 1492 2665 1544; x_wconf 78' lang='grc' dir='ltr'>καὶ</span> <span class='ocrx_word' id='word_1_406' title='bbox 2706 1491 2776 1544; x_wconf 74' lang='grc' dir='ltr'>ἐν</span> <span class='ocrx_word' id='word_1_407' title='bbox 2822 1493 3055 1546; x_wconf 79' lang='grc' dir='ltr'>ἅπασίν</span> <span class='ocrx_word' id='word_1_408' title='bbox 3105 1496 3222 1562; x_wconf 74' lang='grc' dir='ltr'>εἰμι</span> <span class='ocrx_word' id='word_1_409' title='bbox 3276 1492 3671 1561; x_wconf 75' lang='grc' dir='ltr'><strong>ἐσπαρμένος.</strong></span> <span class='ocrx_word' id='word_1_410' title='bbox 3714 1492 3825 1545; x_wconf 77' lang='lat' dir='ltr'><strong>Kal</strong></span> <span class='ocrx_word' id='word_1_411' title='bbox 3862 1532 3873 1539; x_wconf 94' lang='lat'><strong>.</strong></span> 
     </span>
    </p>
   </div>
   <div class='ocr_carea' id='block_1_58' title="bbox 2243 1582 3823 1655">
    <p class='ocr_par' dir='ltr' id='par_1_58' title="bbox 2243 1582 3823 1655">
     <span class='ocr_line' id='line_1_58' title="bbox 2243 1582 3823 1655; baseline 0.002 -20"><span class='ocrx_word' id='word_1_412' title='bbox 2243 1582 2383 1635; x_wconf 72' lang='grc' dir='ltr'>ὅθεν</span> <span class='ocrx_word' id='word_1_413' title='bbox 2439 1582 2547 1635; x_wconf 76' lang='grc' dir='ltr'><strong>ἐὰν</strong></span> <span class='ocrx_word' id='word_1_414' title='bbox 2609 1582 2790 1650; x_wconf 74' lang='grc' dir='ltr'>θέλῃς</span> <span class='ocrx_word' id='word_1_415' title='bbox 2850 1584 3173 1655; x_wconf 70' lang='grc' dir='ltr'><strong>συλλέγεις</strong></span> <span class='ocrx_word' id='word_1_416' title='bbox 3219 1604 3330 1653; x_wconf 64' lang='grc' dir='ltr'>με’</span> <span class='ocrx_word' id='word_1_417' title='bbox 3402 1586 3501 1655; x_wconf 75' lang='grc' dir='ltr'>ἐμὲ</span> <span class='ocrx_word' id='word_1_418' title='bbox 3547 1585 3616 1638; x_wconf 83' lang='grc' dir='ltr'>δὲ</span> <span class='ocrx_word' id='word_1_419' title='bbox 3672 1587 3823 1639; x_wconf 62' lang='grc' dir='ltr'><strong>συὶ--</strong></span> 
     </span>
    </p>
   </div>
   <div class='ocr_carea' id='block_1_59' title="bbox 2248 1674 3825 1749">
    <p class='ocr_par' dir='ltr' id='par_1_59' title="bbox 2248 1674 3825 1749">
     <span class='ocr_line' id='line_1_59' title="bbox 2248 1674 3825 1749; baseline 0.002 -24"><span class='ocrx_word' id='word_1_420' title='bbox 2248 1674 2463 1743; x_wconf 73' lang='grc' dir='ltr'>λέγων,</span> <span class='ocrx_word' id='word_1_421' title='bbox 2526 1674 2744 1727; x_wconf 77' lang='grc' dir='ltr'>ἑαυτὸν</span> <span class='ocrx_word' id='word_1_422' title='bbox 2802 1677 3145 1747; x_wconf 70' lang='grc' dir='ltr'>συλλέγεις.</span> <span class='ocrx_word' id='word_1_423' title='bbox 3208 1680 3319 1731; x_wconf 76' lang='grc' dir='ltr'><strong>Καὶ</strong></span> <span class='ocrx_word' id='word_1_424' title='bbox 3346 1677 3388 1730; x_wconf 86' lang='grc' dir='ltr'><strong>ῶ</strong></span> <span class='ocrx_word' id='word_1_425' title='bbox 3435 1680 3535 1749; x_wconf 81' lang='grc' dir='ltr'>τῆς</span> <span class='ocrx_word' id='word_1_426' title='bbox 3568 1676 3662 1730; x_wconf 91' lang='grc' dir='ltr'><strong>τοῦ</strong></span> <span class='ocrx_word' id='word_1_427' title='bbox 3709 1677 3825 1729; x_wconf 88' lang='grc' dir='ltr'>δια-</span> 
     </span>
    </p>
   </div>
   <div class='ocr_carea' id='block_1_60' title="bbox 2247 1762 3825 1838">
    <p class='ocr_par' dir='ltr' id='par_1_60' title="bbox 2247 1762 3825 1838">
     <span class='ocr_line' id='line_1_60' title="bbox 2247 1762 3825 1838; baseline 0.003 -25"><span class='ocrx_word' id='word_1_428' title='bbox 2247 1762 2401 1815; x_wconf 81' lang='grc' dir='ltr'>ϐόλου</span> <span class='ocrx_word' id='word_1_429' title='bbox 2451 1763 2793 1835; x_wconf 72' lang='grc' dir='ltr'>ὑποσπορᾶςί</span> <span class='ocrx_word' id='word_1_430' title='bbox 2824 1765 2996 1819; x_wconf 85' lang='grc' dir='ltr'>Πόθεν</span> <span class='ocrx_word' id='word_1_431' title='bbox 3040 1767 3131 1818; x_wconf 70' lang='grc' dir='ltr'>τὸν</span> <span class='ocrx_word' id='word_1_432' title='bbox 3159 1766 3283 1819; x_wconf 83' lang='grc' dir='ltr'>νοῦν</span> <span class='ocrx_word' id='word_1_433' title='bbox 3308 1768 3563 1838; x_wconf 76' lang='grc' dir='ltr'><strong>ἐξέτρεψε</strong></span> <span class='ocrx_word' id='word_1_434' title='bbox 3590 1768 3692 1836; x_wconf 85' lang='grc' dir='ltr'>τῆς</span> <span class='ocrx_word' id='word_1_435' title='bbox 3729 1767 3825 1820; x_wconf 81' lang='grc' dir='ltr'>ἀν-</span> 
     </span>
    </p>
   </div>
   <div class='ocr_carea' id='block_1_61' title="bbox 2171 1823 3824 1927">
    <p class='ocr_par' dir='ltr' id='par_1_61' title="bbox 2171 1823 3824 1927">
     <span class='ocr_line' id='line_1_61' title="bbox 2171 1823 3824 1927; baseline 0.005 -26"><span class='ocrx_word' id='word_1_436' title='bbox 2171 1823 2213 1879; x_wconf 81' lang='grc' dir='ltr'><strong><em>Β</em></strong></span> <span class='ocrx_word' id='word_1_437' title='bbox 2243 1849 2610 1923; x_wconf 83' lang='grc' dir='ltr'>θρωπότητος,</span> <span class='ocrx_word' id='word_1_438' title='bbox 2634 1823 2729 1907; x_wconf 72' lang='grc' dir='ltr'><strong>καὶ</strong></span> <span class='ocrx_word' id='word_1_439' title='bbox 2749 1823 2827 1917; x_wconf 80' lang='grc' dir='ltr'>εἰς</span> <span class='ocrx_word' id='word_1_440' title='bbox 2858 1854 3015 1925; x_wconf 88' lang='grc' dir='ltr'><strong>μωρά</strong></span> <span class='ocrx_word' id='word_1_441' title='bbox 3030 1855 3123 1907; x_wconf 78' lang='grc' dir='ltr'><strong>καὶ</strong></span> <span class='ocrx_word' id='word_1_442' title='bbox 3141 1823 3420 1909; x_wconf 63' lang='grc' dir='ltr'>ἀσύστατα</span> <span class='ocrx_word' id='word_1_443' title='bbox 3532 1823 3824 1927; x_wconf 64' lang='grc' dir='ltr'>ριέσπασεν</span> 
     </span>
    </p>
   </div>
   <div class='ocr_carea' id='block_1_62' title="bbox 2242 1944 3823 2019">
    <p class='ocr_par' dir='ltr' id='par_1_62' title="bbox 2242 1944 3823 2019">
     <span class='ocr_line' id='line_1_62' title="bbox 2242 1944 3823 2019; baseline 0.004 -23"><span class='ocrx_word' id='word_1_444' title='bbox 2242 1944 2462 1997; x_wconf 80' lang='grc' dir='ltr'>ἀπὸτοῦ</span> <span class='ocrx_word' id='word_1_445' title='bbox 2495 1945 2653 2013; x_wconf 89' lang='grc' dir='ltr'>λόγου</span> <span class='ocrx_word' id='word_1_446' title='bbox 2715 1946 2818 2016; x_wconf 77' lang='grc' dir='ltr'>τῆς</span> <span class='ocrx_word' id='word_1_447' title='bbox 2862 1947 3154 2017; x_wconf 83' lang='grc' dir='ltr'>ἀληθείας;</span> <span class='ocrx_word' id='word_1_448' title='bbox 3191 1949 3305 2002; x_wconf 84' lang='grc' dir='ltr'>Ούκ</span> <span class='ocrx_word' id='word_1_449' title='bbox 3334 1948 3447 2001; x_wconf 79' lang='grc' dir='ltr'>ἔστι</span> <span class='ocrx_word' id='word_1_450' title='bbox 3491 1948 3601 2019; x_wconf 85' lang='grc' dir='ltr'><strong>γὰρ</strong></span> <span class='ocrx_word' id='word_1_451' title='bbox 3641 1948 3823 2018; x_wconf 74' lang='grc' dir='ltr'>σχεδὸν</span> 
     </span>
    </p>
   </div>
   <div class='ocr_carea' id='block_1_63' title="bbox 2240 2036 3823 2111">
    <p class='ocr_par' dir='ltr' id='par_1_63' title="bbox 2240 2036 3823 2111">
     <span class='ocr_line' id='line_1_63' title="bbox 2240 2036 3823 2111; baseline 0.003 -23"><span class='ocrx_word' id='word_1_452' title='bbox 2240 2036 2317 2105; x_wconf 83' lang='grc' dir='ltr'>τῷ</span> <span class='ocrx_word' id='word_1_453' title='bbox 2351 2036 2473 2089; x_wconf 90' lang='grc' dir='ltr'>νοῦν</span> <span class='ocrx_word' id='word_1_454' title='bbox 2496 2036 2670 2107; x_wconf 77' lang='grc' dir='ltr'>ἔχοντι</span> <span class='ocrx_word' id='word_1_455' title='bbox 2688 2038 2845 2108; x_wconf 84' lang='grc' dir='ltr'>χρεία</span> <span class='ocrx_word' id='word_1_456' title='bbox 2869 2039 2977 2091; x_wconf 87' lang='grc' dir='ltr'><strong>ἀπὸ</strong></span> <span class='ocrx_word' id='word_1_457' title='bbox 3002 2039 3225 2110; x_wconf 77' lang='grc' dir='ltr'>Γραφῆς</span> <span class='ocrx_word' id='word_1_458' title='bbox 3250 2039 3282 2110; x_wconf 86' lang='grc' dir='ltr'>ἢ</span> <span class='ocrx_word' id='word_1_459' title='bbox 3312 2040 3420 2092; x_wconf 87' lang='grc' dir='ltr'><strong>ἀπὸ</strong></span> <span class='ocrx_word' id='word_1_460' title='bbox 3442 2040 3823 2111; x_wconf 79' lang='grc' dir='ltr'>παραδειγμάο</span> 
     </span>
    </p>
   </div>
   <div class='ocr_carea' id='block_1_64' title="bbox 2239 2126 3823 2199">
    <p class='ocr_par' dir='ltr' id='par_1_64' title="bbox 2239 2126 3823 2199">
     <span class='ocr_line' id='line_1_64' title="bbox 2239 2126 3823 2199; baseline 0.001 -20"><span class='ocrx_word' id='word_1_461' title='bbox 2239 2143 2366 2190; x_wconf 89' lang='grc' dir='ltr'>των,</span> <span class='ocrx_word' id='word_1_462' title='bbox 2399 2126 2431 2197; x_wconf 87' lang='grc' dir='ltr'>ἢ</span> <span class='ocrx_word' id='word_1_463' title='bbox 2464 2128 2651 2198; x_wconf 86' lang='grc' dir='ltr'>ἐτέρου</span> <span class='ocrx_word' id='word_1_464' title='bbox 2673 2127 2816 2190; x_wconf 85' lang='grc' dir='ltr'>τινὸς</span> <span class='ocrx_word' id='word_1_465' title='bbox 2849 2129 3173 2199; x_wconf 79' lang='grc' dir='ltr'>πράγματος</span> <span class='ocrx_word' id='word_1_466' title='bbox 3202 2128 3473 2181; x_wconf 88' lang='grc' dir='ltr'>ποιεῖσθαι</span> <span class='ocrx_word' id='word_1_467' title='bbox 3496 2128 3702 2181; x_wconf 81' lang='grc' dir='ltr'>τούτων</span> <span class='ocrx_word' id='word_1_468' title='bbox 3723 2128 3823 2198; x_wconf 79' lang='grc' dir='ltr'><strong>τὴν</strong></span> 
     </span>
    </p>
   </div>
   <div class='ocr_carea' id='block_1_65' title="bbox 2239 2220 3822 2294">
    <p class='ocr_par' dir='ltr' id='par_1_65' title="bbox 2239 2220 3822 2294">
     <span class='ocr_line' id='line_1_65' title="bbox 2239 2220 3822 2294; baseline 0 -21"><span class='ocrx_word' id='word_1_469' title='bbox 2239 2221 2574 2291; x_wconf 75' lang='grc' dir='ltr'>ἀνατροπὴν.</span> <span class='ocrx_word' id='word_1_470' title='bbox 2600 2220 2691 2291; x_wconf 79' lang='grc' dir='ltr'>Τῷ</span> <span class='ocrx_word' id='word_1_471' title='bbox 2710 2221 2819 2293; x_wconf 82' lang='grc' dir='ltr'><strong>γὰρ</strong></span> <span class='ocrx_word' id='word_1_472' title='bbox 2845 2222 2989 2294; x_wconf 83' lang='grc' dir='ltr'>ὀρθῷ</span> <span class='ocrx_word' id='word_1_473' title='bbox 3009 2220 3255 2293; x_wconf 80' lang='grc' dir='ltr'><strong>λογισμῷ</strong></span> <span class='ocrx_word' id='word_1_474' title='bbox 3278 2220 3498 2291; x_wconf 78' lang='grc' dir='ltr'>εῦδηλος</span> <span class='ocrx_word' id='word_1_475' title='bbox 3518 2221 3698 2274; x_wconf 80' lang='grc' dir='ltr'>αὐτῶν</span> <span class='ocrx_word' id='word_1_476' title='bbox 3727 2220 3822 2273; x_wconf 83' lang='grc' dir='ltr'>καὶ</span> 
     </span>
    </p>
   </div>
   <div class='ocr_carea' id='block_1_66' title="bbox 2240 2314 3822 2387">
    <p class='ocr_par' dir='ltr' id='par_1_66' title="bbox 2240 2314 3822 2387">
     <span class='ocr_line' id='line_1_66' title="bbox 2240 2314 3822 2387; baseline -0.001 -20"><span class='ocrx_word' id='word_1_477' title='bbox 2240 2315 2465 2386; x_wconf 83' lang='grc' dir='ltr'>φωρατὴ</span> <span class='ocrx_word' id='word_1_478' title='bbox 2498 2318 2531 2385; x_wconf 80' lang='grc' dir='ltr'><strong>ἡ</strong></span> <span class='ocrx_word' id='word_1_479' title='bbox 2564 2317 2662 2387; x_wconf 85' lang='grc' dir='ltr'><strong>τῆς</strong></span> <span class='ocrx_word' id='word_1_480' title='bbox 2694 2316 3032 2387; x_wconf 86' lang='grc' dir='ltr'>μωρολογίας</span> <span class='ocrx_word' id='word_1_481' title='bbox 3081 2316 3513 2387; x_wconf 79' lang='grc' dir='ltr'>δραματουργία,</span> <span class='ocrx_word' id='word_1_482' title='bbox 3560 2314 3654 2367; x_wconf 73' lang='grc' dir='ltr'><strong>καὶ</strong></span> <span class='ocrx_word' id='word_1_483' title='bbox 3698 2330 3822 2384; x_wconf 81' lang='grc' dir='ltr'>μοι·</span> 
     </span>
    </p>
   </div>
   <div class='ocr_carea' id='block_1_67' title="bbox 2238 2406 3824 2478">
    <p class='ocr_par' dir='ltr' id='par_1_67' title="bbox 2238 2406 3824 2478">
     <span class='ocr_line' id='line_1_67' title="bbox 2238 2406 3824 2478; baseline -0.001 -19"><span class='ocrx_word' id='word_1_484' title='bbox 2238 2407 2350 2477; x_wconf 86' lang='grc' dir='ltr'><strong>χῶν</strong></span> <span class='ocrx_word' id='word_1_485' title='bbox 2374 2408 2627 2477; x_wconf 76' lang='grc' dir='ltr'>ἐργασία.</span> <span class='ocrx_word' id='word_1_486' title='bbox 2668 2409 2855 2462; x_wconf 87' lang='grc' dir='ltr'>Ταῦτά</span> <span class='ocrx_word' id='word_1_487' title='bbox 2888 2426 2968 2461; x_wconf 91' lang='grc' dir='ltr'><strong>τοι</strong></span> <span class='ocrx_word' id='word_1_488' title='bbox 3012 2409 3108 2463; x_wconf 77' lang='grc' dir='ltr'><strong>καὶ</strong></span> <span class='ocrx_word' id='word_1_489' title='bbox 3144 2411 3213 2463; x_wconf 90' lang='grc' dir='ltr'><strong>τά</strong></span> <span class='ocrx_word' id='word_1_490' title='bbox 3238 2409 3466 2462; x_wconf 87' lang='grc' dir='ltr'>τοιαῦτα</span> <span class='ocrx_word' id='word_1_491' title='bbox 3496 2406 3824 2478; x_wconf 76' lang='grc' dir='ltr'>εἰσηγούμε-</span> 
     </span>
    </p>
   </div>
   <div class='ocr_carea' id='block_1_68' title="bbox 2238 2499 3823 2573">
    <p class='ocr_par' dir='ltr' id='par_1_68' title="bbox 2238 2499 3823 2573">
     <span class='ocr_line' id='line_1_68' title="bbox 2238 2499 3823 2573; baseline 0.002 -23"><span class='ocrx_word' id='word_1_492' title='bbox 2238 2515 2318 2551; x_wconf 89' lang='grc' dir='ltr'><strong>νοι</strong></span> <span class='ocrx_word' id='word_1_493' title='bbox 2343 2499 2394 2550; x_wconf 81' lang='grc' dir='ltr'>οἱ</span> <span class='ocrx_word' id='word_1_494' title='bbox 2424 2499 2569 2569; x_wconf 74' lang='grc' dir='ltr'>ἀμφὶ</span> <span class='ocrx_word' id='word_1_495' title='bbox 2596 2499 2696 2570; x_wconf 83' lang='grc' dir='ltr'><strong>τὴν</strong></span> <span class='ocrx_word' id='word_1_496' title='bbox 2736 2500 2937 2568; x_wconf 86' lang='grc' dir='ltr'>γνῶσιν</span> <span class='ocrx_word' id='word_1_497' title='bbox 2980 2500 3397 2572; x_wconf 76' lang='grc' dir='ltr'>συνεζευγμένοι</span> <span class='ocrx_word' id='word_1_498' title='bbox 3429 2504 3495 2573; x_wconf 81' lang='grc' dir='ltr'>τῇ</span> <span class='ocrx_word' id='word_1_499' title='bbox 3522 2501 3616 2554; x_wconf 86' lang='grc' dir='ltr'><strong>τοῦ</strong></span> <span class='ocrx_word' id='word_1_500' title='bbox 3660 2503 3823 2554; x_wconf 76' lang='grc' dir='ltr'><strong>Νικο⁴</strong></span> 
     </span>
    </p>
   </div>
   <div class='ocr_carea' id='block_1_69' title="bbox 2238 2591 3821 2665">
    <p class='ocr_par' dir='ltr' id='par_1_69' title="bbox 2238 2591 3821 2665">
     <span class='ocr_line' id='line_1_69' title="bbox 2238 2591 3821 2665; baseline 0.002 -22"><span class='ocrx_word' id='word_1_501' title='bbox 2238 2591 2367 2646; x_wconf 88' lang='grc' dir='ltr'><strong>λάου</strong></span> <span class='ocrx_word' id='word_1_502' title='bbox 2399 2592 2629 2665; x_wconf 80' lang='grc' dir='ltr'>αἱρέσει,</span> <span class='ocrx_word' id='word_1_503' title='bbox 2670 2596 2767 2664; x_wconf 84' lang='grc' dir='ltr'><strong>τῆς</strong></span> <span class='ocrx_word' id='word_1_504' title='bbox 2800 2594 3055 2663; x_wconf 78' lang='grc' dir='ltr'>ἀληθείας</span> <span class='ocrx_word' id='word_1_505' title='bbox 3092 2594 3534 2659; x_wconf 84' lang='grc' dir='ltr'>ὲκπεπτώκασιν,</span> <span class='ocrx_word' id='word_1_506' title='bbox 3566 2596 3627 2648; x_wconf 84' lang='grc' dir='ltr'><strong>οὑ</strong></span> <span class='ocrx_word' id='word_1_507' title='bbox 3663 2595 3821 2665; x_wconf 90' lang='grc' dir='ltr'>μόνον</span> 
     </span>
    </p>
   </div>
   <div class='ocr_carea' id='block_1_70' title="bbox 2235 2685 3823 2759">
    <p class='ocr_par' dir='ltr' id='par_1_70' title="bbox 2235 2685 3823 2759">
     <span class='ocr_line' id='line_1_70' title="bbox 2235 2685 3823 2759; baseline 0.002 -21"><span class='ocrx_word' id='word_1_508' title='bbox 2235 2686 2328 2739; x_wconf 80' lang='grc' dir='ltr'>τὸν</span> <span class='ocrx_word' id='word_1_509' title='bbox 2355 2686 2477 2739; x_wconf 92' lang='grc' dir='ltr'>νοῦν</span> <span class='ocrx_word' id='word_1_510' title='bbox 2506 2685 2614 2740; x_wconf 87' lang='grc' dir='ltr'><strong>τῶν</strong></span> <span class='ocrx_word' id='word_1_511' title='bbox 2668 2688 2997 2740; x_wconf 79' lang='grc' dir='ltr'>πεισθέντων</span> <span class='ocrx_word' id='word_1_512' title='bbox 3042 2690 3225 2751; x_wconf 71' lang='grc' dir='ltr'>αὐτοῖς</span> <span class='ocrx_word' id='word_1_513' title='bbox 3268 2688 3651 2759; x_wconf 68' lang='grc' dir='ltr'>ἐκτρέψαντες,</span> <span class='ocrx_word' id='word_1_514' title='bbox 3685 2686 3823 2741; x_wconf 85' lang='grc' dir='ltr'>ἀλλὰ</span> 
     </span>
    </p>
   </div>
   <div class='ocr_carea' id='block_1_71' title="bbox 2237 2776 3819 2850">
    <p class='ocr_par' dir='ltr' id='par_1_71' title="bbox 2237 2776 3819 2850">
     <span class='ocr_line' id='line_1_71' title="bbox 2237 2776 3819 2850; baseline 0.001 -22"><span class='ocrx_word' id='word_1_515' title='bbox 2237 2777 2333 2828; x_wconf 78' lang='grc' dir='ltr'><strong>καὶ</strong></span> <span class='ocrx_word' id='word_1_516' title='bbox 2360 2777 2427 2831; x_wconf 73' lang='grc' dir='ltr'>τὰ</span> <span class='ocrx_word' id='word_1_517' title='bbox 2458 2776 2683 2848; x_wconf 82' lang='grc' dir='ltr'>σώματα</span> <span class='ocrx_word' id='word_1_518' title='bbox 2714 2779 2805 2831; x_wconf 78' lang='grc' dir='ltr'><strong>καὶ</strong></span> <span class='ocrx_word' id='word_1_519' title='bbox 2840 2778 2940 2842; x_wconf 78' lang='grc' dir='ltr'>τὰς</span> <span class='ocrx_word' id='word_1_520' title='bbox 2970 2779 3148 2850; x_wconf 75' lang='grc' dir='ltr'>ψυχὰς</span> <span class='ocrx_word' id='word_1_521' title='bbox 3192 2780 3559 2842; x_wconf 86' lang='grc' dir='ltr'>δουλώσαντες</span> <span class='ocrx_word' id='word_1_522' title='bbox 3595 2776 3819 2849; x_wconf 60' lang='grc' dir='ltr'>πορνείᾳ</span> 
     </span>
    </p>
   </div>
   <div class='ocr_carea' id='block_1_72' title="bbox 2237 2866 3819 2939">
    <p class='ocr_par' dir='ltr' id='par_1_72' title="bbox 2237 2866 3819 2939">
     <span class='ocr_line' id='line_1_72' title="bbox 2237 2866 3819 2939; baseline 0 -20"><span class='ocrx_word' id='word_1_523' title='bbox 2237 2867 2333 2919; x_wconf 72' lang='grc' dir='ltr'>καὶ</span> <span class='ocrx_word' id='word_1_524' title='bbox 2378 2866 2691 2937; x_wconf 71' lang='grc' dir='ltr'>πολυμιξίᾳ.</span> <span class='ocrx_word' id='word_1_525' title='bbox 2750 2867 2929 2938; x_wconf 77' lang='grc' dir='ltr'>Αὐτὴν</span> <span class='ocrx_word' id='word_1_526' title='bbox 2962 2868 3072 2939; x_wconf 82' lang='grc' dir='ltr'>γὰρ</span> <span class='ocrx_word' id='word_1_527' title='bbox 3110 2868 3207 2939; x_wconf 84' lang='grc' dir='ltr'>τὴν</span> <span class='ocrx_word' id='word_1_528' title='bbox 3264 2868 3486 2933; x_wconf 80' lang='grc' dir='ltr'>σύναξιν</span> <span class='ocrx_word' id='word_1_529' title='bbox 3524 2868 3705 2921; x_wconf 79' lang='grc' dir='ltr'>αὐτῶν</span> <span class='ocrx_word' id='word_1_530' title='bbox 3760 2869 3819 2919; x_wconf 84' lang='grc' dir='ltr'><strong>ἐν</strong></span> 
     </span>
    </p>
   </div>
   <div class='ocr_carea' id='block_1_73' title="bbox 2236 2957 3819 3031">
    <p class='ocr_par' dir='ltr' id='par_1_73' title="bbox 2236 2957 3819 3031">
     <span class='ocr_line' id='line_1_73' title="bbox 2236 2957 3819 3031; baseline 0.001 -22"><span class='ocrx_word' id='word_1_531' title='bbox 2236 2957 2556 3031; x_wconf 55' lang='grc' dir='ltr'>αίηρόὲητι</span> <span class='ocrx_word' id='word_1_532' title='bbox 2616 2957 2941 3027; x_wconf 81' lang='grc' dir='ltr'>πολυμιξίας</span> <span class='ocrx_word' id='word_1_533' title='bbox 2991 2958 3271 3029; x_wconf 82' lang='grc' dir='ltr'>φύρουσιν,</span> <span class='ocrx_word' id='word_1_534' title='bbox 3335 2958 3583 3021; x_wconf 79' lang='grc' dir='ltr'>ἐσθοντές</span> <span class='ocrx_word' id='word_1_535' title='bbox 3625 2976 3683 3011; x_wconf 89' lang='grc' dir='ltr'><strong>τε</strong></span> <span class='ocrx_word' id='word_1_536' title='bbox 3726 2959 3819 3010; x_wconf 72' lang='grc' dir='ltr'><strong>καὶ</strong></span> 
     </span>
    </p>
   </div>
   <div class='ocr_carea' id='block_1_74' title="bbox 2236 3049 3817 3121">
    <p class='ocr_par' dir='ltr' id='par_1_74' title="bbox 2236 3049 3817 3121">
     <span class='ocr_line' id='line_1_74' title="bbox 2236 3049 3817 3121; baseline 0.001 -20"><span class='ocrx_word' id='word_1_537' title='bbox 2236 3049 2670 3119; x_wconf 85' lang='grc' dir='ltr'>παραπτόμενοι,</span> <span class='ocrx_word' id='word_1_538' title='bbox 2711 3049 2807 3102; x_wconf 71' lang='grc' dir='ltr'><strong>καὶ</strong></span> <span class='ocrx_word' id='word_1_539' title='bbox 2874 3050 3232 3119; x_wconf 87' lang='grc' dir='ltr'>ἀνθρωπίνων</span> <span class='ocrx_word' id='word_1_540' title='bbox 3282 3051 3501 3121; x_wconf 80' lang='grc' dir='ltr'>σαρκῶν</span> <span class='ocrx_word' id='word_1_541' title='bbox 3553 3052 3645 3104; x_wconf 76' lang='grc' dir='ltr'><strong>καὶ</strong></span> <span class='ocrx_word' id='word_1_542' title='bbox 3678 3052 3817 3104; x_wconf 83' lang='grc' dir='ltr'>ἀκα-</span> 
     </span>
    </p>
   </div>
   <div class='ocr_carea' id='block_1_75' title="bbox 2160 3141 3816 3234">
    <p class='ocr_par' dir='ltr' id='par_1_75' title="bbox 2160 3141 3816 3234">
     <span class='ocr_line' id='line_1_75' title="bbox 2160 3141 3816 3234; baseline 0.001 -38"><span class='ocrx_word' id='word_1_543' title='bbox 2160 3176 2202 3234; x_wconf 74' lang='lat' dir='ltr'><strong><em>C</em></strong></span> <span class='ocrx_word' id='word_1_544' title='bbox 2238 3141 2506 3215; x_wconf 89' lang='grc' dir='ltr'>θαρσιῶν·</span> <span class='ocrx_word' id='word_1_545' title='bbox 2546 3142 2621 3206; x_wconf 86' lang='grc' dir='ltr'>ὠς</span> <span class='ocrx_word' id='word_1_546' title='bbox 2658 3141 2781 3195; x_wconf 75' lang='grc' dir='ltr'>οὔτε</span> <span class='ocrx_word' id='word_1_547' title='bbox 2812 3142 3071 3214; x_wconf 81' lang='grc' dir='ltr'>τολμήσω</span> <span class='ocrx_word' id='word_1_548' title='bbox 3114 3143 3174 3196; x_wconf 81' lang='grc' dir='ltr'>τὸ</span> <span class='ocrx_word' id='word_1_549' title='bbox 3204 3145 3310 3197; x_wconf 78' lang='grc' dir='ltr'><strong>πᾶν</strong></span> <span class='ocrx_word' id='word_1_550' title='bbox 3358 3146 3614 3209; x_wconf 81' lang='grc' dir='ltr'>ἐξειπεῖν,</span> <span class='ocrx_word' id='word_1_551' title='bbox 3643 3145 3692 3196; x_wconf 86' lang='grc' dir='ltr'><strong>εί</strong></span> <span class='ocrx_word' id='word_1_552' title='bbox 3743 3146 3816 3215; x_wconf 84' lang='grc' dir='ltr'>μή</span> 
     </span>
    </p>
   </div>
   <div class='ocr_carea' id='block_1_76' title="bbox 2234 3233 3818 3305">
    <p class='ocr_par' dir='ltr' id='par_1_76' title="bbox 2234 3233 3818 3305">
     <span class='ocr_line' id='line_1_76' title="bbox 2234 3233 3818 3305; baseline 0.003 -20"><span class='ocrx_word' id='word_1_553' title='bbox 2234 3250 2287 3286; x_wconf 87' lang='grc' dir='ltr'><strong>τι</strong></span> <span class='ocrx_word' id='word_1_554' title='bbox 2312 3233 2716 3304; x_wconf 86' lang='grc' dir='ltr'>ἀναγκασθείην</span> <span class='ocrx_word' id='word_1_555' title='bbox 2749 3233 2837 3287; x_wconf 82' lang='grc' dir='ltr'>διὰ</span> <span class='ocrx_word' id='word_1_556' title='bbox 2874 3233 2974 3305; x_wconf 84' lang='grc' dir='ltr'><strong>τὴν</strong></span> <span class='ocrx_word' id='word_1_557' title='bbox 3002 3233 3307 3305; x_wconf 77' lang='grc' dir='ltr'>ὑπερϐολὴν</span> <span class='ocrx_word' id='word_1_558' title='bbox 3353 3235 3454 3304; x_wconf 79' lang='grc' dir='ltr'><strong>τῆς</strong></span> <span class='ocrx_word' id='word_1_559' title='bbox 3482 3237 3540 3288; x_wconf 70' lang='grc' dir='ltr'><strong>ἐν</strong></span> <span class='ocrx_word' id='word_1_560' title='bbox 3561 3236 3683 3304; x_wconf 67' lang='grc' dir='ltr'>ἐμοὶ</span> <span class='ocrx_word' id='word_1_561' title='bbox 3723 3236 3818 3289; x_wconf 82' lang='grc' dir='ltr'>ἀλ·-</span> 
     </span>
    </p>
   </div>
   <div class='ocr_carea' id='block_1_77' title="bbox 2234 3321 3817 3395">
    <p class='ocr_par' dir='ltr' id='par_1_77' title="bbox 2234 3321 3817 3395">
     <span class='ocr_line' id='line_1_77' title="bbox 2234 3321 3817 3395; baseline 0.001 -20"><span class='ocrx_word' id='word_1_562' title='bbox 2234 3321 2436 3394; x_wconf 83' lang='grc' dir='ltr'>γούσης</span> <span class='ocrx_word' id='word_1_563' title='bbox 2462 3323 2698 3386; x_wconf 80' lang='grc' dir='ltr'>διανοίας</span> <span class='ocrx_word' id='word_1_564' title='bbox 2754 3324 2882 3393; x_wconf 71' lang='grc' dir='ltr'>περὶ</span> <span class='ocrx_word' id='word_1_565' title='bbox 2919 3323 3029 3376; x_wconf 87' lang='grc' dir='ltr'><strong>τῶν</strong></span> <span class='ocrx_word' id='word_1_566' title='bbox 3061 3323 3307 3395; x_wconf 81' lang='grc' dir='ltr'>ματαίως</span> <span class='ocrx_word' id='word_1_567' title='bbox 3341 3324 3433 3377; x_wconf 79' lang='grc' dir='ltr'>ὑπ’</span> <span class='ocrx_word' id='word_1_568' title='bbox 3463 3323 3641 3376; x_wconf 79' lang='grc' dir='ltr'>αὐτῶν</span> <span class='ocrx_word' id='word_1_569' title='bbox 3670 3340 3817 3391; x_wconf 84' lang='grc' dir='ltr'>γινο-</span> 
     </span>
    </p>
   </div>
   <div class='ocr_carea' id='block_1_78' title="bbox 2236 3410 3819 3487">
    <p class='ocr_par' dir='ltr' id='par_1_78' title="bbox 2236 3410 3819 3487">
     <span class='ocr_line' id='line_1_78' title="bbox 2236 3410 3819 3487; baseline 0.001 -21"><span class='ocrx_word' id='word_1_570' title='bbox 2236 3414 2412 3484; x_wconf 86' lang='grc' dir='ltr'>μένων</span> <span class='ocrx_word' id='word_1_571' title='bbox 2440 3415 2897 3486; x_wconf 85' lang='grc' dir='ltr'>ἐκπληττόμενος,</span> <span class='ocrx_word' id='word_1_572' title='bbox 2926 3418 3004 3479; x_wconf 86' lang='grc' dir='ltr'><strong>είς</strong></span> <span class='ocrx_word' id='word_1_573' title='bbox 3043 3410 3153 3469; x_wconf 80' lang='grc' dir='ltr'>οἷον</span> <span class='ocrx_word' id='word_1_574' title='bbox 3182 3415 3345 3484; x_wconf 74' lang='grc' dir='ltr'>ὄγκον</span> <span class='ocrx_word' id='word_1_575' title='bbox 3377 3416 3471 3469; x_wconf 72' lang='grc' dir='ltr'>καὶ</span> <span class='ocrx_word' id='word_1_576' title='bbox 3502 3416 3686 3468; x_wconf 84' lang='grc' dir='ltr'>κακῶν</span> <span class='ocrx_word' id='word_1_577' title='bbox 3718 3416 3819 3487; x_wconf 76' lang='grc' dir='ltr'><strong>βυ-ο</strong></span> 
     </span>
    </p>
   </div>
   <div class='ocr_carea' id='block_1_79' title="bbox 2233 3499 3816 3575">
    <p class='ocr_par' dir='ltr' id='par_1_79' title="bbox 2233 3499 3816 3575">
     <span class='ocr_line' id='line_1_79' title="bbox 2233 3499 3816 3575; baseline 0.005 -24"><span class='ocrx_word' id='word_1_578' title='bbox 2233 3499 2323 3552; x_wconf 87' lang='grc' dir='ltr'><strong>θὸν</strong></span> <span class='ocrx_word' id='word_1_579' title='bbox 2382 3500 2411 3553; x_wconf 85' lang='grc' dir='ltr'>ὁ</span> <span class='ocrx_word' id='word_1_580' title='bbox 2452 3500 2645 3572; x_wconf 76' lang='grc' dir='ltr'>ἐχθρὸς</span> <span class='ocrx_word' id='word_1_581' title='bbox 2689 3500 2798 3555; x_wconf 88' lang='grc' dir='ltr'><strong>τῶν</strong></span> <span class='ocrx_word' id='word_1_582' title='bbox 2855 3502 3159 3573; x_wconf 75' lang='grc' dir='ltr'>ἀνθρώπων</span> <span class='ocrx_word' id='word_1_583' title='bbox 3216 3504 3460 3569; x_wconf 78' lang='grc' dir='ltr'>διάϐολος</span> <span class='ocrx_word' id='word_1_584' title='bbox 3523 3504 3645 3575; x_wconf 84' lang='grc' dir='ltr'>ἄγει</span> <span class='ocrx_word' id='word_1_585' title='bbox 3688 3506 3816 3569; x_wconf 79' lang='grc' dir='ltr'>τοὺς</span> 
     </span>
    </p>
   </div>
   <div class='ocr_carea' id='block_1_80' title="bbox 2230 3590 3812 3669">
    <p class='ocr_par' dir='ltr' id='par_1_80' title="bbox 2230 3590 3812 3669">
     <span class='ocr_line' id='line_1_80' title="bbox 2230 3590 3812 3669; baseline 0.006 -27"><span class='ocrx_word' id='word_1_586' title='bbox 2230 3590 2381 3662; x_wconf 75' lang='grc' dir='ltr'>αὐτῷ</span> <span class='ocrx_word' id='word_1_587' title='bbox 2410 3592 2765 3663; x_wconf 82' lang='grc' dir='ltr'>πειθομένους</span> <span class='ocrx_word' id='word_1_588' title='bbox 2795 3610 2809 3624; x_wconf 77' lang='grc'><strong><em>⁸</em></strong></span> <span class='ocrx_word' id='word_1_589' title='bbox 2844 3593 2985 3648; x_wconf 81' lang='grc' dir='ltr'>ὥστε</span> <span class='ocrx_word' id='word_1_590' title='bbox 3035 3597 3228 3666; x_wconf 78' lang='grc' dir='ltr'>μιᾶναι</span> <span class='ocrx_word' id='word_1_591' title='bbox 3257 3596 3353 3649; x_wconf 78' lang='grc' dir='ltr'>καὶ</span> <span class='ocrx_word' id='word_1_592' title='bbox 3381 3597 3526 3663; x_wconf 89' lang='grc' dir='ltr'>νοῦν,</span> <span class='ocrx_word' id='word_1_593' title='bbox 3552 3597 3646 3651; x_wconf 73' lang='grc' dir='ltr'><strong>καὶ</strong></span> <span class='ocrx_word' id='word_1_594' title='bbox 3676 3615 3812 3669; x_wconf 85' lang='grc' dir='ltr'>καρ-</span> 
     </span>
    </p>
   </div>
   <div class='ocr_carea' id='block_1_81' title="bbox 2228 3681 3814 3759">
    <p class='ocr_par' dir='ltr' id='par_1_81' title="bbox 2228 3681 3814 3759">
     <span class='ocr_line' id='line_1_81' title="bbox 2228 3681 3814 3759; baseline 0.004 -26"><span class='ocrx_word' id='word_1_595' title='bbox 2228 3681 2369 3745; x_wconf 89' lang='grc' dir='ltr'>δίαν,</span> <span class='ocrx_word' id='word_1_596' title='bbox 2398 3683 2491 3737; x_wconf 72' lang='grc' dir='ltr'>καὶ</span> <span class='ocrx_word' id='word_1_597' title='bbox 2506 3687 2714 3757; x_wconf 87' lang='grc' dir='ltr'>χεῖρας,</span> <span class='ocrx_word' id='word_1_598' title='bbox 2741 3685 2834 3738; x_wconf 70' lang='grc' dir='ltr'><strong>καὶ</strong></span> <span class='ocrx_word' id='word_1_599' title='bbox 2850 3686 3113 3756; x_wconf 83' lang='grc' dir='ltr'>στόματα,</span> <span class='ocrx_word' id='word_1_600' title='bbox 3134 3687 3229 3740; x_wconf 78' lang='grc' dir='ltr'>καὶ</span> <span class='ocrx_word' id='word_1_601' title='bbox 3252 3686 3497 3758; x_wconf 81' lang='grc' dir='ltr'>σώματα,</span> <span class='ocrx_word' id='word_1_602' title='bbox 3521 3689 3615 3741; x_wconf 73' lang='grc' dir='ltr'><strong>καὶ</strong></span> <span class='ocrx_word' id='word_1_603' title='bbox 3636 3688 3814 3759; x_wconf 76' lang='grc' dir='ltr'>ψυχὰς</span> 
     </span>
    </p>
   </div>
   <div class='ocr_carea' id='block_1_82' title="bbox 2228 3776 3815 3852">
    <p class='ocr_par' dir='ltr' id='par_1_82' title="bbox 2228 3776 3815 3852">
     <span class='ocr_line' id='line_1_82' title="bbox 2228 3776 3815 3852; baseline 0.003 -24"><span class='ocrx_word' id='word_1_604' title='bbox 2228 3776 2433 3829; x_wconf 86' lang='grc' dir='ltr'>τούτων</span> <span class='ocrx_word' id='word_1_605' title='bbox 2465 3776 2573 3829; x_wconf 87' lang='grc' dir='ltr'><strong>τῶν</strong></span> <span class='ocrx_word' id='word_1_606' title='bbox 2608 3776 2699 3829; x_wconf 81' lang='grc' dir='ltr'>ὑπ’</span> <span class='ocrx_word' id='word_1_607' title='bbox 2729 3777 2893 3831; x_wconf 76' lang='grc' dir='ltr'>αὑτοῦ</span> <span class='ocrx_word' id='word_1_608' title='bbox 2941 3778 3000 3831; x_wconf 85' lang='grc' dir='ltr'><strong>ἐν</strong></span> <span class='ocrx_word' id='word_1_609' title='bbox 3042 3780 3108 3848; x_wconf 83' lang='grc' dir='ltr'>τῇ</span> <span class='ocrx_word' id='word_1_610' title='bbox 3140 3780 3378 3852; x_wconf 85' lang='grc' dir='ltr'>τοσαύτῃ</span> <span class='ocrx_word' id='word_1_611' title='bbox 3413 3779 3673 3832; x_wconf 84' lang='grc' dir='ltr'>σκοτώσει</span> <span class='ocrx_word' id='word_1_612' title='bbox 3710 3798 3815 3832; x_wconf 83' lang='grc' dir='ltr'>πα-</span> 
     </span>
    </p>
   </div>
   <div class='ocr_carea' id='block_1_83' title="bbox 2228 3864 3811 3939">
    <p class='ocr_par' dir='ltr' id='par_1_83' title="bbox 2228 3864 3811 3939">
     <span class='ocr_line' id='line_1_83' title="bbox 2228 3864 3811 3939; baseline 0.002 -21"><span class='ocrx_word' id='word_1_613' title='bbox 2228 3864 2603 3933; x_wconf 84' lang='grc' dir='ltr'>γιδευθέντων.</span> <span class='ocrx_word' id='word_1_614' title='bbox 2634 3866 2792 3919; x_wconf 83' lang='grc' dir='ltr'>Δέδια</span> <span class='ocrx_word' id='word_1_615' title='bbox 2819 3866 2875 3919; x_wconf 85' lang='grc' dir='ltr'>δὲ</span> <span class='ocrx_word' id='word_1_616' title='bbox 2918 3868 2992 3939; x_wconf 84' lang='grc' dir='ltr'>μή</span> <span class='ocrx_word' id='word_1_617' title='bbox 3037 3885 3114 3939; x_wconf 88' lang='grc' dir='ltr'><strong>πη</strong></span> <span class='ocrx_word' id='word_1_618' title='bbox 3146 3870 3255 3939; x_wconf 84' lang='grc' dir='ltr'>ἄρα</span> <span class='ocrx_word' id='word_1_619' title='bbox 3284 3869 3377 3922; x_wconf 83' lang='grc' dir='ltr'><strong>τὸν</strong></span> <span class='ocrx_word' id='word_1_620' title='bbox 3419 3871 3595 3939; x_wconf 84' lang='grc' dir='ltr'>μέγαν</span> <span class='ocrx_word' id='word_1_621' title='bbox 3624 3869 3811 3923; x_wconf 88' lang='grc' dir='ltr'>τοῦτον</span> 
     </span>
    </p>
   </div>
   <div class='ocr_carea' id='block_1_84' title="bbox 2226 3958 3811 4032">
    <p class='ocr_par' dir='ltr' id='par_1_84' title="bbox 2226 3958 3811 4032">
     <span class='ocr_line' id='line_1_84' title="bbox 2226 3958 3811 4032; baseline 0.003 -22"><span class='ocrx_word' id='word_1_622' title='bbox 2226 3958 2346 4011; x_wconf 85' lang='grc' dir='ltr'>ὅλον</span> <span class='ocrx_word' id='word_1_623' title='bbox 2411 3958 2488 4012; x_wconf 86' lang='grc' dir='ltr'><strong>ίὸν</strong></span> <span class='ocrx_word' id='word_1_624' title='bbox 2540 3958 2952 4029; x_wconf 70' lang='grc' dir='ltr'>ἀποκαλύψαιμι</span> <span class='ocrx_word' id='word_1_625' title='bbox 2981 4000 2997 4022; x_wconf 88' lang='grc'><strong>,</strong></span> <span class='ocrx_word' id='word_1_626' title='bbox 3053 3960 3242 4031; x_wconf 84' lang='grc' dir='ltr'>ὥσπερ</span> <span class='ocrx_word' id='word_1_627' title='bbox 3299 3961 3611 4032; x_wconf 84' lang='grc' dir='ltr'>βασιλίσκου</span> <span class='ocrx_word' id='word_1_628' title='bbox 3667 3963 3811 4021; x_wconf 72' lang='grc' dir='ltr'>τινὸς·</span> 
     </span>
    </p>
   </div>
   <div class='ocr_carea' id='block_1_85' title="bbox 2225 4047 3809 4121">
    <p class='ocr_par' dir='ltr' id='par_1_85' title="bbox 2225 4047 3809 4121">
     <span class='ocr_line' id='line_1_85' title="bbox 2225 4047 3809 4121; baseline 0.003 -21"><span class='ocrx_word' id='word_1_629' title='bbox 2225 4047 2401 4116; x_wconf 77' lang='grc' dir='ltr'>ὄφεως</span> <span class='ocrx_word' id='word_1_630' title='bbox 2424 4048 2485 4101; x_wconf 86' lang='grc' dir='ltr'><strong>τὸ</strong></span> <span class='ocrx_word' id='word_1_631' title='bbox 2510 4048 2797 4121; x_wconf 81' lang='grc' dir='ltr'>πρόσωπον</span> <span class='ocrx_word' id='word_1_632' title='bbox 2818 4092 2833 4116; x_wconf 89' lang='grc'><strong>,</strong></span> <span class='ocrx_word' id='word_1_633' title='bbox 2866 4050 2947 4113; x_wconf 86' lang='grc' dir='ltr'><strong>είς</strong></span> <span class='ocrx_word' id='word_1_634' title='bbox 2975 4048 3153 4121; x_wconf 85' lang='grc' dir='ltr'>λύμην</span> <span class='ocrx_word' id='word_1_635' title='bbox 3181 4050 3382 4121; x_wconf 81' lang='grc' dir='ltr'>μᾶλλον</span> <span class='ocrx_word' id='word_1_636' title='bbox 3406 4051 3514 4104; x_wconf 88' lang='grc' dir='ltr'><strong>τῶν</strong></span> <span class='ocrx_word' id='word_1_637' title='bbox 3544 4052 3809 4121; x_wconf 77' lang='grc' dir='ltr'>ἐντυγχα-</span> 
     </span>
    </p>
   </div>
   <div class='ocr_carea' id='block_1_86' title="bbox 2226 4138 3809 4216">
    <p class='ocr_par' dir='ltr' id='par_1_86' title="bbox 2226 4138 3809 4216">
     <span class='ocr_line' id='line_1_86' title="bbox 2226 4138 3809 4216; baseline 0.003 -24"><span class='ocrx_word' id='word_1_638' title='bbox 2226 4139 2423 4193; x_wconf 88' lang='grc' dir='ltr'>νόντων</span> <span class='ocrx_word' id='word_1_639' title='bbox 2448 4142 2593 4212; x_wconf 73' lang='grc' dir='ltr'>ἤπερ</span> <span class='ocrx_word' id='word_1_640' title='bbox 2621 4141 2701 4205; x_wconf 89' lang='grc' dir='ltr'>εἰς</span> <span class='ocrx_word' id='word_1_641' title='bbox 2731 4140 3015 4213; x_wconf 88' lang='grc' dir='ltr'>διόρθωσιν</span> <span class='ocrx_word' id='word_1_642' title='bbox 3038 4159 3052 4173; x_wconf 88' lang='grc'><strong>·</strong></span> <span class='ocrx_word' id='word_1_643' title='bbox 3080 4144 3292 4213; x_wconf 87' lang='grc' dir='ltr'>χραίνει</span> <span class='ocrx_word' id='word_1_644' title='bbox 3322 4143 3419 4214; x_wconf 82' lang='grc' dir='ltr'>μὲν</span> <span class='ocrx_word' id='word_1_645' title='bbox 3455 4143 3561 4216; x_wconf 84' lang='grc' dir='ltr'>γὰρ</span> <span class='ocrx_word' id='word_1_646' title='bbox 3588 4144 3658 4197; x_wconf 83' lang='grc' dir='ltr'><strong>τὰ</strong></span> <span class='ocrx_word' id='word_1_647' title='bbox 3695 4138 3809 4197; x_wconf 82' lang='grc' dir='ltr'>ὦτα</span> 
     </span>
    </p>
   </div>
   <div class='ocr_carea' id='block_1_87' title="bbox 2225 4231 3806 4307">
    <p class='ocr_par' dir='ltr' id='par_1_87' title="bbox 2225 4231 3806 4307">
     <span class='ocr_line' id='line_1_87' title="bbox 2225 4231 3806 4307; baseline 0.004 -23"><span class='ocrx_word' id='word_1_648' title='bbox 2225 4231 2440 4302; x_wconf 84' lang='grc' dir='ltr'>ἀληθῶς</span> <span class='ocrx_word' id='word_1_649' title='bbox 2464 4236 2498 4304; x_wconf 86' lang='grc' dir='ltr'>ὴ</span> <span class='ocrx_word' id='word_1_650' title='bbox 2538 4234 2639 4305; x_wconf 82' lang='grc' dir='ltr'>τῆς</span> <span class='ocrx_word' id='word_1_651' title='bbox 2690 4235 2931 4305; x_wconf 84' lang='grc' dir='ltr'>μεγάλης</span> <span class='ocrx_word' id='word_1_652' title='bbox 2968 4234 3173 4307; x_wconf 73' lang='grc' dir='ltr'>τόλμης</span> <span class='ocrx_word' id='word_1_653' title='bbox 3219 4234 3536 4307; x_wconf 80' lang='grc' dir='ltr'>βλάσφημος</span> <span class='ocrx_word' id='word_1_654' title='bbox 3562 4253 3806 4306; x_wconf 88' lang='grc' dir='ltr'>συναγω-</span> 
     </span>
    </p>
   </div>
   <div class='ocr_carea' id='block_1_88' title="bbox 2224 4326 3809 4401">
    <p class='ocr_par' dir='ltr' id='par_1_88' title="bbox 2224 4326 3809 4401">
     <span class='ocr_line' id='line_1_88' title="bbox 2224 4326 3809 4401; baseline -0.007 -8"><span class='ocrx_word' id='word_1_655' title='bbox 2224 4326 2324 4397; x_wconf 79' lang='grc' dir='ltr'><strong>γὴ,</strong></span> <span class='ocrx_word' id='word_1_656' title='bbox 2360 4329 2454 4380; x_wconf 68' lang='grc' dir='ltr'><strong>καὶ</strong></span> <span class='ocrx_word' id='word_1_657' title='bbox 2483 4328 2583 4398; x_wconf 80' lang='grc' dir='ltr'>τῆς</span> <span class='ocrx_word' id='word_1_658' title='bbox 2610 4327 2962 4399; x_wconf 80' lang='grc' dir='ltr'>αἱσχρ6τητος</span> <span class='ocrx_word' id='word_1_659' title='bbox 2988 4327 3128 4399; x_wconf 82' lang='grc' dir='ltr'>αῦτη</span> <span class='ocrx_word' id='word_1_660' title='bbox 3158 4328 3387 4399; x_wconf 79' lang='grc' dir='ltr'>συλλογὴ</span> <span class='ocrx_word' id='word_1_661' title='bbox 3411 4346 3471 4381; x_wconf 91' lang='grc' dir='ltr'><strong>τε</strong></span> <span class='ocrx_word' id='word_1_662' title='bbox 3498 4330 3592 4383; x_wconf 76' lang='grc' dir='ltr'><strong>καὶ</strong></span> <span class='ocrx_word' id='word_1_663' title='bbox 3619 4330 3809 4401; x_wconf 87' lang='grc' dir='ltr'>διήγη-</span> 
     </span>
    </p>
   </div>
   <div class='ocr_carea' id='block_1_89' title="bbox 2226 4419 3808 4494">
    <p class='ocr_par' dir='ltr' id='par_1_89' title="bbox 2226 4419 3808 4494">
     <span class='ocr_line' id='line_1_89' title="bbox 2226 4419 3808 4494; baseline 0.013 -30"><span class='ocrx_word' id='word_1_664' title='bbox 2226 4435 2309 4482; x_wconf 86' lang='grc' dir='ltr'><strong>σις</strong></span> <span class='ocrx_word' id='word_1_665' title='bbox 2333 4461 2348 4484; x_wconf 78' lang='grc'><strong>,</strong></span> <span class='ocrx_word' id='word_1_666' title='bbox 2374 4421 2468 4473; x_wconf 73' lang='grc' dir='ltr'>καὶ</span> <span class='ocrx_word' id='word_1_667' title='bbox 2496 4422 2529 4489; x_wconf 78' lang='grc' dir='ltr'><strong>ἡ</strong></span> <span class='ocrx_word' id='word_1_668' title='bbox 2554 4419 2653 4490; x_wconf 78' lang='grc' dir='ltr'>τῆς</span> <span class='ocrx_word' id='word_1_669' title='bbox 2679 4420 3021 4491; x_wconf 84' lang='grc' dir='ltr'>ἁγυρτώδους</span> <span class='ocrx_word' id='word_1_670' title='bbox 3053 4421 3441 4492; x_wconf 83' lang='grc' dir='ltr'>αἰσχρουργίας</span> <span class='ocrx_word' id='word_1_671' title='bbox 3465 4421 3808 4494; x_wconf 76' lang='grc' dir='ltr'>βορϐορώδης</span> 
     </span>
    </p>
   </div>
   <div class='ocr_carea' id='block_1_90' title="bbox 541 4511 2131 4594">
    <p class='ocr_par' dir='ltr' id='par_1_90' title="bbox 541 4521 2119 4594">
     <span class='ocr_line' id='line_1_90' title="bbox 541 4521 2119 4594; baseline 0 -17"><span class='ocrx_word' id='word_1_672' title='bbox 541 4523 821 4578; x_wconf 87' lang='lat' dir='ltr'><strong>dationem</strong></span> <span class='ocrx_word' id='word_1_673' title='bbox 851 4521 1141 4577; x_wconf 87' lang='lat' dir='ltr'><strong>redundet.</strong></span> <span class='ocrx_word' id='word_1_674' title='bbox 1179 4521 1461 4591; x_wconf 88' lang='lat' dir='ltr'><strong>Siquidem</strong></span> <span class='ocrx_word' id='word_1_675' title='bbox 1503 4523 1585 4578; x_wconf 90' lang='lat' dir='ltr'><strong>vel</strong></span> <span class='ocrx_word' id='word_1_676' title='bbox 1624 4538 1786 4579; x_wconf 90' lang='lat' dir='ltr'><strong>aures</strong></span> <span class='ocrx_word' id='word_1_677' title='bbox 1820 4525 1970 4593; x_wconf 87' lang='lat' dir='ltr'><strong>ipsas</strong></span> <span class='ocrx_word' id='word_1_678' title='bbox 2003 4524 2119 4594; x_wconf 80' lang='lat' dir='ltr'><strong>pol-</strong></span> 
     </span>
    </p>
   </div>
   <div class='ocr_carea' id='block_1_91' title="bbox 2228 4511 3807 4594">
    <p class='ocr_par' dir='ltr' id='par_1_91' title="bbox 2228 4511 3807 4584">
     <span class='ocr_line' id='line_1_91' title="bbox 2228 4511 3807 4584; baseline 0.003 -21"><span class='ocrx_word' id='word_1_679' title='bbox 2228 4511 2502 4566; x_wconf 85' lang='grc' dir='ltr'>κακόνοια.</span> <span class='ocrx_word' id='word_1_680' title='bbox 2531 4513 2691 4584; x_wconf 86' lang='grc' dir='ltr'>Παρά</span> <span class='ocrx_word' id='word_1_681' title='bbox 2726 4531 2836 4566; x_wconf 87' lang='grc' dir='ltr'>τισι</span> <span class='ocrx_word' id='word_1_682' title='bbox 2880 4513 2937 4566; x_wconf 82' lang='grc' dir='ltr'><strong>δὲ</strong></span> <span class='ocrx_word' id='word_1_683' title='bbox 2983 4512 3139 4581; x_wconf 80' lang='grc' dir='ltr'>φύσει</span> <span class='ocrx_word' id='word_1_684' title='bbox 3179 4513 3529 4584; x_wconf 64' lang='grc' dir='ltr'><strong>Βορϐοριανοὶ¹</strong></span> <span class='ocrx_word' id='word_1_685' title='bbox 3566 4513 3678 4583; x_wconf 79' lang='grc'><strong>(75)</strong></span> <span class='ocrx_word' id='word_1_686' title='bbox 3709 4532 3807 4568; x_wconf 88' lang='grc' dir='ltr'>κα-</span> 
     </span>
    </p>
   </div>
   <div class='ocr_carea' id='block_1_92' title="bbox 540 4615 2120 4673">
    <p class='ocr_par' dir='ltr' id='par_1_92' title="bbox 540 4615 2120 4673">
     <span class='ocr_line' id='line_1_92' title="bbox 540 4615 2120 4673; baseline -0.003 0"><span class='ocrx_word' id='word_1_687' title='bbox 540 4618 645 4673; x_wconf 91' lang='lat' dir='ltr'><strong>luit</strong></span> <span class='ocrx_word' id='word_1_688' title='bbox 668 4624 781 4670; x_wconf 90' lang='lat' dir='ltr'><strong>tam</strong></span> <span class='ocrx_word' id='word_1_689' title='bbox 813 4615 1041 4672; x_wconf 70' lang='lat' dir='ltr'><strong>infinita:</strong></span> <span class='ocrx_word' id='word_1_690' title='bbox 1083 4616 1329 4672; x_wconf 63' lang='lat' dir='ltr'><strong>audaciae</strong></span> <span class='ocrx_word' id='word_1_691' title='bbox 1368 4618 1423 4670; x_wconf 89' lang='lat' dir='ltr'><strong>in</strong></span> <span class='ocrx_word' id='word_1_692' title='bbox 1454 4616 1703 4670; x_wconf 91' lang='lat' dir='ltr'><strong>divinum</strong></span> <span class='ocrx_word' id='word_1_693' title='bbox 1734 4631 1937 4670; x_wconf 91' lang='lat' dir='ltr'><strong>numen</strong></span> <span class='ocrx_word' id='word_1_694' title='bbox 1984 4631 2120 4670; x_wconf 85' lang='lat' dir='ltr'><strong>con-</strong></span> 
     </span>
    </p>
   </div>
   <div class='ocr_carea' id='block_1_93' title="bbox 541 4707 2119 4777">
    <p class='ocr_par' dir='ltr' id='par_1_93' title="bbox 541 4707 2119 4777">
     <span class='ocr_line' id='line_1_93' title="bbox 541 4707 2119 4777; baseline -0.003 -12"><span class='ocrx_word' id='word_1_695' title='bbox 541 4708 836 4765; x_wconf 89' lang='lat' dir='ltr'><strong>tumeliosa</strong></span> <span class='ocrx_word' id='word_1_696' title='bbox 867 4709 1075 4770; x_wconf 83' lang='lat' dir='ltr'><strong>series;</strong></span> <span class='ocrx_word' id='word_1_697' title='bbox 1112 4724 1177 4763; x_wconf 90' lang='lat' dir='ltr'><strong>ac</strong></span> <span class='ocrx_word' id='word_1_698' title='bbox 1213 4709 1297 4764; x_wconf 91' lang='lat' dir='ltr'><strong>vel</strong></span> <span class='ocrx_word' id='word_1_699' title='bbox 1328 4709 1445 4764; x_wconf 90' lang='lat' dir='ltr'><strong>sola</strong></span> <span class='ocrx_word' id='word_1_700' title='bbox 1478 4707 1727 4761; x_wconf 89' lang='lat' dir='ltr'><strong>narratio</strong></span> <span class='ocrx_word' id='word_1_701' title='bbox 1758 4707 2119 4777; x_wconf 90' lang='lat' dir='ltr'><strong>turpitudinis</strong></span> 
     </span>
    </p>
   </div>
   <div class='ocr_carea' id='block_1_94' title="bbox 541 4798 2120 4874">
    <p class='ocr_par' dir='ltr' id='par_1_94' title="bbox 541 4798 2120 4874">
     <span class='ocr_line' id='line_1_94' title="bbox 541 4798 2120 4874; baseline -0.003 -16"><span class='ocrx_word' id='word_1_702' title='bbox 541 4802 742 4874; x_wconf 85' lang='lat' dir='ltr'><strong>ipsius,</strong></span> <span class='ocrx_word' id='word_1_703' title='bbox 767 4809 823 4856; x_wconf 90' lang='lat' dir='ltr'><strong>et</strong></span> <span class='ocrx_word' id='word_1_704' title='bbox 847 4801 1249 4859; x_wconf 70' lang='lat' dir='ltr'><strong>sordidissima:</strong></span> <span class='ocrx_word' id='word_1_705' title='bbox 1269 4800 1533 4855; x_wconf 71' lang='lat' dir='ltr'><strong>fmditatis</strong></span> <span class='ocrx_word' id='word_1_706' title='bbox 1562 4814 1626 4854; x_wconf 90' lang='lat' dir='ltr'><strong>ac</strong></span> <span class='ocrx_word' id='word_1_707' title='bbox 1658 4800 1937 4854; x_wconf 72' lang='lat' dir='ltr'><strong>lutulenta:</strong></span> <span class='ocrx_word' id='word_1_708' title='bbox 1965 4798 2120 4871; x_wconf 85' lang='lat' dir='ltr'><strong>ﬂagi-</strong></span> 
     </span>
    </p>
   </div>
   <div class='ocr_carea' id='block_1_95' title="bbox 537 4889 2120 4964">
    <p class='ocr_par' dir='ltr' id='par_1_95' title="bbox 537 4889 2120 4964">
     <span class='ocr_line' id='line_1_95' title="bbox 537 4889 2120 4964; baseline -0.004 -13"><span class='ocrx_word' id='word_1_709' title='bbox 537 4898 680 4952; x_wconf 89' lang='lat' dir='ltr'><strong>tiosa</strong></span> <span class='ocrx_word' id='word_1_710' title='bbox 708 4895 872 4949; x_wconf 91' lang='lat' dir='ltr'><strong>ratio.</strong></span> <span class='ocrx_word' id='word_1_711' title='bbox 906 4889 1050 4949; x_wconf 84' lang='lat' dir='ltr'><strong>Hinc</strong></span> <span class='ocrx_word' id='word_1_712' title='bbox 1089 4901 1175 4948; x_wconf 87' lang='lat' dir='ltr'><strong>est</strong></span> <span class='ocrx_word' id='word_1_713' title='bbox 1207 4892 1354 4964; x_wconf 91' lang='lat' dir='ltr'><strong>quod</strong></span> <span class='ocrx_word' id='word_1_714' title='bbox 1388 4908 1418 4946; x_wconf 89' lang='lat' dir='ltr'><strong>a</strong></span> <span class='ocrx_word' id='word_1_715' title='bbox 1452 4890 1735 4945; x_wconf 91' lang='lat' dir='ltr'><strong>nonnullis</strong></span> <span class='ocrx_word' id='word_1_716' title='bbox 1766 4892 1906 4947; x_wconf 88' lang='lat' dir='ltr'><strong>scite</strong></span> <span class='ocrx_word' id='word_1_717' title='bbox 1938 4891 2120 4945; x_wconf 88' lang='lat' dir='ltr'><strong>admo-</strong></span> 
     </span>
    </p>
   </div>
   <div class='ocr_carea' id='block_1_96' title="bbox 536 4983 2102 5053">
    <p class='ocr_par' dir='ltr' id='par_1_96' title="bbox 536 4983 2102 5053">
     <span class='ocr_line' id='line_1_96' title="bbox 536 4983 2102 5053; baseline -0.004 -10"><span class='ocrx_word' id='word_1_718' title='bbox 536 4990 667 5043; x_wconf 91' lang='lat' dir='ltr'><strong>dum</strong></span> <span class='ocrx_word' id='word_1_719' title='bbox 702 4984 1044 5053; x_wconf 83' lang='lat' dir='ltr'><strong>Borboriani,</strong></span> <span class='ocrx_word' id='word_1_720' title='bbox 1086 4985 1191 5039; x_wconf 90' lang='lat' dir='ltr'><strong>hoc</strong></span> <span class='ocrx_word' id='word_1_721' title='bbox 1233 4992 1319 5041; x_wconf 88' lang='lat' dir='ltr'><strong>est</strong></span> <span class='ocrx_word' id='word_1_722' title='bbox 1361 4984 1555 5038; x_wconf 81' lang='lat' dir='ltr'><strong>comosi</strong></span> <span class='ocrx_word' id='word_1_723' title='bbox 1588 4983 1971 5049; x_wconf 88' lang='lat' dir='ltr'><strong>nominantur;</strong></span> <span class='ocrx_word' id='word_1_724' title='bbox 2009 4984 2102 5037; x_wconf 88' lang='lat' dir='ltr'><strong>alii</strong></span> 
     </span>
    </p>
   </div>
   <div class='ocr_carea' id='block_1_97' title="bbox 534 5072 2113 5144">
    <p class='ocr_par' dir='ltr' id='par_1_97' title="bbox 534 5072 2113 5144">
     <span class='ocr_line' id='line_1_97' title="bbox 534 5072 2113 5144; baseline -0.004 -8"><span class='ocrx_word' id='word_1_725' title='bbox 534 5080 853 5135; x_wconf 87' lang='lat' dir='ltr'><strong>Coddianos</strong></span> <span class='ocrx_word' id='word_1_726' title='bbox 887 5084 1106 5133; x_wconf 88' lang='lat' dir='ltr'><strong>vocant.</strong></span> <span class='ocrx_word' id='word_1_727' title='bbox 1156 5075 1250 5131; x_wconf 89' lang='lat' dir='ltr'><strong>Est</strong></span> <span class='ocrx_word' id='word_1_728' title='bbox 1284 5075 1429 5130; x_wconf 90' lang='lat' dir='ltr'><strong>enim</strong></span> <span class='ocrx_word' id='word_1_729' title='bbox 1470 5073 1645 5128; x_wconf 88' lang='lat' dir='ltr'><strong>codda</strong></span> <span class='ocrx_word' id='word_1_730' title='bbox 1696 5073 1839 5128; x_wconf 92' lang='lat' dir='ltr'><strong>idem</strong></span> <span class='ocrx_word' id='word_1_731' title='bbox 1885 5072 2113 5144; x_wconf 90' lang='lat' dir='ltr'><strong>Syriace</strong></span> 
     </span>
    </p>
   </div>
   <div class='ocr_carea' id='block_1_98' title="bbox 534 5165 2115 5243">
    <p class='ocr_par' dir='ltr' id='par_1_98' title="bbox 534 5165 2115 5243">
     <span class='ocr_line' id='line_1_98' title="bbox 534 5165 2115 5243; baseline -0.005 -15"><span class='ocrx_word' id='word_1_732' title='bbox 534 5171 681 5243; x_wconf 90' lang='lat' dir='ltr'><strong>quod</strong></span> <span class='ocrx_word' id='word_1_733' title='bbox 727 5168 996 5240; x_wconf 80' lang='lat' dir='ltr'><strong>paropsis,</strong></span> <span class='ocrx_word' id='word_1_734' title='bbox 1044 5177 1141 5223; x_wconf 88' lang='lat' dir='ltr'><strong>aut</strong></span> <span class='ocrx_word' id='word_1_735' title='bbox 1191 5168 1401 5222; x_wconf 82' lang='lat' dir='ltr'><strong>catinus</strong></span> <span class='ocrx_word' id='word_1_736' title='bbox 1439 5182 1458 5220; x_wconf 89' lang='lat'><strong><em>:</em></strong></span> <span class='ocrx_word' id='word_1_737' title='bbox 1498 5182 1601 5238; x_wconf 91' lang='lat' dir='ltr'><strong>pro</strong></span> <span class='ocrx_word' id='word_1_738' title='bbox 1640 5181 1707 5222; x_wconf 93' lang='lat' dir='ltr'><strong>eo</strong></span> <span class='ocrx_word' id='word_1_739' title='bbox 1750 5165 1896 5236; x_wconf 88' lang='lat' dir='ltr'><strong>quod</strong></span> <span class='ocrx_word' id='word_1_740' title='bbox 1950 5181 2115 5220; x_wconf 88' lang='lat' dir='ltr'><strong>nemo</strong></span> 
     </span>
    </p>
   </div>
   <div class='ocr_carea' id='block_1_99' title="bbox 532 5256 2115 5329">
    <p class='ocr_par' dir='ltr' id='par_1_99' title="bbox 532 5256 2115 5329">
     <span class='ocr_line' id='line_1_99' title="bbox 532 5256 2115 5329; baseline -0.006 -11"><span class='ocrx_word' id='word_1_741' title='bbox 532 5263 814 5318; x_wconf 87' lang='lat' dir='ltr'><strong>communi</strong></span> <span class='ocrx_word' id='word_1_742' title='bbox 845 5276 970 5315; x_wconf 91' lang='lat' dir='ltr'><strong>cum</strong></span> <span class='ocrx_word' id='word_1_743' title='bbox 998 5261 1106 5317; x_wconf 88' lang='lat' dir='ltr'><strong>illis</strong></span> <span class='ocrx_word' id='word_1_744' title='bbox 1136 5261 1216 5315; x_wconf 91' lang='lat' dir='ltr'><strong>uti</strong></span> <span class='ocrx_word' id='word_1_745' title='bbox 1256 5261 1380 5316; x_wconf 88' lang='lat' dir='ltr'><strong>cibo</strong></span> <span class='ocrx_word' id='word_1_746' title='bbox 1413 5259 1625 5329; x_wconf 90' lang='lat' dir='ltr'><strong>possit;</strong></span> <span class='ocrx_word' id='word_1_747' title='bbox 1667 5256 1762 5313; x_wconf 91' lang='lat' dir='ltr'><strong>sed</strong></span> <span class='ocrx_word' id='word_1_748' title='bbox 1816 5256 2115 5327; x_wconf 90' lang='lat' dir='ltr'><strong>separatim</strong></span> 
     </span>
    </p>
   </div>
   <div class='ocr_carea' id='block_1_100' title="bbox 532 5350 2111 5423">
    <p class='ocr_par' dir='ltr' id='par_1_100' title="bbox 532 5350 2111 5423">
     <span class='ocr_line' id='line_1_100' title="bbox 532 5350 2111 5423; baseline -0.004 -14"><span class='ocrx_word' id='word_1_749' title='bbox 532 5353 927 5409; x_wconf 85' lang='lat' dir='ltr'><strong>contaminatis</strong></span> <span class='ocrx_word' id='word_1_750' title='bbox 963 5353 1073 5409; x_wconf 93' lang='lat' dir='ltr'><strong>illis</strong></span> <span class='ocrx_word' id='word_1_751' title='bbox 1104 5352 1306 5423; x_wconf 87' lang='lat' dir='ltr'><strong>apponi</strong></span> <span class='ocrx_word' id='word_1_752' title='bbox 1339 5352 1514 5406; x_wconf 87' lang='lat' dir='ltr'><strong>soleat</strong></span> <span class='ocrx_word' id='word_1_753' title='bbox 1551 5367 1564 5405; x_wconf 92' lang='lat'>:</span> <span class='ocrx_word' id='word_1_754' title='bbox 1596 5365 1779 5420; x_wconf 87' lang='lat' dir='ltr'><strong>neque</strong></span> <span class='ocrx_word' id='word_1_755' title='bbox 1812 5350 2111 5420; x_wconf 82' lang='lat' dir='ltr'><strong>quisquam</strong></span> 
     </span>
    </p>
   </div>
   <div class='ocr_carea' id='block_1_101' title="bbox 533 5441 2112 5519">
    <p class='ocr_par' dir='ltr' id='par_1_101' title="bbox 533 5441 2112 5519">
     <span class='ocr_line' id='line_1_101' title="bbox 533 5441 2112 5519; baseline -0.006 -17"><span class='ocrx_word' id='word_1_756' title='bbox 533 5446 607 5503; x_wconf 88' lang='lat' dir='ltr'><strong>ob</strong></span> <span class='ocrx_word' id='word_1_757' title='bbox 632 5462 825 5503; x_wconf 91' lang='lat' dir='ltr'><strong>eorum</strong></span> <span class='ocrx_word' id='word_1_758' title='bbox 862 5446 1181 5519; x_wconf 87' lang='lat' dir='ltr'><strong>spurcitiem</strong></span> <span class='ocrx_word' id='word_1_759' title='bbox 1210 5444 1294 5500; x_wconf 91' lang='lat' dir='ltr'><strong>vel</strong></span> <span class='ocrx_word' id='word_1_760' title='bbox 1322 5458 1464 5509; x_wconf 85' lang='lat' dir='ltr'><strong>pane</strong></span> <span class='ocrx_word' id='word_1_761' title='bbox 1489 5457 1615 5497; x_wconf 90' lang='lat' dir='ltr'><strong>cum</strong></span> <span class='ocrx_word' id='word_1_762' title='bbox 1644 5442 1757 5497; x_wconf 91' lang='lat' dir='ltr'><strong>illis</strong></span> <span class='ocrx_word' id='word_1_763' title='bbox 1780 5441 1934 5498; x_wconf 84' lang='lat' dir='ltr'><strong>vesci</strong></span> <span class='ocrx_word' id='word_1_764' title='bbox 1955 5455 2112 5495; x_wconf 88' lang='lat' dir='ltr'><strong>com-</strong></span> 
     </span>
    </p>
   </div>
   <div class='ocr_carea' id='block_1_102' title="bbox 608 5590 2107 5670">
    <p class='ocr_par' dir='ltr' id='par_1_102' title="bbox 608 5590 2107 5670">
     <span class='ocr_line' id='line_1_102' title="bbox 608 5590 2107 5670; baseline 0.001 -20"><span class='ocrx_word' id='word_1_765' title='bbox 608 5599 921 5670; x_wconf 20' lang='lat' dir='ltr'><strong>(73)7Hapd</strong></span> <span class='ocrx_word' id='word_1_766' title='bbox 950 5590 1170 5654; x_wconf 75' lang='grc' dir='ltr'>τισιδὲ</span> <span class='ocrx_word' id='word_1_767' title='bbox 1197 5599 1377 5670; x_wconf 67' lang='grc' dir='ltr'>φύσει</span> <span class='ocrx_word' id='word_1_768' title='bbox 1409 5598 1813 5668; x_wconf 77' lang='grc' dir='ltr'>Βορὸοριανοί.</span> <span class='ocrx_word' id='word_1_769' title='bbox 1851 5596 2107 5670; x_wconf 77' lang='lat' dir='ltr'><strong>Theodo-</strong></span> 
     </span>
    </p>
   </div>
   <div class='ocr_carea' id='block_1_103' title="bbox 537 5668 2107 5733">
    <p class='ocr_par' dir='ltr' id='par_1_103' title="bbox 537 5668 2107 5733">
     <span class='ocr_line' id='line_1_103' title="bbox 537 5668 2107 5733; baseline -0.003 -8"><span class='ocrx_word' id='word_1_770' title='bbox 537 5668 1077 5733; x_wconf 48' lang='lat' dir='ltr'><strong>retus&#39;Barbeliotas,</strong></span> <span class='ocrx_word' id='word_1_771' title='bbox 1120 5668 1236 5723; x_wconf 86' lang='lat' dir='ltr'><strong>sive</strong></span> <span class='ocrx_word' id='word_1_772' title='bbox 1269 5668 1635 5733; x_wconf 84' lang='lat' dir='ltr'><strong>Borborianos</strong></span> <span class='ocrx_word' id='word_1_773' title='bbox 1669 5679 1849 5723; x_wconf 90' lang='lat' dir='ltr'><strong>certos</strong></span> <span class='ocrx_word' id='word_1_774' title='bbox 1886 5668 2107 5722; x_wconf 65' lang='lat' dir='ltr'><strong>haareti-</strong></span> 
     </span>
    </p>
   </div>
   <div class='ocr_carea' id='block_1_104' title="bbox 496 5728 2107 5809">
    <p class='ocr_par' dir='ltr' id='par_1_104' title="bbox 496 5728 2107 5809">
     <span class='ocr_line' id='line_1_104' title="bbox 496 5728 2107 5809; baseline -0.001 -16"><span class='ocrx_word' id='word_1_775' title='bbox 496 5790 499 5793; x_wconf 32' lang='grc' dir='ltr'><strong><em>γ</em></strong></span> <span class='ocrx_word' id='word_1_776' title='bbox 535 5754 633 5793; x_wconf 87' lang='lat' dir='ltr'><strong>cos</strong></span> <span class='ocrx_word' id='word_1_777' title='bbox 647 5742 946 5809; x_wconf 76' lang='lat' dir='ltr'><strong>separatim</strong></span> <span class='ocrx_word' id='word_1_778' title='bbox 976 5728 1263 5805; x_wconf 80' lang='lat' dir='ltr'><strong>memorat,</strong></span> <span class='ocrx_word' id='word_1_779' title='bbox 1299 5754 1435 5809; x_wconf 90' lang='lat' dir='ltr'><strong>quos</strong></span> <span class='ocrx_word' id='word_1_780' title='bbox 1469 5747 1523 5794; x_wconf 91' lang='lat' dir='ltr'><strong>et</strong></span> <span class='ocrx_word' id='word_1_781' title='bbox 1547 5728 1839 5803; x_wconf 82' lang='lat' dir='ltr'><strong>Naasinos,</strong></span> <span class='ocrx_word' id='word_1_782' title='bbox 1869 5748 1924 5809; x_wconf 74' lang='lat' dir='ltr'><strong>et</strong></span> <span class='ocrx_word' id='word_1_783' title='bbox 1954 5740 2107 5793; x_wconf 86' lang='lat' dir='ltr'><strong>Stra-</strong></span> 
     </span>
    </p>
   </div>
   <div class='ocr_carea' id='block_1_105' title="bbox 538 5807 2099 5881">
    <p class='ocr_par' dir='ltr' id='par_1_105' title="bbox 538 5807 2099 5881">
     <span class='ocr_line' id='line_1_105' title="bbox 538 5807 2099 5881; baseline -0.001 -17"><span class='ocrx_word' id='word_1_784' title='bbox 538 5807 779 5875; x_wconf 62' lang='lat' dir='ltr'><strong>tioticos,</strong></span> <span class='ocrx_word' id='word_1_785' title='bbox 813 5818 868 5865; x_wconf 87' lang='lat' dir='ltr'><strong>et</strong></span> <span class='ocrx_word' id='word_1_786' title='bbox 896 5807 1233 5866; x_wconf 88' lang='lat' dir='ltr'><strong>Phibionitas</strong></span> <span class='ocrx_word' id='word_1_787' title='bbox 1262 5807 1517 5881; x_wconf 77' lang='lat' dir='ltr'><strong>appellat,</strong></span> <span class='ocrx_word' id='word_1_788' title='bbox 1557 5824 1678 5879; x_wconf 68' lang='lat' dir='ltr'><strong>qua:</strong></span> <span class='ocrx_word' id='word_1_789' title='bbox 1711 5817 1839 5866; x_wconf 86' lang='lat' dir='ltr'><strong>sunt</strong></span> <span class='ocrx_word' id='word_1_790' title='bbox 1872 5808 2099 5866; x_wconf 83' lang='lat' dir='ltr'><strong>Gnosti-</strong></span> 
     </span>
    </p>
   </div>
   <div class='ocr_carea' id='block_1_106' title="bbox 2228 4600 3800 4675">
    <p class='ocr_par' dir='ltr' id='par_1_106' title="bbox 2228 4600 3800 4675">
     <span class='ocr_line' id='line_1_106' title="bbox 2228 4600 3800 4675; baseline 0.003 -22"><span class='ocrx_word' id='word_1_791' title='bbox 2228 4600 2476 4655; x_wconf 86' lang='grc' dir='ltr'>λοῦνται·</span> <span class='ocrx_word' id='word_1_792' title='bbox 2509 4604 2686 4675; x_wconf 57' lang='grc' dir='ltr'>ᾓεροι</span> <span class='ocrx_word' id='word_1_793' title='bbox 2721 4603 2777 4657; x_wconf 83' lang='grc' dir='ltr'>δὲ</span> <span class='ocrx_word' id='word_1_794' title='bbox 2807 4603 3128 4667; x_wconf 79' lang='grc' dir='ltr'>Κοδδιανοὺς</span> <span class='ocrx_word' id='word_1_795' title='bbox 3164 4604 3360 4667; x_wconf 85' lang='grc' dir='ltr'>αὐτοὺς</span> <span class='ocrx_word' id='word_1_796' title='bbox 3387 4604 3800 4673; x_wconf 71' lang='grc' dir='ltr'>ἑπιφημίζουσι.</span> 
     </span>
    </p>
   </div>
   <div class='ocr_carea' id='block_1_107' title="bbox 2228 4693 3805 4767">
    <p class='ocr_par' dir='ltr' id='par_1_107' title="bbox 2228 4693 3805 4767">
     <span class='ocr_line' id='line_1_107' title="bbox 2228 4693 3805 4767; baseline 0.002 -21"><span class='ocrx_word' id='word_1_797' title='bbox 2228 4693 2401 4747; x_wconf 86' lang='grc' dir='ltr'>Κοδδά</span> <span class='ocrx_word' id='word_1_798' title='bbox 2417 4695 2486 4762; x_wconf 68' lang='grc' dir='ltr'>γᾶ</span> <span class='ocrx_word' id='word_1_799' title='bbox 2494 4712 2526 4766; x_wconf 92' lang='grc' dir='ltr'><strong>ρ</strong></span> <span class='ocrx_word' id='word_1_800' title='bbox 2548 4695 2760 4763; x_wconf 88' lang='grc' dir='ltr'>λέγεται</span> <span class='ocrx_word' id='word_1_801' title='bbox 2789 4696 2928 4749; x_wconf 79' lang='grc' dir='ltr'>κατὰ</span> <span class='ocrx_word' id='word_1_802' title='bbox 2946 4697 3045 4767; x_wconf 83' lang='grc' dir='ltr'><strong>τὴν</strong></span> <span class='ocrx_word' id='word_1_803' title='bbox 3064 4696 3336 4765; x_wconf 71' lang='grc' dir='ltr'>Συριακὴν</span> <span class='ocrx_word' id='word_1_804' title='bbox 3358 4695 3637 4749; x_wconf 81' lang='grc' dir='ltr'>διάλεκτον</span> <span class='ocrx_word' id='word_1_805' title='bbox 3663 4712 3805 4765; x_wconf 72' lang='grc' dir='ltr'>παρα</span> 
     </span>
    </p>
   </div>
   <div class='ocr_carea' id='block_1_108' title="bbox 2225 4786 3804 4857">
    <p class='ocr_par' dir='ltr' id='par_1_108' title="bbox 2225 4786 3804 4857">
     <span class='ocr_line' id='line_1_108' title="bbox 2225 4786 3804 4857; baseline 0.003 -20"><span class='ocrx_word' id='word_1_806' title='bbox 2225 4786 2470 4857; x_wconf 70' lang='grc' dir='ltr'>οψὶς,ἢ</span> <span class='ocrx_word' id='word_1_807' title='bbox 2530 4788 2849 4853; x_wconf 78' lang='grc' dir='ltr'>τρυϐλίον,</span> <span class='ocrx_word' id='word_1_808' title='bbox 2909 4787 3017 4840; x_wconf 86' lang='grc' dir='ltr'><strong>ἀπὸ</strong></span> <span class='ocrx_word' id='word_1_809' title='bbox 3062 4787 3155 4839; x_wconf 89' lang='grc' dir='ltr'><strong>τοῦ</strong></span> <span class='ocrx_word' id='word_1_810' title='bbox 3214 4787 3287 4857; x_wconf 85' lang='grc' dir='ltr'>μὴ</span> <span class='ocrx_word' id='word_1_811' title='bbox 3340 4786 3599 4842; x_wconf 87' lang='grc' dir='ltr'>δύνασθαί</span> <span class='ocrx_word' id='word_1_812' title='bbox 3653 4806 3804 4852; x_wconf 81' lang='grc' dir='ltr'>τινας</span> 
     </span>
    </p>
   </div>
   <div class='ocr_carea' id='block_1_109' title="bbox 2227 4877 3803 4952">
    <p class='ocr_par' dir='ltr' id='par_1_109' title="bbox 2227 4877 3803 4952">
     <span class='ocr_line' id='line_1_109' title="bbox 2227 4877 3803 4952; baseline 0.003 -23"><span class='ocrx_word' id='word_1_813' title='bbox 2227 4880 2342 4947; x_wconf 87' lang='grc' dir='ltr'>μετ’</span> <span class='ocrx_word' id='word_1_814' title='bbox 2378 4877 2556 4930; x_wconf 85' lang='grc' dir='ltr'>αὐτῶν</span> <span class='ocrx_word' id='word_1_815' title='bbox 2584 4877 2809 4931; x_wconf 82' lang='grc' dir='ltr'>ἐσθίειν’</span> <span class='ocrx_word' id='word_1_816' title='bbox 2841 4880 2960 4931; x_wconf 83' lang='grc' dir='ltr'>κατ’</span> <span class='ocrx_word' id='word_1_817' title='bbox 2990 4878 3125 4931; x_wconf 84' lang='grc' dir='ltr'>ἰδίαν</span> <span class='ocrx_word' id='word_1_818' title='bbox 3150 4878 3206 4931; x_wconf 77' lang='grc' dir='ltr'>δὲ</span> <span class='ocrx_word' id='word_1_819' title='bbox 3247 4881 3361 4941; x_wconf 88' lang='grc' dir='ltr'>τοῖς</span> <span class='ocrx_word' id='word_1_820' title='bbox 3402 4882 3803 4952; x_wconf 75' lang='grc' dir='ltr'>μεμιαμμένοις</span> 
     </span>
    </p>
   </div>
   <div class='ocr_carea' id='block_1_110' title="bbox 2221 4956 3802 5040">
    <p class='ocr_par' dir='ltr' id='par_1_110' title="bbox 2221 4956 3802 5040">
     <span class='ocr_line' id='line_1_110' title="bbox 2221 4956 3802 5040; baseline 0.002 -19"><span class='ocrx_word' id='word_1_821' title='bbox 2221 4968 2546 5021; x_wconf 87' lang='grc' dir='ltr'>δίδοσθαιτά</span> <span class='ocrx_word' id='word_1_822' title='bbox 2580 4968 2864 5040; x_wconf 84' lang='grc' dir='ltr'>βρώματα,</span> <span class='ocrx_word' id='word_1_823' title='bbox 2892 4970 2986 5022; x_wconf 75' lang='grc' dir='ltr'><strong>καὶ</strong></span> <span class='ocrx_word' id='word_1_824' title='bbox 3018 4972 3091 5040; x_wconf 87' lang='grc' dir='ltr'>μή</span> <span class='ocrx_word' id='word_1_825' title='bbox 3127 4987 3249 5023; x_wconf 92' lang='grc' dir='ltr'>τινα</span> <span class='ocrx_word' id='word_1_826' title='bbox 3281 4970 3540 5024; x_wconf 88' lang='grc' dir='ltr'>δύνασθαι</span> <span class='ocrx_word' id='word_1_827' title='bbox 3576 4973 3673 5024; x_wconf 76' lang='grc' dir='ltr'><strong>σὺν</strong></span> <span class='ocrx_word' id='word_1_828' title='bbox 3705 4956 3802 5024; x_wconf 76' lang='grc' dir='ltr'>αὗ-</span> 
     </span>
    </p>
   </div>
   <div class='ocr_carea' id='block_1_111' title="bbox 2220 5063 3799 5137">
    <p class='ocr_par' dir='ltr' id='par_1_111' title="bbox 2220 5063 3799 5137">
     <span class='ocr_line' id='line_1_111' title="bbox 2220 5063 3799 5137; baseline 0.001 -21"><span class='ocrx_word' id='word_1_829' title='bbox 2220 5067 2332 5125; x_wconf 87' lang='grc' dir='ltr'>τοίς</span> <span class='ocrx_word' id='word_1_830' title='bbox 2362 5063 2449 5118; x_wconf 79' lang='grc' dir='ltr'><strong>διὰ</strong></span> <span class='ocrx_word' id='word_1_831' title='bbox 2484 5065 2576 5117; x_wconf 83' lang='grc' dir='ltr'><strong>τὸν</strong></span> <span class='ocrx_word' id='word_1_832' title='bbox 2607 5064 2877 5135; x_wconf 84' lang='grc' dir='ltr'>μολυσμὸν</span> <span class='ocrx_word' id='word_1_833' title='bbox 2911 5064 3015 5117; x_wconf 82' lang='grc' dir='ltr'><strong>κᾶν</strong></span> <span class='ocrx_word' id='word_1_834' title='bbox 3048 5064 3210 5137; x_wconf 83' lang='grc' dir='ltr'>ἄρτον</span> <span class='ocrx_word' id='word_1_835' title='bbox 3246 5065 3563 5119; x_wconf 83' lang='grc' dir='ltr'>συνεσθίειν.</span> <span class='ocrx_word' id='word_1_836' title='bbox 3593 5065 3693 5117; x_wconf 86' lang='grc' dir='ltr'>Διά</span> <span class='ocrx_word' id='word_1_837' title='bbox 3716 5083 3799 5117; x_wconf 89' lang='grc' dir='ltr'><strong>τοι</strong></span> 
     </span>
    </p>
   </div>
   <div class='ocr_carea' id='block_1_112' title="bbox 2221 5156 3800 5229">
    <p class='ocr_par' dir='ltr' id='par_1_112' title="bbox 2221 5156 3800 5229">
     <span class='ocr_line' id='line_1_112' title="bbox 2221 5156 3800 5229; baseline 0.001 -20"><span class='ocrx_word' id='word_1_838' title='bbox 2221 5156 2377 5210; x_wconf 88' lang='grc' dir='ltr'>τοῦτο</span> <span class='ocrx_word' id='word_1_839' title='bbox 2421 5158 2836 5228; x_wconf 82' lang='grc' dir='ltr'>ἀφωρισμένους</span> <span class='ocrx_word' id='word_1_840' title='bbox 2867 5157 3089 5222; x_wconf 86' lang='grc' dir='ltr'>τούτους</span> <span class='ocrx_word' id='word_1_841' title='bbox 3137 5157 3430 5229; x_wconf 79' lang='grc' dir='ltr'>ἡγούμενοι</span> <span class='ocrx_word' id='word_1_842' title='bbox 3471 5158 3521 5210; x_wconf 84' lang='grc' dir='ltr'>οἱ</span> <span class='ocrx_word' id='word_1_843' title='bbox 3554 5157 3800 5229; x_wconf 65' lang='grc' dir='ltr'>συμμέτη</span> 
     </span>
    </p>
   </div>
   <div class='ocr_carea' id='block_1_113' title="bbox 2218 5248 3800 5320">
    <p class='ocr_par' dir='ltr' id='par_1_113' title="bbox 2218 5248 3800 5320">
     <span class='ocr_line' id='line_1_113' title="bbox 2218 5248 3800 5320; baseline -0.001 -19"><span class='ocrx_word' id='word_1_844' title='bbox 2218 5266 2355 5301; x_wconf 89' lang='grc' dir='ltr'>οικοι</span> <span class='ocrx_word' id='word_1_845' title='bbox 2402 5248 2723 5313; x_wconf 79' lang='grc' dir='ltr'>Κοδδιανοὺς</span> <span class='ocrx_word' id='word_1_846' title='bbox 2772 5249 3148 5320; x_wconf 81' lang='grc' dir='ltr'>ἐπωνόμασαν.</span> <span class='ocrx_word' id='word_1_847' title='bbox 3184 5250 3246 5302; x_wconf 92' lang='grc' dir='ltr'><strong>Οἱ</strong></span> <span class='ocrx_word' id='word_1_848' title='bbox 3295 5249 3448 5301; x_wconf 72' lang='grc' dir='ltr'>αὐτοὶ</span> <span class='ocrx_word' id='word_1_849' title='bbox 3483 5248 3539 5300; x_wconf 84' lang='grc' dir='ltr'>δὲ</span> <span class='ocrx_word' id='word_1_850' title='bbox 3587 5250 3645 5301; x_wconf 88' lang='grc' dir='ltr'><strong>ὲν</strong></span> <span class='ocrx_word' id='word_1_851' title='bbox 3703 5250 3800 5300; x_wconf 75' lang='grc' dir='ltr'><strong>Αί-</strong></span> 
     </span>
    </p>
   </div>
   <div class='ocr_carea' id='block_1_114' title="bbox 2217 5342 3799 5414">
    <p class='ocr_par' dir='ltr' id='par_1_114' title="bbox 2217 5342 3799 5414">
     <span class='ocr_line' id='line_1_114' title="bbox 2217 5342 3799 5414; baseline -0.002 -18"><span class='ocrx_word' id='word_1_852' title='bbox 2217 5342 2409 5412; x_wconf 85' lang='grc' dir='ltr'>γύπτῳ</span> <span class='ocrx_word' id='word_1_853' title='bbox 2452 5343 2842 5414; x_wconf 77' lang='grc' dir='ltr'>Στρατιωτικοὶ</span> <span class='ocrx_word' id='word_1_854' title='bbox 2884 5343 3172 5397; x_wconf 84' lang='grc' dir='ltr'>καλοῦνται</span> <span class='ocrx_word' id='word_1_855' title='bbox 3206 5342 3299 5395; x_wconf 76' lang='grc' dir='ltr'>καὶ</span> <span class='ocrx_word' id='word_1_856' title='bbox 3337 5342 3682 5404; x_wconf 79' lang='grc' dir='ltr'>Φιϐιωνῖται,</span> <span class='ocrx_word' id='word_1_857' title='bbox 3722 5342 3799 5405; x_wconf 81' lang='grc' dir='ltr'>ὡς</span> 
     </span>
    </p>
   </div>
   <div class='ocr_carea' id='block_1_115' title="bbox 2215 5432 3796 5506">
    <p class='ocr_par' dir='ltr' id='par_1_115' title="bbox 2215 5432 3796 5506">
     <span class='ocr_line' id='line_1_115' title="bbox 2215 5432 3796 5506; baseline -0.004 -16"><span class='ocrx_word' id='word_1_858' title='bbox 2215 5436 2328 5490; x_wconf 82' lang='grc' dir='ltr'>ἄνω</span> <span class='ocrx_word' id='word_1_859' title='bbox 2346 5452 2435 5506; x_wconf 79' lang='grc' dir='ltr'><strong>μοι</strong></span> <span class='ocrx_word' id='word_1_860' title='bbox 2457 5435 2514 5488; x_wconf 83' lang='grc' dir='ltr'><strong>ἐν</strong></span> <span class='ocrx_word' id='word_1_861' title='bbox 2534 5434 2690 5506; x_wconf 88' lang='grc' dir='ltr'>μέρει</span> <span class='ocrx_word' id='word_1_862' title='bbox 2714 5434 2983 5488; x_wconf 84' lang='grc' dir='ltr'>λέλεκται.</span> <span class='ocrx_word' id='word_1_863' title='bbox 3011 5432 3166 5497; x_wconf 82' lang='grc' dir='ltr'>Τινές</span> <span class='ocrx_word' id='word_1_864' title='bbox 3192 5433 3250 5486; x_wconf 84' lang='grc' dir='ltr'><strong>δὲ</strong></span> <span class='ocrx_word' id='word_1_865' title='bbox 3279 5433 3476 5494; x_wconf 79' lang='grc' dir='ltr'>αὐτοὺς</span> <span class='ocrx_word' id='word_1_866' title='bbox 3496 5433 3796 5501; x_wconf 81' lang='grc' dir='ltr'>Ζακχαίους</span> 
     </span>
    </p>
   </div>
   <div class='ocr_carea' id='block_1_116' title="bbox 2215 5588 3792 5658">
    <p class='ocr_par' dir='ltr' id='par_1_116' title="bbox 2215 5588 3792 5658">
     <span class='ocr_line' id='line_1_116' title="bbox 2215 5588 3792 5658; baseline -0.004 -10"><span class='ocrx_word' id='word_1_867' title='bbox 2215 5608 2405 5648; x_wconf 88' lang='lat' dir='ltr'><strong>eorum</strong></span> <span class='ocrx_word' id='word_1_868' title='bbox 2447 5592 2731 5647; x_wconf 89' lang='lat' dir='ltr'><strong>vocabula.</strong></span> <span class='ocrx_word' id='word_1_869' title='bbox 2780 5591 2938 5658; x_wconf 86' lang='lat' dir='ltr'><strong>Quod</strong></span> <span class='ocrx_word' id='word_1_870' title='bbox 2995 5590 3062 5645; x_wconf 89' lang='lat' dir='ltr'><strong>ad</strong></span> <span class='ocrx_word' id='word_1_871' title='bbox 3117 5605 3306 5645; x_wconf 90' lang='lat' dir='ltr'><strong>vocem</strong></span> <span class='ocrx_word' id='word_1_872' title='bbox 3360 5589 3557 5643; x_wconf 86' lang='lat' dir='ltr'><strong>attinet</strong></span> <span class='ocrx_word' id='word_1_873' title='bbox 3599 5588 3792 5653; x_wconf 83' lang='grc' dir='ltr'>κοδδά,</span> 
     </span>
    </p>
   </div>
   <div class='ocr_carea' id='block_1_117' title="bbox 2215 5662 3792 5753">
    <p class='ocr_par' dir='ltr' id='par_1_117' title="bbox 2215 5662 3792 5753">
     <span class='ocr_line' id='line_1_117' title="bbox 2215 5662 3792 5753; baseline -0.003 -35"><span class='ocrx_word' id='word_1_874' title='bbox 2215 5671 2408 5720; x_wconf 90' lang='lat' dir='ltr'><strong>notant</strong></span> <span class='ocrx_word' id='word_1_875' title='bbox 2447 5673 2636 5753; x_wconf 65' lang='lat' dir='ltr'><strong>mtpn</strong></span> <span class='ocrx_word' id='word_1_876' title='bbox 2675 5678 2796 5719; x_wconf 86' lang='lat' dir='ltr'><strong>esse</strong></span> <span class='ocrx_word' id='word_1_877' title='bbox 2838 5663 3148 5721; x_wconf 86' lang='lat' dir='ltr'><strong>scutellam.</strong></span> <span class='ocrx_word' id='word_1_878' title='bbox 3194 5662 3274 5715; x_wconf 91' lang='lat' dir='ltr'><strong>vel</strong></span> <span class='ocrx_word' id='word_1_879' title='bbox 3305 5667 3575 5714; x_wconf 86' lang='lat' dir='ltr'><strong>craterem</strong></span> <span class='ocrx_word' id='word_1_880' title='bbox 3621 5668 3792 5714; x_wconf 83' lang='lat' dir='ltr'><strong>testa-</strong></span> 
     </span>
    </p>
   </div>
   <div class='ocr_carea' id='block_1_118' title="bbox 2214 5751 3432 5829">
    <p class='ocr_par' dir='ltr' id='par_1_118' title="bbox 2214 5751 3432 5829">
     <span class='ocr_line' id='line_1_118' title="bbox 2214 5751 3432 5829; baseline -0.002 -16"><span class='ocrx_word' id='word_1_881' title='bbox 2214 5772 2390 5815; x_wconf 87' lang='lat' dir='ltr'><strong>ceum.</strong></span> <span class='ocrx_word' id='word_1_882' title='bbox 2418 5751 2556 5829; x_wconf 73' lang='lat' dir='ltr'><strong>[Vox</strong></span> <span class='ocrx_word' id='word_1_883' title='bbox 2583 5764 2762 5814; x_wconf 87' lang='lat' dir='ltr'><strong>autem</strong></span> <span class='ocrx_word' id='word_1_884' title='bbox 2786 5763 2871 5812; x_wconf 90' lang='lat' dir='ltr'><strong>est</strong></span> <span class='ocrx_word' id='word_1_885' title='bbox 2898 5754 3213 5812; x_wconf 88' lang='lat' dir='ltr'><strong>Chaldalca.</strong></span> <span class='ocrx_word' id='word_1_886' title='bbox 3242 5751 3432 5827; x_wconf 71' lang='lat' dir='ltr'><strong>Eum]</strong></span> 
     </span>
    </p>
   </div>
  </div>
