4194 6394
436 399 534 458 5H

431 529 656 586 pavor;
710 513 830 568 Ὀτι
881 513 980 567 οὐκ
1029 509 1136 585 ἦν,
1190 516 1357 584 φασὶ,

449 607 763 662 Ἐνεπνέετο
792 604 900 678 γὰρ
931 606 1034 658 ὑπὸ
1064 606 1271 659 πολλῶν
1311 608 1636 677 πνευμάτων
1673 607 1813 661 κατά
1844 606 2012 660 κάλα-

439 717 536 769 μον
564 700 655 754 τὸν
685 699 778 752 ἐπὶ
808 699 1019 770 ἑκάστῳ
1061 699 1247 770 ἀνέμῳ
1272 699 1606 769 κινούμενον.
1649 701 1758 752 Καὶ
1793 699 1878 751 ὅτε
1912 698 2010 769 μὲν

434 793 633 861 ἤρχετο
684 790 744 843 τὸ
776 790 994 859 πνεῦμα
1041 790 1136 842 τοῦ
1171 792 1460 861 ἄρχοντος,
1520 793 1845 864 Ἰουδαῖσμὺν
1878 793 2009 865 ἐκή-

438 897 659 949 ρυττεν·
693 881 781 932 ὅτε
821 881 876 932 δέ
914 880 974 932 τὸ
1020 881 1243 951 Πνεῦμα
1273 882 1333 935 τὸ
1381 879 1572 950 ἅγιον,
1614 885 1742 953 περὶ
1772 882 2007 955 Χριστοῦ

434 971 631 1024 ἐλάλει.
669 973 778 1025 Καὶ
797 970 953 1024 τοῦτό
977 973 1114 1034 ἐστι,
1144 973 1324 1040 φασὶν,
1363 975 1442 1026 ὅτι
1485 975 1537 1025 '0
1564 979 1912 1044 μικρότερος
1940 975 2010 1028 ὲν

433 1061 507 1130 τῇ
532 1064 820 1131 βασιλείᾳ
846 1065 962 1118 τῶν
983 1067 1254 1135 οὐρανῶν
1286 1069 1416 1138 (³74).
1438 1069 1573 1140 Περὶ
1601 1069 1787 1138 ήμῶν,
1821 1069 2005 1137 φασὶν,

435 1149 629 1218 εἶπεν,
689 1157 770 1210 ὄτι
822 1159 850 1210 6
902 1159 958 1211 ἐν
1026 1161 1156 1228 ἡμῖν
1211 1160 1530 1230 μικρότερος
1588 1161 1785 1230 μείζων
1843 1159 2004 1213 αὑτοῦ

435 1245 691 1315 ὑπάρχει.

505 1511 578 1565 Z'.
611 1510 721 1563 Καὶ
745 1511 905 1575 εὐθὺς
931 1513 1372 1585 ἐπιστομίζονται
1399 1517 1448 1568 oi
1469 1515 1692 1568 τοιοῦτοι
1719 1515 1812 1568 ἀπ’
1835 1516 2002 1586 αὐτῆς

431 1602 531 1671 τῆς
564 1602 839 1675 ἀληθείας.
891 1605 986 1658 Ἐκ
1033 1607 1140 1678 γάρ
1187 1609 1293 1662 τῶν
1325 1607 1764 1678 συνεζευγμένων
1799 1610 2004 1680 ἑκάστῃ

433 1692 574 1757 λέξει
607 1695 908 1761 ἀναφανδὸν
941 1698 974 1767 ἡ
1005 1697 1229 1766 ἀλήθεια
1255 1699 1619 1770 δειχθήσεται,
1653 1702 1744 1753 καὶ
1773 1705 1832 1753 τὸ
1856 1702 2003 1771 ἐχέγ-

433 1800 564 1849 γυον
593 1784 694 1853 τῆς
725 1786 975 1856 φράσεως
990 1788 1401 1857 ἀποδοθήσεται.
1431 1791 1492 1842 Ei
1520 1793 1619 1861 μὲν
1647 1792 1754 1862 γὰρ
1776 1793 1804 1845 6
1823 1793 2004 1846 Ἰωάν-

433 1891 532 1943 νης
560 1875 780 1944 μαλακά
815 1876 1102 1946 ἠμφίεστο,
1135 1880 1226 1931 καὶ
1251 1879 1310 1932 ὲν
1342 1879 1508 1943 οἴκοις
1536 1881 1798 1948 βασιλέων
1826 1883 2007 1954 ὑπῆρ-

434 1983 561 2048 χεν,
595 1966 727 2038 ὀρθὴ
770 1967 837 2021 ἂν
879 1969 1014 2039 πρὸς
1060 1970 1220 2022 αὐτὸν
1251 1974 1283 2042 ή
1315 1971 1490 2036 λέξις,
1521 1975 1614 2026 καὶ
1648 1974 1831 2028 εὐθεῖα
1869 1976 2006 2046 πρὸς

434 2055 652 2124 ἔλεγχον
688 2055 779 2110 τοῦ
822 2056 985 2111 αὑτοῦ
1041 2059 1301 2131 ὑπῆρχεν.
1335 2063 1396 2114 El
1452 2063 1546 2129 δέ,
1612 2065 1672 2118 Τι
1722 2064 2006 2130 ἐξήλθετε

435 2149 623 2211 Mair;
651 2149 964 2218 ἄνθρωπον
987 2153 1058 2204 ἐν
1077 2153 1375 2222 μαλακοῖς
1400 2157 1654 2224 ἱματίοις
1680 2158 2004 2228 ἠμφιεσμέ-

431 2259 577 2307 ror;
606 2243 698 2295 καὶ
743 2243 838 2313 οὐχ
877 2243 1051 2307 οὕτως
1098 2243 1242 2316 εἶχεν
1267 2287 1282 2310 ,
1319 2247 1501 2300 οὐκέτι
1547 2249 1606 2300 τὸ
1635 2248 1882 2320 ἔγκλημα
1913 2252 2005 2304 ἐπὶ

432 2333 522 2386 τὸν
553 2334 613 2386 οὐ
651 2334 867 2406 μαλακά
909 2336 1177 2408 φοροῦντα
1237 2339 1488 2411 Ἰωάννην
1533 2341 1624 2394 τοῦ
1700 2343 1857 2412 λόγου
1907 2346 2003 2396 ἐπ-

433 2424 701 2488 ενεκτέον,
724 2425 862 2478 ἀλλά
892 2427 984 2478 ἐπὶ
1009 2429 1134 2490 τοὺς
1152 2427 1323 2492 οὕτως
1347 2431 1598 2501 εὑρήσειν
1627 2433 1718 2486 τὸν
1757 2436 2004 2505 Ἰωάννην

431 2515 793 2585 νομίσαντας,
826 2517 920 2570 καὶ
958 2517 1062 2570 ὑπὸ
1094 2517 1201 2572 τῶν
1246 2519 1391 2573 ἔνδον
1434 2523 1491 2574 ἐν
1542 2523 1709 2586 οἴκοις
1741 2523 2003 2593 βασιλέων

433 2607 691 2669 πολλάκις
723 2608 863 2662 κατά
889 2609 1176 2681 ὑπόκρισιν
1202 2611 1684 2684 κολακευομένους.
1726 2617 2002 2686 Ἐνόμιζον

431 2696 540 2767 γάρ
569 2690 736 2762 οῦτοι,
771 2698 1113 2768 ἐξερχόμενοι
1152 2702 1247 2754 καλ⁹
1278 2702 1432 2774 παρὰ
1473 2705 1716 2758 Ἰωάννου
1751 2707 2003 2772 ἐπαίνους

433 2791 728 2862 εὑρίσκειν,
761 2793 855 2844 καὶ
889 2797 1270 2865 μακαρισμοὺς
1297 2797 1391 2850 ἐπὶ
1423 2800 1534 2860 τοῖς
1558 2799 1648 2851 ὑπ’
1674 2800 1849 2854 αὐτῶν
1879 2799 2001 2853 καθ’

434 2881 670 2951 ἑκάστην
719 2883 929 2953 ἡμέραν
970 2884 1277 2954 γινομένοις
1323 2887 1778 2959 παραπτώμασιν.
1830 2892 1916 2952 Ὠς
1945 2891 2000 2944 δὲ

430 2982 528 3052 οὐχ
568 2976 767 3054 ηὗρον,
815 2985 1226 3055 ἀνατρεπικῶς
1258 2984 1410 3056 παρά
1452 2984 1546 3037 τοῦ
1581 2983 1832 3059 Σωτῇρος
1867 2983 2000 3054 πρὸς

430 3076 624 3138 αὐτοὺς
649 3078 890 3147 εἴρηται,
918 3079 998 3130 ὅτι
1038 3078 1102 3130 Τί
1129 3077 1406 3148 ἐνομίζετε
1450 3077 1756 3147 εὑρίσκειν;
1782 3077 2000 3146 Συμπε·

1105 398 1476 456 ADVERSUS
1508 397 1848 453 IIASRESES
1887 395 2013 451 LIB.
2059 395 2097 452 Ι.
2134 395 2301 451 ΤΟΜ.
2335 395 2398 450 II.
2439 422 2506 437 -—
2535 393 2812 450 ΗᾹΞΒΕΞ.
2854 394 3044 452 XXVI.

1437 515 1639 578 τέλειος
1671 517 1698 567 6
1733 514 2001 584 Ἰωάννης.

2117 513 2302 566 existis
2343 513 2397 565 in
2426 512 2690 566 desertum
2724 508 2934 566 videre?
2974 511 3298 566 Arundinem
3341 521 3490 564 vento
3510 515 3684 584 agito-

3576 373 3682 455 sis

2115 613 2236 656 tam
2260 604 2276 634 ¹
2298 605 2322 658 ?
2346 603 2523 671 Quod,
2549 614 2608 658 ut
2642 611 2918 668 asserunt,
2948 604 3189 658 nondum
3235 612 3383 659 esset
3410 604 3683 674 perfectus

2117 693 2381 750 Joannes.
2403 693 2540 749 Nam
2575 709 2602 746 a
2635 695 2888 765 pluribus
2919 697 3094 749 ventis
3121 694 3482 765 perﬂabatur;
3518 711 3686 752 arun-

2114 786 2262 840 dinis
2293 803 2464 851 more,
2499 802 2620 856 quae
2653 785 2721 840 ad
2756 802 3200 856 unumquemque
3236 796 3458 841 ventum
3511 788 3684 858 agita-

2114 889 2226 934 tur.
2266 879 2453 948 Itaque
2483 895 2606 933 cum
2641 879 2693 933 in
2729 894 2854 934 eum
2893 879 3163 948 principis
3203 877 3429 947 spiritus
3471 879 3684 932 incum-

2113 972 2289 1034 beret,
2356 970 2642 1026 Iudaicum
2695 971 2903 1026 cultum
2959 969 3328 1040 praedicabat;
3375 983 3496 1024 cum
3551 983 3684 1024 vero

2114 1063 2366 1132 Spiritus
2400 1071 2625 1117 sanctus
2653 1061 2954 1124 adveniret,
3005 1061 3073 1116 de
3119 1059 3340 1116 Christo
3373 1074 3680 1116 sermonem

2113 1153 2462 1208 instituebat.
2497 1154 2616 1221 Quo
2639 1154 2857 1222 quidem
2901 1153 3016 1207 haec
3063 1153 3228 1208 Verba
3269 1151 3544 1223 pertinere
3582 1164 3682 1221 pu-

2111 1251 2275 1298 tant:
2319 1246 2424 1312 Qui
2469 1248 2640 1300 minor
2664 1255 2740 1300 est
2780 1247 2832 1298 in
2885 1262 3043 1316 regno
3080 1245 3328 1299 cartorum
3376 1245 3550 1314 major
3603 1253 3682 1298 est

2107 1337 2202 1390 illo
2227 1339 2265 1390 ¹.
2303 1337 2514 1408 Quippe
2547 1339 2614 1392 ad
2643 1353 2744 1393 nos
2779 1339 2880 1392 ista
2907 1337 3236 1403 referuntur,
3285 1339 3460 1400 aiunt,
3491 1346 3551 1391 ut
3587 1335 3680 1406 qui

2108 1429 2373 1482 intcrnos
2423 1429 2601 1483 minor
2633 1436 2737 1493 est,
2762 1428 2809 1482 is
2852 1426 3062 1482 Joanne
3093 1428 3164 1481 sit
3189 1426 3551 1496 praestantior.

2181 1517 2294 1573 VII.
2335 1516 2540 1572 Verum
2579 1534 2642 1572 os
2673 1519 2782 1574 illis
2815 1518 3049 1572 subinde
3088 1533 3117 1570 a
3150 1517 3377 1572 veritate
3401 1516 3518 1587 ipsa
3543 1525 3675 1586 pra-

2107 1606 2369 1662 cluditur.
2406 1606 2548 1660 Nam
2579 1623 2642 1662 ex
2675 1607 2749 1662 iis
2772 1622 2894 1677 quae
2919 1622 3043 1661 cum
3082 1621 3410 1677 unaquaque
3439 1606 3681 1662 dictione

2109 1711 2359 1750 connexa
2389 1704 2537 1757 sant.
2570 1696 2862 1766 perspicue
2892 1697 3096 1750 veritas
3121 1696 3424 1766 apparebit,
3457 1710 3522 1750 ac
3546 1693 3680 1766 quid

2111 1788 2371 1858 loquendi
2421 1789 2617 1843 rationi
2659 1795 3092 1844 consentaneum
3133 1788 3205 1842 sit
3235 1787 3544 1843 certissima
3574 1788 3679 1845 Iide

2114 1882 2534 1936 monstrabitur.
2568 1879 2778 1933 Etenim
2807 1880 2850 1935 si
2873 1878 3112 1934 Joannes
3147 1879 3490 1935 mollioribus
3510 1881 3679 1935 vesti-

2107 1974 2211 2028 bus
2245 1980 2511 2037 uteretur,
2547 1982 2707 2042 atque
2748 1971 2801 2025 in
2842 1971 3151 2041 principum
3187 1970 3403 2041 palatiis
3431 1971 3674 2041 degeret,

2107 2071 2259 2118 recta
2288 2064 2470 2133 ipsum
2503 2078 2609 2118 vox
2644 2063 2733 2116 illa
2764 2049 2991 2133 peteret,
3023 2069 3078 2118 et
3119 2063 3174 2116 in
3222 2063 3344 2131 ejus
3391 2061 3679 2132 reprehen-

2110 2157 2321 2212 sionem
2355 2164 2503 2210 esset
2551 2155 2669 2210 sine
2701 2156 2812 2210 ulla
2851 2156 3072 2226 ambage
3117 2155 3334 2209 collata.
3377 2144 3513 2209 Cum
3547 2169 3676 2209 vero

2109 2249 2185 2302 ita
2218 2249 2431 2304 locutus
2477 2247 2641 2302 fuerit
2677 2266 2690 2302 :
2742 2247 2882 2314 Quid
2926 2248 3111 2302 existis
3145 2247 3358 2301 videre?
3413 2247 3676 2302 hominem

2105 2339 2356 2393 mollibus
2407 2340 2730 2393 vestimentis
2781 2339 3021 2393 indutum
3070 2339 3127 2390 ’ί
3182 2338 3326 2394 istud
3385 2353 3548 2410 porro
3604 2339 3676 2394 ab

2107 2429 2317 2485 Joanne
2367 2432 2557 2500 procul
2607 2431 2865 2498 abfuerit,
2910 2431 3047 2485 nihil
3093 2439 3177 2486 est
3211 2447 3310 2486 cur
3357 2411 3520 2501 liiijus
3567 2431 3675 2486 loci

2109 2521 2548 2575 criminationem
2576 2519 2769 2575 referri
2799 2521 2867 2575 ad
2893 2519 3154 2576 Joannem
3189 2521 3544 2583 arbitremur,
3576 2519 3676 2590 qui

2107 2610 2562 2666 delicatumillum
2579 2611 2782 2664 cultum
2798 2609 3019 2665 minime
3031 2611 3272 2664 omnium
3288 2609 3559 2676 adhibuit;
3577 2609 3674 2665 sed

2105 2704 2172 2758 ad
2206 2719 2300 2759 eos
2325 2705 2530 2774 potius,
2567 2703 2658 2772 qui
2691 2701 2958 2771 ejusmodi
2983 2717 3042 2757 se
3064 2699 3328 2756 Joannem
3359 2709 3674 2772 reperturas

2105 2795 2390 2864 putabant,
2428 2795 2741 2864 quibusque
2789 2795 2990 2862 smpius
3020 2794 3228 2847 adulari
3277 2793 3454 2848 solent
3493 2793 3531 2847 ii
3577 2793 3675 2864 qui

2106 2885 2413 2955 principum
2446 2886 2601 2940 aulas
2635 2900 2698 2938 ac
2735 2886 2937 2956 palatia
2989 2884 3358 2953 frequentant.
3393 2883 3671 2940 Exeuntes

2102 2978 2243 3031 enim
2276 2977 2351 3030 illi
2393 2976 2784 3031 collaudandos
2827 2991 2887 3032 se
2914 2975 2980 3030 ab
3019 2975 3249 3040 Joanne,
3282 2985 3335 3030 et
3361 2975 3432 3030 ob
3460 2991 3524 3030 ea
3551 2991 3674 3046 qua:

2103 3067 2160 3122 in
2188 3067 2304 3124 dies
2339 3069 2632 3138 patrabant
2656 3068 2864 3124 scelera
2916 3067 3106 3124 felices
3150 3067 3528 3138 praedicandos
3563 3069 3674 3125 exi-

434 3164 786 3235 ριφερόμενον
822 3169 932 3229 τοῖς
964 3166 1117 3236 ὑμῶν
1160 3166 1387 3220 πάθεσιν
1415 3166 1716 3236 ἄνθρωπον,
1753 3164 1827 3227 ὡς
1859 3163 1998 3216 κατὰ

2104 3161 2421 3215 stimabant.
2462 3160 2580 3226 Qua
2614 3176 2711 3230 spe
2743 3175 2866 3214 cum
2909 3170 3095 3215 essent
3145 3160 3417 3227 frustrati,
3453 3160 3523 3215 ad
3572 3176 3671 3216 eos

429 3260 556 3322 τοὺς
585 3259 801 3330 μαλακὰ
830 3260 1162 3331 φοροῦντας;
1207 3261 1318 3331 Οὐχ
1354 3261 1545 3324 οὕτως.
1588 3262 1662 3314 Οὐ
1699 3261 1807 3332 γάρ
1850 3262 1996 3313 ἐστιν

441 3351 694 3420 Ἰωάννης
723 3351 967 3422 κάλαμος
1011 3351 1367 3422 σαλευόμενος
1399 3351 1644 3422 γνώμαις
1676 3352 1994 3422 ἀνθρώπων,

427 3441 502 3501 ὼς
526 3440 674 3494 δονού
683 3459 840 3511 μενος
872 3442 1113 3512 κάλαμος
1139 3442 1243 3494 ὑπὸ
1281 3443 1514 3512 ἑκάστης
1540 3441 1840 3514 ἀνθρώπων
1868 3445 1999 3496 ὐπο-

427 3533 661 3600 κρίσεως
688 3534 780 3585 καὶ
818 3534 1052 3604 ἀπάτης.
1095 3534 1309 3605 Ἐπειδὴ
1339 3534 1395 3586 δέ
1425 3531 1576 3587 εἶπεν
1601 3576 1616 3600 ,
1655 3536 1753 3588 Ἐν
1784 3552 1996 3604 γεννη-

427 3622 544 3688 τοῖς
565 3623 865 3692 γυναικῶν
889 3627 998 3678 οὐκ
1020 3624 1150 3679 ἐστι
1161 3625 1373 3695 μείζων
1390 3625 1685 3689 Ἰωάννου,
1704 3626 1790 3680 ἵνα
1825 3626 1895 3696 μή
1918 3643 2000 3678 τι-

427 3731 516 3776 νες
546 3713 805 3783 νομίσωσι
827 3715 918 3768 καὶ
947 3716 1110 3769 αὑτοῦ
1129 3717 1223 3770 τοῦ
1237 3717 1390 3787 Σωτῆ
1401 3735 1488 3786 ρος
1510 3716 1730 3786 μείζονα
1751 3713 1886 3770 εἷναι
1908 3718 1998 3770 τὸν

441 3805 715 3877 Ἰωάννην,
749 3806 829 3859 ὅτι
852 3808 946 3860 καὶ
975 3809 1134 3872 αὐτὸς
1159 3811 1186 3862 ὀ
1215 3809 1404 3880 Σωτήρ
1433 3810 1538 3862 ὑπὸ
1571 3810 1824 3878 γυναικὸς
1849 3811 2000 3877 ἐγεν-

426 3895 560 3967 νήθη
593 3936 608 3960 ,
664 3898 764 3968 τῆς
813 3899 1171 3970 ἀειπαρθένου
1223 3901 1438 3972 Μαρίας
1469 3942 1484 3966 ,
1547 3902 1635 3954 διὰ
1688 3901 1999 3971 Πνεῦματος

425 3987 604 4054 ἁγίου,
633 3987 1060 4059 ἀσφαλιζόμενος
1095 3990 1242 4060 ἡμᾶς
1264 3989 1368 4060 ἔφη
1388 4030 1402 4054 ,
1443 3993 1524 4044 ὅτι
1575 3993 1628 4044 Ὁ
1652 3993 2000 4060 μικρότερος

422 4079 632 4142 αὑτοῦ,
659 4080 905 4132 τουτέστι
933 4079 1008 4150 τῷ
1043 4083 1218 4152 χρόνῳ
1251 4081 1383 4152 (π)
1419 4081 1519 4151 τῆς
1549 4084 1811 4153 ὲνσάρκου
1834 4082 1998 4136 αὑτοῦ

426 4172 745 4241 παρουσίας,
773 4171 985 4239 μείζων
1020 4171 1206 4225 αὐτοῦ
1223 4173 1392 4226 ἐστιν
1410 4173 1478 4226 ἐν
1498 4173 1573 4240 τῇ
1584 4174 1871 4242 βασιλείᾳ
1884 4175 2000 4230 τῶν

423 4261 714 4328 οἰῬανῶν.
767 4262 981 4333 Ἐπειδὴ
1031 4264 1140 4335 γὰρ
1193 4264 1328 4334 μετὰ
1362 4263 1628 4335 ἑξάμηνον
1678 4267 1939 4339 ἐγεννήθη
1972 4271 2000 4322 6

423 4353 614 4423 Σωτὴρ
663 4353 765 4422 τῆς
819 4353 1062 4407 Ἰωάννου
1112 4357 1414 4425 γεννήσεως
1445 4394 1458 4419 ,
1509 4356 1749 4425 δηλονότι
1797 4358 1999 4427 μείζων

421 4443 587 4496 αὑτοῦ
625 4443 718 4500 ὢν.
755 4441 864 4498 Ἦν
889 4445 998 4516 γάρ
1034 4446 1155 4510 ἀεὶ,
1197 4447 1289 4499 καὶ
1317 4445 1453 4500 ἐστι.
1503 4448 1622 4500 Τίνι
1661 4447 1718 4501 δὲ
1753 4448 1908 4501 τοῦτο
1935 4451 1996 4502 οὐ

2101 3252 2432 3318 refellendos
2467 3253 2546 3306 ita
2577 3252 2828 3306 Salvator
2858 3252 3078 3307 locutus
3105 3263 3228 3308 est:
3265 3249 3408 3318 Quid
3446 3267 3546 3308 vos
3575 3268 3673 3307 na-

2101 3353 2290 3400 cturos
2319 3359 2442 3399 esse
2469 3343 2822 3399 credebatis?
2856 3341 3214 3397 Hominemne
3243 3343 3336 3412 qui
3381 3358 3440 3398 se
3485 3343 3674 3413 pravis

2105 3437 2273 3490 animi
2305 3436 2474 3492 vestri
2512 3435 2895 3491 aﬂ‘ectionibus
2942 3435 3404 3499 accommodaret,
3444 3435 3590 3506 quod
3634 3435 3673 3491 ii

2105 3529 2315 3583 faciunt
2354 3529 2448 3598 qui
2497 3527 2845 3583 mollioribus
2884 3526 3132 3582 vestibus
3179 3527 3531 3581 induuntur?
3572 3525 3672 3580 lli-

2103 3624 2250 3677 nime
2279 3637 2431 3677 vero.
2463 3620 2582 3675 Non
2614 3622 2762 3676 enim
2791 3618 3034 3675 Joannes
3069 3619 3282 3673 arundo
3311 3620 3559 3689 quredam
3588 3626 3672 3674 est

2104 3715 2387 3770 hominum
2413 3714 2766 3784 opinionibus
2813 3712 3034 3784 agitata,
3066 3713 3152 3767 vel
3184 3711 3432 3782 qualibet
3479 3726 3670 3768 eorum

2106 3806 2298 3861 fraude
2359 3821 2422 3860 ac
2487 3805 2838 3860 simulatione
2891 3818 3186 3859 concussa.
3239 3803 3346 3859 Sed
3409 3803 3668 3874 quoniam

2104 3900 2238 3954 illud
2275 3899 2551 3970 adjecerat
2584 3916 2596 3951 :
2630 3898 2779 3952 Inter
2819 3906 2969 3951 natos
2996 3897 3274 3950 mulierum
3297 3913 3399 3950 non
3439 3907 3672 3950 surreant

2102 3992 2278 4061 major
2309 3989 2514 4045 Joanne
2543 3989 2788 4058 Baptista
2810 3988 2850 4052 ⁵,
2879 4002 2946 4041 ne
2970 3989 3092 4059 quis
3120 3985 3385 4041 Joannem
3417 3985 3522 4042 sibi
3546 4002 3673 4056 per-

2103 4083 2383 4145 suaderet,
2411 4081 2574 4136 etiam
2609 4081 2728 4151 ipso
2771 4080 3054 4135 Salvatore
3081 4094 3204 4133 esse
3241 4078 3528 4148 majorem,
3558 4077 3674 4149 89

2102 4187 2211 4242 quo
2241 4173 2288 4227 is
2319 4187 2349 4225 a
2395 4171 2642 4236 muliere,
2676 4169 2936 4225 nimirum
2988 4168 3146 4222 beata
3185 4181 3510 4238 semperque
3546 4166 3671 4224 Vir-

2102 4267 2228 4336 gine
2267 4265 2436 4318 Maria
2479 4279 2577 4333 per
2625 4262 2888 4333 Spiritum
2940 4269 3192 4315 sanctum
3237 4268 3382 4316 esset
3429 4261 3667 4330 genitus,

2103 4363 2164 4410 ut
2200 4371 2300 4411 nos
2329 4361 2520 4410 contra
2565 4355 2712 4408 hunc
2749 4367 2994 4408 errorem
3024 4353 3340 4418 instrueret,
3384 4353 3618 4421 subjecit
3651 4370 3664 4405 :

2109 4448 2214 4514 Qui
2245 4447 2414 4502 minor
2447 4456 2524 4501 est
2559 4447 2614 4500 in
2662 4461 2819 4514 regno
2873 4445 3146 4506 caelorum,
3204 4445 3378 4514 major
3421 4454 3500 4498 est
3549 4445 3666 4499 illo.

419 4535 576 4605 δῆλόν
607 4538 780 4600 ἐστιν;
815 4515 1118 4606 Ἀραίγοῦν
1148 4536 1390 4607 ματαίως
1426 4535 1494 4590 τὰ
1526 4537 1702 4591 πάντα
1740 4542 1868 4610 παρ’
1898 4542 1995 4593 αὑ-

2106 4540 2264 4607 Quod
2298 4539 2548 4594 videlicet
2588 4539 2803 4592 ratione
2856 4539 3214 4607 temporisest
3247 4538 3314 4592 ab
3356 4553 3420 4593 eo
3463 4537 3669 4592 dictum

418 4630 531 4693 τοῖς
574 4629 996 4700 πεποιήτευται,
1046 4630 1154 4682 ἀπὸ
1204 4629 1422 4698 ἀγαθῶν
1468 4632 1549 4696 είς
1595 4633 1773 4702 φαῦλα
1824 4653 1990 4707 μεταο

418 4719 479 4769 ὗε
488 4719 583 4789 ὅλη
593 4719 749 4790 μένα.

2105 4649 2216 4704 quo
2243 4634 2295 4686 in
2351 4636 2498 4686 hunc
2527 4629 2794 4684 mundum
2830 4629 3068 4684 humana
3107 4643 3274 4684 carne
3298 4630 3557 4700 praeditus
3580 4630 3671 4686 ad-

2109 4729 2277 4789 venit,
2306 4725 2568 4796 quoniam
2602 4739 2759 4778 sexto
2804 4739 2834 4777 a
2875 4723 3103 4780 Joannis
3150 4725 3440 4780 nativitate
3483 4738 3672 4779 mense

414 4813 674 4886 Christus
705 4821 790 4869 est
845 4813 901 4868 in
952 4813 1129 4870 lucent
1161 4813 1362 4870 editus.
1406 4813 1510 4882 Qui
1542 4816 1687 4873 haud
1741 4819 1906 4876 dubie
1959 4825 2138 4893 major
2173 4827 2293 4877 erat
2335 4817 2452 4880 illo,
2495 4831 2616 4871 cum
2656 4823 2709 4871 et
2747 4817 2819 4870 sit
2842 4831 3058 4886 semper
3085 4822 3140 4870 et
3178 4815 3360 4870 fuerit.
3394 4814 3529 4880 Quis
3566 4815 3668 4869 hoc

415 4921 548 4962 γε·το
574 4915 752 4975 potest
781 4905 1079 4976 ignorare?
1110 4905 1338 4961 Frustra
1373 4907 1533 4979 igitur
1566 4909 1634 4964 ab
1679 4910 1786 4965 illis
1817 4917 2126 4985 excogitata
2155 4919 2284 4967 sunt
2313 4909 2520 4973 omnia,
2558 4916 2612 4963 et
2637 4924 2701 4963 ex
2734 4907 2892 4961 bonis
2919 4906 2972 4960 in
3003 4906 3142 4960 mala
3173 4922 3457 4962 conversa.

487 4997 567 5050 Ην.
607 4997 719 5049 Καὶ
763 4995 830 5049 τά
859 4996 956 5067 μὲν
990 4996 1170 5066 βιϐλία
1198 4996 1375 5050 αὐτῶν
1406 4997 1606 5052 πολλά’
1649 4999 1994 5070 Ἐρωτήσεις

411 5089 524 5158 γάρ
544 5105 698 5151 τινας
728 5089 949 5161 Μαρίας
975 5089 1278 5143 ἐκτίθενται
1299 5107 1312 5120 '
1350 5089 1497 5145 ἄλλοι
1525 5091 1581 5144 δὲ
1616 5092 1696 5155 είς
1736 5093 1828 5146 τὸν
1857 5111 1994 5164 προ-

2168 5000 2306 5055 VIII.
2363 4999 2631 5053 Caeterum
2692 4996 2813 5050 libri
2868 5011 3036 5065 penes
3103 4997 3227 5051 illos
3279 4996 3668 5067 quamplurimi

2091 5100 2240 5150 sunt.
2288 5091 2422 5146 Nam
2470 5088 2921 5158 Interrogationcs
2967 5085 3230 5156 quasdam
3265 5086 3445 5152 Mariae
3483 5087 3668 5142 vendi-

411 5196 536 5248 ειρη
545 5179 704 5249 μένον
754 5180 1104 5246 Ἰαλδαϐαὼθ,
1148 5183 1228 5244 εἰς
1256 5182 1431 5251 ὄνομα
1459 5182 1514 5234 δέ
1547 5183 1638 5236 τοῦ
1681 5183 1787 5253 Σὴθ
1821 5185 1992 5239 πολλὰ

2101 5194 2228 5240 tant.
2255 5185 2360 5238 Alii
2394 5185 2460 5238 de
2490 5198 2556 5238 eo
2579 5198 2738 5253 quem
2761 5180 2998 5235 diximus
3035 5179 3355 5235 Jaldabaotb
3381 5179 3484 5236 sub
3514 5179 3668 5236 Sethi

414 5269 596 5338 βιϐλία
620 5271 986 5325 ὑποτίθενται.
1029 5272 1420 5342 Ἀποκαλύψεις
1440 5273 1496 5326 δὲ
1521 5273 1613 5326 τοῦ
1645 5275 1814 5344 Ἀδάμ
1828 5275 1993 5338 ἄλλας

2101 5278 2310 5331 nomine
2343 5277 2653 5345 complures
2697 5275 2866 5328 libros
2923 5274 3296 5344 supposititios
3345 5272 3664 5328 obtrudunt.

412 5357 698 5427 λέγουσιν·
740 5359 1033 5429 εὐαγγέλια
1076 5362 1133 5415 δέ
1157 5363 1320 5432 ἕτερα
1361 5366 1440 5426 είς
1470 5363 1637 5433 ὄνομα
1679 5364 1788 5417 τῶν
1820 5364 1991 5436 μαθη-

2101 5365 2198 5420 Sed
2231 5374 2284 5420 et
2315 5365 2505 5418 Adami
2548 5365 2906 5420 revelationes
2938 5365 3095 5430 alias,
3124 5371 3182 5418 et
3216 5363 3321 5417 alia
3345 5364 3472 5418 item
3502 5377 3641 5418 evan

489 5516 508 5548 ¹
534 5515 725 5572 Matth.
759 5534 836 5586 ιι,
866 5519 922 5576 7.
997 5521 1018 5551 ²
1050 5520 1180 5576 ibid.
1212 5523 1298 5576 II.
1379 5523 1399 5553 ³
1425 5521 1557 5576 ibid.
1590 5521 1642 5575 8.
1720 5521 1742 5554 δ
1769 5521 1899 5576 ibid.
1937 5523 2020 5576 Il.

2095 5674 2251 5746 gelici
2321 5671 2928 5746 illius__loci_s_ensum
2991 5668 3203 5729 attinet,
3263 5667 3455 5746 eodem
3501 5667 3665 5746 modo

2092 5739 2374 5824 illarysost.
2397 5751 2450 5800 et
2475 5741 2914 5813 Tltcolihylactus
2945 5749 3242 5810 exponunt,
3279 5755 3387 5808 quo
3417 5739 3660 5811 Epipha-

2094 5831 2238 5871 ntus.

618 5672 779 5728 Forte
793 5667 1099 5748 addendum
1121 5678 1321 5748 μείζων
1338 5675 1681 5748 αγὺτοῦέστιν.
1702 5675 1798 5728 En.
1812 5676 1982 5731 Pun.

488 5743 625 5816 (μ’)
665 5745 948 5800 Τουτέστι
997 5747 1074 5812 τῷ
1121 5743 1331 5816 χρόνῳ.
1366 5747 1566 5801 Locum
1613 5763 1678 5801 ex
1727 5748 1987 5800 Vaticano

417 5814 608 5869 codice
643 5831 756 5870 sua:
797 5816 1096 5886 integritati
1121 5814 1489 5874 restituimus.
1535 5818 1689 5884 Quod
1728 5818 1793 5872 ad
1819 5834 1986 5876 evan-
