4194 6394
438 350 545 407 διίό

1853 348 1909 402 S.
1952 348 2299 406 EPIPHANII

3593 344 3700 402 ΒΜ

442 468 585 539 gelia
613 466 753 540 falsa
783 466 1179 537 discipulorum
1224 464 1450 519 nomine
1495 465 1845 520 conscribere
1891 474 2022 521 sunt

2145 468 2231 521 ὢν
2274 467 2691 537 συγγράψασθαι
2718 465 3153 536 τετολμήκασινο
3191 462 3355 519 αὐτόν
3378 480 3439 516 τε
3463 463 3555 518 τὸν
3585 465 3701 519 Σω-

440 561 583 616 ausi.
619 559 729 617 Nec
755 575 852 615 eos
886 560 1071 615 dicere
1109 559 1275 631 pudet
1307 559 1646 614 Salvatorem
1675 567 1923 614 nostrum
1955 574 2021 613 ac

442 649 736 705 Dominum
768 648 954 704 Jesum
998 647 1278 703 Christum
1322 646 1591 716 ejusmodi
1623 663 1718 716 per
1764 662 1887 702 sese
1913 654 2023 701 tur-

443 742 746 811 pitudinem
768 751 1125 796 monstrasse.
1168 739 1381 794 Etenim
1411 739 1467 792 in
1496 736 1679 792 Mariae
1716 737 2024 809 Interroga-

444 832 681 887 tionibus
721 847 860 902 quas
890 832 1128 902 majores
1159 841 1359 886 vocant
1388 830 1537 905 (sunt
1576 832 1722 885 enim
1766 831 1883 885 aliae
1929 832 2026 885 mi-

442 937 609 977 nores
663 923 889 993 perinde
935 922 1366 993 commentitiae),
1416 922 1562 977 hunc
1591 922 1669 976 illi
1701 922 2027 992 patefecisse

446 1014 682 1086 ﬁngunt,
713 1030 837 1071 cum
888 1032 1009 1071 eam
1052 1016 1109 1070 in
1151 1024 1393 1071 montem
1425 1015 1728 1082 eduxisset,
1771 1024 2029 1085 essetque

446 1114 729 1173 precatus,
771 1122 836 1161 ac
880 1106 1147 1175 producta
1187 1106 1255 1161 de
1283 1107 1455 1161 latere
1488 1120 1590 1161 suo
1626 1105 1855 1160 muliere
1898 1119 2027 1159 cum

447 1210 512 1250 ea
544 1211 658 1250 rem
702 1196 903 1255 habere
948 1196 1243 1266 cmpisset;
1277 1203 1393 1251 tum
1436 1196 1662 1252 seminis
1713 1196 1800 1251 sui
1838 1194 2027 1265 profu-

427 1288 604 1341 'sione
630 1287 919 1357 degustata
962 1296 1346 1355 monstrasset,
1382 1287 1482 1353 ita,
1530 1295 1592 1341 ut
1622 1286 1807 1342 vivere
1853 1290 2030 1356 possi-

450 1392 595 1441 mus,
624 1392 748 1432 esse
777 1376 1087 1432 faciendum
1138 1376 1362 1431 Addunt
1388 1377 1833 1447 etperturbatam
1862 1376 2031 1431 fuisse

449 1464 696 1532 Mariam,
739 1474 903 1536 atque
949 1466 1098 1520 humi
1136 1464 1425 1529 cecidisse,
1468 1480 1699 1535 eamque
1738 1480 1770 1519 a
1810 1464 2031 1520 Christo

450 1573 575 1615 cum
623 1558 711 1613 his
753 1558 936 1614 verbis
977 1564 1256 1615 erectam:
1306 1557 1484 1624 Quare
1510 1556 1767 1611 dubitasti
1810 1556 2032 1612 modica:

452 1649 623 1720 ﬁdei?
652 1648 831 1719 Atque
857 1649 961 1703 hoc
990 1649 1167 1718 ipsum
1199 1662 1323 1704 esse
1348 1648 1560 1713 volunt,
1592 1646 1740 1717 quod
1771 1646 1830 1700 in
1855 1646 2033 1700 Evan-

452 1744 596 1813 gelio
624 1740 828 1796 dicitur
860 1760 873 1796 :
905 1741 966 1795 Si
999 1751 1206 1795 terrena
1236 1740 1347 1793 lissi
1374 1739 1539 1805 vobis,
1576 1750 1627 1795 et
1667 1755 1769 1793 non
1803 1738 2032 1793 credidi-

2120 560 2264 631 τῆρα
2290 559 2449 629 ήμῶν
2475 559 2571 611 καὶ
2616 558 2821 629 Κύριον
2868 556 3075 627 Ἰησοῦν
3103 555 3340 627 Χριστὸν
3380 555 3483 609 οὐκ
3504 555 3700 626 αἰσχύ-

2122 668 2302 705 νονται
2341 650 2541 717 λέγειν,
2577 650 2660 703 ὅτι
2704 649 2866 711 αὐτὸς
2910 645 3232 715 ἀπεκάλυψε
3274 644 3375 716 τὴν
3416 645 3702 717 αἰσχρουρ-

2123 742 2249 811 γίαν
2278 740 2502 812 ταύτην.
2547 741 2635 794 Ἐν
2675 739 2785 810 γὰρ
2804 741 2923 802 ταῖς
2959 736 3321 806 Ἐρωτήσεσι
3345 736 3567 809 Μαρίας
3609 755 3702 790 κασ-

2124 836 2415 907 λουμέναις
2466 836 2729 907 μεγάλαις
2777 834 2907 903 (εἰσὶ
2954 832 3064 904 γὰρ
3118 830 3215 884 καὶ
3269 829 3464 901 μικραὶ⁵
3518 829 3702 893 αὐτοῖς

2126 928 2537 999 πεπλασμέναι)
2615 925 2960 980 ὑποτίθενται
3009 922 3171 978 αὐτὸν
3234 922 3372 991 αὐτῇ
3422 920 3702 975 ἀποκαλύ-

2128 1037 2311 1083 πτειν,
2334 1017 2721 1089 παραλαϐόντα
2756 1015 2925 1085 αὐτὴν
2958 1016 3037 1076 εἰς
3076 1012 3137 1066 τὸ
3165 1012 3313 1083 ὅρος,
3345 1010 3442 1065 καὶ
3475 1010 3706 1081 εὐξάμε-

2126 1127 2238 1175 νον,
2266 1110 2361 1163 καὶ
2394 1108 2693 1162 ἐκϐαλόντα
2730 1108 2795 1160 ἐκ
2818 1106 2919 1174 τῆς
2965 1102 3206 1175 πλευρᾶς
3242 1102 3409 1156 αὐτοῦ
3442 1105 3701 1171 γυναῖκα,

2126 1201 2225 1254 καὶ
2265 1198 2573 1271 ἀρξάμενον
2617 1197 2751 1267 αὐτῇ
2796 1192 3337 1264 ὲγκαταμίγνυσθαιο
3393 1192 3490 1245 καὶ
3535 1189 3705 1252 οὕτως

2127 1291 2286 1360 δῆθεν
2314 1290 2412 1359 τὴν
2454 1288 2754 1358 ἀπόρροιαν
2797 1283 2963 1339 αὐτοῦ
2999 1281 3373 1354 μεταλαὸόντα
3404 1280 3597 1345 δεῖξαι,
3624 1281 3708 1333 ὅτι

2129 1383 2210 1435 δεῖ
2235 1380 2405 1443 οὕτως
2434 1382 2625 1444 ποιεῖν,
2660 1378 2746 1431 ἴνα
2776 1375 3031 1446 ζήσωμεν
3055 1390 3067 1403 ·
3123 1375 3218 1427 καὶ
3243 1374 3320 1435 ὡς
3354 1372 3455 1442 τῆς
3494 1371 3708 1444 Μαρίας

2128 1471 2516 1544 ταραχθείσης,
2565 1472 2660 1524 καὶ
2688 1470 2963 1540 πεσούσης
3005 1468 3204 1539 χαμαὶ,
3232 1465 3392 1521 αὐτὸν
3426 1464 3587 1517 πάλιν
3614 1463 3712 1516 αὺ-

2128 1559 2227 1631 τὴν
2271 1557 2561 1628 ἐγείραντα
2616 1560 2790 1611 εἰπεῖν
2824 1557 2964 1628 αὐτῇ
2988 1573 3001 1584 ·
3052 1558 3188 1612 Ἵνα
3250 1555 3309 1608 τί
3360 1553 3710 1619 ἐδίστασας,

2132 1649 2513 1718 attractare;
2559 1645 2668 1699 Καί
2716 1661 2907 1717 φασιν,
2936 1644 3023 1698 ὅτι
3052 1643 3149 1697 καὶ
3184 1641 3343 1696 τοῦτό
3372 1644 3489 1695 ἐστι
3531 1640 3593 1695 τὸ
3631 1641 3713 1693 εί-

2137 1738 2371 1810 ρημένον
2395 1738 2454 1791 ὲν
2480 1735 2560 1807 τῷ
2602 1735 2943 1805 Εὐαγγελίῳ,
2984 1735 3065 1788 ὅτι
3086 1735 3156 1787 El
3179 1733 3253 1787 τὰ
3278 1733 3510 1803 ἐπίγεια
3540 1727 3716 1786 εἶπον

453 1834 574 1896 stis,
604 1833 834 1887 ccclestia
867 1832 1128 1902 quomodo
1175 1832 1395 1887 credetis
1422 1832 1475 1885 ‘?
1524 1830 1657 1887 Item
1691 1831 1826 1887 illud
1859 1851 1870 1887 :
1902 1831 2037 1888 Cum

2145 1829 2300 1900 ὑμῖν,
2334 1828 2437 1882 καὶ
2478 1830 2592 1883 οὐκ
2641 1828 3063 1890 ἐπιστεύσατε,
3115 1825 3188 1881 τὰ
3229 1822 3558 1893 ἐπουράνια
3589 1820 3716 1887 πῶς

456 1923 693 1977 aideritis
746 1920 943 1976 Filium
1001 1922 1222 1978 hominis
1268 1940 1331 1978 eo
1365 1921 1729 1978 ascendentem
1782 1922 1873 1977 ubi
1922 1935 2037 1979 erat

452 2015 675 2085 prius';
711 2013 815 2068 hoc
855 2022 963 2079 est,
1001 2013 1278 2084 inquiunt,
1318 2014 1594 2083 proﬂuens
1624 2028 1812 2069 semen
1849 2027 2039 2067 exsor-

456 2115 630 2178 ptum,
683 2114 741 2159 ut
786 2120 853 2160 eo
901 2105 1047 2160 unde
1094 2107 1301 2161 exierat
1341 2115 1663 2162 revertatur.
1716 2104 1856 2160 Tum
1892 2104 2040 2175 quod

457 2198 588 2255 alibi
655 2198 922 2267 scriptum
979 2204 1111 2253 est:
1147 2197 1274 2251 Nisi
1332 2197 1775 2252 manducaveritis
1828 2214 2041 2253 carnem

457 2305 651 2352 meam,
685 2297 734 2343 et
770 2288 1004 2342 biberitis
1041 2304 1212 2342 meum
1241 2290 1575 2360 sanguinem“
1596 2330 1608 2341 .
1641 2290 1724 2344 Ad
1757 2306 1881 2359 qua:
1917 2306 2043 2360 per-

460 2381 698 2436 turbatis
732 2380 1042 2451 discipulis,
1089 2395 1155 2434 ac
1199 2380 1509 2456 dicentibus
1538 2401 1552 2437 :
1584 2381 1716 2447 Quis
1746 2382 1841 2436 hoc
1872 2391 2041 2451 potest

460 2476 722 2533 audire‘?
749 2475 820 2532 de
847 2476 1187 2547 turpitudine
1225 2459 1534 2531 sermonem
1572 2492 1697 2531 eum
1729 2476 2039 2531 institutum

460 2568 682 2633 ferunt,
741 2567 974 2637 ideoque
1016 2567 1265 2622 turbatos
1315 2578 1464 2622 retro
1520 2567 1710 2637 pedem
1766 2568 2039 2623 retulisse.

459 2660 717 2716 Nondum
755 2660 900 2714 enim
936 2661 1175 2730 perfecte
1202 2659 1543 2715 corroborati
1583 2666 1740 2713 erant
1780 2674 1845 2713 ac
1876 2659 2044 2715 stabi-

453 2752 566 2809 liti.
603 2750 721 2819 Quo
749 2751 913 2806 etiam
946 2749 1168 2804 Davidis
1200 2748 1335 2803 illud
1363 2747 1570 2803 dictum
1599 2748 1847 2803 referunt
1874 2766 1887 2802 :
1922 2747 2044 2802 Erit

466 2852 719 2914 tanquam
754 2843 951 2914 lignum
980 2840 1118 2911 quod
1151 2840 1455 2911 plantatum
1491 2850 1570 2895 est
1608 2855 1756 2894 secus
1792 2840 2043 2894 decursus

464 2951 743 3006 aquarum,
774 2932 913 3004 quod
945 2933 1178 3002 fructum
1207 2947 1363 2987 suum
1383 2929 1532 2984 dabit
1555 2931 1609 2984 in
1631 2941 1860 2999 tempore
1887 2947 1982 2985 suo
1998 2932 2041 2984 ⁵.

462 3026 575 3097 90
600 3025 778 3095 Atque
822 3025 878 3080 in
909 3039 974 3078 eo
1030 3022 1176 3094 quod
1213 3023 1477 3093 scriptum
1516 3031 1636 3079 est:
1670 3021 1831 3077 Secus
1863 3023 2047 3076 decur-

2138 1920 2529 1985 πιστεύσετε;
2568 1918 2663 1973 καὶ
2706 1918 2789 1983 τὸ,
2824 1918 3012 1972 ’Ὅταν
3049 1916 3212 1984 ἷδητε
3260 1914 3371 1969 τὸν
3427 1914 3564 1969 Υίὸν
3608 1912 3717 1967 τοῦ

2139 2013 2452 2081 ἀνθρώπου
2501 2011 2904 2080 ἀνερχόμενον
2954 2009 3106 2063 ὅπου
3154 2004 3235 2079 ἦν
3276 2005 3344 2061 τὸ
3397 2006 3713 2075 πρότερον

2138 2102 2385 2155 τουτέστι
2408 2101 2508 2172 τὴν
2536 2101 2838 2172 ἀπόρροιαν
2869 2097 3447 2170 μεταλαμϐανομένην,
3475 2094 3597 2148 ὅθεν
3624 2092 3719 2146 καὶ

2141 2193 2365 2263 ἐξῆλθεο
2409 2192 2594 2247 καὶτὸ
2636 2193 2842 2245 εἰπεῖν’
2885 2189 3027 2245 Ἐὰν
3056 2189 3142 2260 μὴ
3192 2185 3419 2258 φάγητέ
3458 2202 3576 2256 μου
3604 2180 3719 2249 τὴν

2141 2285 2358 2356 σάρκα,
2391 2284 2489 2339 καί
2516 2283 2692 2352 πίητέ
2716 2301 2835 2353 μου
2865 2281 2932 2336 τὸ
2969 2277 3130 2352 αἷμα.
3166 2280 3278 2334 Καὶ
3317 2279 3427 2333 τῶν
3463 2274 3721 2348 μαθητῶν

2140 2374 2583 2449 ταρασσομένων,
2636 2372 2732 2424 καὶ
2762 2370 3052 2439 λεγόντων,
3104 2368 3198 2435 Τίς
3244 2368 3495 2421 δύναται
3543 2363 3723 2419 τοῦτο

2143 2468 2435 2529 ἀκοῦσαι;
2477 2464 2664 2534 φασὶν,
2690 2463 2766 2526 ὡς
2799 2463 2928 2532 περὶ
2968 2462 3068 2531 τῆς
3092 2461 3447 2530 αἰσχρότητος
3475 2451 3542 2527 ἦν
3569 2458 3599 2509 ὁ
3639 2453 3725 2505 λό-

2142 2578 2273 2631 γος’
2323 2559 2403 2612 διὸ
2462 2558 2559 2611 καὶ⁹
2616 2554 3033 2626 ἐταράχθησαν,
3087 2554 3183 2607 καὶ
3231 2549 3472 2623 ἀπῆλθον
3525 2548 3606 2611 είς
3656 2546 3724 2601 τὰ

2144 2656 2336 2709 ὀπίσω.
2374 2651 2539 2706 Οὔπω
2573 2649 2683 2721 γὰρ
2706 2643 2867 2720 ἦσαν,
2910 2648 3098 2716 φασὶν,
3130 2647 3187 2699 ὲν
3226 2641 3552 2716 πληρώματι
3574 2641 3726 2693 ὲστε-

2148 2746 2430 2820 ρεωμένοι.
2470 2743 2583 2796 Καὶ
2624 2741 2686 2794 τὸ
2727 2742 2905 2793 εἰπεῖν
2941 2737 3033 2791 τὸν
3061 2736 3253 2806 Δαϐίδι·
3299 2737 3512 2789 Ἔσται
3548 2733 3629 2798 ὡς
3659 2730 3725 2784 τὸ

2147 2819 2339 2904 ξύλον
2372 2836 2437 2890 τὸ
2472 2828 2927 2903 πεφυτευμένον
2954 2828 3114 2897 παρὰ
3141 2827 3249 2893 τὰς
3276 2823 3585 2889 διεξόδους
3609 2819 3730 2874 τῶν

2147 2926 2400 2985 ὑδάτων.
2427 2925 2457 2979 ὂ
2492 2924 2599 2979 τόν
2626 2921 2860 2991 καρπὸν
2890 2918 3077 2974 αὐτοῦ
3106 2916 3283 2970 δώσει
3310 2914 3380 2968 ἐν
3404 2910 3586 2981 καιρῷ
3617 2913 3726 2965 αὑ-

2146 3021 2251 3076 τοῦ
2270 3040 2284 3053 ο
2315 3018 2445 3089 περὶ
2479 3018 2581 3088 τῆς
2608 3015 2962 3086 αἰσχρότητος
2990 3009 3086 3065 τοῦ
3119 3008 3335 3081 ἀνδρὸς,
3364 3006 3518 3076 φασὶ,
3551 3005 3720 3074 λέγει,

465 3136 559 3175 sus
586 3134 863 3189 aquarum,
896 3117 1123 3172 indicari
1147 3116 1253 3172 viri
1279 3116 1582 3173 fmditatem
1612 3114 2046 3180 asseruit;istud

2161 3111 2287 3165 Ἐπὶ
2324 3116 2439 3181 τὴν
2472 3108 2688 3173 ἔξοδον
2718 3105 2835 3160 τῶν
2867 3102 3121 3159 ὑδάτων.
3160 3100 3293 3161 Καὶ,
3343 3100 3413 3152 Ὃ
3451 3096 3557 3150 τὸν

464 3226 629 3267 vero:
660 3208 813 3279 Quod
837 3210 1070 3279 fructum
1104 3226 1260 3264 suum
1290 3208 1438 3263 dabit
1466 3208 1520 3262 in
1554 3216 1782 3276 tempore
1813 3223 1930 3270 suo,
1953 3221 2046 3261 vo-

2148 3205 2267 3257 πὸν
2292 3200 2476 3257 αὑτοῦ
2503 3198 2701 3262 δώσει,
2735 3194 2834 3267 τὴν
2868 3194 2968 3264 τῆς
3009 3192 3202 3262 ἡδονῆς
3238 3187 3541 3279 ὲπίρροιαν,
3574 3184 3728 3252 φασὶ,

466 3301 697 3372 luptatis
739 3301 1117 3356 demonstrare
1159 3298 1498 3369 proluviem;
1551 3311 1678 3350 nam
1717 3295 1863 3366 quod
1896 3294 2052 3349 addi-

468 3399 734 3455 tum'est,
764 3388 831 3442 Et
857 3389 1050 3458 folium
1074 3388 1188 3459 ejus
1214 3405 1318 3443 non
1356 3387 1547 3456 deﬂuet
1569 3388 1613 3451 °,
1655 3394 1771 3439 tum
1806 3401 1836 3440 a
1868 3384 2047 3448 nobis,

470 3485 752 3555 inquiunt,
796 3481 1095 3552 perﬁcitur,
1146 3498 1272 3537 cum
1323 3483 1375 3536 in
1411 3494 1609 3536 terram
1655 3480 1907 3535 decidere
1941 3493 2052 3533 non

472 3574 736 3645 patimur,
774 3572 870 3627 sed
905 3572 1125 3643 ipsimet
1149 3571 1283 3626 illud
1311 3572 1673 3627 absumimus.

544 3663 639 3720 IX.
678 3668 757 3719 Ac
790 3680 858 3718 ne
900 3664 1129 3734 prolatis
1173 3664 1390 3718 illorum
1416 3658 1754 3719 testimoniis
1793 3664 1917 3733 plus
1960 3663 2056 3718 de-

474 3757 723 3813 trimenti
747 3772 911 3827 quam
958 3757 1212 3812 utilitatis
1255 3756 1504 3816 all‘eram,
1555 3754 1759 3811 idcirco
1800 3757 2056 3825 pleraque

479 3849 699 3906 silentio
740 3848 1171 3918 praetermittam.
1200 3847 1459 3918 Alioquin
1479 3848 1684 3909 omnia,
1727 3863 1848 3917 quae
1882 3847 1952 3905 ab
1991 3847 2058 3900 il-

478 3944 551 3999 lis
578 3942 860 4005 dicuntur,
898 3940 1003 3994 hoc
1034 3940 1157 3995 loco
1180 3940 1510 4010 explicando
1542 3952 2054 3994 commemorarem.

478 4034 618 4089 Nam
655 4031 807 4104 quod
872 4032 929 4085 in
971 4028 1257 4101 Scriptura
1298 4031 1529 4103 legimus
1577 4029 1731 4085 Raab
1774 4031 2059 4085 coccinum

480 4129 537 4183 in
561 4126 801 4183 fenestra
825 4125 1080 4197 posuisse
1103 4124 1148 4190 ⁷,
1174 4140 1287 4178 non
1310 4124 1596 4179 coccinum
1614 4131 1752 4186 erat,
1784 4121 2059 4192 inquiunt,

482 4220 580 4277 sed
624 4220 891 4277 muliebre
936 4218 1295 4290 pudendum:
1329 4217 1386 4271 in
1433 4232 1543 4287 quo
1585 4216 1876 4271 coccineus
1911 4215 2063 4269 color

484 4319 828 4365 menstruum
875 4309 1200 4379 sanguinem
1240 4307 1529 4377 signiﬁcat.
1578 4305 1722 4372 Quin
1764 4306 1927 4359 etiam
1970 4320 2065 4359 eo-

484 4402 608 4457 dem
640 4402 773 4456 illnd
816 4411 1026 4470 spectat
1059 4419 1073 4455 :
1106 4401 1233 4455 Bibe
1266 4416 1460 4470 aquam
1490 4398 1554 4454 de
1588 4399 1693 4452 tuis
1731 4398 1871 4451 vasis
1891 4398 1932 4449 ⁸.
1977 4395 2065 4451 Si-

2149 3292 2331 3362 λέγει·
2366 3289 2476 3345 Καὶ
2514 3288 2581 3341 τὸ
2616 3286 2857 3356 φύλλον
2892 3281 3077 3336 αὑτοῦ
3107 3281 3219 3334 οὐκ
3259 3273 3729 3345 ἀπορῤυήσεται,

2150 3388 2231 3439 ὅτι
2262 3384 2361 3437 οὐκ
2392 3380 2570 3451 ἐῶμεν
2603 3377 2733 3431 αὐτὸ
2763 3374 2940 3446 χαμαὶ
2969 3364 3177 3437 πεσεῖν,
3207 3367 3345 3423 ἀλλὰ
3389 3366 3544 3421 αὐτοὶ
3598 3362 3728 3419 αὐτὸ

2153 3476 2424 3547 ἐσθίομεν.

2225 3658 2300 3713 8'.
2342 3655 2453 3710 Kal.
2478 3654 2566 3708 ἵνα
2620 3653 2695 3723 μὴ
2744 3648 2843 3712 τὰς
2898 3642 3205 3717 μαρτυρίας
3251 3636 3430 3694 αὐτῶν
3480 3636 3539 3689 ἐν
3588 3632 3737 3705 μέσῳ

2158 3751 2307 3820 ἄγων
2345 3746 2534 3818 βλὰψω
2586 3742 2784 3815 μᾶλλον
2834 3740 2979 3811 ἤπερ
3011 3735 3301 3803 ὠφελήσω,
3338 3728 3531 3783 τούτου
3576 3726 3736 3820 χάριν

2156 3816 2227 3895 τὰ
2259 3816 2429 3893 πολλὰ
2471 3833 2875 3906 ὑπερϐήσομαι.
2923 3828 3077 3881 Ἐπεὶ
3109 3828 3130 3859 ⁹
3173 3826 3239 3878 ἂν
3270 3822 3339 3876 τὰ
3378 3821 3555 3874 πάντα
3604 3816 3736 3887 παρ’

2159 3934 2341 3995 αὐτοῖς
2370 3929 2556 3990 κακῶς
2588 3924 2857 3995 λεγόμενα
2894 3918 3127 3973 ἐνταῦθα
3197 3912 3631 3987 παρατιθέμενος
3663 3908 3739 3962 δι-

2160 4024 2443 4097 ηγόρευον.
2479 4020 2554 4073 Τὸ
2579 4018 2893 4089 γὰρείπεῖν,
2914 4013 3066 4083 φασὶ,
3098 4008 3400 4063 τεθεικέναι
3428 4004 3528 4076 τὴν
3572 4001 3738 4097 Ῥαὰ6

2161 4092 2413 4171 κόκκινον
2453 4115 2511 4167 ὲν
2544 4114 2611 4183 τῇ
2646 4108 2844 4180 θυρίδι,
2872 4107 2972 4165 οὐκ
3000 4100 3089 4175 ἦν,
3117 4102 3271 4172 φασὶ,
3300 4098 3575 4161 κόκκινον,
3605 4092 3740 4149 ἀλλὰ

2162 4208 2232 4261 τὰ
2279 4207 2447 4278 μόρια
2474 4205 2570 4274 τῆς
2609 4199 2929 4271 γυναικείας
2965 4197 3213 4266 φύσεως·
3251 4194 3347 4248 καὶ
3383 4192 3445 4244 τὸ
3492 4190 3740 4244 κόκκινον

2165 4295 2303 4370 αἷμα
2352 4299 2459 4352 τῶν
2507 4294 2860 4365 καταμηνίων
2910 4290 3082 4358 λέγει.
3123 4286 3229 4340 Καὶ
3264 4285 3326 4338 τὸ
3369 4285 3564 4349 εἰπεῖν,
3600 4280 3741 4335 Πίνε

2165 4390 2356 4443 ὕδατα
2386 4388 2502 4443 ἀπὸ
2541 4384 2668 4439 σῶν
2707 4383 2977 4453 ἀγγείων,
2999 4381 3131 4450 περὶ
3163 4376 3352 4431 τούτου
3398 4375 3562 4443 λέγει.
3607 4370 3743 4424 Φασὶ

486 4493 709 4563 quidem
735 4494 962 4554 interire
990 4508 1237 4558 carnem,
1271 4508 1373 4547 nec
1404 4491 1633 4546 excitari
1664 4490 1845 4544 denuo
1870 4489 2046 4559 prsidi

2167 4486 2223 4539 δὲ
2251 4479 2391 4537 εἶναι
2425 4481 2524 4550 τὴν
2560 4478 2737 4548 σάρκα
2767 4472 3168 4543 ἀπολλυμένην,
3204 4468 3299 4520 καὶ
3347 4464 3421 4536 μὴ
3436 4464 3743 4563 Αὲγειιρομέ-

487 4592 639 4649 eant,
692 4598 922 4653 eamque
964 4583 1033 4637 ad
1060 4584 1361 4653 principem
1393 4583 1688 4652 pertinere.
1722 4580 1844 4635 Vim
1884 4590 2068 4637 autem

490 4677 662 4736 illam,
697 4691 819 4743 quae
866 4675 922 4728 in
966 4675 1264 4729 menstruis
1319 4682 1404 4729 est
1445 4689 1510 4728 ac
1562 4672 1790 4736 semine,
1832 4673 2068 4726 animam

489 4783 635 4831 esse,
671 4781 834 4836 quam
869 4766 1157 4819 collectam
1192 4765 1549 4819 comedimus.
1596 4762 1748 4818 Unde
1786 4778 1909 4817 cum
1948 4777 2075 4815 car-

492 4860 655 4914 nibus
694 4844 805 4910 aut
855 4856 1119 4918 oleribus,
1171 4863 1265 4906 aut
1326 4868 1484 4922 pane,
1528 4861 1622 4906 aut
1666 4854 1774 4905 alio
1814 4852 2072 4922 quopiam

489 4951 785 5011 vescimur,
816 4948 952 5001 bene
979 4945 1047 5000 de
1082 4946 1283 4999 creatis
1313 4946 1475 4999 rebus
1512 4959 1803 5006 meremur,
1837 4944 1966 4997 dum
2001 4958 2067 4996 ex

492 5041 579 5094 his
606 5039 864 5093 omnibus
894 5037 1132 5093 animam
1168 5048 1546 5103 corrogamus,
1578 5046 1643 5085 ac
1683 5032 1972 5086 nobiscum
2012 5030 2067 5083 in

492 5132 692 5186 cmlum
742 5129 1045 5184 evebimus.
1104 5125 1337 5195 ideoque
1378 5139 1577 5194 genere
1627 5123 1776 5178 omni
1823 5122 2069 5176 carnium

494 5231 746 5284 utuntur,
778 5230 837 5275 ut
867 5220 1103 5291 generis,
1135 5219 1308 5279 aiunt,
1341 5217 1516 5271 nostri
1550 5216 1928 5270 misercamur.
1958 5212 2072 5267 Car.-

496 5320 674 5367 terum
699 5313 945 5367 eamdem
978 5312 1160 5366 inesse
1181 5318 1374 5380 putant
1401 5307 1750 5372 animalibus,
1778 5315 1831 5361 et
1859 5306 2071 5371 bestiis,

2170 4594 2268 4645 νην
2290 4592 2303 4607 ·
2337 4569 2565 4626 εἶναι-δὲ
2609 4566 2814 4637 ταύτην
2837 4564 2933 4617 τοῦ
2965 4564 3243 4634 ἄρχοντος.
3288 4558 3398 4629 Τὴν
3431 4555 3487 4607 δὲ
3517 4553 3745 4623 δύναμιν

2171 4670 2271 4739 τὴν
2320 4668 2377 4718 ὲν
2413 4666 2524 4726 τοῖς
2558 4658 2915 4730 καταμηνίοις
2958 4654 3052 4708 καὶ
3097 4654 3154 4705 ὲν
3204 4651 3323 4714 ταῖς
3355 4648 3542 4717 γοναῖς
3568 4641 3745 4713 ψυχήν

2172 4733 2312 4811 εἶναί
2364 4771 2548 4824 φασιν,
2600 4751 2665 4821 ἣν
2722 4747 3073 4814 συλλέγοντες
3125 4740 3399 4810 ἐσθίομεν.
3450 4737 3559 4789 Kal.
3604 4733 3746 4803 ἅπερ

2174 4851 2334 4921 ἡμεῖς
2368 4846 2616 4915 ἐσθίομεν
2651 4841 2759 4910 (75)
2805 4839 2962 4909 κρέα,
2992 4837 3026 4906 ἣ
3075 4835 3306 4904 λάχανα,
3342 4829 3375 4901 ἢ
3419 4829 3602 4921 ἄρτον,
3638 4826 3747 4895 ήτι

2175 4916 2383 5009 ἕτερον,
2438 4935 2597 5005 χάριν
2643 4930 2903 5000 ποιοῦμεν
2950 4929 3071 4988 ταῖς
3114 4924 3347 4983 κτίσεσι,
3398 4916 3749 4983 συλλέγοντες

2175 5006 2283 5085 ἀπο
2314 5029 2530 5082 πάντων
2566 5023 2662 5092 τὴν
2694 5020 2892 5091 ψυχὴν,
2924 5018 3020 5071 καὶ
3057 5013 3452 5085 μεταφέροντες
3486 5007 3601 5079 μεθ’
3628 5006 3725 5059 ὲαυ

2175 5119 2284 5172 τῶν
2333 5119 2410 5179 εἰς
2462 5114 2529 5166 τὰ
2574 5110 2891 5181 ἐπουράνια.
2948 5106 3147 5174 Διόπερ
3195 5101 3289 5155 καὶ
3335 5099 3552 5151 πάντων
3588 5112 3751 5167 μετα-

2178 5209 2513 5280 λαμϐάνουσι
2544 5203 2720 5276 κρεῶν
2748 5201 3020 5266 λέγοντες,
3053 5198 3143 5248 ἵνα
3174 5194 3488 5263 ἐλεήσωμεν
3513 5188 3573 5241 τὸ
3598 5187 3750 5256 γένος

2181 5301 2359 5375 ήμῶν.
2383 5299 2657 5354 Φὰσκουσι
2682 5296 2738 5349 δὲ
2765 5294 2864 5366 τὴν
2886 5290 3057 5361 αὐτὴν
3082 5287 3259 5359 ψυχὴν
3287 5280 3427 5338 εἷναι
3460 5282 3517 5337 ἕν
3552 5297 3612 5333 τε
3640 5281 3752 5341 τοῖς

575 5466 591 5495 ¹
618 5464 775 5519 Joan.
805 5480 884 5526 ill,
922 5464 1009 5520 l2.
1088 5465 1107 5494 ²
1138 5461 1297 5518 Joan.
1334 5478 1412 5530 vr,
1445 5461 1534 5517 66.
1614 5463 1636 5492 ³
1666 5462 1798 5517 ibid.
1826 5462 1915 5516 54.
1989 5463 2011 5491 ⁸
2045 5459 2174 5514 ibid.
2208 5459 2294 5513 Gl.
2365 5459 2386 5490 '
2411 5457 2554 5513 Psal.
2581 5472 2620 5522 ι,
2647 5455 2701 5509 5.
2781 5452 2803 5483 ⁸
2834 5448 2966 5504 ibid.
3034 5447 3055 5478 ⁷
3087 5442 3254 5499 Iosue
3285 5457 3347 5507 ll,
3376 5438 3470 5494 2!.
3536 5436 3558 5468 ⁸
3590 5433 3753 5490 Prov.

499 5550 553 5598 ν,
598 5535 679 5588 15.
716 5562 734 5595 ιι
765 5536 785 5566 ⁹
816 5535 874 5589 F.
907 5535 1022 5597 πῶς
1046 5534 1131 5588 ἄν.

573 5673 684 5741 (75)
718 5675 829 5729 Καὶ
862 5676 1011 5743 ἅπερ
1043 5674 1211 5745 ἡμεῖς
1244 5674 1544 5744 ἐσθίομεν.
1575 5671 1719 5728 ldcm
1763 5667 2046 5725 Manicluui

2145 5668 2334 5723 ctitarc
2364 5666 2631 5731 solebant,
2660 5672 2718 5719 ut
2746 5680 2813 5719 ex
2845 5660 2983 5733 Aug.
3015 5655 3111 5714 lib.
3166 5655 3429 5711 Adversus
3490 5648 3751 5706 Fausta.

512 5753 751 5813 apparet.
