4204 6370
404 402 411 411 ,
458 346 565 403 ὅρι’]

1100 352 1471 411 ADVERSUS
1509 354 1853 412 HERESES
1890 355 2021 413 LIB.
2055 354 2099 411 Ι.
2136 358 2298 415 'l‘OM.
2342 360 2404 417 ll.
2442 395 2513 405 —
2546 362 2821 422 IIAERES.
2856 367 3044 424 XXVI.

3626 373 3732 429 546

408 443 412 451 ι
462 466 622 533 ζώοις
656 466 752 521 καὶ
781 467 840 520 ἐν
888 470 1199 536 κνωδάλοις,
1234 473 1331 524 καὶ
1384 472 1583 543 ἰχθύσι,
1618 475 1713 527 καὶ
1740 474 1918 545 ὄφεσι,
1948 476 2045 530 καὶ

2158 486 2203 533 et
2237 480 2485 551 piscibus
2523 497 2587 537 ac
2631 485 2980 552 serpentibus
3024 485 3285 551 animam,
3333 501 3454 556 quae
3490 488 3729 545 homini-

410 568 419 635 ί
463 557 773 630 ἀνθρώποις
814 562 1282 633 ἐγκατεσπάρθαι,
1318 564 1415 617 καὶ
1448 567 1506 618 ἐν
1543 565 1819 635 λαχάνοις,
1864 567 1961 620 καὶ
1991 568 2049 623 ἐν

414 634 421 645 ’
464 647 731 719 δένδρεσι,
767 651 861 703 καὶ
900 651 959 703 ἐν
987 653 1314 722 γεννήμασι.
1348 655 1461 708 Καὶ
1509 656 1560 707 oi
1602 657 1703 727 μὲν
1747 657 1930 711 αὐτῶν
1962 656 2054 707 Φι-

467 740 713 793 ϐιωνῖται
748 743 1073 813 καλούμενοι
1111 746 1447 817 ἀναφέρουσι
1478 748 1577 810 τὰς
1606 750 1839 820 αἰσχράς
1873 755 2053 808 αὐτῶν

467 831 657 895 θυσίας
697 834 801 903 τῆς
836 837 1116 906 πορνείας,
1142 836 1241 901 τὰς
1269 839 1361 907 ὑφ’
1393 840 1550 909 ἡμῶν
1580 841 1816 894 ἐνταῦθα
1862 861 2052 916 προει-

470 927 714 996 ρημένας
779 929 1006 1000 ὀνόμασι
1069 933 1404 1002 τριακοσίοις
1453 933 1921 1004 ἐξηκονταπέντε,
1970 935 2053 1003 οἷς

466 1020 621 1072 αὐτοὶ
660 1019 904 1075 ἔπλασαν
950 1024 1230 1094 ἀρχόντων
1275 1025 1474 1095 δῆθεν,
1532 1027 1897 1097 ἐμπαίζοντες
1940 1033 2053 1094 τοῖς

466 1112 865 1180 γυναικαρίοις,
903 1114 999 1165 καὶ
1036 1113 1326 1182 λέγοντες·
1375 1115 1584 1186 Μίγηθι
1627 1118 1742 1187 μετ’
1776 1117 1932 1189 ἐμοῦ,
1964 1120 2054 1174 ἴνα

467 1215 531 1252 σε
575 1200 855 1270 άνενέγκω
900 1205 1037 1275 πρὸς
1084 1207 1177 1260 τὸν
1230 1208 1488 1279 ἄρχοντα.
1538 1207 1672 1263 Καθ’
1722 1212 1963 1283 ἑκάστην
1995 1212 2053 1266 δὲ

470 1291 620 1362 μίξιν
669 1293 1029 1364 ὀνομάζουσιν
1070 1299 1189 1362 ἐνὸς
1219 1299 1392 1371 ὄνομά
1434 1318 1580 1364 τινος
1627 1302 1900 1376 βάρϐαρον
1943 1305 2051 1359 τῶν

470 1384 601 1454 παρ’
631 1386 815 1450 αὐτοῖς
862 1390 1322 1462 πεπλανημένων,
1371 1393 1467 1446 καὶ
1496 1392 1657 1463 δῆθεν
1685 1392 1935 1465 εὔχονται
1964 1397 2052 1449 λέο

469 1491 658 1544 γοντες
678 1492 692 1507 ’
726 1479 1119 1552 Προσφέρομέν
1161 1500 1244 1536 σοι
1269 1483 1350 1554 τῷ
1372 1484 1527 1551 δεῖνι,
1556 1484 1643 1538 ἵνα
1675 1488 2052 1562 προσενέγκῃς

468 1569 547 1641 τῷ
569 1571 721 1625 δεῖνι.
764 1573 844 1644 Τῇ
876 1573 932 1627 δέ
964 1575 1098 1648 ἄλλῃ
1132 1577 1295 1631 πάλιν
1328 1577 1472 1646 μίξει
1511 1577 1656 1649 ἄλλῳ
1705 1580 2050 1636 ὑποτίθενται

468 1661 730 1727 ὡσαύτως
759 1667 1109 1737 προσφέρειν,
1151 1668 1240 1722 ἵνα
1280 1670 1374 1721 καὶ
1399 1671 1564 1734 αὐτὸς
1605 1670 1685 1742 τῷ
1727 1672 1890 1744 ἄλλῳ.
1939 1675 2050 1729 Καὶ

466 1753 574 1819 ἕως
601 1755 666 1809 ἃν
698 1755 848 1830 ἔλθῃ,
884 1759 1085 1828 μᾶλλον
1116 1760 1174 1813 δὲ
1202 1760 1440 1834 κατέλθῃ
1480 1765 1802 1835 τριακοσίας
1826 1763 2043 1837 ἑξηκον-

466 1846 700 1901 ταπέντε
748 1848 985 1913 πτώσεις
1008 1850 1111 1920 τῆς
1135 1850 1409 1920 λαγνείας,
1444 1854 1566 1907 καθ’
1596 1855 1832 1925 ἑκάστην
1878 1835 2049 1926 ὄνομά
2079 1835 2121 1889 Β

465 1954 519 1991 τι
558 1939 893 1993 ἐπικαλεῖται
922 1941 984 1994 τὸ
1021 1941 1230 1995 τοιοῦτο
1258 1944 1647 2016 ἐργαζόμενος.
1684 1947 1794 1998 Καὶ
1821 1947 2050 2018 ἄρχεται

467 2030 634 2084 πάλιν
689 2033 937 2085 κατιέναι
984 2032 1072 2087 διὰ
1121 2035 1229 2086 τῶν
1280 2036 1491 2101 αὐτῶν,
1536 2036 1607 2089 τά
1659 2038 1796 2091 αὐτὰ
1847 2040 2049 2111 αἰσχρὰ

468 2123 738 2179 ἐπιτελῶν
786 2125 881 2177 καὶ
926 2125 1213 2195 ἐμπαίζων
1257 2130 1377 2190 ταῖς
1426 2129 1833 2199 ἡπατημέναις.
1882 2132 2049 2185 Ὅταν

470 2212 565 2270 οὖν
598 2218 680 2280 είς
711 2217 968 2271 τοσοῦτον
1010 2216 1246 2288 ἀριθμοῦ
1295 2218 1457 2287 ὄγκον
1506 2220 1672 2291 ἐλάσῃ
1707 2222 2049 2277 ἑπτακοσίων

468 2309 763 2378 τριάκοντα
808 2310 1087 2374 πτώσεων,
1121 2309 1264 2376 λέγω
1304 2309 1368 2380 δὴ
1419 2310 1620 2381 μίξεων
1662 2312 1922 2383 αἰσχρῶν,
1953 2316 2050 2368 καὶ

467 2400 749 2471 ὀνομάτων
797 2401 906 2455 τῶν
944 2402 1072 2471 παρ’
1107 2401 1290 2463 αὐτοῖς
1332 2402 1754 2472 πεπλασμένων,
1790 2405 1911 2456 τότε
1939 2405 2049 2457 λοι-

468 2492 573 2546 πὸν
609 2493 784 2563 τολμᾷ
816 2495 844 2545 ὁ
878 2495 1138 2560 τοιοῦτος,
1174 2496 1270 2549 καὶ
1299 2495 1480 2563 λέγει’
1537 2496 1678 2567 Ἐγώ
1718 2500 1832 2569 είμι
1860 2500 1888 2551 ὁ
1917 2500 2051 2568 Χρι-

470 2584 617 2648 στός·
679 2585 868 2656 ἐπειδὴ
906 2586 1110 2639 ἄνωθεν
1134 2586 1486 2658 καταϐέϐηκα
1514 2588 1601 2642 διά
1626 2588 1733 2642 τῶν
1761 2590 2040 2659 ὀνομάτων

468 2676 578 2731 τῶν
606 2678 714 2742 τξε¹
742 2677 1041 2748 ἀρχόντων.

539 2768 597 2825 ι’.
638 2769 719 2823 Τά
740 2770 795 2823 δὲ
818 2771 925 2823 τῶν
960 2770 1222 2841 μειζόνων
1258 2771 1379 2825 κατ’
1406 2771 1602 2834 αὐτοὺς
1628 2772 1905 2842 ἀρχόντων
1937 2774 2051 2827 ὀνό-

474 2878 620 2933 ματα
665 2861 838 2915 ταῦτα
884 2856 1024 2914 εἶναι
1068 2861 1308 2930 λέγουσι,
1359 2862 1588 2926 πολλοὺς
1632 2863 1899 2932 λέγοντες.
1962 2867 2051 2921 Ἐν

473 2954 574 3024 μὲν
600 2954 680 3025 τῷ
708 2953 910 3026 πρώτῳ
948 2954 1162 3027 οὐρανῷ
1190 2951 1328 3008 εἶναι
1357 2955 1449 3007 τὸν
1499 2955 1622 3007 Ἰαὼ
1651 2956 1910 3027 ἄρχοντα,
1941 2959 2036 3011 καὶ

470 3047 528 3097 ἐν
561 3045 641 3115 τῷ
675 3046 912 3118 δευτέρῳ
940 3046 1104 3115 φασὶν
1132 3043 1268 3101 εἶναι
1291 3050 1382 3102 τὸν
1413 3049 1626 3102 Σακλᾶν
1664 3050 1900 3120 ἄρχοντα
1949 3051 2050 3120 τῆς

2153 571 2259 627 bus
2325 572 2477 633 insit.
2519 590 2730 629 necnon
2772 584 2827 630 et
2876 577 3139 641 oleribus,
3189 584 3244 631 et
3313 579 3622 645 arboribus,
3664 595 3728 637 ac

2154 663 2493 732 germinibus
2528 666 2788 723 infusam.
2822 666 2939 722 Jam
2969 684 3099 723 vero
3124 670 3217 737 qui
3239 684 3307 724 ex
3346 671 3415 725 iis
3445 669 3730 726 Phihioni-

2154 765 2223 808 ta:
2249 763 2516 812 vocantur
2550 758 2889 813 exsecranda
2919 760 3011 813 illa
3039 762 3284 816 libidinis
3329 777 3509 824 sacra,
3542 779 3663 833 quae
3697 779 3728 817 a

2152 845 2312 901 nobis
2339 847 2608 915 explicata
2646 858 2795 913 sunt,
2834 864 3035 905 cccuv
3071 853 3388 908 nominibus
3421 854 3725 918 ascribunt,

2153 952 2274 1007 quae
2327 939 2635 1009 principum
2681 956 2805 997 esse
2857 944 3076 1012 prepria
3112 946 3408 1001 commen'i
3451 953 3601 1002 sunt.
3650 946 3726 1001 Ita

2152 1030 2496 1085 mulierculis
2561 1030 2851 1088 illudentes
2893 1034 3285 1105 :Congredere
3333 1052 3584 1101 mecum,
3644 1038 3727 1092 in-

2151 1122 2370 1191 quiunt,
2400 1130 2460 1175 ut
2486 1130 2541 1177 te
2572 1123 2639 1176 ad
2672 1123 2974 1196 principem
3004 1127 3320 1197 perducam.
3354 1127 3491 1181 Tum
3523 1127 3591 1182 ad
3613 1130 3728 1183 sin-

2152 1216 2312 1283 gulos
2357 1215 2536 1270 coitus
2572 1217 2868 1270 barbarum
2913 1219 3136 1288 aliquod
3168 1220 3335 1275 unius
3362 1235 3429 1274 ex
3477 1220 3586 1275 illis
3626 1236 3728 1277 no-
3799 1282 3804 1288 ,

2150 1320 2277 1360 men
2326 1313 2531 1361 temere
2584 1308 2651 1362 ab
2711 1307 2780 1363 iis
2828 1310 3192 1380 excogitatum
3246 1312 3624 1380 pronuntiant,
3663 1326 3728 1367 ac

2150 1396 2409 1451 nimirum
2434 1397 2535 1450 hac
2566 1398 2799 1453 formula
2830 1406 3162 1469 precantur:
3194 1400 3314 1455 Tibi
3342 1401 3725 1468 N.o£l'erimus,

2150 1497 2212 1542 ut
2246 1486 2313 1542 N.
2356 1489 2603 1544 vicissim
2647 1489 2879 1555 oll’eras;
2928 1491 3053 1547 inde
3096 1492 3205 1547 alio
3247 1508 3441 1549 rursus
3482 1495 3537 1548 in
3591 1507 3726 1549 con-

2150 1594 2342 1651 gressu
2389 1580 2545 1635 alteri
2591 1597 2651 1637 se
2700 1582 2897 1638 oﬂ‘erre
2936 1583 3256 1653 praedicant,
3300 1594 3360 1638 ut
3394 1592 3448 1640 et
3489 1585 3537 1642 is
3571 1586 3728 1642 alteri

2151 1680 2523 1742 repraesentet.
2546 1671 2623 1727 Ita
2646 1674 2818 1730 donec
2844 1691 2940 1745 per
2963 1690 3167 1731 cccnxv
3186 1675 3432 1731 libidinis
3466 1672 3536 1734 ac
3559 1678 3726 1735 lasci-

2149 1767 2249 1820 viae
2302 1764 2508 1837 gradus
2553 1767 2923 1833 ascenderint,
2958 1768 3044 1822 vel
3090 1768 3478 1823 descenderint
3515 1768 3725 1838 potius,

2150 1858 2367 1928 quoties
2409 1856 2675 1915 Venerem
2725 1868 2998 1928 repetunt,
3045 1860 3314 1930 ejusmodi
3360 1860 3583 1931 aliquod
3622 1876 3729 1917 n0-

2151 1968 2277 2007 men
2321 1953 2619 2021 appellant.
2677 1952 2808 2007 Inde
2846 1968 2942 2023 per
2987 1952 3177 2008 eadem
3237 1953 3331 2008 illa
3372 1952 3729 2023 turpitudinis

2149 2044 2379 2114 vestigia
2413 2045 2754 2110 relabuntur,
2794 2060 2858 2099 ac
2897 2044 3290 2099 circumventis
3338 2057 3369 2097 a
3417 2059 3478 2098 se
3513 2059 3732 2099 muner-

2152 2136 2294 2192 culis
2330 2135 2589 2192 illudunt.
2619 2135 2723 2206 91
2752 2134 3049 2205 Postquam
3097 2142 3276 2189 autem
3327 2135 3576 2190 iterando
3625 2147 3723 2187 sar

2151 2230 2275 2298 pius
2308 2228 2627 2289 concubitu,
2657 2238 2721 2281 ac
2750 2227 2889 2282 lictis
2923 2227 3033 2282 illis
3059 2226 3373 2282 nominibus
3414 2226 3731 2295 repetendis

2150 2335 2353 2374 nccxxx
2387 2333 2676 2373 numerum
2718 2318 3038 2387 implerunt,
3082 2317 3345 2385 deinceps
3381 2317 3476 2385 qui
3521 2315 3574 2369 id
3607 2331 3732 2386 ege-

2152 2409 2244 2471 rit,
2282 2409 2461 2478 palam
2495 2406 2563 2462 de
2607 2424 2666 2463 se
2702 2407 3002 2477 prredicare
3038 2420 3146 2460 non
3178 2405 3436 2460 dubitat:
3464 2403 3578 2475 Ego
3610 2420 3732 2460 sui--

2150 2500 2423 2555 Christus.
2466 2497 2600 2552 Nam
2646 2514 2743 2569 per
2784 2513 2989 2553 cccuv
3039 2496 3262 2552 nomina
3307 2495 3612 2567 principum
3644 2515 3713 2555 ex

2151 2590 2261 2642 alto
2284 2587 2566 2645 descendi.

2220 2768 2287 2821 Χ.
2329 2768 2591 2838 Majorum
2627 2785 2790 2839 porro
2826 2768 3133 2839 principum
3184 2769 3407 2824 nomina
3449 2768 3569 2823 haec
3610 2780 3737 2825 esse

2153 2872 2476 2915 memorant.
2516 2862 2571 2914 In
2601 2877 2875 2930 supremo,
2904 2862 3180 2931 inquiunt,
3207 2862 3339 2916 orbe
3375 2861 3577 2916 residet
3603 2858 3737 2929 Jao;

2152 2952 2206 3005 in
2256 2952 2500 3006 secundo
2543 2949 2764 3011 Saclan,
2816 2951 2862 3005 is
2911 2951 3005 3019 qui
3048 2951 3255 3019 stupris
3306 2965 3368 3005 ae
3416 2950 3736 3005 libidinibus

2154 3052 2375 3113 praeest;
2416 3044 2472 3097 in
2520 3042 2682 3097 tertio
2748 3041 2984 3108 Sethus;
3050 3042 3102 3095 in
3150 3049 3346 3111 quarto
3391 3040 3575 3096 Daden
3624 3051 3736 3096 sta.-

470 3136 747 3207 πορνείαςο
798 3138 857 3191 ἐν
888 3137 945 3189 δὲ
991 3137 1070 3209 τῷ
1095 3138 1263 3211 τρίτῳ
1300 3140 1389 3192 τὸν
1422 3139 1528 3210 Σὴθ
1574 3140 1810 3212 ἄρχοντα
1832 3156 1847 3169 ·
1898 3143 1956 3193 ἐν
1987 3141 2046 3196 δὲ

2158 3144 2316 3188 ιιιυιιι
2352 3153 2364 3187 :
2410 3135 2610 3204 quippe
2651 3142 2909 3205 quartum
2959 3149 3082 3189 esse
3121 3135 3320 3189 cteium
3378 3140 3735 3197 asseverant,

470 3226 546 3298 τῷ
577 3227 825 3299 τετάρτῳ
876 3226 1017 3281 εἷναί
1066 3246 1198 3298 φασι
1236 3230 1327 3282 τὸν
1377 3231 1585 3300 Δάδην’
1638 3232 1897 3302 τέταρτον
1945 3233 2053 3303 γὰρ

470 3319 819 3373 ὑποτίθενται
859 3321 1109 3389 οὐρανὸν,
1142 3321 1237 3373 καὶ
1272 3321 1454 3393 τρίτον
1475 3339 1489 3352 ·
1524 3322 1774 3392 πέμπτον
1812 3322 1867 3374 δὲ
1898 3321 2055 3376 ἄλλον

471 3412 721 3482 οὐρανὸν,
770 3413 828 3466 ἐν
867 3406 911 3479 ᾧ
948 3429 1109 3480 φασιν
1162 3408 1302 3465 εἶναι
1354 3413 1447 3466 τὸν
1514 3413 1770 3467 Ἐλωαίον
1816 3413 1907 3467 τὸν
1961 3414 2057 3467 καὶ

484 3502 791 3557 Ἀδωναῖον.
847 3503 936 3556 Ἐν
969 3502 1025 3555 δὲ
1056 3502 1136 3572 τῷ
1182 3502 1327 3572 ἕκτῳ
1359 3504 1524 3572 φασὶν
1566 3499 1706 3557 εἶναι
1746 3503 1795 3555 ot
1831 3502 1931 3572 μὲν
1966 3501 2056 3554 τὸν

484 3593 833 3659 Ἰαλδαϐαὼθ,
874 3596 924 3647 οἱ
956 3595 1013 3647 δὲ
1050 3594 1142 3649 τὸν
1192 3595 1483 3650 Ἦλιλαῖον.
1519 3596 1713 3649 Ἀλλον
1743 3596 1800 3648 δὲ
1833 3594 2058 3665 ἕϐδομον

471 3686 701 3755 οὐρανὸν
746 3686 1113 3753 ὑποτίθενται,
1150 3689 1208 3741 ἐν
1250 3681 1295 3756 ᾧ
1336 3688 1585 3757 λέγουσιν
1634 3683 1775 3740 εἶναι
1819 3686 1912 3740 τὸν
1951 3687 2057 3740 Σα-

475 3774 645 3829 ϐαὼθ.
685 3776 869 3830 Ἀλλοι
916 3778 974 3830 δὲ
1017 3778 1265 3847 λέγουσιν
1311 3779 1452 3849 οὐχὶ,
1504 3778 1617 3832 ἀλλ’
1651 3780 1679 3832 ὁ
1736 3775 2057 3830 Ἰαλδαϐαώθ

474 3867 621 3919 ἐστιν
672 3868 732 3919 ἐν
777 3867 857 3937 τῷ
891 3868 1136 3939 ἑϐδόμῳ·
1191 3870 1250 3922 ἐν
1296 3870 1353 3923 δὲ
1395 3869 1475 3940 τῷ
1507 3870 1678 3940 ὀγδόῳ
1709 3868 1923 3939 οὐρανῷ
1961 3867 2059 3939 τὴν

474 3956 745 4029 Βαρϐηλὼ
792 3959 1161 4031 καλουμένην,
1196 3960 1289 4013 καὶ
1336 3960 1429 4014 τὸν
1477 3960 1695 4032 Πατέρα
1745 3961 1853 4013 τῶν
1898 3960 2054 4024 ὅλων,

476 4049 571 4103 καὶ
604 4048 809 4120 Κύριον
836 4051 929 4104 τὸν
957 4052 1121 4105 αὐτὸν
1159 4052 1527 4123 αύτοπάτορα,
1563 4053 1660 4105 καὶ
1688 4051 1923 4123 Χριστὸν
1964 4050 2060 4104 ἄλ-

475 4143 566 4197 λον
609 4144 1031 4214 αὑτολόχευτον·
1079 4145 1175 4198 καὶ
1211 4145 1446 4217 Χριστὸν
1496 4144 1684 4197 τοῦτον
1729 4144 1821 4197 τὸν
1870 4144 2062 4199 κατελ-

477 4235 659 4301 θόντα,
688 4237 781 4289 καὶ
816 4236 1065 4301 δείξαντα
1093 4239 1205 4299 τοῖς
1230 4235 1537 4309 ἀνθρώποις
1562 4236 1765 4308 ταύτην
1797 4238 1897 4309 τὴν
1928 4237 2063 4306 γνῶ-

478 4346 583 4392 σιν,
618 4327 677 4382 ὂν
711 4328 807 4381 καὶ
863 4328 1071 4398 Ἰησοῦν
1115 4346 1281 4398 φασιο
1335 4329 1409 4398 μὴ
1462 4324 1599 4381 εἶναι
1644 4328 1702 4381 δὲ
1749 4328 1912 4381 αὐτὸν
1955 4328 2063 4382 άπὸ

476 4420 697 4490 Μαρίας
730 4419 1150 4489 γεγεννημένον,
1176 4418 1313 4472 ἀλλὰ
1338 4419 1425 4471 διὰ.
1454 4418 1668 4490 Μαρίας
1693 4417 2056 4487 δεδειγμένον·

2157 3234 2211 3279 et
2257 3227 2519 3291 tertium;
2577 3240 2642 3280 ac
2695 3240 2885 3280 rursus
2923 3226 3199 3294 quintum,
3244 3226 3300 3282 in
3339 3240 3449 3295 quo
3494 3224 3736 3279 Elozeum

2156 3319 2450 3379 collocant,
2476 3317 2571 3387 qui
2602 3318 2743 3371 idem
2774 3327 2830 3371 et
2863 3317 3134 3371 Adonaaus
3163 3316 3386 3371 dicitur.
3413 3316 3483 3369 At
3522 3323 3737 3372 sextum

2157 3426 2429 3480 occupare
2455 3411 2649 3465 volunt
2677 3410 2771 3463 alii
2812 3410 3166 3473 Jaldabaoth,
3193 3408 3437 3462 Elilmum
3475 3408 3589 3461 alii.
3631 3405 3739 3462 Sed

2156 3514 2211 3558 et
2242 3502 2537 3573 septimum
2580 3516 2703 3556 esse
2744 3502 2997 3555 nonnulli
3027 3499 3315 3563 deﬁniunt,
3363 3501 3452 3555 cui
3498 3499 3739 3555 Sabaoth

2159 3595 2417 3650 insideat.
2446 3594 2602 3658 Quod
2632 3594 2701 3648 ab
2728 3594 2851 3650 aliis
2894 3602 3148 3663 negatur,
3181 3594 3272 3663 qui
3295 3592 3620 3649 Jaldahaoth
3653 3609 3742 3649 se-

2158 3689 2383 3757 ptimam
2414 3686 2564 3740 illam
2588 3687 2878 3741 stationem
2913 3685 3243 3741 attribuunt.
3276 3686 3336 3740 In
3368 3694 3563 3741 octavo
3607 3685 3742 3739 Bar-

2158 3778 2340 3833 beloni
2372 3777 2709 3832 domicilium
2739 3771 3095 3843 esse‘ﬁngunt
3116 3816 3129 3838 ,
3167 3791 3379 3830 necnon
3413 3785 3468 3830 et
3517 3776 3741 3830 univer-

2161 3885 2347 3925 sorum
2389 3867 2604 3922 Parenti
2646 3867 2746 3929 illi,
2796 3867 2891 3937 qui
2934 3867 3074 3922 idem
3111 3866 3373 3921 Dominus
3413 3868 3505 3931 sit,
3542 3874 3597 3921 et
3627 3867 3744 3920 sui-

2160 3960 2450 4030 metipsius
2491 3968 2666 4029 pater,
2713 3957 3175 4028 quemadmodum
3226 3965 3281 4012 et
3323 3958 3481 4011 alteri
3524 3956 3742 4010 cuidam

2161 4052 2401 4115 Christo,
2426 4055 2518 4122 qui
2552 4068 2647 4121 per
2675 4066 2796 4106 sese
2818 4051 2889 4106 sit
2914 4052 2968 4103 in
3001 4050 3180 4103 lucem
3214 4049 3420 4103 editus.
3449 4047 3587 4100 Tum
3612 4060 3746 4100 vero

2161 4143 2463 4207 Christum,
2514 4142 2718 4197 ibidem
2766 4142 2945 4212 ipsum
2999 4141 3292 4203 collocant,
3349 4138 3443 4208 qui
3488 4139 3557 4191 de
3603 4137 3745 4191 coelo

2163 4235 2468 4296 descendit,
2497 4242 2551 4288 et
2582 4232 2853 4302 ejusmodi
2884 4232 3255 4301 cognitionem
3284 4230 3523 4283 humano
3555 4226 3740 4298 generi

2163 4330 2417 4391 contulit,
2446 4343 2607 4398 quem
2633 4328 2798 4382 etiam
2824 4326 3155 4396 appellatum
3189 4322 3360 4377 fuisse
3388 4320 3574 4377 Jesum
3602 4335 3743 4389 prm-

2164 4422 2368 4475 dicant.
2420 4418 2615 4473 Verum
2664 4417 2915 4473 eumdem
2962 4424 3162 4487 negant
3206 4415 3274 4470 de
3318 4414 3487 4466 Maria
3534 4421 3742 4474 natum,

480 4512 659 4583 σάρκα
690 4512 746 4564 δὲ
780 4511 943 4565 αὐτὸν
985 4513 1058 4583 μὴ
1095 4512 1390 4583 εἰληφέναι,
1426 4511 1541 4564 ἀλλ’
1575 4511 1607 4582 ἢ
1658 4511 1815 4581 μόνον
1840 4510 2057 4581 δόκησιν

2167 4512 2264 4567 scd
2307 4527 2401 4581 per
2435 4509 2659 4563 Mariam
2714 4517 2998 4563 ostensum
3051 4513 3339 4571 asserunt;
3391 4520 3567 4574 neque
3619 4518 3747 4557 car-

480 4600 639 4657 εἷναι.
675 4603 813 4657 Φασὶ
840 4604 898 4657 δὲ
922 4605 1013 4658 τὸν
1042 4604 1266 4657 Σαϐαὼθ
1299 4605 1348 4656 οί
1374 4603 1473 4674 μὲν
1503 4603 1626 4655 ὄνου
1660 4603 1875 4674 μορφὴν
1900 4602 2065 4673 ἔχειν,

479 4700 527 4749 οἱ
568 4697 626 4750 δὲ
658 4696 865 4767 χοίρου.
921 4696 1122 4767 Διόπερ
1170 4697 1506 4759 ἐνετείλατο,
1553 4696 1710 4763 φασὶ,
1762 4698 1874 4758 τοῖς
1938 4697 2068 4749 Ἰου-

480 4787 647 4850 δαίοις
695 4790 878 4858 χοῖρον
924 4789 998 4859 μὴ
1049 4786 1273 4842 ἐσθίειν.
1326 4782 1477 4840 Εἶναι
1521 4787 1578 4839 δὲ
1625 4786 1789 4839 αὑτὸν
1835 4787 2067 4858 ποιητὴν

482 4880 713 4953 ούρανοῦ
759 4881 854 4934 καὶ
883 4882 1007 4951 γῆς,
1056 4881 1150 4934 καὶ
1186 4880 1296 4932 τῶν
1346 4879 1461 4949 μετ’
1493 4878 1654 4931 αὐτὸν
1697 4877 1940 4948 οὐρανῶν
1971 4878 2066 4930 καὶ

484 4974 731 5042 ἀγγέλων
768 4972 877 5025 τῶν
915 4971 1131 5026 ἑαυτοῦ.
1173 4972 1285 5043 Τὴν
1315 4971 1372 5023 δὲ
1417 4970 1618 5040 ψυχὴν,
1654 4972 1712 5023 ἐν
1743 4970 1822 5039 τῷ
1848 4968 2064 5039 ἐξέρχε-

486 5067 608 5124 σθαι
643 5065 916 5126 ἐντεῦθεν,
944 5064 1238 5117 διαϐαίνειν
1266 5062 1357 5116 διὰ
1384 5063 1493 5116 τῶν
1522 5062 1797 5133 ἀρχόντων
1828 5060 2060 5114 τούτων’

489 5159 563 5229 μὴ
591 5156 849 5210 δύνασθαι
885 5155 943 5208 δὲ
971 5155 1322 5225 διαπερᾶσαι,
1379 5155 1428 5206 εἰ
1486 5154 1560 5224 μή
1595 5170 1649 5205 τι
1682 5150 1747 5204 ἂν
1782 5155 1882 5223 τῆς
1926 5151 2064 5220 γνώ⁴

486 5265 626 5311 σεως
674 5250 691 5280 ¹
740 5250 800 5300 ἐν
852 5246 1177 5317 πληρώματι
1234 5246 1477 5317 γένηται,
1526 5244 1725 5315 μᾶλλον
1764 5244 1822 5297 δὲ
1862 5242 2066 5312 ταύτης

486 5340 584 5409 τῆς
618 5340 1038 5407 καταγνώσεως,
1073 5339 1170 5391 καὶ
1213 5337 1588 5408 ἐμφορηθεῖσα
1620 5335 1925 5408 διαδράσειε
1956 5333 2066 5387 τῶν

487 5430 769 5501 ἀρχόντων
804 5430 898 5482 καλ⁵
944 5429 1053 5481 τῶν
1101 5427 1358 5493 ἐξουσιῶν
1413 5427 1513 5491 τὰς
1554 5432 1762 5498 χεῖρας.
1810 5423 1965 5479 Εἶναι
2010 5426 2068 5478 δὲ

485 5521 866 5593 δρακοντοειδῆ
905 5522 992 5574 τὸν
1024 5523 1260 5593 ἄρχοντα
1289 5521 1381 5574 τὸν
1413 5521 1713 5590 κατέχοντα
1740 5518 1831 5571 τὸν
1866 5517 2069 5587 κόσμον

489 5612 701 5675 τοῦτον,
731 5611 826 5665 καὶ
865 5614 1231 5668 καταπίνοντα
1267 5615 1366 5685 μὲν
1404 5624 1501 5678 τας
1547 5611 1725 5682 ψυχὰς
1765 5609 1863 5674 τὰς
1905 5609 1979 5682 μὴ
2014 5611 2070 5664 ἐν

570 5793 588 5826 ί
620 5809 712 5863 γρ.
745 5792 1025 5862 γενέσεως.

2168 4619 2291 4658 nem
2330 4602 2490 4657 aliter
2518 4616 2683 4671 quam
2716 4600 2898 4670 specie
2933 4599 3055 4669 ipsa
3108 4597 3440 4667 suscepisse.
3490 4594 3645 4662 Quod
3676 4595 3746 4649 ad

2170 4695 2411 4750 Sabaoth
2464 4694 2720 4764 pertinet,
2782 4693 2927 4746 hunc
2970 4691 3111 4746 asini
3159 4691 3404 4760 quidam,
3448 4690 3540 4743 alii
3594 4686 3747 4757 porci

2168 4790 2341 4858 ﬁgura
2390 4794 2650 4840 constare
2685 4792 2934 4838 censent.
2973 4782 3054 4838 Ob
3107 4782 3271 4852 idque
3299 4780 3526 4841 Judteis,
3571 4781 3746 4842 aiunt,

2166 4881 2345 4937 suillis
2378 4878 2644 4933 carnibus
2688 4875 3070 4931 interdixerat.
3108 4873 3266 4927 llunc
3310 4887 3433 4927 esse
3479 4870 3603 4924 caeli
3639 4876 3752 4922 ter-

2161 4982 2344 5040 raeque
2383 4967 2749 5031 conditorem,
2803 4975 2916 5019 tum
2970 4980 3158 5019 eorum
3200 4961 3293 5031 qui
3334 4948 3754 5028 consequuntur

2162 5063 2468 5119 cmlestium
2517 5058 2756 5122 orbium,
2812 5057 3243 5127 angelorumque
3283 5066 3530 5108 suorum.
3574 5048 3754 5102 Porro

2164 5152 2561 5224 digredientem
2609 5151 2736 5204 hinc
2780 5150 3017 5203 animam
3058 5162 3154 5215 per
3180 5146 3303 5199 illos
3336 5141 3575 5197 transire
3604 5140 3753 5209 prin-

2165 5247 2351 5315 cipes;
2406 5258 2583 5313 neque
2624 5251 2805 5295 tamen
2843 5246 3134 5310 penetrare
3180 5250 3370 5304 posse,
3420 5233 3527 5287 nisi
3567 5229 3751 5300 cogni-

2164 5336 2314 5390 tione
2343 5333 2435 5388 illa
2468 5332 2787 5402 plenissime
2820 5327 3042 5399 perfusa
3081 5326 3267 5389 fuerit,
3294 5323 3379 5379 vel
3413 5319 3749 5377 condemna-

2166 5427 2315 5482 tione
2365 5425 2586 5495 potius;
2651 5438 2759 5492 qua
2811 5420 3033 5491 quidem
3101 5416 3380 5472 cumulata
3434 5413 3751 5484 principum

2166 5519 2399 5574 istorum
2441 5531 2505 5570 ac
2543 5521 2875 5585 potestatum
2920 5525 3118 5565 manus
3147 5506 3391 5577 eﬂugiat.
3433 5502 3653 5559 Addunt
3690 5507 3749 5556 et

2170 5610 2331 5682 hujus
2381 5608 2571 5663 mundi
2619 5606 2905 5679 praisidcm
2955 5604 3214 5661 draconis
3252 5600 3480 5673 eﬂigiem
3523 5596 3746 5653 habere.
