4204 6370
503 377 608 434 347

1919 390 1984 447 Sc
2017 391 2357 448 EPIPIIANII

3659 387 3764 442 3l8

505 497 576 550 ab
605 512 781 566 eoque
808 497 1024 553 animas
1055 501 1341 559 absorberi
1381 507 1698 576 cognitione
1734 506 1825 560 illa
1859 507 2088 561 destitu-

2195 506 2389 575 γνώσει
2423 506 2792 577 ὑπαρχουσας,
2827 504 2920 559 καὶ
2955 503 3044 556 διὰ
3075 504 3174 573 τῆς
3219 502 3414 572 κέρκου
3449 517 3608 554 παΛιν
3645 503 3765 554 ἑπι-

506 595 614 652 tas,
653 604 986 661 rursumque
1017 609 1114 662 per
1148 596 1380 650 caudam
1430 599 1484 651 in
1520 599 1665 652 hunc
1704 597 1968 652 mundum
2010 613 2091 652 re-

510 680 689 736 l‘nndi.
739 679 816 735 Ex
859 699 970 752 quo
1001 685 1263 758 deinceps
1311 688 1365 742 in
1407 705 1703 759 porcorum
1748 690 2090 760 aliorumque

507 771 866 827 animantium
912 791 1143 846 corpora
1191 781 1487 836 transfusa:
1538 798 1634 852 per
1676 782 1871 837 eadem
1907 781 2088 836 denuo

509 864 734 932 vestigia
774 881 991 920 sursum
1042 869 1362 926 efferantur.
1414 873 1572 939 Quod
1622 874 1667 928 si
1709 874 1856 944 quis,
1910 873 2086 935 aiunt.

506 968 570 1004 ea
601 953 762 1008 fuerit
785 957 1098 1026 cognitione
1123 961 1405 1030 praeditus,
1430 980 1660 1034 seseque
1689 980 1786 1034 per
1809 971 2088 1018 menstrua

509 1043 602 1096 illa
633 1059 696 1097 ae
726 1045 971 1101 libidinis
1008 1048 1385 1117 profusionem
1420 1068 1485 1105 ex
1532 1052 1637 1108 hoc
1682 1053 1887 1107 mundo
1919 1053 2087 1106 colle-

507 1135 667 1203 gerit,
700 1151 823 1190 eum
849 1137 956 1207 92
988 1141 1122 1194 nihil
1171 1142 1257 1195 hic
1288 1144 1523 1198 detineri
1560 1144 1814 1214 amplius,
1857 1145 1952 1200 sed
1989 1159 2086 1199 eos

507 1240 646 1292 quos
691 1229 932 1285 diximus
986 1233 1335 1302 prmtergredi
1394 1235 1704 1304 principes;
1755 1243 1809 1290 et
1859 1237 1926 1290 ad
1983 1234 2086 1290 Sa-

508 1317 673 1370 baoth
729 1335 902 1389 usque
963 1324 1277 1391 pervenire,
1336 1332 1504 1394 atque
1569 1325 1718 1381 illius
1765 1326 2088 1395 proculcare

507 1419 674 1478 caput
715 1412 811 1475 (ita
855 1413 1001 1467 enim
1052 1415 1316 1484 sacrilege
1357 1425 1520 1484 atque
1566 1417 1910 1486 impudenter
1951 1417 2087 1472 etIn-

507 1501 693 1570 tiunt),
729 1502 962 1573 indeque
990 1505 1055 1560 ad
1083 1521 1394 1576 supremum
1421 1507 1552 1561 illud
1586 1509 1923 1563 domicilium
1961 1524 2088 1563 eva—

507 1592 655 1656 dere,
689 1595 777 1648 ubi
803 1596 1101 1652 viventium
1138 1607 1313 1653 mater
1353 1609 1438 1655 est
1470 1601 1730 1667 Barbero,
1771 1616 1894 1671 quae
1936 1610 1992 1656 et
2019 1602 2088 1654 ab

508 1685 617 1738 illis
664 1684 895 1742 Barbelo
934 1687 1157 1742 dicitur.
1222 1689 1373 1744 Hanc
1418 1708 1540 1748 esse
1589 1695 1782 1747 animae
1818 1693 2084 1747 rationem

508 1777 876 1848 adipiscendae
915 1783 1130 1836 salutis.
1175 1783 1310 1839 Illud
1363 1801 1492 1839 vero
1536 1795 1798 1854 prazterea
1841 1786 2086 1842 infelices

509 1868 588 1921 illi
615 1869 681 1924 ad
705 1869 944 1924 fabulam
973 1873 1369 1942 adiunxerunt,
1391 1876 1569 1930 eidem
1597 1876 1835 1932 Sabaoth
1860 1877 2089 1947 capillos

507 1975 634 2016 esse
673 1962 990 2028 muliebres,
1021 1966 1168 2034 quod
1208 1967 1418 2020 scilicet
1445 1983 1632 2022 vocem
1666 1970 1810 2022 illam
1851 1967 2090 2022 Sabaoth

511 2051 778 2120 principis
814 2054 1049 2124 alicujus
1094 2071 1217 2110 esse
1248 2072 1445 2111 nomen
1490 2059 1862 2125 arbitrentur;
1912 2075 2088 2128 neque

510 2143 640 2196 illud
675 2143 1002 2216 intelligant,
1046 2147 1360 2218 ubicunque
1410 2150 1482 2203 ita
1523 2149 1759 2204 dicitur:
1793 2149 1923 2204 Ηωσ
1960 2151 2088 2204 dicit

513 2233 768 2289 Dominus
793 2235 1051 2301 Sabaoth,
1087 2254 1195 2292 non
1224 2239 1533 2309 cujuspiam
1567 2240 1620 2294 id
1651 2257 1774 2296 esse
1805 2242 2084 2312 proprium

512 2343 733 2392 nomen,
769 2329 863 2383 sed
897 2331 1242 2398 praedicando
1277 2332 1458 2401 potius
1488 2333 1699 2386 numini
1737 2333 1885 2387 velut
1912 2334 2087 2402 quod-

511 2422 635 2474 dam
661 2423 995 2478 laudationis
1017 2425 1341 2478 vocabulum
1371 2425 1640 2479 adhiberi.
1673 2425 1881 2495 Quippe
1905 2426 2087 2479 Domi-

512 2529 616 2568 nus
649 2512 885 2566 Sabaoth
924 2514 1062 2568 idem
1091 2513 1352 2569 llebraice
1391 2516 1536 2585 quod
1567 2517 1853 2569 exercitum
1917 2515 2088 2586 signi-

515 2607 656 2656 ticat.
687 2603 749 2655 Et
779 2603 998 2674 quidem
1035 2605 1348 2675 ubicunque
1377 2621 1476 2659 vox
1507 2605 1596 2658 illa
1632 2605 1872 2659 Sabaoth
1904 2605 1958 2658 in
1991 2605 2090 2660 Ve-

514 2704 628 2748 tere
673 2692 1026 2749 Testamento
1066 2695 1295 2766 legitur,
1344 2697 1632 2750 exercitum
1682 2704 1860 2751 sonat.
1903 2696 2088 2766 Itaque

513 2800 611 2852 pro
633 2801 698 2840 eo
711 2788 856 2856 quod
883 2787 1148 2845 Hebraiee
1168 2793 1432 2861 scriptum
1457 2800 1540 2846 est
1562 2810 1574 2845 :
1599 2791 1809 2845 Adonai
1829 2791 2087 2854 Sabaoth,

2196 597 2496 674 στρέφοντα
2543 598 2624 660 είς
2662 597 2755 649 τὸν
2798 597 3020 667 κόσμον,
3058 595 3350 649 κάντεῦθεν
3379 595 3400 626 ³
3431 595 3511 656 είς
3551 593 3763 663 χοίρους

2194 686 2290 738 καὶ
2316 687 2395 748 εἰς
2425 684 2557 738 ἄλλα
2592 685 2726 749 ζῶα,
2757 687 2850 738 καὶ
2881 685 3042 739 πάλιν
3072 684 3159 737 διὰ
3193 683 3299 735 τῶν
3344 683 3524 735 αὐτῶν
3563 684 3762 747 ἀναφε-

2196 777 2448 845 ρομένας.
2504 773 2567 828 El
2613 775 2672 828 δέ
2717 793 2820 840 τις,
2856 777 3039 844 φασὶν,
3090 776 3148 828 ὲν
3199 777 3264 845 τῇ
3296 773 3494 842 γνώσει
3537 773 3761 843 γένηται

2191 867 2384 939 ταύτῃ,
2420 868 2515 921 καὶ
2559 867 2798 934 συλλέξει
2835 868 3026 920 ἑαυτὸν
3068 869 3132 921 ὲκ
3163 866 3258 920 τοῦ
3292 866 3496 936 κόσμου
3537 865 3623 918 διὰ
3654 864 3793 923 τών¹

2189 960 2476 1030 ὲμμηνίων
2525 961 2617 1012 καὶ
2653 960 2741 1013 διὰ
2790 959 2896 1013 τῶν
2946 959 3154 1031 ρύσεων
3185 957 3388 1012 τούτων
3425 958 3527 1028 τῆς
3568 939 3794 1009 ἐπιθυ-ί

2192 1052 2342 1122 μίας,
2381 1053 2576 1122 μηκέτι
2607 1051 2837 1105 ἐνταῦθα
2863 1051 3185 1121 κατέχεσθαι
3219 1050 3400 1114 αὑτὸν,
3427 1048 3562 1102 ἀλλὰ
3590 1049 3759 1118 ὑπερ-

2190 1145 2392 1198 ϐαίνειν
2427 1147 2553 1208 τοὺς
2581 1144 3010 1216 προειρημένους
3039 1145 3325 1215 ἄρχοντας.
3362 1141 3654 1213 Ἐρχεσθαι
3681 1141 3758 1206 δὲ,

2190 1237 2341 1302 φασὶ,
2385 1235 2537 1307 παρὰ
2581 1235 2673 1288 τὸν
2722 1233 2972 1295 Σαϐαὼθ,
3019 1234 3114 1286 καὶ
3159 1233 3352 1286 πατεῖν
3407 1232 3500 1284 ἐπὶ
3534 1230 3632 1298 τὴν
3669 1247 3759 1282 κε-

2189 1327 2363 1398 φαλὴν
2432 1326 2628 1390 αὐτοῦ,
2691 1325 3114 1398 ἀθυρογλώττως
3146 1323 3623 1394 βλασφημοῦντες,
3666 1323 3762 1374 καὶ

2186 1419 2359 1482 οὕτως
2393 1419 2738 1488 ὑπερϐαίνειν
2766 1421 2845 1482 εἰς
2874 1418 2934 1470 τὸ
2966 1418 3076 1472 ἄνω
3111 1416 3298 1487 μέρος,
3333 1415 3466 1467 ὅπου
3506 1415 3539 1483 ἡ
3577 1414 3760 1484 μήτηρ

2187 1511 2296 1564 τῶν
2339 1509 2554 1575 ζώντων
2591 1513 2624 1580 ή
2670 1509 2960 1580 Βαρϐηρὼ,
3000 1509 3119 1578 ἦτοι
3146 1506 3430 1578 Βαρϐηλώ.
3472 1506 3584 1558 Καὶ
3620 1503 3763 1557 οὓτω

2187 1601 2287 1671 τὴν
2318 1601 2495 1672 ψυχὴν
2531 1601 2819 1665 σώζεσθαι.
2863 1601 3046 1670 Ἐχειν
3092 1599 3150 1652 δὲ
3181 1598 3273 1651 καὶ
3311 1597 3504 1668 τρίχας
3544 1597 3620 1659 ὡς
3662 1611 3761 1662 γυ-

2189 1692 2374 1755 ναικὸς
2408 1692 2500 1745 τὸν
2555 1691 2717 1746 αὑτὸν
2768 1691 3016 1760 λέγουσιν
3068 1691 3117 1742 οἱ
3159 1689 3414 1752 τάλανες,
3454 1687 3764 1758 νομίζοντες

2191 1785 2251 1837 τὸ
2286 1783 2456 1853 ὄνομα
2496 1783 2556 1836 τὸ
2590 1782 2814 1836 Σαϐαὼθ
2861 1783 3096 1855 ἄρχοντά
3120 1798 3242 1835 τινα
3269 1776 3406 1833 εἶναι
3427 1797 3440 1810 ·
3485 1779 3598 1832 Ούκ
3631 1777 3765 1830 ειδό-

2121 1858 2163 1912 B
2193 1889 2303 1934 τες,
2339 1872 2420 1924 ὅτι
2464 1873 2597 1924 ὅπου
2626 1872 2791 1940 λέγει,
2835 1872 2977 1926 Τάδε
3013 1873 3175 1941 λέγει
3223 1872 3438 1939 Κύριος
3489 1868 3762 1933 Σαϐαὼθ,

2197 1963 2296 2015 οὐκ
2327 1963 2498 2034 ὄνομα
2542 1981 2684 2026 τινος
2740 1961 2914 2026 εἶπεν,
2945 1963 3059 2018 ἀλλ’
3109 1964 3281 2032 ὄνομα
3319 1961 3624 2028 δοξολογίας
3668 1962 3765 2029 τῆς

2194 2053 2464 2125 θεότητος.
2496 2053 2720 2106 Σαϐαὼθ
2756 2054 2862 2125 γὰρ
2894 2055 3254 2126 ἑρμηνεύεται
3282 2053 3390 2106 ἀπὸ
3421 2053 3517 2123 τῆς
3556 2053 3766 2122 Ἐϐραῖ-

2194 2143 2295 2213 κῆς
2333 2143 2613 2199 διαλέκτου
2647 2143 2867 2212 Κύριος
2907 2143 3024 2198 τῶν
3067 2143 3399 2212 δυνάμεων.
3445 2143 3620 2195 Ὅπου
3658 2141 3766 2211 γὰρ

2193 2237 2250 2288 ὲν
2290 2238 2355 2307 τῇ
2406 2237 2618 2308 Παλαιᾷ
2653 2237 2903 2307 Διαθήκῃ
2928 2236 2988 2288 τὸ
3038 2234 3264 2288 Σαϐαὼθ
3307 2234 3479 2304 ὄνομά
3511 2236 3627 2286 ἐστι
3671 2251 3765 2301 γε-

2191 2329 2528 2398 γραμμένον,
2568 2329 2832 2397 δύναμιν
2878 2329 3185 2397 ὑποφαίνει.
3239 2328 3402 2382 Ὅθεν
3450 2329 3480 2379 ό
3539 2325 3768 2390 Ἀκύλας

2194 2421 2470 2490 πανταχοῦ
2526 2422 2586 2475 τὸ
2645 2421 2891 2476 Ἀδωνατ
2941 2421 3184 2475 Σαϐαὼο
3227 2419 3518 2492 ὲρμηνεύει
3561 2418 3766 2486 λέγων,

2193 2515 2406 2580 Κύριος
2457 2513 2769 2582 στρατιῶν.
2819 2510 2974 2569 Οὗτοι
3013 2515 3100 2577 δὲ,
3153 2515 3294 2568 κατὰ
3340 2515 3516 2566 πάντα
3567 2512 3768 2582 τρόπον

2195 2607 2551 2678 ἐμμανέντες,
2585 2606 2728 2660 κατὰ
2769 2608 2862 2661 τοῦ
2893 2609 3072 2661 αὐτῶν
3109 2607 3367 2660 δεσπότου
3407 2607 3497 2658 τὸν
3542 2603 3616 2675 μὴ
3642 2604 3770 2657 ὄντα

2197 2700 2437 2770 ζητοῦσι,
2470 2701 2681 2754 καὶτὸν
2707 2701 2836 2755 ὄντα
2873 2700 3270 2767 ἀπολωλέκασι,
3321 2698 3520 2769 μᾶλλον
3547 2696 3602 2749 δὲ
3643 2697 3770 2748 ἑαυ-

2194 2793 2319 2853 τοὺς
2353 2789 2658 2844 ἀπώλεσαν.

513 2883 709 2950 Aquila
743 2893 1006 2954 perpetuo
1059 2886 1311 2940 Dominus
1363 2889 1688 2940 exercituum
1737 2886 1934 2941 reddit.
1983 2886 2087 2940 Sed
2129 2884 2216 2941 isti
2256 2886 2440 2940 furore
2475 2894 2640 2956 atque
2672 2885 2910 2940 amentia
2943 2885 3134 2955 perciti
3157 2883 3223 2938 ad
3256 2882 3471 2938 Domini
3537 2881 3623 2937 sui
3668 2879 3772 2954 ~in-

509 2975 712 3042 juriam
753 2990 877 3030 eum
920 2976 1014 3046 qui
1049 2992 1318 3045 nusquam
1377 2985 1462 3031 est
1522 2977 1830 3046 inquirunt,
1864 2985 1917 3030 et
1956 2991 2080 3030 eum
2120 2976 2213 3046 qui
2243 2986 2327 3028 est
2362 2975 2564 3044 reipsa,
2598 2975 2683 3030 vel
2730 2974 3056 3044 semctipsos
3097 2975 3278 3044 potius
3319 2975 3696 3045 perdiderunt.

589 3071 676 3126 XI.
711 3072 849 3126 Sunt
874 3079 928 3128 et
957 3073 1074 3126 alia:
1095 3072 1409 3127 eorumdem
1447 3072 1876 3127 innumerabiles
1907 3086 2085 3141 nugae,

2257 3067 2356 3122 IA'.
2405 3070 2578 3122 Ἀλλα
2609 3070 2664 3122 δὲ
2695 3071 2795 3122 ὅσα
2834 3069 3183 3140 φλυαροῦσιν,
3231 3071 3288 3122 ὲν
3328 3065 3408 3131 οἷς
3455 3069 3772 3140 περικακετν

517 3179 616 3218 nec
644 3164 764 3218 sine
793 3163 952 3218 taedio
986 3173 1163 3234 potest
1197 3165 1378 3220 omnis
1423 3165 1652 3218 istorum
1687 3163 1900 3216 insania
1935 3178 2089 3216 com-

2195 3161 2308 3213 ὲστι
2339 3160 2406 3212 τὰ
2452 3161 2550 3230 τῆς
2596 3159 2774 3213 αὐτῶν
2825 3160 3022 3229 μανίας
3050 3159 3249 3226 λέγειν.
3286 3159 3444 3221 Τινὲς
3491 3158 3549 3210 δὲ
3582 3158 3638 3223 ἐξ
3673 3159 3771 3209 αύ-

519 3259 834 3312 memorari.
871 3257 977 3312 Sed
1004 3259 1135 3312 illud
1168 3258 1508 3328 pra-termitti
1540 3273 1648 3310 non
1680 3265 1894 3326 potest:
1920 3272 2091 3326 quos-

515 3350 642 3402 dam
670 3365 737 3402 ex
772 3351 964 3403 horum
991 3367 1113 3404 esse
1138 3365 1387 3412 numero,
1410 3349 1502 3418 qui
1540 3349 1614 3402 ita
1647 3349 1936 3402 mulierum
1961 3364 2092 3401 con-

519 3441 810 3495 suetudine
844 3443 1142 3504 abstinent,
1173 3450 1232 3494 111
1275 3443 1490 3510 seipsos
1523 3439 1775 3492 manibus
1807 3439 1923 3492 suis
1957 3455 2093 3491 con-

522 3542 804 3600 spnrcent,
841 3533 1018 3603 iisque
1069 3534 1430 3587 fccdissimum
1480 3531 1722 3585 libidinis
1762 3532 1914 3584 virus
1949 3531 2096 3584 exci-

522 3619 692 3686 piant,
743 3627 905 3687 atque
952 3636 1018 3674 eo
1053 3628 1367 3674 vescantur.
1418 3620 1496 3673 Ad
1535 3619 1678 3686 quod
1720 3619 2093 3673 testimonium

522 3711 654 3764 illud
693 3725 788 3779 per
831 3724 1099 3763 summam
1133 3709 1461 3762 calumniam
1495 3709 1858 3776 detorquent:
1904 3707 2095 3761 Manus

522 3804 639 3855 ista:
659 3800 1063 3868 suppeditarunt
1091 3817 1194 3853 non
1218 3801 1343 3851 mihi
1371 3802 1562 3862 solum,
1595 3799 1683 3852 sed
1707 3808 1754 3852 et
1788 3799 1851 3852 iis
1873 3800 1961 3868 qui
1992 3815 2097 3852 me-

520 3909 640 3944 cum
681 3901 802 3945 sunt
830 3891 870 3944 ¹.
919 3893 1052 3944 Item
1107 3891 1250 3945 istud
1299 3891 1636 3959 :Operantes
1690 3889 1930 3942 manibus
1975 3906 2098 3958 pro-

518 3985 672 4050 priis,
715 3993 771 4036 ut
813 3983 1028 4051 possitis
1052 3983 1117 4036 iis
1143 3985 1232 4052 qui
1285 3999 1389 4035 non
1425 3981 1614 4035 habent
1643 3980 2031 4034 communicare
2052 3983 2094 4034 ¹.

523 4078 598 4133 Ite
623 4079 825 4148 quibus
858 4079 996 4132 adeo
1026 4077 1159 4130 mihi
1192 4084 1498 4130 commotus
1528 4075 1743 4129 videtur
1768 4073 1821 4127 in
1851 4073 2099 4143 apostolo

517 4171 658 4226 Jnda
676 4171 912 4240 Spiritus
934 4179 1182 4233 sanctus,
1213 4169 1314 4222 hoc
1331 4177 1414 4222 est
1433 4167 1486 4220 in
1507 4167 1778 4221 catholica
1810 4166 1956 4220 illius
1974 4164 2100 4234 Epi-

520 4262 659 4316 stola
687 4260 878 4330 (Judas
915 4261 1002 4314 ille
1037 4275 1200 4329 porro
1227 4266 1333 4323 est,
1369 4258 1462 4328 qui
1489 4257 1702 4322 Jacobi,
1736 4265 1898 4326 atque
1931 4258 2100 4309 etiam

524 4349 735 4404 llomini
779 4351 946 4404 frater
971 4351 1274 4420 appellatus
1322 4347 1449 4418 est),
1488 4349 1544 4401 in
1582 4363 1688 4418 qua
1739 4364 1833 4417 per
1867 4347 2100 4417 apostoli

521 4453 706 4491 VOI'em
755 4437 1014 4508 Spiritus,
1075 4439 1320 4507 inquam,
1357 4445 1604 4502 sanctus,
1659 4447 1948 4506 corruptos
1977 4438 2098 4492 illos

520 4538 870 4596 corruptores
919 4544 1042 4584 esse
1080 4529 1436 4590 demonstrat,
1473 4535 1533 4581 ut
1574 4527 1773 4582 ibidem
1801 4529 2039 4598 loquitur
2078 4546 2090 4582 :
2127 4509 2172 4564 Ῑ)

521 4621 653 4683 Qum
665 4620 801 4672 enim
827 4622 1086 4684 nesciunt,
1103 4622 1408 4689 ignorantes
1433 4620 1488 4672 in
1505 4619 1612 4674 illis
1636 4621 1940 4688 capiuntur.
1966 4619 2099 4685 Qute

521 4730 638 4766 vero
658 4721 872 4774 norunt,
909 4715 964 4765 in
989 4714 1056 4765 iis
1089 4723 1341 4781 tanquam
1370 4721 1517 4765 muta
1553 4711 1814 4764 animalia
1858 4728 2100 4764 corrum-

461 4856 466 4862 ,
519 4813 732 4872 puntur.
770 4802 1049 4872 Siquidem
1092 4817 1288 4856 eanmn
1339 4803 1512 4856 instar
1553 4816 1617 4855 ae
1656 4817 1947 4870 porcorum
1997 4817 2098 4858 sua

520 4911 582 4950 se
638 4895 950 4964 corruptela
1012 4895 1368 4962 turpitudinis
1422 4894 1735 4963 inquinant.
1791 4893 1905 4947 Hoc
1950 4898 2094 4949 enim

521 4988 686 5041 modo
707 4994 818 5040 tam
847 5002 1012 5043 canes
1047 5003 1112 5040 ac
1144 4988 1316 5056 porci,
1341 5002 1506 5056 quam
1534 4993 1728 5041 caetera
1763 5001 1821 5040 se
1845 4987 2093 5047 animan-

521 5083 596 5134 tia
630 5087 1013 5151 corrumpunt,
1061 5088 1117 5135 et
1147 5079 1505 5150 proﬂuentem
1533 5095 1564 5134 e
1604 5079 1931 5149 corporibus
1981 5079 2098 5134 suis

521 5172 767 5228 libidinis
796 5174 1077 5228 humorem
1107 5172 1412 5241 delingunt.
1458 5171 1636 5240 Atque
1660 5171 1766 5242 93
1797 5171 1870 5224 illi
1906 5186 2096 5226 revera

517 5282 740 5322 carnem
786 5282 938 5322 suam
979 5273 1296 5335 erumpente
1348 5263 1494 5318 velut
1544 5280 1640 5333 per
1683 5264 1953 5318 somnium
1999 5263 2099 5317 llu—

523 5361 685 5414 xione
726 5360 1128 5414 commaculant
1184 5376 1197 5411 :
1251 5357 1674 5410 Dominationem
1737 5367 1912 5410 autem
1955 5373 2100 5426 sper-

523 5460 683 5513 nunt,
735 5449 1063 5519 majestatem
1103 5460 1278 5503 autem
1323 5449 1708 5517 blasphemant.
1755 5449 1825 5502 At
1875 5447 2100 5503 Michael

595 5605 611 5635 ⁸
650 5605 773 5660 Act.
799 5622 891 5672 xx,
923 5607 1011 5662 ⁵54.
1091 5608 1112 5637 ¹
1145 5604 1347 5678 Ephes.
1373 5623 1446 5673 tv,
1471 5607 1562 5662 ‘28.
1643 5609 1664 5639 ³
1689 5626 1777 5676 γρ.
1808 5605 2060 5660 ἐνταῦθα.
2137 5606 2159 5638 ⁸
2191 5605 2318 5662 For.
2346 5606 2445 5678 τῷ.

599 5761 708 5830 (76)
745 5764 864 5816 Οὐκ
894 5763 1109 5834 ἤνεγκε
1134 5764 1318 5833 λόγον
1337 5764 1756 5834 βλασφημίας.
1788 5762 1956 5816 Aliter

530 5833 585 5886 in
622 5834 896 5890 Canonica
927 5833 1079 5890 Judte
1130 5835 1401 5905 leguntur,
1442 5853 1491 5890 v.
1537 5833 1614 5890 91
1651 5834 1708 5888 '0
1741 5833 1796 5886 δὲ
1830 5833 2048 5902 Μιχαὴλ
2074 5835 2100 5884 ὁ

2193 3250 2323 3315 τῶν,
2379 3251 2592 3319 γυναιξὶ
2644 3251 2718 3322 μὴ
2778 3250 3189 3320 πλησιάζοντες,
3238 3252 3358 3312 ταῖς
3409 3249 3563 3312 ἰδίαις
3617 3251 3775 3319 χερσὶ

2195 3343 2371 3395 αὐτῶν
2418 3344 2643 3405 ἑαυτοὺς
2703 3341 3018 3412 φθείρουσι,
3074 3343 3172 3414 τὴν
3225 3343 3283 3395 δὲ
3336 3342 3514 3395 αὐτῶν
3567 3342 3774 3414 φθορὰν

2195 3434 2559 3505 λαμϐάνουσιν
2606 3437 2686 3498 είς
2738 3436 2837 3498 τὰς
2891 3438 3099 3504 χεῖρας,
3154 3435 3248 3488 καὶ
3299 3435 3472 3498 οὕτως
3513 3435 3773 3495 ἐσθίουσι,

2196 3526 2464 3596 χρώμενοι
2508 3527 3025 3597 σεσυκοφαντημένῃ
3063 3526 3360 3597 μαρτυρία,
3392 3526 3452 3578 τὸ
3486 3528 3526 3590 ⁵,
3559 3528 3627 3578 Al
3655 3525 3776 3594 χεῖ-

2189 3635 2296 3685 ρες
2328 3614 2503 3672 αὗται
2536 3617 2884 3685 ἐπήρκεσαν
2912 3620 2982 3671 οὐ
3027 3618 3220 3686 μόνον
3264 3617 3413 3686 ἐμοὶ,
3465 3617 3625 3670 ἀλλὰ
3676 3615 3776 3669 καὶ

2196 3709 2320 3775 τοῖς
2351 3711 2473 3765 σὺν
2499 3712 2630 3779 ἐμοί
2652 3727 2665 3740 °
2703 3712 2795 3764 καὶ
2831 3711 2893 3762 τὸ
2931 3711 3118 3764 πάλιν·
3168 3710 3573 3780 Ἐργῑιζόμενοι
3599 3710 3619 3741 ⁵
3649 3708 3774 3774 ταῖς

2200 3801 2374 3867 ἰδίαις
2417 3804 2646 3870 χερσὶν,
2691 3805 2790 3857 ἵνα
2825 3803 3090 3870 δύνησθε
3134 3803 3232 3855 καὶ
3282 3803 3406 3866 τοῖς
3448 3800 3534 3870 μὴ
3564 3801 3778 3868 ἔχουσι

2195 3893 2592 3962 μεταδοῦναι·
2633 3894 2709 3958 ὡς
2744 3896 2837 3948 καὶ
2886 3896 3016 3964 περὶ
3050 3888 3499 3962 τούτων,,οἷμαι,
3553 3890 3775 3960 ἐκινήθη

2198 3985 2258 4038 τὺ
2292 3985 2444 4054 ἆγιον
2477 3985 2701 4056 Πνεῦμα
2740 3987 2798 4039 ὲν
2845 3985 2923 4055 τῷ
2971 3985 3254 4056 ἁποστόλῳ
3299 3983 3492 4054 Ἰούδᾳ,
3522 3983 3666 4050 λέγω
3713 3979 3778 4050 δὴ

2200 4078 2258 4129 ὲν
2287 4080 2354 4148 τῇ
2387 4077 2478 4129 ὑπ’
2504 4077 2666 4130 αὐτοῦ
2689 4078 2961 4150 γραφείσῃ
3011 4077 3270 4147 καθολικῇ
3301 4073 3586 4144 Ἐπιστολῇ
3625 4071 3778 4142 (Ἰού⁹

2199 4167 2294 4229 δας
2335 4166 2391 4218 δέ
2421 4169 2570 4220 ἐστιν
2601 4161 2773 4231 οὗτος,
2807 4169 2835 4220 ό
2864 4167 3091 4236 ἁδελφὸς
3135 4165 3393 4219 Ἰακώϐου
3429 4166 3523 4218 καὶ
3571 4161 3779 4230 Κυρίου

2201 4258 2528 4329 λεγόμενος).
2575 4258 2852 4324 ’Υπέδειξε
2890 4257 2998 4330 γὰρ
3033 4259 3229 4321 αὐτοὺς
3263 4257 3322 4310 τὸ
3351 4257 3504 4325 ἅγιον
3554 4255 3780 4326 Πνεῦμα

2201 4347 2288 4401 διὰ
2319 4349 2416 4419 τῆς
2450 4349 2632 4418 φωνῆς
2663 4349 2756 4402 τοῦ
2803 4349 2970 4402 Ἰούδα
2997 4350 3140 4403 κατὰ
3167 4349 3236 4403 τὰ
3267 4351 3440 4420 κτήνη
3476 4347 3780 4417 ¹φθειρομέ-

2203 4457 2325 4502 νους
2358 4441 2452 4492 καὶ
2479 4439 2821 4510 φθείροντας,
2867 4440 2944 4503 ὡς
2981 4440 3151 4508 λέγει,
3196 4441 3277 4494 ὅτι
3313 4441 3470 4493 Ὅσα
3508 4439 3626 4508 μὲν
3668 4441 3780 4492 οὐκ

2200 4531 2458 4597 οἴδασιν,
2494 4533 2854 4602 ἀγνοοῦντες
2882 4533 3234 4587 ἁλίσκονται
3254 4549 3265 4562 °
3287 4533 3402 4586 ὅσα
3429 4531 3498 4585 δὲ
3518 4531 3778 4594 οἴδασιν,

2198 4624 2277 4689 ὡς
2315 4625 2386 4676 τὰ
2425 4623 2615 4692 ἄλογα
2651 4622 2764 4683 ζῶα
2810 4625 3172 4692 φθείρονται.
3227 4624 3421 4677 Κυνῶν
3468 4622 3576 4694 γὰρ
3624 4622 3782 4692 δίκην

2199 4716 2296 4769 καὶ
2329 4716 2525 4786 χοίρων
2563 4715 2660 4786 τὴν
2699 4715 2792 4768 ἀπ’
2839 4716 3019 4770 αὐτῶν
3063 4716 3270 4788 φθορὰν
3310 4715 3669 4769 ἐπιτελοῦσιν.
3717 4714 3782 4768 Ui

2200 4807 2360 4868 κύνες
2415 4805 2522 4875 γὰρ
2569 4805 2663 4856 καὶ
2719 4805 2768 4856 οἱ
2823 4807 3017 4875 χοῖροι,
3065 4805 3126 4857 ού
3183 4805 3289 4876 μὴν
3323 4804 3459 4866 ἀλλὰ
3501 4805 3595 4857 καὶ
3646 4803 3782 4858 ἄλλα

2201 4895 2316 4961 ζῶα
2370 4896 2543 4959 οὓτως
2602 4896 2949 4966 φθείρονται,
3015 4898 3110 4949 καὶ
3170 4898 3268 4969 τὴν
3333 4897 3636 4968 ἀπόρρυσιν
3683 4895 3781 4966 τὴν

2201 4989 2310 5042 ἀπὸ
2341 4988 2446 5041 τῶν
2497 4989 2762 5057 σωμάτων
2790 4987 2970 5040 αὐτῶν
3017 4989 3274 5042 ἐσθίουσι.
3329 4990 3441 5042 Καὶ
3495 4989 3604 5059 γὰρ
3653 4987 3783 5055 ἁλη-

2203 5081 2312 5144 θῶς
2347 5081 2790 5151 ἐνυπνιαζόμενοι
2822 5081 3000 5152 σάρκα
3037 5083 3329 5152 μιαίνουσι,
3359 5083 3690 5149 Κυριότητα
3715 5079 3784 5132 δὲ

2203 5173 2505 5235 ἀθετοῦσι,
2545 5171 2728 5238 δόξας
2754 5171 2822 5225 δὲ
2857 5175 3320 5244 βλασφημοῦσι.
3364 5175 3608 5241 Μιχαὴλ
3649 5171 3717 5224 δὲ
3749 5173 3782 5224 ό

2203 5266 2596 5336 ἀρχάγγελος,
2629 5267 3052 5337 διαλεγόμενος
3088 5267 3170 5332 τῷ
3209 5265 3468 5330 διαϐόλῳ
3511 5264 3642 5330 περὶ
3676 5261 3783 5316 τοῦ

2205 5358 2500 5425 Μωῡσέως
2527 5357 2820 5427 σώματος.
2850 5360 2960 5412 οὐκ
3006 5358 3224 5428 ἤνεγκε
3272 5360 3456 5427 λόγον
3493 5355 3784 5422 ,βλασφη-

2204 5449 2341 5516 μίας
2357 5448 2492 5518 (76),
2512 5448 2675 5502 ἀλλὰ
2686 5444 2876 5513 εἶπεν,
2903 5466 2921 5498 1
2947 5447 3323 5518 Ἐπιτιμήσαι
3343 5451 3488 5502 σοιό
3503 5445 3734 5513 Κύριος.
3759 5461 3780 5495 1

2524 5608 2545 5639 ⁵
2575 5624 2668 5676 γρ.
2699 5607 3084 5679 ἐργαζόμενος,
3111 5616 3164 5661 et
3190 5606 3432 5676 δύνηται.

2207 5761 2546 5831 ἀρχάγγελος
2573 5763 2662 5815 ὅτε
2699 5761 2776 5832 τῷ
2813 5761 3044 5832 διαϐόλῳ
3081 5761 3490 5832 διακρινόμενος
3515 5760 3788 5828 διελέγετο

2211 5835 2338 5904 περὶ
2386 5835 2480 5888 τοῦ
2528 5833 2806 5898 Μωῦσέως
2844 5833 3113 5904 σώματος,
3157 5833 3256 5886 οὑκ
3298 5832 3558 5903 ἐτόλμησε
3607 5833 3786 5903 κρίσιν
