4204 6370
511 331 618 389 349

1117 336 1492 397 ADVERSUS
1533 341 1873 399 lleRESES
1911 346 2037 402 LIB.
2071 348 2111 403 Ι.
2157 347 2318 403 ΤΟΜ.
2359 348 2422 404 ll.
2473 379 2532 390 —-
2582 349 2855 407 "IERBS.
2891 351 3080 407 XXVI.

3664 353 3770 410 550

514 446 690 505 Οὗτοι
714 449 783 504 δὲ
811 453 928 505 ὅσα
971 454 1082 507 οὐκ
1117 455 1340 520 οίδασι,
1378 459 1649 526 φυσικῶς
1677 462 2075 532 ,ϐλασφημοῦ-

2188 466 2534 535 archangelus
2578 483 2694 519 cum
2740 467 2954 520 diabolo
3004 467 3282 536 disputans
3327 468 3392 522 de
3435 467 3608 538 Moysi
3652 483 3771 522 cor-

449 582 454 589 .
511 555 643 595 σινο
667 542 748 595 ὅτι
767 544 836 596 τὰ
855 545 1020 613 ’Ἅγια
1043 547 1152 600 τῶν
1183 549 1351 617 ἁγίων
1375 550 1443 603 τὰ
1480 552 1619 621 μετὰ
1649 554 1922 625 ἁγιασμοῦ
1955 559 2086 626 ἡμῖν

511 633 887 703 παραδοθέντα
927 636 1380 710 βλασφημοῦσιν,
1421 643 1503 705 είς
1549 645 1885 716 αἰσχρότητα
1931 647 2086 700 αὐτοὶ

465 780 472 797 ι
515 726 995 798 μεταϐαλλόμενοι.
1043 732 1153 785 Καὶ
1195 733 1370 787 ταῦτὰ
1409 735 1558 788 ἐστιν
1607 737 1766 790 ἅτινα
1798 740 1940 792 κατὰ
1976 739 2086 793 τῶν

509 817 825 871 ἀποστόλων
880 821 1188 892 ἐτόλμησαν
1221 823 1430 893 λέγειν,
1480 826 1555 888 ὡς
1601 828 1696 881 καὶ
1746 831 1774 880 ὁ
1819 831 2086 900 μακάριος

510 907 721 972 Παῦλός
753 911 864 981 (77)
891 930 1055 984 φησιν
1076 931 1090 945 ⁸
1129 916 1312 972 ’Ὥστε
1348 917 1515 984 τινὰς
1541 919 1770 989 τολμᾷν
1795 921 1953 990 ἡμᾶς
1987 921 2086 975 λέ-

507 1017 657 1068 τειν,
687 1001 1039 1073 Ποιήσωμεν
1065 1007 1137 1062 τὰ
1183 1009 1358 1072 κακὰ,
1390 1011 1488 1064 ἵνα
1514 1011 1660 1079 ἔλθῃ
1703 1012 1795 1080 ἐφ’
1822 1013 1980 1082 ἡμᾶς
2013 1015 2086 1066 τὰ

508 1090 722 1156 ἀγαθὰ,
750 1087 838 1145 ὧν
869 1095 935 1148 τὸ
963 1095 1142 1166 κρῖμα
1167 1098 1409 1153 ἔνδικόν
1434 1101 1587 1155 ἐστι.
1629 1103 1807 1166 Πόσσις
1835 1104 1896 1156 δὲ
1917 1104 2082 1169 ἄλλας

507 1182 774 1254 ἀγάγοιμι
818 1189 1124 1258 μαρτυρίας
1166 1192 1307 1244 κατὰ
1351 1193 1462 1246 τῶν
1511 1192 1878 1264 βλασφήμωνε
1925 1189 2082 1250 Οὗτοι

507 1272 617 1344 γὰρ
654 1276 704 1327 oi
741 1280 862 1340 ταῖς
899 1279 1057 1344 ἰδίαις
1087 1282 1243 1351 χερσὶ
1291 1282 1658 1354 φθειρόμενοι,
1702 1287 1764 1338 οὐ
1809 1287 1968 1356 μόνον
1999 1287 2079 1350 δὲ,

507 1357 646 1412 ἀλλὰ
675 1363 768 1415 καὶ
795 1365 844 1415 oi
865 1368 987 1428 ταῖς
1005 1368 1222 1434 γυναιξὶ
1255 1369 1664 1440 πλησιάζοντες,
1700 1373 1888 1428 λοιπὸν
1921 1376 2081 1448 κόρον

511 1448 586 1520 μὴ
615 1450 868 1519 λαϐόντες
901 1457 1000 1528 τῆς
1029 1459 1170 1528 μετὰ
1195 1461 1306 1515 τῶν
1333 1465 1608 1530 γυναικῶν
1635 1466 1976 1537 πολυμιξίας,
2001 1470 2080 1532 εἰς

506 1540 769 1612 ἀλλήλους
811 1548 1146 1614 ἐκκαίονται,
1183 1551 1399 1621 ἄνδρες
1429 1556 1499 1608 ἐν
1521 1557 1779 1625 ἀνδράσι
1819 1561 1996 1628 (κατὰ
2021 1561 2081 1614 τὸ

511 1634 932 1708 γεγραμμένον)
980 1639 1096 1707 τὴν
1141 1641 1526 1711 ἀντιμισθίαν
1569 1647 1675 1716 τῆς
1727 1648 1967 1718 πλάνης
2011 1652 2081 1704 ἐν

502 1720 740 1790 ἑαυτοῖς
781 1726 1330 1800 ἀπολαμϐάνοντες.
1384 1735 1632 1802 Ἐξώλεις
1671 1738 1780 1810 γὰρ
1819 1743 1866 1793 οἱ
1924 1741 2080 1795 αὐτοὶ

2186 575 2331 625 pore,
2377 557 2711 625 blasphemia:
2757 576 3048 613 sermonem
3093 576 3198 612 non
3243 560 3389 619 tulit,
3442 558 3532 614 sed
3580 558 3767 611 dixit:

2194 670 2212 700 ι
2251 650 2488 720 Increpet
2517 661 2565 704 te
2591 648 2872 704 Dominus.
2912 671 2930 702 ι
2966 648 3040 703 Hi
3073 661 3248 704 autem
3271 665 3589 720 quwcunque
3615 650 3770 718 iqno-

2187 751 2308 795 rant
2333 743 2650 796 naturaliter
2674 742 3072 811 blasphemant;
3102 741 3230 796 dum
3263 743 3631 797 sacrosanctis
3660 742 3768 797 illis

2185 833 2482 905 mysteriis,
2519 849 2640 904 quae
2691 850 2815 888 cum
2863 835 3232 889 sanctissimis
3276 834 3630 904 religionibus
3664 849 3764 887 no-

2186 924 2396 980 biscum
2446 927 2938 988 communicantur,
2983 925 3377 980 contumeliose
3406 923 3659 987 illudunt,
3713 930 3768 976 ct

2184 1014 2254 1068 ad
2325 1017 2736 1086 spurcissimam
2815 1016 3404 1086 ﬁagitiosissimamque
3485 1011 3767 1067 libidinem

2184 1115 2525 1162 convertunt.
2559 1106 2683 1164 Haec
2717 1116 2845 1163 sunt
2877 1124 2997 1177 quae
3027 1107 3288 1162 adversus
3324 1105 3600 1174 apostolos
3627 1103 3768 1158 etin»

2184 1198 2287 1250 tire
2345 1207 2472 1253 sunt
2514 1199 2632 1252 ausi
2674 1218 2686 1253 :
2731 1197 3186 1268 quemadmodum
3234 1197 3424 1252 beatus
3472 1194 3765 1264 Apostolus

2184 1291 2378 1345 scribit
2409 1311 2421 1345 :
2458 1291 2603 1346 Adeo
2652 1301 2709 1344 ut
2757 1291 2975 1361 quidam
3019 1290 3129 1346 haec
3167 1307 3199 1343 a
3241 1288 3388 1342 nobis
3419 1287 3527 1340 dici
3556 1287 3766 1356 jactare

2183 1381 2455 1436 audeant:
2486 1382 2778 1437 Faciamus
2819 1384 2986 1446 mala,
3037 1392 3094 1436 ut
3131 1383 3381 1437 eveniant
3409 1381 3547 1434 bona
3576 1395 3594 1432 :
3631 1393 3765 1450 quo-

2183 1490 2298 1527 rum
2318 1474 2522 1543 justum
2555 1485 2631 1528 est
2648 1475 2912 1544 judicium
2941 1475 2980 1525 ¹.
3011 1474 3183 1540 Quam
3229 1488 3358 1528 vero
3402 1474 3570 1526 multa
3609 1470 3765 1526 testi-

2183 1566 2362 1619 monia
2406 1573 2722 1635 suppetunt,
2770 1581 2889 1635 quae
2931 1573 3122 1619 contra
3163 1563 3510 1633 blasphemos
3550 1562 3673 1618 illos
3707 1561 3764 1615 in

2181 1659 2417 1713 medium
2462 1658 2655 1712 afferre
2714 1658 3012 1726 possimus!
3061 1655 3169 1711 Sed
3217 1657 3292 1710 illi
3345 1655 3441 1725 qui
3492 1655 3608 1710 suis
3657 1655 3764 1726 ipsi

2183 1750 2434 1804 manibus
2464 1749 2880 1803 abominandam
2909 1747 3184 1803 libidinem
3216 1753 3488 1810 exercent,
3515 1746 3607 1816 qui
3636 1761 3761 1799 cum

505 1813 788 1883 γενόμενοι
827 1821 1220 1891 μακαρίζουσιν
1246 1824 1528 1897 ἀλλήλους,
1564 1829 1640 1892 ὡς
1670 1831 1730 1883 τὸ
1759 1833 2075 1907 προκριτέον

2183 1840 2506 1895 ιηιιίειίὺιιε
2555 1857 2615 1894 se
2668 1839 3060 1902 commiscent,
3113 1840 3336 1894 assiduo
3389 1838 3601 1890 illarum
3657 1851 3763 1890 usu

505 1909 738 1978 πρᾶγμα
773 1911 1184 1985 ἀναδεξάμενοι.
1215 1919 1374 1974 Ἀλλὰ
1416 1923 1510 1974 καὶ
1546 1924 1863 1988 ἀπατῶντες
1889 1927 1948 1979 τὸ
1983 1927 2081 1979 αὑ-

503 2001 616 2062 τοῖς
640 2000 961 2072 πειθόμενον
989 2013 1296 2074 γυναικεῖον
1322 2011 1499 2079 γένος,
1540 2015 1599 2066 τὸ
1619 2019 2080 2088 Σεσωρευμένον

501 2090 914 2180 ἁμαρτήμασι,
952 2100 1051 2152 καὶ
1084 2102 1350 2170 ἠγμένον
1381 2107 1685 2172 ποικίλαις
1717 2108 2075 2180 ἐπιθυμίαις,

504 2179 773 2238 φάσκουσι
803 2186 923 2248 ταῖς
948 2187 1332 2259 ὴπατημέναις
1359 2192 1450 2244 ὑπ’
1481 2193 1678 2258 αὐτῶν,
1705 2195 1790 2248 ὅτι
1825 2179 1900 2248 Ἦν
1930 2196 2076 2251 δεῖνα

500 2272 774 2343 παρθένος
798 2277 830 2345 ἡ
857 2276 1096 2332 τοσαῦτα
1122 2279 1216 2350 ἔτη
1255 2280 1591 2355 έφθαρμένη,
1619 2285 1714 2338 καὶ
1742 2285 2072 2360 φθειρομένη

501 2364 623 2418 καθ’
656 2367 894 2439 ἑκάστην
928 2370 1165 2442 ἡμέραν.
1202 2375 1378 2445 Κόρον
1405 2376 1511 2447 γὰρ
1537 2377 1637 2429 οὐκ
1662 2378 1776 2449 ἔχει
1812 2381 1942 2452 παρ’
1978 2381 2076 2434 αὐ-

499 2456 671 2527 τοῖςὴ
701 2456 948 2526 λαγνεία,
976 2460 1091 2513 ἀλλ’
1126 2462 1248 2514 ὅσον
1281 2481 1365 2527 τις
1399 2466 1529 2536 παρ’
1565 2468 1748 2532 αὐτοῖς
1780 2470 2073 2540 αἰσχρουρ-

500 2545 596 2612 γὸς
657 2547 981 2622 ἄνθρωπος,
1033 2554 1289 2609 τοσοῦτον
1346 2560 1475 2628 παρ’
1530 2561 1712 2624 αὐτοῖς
1767 2563 2069 2626 ὲπαινετός.

511 2638 757 2706 Ἐκείνας
784 2643 842 2698 δέ
875 2663 1038 2714 φασιν
1065 2643 1204 2702 εἶναι
1232 2649 1555 2720 παρθένους,
1587 2651 1685 2714 τὰς
1721 2653 1986 2724 μηδέποτε
2014 2656 2072 2708 ὲν

497 2735 736 2803 κοσμικῇ
794 2734 940 2805 μίξει
997 2738 1176 2808 γάμου
1225 2740 1367 2794 κατὰ
1415 2740 1585 2811 ,φύσιν
1639 2742 1738 2811 τῆς
1785 2743 2072 2815 συνηθείας

496 2824 793 2895 γενομένας
838 2828 944 2893 ἕως
981 2832 1286 2904 καταϐολῆς
1319 2835 1635 2906 σπέρματος
1658 2877 1672 2900 ,
1707 2837 1842 2892 ἀλλά
1876 2856 2070 2910 μιγνυ-

499 2914 800 2987 μέναςμὲν
831 2921 942 2983 ἀεὶ,
979 2924 1073 2976 καὶ
1115 2925 1504 2995 πορνευούσας,
1537 2927 1641 2997 πρὸ
1669 2927 1725 2980 δὲ
1764 2929 1858 2981 τοῦ
1894 2931 2072 3002 ἀπαρ-

494 3006 744 3079 τισθῆναι
768 3011 868 3081 τὴν
898 3013 1092 3084 ἡδονὴν
1131 3016 1445 3084 ἁφιστώσας
1471 3019 1560 3070 τὸν
1588 3021 1945 3090 πονηροποιὸν
1973 3023 2072 3075 αὐ-

493 3094 603 3150 τῶν
651 3098 750 3168 τῆς
802 3104 1087 3166 κοινωνίας
1135 3104 1371 3176 φθορέα,
1414 3109 1508 3159 καὶ
1555 3107 1938 3178 λαμϐανούσας
1970 3113 2069 3182 τὴν

2152 1947 2520 2002 nequaquam
2560 1932 2846 1996 exsatiati,
2889 1933 2943 1985 in
2985 1933 3308 2001 semetipsos
3347 1929 3757 1986 exardescunt:

2190 2023 2325 2088 Viri,
2362 2025 2608 2095 inquam,
2635 2025 2691 2078 in
2727 2024 2890 2090 viros,
2932 2024 3076 2080 sicut
3115 2025 3377 2093 scriptum
3413 2029 3518 2087 est,
3568 2037 3762 2076 merce-

2177 2115 2294 2170 dem
2325 2115 2524 2168 erroris
2563 2114 2646 2166 sui
2688 2115 2743 2167 in
2782 2114 3068 2181 semetipsis
3116 2113 3506 2181 recipientes}.
3548 2111 3759 2166 Etenim

2178 2207 2373 2276 perditi
2430 2205 2803 2277 proﬂigatique
2853 2206 3101 2260 homines
3159 2205 3348 2261 beatos
3403 2220 3463 2259 se
3525 2203 3757 2257 invicem

2175 2296 2493 2365 praedicant,
2518 2303 2776 2366 tanquam
2810 2296 3143 2366 praecipuum
3173 2295 3431 2366 quiddam
3463 2294 3676 2350 facinus
3696 2309 3762 2347 ac

2176 2388 2452 2458 singulare
2491 2388 2853 2456 susceperint.
2898 2387 3205 2453 Quinctiano
3252 2385 3584 2441 mulierculis
3621 2398 3763 2454 quas

2175 2479 2278 2534 sibi
2320 2479 2618 2549 morigeras
2654 2480 2897 2544 habent,
2923 2479 3250 2534 illudentes:
3290 2478 3646 2539 Mulierculis,
3677 2477 3762 2529 in-

2175 2587 2361 2642 quam.
2390 2573 2593 2626 onustis
2637 2574 2884 2640 peccatis,
2923 2589 2984 2625 ac
3033 2571 3412 2640 multiplicibus
3451 2569 3760 2638 cupiditati-

2177 2662 2272 2717 bus
2302 2663 2544 2718 abductis
2572 2665 2613 2730 ³,
2641 2663 2933 2719 identidem
2981 2673 3205 2717 narrant
3229 2662 3436 2727 :Hanc,
3475 2676 3638 2730 quam
3675 2660 3758 2711 vi-

2173 2755 2370 2810 delicet
2399 2756 2702 2821 nominant,
2733 2771 2855 2810 esse
2883 2755 3176 2827 virginem;
3224 2769 3348 2810 cum
3394 2762 3518 2808 ante
3557 2753 3762 2808 multos

2168 2845 2281 2918 jam
2312 2860 2487 2903 annos
2523 2846 2712 2902 vitiata
2757 2846 2939 2910 fuerit,
2976 2863 3040 2903 ac
3072 2847 3315 2916 quotidie
3347 2851 3755 2916 eonstupretur.

2171 2936 2331 3006 Apud
2371 2931 2503 2993 illos
2547 2939 2746 3008 quippe
2788 2939 3012 2994 satietas
3063 2937 3305 2993 libidinis
3347 2938 3516 3000 nulla,
3559 2944 3613 2991 et
3649 2949 3760 3005 quo

2173 3027 2402 3083 fmdiora
2432 3031 2664 3099 quisque
2693 3028 3104 3098 perpetraverit,
3151 3044 3216 3082 eo
3268 3027 3460 3095 majori
3509 3025 3753 3080 omnium

2172 3121 2332 3175 laude
2374 3135 2438 3175 ac
2481 3120 2860 3189 praedicatione
2912 3121 3236 3175 celebratur.
3285 3117 3537 3188 Virgines
3591 3131 3757 3186 porro

493 3192 902 3282 προειρημένην
947 3197 1279 3268 αἰσχρότητα
1317 3200 1394 3262 εἰς
1433 3199 1659 3271 ἐδωδὴν,
1703 3201 1779 3265 ὡς
1811 3202 1953 3256 κατὰ
2007 3204 2068 3256 τὸ

2176 3213 2289 3267 illas
2327 3215 2618 3282 appellant,
2659 3228 2780 3282 quae
2817 3227 3092 3281 nunquam
3148 3211 3388 3280 legitimo
3437 3209 3754 3278 nuptiarum

493 3281 677 3350 ὅμοιον
710 3284 803 3336 τοῦ
851 3286 1052 3357 Σηλὼμ
1100 3290 1235 3360 πρὸς
1277 3290 1376 3362 τὴν
1423 3292 1621 3363 Θάμαρ
1675 3297 2064 3365 κακοτροπίαν,

491 3371 627 3424 ἀλλὰ
653 3374 762 3426 ἀπὸ
811 3377 1110 3448 παρθενίας
1143 3381 1240 3452 τὴν
1287 3384 1480 3454 τέχνην
1528 3383 1731 3456 ταύτην
1772 3388 2067 3458 ἐπανειρη-

495 3463 682 3530 μένας,
718 3465 812 3518 τοῦ
861 3468 1177 3540 φθείρεσθαι
1213 3473 1332 3543 μὲν,
1369 3476 1444 3545 μὴ
1481 3476 1835 3547 ὑποδέχεσθαι
1873 3478 1930 3530 δὲ
1971 3480 2069 3549 τῆς

492 3555 699 3626 φθορᾶς
731 3559 829 3630 τὴν
863 3561 1009 3631 μίξιν
1052 3564 1146 3616 καὶ
1187 3565 1285 3636 τὴν
1325 3566 1643 3639 ἀπόρροιαν.
1685 3569 2068 3640 Βλασφημοῦσι

492 3643 549 3696 δὲ
577 3647 638 3698 οὐ
681 3649 842 3718 μόνον
879 3653 969 3706 τὸν
1021 3654 1272 3725 Ἀϐραὰμ
1301 3656 1393 3708 καὶ
1426 3658 1515 3709 τὸν
1553 3659 1814 3722 Μωῦσέα,
1854 3663 1946 3714 καὶ
1978 3662 2067 3714 τὸν

506 3735 710 3804 Ἠλίαν,
746 3743 841 3794 καὶ
894 3744 1073 3798 πάντα
1100 3745 1192 3798 τὸν
1231 3749 1391 3817 χορὸν
1435 3748 1542 3800 τῶν
1582 3749 1894 3820 προφητῶν,
1933 3751 2067 3806 ἀλλὰ

493 3830 584 3882 οιαὶ
611 3831 699 3884 τὸν
728 3833 859 3886 Θεὸν
885 3834 976 3888 τὸν
1005 3837 1364 3908 ἐκλεξάμενον
1390 3839 1604 3902 αὐτούς.

2171 3319 2418 3367 ueu,_ac
2459 3305 2691 3357 naturali
2741 3305 2836 3358 illa
2889 3303 3288 3359 consuetudine
3327 3303 3401 3356 ita
3454 3300 3759 3371 perfuncta:

2173 3403 2321 3458 sunt,
2362 3404 2423 3449 ut
2469 3395 2708 3450 infusum
2757 3412 2942 3450 semen
2977 3395 3310 3464 exciperent,
3344 3393 3590 3463 scdquae
3631 3391 3760 3445 licet

2172 3486 2394 3540 assidue
2431 3502 2490 3541 se
2538 3489 2744 3556 stupris
2786 3487 3110 3556 ﬂagitiisque
3137 3485 3532 3548 contaminent,
3569 3491 3751 3536 tamen

2173 3586 2462 3646 antequam
2511 3577 2680 3631 libido
2737 3579 2921 3633 omnis
2974 3577 3264 3646 impleatur
3323 3574 3765 3645 perditissimum.

2174 3684 2331 3723 suum
2379 3668 2529 3722 illum
2582 3669 2965 3725 admissarium
3013 3669 3314 3729 excutiunt,
3348 3667 3577 3735 illasque
3619 3680 3757 3734 quas

2173 3761 2412 3815 diximus
2465 3761 2814 3829 turpissimas
2867 3760 3059 3815 sordes
3105 3760 3170 3814 ad
3223 3757 3553 3814 vescendum
3606 3755 3757 3811 exci-

2171 3851 2346 3919 piunt.
2389 3849 2446 3903 in
2480 3866 2588 3919 quo
2627 3850 2862 3904 immane
2897 3850 3026 3903 illud
3059 3848 3502 3917 horrendumque
3533 3844 3754 3900 Sellomi

491 3937 616 3976 cum
653 3923 922 3982 Tliamarc
953 3927 1163 3984 facinus
1200 3930 1484 3985 innituntur
1519 3932 1560 3998 ³⁸,
1622 3942 1809 4006 utpote
1880 3952 2002 4006 quae
2034 3942 2314 3996 servandae
2364 3941 2696 4012 virginitatis
2747 3941 3036 3995 artiﬁcium
3092 3941 3225 3995 illud
3265 3940 3626 4010 susceperint,
3695 3945 3755 3990 ut

492 4031 615 4070 cum
665 4017 888 4073 assidue
942 4029 1384 4091 corrun'ipantur,
1453 4025 1657 4080 nullam
1717 4037 1896 4083 tamen
1937 4045 2004 4085 ex
2045 4045 2110 4086 ea
2149 4033 2462 4103 corruptela
2527 4033 2856 4088 infusionem
2915 4031 3141 4088 seminis
3206 4030 3493 4084 admittant
3569 4027 3758 4097 Neque

491 4123 619 4161 vero
649 4117 744 4162 aut
771 4110 1140 4165 Abraliamum
1193 4113 1476 4180 duntaxat,
1511 4125 1605 4171 aut
1648 4118 1866 4190 Moysen
1898 4132 2060 4192 atque
2100 4122 2294 4185 Eliam,
2329 4125 2574 4195 adeoque
2607 4125 2897 4194 prophetas
2923 4138 3136 4186 omnes,
3178 4121 3292 4193 94
3341 4121 3439 4176 sed
3488 4132 3542 4175 et
3581 4117 3754 4174 Deum

491 4195 668 4268 ipsum
703 4213 732 4250 a
764 4214 870 4269 quo
897 4209 1024 4254 sunt
1048 4202 1202 4256 electi
1233 4205 1626 4263 contumeliose
1653 4210 1962 4266 traducunt.

562 4289 689 4341 KB’.
743 4290 908 4342 ’Λλλα
960 4291 1015 4344 δὲ
1068 4293 1234 4365 μυρία
1287 4297 1416 4367 παρ’
1468 4299 1651 4363 αὐτοῖς
1705 4302 2061 4373 πεπλασμένα

490 4383 729 4450 γραφεῖα
761 4383 1108 4454 τετόλμηται.
1162 4387 1201 4438 Γ
1206 4387 1360 4440 ἐνναν
1403 4389 1502 4458 μὲν
1540 4390 1648 4462 γὰρ
1695 4393 1928 4458 Μαρίας
1962 4395 2063 4457 βι-

2245 4300 2357 4355 ΧΙΙ.
2400 4301 2614 4355 inﬁnita
2653 4315 2816 4370 porro
2851 4315 3016 4369 penes
3063 4299 3186 4353 illos
3236 4304 3364 4353 sunt
3407 4297 3756 4367 supposititia

2172 4403 2336 4465 atque
2378 4393 2721 4464 impudenter
2761 4391 2996 4445 conﬁcta
3044 4390 3398 4444 monimenta.
3433 4387 3760 4457 Cujusmodi

493 4473 664 4526 ϐλίον
707 4473 761 4525 τί
807 4492 970 4543 φασιν
1021 4474 1188 4538 εἶναι,
1231 4480 1288 4530 ὲν
1318 4473 1362 4547 ᾧ
1409 4480 1557 4535 δεινά
1604 4499 1664 4534 τε
1708 4484 1802 4536 καὶ
1848 4483 2068 4556 ὀλέθρια

2176 4464 2370 4554 estqui
2405 4484 2480 4538 De
2513 4484 2756 4553 progenie
2795 4481 2986 4536 Maria:
3020 4481 3155 4536 liber
3178 4478 3520 4543 inscribitur,
3557 4479 3614 4532 in
3643 4494 3764 4548 quo

492 4563 882 4630 ὑποϐάλλοντές
920 4585 1041 4620 τινα
1069 4570 1247 4623 ἐκεῖσε
1272 4571 1538 4641 λέγουσιν.
1576 4575 1670 4627 Ἐκ
1709 4575 1899 4628 τούτου
1929 4579 2060 4648 γὰρ,

489 4659 643 4723 φασὶ.
670 4658 762 4711 τὸν
803 4662 1076 4731 Ζαχαρίαν
1101 4664 1438 4718 ὰπεκτὰνθαι
1475 4667 1532 4720 ὲν
1579 4666 1655 4737 τῷ
1684 4667 1816 4738 ναῷ,
1856 4671 2064 4742 ἐπειδὴ,

489 4748 645 4814 φασὶ,
680 4748 949 4802 ὀπτασίαν
994 4750 1204 4822 ἑώρακε
1226 4791 1241 4815 ,
1277 4754 1371 4805 καὶ
1407 4755 1515 4807 ἀπὸ
1546 4755 1640 4807 τοῦ
1685 4758 1854 4826 φόϐου
1899 4757 2068 4813 θέλων

491 4841 666 4892 εἰπεῖν
687 4840 786 4910 τὴν
816 4841 1104 4906 ὀπτασίαν,
1132 4845 1427 4916 ἀπεφράγη
1455 4848 1516 4900 τὸ
1560 4848 1750 4918 στόμα.
1784 4845 1904 4902 Εἷόε
1935 4851 2068 4923 γὰρ,

491 4932 676 4998 φασὶν,
711 4934 767 4985 ἐν
793 4935 860 5003 τῇ
896 4934 1015 5006 ὥρᾳ
1049 4936 1142 4988 τοῦ
1185 4936 1529 5007 θυμιάματός
1561 4957 1700 5005 τινα,
1729 4941 1804 5004 ὡς
1839 4944 2058 5011 ἐθυμία,

491 5023 775 5096 ἄνθρωπον
805 5028 1015 5081 ἑστῶτα
1041 5028 1162 5082 ὄνου
1203 5030 1414 5101 μορφὴν
1448 5030 1639 5101 ἔχοντα
1655 5049 1676 5093 ο,
1699 5033 1792 5086 καὶ
1822 5033 2064 5097 ἐξελθόν-

489 5133 601 5181 τος,
627 5119 779 5185 φασὶ,
802 5119 895 5170 καὶ
929 5119 1173 5184 θέλοντος
1201 5123 1392 5183 εἰπεῖν,
1419 5123 1554 5176 Οὐαὶ
1580 5125 1727 5194 ὑμῖν,
1764 5125 1868 5179 τίνι
1898 5143 2066 5196 προσ-

2174 4577 2461 4633 horribilia
2520 4575 2766 4646 quaedam
2822 4589 2885 4629 ac
2941 4571 3263 4629 detestanda
3329 4571 3547 4625 illorum
3608 4570 3759 4624 dicta

2173 4671 2544 4725 continentur.
2578 4667 2738 4723 Velut
2770 4668 2912 4722 inter
2940 4667 3046 4720 alia
3078 4686 3091 4720 :
3131 4681 3253 4720 eam
3297 4663 3574 4720 Zachariae
3601 4662 3765 4718 necis-

2170 4760 2227 4812 in
2260 4759 2462 4828 templo
2491 4772 2711 4812 causam
2740 4756 3039 4818 exstitisse,
3064 4755 3206 4824 quod
3232 4770 3356 4808 cum
3385 4754 3560 4808 visum
3587 4753 3754 4822 quod-

2174 4851 2296 4904 dam
2333 4851 2410 4904 illi
2454 4860 2598 4904 cssct
2637 4849 2899 4911 oblatum,
2935 4847 3097 4917 idque
3120 4862 3230 4917 pra:
3271 4854 3420 4900 metu
3443 4845 3764 4916 signiﬁcare

2172 4942 2350 5004 vellet,
2383 4956 2446 4994 os
2496 4941 2544 4995 ei
2585 4941 2760 5010 primo
2794 4940 3117 5009 praeclusum
3157 4937 3248 4992 sit.
3280 4935 3498 4991 Viderat
3543 4943 3755 4998 autem,

2174 5033 2448 5102 inquiunt,
2501 5047 2624 5085 cum
2674 5030 2883 5084 incensi
2930 5030 3064 5082 liora
3118 5026 3341 5091 suﬁiret,
3393 5025 3533 5080 asini
3577 5025 3755 5095 ﬁgura

2176 5131 2412 5179 stantem
2439 5123 2734 5184 hominem,
2759 5137 2822 5176 ac
2845 5136 2970 5176 cum
3000 5119 3181 5190 egredi
3202 5117 3381 5184 νου-ει,
3411 5117 3593 5185 itaque
3620 5131 3749 5186 pro—

563 5250 586 5278 ’
611 5247 769 5303 Rom.
797 5267 878 5316 ιιι,
907 5252 961 5304 8.
1033 5254 1054 5283 ¹
1083 5249 1243 5306 Rom.
1275 5267 1313 5319 ι,
1359 5252 1450 5307 27.
1529 5255 1550 5286 ³
1579 5254 1620 5308 ll
1651 5253 1793 5309 Tim.
1838 5271 1917 5316 ιιι,
1949 5256 2003 5310 6.

2176 5273 2264 5312 en.
2293 5272 2522 5322 xxxviii,
2562 5255 2630 5311 i8
2662 5270 2784 5323 sqq.

493 5413 818 5487 ξπενεγκεῖν
845 5415 1216 5486 βλασφημίας.
1254 5416 1378 5470 Non
1402 5434 1564 5471 ausus
1600 5428 1674 5470 est
1701 5419 1964 5487 judicium
1990 5420 2076 5471 iu-

491 5483 653 5557 [erre,
678 5496 725 5536 et
763 5483 1017 5557 accusare
1049 5483 1410 5556 Blosphemiw.
1443 5491 1509 5542 At
1540 5483 1877 5557 Epiphanius
1908 5491 2072 5542 aliam

453 5607 462 5615 ,
491 5553 732 5628 fortasse
775 5555 1060 5611 lectionem
1103 5553 1362 5625 secutus;
1400 5576 1502 5614 non
1534 5553 1674 5623 ιιιίίῐ,
1710 5559 1906 5628 inquit,
1930 5559 2075 5613 blas-

525 5623 770 5677 nentiam.

525 5641 770 5677 nentiam.

485 5641 677 5767 TW?)
726 5695 820 5767 ᾨς
854 5697 951 5749 καὶ
977 5697 1315 5767 dim-mipr
1339 5697 1600 5762 Παῦλος.
1633 5698 1888 5752 (Σιοηιςιιε
1918 5699 2067 5754 Alex.

488 5761 584 5818 lib.
621 5761 678 5821 tu
716 5765 919 5822 Strom.
955 5761 1206 5824 eumdem
1255 5761 1502 5840 A’postoli
1553 5761 1735 5824 locum
1778 5772 1954 5827 citans
2000 5772 2066 5825 ad

2173 5417 2442 5486 ejusmodi
2475 5431 2646 5486 genus
2681 5414 3062 5486 hmreticorum
3107 5410 3394 5486 pertinere
3417 5415 3592 5486 putat.
3615 5405 3748 5486 limi

2176 5478 2249 5560 μή
2283 5506 2334 5540 τι
2385 5478 2522 5560 πρδς
2555 5485 2782 5560 τούτους
2818 5485 2846 5536 ὁ
2898 5478 3216 5560 Ἀπόστολος
3247 5482 3398 5560 ἐν,τῇ
3440 5478 3748 5560 προς-Ῥυχ.

2176 5545 2369 5628 μαίους
2423 5545 2709 5626 ’Ἐπιστολῇ
2759 5545 3177 5628 ᾇποτεινόμενος
3223 5545 3449 5628 γράφει·
3498 5546 3609 5628 [fat
3657 5545 3744 5613 μὴ

2169 5617 2364 5693 ἇιαθὼς
2405 5617 2944 5694 βλασφηὶόὐμεθα,
2993 5617 3093 5673 καὶ
3128 5617 3356 5694 Ακαθὼς
3385 5617 3543 5694 ’φασί
3565 5633 3753 5694 Δτινες

2171 5688 2691 5767 ἡμᾶς’λέγεινξὸέι
2717 5688 3058 5762 πέιὴσωμεν
3082 5689 3152 5746 τὰ
3183 5691 3353 5756 κακὰ,
3384 5691 3485 5743 ἵνα
3509 5688 3656 5755 ἔλθῃ
3675 5688 3757 5740 τὰ

2170 5770 2204 5822 ἀ
2214 5768 2357 5837 rami
2366 5809 2378 5820 .
