4170 6372
464 400 560 457 531

1861 390 1920 447 S.
1960 385 2301 443 EPIPHANII

3603 373 3709 430 359.

466 518 649 587 loqui:
683 512 775 570 Va:
809 514 989 580 vobis,
1021 528 1181 584 quem
1221 514 1364 569 enim
1413 510 1628 567 tandem
1663 508 1937 564 adoratis?
1970 509 2039 563 ab
2067 562 2070 571 η

2171 507 2389 567 ευνεῖτε;
2438 498 2748 570 ἀπέφραξεν
2781 494 2945 551 αὐτοῦ
2978 496 3039 548 τὸ
3074 493 3246 564 στόμα
3269 493 3298 545 ὁ
3336 489 3519 560 ὀφθεὶς
3562 488 3711 558 αὐτῷ

464 624 531 663 eo
560 608 652 678 qui
683 607 739 661 in
771 607 972 677 templo
1001 606 1148 661 intus
1185 605 1434 676 apparuit
1461 604 1574 658 oris
1597 603 1694 666 illi,
1734 617 1803 656 ne
1846 600 2040 656 efferre

467 704 671 768 posset,
712 711 848 751 usus
884 695 1214 750 interclusus
1249 702 1353 749 est.
1400 692 1531 749 Post
1576 702 1755 746 autem
1806 691 1896 744 ubi
1936 705 2041 744 vox

467 791 639 843 eidem
672 798 757 843 est
788 789 1060 853 restituta,
1084 795 1246 856 atque
1287 786 1390 841 hoc
1425 786 1481 839 in
1526 783 1742 838 Judaeos
1780 796 2041 837 arcanum

467 880 773 949 evulgavit,
808 879 876 933 ab
924 878 1033 933 illis
1065 877 1380 932 interfectus
1423 884 1526 931 est.
1575 874 1720 939 llaec,
1769 873 2041 943 inquiunt,

470 970 751 1025 Zachariae
785 970 979 1024 mortis
1017 971 1234 1023 occasio
1262 969 1385 1023 fuit.
1437 967 1657 1021 Addunt
1690 964 1935 1020 eamdem
1976 964 2044 1017 il—

472 1061 579 1115 lam
607 1063 677 1116 ob
706 1077 927 1117 causam
955 1062 1165 1131 iussum
1190 1076 1220 1113 a
1250 1060 1559 1130 legislatore
1592 1056 1896 1128 pontificem
1932 1055 2044 1109 tin-

472 1156 756 1210 tinnabula
785 1164 1049 1226 gestasse,
1082 1164 1141 1209 ut
1183 1156 1395 1225 quoties
1433 1154 1503 1209 ad
1532 1155 1865 1208 functionem
1890 1166 2047 1205 suam

473 1247 779 1303 obeundam
824 1248 1217 1317 ingrederetur,
1246 1246 1700 1316 crepitaculorum
1748 1245 1975 1313 strepitu
2001 1243 2048 1298 is

474 1342 568 1409 qui
602 1340 929 1395 adorabatur
962 1340 1268 1396 admonitus
1308 1355 1428 1393 sese
1470 1354 1499 1392 e
1547 1337 1725 1391 medio
1761 1335 2048 1390 subtrahe-

474 1438 577 1494 ret,
609 1448 679 1486 ne
706 1447 830 1485 eum
857 1432 1005 1486 larva
1032 1432 1123 1485 illa
1158 1446 1221 1486 ac
1247 1432 1389 1500 turpi
1417 1429 1587 1498 elligie
1619 1428 2051 1497 deprehendere—

476 1532 585 1579 tur.
619 1523 908 1578 Enimvero
932 1521 1185 1577 stolidum
1222 1522 1352 1575 illud
1391 1521 1838 1575 stultissimorum
1872 1516 2051 1571 homi-
2079 1562 2083 1566 .

479 1631 609 1668 num
645 1624 1012 1671 commentum
1043 1630 1166 1669 cum
1211 1615 1277 1668 ad
1320 1612 1751 1667 convincendum
1798 1608 2054 1679 perfacile

478 1714 584 1770 est,
608 1715 719 1761 tum
754 1709 869 1763 risu
900 1722 964 1761 ae
1007 1706 1246 1760 ludibrio
1293 1704 1537 1773 dignum.
1585 1703 1797 1757 Etenim
1844 1700 1959 1755 sive
2007 1699 2054 1754 is

2141 600 2287 653 ἔνδον
2325 600 2384 650 ὲν
2415 594 2493 665 τῷ
2523 593 2655 664 ναῷ,
2700 593 2787 645 ἵνα
2826 592 2900 662 μὴ
2944 591 3167 661 δύνηται
3210 586 3460 656 λαλῆσαι.
3501 585 3629 636 Ὅτε
3655 582 3712 635 δὲ

2140 691 2334 761 ἠνοίγη
2356 689 2415 741 τὸ
2439 686 2614 755 στόμα
2636 683 2823 747 αὑτοῦ,
2852 683 2936 736 ἵνα
2966 681 3196 751 λαλήσῃ,
3212 678 3333 731 τότε
3366 672 3713 741 ἀπεκάλυψεν

2142 786 2348 847 αὐτοῖς,
2390 781 2484 835 καὶ
2535 777 2863 832 ἀπέκτειναν
2897 773 3081 826 αὐτόν.
3126 770 3236 824 Kal
3264 767 3465 830 οὕτως,
3516 765 3712 835 φασὶν,

2142 873 2381 928 ἀπέθανε
2413 870 2704 941 Ζαχαρίας.
2731 866 2830 919 Διὰ
2857 864 3016 919 τοῦτο
3036 864 3144 935 γὰρ
3170 863 3199 913 ό
3224 861 3401 932 ἱερεὺς
3432 858 3521 911 ὑπ’
3552 856 3714 909 αὑτοῦ

2143 964 2239 1018 τοῦ
2267 961 2733 1033 νομοθετήσαντος
2768 954 3103 1027 προσετάγη,
3137 953 3320 1022 φασὶν,
3361 949 3505 1020 ἔχειν
3537 946 3717 999 κώδω-

2145 1072 2264 1120 νας,
2301 1054 2389 1117 ἶν’,
2443 1053 2573 1106 ὃταν
2626 1049 2943 1121 είσέρχηται
2994 1044 3336 1116 ίερατεῦσαι,
3386 1041 3477 1093 τὸν
3514 1038 3718 1091 κτύπον

2148 1147 2362 1200 ἀκούων
2394 1145 2503 1197 τῶν
2530 1142 2818 1204 κωδώνων,
2843 1138 3151 1209 κρύπτηται
3172 1138 3201 1189 ὁ
3230 1129 3719 1206 προσκυνούμενος,

2151 1239 2239 1291 ἵνα
2273 1237 2347 1307 μὴ
2379 1235 2607 1306 φωραθῇ
2629 1233 2690 1286 τὸ
2725 1229 3103 1301 ἰνδαλματικὸν
3131 1228 3152 1259 ³
3175 1228 3275 1297 τῆς
3304 1224 3521 1295 μορφῆς
3554 1218 3720 1274 αὐτοῦ

2151 1330 2463 1399 πρόσωπον.
2496 1328 2651 1378 Ἔστι
2684 1325 2741 1378 δὲ
2764 1324 2824 1376 τὸ
2856 1324 2965 1375 πᾶν
2992 1323 3090 1391 τῆς
3115 1318 3366 1390 εὐηθείας
3398 1313 3575 1368 αὐτῶν
3600 1313 3722 1363 ὲπι-

2150 1420 2393 1491 τήδευμα
2429 1417 2820 1485 εὐθυέλεγκτον
2866 1416 2961 1468 καὶ
2998 1410 3195 1483 χλεύης
3235 1408 3491 1479 ἔμπλεον.
3522 1406 3585 1457 Εἰ
3617 1401 3725 1473 γὰρ

2150 1508 2218 1583 ἦν
2261 1511 2398 1574 ὅλως
2433 1509 2629 1581 ὁρατὸς
2685 1510 2715 1561 ὁ
2772 1504 3251 1577 ἱερουργούμενος,
3294 1499 3414 1552 οὐδὲ
3459 1496 3725 1583 κρυϐῆναι

2152 1578 2382 1673 ῆδύνατο
2404 1617 2418 1632 ·
2472 1578 2524 1653 εί
2573 1600 2631 1653 δὲ
2672 1598 2808 1661 ὅλως
2840 1596 3106 1667 κρυϐῆναι
3136 1591 3401 1661 ἠδύνατο,
3445 1584 3628 1641 οὐκέτι
3658 1578 3726 1654 ῆν

2153 1693 2367 1765 ὁρατός.
2396 1692 2506 1746 Kal
2535 1691 2738 1762 ἑτέρως
2771 1687 2935 1741 πάλιν
2964 1685 3100 1756 πρὸς
3147 1681 3344 1743 αὐτοὺς
3374 1678 3588 1750 ῥητέον,
3622 1676 3726 1737 ὅτι,

480 1807 599 1852 erat
636 1801 883 1855 omnino.
921 1800 1006 1854 cui
1048 1799 1158 1851 haec
1206 1811 1362 1851 saera
1410 1794 1699 1857 faciebant,
1748 1790 2055 1861 aspectabi-

2171 1789 2206 1838 εί
2232 1783 2427 1857 ὁρατὸς
2467 1779 2557 1854 ἦν,
2595 1780 2757 1851 σῶμα
2786 1780 2895 1850 ἄρα
2922 1773 3013 1849 ἦν,
3052 1775 3147 1828 καὶ
3182 1774 3282 1826 οὐκ
3307 1768 3376 1842 ἦν
3401 1768 3646 1861 πνεῦμα’
3668 1767 3730 1861 εί

480 1892 586 1957 lis;
616 1892 878 1946 occultari
920 1892 1143 1945 minime
1192 1898 1437 1961 poterat;
1491 1888 1605 1942 sive
1658 1884 1921 1940 occultari
1963 1898 2056 1953 pe.-

2171 1878 2213 1929 Ξὲ
2243 1854 2459 1946 πνεῦμα
2480 1871 2568 1945 ῆν,
2596 1873 2780 1926 οὐκέτι
2802 1872 2861 1924 ὲν
2886 1870 3101 1941 ὁρατοῖς
3128 1864 3460 1933 ἐξετάζεται.
3485 1860 3609 1924 Πῶς
3638 1854 3731 1961 ούν

484 1982 631 2035 nitus
679 1990 916 2049 poterat,
978 1996 1087 2036 non
1142 1948 1251 2050 jaum
1300 1989 1416 2034 erat
1474 1970 1848 2048 aspectabilis.
1899 1973 2056 2040 Quod

2171 1971 2220 2023 rb
2249 1972 2350 2023 οὐκ
2376 1970 2433 2022 ὲν
2462 1969 2676 2040 ὁρατοῖς
2708 1962 3096 2032 ἐξεταζόμενον
3124 1956 3234 2012 ἀπὸ
3260 1954 3355 2009 τοῦ
3391 1952 3599 2008 κτύπου
3623 1948 3732 2050 των

484 2073 609 2125 item
676 2073 782 2125 alio
848 2072 1009 2127 modo
1074 2082 1262 2128 contra
1331 2071 1549 2127 eosdem
1611 2072 1791 2138 urgeri
1855 2075 2055 2138 potest.

486 2162 543 2217 Si
592 2165 735 2217 enim
785 2164 954 2218 videri
1002 2173 1232 2234 poterat,
1276 2178 1476 2233 corpus
1528 2162 1714 2231 utique
1755 2166 1903 2224 erat,
1948 2174 2058 2212 non

485 2254 749 2323 spiritus;
787 2256 873 2309 sin
907 2254 1077 2311 fuisse
1110 2256 1361 2325 spiritum
1401 2253 1659 2317 dixerint,
1694 2265 1798 2304 non
1832 2250 1974 2302 inter
1998 2260 2068 2302 ea

486 2347 795 2403 censendus
825 2348 948 2411 erit,
979 2363 1099 2418 qua:
1133 2346 1371 2401 discerni
1415 2344 1590 2398 oculis
1637 2351 1885 2413 possunt.
1920 2340 2062 2406 Quid

488 2440 651 2509 igitur
679 2439 940 2493 attinebat
968 2455 1090 2494 eum
1115 2440 1206 2509 qui
1240 2440 1522 2493 oculorum
1554 2453 1714 2492 sensu
1743 2436 1945 2506 percipi
1976 2450 2065 2490 ne-

487 2531 668 2598 quiret
699 2531 791 2585 illo
818 2531 1307 2585 tintinnabulorum
1348 2531 1529 2585 sonitu
1582 2530 1719 2599 fuga:
1762 2542 1894 2589 sum,
1927 2527 2064 2580 late-

490 2621 707 2690 braeque
733 2622 1041 2676 consulere.
1076 2622 1211 2676 Cum
1243 2623 1386 2677 enim
1418 2621 1473 2675 id
1498 2630 1694 2675 natura
1718 2621 1941 2674 insitum
1966 2619 2065 2672 ha-

492 2713 661 2775 beret,
712 2720 769 2765 ut
815 2713 984 2766 videri
1026 2729 1135 2767 non
1182 2721 1386 2782 posset,
1416 2712 1659 2782 profecto
1706 2712 1812 2767 nisi
1851 2712 2006 2767 vellet
2036 2725 2068 2764 a

493 2804 707 2857 nemine
736 2805 1028 2858 videretur.
1062 2804 1215 2870 Quod
1262 2820 1392 2859 vero
1435 2813 1577 2859 esset
1616 2805 1682 2858 ab
1720 2804 1903 2873 aliquo
1932 2818 2067 2857 con-

495 2903 734 2962 spectus,
786 2909 894 2948 non
945 2895 1075 2948 illud
1123 2896 1447 2949 necessitate
1489 2895 1858 2965 contingeret,
1911 2894 2070 2964 quasi

495 3000 618 3040 cum
669 2985 723 3038 in
768 2986 940 3039 lucem
984 2994 1038 3040 et
1070 2994 1314 3055 apertum
1350 2994 1543 3039 natura
1573 2986 1942 3054 produxisset,
1975 2986 2070 3041 sed

498 3076 831 3146 indulgentia
875 3076 1107 3146 quadam
1156 3078 1374 3147 potius;
1430 3092 1605 3146 neque
1657 3077 1732 3131 ita
1786 3085 1846 3131 ut
1892 3076 2073 3131 subito

499 3180 665 3231 metu,
716 3178 877 3237 atque
923 3186 988 3224 ex
1036 3170 1331 3239 improviso
1370 3180 1675 3240 przelerque
1710 3169 2073 3239 exspectatio-

2158 2061 2424 2116 κωδώνων
2443 2061 2541 2130 τῆς
2566 2056 2761 2112 ἑαυτοῦ
2789 2053 3048 2122 συστολῆς
3072 2050 3409 2121 προενοείτο;
3439 2045 3601 2114 Ἕχον
3626 2040 3735 2111 γὰρ

2158 2153 2221 2206 τὸ
2258 2153 2489 2222 ἀόρατον
2527 2150 2669 2203 κατὰ
2714 2147 2907 2215 φύσιν,
2948 2146 3050 2197 οὐκ
3090 2142 3156 2196 ἂν
3206 2140 3523 2200 ὡπτὰνετο,
3563 2136 3613 2187 εί
3661 2131 3737 2202 μὴ

2160 2244 2371 2315 ῆθελεν.
2418 2242 2480 2295 Εἰ
2522 2241 2579 2293 δὲ
2614 2240 2709 2293 καὶ
2761 2237 2917 2308 ὤφθη
2952 2236 3031 2298 δὲ,
3082 2233 3266 2286 οὐκέτι
3311 2228 3455 2282 κατὰ
3492 2226 3736 2315 ἀνάγκην

2162 2334 2433 2403 ἐφαίνετο,
2464 2332 2562 2401 τῆς
2605 2329 2821 2399 φύσεως
2867 2326 3031 2380 αὑτὸν
3074 2323 3315 2391 ἀγούσης
3342 2320 3421 2381 είς
3458 2318 3520 2369 τὸ
3551 2314 3739 2386 φαίνε-

2164 2426 2310 2487 σθαι,
2341 2424 2476 2477 ἁλλὰ
2518 2422 2659 2475 κατὰ
2694 2420 2874 2491 χάριν,
2903 2419 2964 2471 οὑ
2999 2415 3150 2485 φόὸῳ
3180 2413 3275 2466 καὶ
3298 2408 3565 2482 προλήψει
3588 2404 3741 2477 παρὰ

2164 2516 2492 2589 προσδοκίαν
2526 2515 2654 2569 ἄνευ
2697 2511 2927 2574 κτύπου,
2963 2510 3043 2570 είς
3072 2506 3134 2559 τὸ
3179 2504 3336 2575 δῆλον
3378 2498 3741 2560 καθιστῶντος

2164 2609 2264 2679 τὴν
2292 2607 2459 2661 αὑτοῦ
2485 2604 2774 2660 ὀπτασίαν.
2818 2602 2929 2656 Kal
2958 2599 3133 2661 οὕτως
3162 2594 3308 2649 κατὰ
3338 2593 3517 2646 πάντα
3541 2590 3744 2679 τρόπον

2166 2676 2417 2753 διέπεσεν
2451 2700 2479 2751 ό
2514 2695 2693 2749 αὐτῶν
2736 2692 2939 2762 ψευδὴς
2971 2690 3064 2743 καὶ
3098 2681 3617 2756 παραπεποιημένος
3659 2676 3747 2730 λό-

2168 2810 2283 2862 γος.
2329 2792 2439 2844 Kal
2468 2789 2640 2842 πολλὰ
2668 2791 2813 2840 ἐστιν
2848 2783 3000 2849 ἄλλα,
3031 2782 3067 2837 ἃ
3093 2780 3310 2847 λέγουσι
3340 2774 3556 2845 ληρώδη
3577 2789 3590 2802 ·
3626 2770 3749 2823 καί·

2169 2901 2319 2953 τοιγε
2356 2882 2450 2936 τοῦ
2497 2880 2767 2951 Ζαχαρίου
2806 2878 2879 2947 μὴ
2928 2871 3360 2931 ἀποκτανθέντος
3396 2866 3579 2953 εὐθυς,
3613 2862 3750 2916 ἀλλὰ

2173 2952 2277 3032 καί
2314 2975 2691 3047 ὲπιμείναντος
2737 2970 2949 3041 ἡμέρας
3004 2967 3146 3036 μετὰ
3191 2962 3287 3031 τὴν
3349 2958 3445 3013 τοῦ
3499 2952 3747 3011 Ἰωάννου

2174 3071 2460 3140 γέννησιν,
2506 3067 2601 3120 καὶ
2645 3061 3124 3136 προφητεύσαντος
3156 3056 3284 3127 περὶ
3332 3052 3427 3106 τοῦ
3481 3050 3751 3114 Ἰωάννου,

2177 3164 2271 3217 καὶ
2312 3161 2440 3232 περὶ
2468 3159 2567 3228 τῆς
2598 3154 2902 3227 παρουσίας
2935 3151 3165 3222 Κυρίου,
3191 3150 3285 3201 καὶ
3321 3146 3587 3216 ὲνσάρκου
3625 3159 3751 3210 γεν-

497 3278 644 3325 nem,
692 3276 983 3331 suppresso
1034 3262 1125 3315 illo
1178 3262 1381 3326 sonitu,
1437 3262 1613 3331 palam
1673 3276 1731 3316 se
1779 3261 2070 3317 videndum

2178 3258 2387 3328 νὴσεως
2412 3253 2520 3306 ἀπὸ
2553 3251 2653 3319 τῆς
2681 3249 2841 3316 ἁγίας
2882 3245 3163 3317 Παρθένου
3197 3240 3412 3311 Μαρίας
3453 3237 3541 3291 διὰ
3581 3233 3754 3331 Πνεύ-

498 3355 781 3422 ρτωὺοτοι.
835 3356 914 3406 Ita
960 3354 1106 3408 omni
1158 3370 1222 3408 ex
1266 3364 1417 3423 parte
1471 3355 1604 3409 falsa
1653 3355 1867 3409 illorum
1914 3363 2077 3424 atque

498 3445 755 3499 ementita
802 3446 943 3499 ratio
989 3445 1246 3500 concidit.
1292 3445 1395 3501 Sed
1430 3448 1533 3500 alia
1564 3446 1809 3517 quaedam
1843 3448 2076 3516 plurima

502 3546 662 3596 sunt.
699 3552 819 3606 quae
861 3539 1143 3606 nugatorie
1181 3546 1342 3607 atque
1369 3538 1601 3592 inaniter
1627 3539 1837 3603 jactare
1882 3540 2077 3593 solent.

502 3622 666 3692 Atqui
692 3638 865 3692 neque
895 3624 1039 3677 illico
1067 3632 1150 3680 est
1178 3625 1495 3681 interfectus
1527 3626 1855 3693 Zacharias;
1885 3637 1938 3681 et
1959 3636 2083 3697 post

504 3723 683 3768 ortum
713 3714 938 3770 Joannis
972 3715 1080 3785 95
1109 3717 1286 3770 adlmc
1337 3718 1493 3781 vixit,
1531 3718 1705 3787 deque
1758 3734 1845 3780 eo,
1904 3734 1966 3772 ac
2013 3719 2081 3774 de

506 3807 711 3861 Christi
745 3807 999 3872 adventu,
1029 3817 1082 3863 et
1119 3809 1362 3878 ejusdem
1393 3811 1691 3865 secundum
1727 3827 1946 3866 carnem
1986 3827 2083 3881 per

2181 3327 2349 3419 ματος
2382 3346 2560 3414 ἁγίου,
2583 3343 2658 3405 ὡς
2681 3342 2830 3409 λέγει
2854 3356 2866 3370 ·
2894 3339 3003 3393 Καὶ
3035 3336 3138 3398 σὺ,
3165 3334 3423 3398 παιδίον,
3448 3327 3757 3399 προφήτης

2190 3441 2475 3509 Ὑψίστου
2517 3433 2823 3503 κληθήσῃ.
2860 3429 3255 3498 Προπορεύσῃ
3287 3425 3397 3495 γὰρ
3432 3422 3545 3492 πρὸ
3574 3436 3760 3489 προσ-

2179 3534 2343 3589 ὠπου
2373 3530 2595 3599 Κυρίου
2614 3524 2923 3595 ἑτοιμάσαι
2950 3522 3130 3588 ὀδοὺς
3164 3518 3372 3581 αὐτοῦ,
3404 3512 3760 3583 ἐπιστρέψαι

2183 3624 2432 3693 καρδίας
2462 3620 2731 3687 πατέρων
2751 3616 2849 3669 ἐπὶ
2878 3614 3085 3677 τέκνα,
3113 3611 3210 3665 καὶ
3242 3606 3505 3673 ἀπειθεῖς
3524 3606 3593 3659 ἐν
3618 3620 3761 3672 φρο-

2187 3718 2386 3785 νήσει,
2425 3711 2609 3766 καὶτὰ
2635 3709 2781 3779 ἑξῆς.
2820 3707 2969 3760 Πόσα
3005 3706 3062 3758 δὲ
3092 3703 3230 3758 ἀλλὰ
3263 3702 3412 3753 ἔστιν
3435 3699 3608 3751 εἰπεῖν
3631 3693 3763 3766 περὶ

2188 3810 2287 3879 τῆς
2310 3807 2490 3860 αὐτῶν
2516 3800 2883 3874 ψευδηγορίας
2908 3800 3001 3853 καὶ
3030 3797 3123 3851 τοῦ
3144 3794 3322 3849 αὐτῶν
3350 3788 3618 3864 μιασμοῦι

510 3904 772 3972 Spiritum
821 3914 1068 3960 sanctum
1111 3922 1142 3960 e
1187 3907 1344 3961 beata
1383 3906 1604 3976 Virgine
1647 3907 1815 3961 Maria
1876 3908 2223 3978 generatione
2288 3903 2618 3958 vaticinatus
2657 3905 2742 3952 est
2775 3896 2859 3949 his
2921 3895 3101 3949 verbis
3152 3912 3164 3945 :
3202 3890 3269 3943 Et
3316 3899 3389 3953 tu,
3428 3901 3576 3978 puer,
3640 3897 3768 3978 pro.

508 3996 662 4065 pheta
690 3996 954 4049 Allissimi
986 3996 1292 4051 vocaberis:
1357 3999 1572 4064 prmibis
1601 4001 1739 4052 enim
1778 4010 1899 4053 ante
1934 4000 2122 4064 faciem
2164 3997 2384 4052 Domini
2431 4009 2622 4063 parare
2673 3992 2783 4044 vias
2831 3987 2945 4051 eius
2995 3987 3059 4049 ¹;η
3089 3983 3157 4036 ad
3198 3976 3543 4035 convertenda
3602 3971 3768 4027 corda

509 4098 720 4156 patrum
748 4091 804 4143 in
833 4091 975 4159 ﬁlios
1003 4101 1052 4144 et
1083 4092 1474 4161 inobsequentes
1501 4096 1569 4146 ad
1598 4093 1933 4162 prudentiam
1961 4094 2002 4158 ',
2026 4101 2134 4147 etc.
2176 4092 2391 4157 Quanta
2418 4105 2545 4144 vero
2575 4085 2643 4140 ad
2673 4099 2862 4140 eorum
2888 4079 3171 4136 mendacia
3204 4069 3600 4133 convincenda,
3629 4083 3767 4123 con-

510 4189 702 4247 traque
736 4179 1155 4233 abominandam
1182 4180 1327 4234 illam
1357 4180 1633 4235 libidinem
1664 4197 1694 4234 a
1723 4182 1884 4236 nobis
1908 4180 2092 4236 aﬂ'erri
2132 4187 2363 4252 possunt
2390 4180 2403 4232 !

582 4270 716 4326 XIII.
748 4272 923 4342 Atque
964 4281 1023 4326 ut
1068 4273 1135 4327 de
1174 4274 1392 4327 illorum
1432 4273 1656 4335 Levitis,
1699 4277 1780 4328 sic
1811 4273 1956 4329 enim
2002 4288 2070 4343 ap

2268 4269 2367 4325 ll".
2406 4271 2469 4323 Oi
2494 4268 2549 4321 δὲ
2580 4263 2805 4320 Λευῖται
2841 4262 2971 4334 παρ’
2998 4262 3182 4323 αὐτοῖς
3206 4255 3551 4327 καλούμενοι,
3581 4250 3771 4343 οὑ-μίῖ

514 4365 1001 4433 pellant,nnnnihil
1031 4366 1278 4437 dicamus
1302 4388 1313 4433 ;
1337 4368 1425 4423 isti
1454 4383 1560 4421 non
1596 4383 1722 4422 cum
1749 4366 2095 4430 mulieribus,

512 4457 606 4511 sed
641 4473 826 4512 secum
861 4459 1089 4513 invicem
1118 4460 1450 4522 miscentur;
1484 4476 1548 4515 ac
1586 4460 1795 4513 scilicet
1824 4461 2070 4528 praecipu;

2196 4456 2332 4507 εἰσιν
2358 4453 2408 4505 οἱ
2443 4449 2759 4523 προκριτέοι
2790 4447 2919 4517 παρ’
2946 4445 3129 4504 αὐτοῖς
3156 4439 3313 4509 δῆθεν
3345 4437 3437 4489 καὶ
3475 4428 3768 4485 ὲπαινετοί.

514 4550 655 4603 inter
685 4551 807 4604 illos
843 4551 1103 4620 dignitate
1145 4566 1207 4604 ac
1256 4550 1413 4605 laude
1448 4523 1920 4605 commendant-ur.
1951 4523 2069 4603 Tun

2197 4543 2557 4613 Καταγελῶσι
2580 4542 2638 4594 δὲ
2669 4538 2857 4592 λοιπὸν
2878 4536 2990 4588 τῶν
3016 4534 3115 4605 τὴν
3141 4528 3414 4584 πολιτείαν
3438 4523 3771 4583 ἀσκούντων,

513 4656 644 4695 vero
692 4656 786 4695 eos
833 4657 1023 4696 omnes
1079 4642 1354 4704 derident,
1399 4642 1492 4711 qui
1542 4644 1908 4697 monasticam
1965 4642 2070 4696 vita

2192 4640 2287 4692 καὶ
2331 4611 2575 4705 ἁγνείαν,
2610 4632 2707 4686 καὶ
2751 4627 3071 4699 παρθενίαν,
3102 4624 3179 4685 ὼς
3222 4622 3301 4683 είς
3341 4618 3515 4711 μὰτην
3542 4615 3632 4711 τὸν
3672 4611 3775 4666 κὰ-

2199 4378 2417 4429 σγονται
2439 4356 2708 4428 γυναιξὶν,
2732 4353 2867 4409 ἀλλὰ
2892 4351 3142 4421 ἀλλήλοις
3165 4349 3469 4419 μίσγονται.
3496 4341 3605 4395 Kal
3623 4335 3771 4429 οὗτοί
3857 4373 3866 4383 .

514 4747 685 4801 genus
713 4732 943 4801 amplexi
973 4741 1119 4794 sunt,
1162 4741 1255 4786 aut
1281 4735 1586 4788 castitatem
1614 4733 2091 4801 virginitatemque

516 4821 858 4889 profitentur,
891 4821 1033 4890 quod
1071 4821 1271 4876 frustra
1303 4822 1356 4875 id
1388 4823 1493 4877 sibi
1542 4823 1804 4876 molestiae
1842 4838 1906 4876 ac
1941 4822 2094 4877 labo-

517 4914 595 4967 ris
632 4913 933 4981 imponant.
982 4910 1249 4967 Prteterea
1292 4912 1627 4981 evangelium
1672 4912 1945 4981 quoddam
1990 4912 2093 4967 sub

518 5004 751 5074 Philippi
794 5003 1126 5059 sanctissimi
1168 5003 1370 5058 Christi
1413 5004 1667 5073 discipuli
1714 5003 1934 5057 nomine
1979 5002 2092 5056 eir-

517 5091 850 5152 eumferunt,
882 5091 935 5143 in
957 5104 1067 5159 quo
1097 5089 1198 5143 ista
1225 5096 1548 5142 narrantur:
1578 5087 1736 5151 Mihi,
1772 5087 1966 5157 inquit,
1992 5085 2095 5138 Do-

518 5186 693 5236 minus
748 5184 991 5250 aperuit,
1049 5184 1236 5253 quibus
1288 5183 1469 5234 anima
1514 5181 1679 5235 verbis
1735 5182 1813 5233 uti
1870 5197 1989 5233 cum
2042 5180 2096 5233 in

518 5272 707 5325 ccelum
738 5273 992 5335 ascendit,
1031 5288 1093 5325 ac
1139 5270 1579 5341 quemadmodum
1629 5271 1909 5339 unicuique
1940 5268 2096 5323 caste-

520 5366 681 5417 stium
731 5365 985 5417 virtutum
1030 5364 1341 5431 respondere
1394 5363 1596 5417 debeat.
1634 5361 1947 5414 Nimirum:
1982 5359 2096 5431 Ego

522 5459 773 5527 meipsam
825 5459 1042 5526 agnovi,
1090 5468 1244 5528 atque
1301 5457 1640 5527 undequaque
1685 5455 1905 5524 collegi;
1938 5471 2100 5524 neque

522 5550 747 5617 principi
786 5550 927 5619 ﬁlios
960 5550 1134 5619 genui,
1190 5550 1281 5603 sed
1315 5550 1428 5619 ejus
1471 5550 1673 5601 radices
1701 5547 2006 5615 exstirpavi,
2039 5562 2100 5598 ac

523 5638 789 5707 dissipata
823 5642 1053 5696 membra
1086 5642 1139 5695 in
1169 5659 1329 5695 unum
1357 5642 1537 5712 coegi;
1577 5650 1723 5710 teque
1754 5639 1885 5695 adeo
1910 5639 1998 5711 qui
2028 5640 2100 5695 sis

608 5820 621 5850 ³
652 5819 786 5875 Luc.
817 5820 971 5886 1,76.
1046 5823 1065 5853 ²
1095 5820 1223 5876 ibid.
1258 5820 1339 5876 l7.
1419 5822 1436 5852 ³
1470 5839 1555 5889 γρ.
1598 5818 1912 5873 ἰυδσὶτικόν.

2197 4746 2365 4800 ματον
2416 4723 2875 4795 ἁναδεδεγμένων.
2933 4716 3313 4789 Προσφέρουσι
3358 4710 3414 4763 δὲ
3468 4705 3774 4800 εἰςᾼὸνομα

2193 4795 2460 4873 ἑῙνιλίτεπου
2504 4816 2601 4869 τοῦ
2639 4815 2796 4881 ἁγίου
2836 4807 3080 4883 μαθητοῦ
3108 4803 3421 4873 εὐαγγέλιον
3452 4795 3774 4865 πεπλασμέ-

2196 4928 2307 4977 νον,
2338 4912 2420 4962 ὅτι
2455 4908 2650 4977 φησίν’
2700 4899 3075 4969 Ἇπεκάλυψέ
3097 4916 3199 4968 μοι
3239 4900 3271 4951 ὀ
3306 4896 3542 4961 Κύριος,
3574 4890 3632 4943 τι
3663 4888 3777 4955 τὴν

2197 5001 2412 5073 ψυχὴν
2435 5000 2529 5053 δεῖ
2552 4998 2753 5067 λέγειν
2782 4996 2851 5049 ἐν
2870 4994 2951 5060 τῷ
2980 4993 3214 5047 ἀνιέναι
3248 4991 3336 5054 εις
3367 4986 3476 5039 τὸν
3494 4981 3773 5053 οὐρανὸν,

2202 5094 2300 5147 καὶ
2341 5090 2466 5157 πῶς
2505 5089 2730 5155 ἑκάστῃ
2772 5085 2891 5139 τῶν
2941 5084 3062 5138 ἅνω
3104 5080 3416 5149 δυνάμεων
3459 5074 3777 5143 ἀποκρίνε-

2200 5186 2359 5238 σθαι.
2395 5182 2515 5233 Ὅτι
2538 5179 2807 5246 ἐπέγνων
2830 5173 3118 5245 ἐμαυτὴν,
3151 5170 3305 5242 φησι,
3330 5166 3455 5246 καὶ
3468 5162 3774 5227 συνέλεξα

2201 5271 2469 5343 ἐμαυτὴν
2497 5269 2895 5337 πανταχόθεν,
2918 5265 3015 5317 καὶ
3053 5265 3163 5317 οὐκ
3189 5230 3670 5325 ἕσπειρέτέκνα,
3700 5248 3781 5343 τῷ

2205 5339 2471 5432 mm,
2513 5361 2676 5414 ἀλλά
2712 5356 3065 5426 ἐξερῤίζωσα
3094 5354 3201 5418 τὰς
3232 5349 3401 5418 ῥίζας
3437 5343 3646 5406 αὐτοῦ,
3680 5339 3779 5432 acui

2208 5429 2517 5517 συνέλεξα
2560 5452 2631 5505 τὰ
2655 5452 2812 5521 μέλη
2854 5450 2927 5503 τὰ
2966 5440 3492 5512 διεσκορπισμένα,
3524 5436 3621 5490 καί
3649 5429 3783 5487 οἶδά

2209 5562 2283 5600 σε
2313 5548 2404 5611 τίς
2434 5541 2507 5599 εἷ.
2550 5543 2699 5615 Ἐγὼ
2732 5544 2863 5614 γὰρ,
2902 5541 3055 5611 φησὶ,
3104 5536 3222 5590 τῶν
3253 5533 3480 5588 ἄνωθέν
3504 5530 3638 5596 ειμι.
3671 5522 3782 5615 Kal

2217 5637 2411 5701 οὕτως,
2444 5636 2628 5705 φησιν,
2681 5633 2993 5689 ἀπολύεται.
3040 5630 3165 5683 Ἐὰν
3203 5626 3289 5691 δὲ,
3342 5620 3540 5693 φησὶν,
3584 5613 3779 5687 εὑρεθῇ
