4170 6372
485 311 591 368 355

1161 313 1199 365 Α
1211 311 1527 367 DVERSUS
1568 310 1908 368 llAERESES
1945 311 2066 367 LIB.

2166 311 2327 368 TOM.
2369 312 2434 368 11.
2475 313 2843 371 -ῙῙΙΕΠΕΒ,
2884 315 3072 371 XXVI.

3637 318 3743 376 353

484 428 793 498 γεννήσασα
842 427 986 491 υἱὸν,
1035 429 1329 499 κατέχεται
1368 430 1546 493 κάτω,
1594 428 1794 492 ἕωᾳᾶν
1838 428 1908 482 τὰ
1951 429 2059 483 ἴδια

2166 432 2281 485 novi
2316 446 2335 483 :
2374 448 2490 485 sum
2537 431 2675 485 enim
2716 449 2744 486 e
2791 433 3080 487 caelestium
3133 448 3368 487 numero.
3420 432 3598 502 Atque
3641 434 3745 491 boc

485 516 655 569 τέκνα
683 516 884 587 δυνηθῇ
925 518 1236 582 ἀναλαϐεῖν,
1267 518 1362 571 καὶ
1400 517 1694 571 ἀνελκύσαι
1723 520 1803 581 είς
1840 519 2060 588 ἑαυτήν.

488 609 601 664 Καὶ
636 608 809 663 ταῦτά
850 612 965 665 ἐστι
999 612 1070 665 τὰ
1107 611 1321 684 ληρώδη
1348 612 1526 666 αὐτῶν
1570 613 1665 666 καὶ⁸
1705 612 1955 684 μυθώδη·
1988 613 2065 676 ὡς

488 700 743 772 καὶπερὶ
782 702 878 754 τοῦ
921 704 1079 771 ἁγίου
1130 704 1282 757 Ἠλία
1311 705 1552 775 τολμῶσι
1596 704 1932 775 βλασφημεῖν
1970 705 2065 759 καὶ

489 790 690 857 λέγειν,
722 792 805 844 ὅτι
833 794 1031 863 φησίνο
1066 794 1198 847 Ὅτε
1240 794 1538 865 ἀνελήφθη,
1568 795 1875 865 κατεϐλήθη
1905 794 2065 849 πάλιν

490 882 570 944 εἰς
598 880 691 933 τὸν
722 882 949 953 κόσμον.
978 881 1150 938 ’Ἦλθε
1193 887 1327 957 γὰρ,
1366 888 1533 958 φησὶ,
1574 888 1670 957 μία
1702 887 1932 957 δαίμων,
1971 886 2066 939 καὶ

491 973 786 1045 ἐκράτησε,
822 976 917 1030 καὶ
958 973 1110 1031 εἶπεν
1153 979 1323 1050 αὐτῷ,
1353 980 1435 1033 ὅτι
1480 980 1589 1033 Ποῦ
1629 980 1871 1050 πορεύῃ;
1918 980 2066 1049 Ἐχω

492 1065 601 1136 γὰρ
634 1067 799 1121 τέκνα
827 1067 936 1121 ἀπὸ
986 1068 1078 1122 σοῦ
1101 1111 1113 1135 ,
1150 1072 1245 1124 καὶ⁹
1298 1072 1358 1124 ού
1404 1070 1629 1126 δύνασαι
1666 1072 1940 1133 ἀνελθεῖν,
1972 1071 2067 1124 καὶ

497 1149 594 1211 ὧδε
629 1158 846 1227 ἀφεῖναι
875 1160 944 1213 τὰ
973 1160 1139 1214 τέκνα
1178 1178 1294 1215 σου.
1326 1163 1456 1226 Καὶ,
1489 1163 1647 1234 φησὶ,
1682 1163 1860 1231 λέγει’
1894 1162 2065 1218 Πόθεν

494 1247 640 1319 ἔχεις
692 1250 858 1303 τέκνα
917 1253 1012 1306 ἀπ’
1042 1252 1201 1324 ἐμοῦ,
1248 1254 1343 1308 καὶ
1383 1254 1493 1323 ἐγὼ
1536 1256 1684 1327 ἥμην
1730 1258 1787 1309 ἐν
1833 1256 2062 1325 ἁγνεία;

494 1338 699 1405 Λέγει,
755 1339 920 1409 φησί·
979 1342 1123 1400 Ναὶ,
1170 1344 1261 1396 ὅτε
1309 1345 1576 1407 ἐνυπνίοις
1613 1343 2066 1415 ἐνυπνιαζόμενος

495 1430 757 1494 πολλάκις
803 1433 863 1485 ὲν
906 1435 970 1503 τῇ
1004 1435 1275 1505 ἀποῤῥοίᾳ
1305 1437 1413 1489 τῶν
1460 1439 1725 1507 σωμάτων
1770 1437 2063 1509 ἐκενώθης,

494 1522 605 1591 ἐγὼ
628 1524 777 1594 ἥμην
804 1526 837 1595 ἡ
870 1526 1249 1594 μεταλαϐοῦσα
1271 1528 1379 1581 ἀπὸ
1400 1528 1493 1581 σοῦ
1531 1529 1599 1582 τὰ
1633 1529 1943 1600 σπέρματα,
1971 1530 2067 1582 καὶ

492 1615 741 1682 γεννῶσα
769 1633 851 1669 σοι
885 1617 1054 1680 υἱούς.
1092 1618 1269 1688 Πολλὴ
1292 1619 1349 1672 δὲ
1387 1621 1569 1691 μωρία
1595 1620 1705 1673 τῶν
1738 1621 1808 1673 τὰ
1845 1618 2067 1672 τοιαῦτα

493 1706 780 1775 λεγόντων.
807 1708 930 1771 Πῶς
956 1709 1065 1777 γὰρ
1096 1708 1320 1763 δύναται
1342 1711 1572 1781 δαίμων,
1603 1710 1819 1782 πνεῦμα
1850 1711 1909 1764 ὃν
1937 1711 2067 1764 ἀκά-

493 1798 693 1869 θαρτον
723 1799 817 1852 καὶ
862 1799 1174 1870 ἀσώματον,
1206 1800 1473 1870 σωμάτων
1503 1802 1972 1873 μεταλαμϐάνειν;
2002 1803 2064 1854 El

491 1887 551 1941 δὲ
597 1890 694 1943 καὶ⁸
742 1890 850 1943 ἀπὸ
902 1890 1173 1960 σωμάτων
1228 1890 1634 1961 μεταλαμϐάνει
1680 1894 1773 1946 καὶ
1816 1894 2063 1953 κυΐσκει,

490 1981 677 2035 οὐκέτι
712 1983 831 2034 ἐστὶ
871 1983 1107 2053 πνεῦμα,
1157 1982 1293 2036 ἀλλὰ
1322 1983 1501 2054 σῶμα.
1530 1983 1698 2053 Σῶμα
1733 1983 1789 2035 δὲ
1827 1983 1908 2044 ὃν,
1950 1982 2068 2045 πῶς

492 2076 643 2127 ἐστιν
676 2075 907 2147 ἀόρατον
949 2076 1043 2129 καὶ
1089 2074 1337 2145 πνεῦμα;
1379 2076 1490 2128 Καὶ
1522 2075 1691 2147 πολλὴ
1731 2075 1930 2129 ἀτοπία
1966 2074 2067 2144 τῆς

491 2164 672 2218 αὐτῶν
716 2165 1073 2236 μωρολογίας.
1121 2165 1409 2219 Βούλονται
1449 2166 1558 2237 γὰρ
1595 2166 1694 2235 τὴν
1737 2167 1853 2218 κατ’
1888 2164 2067 2218 αὐτῶν
2108 2193 2127 2211 ο

494 2255 796 2325 μαρτυρίαν
818 2255 917 2327 τὴν
943 2255 1050 2308 ἀπὸ
1071 2257 1171 2325 τῆς
1210 2256 1529 2325 Ἐπιστολῆς
1549 2255 1641 2308 τοῦ
1668 2255 1835 2309 Ἰούδα
1869 2255 2067 2325 μᾶλλον

491 2349 572 2410 εἰς
611 2348 836 2411 ἑαυτοὺς
865 2348 1024 2418 δῆθεν
1056 2348 1380 2416 ἐπάγεσθαι,
1419 2350 1477 2401 ὲν
1508 2348 1585 2418 τῷ
1614 2347 1791 2416 λέγειν
1812 2365 1824 2377 ·
1860 2348 1971 2402 Καὶ
2014 2350 2069 2401 οἱ

485 2438 604 2508 μὲν
644 2438 1129 2508 ἐνυπνιαζόμενοι
1171 2440 1282 2509 (78)
1320 2439 1519 2509 σάρκα
1568 2438 1685 2508 μὲν
1735 2440 2065 2508 μιαίνουσι,

490 2530 809 2598 κυριότητα
829 2529 897 2583 δὲ
917 2530 1199 2586 ἀθετοῦσι
1227 2547 1240 2559 ·
1271 2531 1456 2596 δόξας
1482 2530 1551 2583 δὲ
1567 2531 2064 2600 βλασφημοῦσιν.

489 2622 605 2674 Οὐκ
632 2617 755 2675 εἷπε
785 2622 843 2675 δὲ
870 2624 897 2675 ὁ
934 2622 1198 2692 μακάριος
1236 2622 1437 2686 Ἰούδας
1475 2622 1703 2690 ἀδελφὸς
1729 2622 1823 2675 τοῦ
1862 2622 2068 2694 Κυρίου

490 2710 620 2781 περὶ
670 2709 1143 2781 ὲνυπνιαζομένων
1172 2712 1231 2764 ἐν
1269 2710 1537 2781 σώμασιν.
1590 2711 1767 2775 Εὐθὺς
1798 2712 1906 2783 γὰρ
1950 2714 2069 2765 ἐπι-

490 2800 647 2873 φέρει
678 2801 773 2855 καὶ
820 2801 1093 2867 δεικνύει,
1128 2803 1210 2855 ὅτι
1261 2803 1389 2872 περὶ
1447 2801 1554 2855 τῶν
1599 2801 2069 2873 ὲνυπνιαζομένων

489 2891 670 2960 λέγει,
709 2892 819 2946 τῶν
862 2893 1166 2947 λαλούντων
1205 2894 1280 2957 ὡς
1324 2894 1390 2946 δι’
1428 2893 1724 2963 ὀνειράτων
1768 2894 1838 2947 τὰ
1889 2894 2069 2946 αὐτῶν

493 2984 737 3054 ῥήματα,
763 2984 858 3037 καὶ
898 2984 998 3037 οὐκ
1039 2985 1304 3054 ἀνανήψει
1343 2986 1730 3056 γρηγορήσεως
1771 2985 2066 3056 λογισμῶν.

2165 522 2351 586 modo,
2385 523 2663 592 inquiunt,
2699 524 2786 578 illa
2814 524 3125 579 dimittitur.
3164 522 3260 578 Sin
3290 531 3469 578 autem
3502 526 3742 581 sobolem

2165 627 2498 685 propagasse
2520 616 2811 684 reperitur,
2853 615 3042 668 tandiu
3078 613 3220 669 infra
3252 612 3544 679 detinetur,
3570 617 3746 671 donec

2166 705 2309 759 ﬁlios
2343 719 2474 758 suos
2514 704 2757 774 recipere
2794 705 3050 774 potuerit,
3082 712 3137 757 et
3173 703 3240 758 ad
3281 705 3629 773 semetipsam
3664 712 3748 758 at-

2167 796 2403 850 trahere.
2441 794 2534 849 Haa
2582 802 2710 851 sunt
2763 810 2920 865 nugae
2966 794 3183 849 illorum
3222 810 3286 850 ac
3314 799 3546 852 somnia.
3588 793 3747 850 Velut

2164 887 2327 944 etiam
2356 887 2446 941 illa
2473 894 2622 951 sunt,
2651 901 2771 956 quae
2816 887 2872 940 in
2907 892 3156 941 sanctum
3189 885 3360 940 Ellam
3398 886 3748 941 exsecranda:

2167 978 2454 1047 cujusdam
2506 979 2665 1048 plena
2711 978 3054 1032 contumeliae
3092 977 3387 1048 priedicare
3422 993 3533 1031 non
3557 993 3748 1032 veren-

2168 1077 2257 1123 tur
2289 1087 2303 1125 :
2339 1085 2485 1131 eum,
2522 1084 2645 1122 eum
2683 1069 2739 1124 in
2786 1068 2982 1124 ccelum
3015 1079 3233 1125 evectus
3265 1076 3431 1133 esset,
3460 1083 3653 1124 rursus
3690 1067 3745 1122 in

2167 1162 2315 1217 hunc
2366 1161 2629 1216 mundum
2686 1161 2855 1215 fuisse
2902 1160 3192 1230 dejectum.
3251 1155 3405 1215 Venit
3449 1160 3618 1224 enim,
3664 1160 3751 1213 ir-

2166 1249 2383 1317 qiiiunt,
2412 1265 2443 1304 e
2482 1264 2708 1305 numero
2744 1248 3067 1303 feminarum
3118 1250 3424 1303 daemonum
3463 1264 3591 1313 una,
3628 1265 3749 1319 qua:

2170 1341 2316 1395 illuni
2348 1343 2647 1411 superavit.
2685 1340 2751 1394 Et
2777 1357 2886 1410 quo
2908 1349 2963 1394 tu
2992 1341 3211 1395 tandem
3234 1342 3429 1407 ?dixit,
3459 1342 3571 1413 Ego
3600 1344 3747 1398 enini

2166 1446 2197 1484 a
2239 1439 2295 1486 te
2334 1431 2535 1487 liberos
2571 1432 2764 1494 habeo,
2812 1448 2989 1501 neque
3040 1447 3259 1486 sursum
3306 1434 3525 1488 evolare
3570 1442 3745 1503 potes,

2167 1534 2332 1594 atque
2383 1526 2473 1580 hic
2519 1534 2643 1581 tuos
2703 1526 3032 1595 relinquere.
3082 1525 3165 1579 Ad
3225 1526 3341 1581 haec
3383 1528 3751 1597 respondente

2166 1618 2282 1673 Elia
2316 1636 2329 1672 :
2372 1617 2439 1671 Et
2475 1617 2746 1672 undenam
2777 1618 2843 1672 de
2872 1633 2958 1672 me
2986 1617 3127 1673 ﬁlios
3170 1617 3293 1673 illos
3327 1618 3588 1684 habuisti,
3622 1636 3745 1674 cuni

2167 1726 2268 1781 ego
2301 1712 2681 1765 castimoniam
2706 1717 2966 1780 perpetuo
2986 1710 3355 1766 servaverim?
3386 1710 3547 1774 Sane,
3573 1712 3751 1781 inquit

2167 1801 2278 1855 illa.
2309 1802 2444 1855 Cum
2479 1800 2623 1854 enim
2668 1799 2725 1853 in
2775 1799 2983 1854 somnis
3033 1797 3300 1854 eﬁusione
3343 1800 3569 1855 seminis
3608 1815 3751 1869 saepe

2166 1907 2369 1961 corpus
2400 1892 2743 1955 exhaurires,
2772 1907 2872 1961 ego
2904 1892 3003 1947 abs
3041 1900 3094 1946 te
3135 1892 3267 1947 illud
3304 1894 3516 1963 excepi,
3540 1893 3753 1963 tibique

2167 1984 2310 2039 filios
2340 1984 2546 2053 peperi.
2582 1982 2755 2048 Quam
2790 1998 2919 2039 vero
2959 1983 3028 2037 ab
3065 1984 3169 2039 illis
3201 1984 3383 2054 inepte
3417 1985 3521 2039 ista
3551 1985 3745 2039 dicun-

2170 2073 2287 2126 tur!
2323 2071 2608 2138 Quomodo
2671 2072 2817 2127 enim
2866 2072 3111 2138 daemon,
3165 2072 3414 2142 impurus
3445 2088 3752 2143 expersque

2168 2163 2419 2232 corporis
2456 2163 2705 2232 spiritus,
2746 2162 2814 2217 de
2852 2163 3177 2231 corporibus
3216 2163 3546 2233 participare
3587 2164 3748 2234 quid-

2168 2256 2310 2324 piam
2344 2254 2556 2323 potest?
2585 2252 2720 2307 Nam
2752 2255 2797 2309 si
2825 2269 2855 2307 a
2886 2254 3214 2324 corporibus
3241 2254 3289 2309 ei
3312 2256 3752 2309 communicatur

2169 2345 2371 2415 aliquid
2408 2352 2467 2398 ut
2505 2344 2713 2414 pariat,
2752 2359 2953 2413 corpus
2994 2348 3099 2399 erit
3132 2359 3241 2400 non
3275 2345 3522 2416 spiritus.
3547 2346 3660 2417 96
3692 2344 3750 2400 Si

2168 2454 2371 2509 corpus
2398 2447 2502 2502 est,
2535 2438 2809 2508 quomodo
2848 2438 3035 2508 fugere
3072 2438 3359 2492 oculorum
3393 2447 3747 2507 conspectum

2169 2537 2262 2583 aut
2297 2529 2526 2598 spiritus
2575 2544 2697 2583 esse
2738 2529 2970 2597 poterit?
3016 2525 3123 2584 Sed
3161 2536 3215 2582 et
3252 2526 3469 2580 illorum
3511 2528 3749 2582 absurda

2168 2636 2292 2675 cum
2328 2621 2521 2690 primis
2578 2620 2851 2674 stoliditas
2903 2626 3011 2680 est,
3058 2635 3183 2673 cum
3215 2618 3347 2673 illud
3393 2634 3459 2673 ex
3508 2618 3752 2687 Epistola

2167 2711 2321 2767 Judae
2363 2712 2760 2776 testimonium,
2796 2727 2908 2780 quo
2948 2726 3139 2774 eorum
3186 2726 3342 2765 error
3380 2711 3748 2771 convincitur,

2168 2806 2235 2860 ad
2264 2805 2428 2874 hujus
2450 2805 2619 2874 ipsius
2646 2803 3011 2874 patrocinium
3037 2803 3453 2858 accommodant
3477 2821 3489 2857 :
3520 2802 3586 2856 In
3610 2820 3751 2858 som-

2169 2898 2272 2960 nis,
2310 2897 2506 2965 inquit.
2536 2911 2746 2950 carnem
2778 2896 3070 2959 maculant,
3115 2895 3530 2949 dominationem
3570 2906 3747 2948 autem

2169 2999 2461 3058 spernunt,
2512 2989 2843 3057 majestatem
2894 2997 3068 3042 autem
3124 2988 3503 3058 blasphemaut.
3548 2986 3747 3041 Verum

490 3075 603 3128 Kal.
647 3076 755 3147 γὰρ
801 3076 897 3129 καὶ
932 3076 1062 3147 περὶ
1104 3075 1210 3128 τῶν
1247 3079 1305 3129 ἐν
1345 3077 1699 3148 Ἰερουσαλὴμ
1733 3078 2066 3133 διδασκάλων

2171 3083 2363 3135 beatus
2388 3082 2557 3135 Judas
2589 3081 2800 3135 Domini
2828 3080 2996 3134 frater
3023 3095 3132 3133 non
3173 3079 3242 3133 de
3278 3079 3347 3133 iis
3370 3079 3630 3147 loquitur,
3654 3078 3749 3147 qui

491 3166 637 3234 λέγει
677 3166 903 3230 Ἡσαΐας
923 3183 937 3196 ⁶
976 3166 1205 3233 Πάντες
1236 3168 1417 3234 κύνες
1454 3168 1611 3222 ἐνεοί
1643 3172 1714 3222 οὺ
1745 3168 2066 3239 δυνάμενοι

2169 3188 2265 3241 ρει·
2318 3173 2649 3227 insomnium
2703 3172 2943 3225 ﬁuxione
2990 3184 3222 3224 venerea
3279 3169 3745 3223 contaminamur.

489 3259 809 3323 ὑλακτεῖν,
848 3258 1335 3328 ἐνυπνιαζόμενοι
1387 3263 1628 3329 κοίτην,
1665 3264 1759 3315 καὶ
1807 3263 1877 3316 τὰ
1922 3263 2066 3334 ἑξῆς.

2164 3263 2363 3321 Statim
2400 3265 2600 3335 quippe
2643 3263 2945 3333 subjungit,
2988 3262 3336 3331 ostenditque
3371 3261 3439 3315 de
3478 3260 3748 3330 ejusmodi

490 3353 601 3406 Καὶ
626 3346 727 3405 ὧδε
755 3354 811 3406 δὲ
841 3355 937 3407 καὶ
971 3357 1028 3408 ὲν
1058 3358 1122 3426 τῇ
1149 3354 1242 3408 τοῦ
1293 3355 1462 3409 Ἰούδα
1507 3356 1793 3427 Ἐπιστολῇ
1831 3357 2066 3410 δείκνυσι

2166 3372 2227 3411 se
2259 3356 2655 3411 somniantibus
2696 3356 2866 3424 loqui,
2893 3355 2987 3426 qui
3019 3370 3301 3410 sermones
3339 3368 3469 3409 suos
3506 3352 3654 3406 velut
3693 3351 3748 3404 in

488 3442 680 3512 λέγων·
711 3445 1232 3517 Ἑνυπνιαζόμενοι
1261 3449 1492 3513 κοίτην,
1525 3447 1564 3499 (2
1586 3448 1699 3500 οὐκ
1733 3446 1936 3501 οἴδασι
1968 3448 2066 3501 λέ-

2168 3447 2405 3511 somnis,
2458 3461 2568 3500 non
2623 3446 2927 3515 experrecti
2974 3460 3037 3499 ac
3093 3444 3384 3514 vigilantes
3432 3440 3745 3497 instituunt.

489 3552 717 3606 γοντες.
750 3539 861 3591 Καὶ
906 3539 1126 3606 ἔδειξεν,
1173 3542 1254 3594 ὅτι
1300 3540 1362 3592 οὐ
1400 3540 1661 3610 περὶτῆς
1704 3541 2066 3604 ὲνυπνιάσεως

2167 3538 2448 3609 Siquidem
2483 3546 2538 3593 et
2570 3540 2635 3593 de
2664 3537 3173 3608 Hierosolymitanis
3217 3534 3535 3590 doctoribus
3576 3531 3748 3585 lsaias

487 3626 638 3699 λέγει
687 3628 783 3683 τοῦ
828 3630 1019 3695 ὕπνου,
1056 3632 1194 3685 ἀλλὰ
1231 3631 1361 3702 περὶ
1411 3631 1512 3700 τῆς
1567 3630 1843 3700 μυθώδους
1888 3632 2066 3685 αὐτῶν

2166 3630 2241 3685 ita
2281 3629 2567 3699 loquitur:
2603 3628 2794 3683 Omnes
2838 3644 2994 3682 canes
3040 3629 3172 3681 muti
3229 3642 3333 3679 non
3379 3625 3610 3678 valentes
3662 3623 3747 3674 la-

487 3721 796 3792 τραγῳδίας
827 3723 923 3775 καὶ⁵
944 3722 1287 3794 ληρολογίας,
1316 3722 1391 3785 ὡς
1413 3721 1502 3775 διὰ
1535 3721 1702 3775 ὕπνου
1745 3721 2063 3795 λεγομένης,

2166 3734 2327 3789 trare,
2351 3724 2672 3779 somniantes
2714 3724 2770 3777 in
2808 3724 2969 3777 cubili
3000 3726 3040 3789 ¹,
3069 3733 3125 3779 et
3167 3731 3385 3778 caztera.
3418 3719 3574 3787 Quod
3603 3718 3746 3773 idem

489 3813 582 3865 καὶ
612 3814 712 3866 οὐκ
737 3813 844 3867 ἀπὸ
867 3814 1186 3885 ἐρρωμένης
1212 3813 1469 3876 διανοίας.

2166 3816 2216 3870 in
2248 3816 2351 3871 hac
2383 3815 2537 3872 Iudae
2573 3815 2817 3886 Epistola
2852 3816 3161 3870 declaratur
3204 3815 3290 3870 his
3336 3813 3539 3877 verbis,
3588 3808 3745 3865 Som-

489 3905 697 3960 niantes
728 3906 919 3972 cubile,
965 3924 1080 3977 quia
1148 3908 1386 3962 nesciunt
1423 3906 1682 3961 dicentes.
1716 3905 1817 3962 Ubi
1862 3905 1929 3963 de
1968 3907 2355 3966 dormientium
2419 3910 2708 3966 inSomniis
2754 3910 2977 3963 minime
3015 3924 3074 3963 se
3127 3907 3275 3975 loqui
3312 3906 3450 3959 velle
3522 3906 3748 3957 demon—

489 4003 649 4060 strat,
675 3996 771 4052 sed
803 3996 870 4053 de
894 3996 1046 4052 falsis
1076 3997 1287 4051 illorum
1318 3997 1603 4067 tragmdiis
1627 4011 1691 4050 ac
1719 3999 1901 4066 nugis,
1923 4013 2061 4067 quas
2100 3999 2182 4054 sic
2208 4008 2464 4072 tanquam
2492 4004 2545 4056 in
2566 4002 2795 4067 somnis,
2822 4015 2921 4054 nec
2946 3998 3101 4053 ﬁrmo
3138 4006 3194 4052 ct
3250 3994 3525 4050 constanti
3565 3993 3749 4046 animo

487 4087 866 4157 pronuntiant.

556 4175 658 4234 IA'.
692 4174 987 4247 Περικακῶ
1019 4176 1075 4228 δὲ
1103 4176 1181 4240 ὡς
1227 4176 1447 4247 ἀληθῶς
1476 4179 1546 4231 τὰ
1585 4177 1765 4232 πάντα
1805 4179 2060 4245 ἐξειπεῖν.

487 4266 624 4320 Θεοῦ
660 4268 771 4338 γὰρ
806 4265 922 4319 ἐστι
954 4266 1118 4337 μόνου
1149 4266 1468 4321 ἀποκλεῖσαι
1501 4268 1590 4321 τὸν
1618 4269 1776 4338 βυθὸν
1808 4272 1906 4341 τῆς
1936 4272 2065 4324 δυσ-

486 4356 676 4427 οδμίας
724 4356 953 4428 ταύτης.
1000 4358 1113 4410 Καὶ
1160 4358 1565 4431 παρελεύσομαι
1611 4362 1675 4414 ὲκ
1720 4361 1812 4415 τοῦ
1874 4363 2062 4427 τόπου,

486 4448 782 4519 εὐξάμενος
814 4449 893 4519 τῷ
934 4448 1269 4515 παμϐασιλεῖ
1298 4450 1417 4521 Θεῷ
1461 4451 1665 4522 μηδένα
1705 4455 1786 4515 εἰς
1821 4438 1911 4508 τὸν
1942 4454 2067 4525 βόρ-

488 4538 648 4610 ϐορον
676 4540 1154 4609 ὲγκαταπαγῆναι,
1184 4541 1319 4611 μηδὲ
1350 4544 1587 4613 ἐμαυτοῦ
1617 4545 1715 4614 τὴν
1737 4544 1944 4599 ἔννοιαν
1972 4563 2069 4616 με-

2238 4176 2377 4231 XIV.
2413 4175 2704 4231 Enimvero
2745 4175 2910 4245 pudet
2954 4189 3042 4228 me
3080 4173 3262 4228 omnia
3302 4172 3518 4226 illorum
3547 4187 3749 4229 arcana

2169 4270 2442 4341 detegere.
2488 4268 2669 4323 Solius
2697 4268 2841 4323 enim
2870 4275 2954 4322 cst
2982 4265 3072 4320 Dei
3092 4265 3574 4335 profundissimam
3608 4268 3749 4337 hanc

2169 4362 2306 4415 tanti
2341 4358 2528 4413 fetoris
2557 4359 2866 4428 voraginem
2915 4358 3219 4413 obstruere.
3277 4356 3642 4422 Quamobrem
3682 4360 3751 4412 ab

2170 4465 2237 4506 eo
2262 4452 2380 4505 loco
2416 4450 2712 4521 digrediar,
2745 4451 2847 4505 hoc
2884 4466 3052 4504 unum
3099 4449 3168 4504 ab
3212 4449 3468 4505 omnibus
3499 4450 3751 4505 modera—

2172 4549 2288 4595 tore
2316 4539 2424 4596 Deo
2454 4541 2755 4609 postulans,
2790 4555 2859 4594 ne
2888 4541 3012 4609 quis
3040 4540 3093 4593 in
3126 4539 3258 4594 illud
3291 4554 3507 4595 ccenum
3537 4540 3751 4595 demer-

487 4628 742 4681 ταλαϐεῖν
770 4628 871 4698 τῆς
892 4629 1162 4695 δυσώδους
1191 4632 1552 4702 ἀκαθαρσίας.
1576 4631 1799 4703 Πρῶτον
1832 4633 1930 4702 μὲν
1956 4635 2064 4704 γὰρ

2170 4642 2358 4701 gatur;
2392 4646 2527 4687 neve
2560 4634 2799 4686 animum
2831 4647 3012 4687 meum
3046 4632 3345 4689 foedissima
3374 4633 3489 4687 haec
3517 4633 3753 4703 impuri-

487 4719 517 4770 ὁ
541 4721 837 4785 ἀπόστολος
865 4722 1076 4786 Παῦλος
1100 4723 1357 4779 ἐκκόπτει
1377 4724 1555 4778 αὐτῶν
1582 4726 1758 4777 πᾶσαν
1785 4726 1939 4796 ῥίζαν
1964 4725 2066 4794 τῆς

2170 4725 2299 4779 tatis
2334 4724 2483 4779 labes
2508 4723 2733 4779 inliciat.
2771 4723 3009 4778 Primum
3044 4724 3190 4778 enim
3236 4725 3517 4794 apostolus
3546 4723 3756 4778 Paulus

484 4813 707 4877 κακίας,
740 4815 868 4886 περὶ
888 4813 1073 4885 χηρῶν
1094 4814 1373 4886 νεωτέρων
1394 4815 1789 4887 παραγγέλλων
1806 4834 1818 4846 ·
1841 4817 2059 4885 Χήρας,

483 4907 648 4975 φησὶν
670 4945 686 4969 ,
731 4906 1023 4973 νεωτέρας
1069 4907 1383 4974 παραιτοῦ.
1424 4909 1586 4964 Μετὰ
1621 4909 1730 4978 γὰρ
1767 4910 1834 4964 τὸ
1881 4926 2061 4964 κατα-

481 4994 841 5065 στρηνιᾶσαι
873 4997 983 5051 τοῦ
1012 4997 1291 5067 Χριστοῦ,
1320 4998 1530 5069 γαμεῖν
1557 4999 1862 5070 θέλουσιν,
1883 5000 2060 5072 ἔχου-

553 5154 569 5184 ¹
603 5153 708 5210 lsa.
726 5170 849 5223 LVI,
874 5144 976 5210 10³

552 5310 679 5390 (78λ
695 5311 807 5390 Καὶ
838 5312 1041 5390 οἱμὲν
1066 5312 1586 5390 ἐνυπνιαζόμενοι.
1654 5310 1775 5390 vox
1805 5311 1943 5375 htec,
1975 5313 2065 5365 ὲν-

2169 4831 2362 4871 omnes
2389 4816 2700 4870 istiusmodi
2732 4816 2988 4885 nequitia:
3028 4816 3243 4897 radices
3277 4815 3500 4879 excidit,
3526 4830 3648 4869 cum
3681 4815 3756 4868 de

2163 4908 2476 4979 junioribus
2523 4909 2703 4963 viduis
2740 4910 2844 4963 ista
2885 4908 3191 4977 prmscribit
3228 4926 3241 4962 :
3282 4907 3499 4971 Viduas,
3544 4907 3742 4975 inquit,

2168 5002 2605 5057 adolescentiores
2645 5000 2852 5065 devita;
2884 5016 3003 5054 cum
3042 5000 3179 5054 enim
3222 4999 3508 5052 luxuriata:
3550 4997 3746 5067 fuerint

2171 5308 2416 5380 Ὁμοίως
2439 5309 2647 5378 μέντοι
2698 5309 2795 5363 καὶ
2823 5304 2991 5380 οὗτοι
3017 5308 3522 5380 ἐνυπνιαζόμενοιο
3547 5311 3618 5364 οὐ
3639 5309 3747 5379 γὰρ

478 5379 959 5453 υπνιαζόμενοι,ἰιι
978 5379 1667 5453 νυιςοιοίηιθιρίριειίοηε
1693 5382 1867 5448 deest,
1894 5398 2058 5451 quam

2166 5382 2312 5449 ὑπὲρ
2340 5380 2415 5448 τῇ
2439 5380 2695 5447 ἀληθείᾳ
2717 5379 3173 5453 ἐπιϐάλλουσιν.
3203 5379 3462 5453 Sequitur
3489 5381 3642 5435 Isaiae
3668 5388 3746 5431 lu-

479 5451 544 5504 ad
578 5451 738 5521 turpe
766 5452 1011 5523 libidinis
1040 5451 1377 5523 profluvium
1394 5453 1559 5508 refert
1589 5452 1840 5517 0Ecum.,
1861 5453 2063 5521 aliique
2160 5467 2257 5505 cus
2286 5468 2337 5505 c.
2368 5466 2628 5523 Lvrcom.
2672 5452 2760 5512 10,
2804 5451 2894 5504 ubi

2158 5531 2390 5582 manna,
2421 5521 2535 5574 visa
2561 5527 2903 5584 contuentes,
2932 5521 3206 5589 jacentes;
3245 5520 3379 5574 LXX
3402 5529 3620 5576 vertunt
3659 5524 3743 5573 ὲν-

478 5524 748 5593 nonnulli.
796 5522 907 5593 Alii
954 5522 1317 5593 ad’eijrorum
1388 5538 1768 5593 nugarumque
1821 5526 2056 5578 somnia.

2938 5452 3083 5519 quod
3120 5452 3174 5504 in
3218 5450 3445 5505 Hebraeo
3495 5460 3578 5505 cst
3612 5458 3744 5508 ειητε

479 5588 732 5662 Clemens
778 5591 934 5646 Alex.
982 5607 1043 5647 ut
1100 5592 1303 5648 Strom.
1353 5588 1616 5648 adversus
1669 5588 2057 5662 Carpocratem

2166 5592 2545 5659 υπνιαζόμενοι
2565 5591 2786 5662 -κοίτην,
2812 5588 3134 5644 somniantes
3164 5591 3352 5645 cubile.
3395 5591 3526 5657 Quae
3558 5601 3736 5644 tamen

478 5658 803 5730 disputans:
833 5662 959 5734 Ἔτι)Ϊ
984 5662 1191 5734 τούτων
1223 5662 1397 5734 οἶμαι,
1431 5663 1526 5716 καὶ
1552 5664 1660 5717 τῶν
1685 5658 1886 5733 ὁμοίων
1907 5663 2053 5734 αίρέι

480 5745 618 5786 σεων
648 5733 1001 5801 προφητικῶς
1027 5732 1229 5791 Ἰούδαν
1258 5732 1315 5787 ἐν
1334 5737 1400 5806 τῇ
1432 5732 1729 5805 Ἐπιστολῇ
1751 5732 2055 5805 εἰρηκέναιο

2155 5664 2212 5717 in
2244 5658 2519 5733 Caiionica
2557 5658 2729 5733 δυόειέ
2753 5675 2861 5733 non
2910 5664 3283 5733 reperiuntur,
3329 5671 3522 5717 contra
3572 5676 3735 5733 quam

2156 5746 2401 5789 asserere
2427 5731 2646 5787 videtur
2673 5729 3030 5803 Epiphanius.
