4170 6372
442 395 547 451 355

1872 381 1927 437 S.
1972 378 2314 437 EPIPIIANII

3584 371 3698 429 ’556

442 512 495 564 in
543 506 776 569 Christo,
826 504 1015 559 nubere
1068 504 1265 566 volunt,
1314 501 1558 554 habentes
1605 501 2052 564 damnationem,

2155 515 2229 550 ναι
2272 497 2480 566 milia,
2533 496 2619 548 ὅτι
2668 498 2780 563 τὴν
2828 494 3067 563 πρώτην
3115 496 3321 547 πίστιν
3373 490 3697 559 ἠθέτησαν.

443 602 567 667 quia
610 599 836 667 primam
872 596 1031 664 ﬁdem
1071 597 1280 648 irritam
1319 594 1569 662 fecerunt.
1615 593 1833 648 Nubant
1863 595 2025 664 igitur

445 702 494 743 et
572 690 714 758 ﬁlios
762 696 1065 758 procreent,
1148 686 1582 755 matresfamilias
1635 695 1792 739 sunto
1828 686 1867 739 ί.
1891 687 2025 739 Cum

446 796 576 849 ergo
608 794 895 849 procreare
930 779 1163 848 liberosf,
1203 792 1268 831 ac
1312 777 1531 831 familia;
1572 791 1807 846 praeesse
1840 776 2029 845 jubeat

448 871 767 942 Apostolus,
814 871 905 926 isti
948 885 1080 925 vero
1115 884 1145 923 a
1187 871 1538 940 susceptione
1582 870 1879 924 liberorum
1932 869 2029 922 ab-

452 963 728 1028 horreant,
760 964 916 1032 plane
949 963 1052 1016 hoc
1092 978 1121 1015 a
1146 963 1417 1016 'venenato
1458 969 1731 1031 serpente,
1762 960 2030 1030 pessima-

453 1073 560 1126 que
588 1057 873 1127 disciplina
917 1055 1130 1111 facinus
1160 1053 1462 1123 profectum
1494 1061 1597 1108 est.
1631 1051 1762 1106 Dum
1794 1051 1940 1106 enim
1966 1051 2034 1105 li-

458 1150 701 1205 bidinum
743 1163 966 1203 suarum
998 1146 1259 1215 voluptati
1296 1146 1685 1211 succumbunt,
1715 1153 1895 1199 certas
1928 1144 2034 1200 sibi

458 1240 942 1311 perpetrandorum
984 1238 1311 1309 ﬂagitiorum
1353 1238 1674 1292 occasiones
1722 1246 2031 1300 arcessunt,

457 1347 569 1402 quo
600 1330 875 1386 eﬂrenata’.
926 1344 1039 1383 suae
1084 1326 1371 1397 cupiditati
1426 1341 1489 1381 ac
1537 1326 1766 1380 luxui-ite
1813 1326 2037 1381 satisfa-

459 1425 624 1477 ciant.
680 1423 823 1477 Sane
868 1421 957 1475 illa
1000 1420 1184 1475 omnia
1244 1434 1311 1474 ne
1353 1418 1770 1473 commemorari
1818 1416 2038 1487 quidem

460 1514 766 1584 oportebat,
805 1527 981 1581 neque
1036 1511 1197 1565 ullam
1241 1524 1430 1565 eorum
1471 1509 1528 1563 in
1566 1508 1790 1578 scriptis
1823 1514 2040 1563 exstare

461 1606 803 1669 memoriam,
832 1605 927 1659 sed
968 1611 1225 1673 tanquam
1274 1602 1475 1656 mortui
1509 1600 1741 1655 cadaver
1770 1599 1943 1663 fetidi,
1975 1614 2041 1655 ac

464 1694 706 1765 pestiferi
737 1693 1024 1763 cujusdam
1056 1691 1267 1745 aﬂlatus
1314 1691 1368 1743 in
1412 1690 1723 1759 sepulcrum
1757 1689 1944 1759 abjiei,
1973 1704 2043 1744 ne

463 1786 548 1842 vel
596 1786 782 1839 auditu
815 1785 932 1854 ipso
974 1784 1285 1838 mortalium
1316 1783 1613 1853 perniciem
1660 1780 1900 1837 aﬂerret.
1932 1782 2041 1853 97

2139 590 2313 645 Ἀλλὰ
2339 589 2733 657 γαμείτωσαν,
2762 588 3320 646 τεκνοποιείτωσαν,
3353 583 3699 636 οἰκοδεσπο-

2128 683 2436 735 πείτωσαικ
2472 682 2535 733 Εἰ
2573 681 2629 733 δὲ
2675 682 2702 733 ό
2754 679 3077 741 Ἀπόστολος
3120 678 3299 744 λέγει,
3344 674 3698 740 τεκνογονεῖν,

2129 773 2549 835 οἰκοδεσποτεῖν,
2589 765 2735 824 οῦτοι
2779 770 2835 823 δὲ
2885 768 3278 840 παραιτοῦνται
3316 768 3415 837 τὴν
3456 779 3703 829 τεκνογο-

2130 864 2269 925 νίαν,
2299 863 2475 930 ὄφεως
2512 863 2629 914 ἐστι
2671 860 2765 913 καὶ
2801 861 2978 930 κακῆς
3011 858 3355 919 διδασκαλίας
3393 855 3454 907 τὸ
3494 852 3704 923 ἐπιχεί-

2134 972 2303 1027 ρημα.
2333 953 2663 1023 Ἠττώμενοι
2696 952 2803 1022 γὰρ
2833 954 2900 1021 τῇ
2942 951 3101 1021 ἡδονῇ
3145 950 3243 1019 τῆς
3273 947 3548 1018 πορνείας,
3584 947 3706 998 ἐπι-

2134 1048 2344 1099 νοοῦσιν
2369 1047 2582 1107 ἑαυτοῖς
2610 1042 2951 1114 ἀκαθαρσίας
2982 1041 3304 1111 προφάσεις,
3335 1040 3483 1100 ὅπως
3516 1034 3707 1099 δόξωσι

2135 1136 2498 1208 πληροφορεῖν
2549 1137 2647 1206 τὴν
2691 1134 2899 1187 ἑαυτῶν
2941 1134 3230 1201 ἀσέλγειαν
3251 1148 3280 1205 χ
3314 1132 3407 1185 καὶ
3458 1130 3565 1182 ἔδει
3611 1128 3708 1198 μὲν

2136 1227 2351 1298 άληθῶς
2382 1227 2557 1279 ταῦτα
2601 1228 2738 1297 μήτε
2768 1224 3044 1294 λέγεσθαι,
3091 1224 3227 1295 μήτε
3270 1224 3329 1276 ὲν
3368 1220 3709 1290 συντάγμασι

2137 1317 2523 1382 καταξιοῦσθαι
2546 1316 2851 1389 γράφεσθαι
2873 1335 2886 1348 ’
2915 1318 3214 1371 θάπτεσθαι
3237 1316 3293 1369 δὲ
3315 1316 3501 1385 ὥσπερ
3520 1313 3710 1383 νεκρόν

2136 1428 2259 1464 τινα
2301 1410 2566 1473 ὀδωδότα,
2598 1411 2694 1463 καὶ
2721 1409 2958 1481 λοιμώδη
3008 1408 3291 1479 ἀποφορὰν
3333 1407 3581 1468 πνέοντα,
3624 1405 3711 1456 ἵνα

2143 1501 2218 1572 μὴ
2254 1501 2347 1554 καὶ
2365 1500 2429 1553 δι’
2460 1501 2630 1571 ἀκοῆς
2655 1500 2960 1572 λυμήνηται
2986 1502 3113 1563 τοὺς
3138 1499 3481 1569 ἀνθρώπους.
3522 1496 3630 1548 Καὶ
3664 1496 3711 1546 εἰ

2144 1594 2241 1665 μὲν
2277 1592 2643 1663 παρεληλύθει
2680 1596 2712 1664 ἡ
2760 1594 2984 1663 τοιαύτη
3023 1594 3254 1663 αἵρεσις,
3297 1593 3390 1644 καὶ
3429 1589 3611 1642 ούκὲτι
3644 1583 3712 1659 ἦν

2144 1689 2200 1739 ὲν
2233 1686 2309 1756 τῷ
2344 1685 2460 1755 βίῳ,
2495 1686 2699 1753 ἀγαθὸν
2725 1683 2792 1757 ἦν
2827 1687 3030 1756 ταύτην
3060 1686 3247 1754 θάψαι,
3280 1684 3373 1737 καὶ
3409 1683 3545 1753 μήτε
3578 1681 3713 1743 ὅλως

2144 1777 2275 1847 περὶ
2304 1776 2475 1845 αὐτῆς
2502 1778 2675 1828 εἰπεῖν
2696 1792 2708 1806 ·
2738 1775 2924 1845 ἐπειδὴ
2946 1775 3003 1827 δὲ
3032 1777 3124 1827 καὶ
3146 1773 3262 1826 ἐστι
3284 1774 3377 1826 καὶ¹
3397 1773 3714 1842 πράττεται,

464 1877 531 1932 Ει
564 1877 779 1948 quidem
811 1878 858 1932 si
887 1892 951 1932 ea
981 1877 1199 1946 penitus
1231 1877 1566 1945 prasterisset
1597 1875 1841 1940 haeresis,
1864 1890 2040 1946 neque

2155 1868 2573 1939 προετράπημεν
2626 1868 2684 1919 δὲ
2737 1867 2842 1919 ὑπὸ
2879 1867 2978 1936 τῆς
3022 1866 3177 1936 ὑμῶν
3224 1865 3535 1935 τιμιότητος
3588 1861 3716 1932 περὶ

464 1972 521 2024 in
568 1968 773 2022 mundo
822 1975 1133 2038 superesset
1171 1967 1422 2036 amplius,
1461 1965 1677 2034 Sepeliri
1719 1980 1897 2035 operae
1921 1980 2041 2035 pre-

468 2064 607 2118 tium
640 2072 777 2128 erat,
808 2076 983 2131 neque
1020 2061 1184 2113 ullam
1215 2059 1336 2127 ejus
1368 2059 1696 2111 mentionem
1730 2056 1863 2111 ﬁeri.
1886 2055 2041 2109 Nunc

2148 1963 2364 2016 πάντων
2384 1963 2580 2023 εἰπεῖν,
2611 1961 2749 2032 μέρη
2774 1960 2938 2031 αὐτῆς
2964 1961 3312 2031 διηγησάμην
3333 1956 3715 2026 ἀναγκασθεὶς,

2148 2055 2236 2109 ἵνα
2275 2055 2335 2107 τὸ
2364 2052 2655 2123 φιλάληθες
2699 2053 2771 2123 μὴ
2810 2053 3245 2123 παρασιωπὴσω,
3284 2049 3416 2103 ἀλλά
3445 2050 3720 2119 ὑφηγήσο-

466 2172 590 2210 cum
619 2164 674 2208 et
702 2169 890 2209 revera
920 2153 1082 2207 hodie
1114 2152 1204 2213 sit,
1240 2158 1293 2204 et
1326 2148 1484 2205 factis
1518 2149 1651 2218 ipsis
1683 2149 2038 2217 exprimatur,

2155 2166 2269 2219 μαι,
2299 2149 2377 2210 εἰς
2405 2147 2723 2217 ἀποτροπὴν
2756 2147 2853 2213 μὲν
2879 2146 2986 2199 τῶν
3010 2144 3334 2205 ἀκουόντων,
3357 2144 3434 2205 είς
3460 2141 3719 2211 αἰσχύνην

469 2262 664 2316 meque
692 2260 790 2303 vos
815 2252 874 2299 ut
898 2244 965 2299 de
997 2243 1253 2297 omnibus
1279 2241 1515 2295 dicerem
1562 2240 1764 2293 hortati
1810 2238 2044 2299 fueritis,

2155 2240 2206 2293 δὲ
2244 2241 2351 2293 τῶν
2400 2240 2765 2310 πραττόντων.
2810 2238 2979 2291 Πόθεν
3026 2237 3134 2309 γὰρ
3171 2239 3270 2289 οὐκ
3316 2235 3509 2305 ἔχομεν
3554 2233 3719 2297 δεῖξαι

470 2339 650 2407 aliqua
692 2337 836 2389 illam
893 2351 957 2391 ex
1007 2343 1161 2405 parte
1202 2340 1427 2388 coaetus
1472 2346 1503 2385 a
1551 2331 1705 2385 vobis
1742 2331 1936 2400 attigi,
1983 2344 2052 2384 ne

2155 2330 2275 2393 τοῦς
2325 2331 2450 2400 παρ’
2483 2330 2665 2393 αὐτοῖς
2706 2329 2933 2399 φόνους,
2987 2330 3080 2383 καὶ
3121 2328 3398 2400 τερατώδη
3432 2326 3588 2396 ἔργα,
3626 2325 3723 2377 καὶ

472 2438 785 2499 susceptum
819 2427 1067 2483 veritatis
1107 2425 1349 2481 studium
1380 2423 1793 2493 praetermittam
1821 2439 1835 2486 ;
1874 2422 1967 2475 sed
1998 2421 2052 2475 id

2155 2422 2371 2486 τελετὰς
2414 2423 2660 2475 διαϐόλου
2706 2422 2766 2487 ἐξ
2808 2423 3051 2485 ἐπινοίας
3089 2422 3184 2475 τοῦ
3258 2419 3422 2475 αὑτοῦ
3467 2418 3712 2472 διαϐόλου

473 2536 636 2575 omne
690 2521 887 2590 partim
921 2519 1006 2573 .ad
1066 2533 1161 2572 eos
1209 2518 1300 2587 qui
1346 2516 1620 2570 audierint
1674 2514 2052 2579 deterrendos,

2155 2516 2265 2577 τοῖς
2291 2513 2463 2584 ὲμ6ε6
2473 2532 2630 2585 ροντη
2642 2514 2824 2584 μένοις
2851 2514 3095 2577 δοθείσας
3113 2531 3127 2579 ;

475 2616 669 2684 partim
707 2615 773 2667 ad
805 2628 900 2667 eos
943 2612 1033 2682 qui
1083 2612 1186 2665 ista
1226 2617 1540 2680 perpetrant
1608 2608 1815 2678 pudore
1884 2605 2195 2662 alliciendos
2259 2623 2548 2677 exponam.
2603 2608 2735 2673 Qum
2783 2611 2926 2661 enim
2973 2605 3239 2678 probandi
3289 2605 3429 2659 ratio
3468 2612 3571 2668 est,
3617 2616 3725 2671 qua

475 2720 584 2771 non
628 2703 682 2757 id
726 2701 938 2757 ellicere
975 2701 1249 2770 possimus
1296 2698 1588 2768 parricidia
1636 2698 1726 2751 illa
1767 2698 2135 2765 immaniaque
2167 2712 2287 2765 qua:
2318 2697 2386 2751 ab
2424 2698 2491 2751 iis
2531 2697 2950 2751 committuntur
2988 2696 3215 2761 scelera,
3252 2698 3487 2767 malique
3524 2696 3724 2750 dmino-

477 2797 563 2853 nis
599 2795 734 2849 ritus
768 2808 831 2847 ac
863 2791 1237 2856 caremonias,
1268 2787 1515 2858 ejusdem
1544 2787 1807 2841 instinctu
1848 2784 2109 2841 daemonis
2149 2786 2373 2841 furiosis
2404 2786 2511 2840 illis
2548 2801 2612 2839 ac
2647 2786 2971 2840 vecordibus
3009 2786 3305 2840 constituta
3336 2784 3537 2841 fuisse?

545 2885 660 2940 XV.
695 2883 859 2953 Atqui
893 2883 1131 2952 primum
1181 2879 1313 2935 illud
1368 2878 1551 2934 statim
1601 2877 1747 2947 quod
1790 2877 1894 2931 sibi
1942 2875 2046 2929 ﬁn-

477 2986 633 3047 gunt,
668 2984 831 3045 atque
859 2990 889 3029 e
911 2974 1098 3043 priore
1126 2973 1338 3041 psalmo
1372 2970 1440 3025 de
1485 2970 1681 3024 arbore
1712 2982 2047 3023 commemo-

478 3076 657 3121 ratum
709 3064 1017 3136 proferunt,
1074 3062 1228 3117 nullo
1276 3061 1496 3131 negotio
1549 3059 1816 3116 refellitur
1853 3077 1864 3111 :
1899 3057 2050 3123 Quod

478 3162 709 3231 fructum
738 3174 893 3211 suum
939 3154 1085 3209 dabit
1115 3155 1171 3207 in
1213 3162 1442 3220 tempore
1492 3168 1609 3219 suo,
1634 3161 1683 3205 et
1717 3151 1904 3220 folium
1941 3151 2054 3218 ejus

480 3270 584 3307 non
620 3251 809 3319 deﬂuet
835 3251 879 3306 ’.
912 3247 1083 3302 Paulo
1108 3246 1254 3301 enim
1292 3253 1417 3299 ante
1447 3245 1717 3313 scriptum
1744 3253 1866 3297 est:
1908 3241 1975 3295 Et
2002 3244 2055 3296 in

482 3346 591 3415 lege
625 3346 737 3414 ejus
784 3341 1125 3396 meditabitur
1152 3340 1236 3391 die
1291 3354 1354 3391 ac
1398 3346 1546 3392 nocte
1578 3336 1619 3391 ³.
1656 3336 1723 3389 At
1766 3336 1854 3390 isti
1889 3337 2057 3406 legem

482 3439 689 3510 pariter
726 3450 790 3490 ac
832 3435 1127 3505 prophetas
1164 3431 1475 3501 repudiant.
1518 3428 1691 3495 Quam
1728 3428 1945 3498 quidem
1984 3428 2060 3483 le-

482 3546 602 3601 gem
634 3529 679 3583 si
708 3535 994 3597 respuunt,
1026 3540 1149 3579 cum
1177 3525 1277 3578 bac
1308 3524 1456 3576 illum
1481 3536 1699 3591 quoque
1730 3519 2062 3574 calumnian-

484 3630 592 3683 tur,
634 3617 725 3687 qui
759 3618 813 3670 in
847 3617 963 3685 lege
994 3616 1208 3669 locutus
1230 3621 1331 3668 est.
1366 3611 1564 3667 Verum
1590 3620 1644 3667 et
1675 3610 1775 3664 hac
1801 3610 2061 3681 Opinione

484 3726 584 3764 sua
618 3708 903 3770 falluntur,
938 3716 990 3761 et
1032 3722 1061 3759 a
1098 3708 1326 3760 veritate
1381 3704 1599 3775 longius
1645 3703 1921 3757 aberrant.
1954 3700 2061 3755 Ne-

456 3816 593 3870 que
625 3800 797 3854 ullum
828 3812 959 3853 vero
1000 3796 1267 3866 judicium
1316 3795 1453 3859 fore,
1502 3810 1678 3863 neque
1713 3800 1959 3847 mortuos
1994 3791 2060 3845 ad

486 3895 653 3947 vitam
688 3889 1005 3945 excitandos
1050 3903 1173 3942 esse
1220 3888 1601 3957 pronuntiant.
1643 3885 1774 3951 Qua:
1805 3901 1966 3954 porro
2006 3885 2063 3937 in

486 3980 821 4048 voluptatem
859 3992 924 4031 ac
965 3977 1234 4031 luxuriem
1280 3977 1435 4031 elfusi
1480 3986 1695 4033 sttaniet
1727 3976 1783 4029 in
1833 3988 2063 4044 corpora

485 4070 855 4133 committunt,
904 4084 1095 4123 eorum
1152 4068 1389 4123 fructum
1455 4068 1790 4137 percipiunt,
1851 4067 1980 4121 dum
2032 4080 2062 4119 a

485 4163 730 4217 daemone
761 4160 1052 4215 libidinum
1084 4159 1356 4213 illecebris
1385 4173 1448 4212 ac
1478 4158 1838 4226 cupiditatum
1872 4157 2065 4211 stimu-

488 4253 556 4308 lis
583 4252 889 4323 agitantur;
918 4250 1377 4319 quemadmodum
1402 4249 1518 4318 ipsa
1542 4247 1787 4303 veritatis
1813 4248 2063 4303 oratione

468 4350 750 4413 .perpetuo
780 4351 943 4411 atque
976 4340 1175 4409 ubique
1215 4340 1639 4408 redarguuntur.
1675 4338 1765 4393 Sic
1799 4340 1945 4393 enim
1978 4340 2064 4392 in-

489 4441 574 4485 ter
613 4432 750 4486 alios
781 4430 1022 4484 Joannes
1055 4430 1297 4498 loquitur
1326 4448 1339 4484 :
1379 4428 1438 4483 Si
1471 4430 1588 4500 quis
1613 4431 1749 4483 venit
1777 4428 1845 4481 ad
1879 4446 1988 4491 vos,
2016 4437 2064 4481 et

2206 2878 2303 2930 IE'.
2320 2877 2429 2931 Καὶ
2450 2876 2609 2940 εὐθὺς
2629 2877 2727 2947 μὲν
2743 2873 2834 2930 οῦν
2854 2878 3164 2947 ἐλέγχονται
3180 2881 3258 2941 είς
3273 2878 3300 2930 ὃ
3318 2880 3728 2947 φαντασιοῦνται

2154 2968 2250 3019 καὶ
2284 2968 2709 3037 προφασίζονται
2740 2969 2985 3039 περὶτοῦ
3023 2970 3179 3036 ξύλου
3216 2971 3309 3023 τοῦ
3344 2974 3401 3025 ἐν
3424 2972 3501 3042 τῷ
3532 2973 3732 3045 πρώτῳ

2157 3058 2356 3129 ψαλμῷ
2388 3059 2701 3129 εἰρημένου,
2750 3060 2872 3114 ’Ὁτι
2915 3061 3091 3115 δώσει
3139 3064 3243 3116 τὸν
3284 3065 3517 3131 καρπὸν
3546 3067 3732 3119 αὐτοῦ

2160 3150 2229 3204 ἐν
2254 3149 2435 3218 καιρῷ
2463 3151 2670 3215 αὐτοῦ,
2696 3153 2793 3206 καὶ
2822 3153 2886 3205 τὸ
2924 3155 3163 3222 φύλλον
3195 3157 3381 3211 αὑτοῦ
3405 3160 3516 3212 οὐκ
3550 3158 3734 3227 ἀποῤ-

2159 3243 2465 3312 ρυήσεται.
2514 3245 2793 3317 Ἀνωτέρω
2837 3247 2945 3318 γὰρ
2975 3252 3171 3315 κεῖται,
3206 3252 3289 3305 ὅτι
3331 3253 3426 3307 Ἐν
3450 3254 3528 3320 τῷ
3575 3257 3735 3325 νόμῳ

2157 3336 2344 3390 αὑτοῦ
2383 3336 2704 3405 μελετήσει
2739 3339 2960 3408 ἡμέρας
3012 3343 3110 3395 καὶ
3156 3346 3395 3411 νυκτός.
3449 3347 3631 3417 Νόμον
3676 3349 3734 3401 δὲ

2159 3423 2302 3483 οῦτοι
2347 3431 2441 3482 καὶ
2475 3432 2754 3501 προφήτας
2779 3432 3087 3503 ἀρνοῦνται.
3142 3436 3204 3488 Ei
3242 3436 3297 3488 δὲ
3330 3438 3492 3508 νόμον
3525 3441 3731 3511 Κυρίου

2159 3519 2471 3590 ἀρνοῦνται,
2515 3523 2611 3575 σὺν
2648 3522 2727 3591 τῷ
2771 3523 2919 3593 νόμῳ
2960 3525 3053 3577 καὶ
3096 3526 3185 3579 τὸν
3218 3527 3525 3600 λαλὴσαντα
3572 3532 3631 3586 ὲν
3658 3531 3736 3601 τῷ

2160 3611 2309 3681 νόμῳ
2343 3612 2756 3680 συκοφαντοῦσι.
2778 3614 3091 3669 Πλανῶνται
3115 3617 3170 3670 δὲ
3195 3619 3315 3671 καθ’
3341 3620 3619 3686 ὑπόνοιαν,
3642 3623 3736 3675 καὶ

2162 3704 2546 3757 ἐκπεπτώκασι
2573 3705 2675 3775 τῆς
2706 3705 2982 3776 ἀληθείας,
3026 3708 3204 3778 κρίσιν
3227 3728 3285 3763 τε
3317 3713 3415 3781 οὐχ
3457 3713 3735 3783 ἡγοῦνται,

2162 3794 2285 3847 οὔτε
2302 3794 2594 3847 ἀνάστασιν
2612 3794 2978 3865 ὁμολογοῦσιν.
2998 3797 3137 3850 Ὅσα
3160 3798 3215 3851 δὲ
3237 3794 3564 3868 πράττουσιν
3585 3805 3641 3855 ὲν
3660 3803 3737 3874 τῷ

2165 3884 2374 3954 σώματι
2395 3886 2586 3956 ἡδονῆς
2608 3885 2832 3955 ἔμπλεοι
2857 3888 3147 3958 γινόμενοι,
3172 3890 3339 3943 ταῦτα
3360 3892 3738 3964 ἀποκαρποῦν-

2162 3993 2276 4038 ται,
2305 3976 2766 4045 ὲκϐακχευόμενοι
2787 3981 2906 4039 ταῖς
2933 3977 3025 4030 τοῦ
3050 3978 3296 4032 διαϐόλου
3320 3983 3535 4053 ἡδοναῖς
3561 4002 3619 4037 τε
3646 3987 3740 4038 καὶ

2163 4066 2502 4136 ἐπιθυμίαις,
2534 4067 2610 4129 ὡς
2641 4068 2819 4136 πάντη
2852 4070 2945 4121 καὶ
2983 4072 3257 4142 πανταχοῦ
3290 4073 3599 4144 ἐλέγχονται
3633 4077 3740 4129 ἀπὸ

2164 4159 2257 4211 τοῦ
2293 4161 2390 4229 τῆς
2420 4160 2679 4229 ἀληθείας
2708 4161 2885 4229 λόγου.
2933 4163 3183 4235 Ἰωάννης
3212 4166 3318 4237 γὰρ
3352 4165 3532 4235 λέγει·
3552 4170 3626 4221 Εἴ
3652 4187 3740 4235 τις

2164 4252 2416 4318 ἔρχεται,
2437 4251 2589 4320 φησὶ,
2609 4252 2755 4320 πρὸς
2770 4254 2943 4322 ὑμᾶς,
2964 4255 3061 4308 καὶ
3085 4257 3156 4309 οὐ
3174 4257 3335 4323 φέρει
3351 4257 3463 4325 τὴν
3488 4258 3743 4328 διδαχὴν

2165 4341 2411 4407 ταύτην·
2450 4341 2541 4393 καὶ
2563 4342 2744 4405 ποίαν,
2772 4344 2933 4412 φησίν
2954 4361 2967 4408 ;
3004 4346 3035 4414 ἢ
3058 4344 3153 4414 οὐχ
3178 4346 3313 4417 (78')
3334 4348 3585 4417 ὁμολογεῖ
3607 4351 3741 4419 Χρι-

2170 4432 2293 4485 στὸν
2317 4432 2375 4484 ὲν
2400 4434 2565 4504 σαρκὶ
2587 4434 2903 4504 ἐληλυθότα,
2924 4438 3322 4507 Ἀντίχριστός
3339 4440 3481 4493 ἐστι.
3500 4441 3607 4495 Καὶ
3626 4441 3745 4494 νῦν

489 4542 593 4579 non
615 4525 767 4593 a/i‘ert
796 4524 930 4576 hanc
956 4522 1251 4575 doctrinam
1269 4522 1310 4575 ⁸.
1339 4520 1665 4586 Quamnam,
1698 4520 1912 4589 inquit?
1936 4519 2052 4585 Qua

2181 4524 2800 4593 Ἀντίχριστοιπολλοὶ
2836 4505 3175 4596 γεγόναάινο
3210 4529 3285 4593 ὡς
3316 4530 3390 4600 μὴ
3420 4531 3525 4584 τῶν
3556 4505 3764 4601 όμολοί

490 4617 701 4671 scilicet
746 4614 1021 4669 Christum
1076 4630 1202 4668 eum
1253 4626 1421 4667 carne
1479 4613 1696 4666 venisse
1756 4611 2062 4665 conﬁtetur.

492 4708 851 4763 Anticltristus
894 4718 993 4761 est.
1026 4707 1095 4761 Et
1132 4724 1267 4760 nunc
1307 4706 1624 4760 Antichristi
1670 4706 1825 4759 multi
1855 4705 2066 4773 prodie-

493 4812 615 4856 runt
642 4804 685 4855 ⁵.
714 4801 881 4867 Quasi
911 4802 1003 4869 qui
1035 4799 1317 4854 Christum
1363 4814 1485 4852 cum
1521 4812 1688 4854 carne
1726 4797 1939 4852 venisse
1975 4814 2072 4853 ne-

492 4900 642 4964 gent,
678 4893 789 4946 sint
822 4890 1168 4946 Antichristi.
1201 4890 1342 4955 Quin
1377 4890 1538 4943 etiam
1566 4887 1671 4943 hoc
1700 4888 1769 4941 ab
1801 4888 1916 4956 ipso
1948 4884 2068 4941 Sal-

490 4996 678 5041 vatorc
702 4982 908 5038 dictum
934 4990 1044 5037 est:
1070 4981 1175 5048 Qui
1209 4984 1263 5035 in
1292 4996 1517 5051 regnum
1548 4981 1809 5035 cozlorum
1840 4979 2068 5033 admissi

492 5085 640 5140 sunt,
674 5090 849 5144 neque
878 5072 1087 5127 ducunt
1115 5087 1317 5126 uxores
1345 5086 1523 5140 neque
1568 5069 1801 5132 nubunt,
1836 5070 1928 5124 sed
1973 5084 2070 5121 an-

490 5170 626 5239 gelis
661 5166 897 5236 aequales
941 5172 1067 5219 sunt
1098 5165 1140 5217 °.
1179 5163 1363 5233 Neque
1414 5160 1547 5215 illud
1593 5167 1842 5225 tantum;
1884 5159 1978 5214 sed
2010 5167 2070 5213 ut

492 5262 717 5331 insuper
751 5259 1095 5313 manifestam
1146 5256 1561 5322 absolutamque
1590 5252 1966 5307 castimoniam
2006 5267 2069 5305 ac

492 5350 942 5412 sanctitudinem,
993 5364 1098 5418 qua
1130 5358 1184 5403 et
1230 5355 1457 5400 caeteros
1510 5352 1732 5398 sanctos
1780 5342 2067 5409 elliciebat,

2161 4616 2403 4683 γούντων
2425 4617 2514 4670 τὸν
2526 4618 2763 4687 Χριστὸν
2775 4620 2831 4671 ὲν
2855 4620 3342 4691 σαρκὶιὲληλυθότα,
3362 4621 3744 4693 Ἀντιχρίστων

2164 4707 2537 4777 ὑπαρχόντων.
2573 4708 2731 4761 Ἀλλά
2760 4710 2853 4762 καὶ
2873 4711 3034 4773 αὐτὸς
3061 4714 3089 4763 ὁ
3114 4712 3304 4783 Σωτὴρ
3330 4711 3498 4779 λέγει·
3531 4714 3593 4765 (li
3615 4731 3747 4766 κατ-

2165 4798 2489 4862 αξιωθέντες
2545 4800 2646 4868 τῆς
2676 4800 2951 4870 βασιλείας
2979 4801 3087 4854 τῶν
3115 4802 3359 4874 οὐρανῶν
3384 4802 3507 4856 οὔτε
3541 4805 3749 4875 γαμοῦ-

2169 4907 2275 4953 σιν,
2306 4889 2428 4942 οῦτε
2458 4890 2802 4961 γαμίζονται,
2836 4891 2950 4945 ἀλλ’
2983 4892 3257 4962 ἰσάγγελοί
3286 4896 3441 4947 εἰσιν.
3479 4897 3552 4948 Οὐ
3589 4897 3747 4966 μόνον

2168 4980 2245 5044 δὲ,
2274 4980 2408 5033 ἀλλὰ
2432 4982 2526 5034 καὶ
2555 4982 2638 5034 ἵνα
2670 4982 2815 5053 δείξῃ
2847 4984 2946 5053 τὴν
2975 4984 3120 5053 σαφῆ
3148 4984 3385 5051 ἁγνείαν,
3419 4986 3509 5039 καὶ
3539 4986 3639 5056 τὴν
3663 4986 3749 5038 διὰ

2169 5072 2263 5123 τοῦ
2290 5073 2539 5139 ἁγιάζειν
2568 5073 2903 5140 άγιαστείαν,
2939 5076 3137 5143 φάσκει
3168 5080 3234 5147 τῇ
3263 5078 3479 5148 Μαρίᾳ·
3516 5077 3612 5144 Μή
3628 5096 3748 5147 μου

2169 5161 2519 5231 ἅπτουΠθΓ
2574 5165 2738 5218 οὔπω
2777 5164 2887 5234 γὰρ
2925 5166 3261 5235 ἀναϐέϐηκα
3306 5170 3456 5235 πρὸς
3488 5162 3596 5223 τὸὶη
3626 5174 3746 5222 Πα-

2168 5254 2309 5321 τέρα
2331 5270 2345 5284 ·
2370 5255 2456 5309 ἵνα
2485 5254 2633 5328 δείξῃ
2658 5257 2755 5327 τὴν
2782 5258 3004 5325 ἁγνείαν
3039 5259 3302 5329 ἀμέτοχον
3338 5262 3626 5330 σωμάτων,
3655 5259 3749 5312 καὶ

2171 5346 2368 5416 ἀμιγῆ.
2425 5346 2584 5400 Ἀλλά
2613 5350 2706 5401 καὶ
2735 5350 2792 5401 ἐν
2834 5348 2980 5420 ἄλλῳ
3006 5352 3156 5421 τόπῳ
3188 5351 3333 5419 λέγει
3368 5350 3750 5423 προθεσπίζων

565 5463 797 5517 ιιτίηι.
833 5462 979 5530 ν,ιι
1007 5476 1127 5530 sqq.
1204 5456 1397 5510 'Psal.
1434 5455 1555 5517 1,5.
1633 5454 1901 5509 'ibid.2.
1980 5454 2050 5507 ιι

2155 5473 2256 5513 tan.
2292 5458 2382 5514 10.
2459 5462 2479 5492 ⁵
2512 5459 2533 5513 1
2566 5460 2724 5518 Joan.
2759 5478 2820 5528 ιι,
2852 5463 2936 5518 i8.
3017 5464 3037 5495 ⁸
3072 5463 3262 5518 Matth.
3290 5482 3428 5530 χχιι,
3453 5468 3541 5522 50.

573 5575 708 5644 (78‘)
754 5574 1028 5644 lnterpres
1076 5588 1186 5627 non
1231 5572 1361 5642 legit
1396 5572 1517 5640 οὐχ.
1572 5568 1736 5624 Forte
1782 5568 2070 5623 delendum

496 5652 598 5699 est.
637 5645 733 5697 Eo.
764 5644 936 5698 Pun.

570 5714 675 5781 (79)
702 5716 760 5766 Μ
766 5715 796 5781 ἡ
823 5732 942 5782 μου
969 5713 1180 5768 ἅπτου.
1210 5707 1763 5782 ClirysostLittJoan.
1788 5722 1911 5782 eum
1936 5722 2065 5761 sen—

498 5777 619 5836 sum
653 5777 855 5837 alfert':
890 5784 1035 5852 quod
1089 5782 1255 5838 Maria
1307 5777 1427 5837 cum
1464 5779 1684 5836 Christo
1728 5777 1915 5834 eadem
1955 5792 2065 5846 qua

2179 5583 2339 5648 antea
2381 5575 2751 5631 familiaritate
2786 5593 2906 5632 sese
2934 5587 3166 5648 gereret,
3214 5594 3315 5633 nec
3356 5579 3423 5633 de
3460 5595 3525 5634 eo
3566 5578 3745 5645 majus

2174 5646 2431 5713 quiddam
2458 5661 2512 5701 et
2540 5649 2827 5717 augustius
2852 5646 2974 5717 post
3004 5650 3457 5705 resurrectionem
3486 5649 3743 5717 sentiret;

2176 5718 2243 5771 ab
2274 5717 2368 5771 illo
2402 5718 2536 5781 iisce
2564 5719 2748 5775 verbis
2777 5720 3110 5775 admonitam
3141 5719 3331 5778 fuisse.
