4170 6372
417 366 516 421 557
1092 346 1460 404 ADVERSUS
1498 344 1837 400 lUERESES
1875 345 2002 398 LIB.
2044 346 2084 400 ἰ.
2130 344 2292 400 ΤΟΜ.
2335 345 2471 399 ll.—-
2509 347 2781 406 ll/ERES.
2825 350 3013 406 XXVI.
3551 355 3655 412 558

423 481 473 533 τὸ
510 477 660 545 ἅγιον
685 472 908 542 Πνεῦμα
932 472 1026 524 καὶ
1051 469 1140 522 διὰ
1160 471 1285 531 τοὺς
1309 467 1497 538 πρώην
1530 466 1624 518 καὶ
1661 465 1951 536 μετέπειτα
1968 481 1980 494 ·
2003 467 2019 525 ⁵,

2116 465 2420 528 ιειεηύεηιι,
2465 467 2544 521 sic
2581 467 2803 521 Mariam
2852 469 3192 537 alloquitur:
3249 466 3379 520 Noli
3419 486 3498 522 me
3539 481 3658 523 tan—

418 567 688 634 Μακαρία
716 564 922 631 στείρα
967 562 1004 629 ἠ
1034 561 1340 629 ἀμίαντος,
1374 558 1505 624 ἥτις
1535 559 1648 610 οὐκ
1685 557 1838 625 ἔγνω
1865 556 1991 608 κοί-

2119 571 2242 610 ere:
2282 557 2511 611 nondum
2549 561 2689 612 enim
2731 560 2942 613 ascendi
2969 559 3037 613 ad
3071 560 3283 613 Patrem
3313 577 3480 614 meum
3509 561 3563 628 ¹;
3598 572 3658 616 ιιι

417 676 529 725 την
549 659 618 711 ἐν
638 653 1062 723 παραπτώματι
1079 667 1092 680 ·
1123 651 1219 704 καὶ
1241 648 1554 718 εὐνοῦχος,
1579 647 1645 714 ὃς
1666 649 1776 701 οὐκ
1797 646 1992 716 εἰργά-

2119 657 2361 715 xpertem
2418 665 2708 720 corporum
2772 653 3104 714 castitatem,
3163 653 3422 720 nullaque
3471 663 3661 707 conta-

417 766 567 804 σατο
617 745 830 816 χερσὶν
860 745 1164 812 ἀνόμημα⁶
1210 741 1298 794 ἵνα
1330 739 1623 810 παρακύψῃ
1667 737 1762 790 καὶ
1802 738 1870 790 τὰ
1906 737 1992 790 διὰ

2116 739 2246 800 ;ione
2273 741 2530 810 pollutam
2549 742 2897 812 exprimeret.
2921 743 3000 796 Ad
3026 744 3138 797 haec
3173 744 3278 797 alio
3306 745 3359 797 in
3395 745 3514 798 loco
3547 745 3664 813 Spi-

416 842 510 896 τοῦ
540 840 709 912 μύθου
743 836 922 890 αὐτῶν
952 837 1009 887 ὲν
1037 833 1222 905 χερσὶν
1254 831 1764 902 αίσχρουργήματα.

2116 831 2232 885 ’ἰιιιε
2248 838 2476 886 sanctus
2495 841 2606 885 tam
2635 833 2706 887 ob
2738 832 2949 902 priores
2968 834 3110 896 illos,
3137 848 3296 901 quam
3330 833 3662 903 posteriores

417 937 525 990 hoc
556 932 716 986 modo
736 929 1062 984 vaticinatus
1090 934 1174 981 est
1201 944 1213 979 :
1244 925 1356 996 98
1381 924 1547 978 Beata
1585 921 1804 986 sterilis,
1847 921 2267 990 incoinquinata,
2296 941 2413 994 qua:
2442 926 2658 979 nescivit
2697 933 2868 979 torum
2901 927 2956 979 in
3006 925 3218 989 delicto,
3250 934 3298 978 et
3344 927 3528 992 spado,
3572 927 3662 994 qui

419 1047 522 1085 non
565 1037 810 1098 operatus
851 1033 929 1079 est
981 1021 1226 1077 manibus
1271 1021 1382 1073 suis
1436 1019 1769 1088 iniquitatem
1800 1019 1857 1082 ';
1914 1027 1974 1071 ut
2024 1018 2111 1072 vel
2153 1032 2217 1072 ea
2269 1034 2402 1074 voce
2433 1019 2580 1074 illam
2623 1034 2783 1090 quam
2872 1020 3052 1075 abulis
3111 1021 3226 1076 suis
3278 1019 3663 1076 commendare

420 1138 485 1178 ac
536 1121 794 1174 manibus
848 1130 1104 1172 exercere
1159 1113 1337 1169 solent
1396 1111 1732 1173 foeditatem,
1803 1110 2141 1179 praacideret.

490 1213 606 1278 ις’.
639 1211 788 1263 Πόσα
815 1209 870 1262 δὲ
896 1207 1031 1261 ἄλλα
1059 1205 1203 1258 ἔστιν
1229 1205 1402 1257 εἰπεῖν
1419 1203 1432 1256 l
1451 1201 1526 1266 ὡς
1551 1201 1644 1254 τοῦ
1672 1199 1992 1254 Ἀποστόλου

421 1305 686 1373 λέγοντοςο
720 1303 782 1358 Ἠ
793 1299 909 1370 μὲν
924 1300 1148 1370 ἄγαμος
1165 1298 1261 1351 καὶ
1279 1299 1316 1365 ὴ
1339 1292 1900 1382 παρθένοςμεριμνᾷ
1921 1293 1994 1347 τὰ

2116 1292 2392 1361 \postolus
2447 1293 2521 1346 ita
2574 1293 2852 1362 loquitur:
2907 1294 3096 1346 Mulier
3136 1295 3377 1362 innupta,
3432 1302 3480 1346 et
3519 1296 3664 1363 virgo

421 1394 528 1448 τοῦ
554 1395 795 1461 Κυρίου,
826 1391 951 1456 πῶς
981 1389 1186 1458 ἀρέσει
1213 1387 1294 1452 τῷ
1321 1386 1534 1455 Κυρίῳ.
1575 1385 1743 1438 Τοῦτο
1772 1384 1828 1437 δέ
1860 1402 1992 1455 φησι

2116 1384 2330 1437 :ollicita
2360 1392 2436 1437 est
2462 1388 2524 1437 de
2560 1385 2647 1446 iis,
2679 1401 2795 1453 qua:
2824 1393 2946 1436 sunt
2983 1383 3208 1444 Domini,
3249 1385 3509 1453 quomodo
3548 1383 3664 1451 pla-

421 1485 590 1550 δεῖξαι
623 1484 722 1555 τὴν
755 1483 976 1551 ἁγνείαν
1009 1484 1066 1535 ἐν
1097 1480 1324 1552 ἀληθείᾳ
1353 1481 1419 1532 ὲκ
1442 1477 1535 1532 τοῦ
1570 1477 1725 1545 ἁγίου
1752 1477 2001 1546 Πνεύμα-

2116 1484 2208 1526 τεαι
2237 1473 2467 1527 Domino
2499 1473 2539 1526 ³.
2581 1473 2695 1527 Hoc
2729 1481 2908 1527 autem
2953 1473 3157 1528 idcirco
3192 1475 3344 1538 dicit,
3378 1476 3525 1545 quod
3556 1492 3666 1530 non

421 1594 514 1640 τος
538 1575 964 1645 ὲπιτρεπόμενος
987 1574 1046 1626 οὐ
1069 1573 1379 1644 παρέργως.
1410 1572 1639 1624 Ἔπειτα
1661 1570 1718 1624 δὲ
1745 1572 1872 1641 περὶ
1893 1571 2000 1624 τῶν

2116 1561 2469 1616 )erlunctorie
2495 1562 2939 1616 commendandae
2963 1563 3231 1618 castitatis
3256 1572 3497 1632 potestas
3519 1573 3667 1620 esset

421 1667 513 1720 τὸν
538 1666 713 1736 γάμον
734 1664 964 1733 ἐχόντων
982 1663 1073 1715 τὸν
1096 1661 1290 1731 σεμνὸν
1313 1659 1494 1728 λέγει’
1523 1661 1717 1728 Τίμιος
1740 1662 1772 1713 ό
1793 1658 1998 1728 γάμος,

2116 1669 2127 1706 ι
2169 1652 2370 1722 Spiritu
2411 1662 2602 1709 sancto
2653 1655 2966 1710 commissa.
3015 1653 3152 1708 Tum
3201 1670 3331 1709 vero
3367 1655 3434 1710 de
3476 1655 3543 1710 iis
3574 1657 3666 1725 qui

424 1756 522 1812 καὶ
565 1757 602 1823 ἡ
645 1757 813 1821 κοίτη
855 1754 1162 1823 ἀμίαντος,
1207 1752 1468 1818 πόρνους
1514 1749 1582 1802 δὲ
1623 1751 1721 1802 καὶ
1747 1750 2000 1818 μοιχοὺς

2117 1747 2344 1800 tonestis
2370 1747 2562 1816 illigati
2596 1754 2724 1802 sunt
2754 1747 2827 1800 ita
2857 1747 3142 1816 disputat:
3180 1747 3502 1801 Honorabile
3542 1765 3668 1801 con-

426 1817 620 1914 κρινεῖ
643 1845 673 1897 ὁ
701 1817 864 1909 Bede.
889 1817 1067 1895 ⁷Ἀλλὰ
1094 1843 1188 1894 καὶ
1213 1817 1332 1893 κατ’
1359 1839 1536 1892 αὐτῶν
1560 1817 1998 1911 ὲκϐοᾷ,ίγραφων

2116 1838 2336 1902 ιαὺὶιιηι,
2369 1848 2418 1892 ει
2449 1849 2594 1892 torus
2630 1839 3044 1902 immaculatus;
3091 1839 3436 1908 fornicatores
3469 1849 3665 1900 autem,

439 1936 726 2008 Ῥωμαίοις
739 1934 806 1988 τὰ
826 1936 1025 2005 αἰσχρὰ
1044 1930 1440 1985 ἀποκαλύπτων
1459 1929 1566 1981 τῶν
1586 1929 1678 1992 τὰς.
1731 1943 2001 1998 κακοπρα-

2116 1938 2148 1983 at
2178 1931 2445 1984 adulteros
2498 1929 2764 2001 judicabit
2813 1931 3060 1985 Dominus
3088 1931 3128 1985 ⁸.
3170 1929 3436 1985 Praeterea
3479 1939 3669 1985 contra

427 2029 550 2096 γίας
603 2025 1002 2098 ἐργαζομένων,
1029 2022 1202 2091 λέγων
1227 2038 1239 2051 ·
1293 2022 1366 2074 Αἵ
1401 2037 1467 2075 τε
1503 2020 1614 2090 γὰρ
1640 2023 1872 2086 θήλειαι
1896 2021 2002 2073 αὺ-

2116 2021 2321 2074 aosdem
2345 2021 2614 2074 exclamat
2645 2022 2712 2075 ad
2753 2019 3053 2086 Romanos,
3086 2021 3355 2084 scribens,
3399 2030 3451 2076 et
3480 2037 3667 2075 eorum

428 2117 545 2170 τῶν
583 2114 974 2186 μετήλλαξαν
1017 2112 1131 2180 τὴν
1174 2108 1448 2179 φυσικὴν
1483 2107 1710 2178 χρῆσιν
1760 2112 1846 2174 είς
1886 2107 2002 2175 τὴν

2116 2111 2194 2179 qui
2245 2111 2297 2163 in
2343 2110 2611 2179 ejusmodi
2650 2110 2872 2180 ﬂagitiis
2921 2112 3236 2164 volutantur
3280 2111 3668 2181 turpitudinem

429 2205 587 2274 παρὰ
617 2206 825 2274 φύσιν.
884 2203 994 2256 Καὶ
1026 2200 1152 2271 περὶ
1183 2199 1292 2252 τῶν
1322 2199 1588 2270 ἀρρένων,
1617 2200 1698 2252 ὅτι
1732 2201 2001 2267 Ἀρῤενες

2116 2201 2303 2272 ietegit
2330 2201 2414 2255 his
2441 2201 2655 2256 verbis:
2684 2200 2827 2254 Nam
2854 2211 2901 2254 et
2924 2202 3132 2270 femina:
3159 2218 3336 2255 eorum
3365 2204 3672 2256 immutare.

427 2295 499 2347 ἐν
555 2294 764 2363 ἇρῤεσι
815 2291 928 2360 τὴν
969 2289 1437 2359 αίσχημοσύνην
1494 2286 1998 2357 κατεργαζόμενοι.

2116 2303 2225 2346 runt
2257 2293 2553 2345 naturalem
2586 2308 2741 2346 usum
2784 2294 2837 2346 in
2884 2309 3000 2345 eum
3041 2309 3216 2356 usmn,
3250 2294 3339 2361 qui
3367 2302 3444 2346 est
3489 2304 3672 2345 contra

443 2386 602 2440 ’Λλλὰ
625 2387 719 2439 καὶ
746 2388 804 2438 ἐν
817 2387 882 2456 τῇ
906 2383 1040 2454 πρὸς
1062 2380 1320 2452 Τιμόθεον
1349 2380 1636 2450 Ἐπιστολῇ
1660 2379 1785 2450 περὶ
1803 2380 2003 2432 τούτων

2116 2393 2350 2436 maturam
2381 2385 2422 2436 ⁵.
2452 2383 2590 2438 Τυιιι
2642 2385 2710 2438 de
2748 2385 2988 2438 maribus
3037 2385 3300 2452 subiicit:
3347 2383 3577 2436 Musculi
3619 2386 3673 2436 in

2171 1200 2305 1255 XVI.
2340 1201 2514 1268 Quam
2555 1203 2721 1256 multa
2752 1203 2979 1272 proponi
3015 1204 3118 1256 alia
3152 1203 3414 1271 possunt!
3445 1210 3504 1255 ut
3537 1218 3661 1256 cum

429 2479 610 2547 λέγει·
638 2479 757 2530 Ὅτι
777 2477 846 2530 ἐν
871 2474 1155 2542 ἐσχάταις
1190 2473 1434 2542 ἡμέραις
1454 2471 1855 2540 ἐνστήσονται
1883 2487 2007 2523 και-

426 2572 521 2639 ροὶ
565 2569 840 2639 χαλεποί.
901 2568 1179 2620 Ἔσονται
1209 2565 1320 2632 γὰρ
1352 2566 1405 2616 οἱ
1438 2561 1732 2630 ἄνθρωποι
1757 2561 2000 2631 φιλήδο-

435 2681 550 2726 νοι,
593 2660 835 2732 μᾶλλον
864 2660 902 2727 ἣ
941 2660 1236 2728 φιλόθεοι.
1287 2657 1396 2710 Καὶ
1430 2655 1608 2719 πάλιν,
1639 2655 2007 2708 Κωλυόντων

433 2755 664 2827 γαμεῖν,
693 2753 1022 2822 ἀπέχεσθαι
1047 2749 1378 2818 βρωμάτων
1409 2747 2008 2817 κεκαυτηριασμένων

433 2848 548 2918 τὴν
577 2845 937 2913 συνείδησιν
956 2859 968 2872 ·
1006 2845 1087 2898 ὅτι
1115 2844 1176 2896 τὸ
1204 2843 1302 2916 μὲν
1334 2841 1528 2911 γαμεῖν
1554 2839 1691 2910 μετὰ
1727 2838 2008 2908 σωφροσύ-

434 2959 552 3013 νης,
587 2941 683 2996 καὶ
715 2939 1048 3006 τεκνογονεῖν
1080 2933 1365 3000 κωλύουσι,
1417 2931 1693 3003 καιόμενοι
1719 2930 1778 2984 δέ
1808 2932 1914 2984 εἰσι
1947 2935 2007 3003 τῇ

437 3035 758 3103 συνειδήσει,
779 3029 1130 3099 λαγνεύοντες
1156 3025 1255 3098 μὲν
1271 3026 1366 3080 καὶ
1391 3023 1757 3095 φθειρόμενοι,
1779 3023 2013 3076 κωλύον-

2106 2477 2368 2527 masculos
2398 2473 2774 2540 turpitudinem
2802 2483 3072 2541 operantes
3103 2474 3142 2528 ⁵.
3173 2473 3439 2528 Praeterea
3465 2476 3518 2528 in
3549 2475 3674 2544 Epi—

2107 2566 2244 2619 stola
2279 2566 2344 2618 ad
2386 2565 2730 2620 Timotheum
2785 2567 2851 2620 de
2881 2568 3069 2620 iisdem
3102 2568 3171 2620 ila
3212 2568 3452 2636 loquitur
3482 2587 3495 2622 :
3525 2569 3675 2632 Quod

2106 2657 2162 2710 in
2205 2657 2502 2711 novissimis
2552 2657 2731 2712 diebus
2777 2658 3046 2711 instabunt
3089 2667 3320 2726 tempora
3359 2661 3674 2728 periculosa.

2110 2746 2177 2800 Et
2209 2757 2361 2802 erunt
2383 2748 2618 2803 homines
2648 2748 2972 2818 voluptatum
3017 2742 3184 2819 magis
3229 2761 3490 2804 amatores
3521 2767 3679 2821 quam

2109 2838 2207 2896 Dei
2236 2842 2280 2893 ⁷.
2316 2841 2382 2896 Ει
2419 2857 2637 2896 rursum
2673 2859 2688 2894 :
2734 2841 3131 2895 Prohibentium
3164 2841 3373 2906 nubere,
3422 2843 3684 2897 abstinere

2111 2950 2143 2985 a
2167 2933 2298 2987 cibis
2322 2949 2340 2986 :
2365 2933 2715 2986 cauteriatam
2743 2932 3043 2986 habentium
3071 2949 3221 2986 suam
3244 2936 3616 2987 conscientiam
3633 2934 3678 2987 ⁸.

2115 3023 2188 3077 Ex
2225 3039 2290 3079 eo
2323 3023 2574 3079 videlicet
2628 3024 2771 3094 quod
2801 3032 2949 3078 caste
2994 3024 3340 3078 matrimonio
3393 3024 3678 3094 conjungi,

433 3142 523 3188 τες
550 3125 607 3177 δὲ
637 3125 993 3191 τεκνογονεῖν.
1046 3121 1156 3173 Καὶ
1188 3118 1298 3189 γὰρ
1322 3119 1415 3170 καὶ
1444 3115 1582 3186 αὑτὴ
1611 3117 1644 3186 ή
1675 3116 1802 3185 παρ’
1832 3115 2012 3177 αὐτοῖς

2116 3132 2178 3171 ac
2194 3117 2399 3187 prolem
2425 3117 2705 3187 suscipere
2735 3118 3044 3186 prohibent,
3075 3118 3300 3172 ardente
3328 3117 3544 3171 interim
3569 3118 3684 3170 illo-

435 3216 700 3286 λεγομένη
736 3214 918 3276 θυσία,
960 3210 1298 3284 βορϐορώδης
1329 3227 1412 3273 τις
1437 3205 1572 3262 οὖσα
1615 3208 1737 3278 ἤδη,
1786 3206 1880 3260 καὶ
1905 3205 2013 3258 ἀπὸ

435 3308 542 3363 τῶν
582 3307 842 3362 ἀνέκαθεν
874 3305 960 3358 διὰ
989 3304 1081 3360 τοῦ
1118 3303 1394 3373 προφήτου
1427 3301 1804 3355 ὑποδείκνυται
1841 3299 2015 3368 ὄφεως

435 3403 570 3457 οὖσα
596 3399 752 3471 σὰρξ,
781 3400 876 3452 καὶ
900 3397 1020 3466 οὐχὶ
1043 3397 1138 3450 τοῦ
1168 3397 1393 3466 Κυρίου,
1418 3393 1491 3466 μὴ
1510 3395 1721 3463 γένοιτο
1738 3394 1750 3444 l
1769 3392 2015 3460 λέγοντος

435 3494 606 3556 οὕτως
626 3510 639 3522 ·
673 3492 755 3545 ὅτι
791 3489 876 3544 Σὺ
914 3487 1280 3556 συνέτριψας
1306 3485 1414 3552 τὰς
1442 3486 1707 3555 κεφαλὰς
1738 3483 1846 3537 τοῦ
1873 3480 2015 3550 δρά-

439 3599 672 3648 κοντος,
712 3578 812 3634 καὶ
846 3578 1073 3643 ἔδωκας
1101 3576 1290 3630 αὐτὸν
1323 3576 1535 3645 ,ϐρῶμα
1572 3574 1745 3639 λαοῖς
1768 3573 1893 3638 τοῖς
1914 3575 2014 3627 Αἱ-

439 3676 624 3741 θίοψι.
677 3669 883 3741 Βρῶμα
916 3667 1025 3741 γὰρ
1061 3667 1137 3731 ὡς
1165 3665 1378 3736 ἀληθῶς
1414 3666 1589 3734 ὄφεως
1621 3667 1654 3735 ἡ
1682 3664 1885 3717 τούτων
1919 3681 2015 3733 μυ-

441 3763 580 3835 σαρὰ
596 3761 862 3833 θρησκεία
875 3776 887 3788 ·
910 3758 1004 3812 καὶ
1023 3756 1272 3820 Αἰθίοπες
1303 3774 1368 3827 με
1377 3757 1744 3826 μελανωμένοι
1760 3758 1824 3825 τῇ
1839 3757 2017 3826 ἀμαρ-

439 3853 530 3923 τίᾳ
556 3853 605 3904 οἱ
634 3848 839 3919 ταύτην
866 3848 965 3917 τὴν
995 3846 1216 3918 τελετὴν
1237 3845 1333 3899 τοῦ
1364 3845 1458 3899 νῦν
1486 3846 1583 3915 μὲν
1599 3844 1848 3915 δαίμονος
1871 3844 2012 3908 Διὸς,

445 3944 612 3998 πάλαι
641 3941 700 3994 δὲ
719 3940 932 4010 γόητος,
967 3937 1062 3990 τοῦ
1094 3938 1251 4010 παρὰ
1281 3955 1390 3991 τισι
1420 3936 1554 3991 Θεοῦ
1579 3937 1755 4008 μάτην
1812 3954 2019 4006 νενομι-

445 4036 644 4106 σμένου
673 4031 969 4092 τελοῦντες.
1006 4030 1099 4082 Ἐκ
1121 4029 1230 4101 γὰρ
1259 4028 1584 4099 Ἑλληνικῶν
1619 4028 1802 4099 μύθων
1847 4029 2017 4080 πᾶσαι

443 4131 500 4183 αἱ
525 4129 764 4200 αἱρέσεις
800 4123 1092 4187 συνάξασαι
1112 4125 1330 4186 ἑαυταῖς
1354 4124 1452 4194 τὴν
1469 4122 1674 4192 πλάνην
1700 4120 2016 4184 κατέϐαλον,

448 4223 878 4292 μεταποιήσασαι
899 4222 977 4284 είς
997 4219 1162 4287 ἄλλην
1181 4217 1414 4270 διάνοιαν
1436 4214 1671 4284 χείρονα.
1709 4212 2018 4283 Παρεισφέ-

449 4328 599 4381 ρουσι
625 4312 733 4383 γὰρ
748 4313 797 4365 oi
827 4312 1047 4382 ποιηταὶ
1069 4310 1180 4377 (80)
1202 4308 1292 4361 τὸν
1309 4308 1406 4360 Δία
1429 4305 1527 4376 τὴν
1549 4305 1727 4374 Μῆτιν
1745 4303 2018 4374 θυγατέρα

445 4402 636 4456 ἑαυτοῦ
665 4403 1020 4457 καταπιόντα.
1068 4399 1276 4471 Βρέφος
1311 4399 1368 4451 δὲ
1397 4398 1496 4450 οὐκ
1528 4395 1594 4450 ἂν
1637 4396 1912 4458 καταπίοι,
1943 4395 2018 4457 ὡς

2115 3225 2234 3264 rum
2268 3209 2632 3274 conscientia;
2669 3209 2797 3262 dum
2841 3209 3079 3264 assiduis
3119 3210 3174 3262 in
3231 3210 3682 3274 scortatiouibus,

2113 3299 2548 3368 corruptelisque
2594 3309 2908 3363 versantur,
2954 3315 3016 3354 ac
3050 3301 3426 3369 procreatione
3481 3301 3684 3354 sobolis

2113 3392 2466 3445 interdicunt.
2518 3390 2653 3445 Nam
2711 3391 2856 3461 quod
2894 3391 2961 3447 ad
2999 3392 3130 3446 illud
3182 3393 3372 3446 attinet
3399 3409 3538 3462 quos
3595 3393 3686 3447 isti

2115 3482 2444 3538 sacriﬁcium
2494 3493 2711 3550 vocant,
2745 3485 3069 3539 lutulentum
3116 3484 3374 3554 quiddam
3407 3493 3460 3540 et
3506 3485 3686 3556 impu-

2115 3591 2258 3640 rum,
2290 3577 2402 3646 jam
2439 3586 2553 3630 tum
2583 3577 2712 3630 olim
2756 3592 2786 3630 a
2818 3575 3086 3646 Propheta
3120 3578 3550 3632 demonstratum
3581 3589 3684 3640 est,

2116 3669 2386 3738 serpentis
2444 3683 2567 3724 esse
2603 3684 2846 3733 carnem,
2898 3684 3008 3723 non
3065 3668 3300 3722 Domini.
3351 3671 3547 3725 Absit!
3596 3669 3688 3725 Sic

2115 3762 2259 3816 enim
2307 3761 2589 3832 loquitur:
2640 3759 2949 3816 Contrivisti
2989 3763 3165 3831 capita
3193 3764 3463 3827 draconis,
3506 3774 3556 3817 et
3597 3763 3690 3817 dc—

2116 3850 2245 3904 disti
2267 3867 2382 3904 eum
2408 3867 2578 3904 escam
2597 3853 2806 3921 populis
2837 3852 3144 3922 zE‘t/u'opum
3167 3854 3207 3906 ’.
3230 3852 3373 3908 Sane
3401 3855 3544 3907 enim
3575 3869 3689 3907 ser-

2118 3943 2353 4012 pentina:
2386 3943 2672 4012 cujusdam
2717 3959 2858 3999 escae
2908 3960 3077 4015 genus
3105 3953 3189 3998 est
3232 3946 3447 3998 illorum
3478 3945 3688 4000 abomi-

2118 4033 2297 4087 nanda
2353 4035 2720 4104 superstitio:
2784 4035 3056 4106 iidemque
3102 4035 3381 4105 1Ethiopcs
3439 4037 3511 4092 illi
3559 4047 3688 4090 sunt

2118 4125 2388 4179 scelerum
2435 4141 2661 4180 suorum
2695 4127 2917 4197 nigrore
2944 4128 3253 4190 deformati,
3302 4129 3392 4197 qui
3423 4129 3688 4197 ejusmodi

2117 4215 2258 4269 ritus
2286 4232 2430 4270 nunc
2460 4216 2722 4273 daemonis
2750 4218 2921 4283 Jovis,
2950 4220 3078 4273 olim
3130 4220 3563 4290 praestigiatoris,
3593 4222 3686 4289 qui

2118 4318 2173 4364 et
2198 4309 2402 4364 frustra
2432 4326 2460 4364 a
2492 4313 2771 4367 nonnullis
2808 4312 3037 4367 habetur
3067 4312 3229 4376 Deus,
3263 4313 3515 4382 religioso
3539 4313 3686 4365 cultu

2125 4399 2418 4453 celebrant.
2448 4400 2722 4471 Siquidem
2741 4402 2973 4457 haereses
3000 4403 3267 4457 universae
3282 4402 3348 4457 de
3377 4402 3687 4455 Cramerqu

444 4495 538 4546 καὶ
557 4496 584 4548 ὁ
608 4496 760 4562 ἅγιος
781 4489 1006 4565 Κλήμης
1031 4489 1347 4557 καταγελῶν
1369 4489 1467 4560 τῆς
1488 4487 1598 4540 τῶν
1619 4486 1755 4540 θεῶν
1772 4485 1878 4539 τῶν
1907 4486 2019 4537 Ἐλ-

2129 4487 2330 4544 fabulis
2367 4505 2430 4545 ea
2464 4492 2819 4561 collegerunt,
2855 4508 2919 4546 ex
2953 4493 3153 4562 quibus
3183 4507 3376 4546 novam
3406 4492 3507 4545 sibi
3538 4506 3691 4546 erro-

444 4585 619 4655 λήνων
641 4586 1028 4656 αἰσχρουργίας
1045 4580 1196 4636 εἶπεν
1211 4600 1224 4613 ο
1259 4583 1400 4644 Ὅτι,
1413 4581 1509 4651 τὴν
1524 4579 1699 4648 Μῆτιν
1714 4576 2016 4642 καταπιὼν,

445 4677 567 4746 οὐχὶ
593 4675 790 4748 βρέφος
826 4675 1055 4747 ἠδύνατο
1079 4675 1384 4736 καταπιεῖν,
1416 4670 1550 4724 ἀλλὰ
1589 4669 1689 4740 τὴν
1731 4668 1891 4740 γονὴν
1922 4669 2020 4738 τὴν

447 4764 600 4817 ἰδίαν.

2127 4577 2205 4631 ris
2222 4587 2426 4633 sectam
2447 4579 2828 4644 condiderunt,
2849 4596 2972 4635 cum
2993 4597 3056 4637 ea
3081 4582 3403 4637 deteriorem
3430 4582 3596 4635 alium
3625 4581 3690 4633 ad

2129 4682 2349 4722 sensum
2380 4670 2805 4726 transtulissent.
2831 4671 2965 4726 Nam
2987 4681 3040 4726 et
3068 4688 3097 4726 a
3121 4673 3293 4743 poetis
3317 4672 3476 4728 Metin
3508 4672 3691 4743 (quam

2131 4760 2474 4829 prudentiam
2501 4763 2772 4832 appellare
2797 4763 2997 4836 possis)
3018 4765 3179 4818 ﬁliam
3205 4781 3358 4820 suam
3395 4765 3694 4818 absorbens

443 4857 792 4914 introducrus
839 4864 925 4911 est
967 4861 1200 4924 ellpllel'.
1247 4849 1419 4907 Nemo
1468 4864 1632 4922 porro
1670 4849 1929 4905 infantem
1978 4851 2768 4923 absorbeat;quemadmodum
2797 4867 3020 4912 sanctus
3045 4858 3295 4913 Clemens
3317 4859 3412 4921 ait,
3436 4855 3547 4927 99
3571 4870 3693 4908 cum

445 4946 673 5002 deorum
739 4947 833 5016 qui
898 4961 928 4999 a
963 4943 1165 4999 Griecis
1202 4945 1458 4998 coluntur
1499 4942 1891 5012 turpitudinem
1941 4942 2198 4998 deridet:
2245 4945 2386 5012 Quin
2441 4949 2585 5001 enim
2639 4949 2930 5005 devorasse
2992 4949 3157 5005 Metin
3201 4950 3421 5012 dicitur,
3481 4963 3590 5002 non
3629 4947 3698 5000 de

447 5039 658 5094 infante
683 5040 818 5103 ullo,
845 5039 940 5093 sed
973 5039 1039 5093 de
1063 5039 1282 5108 proprio
1309 5038 1517 5092 semine
1545 5053 1641 5106 par
1664 5044 1748 5091 est
1772 5036 2000 5107 intelligi

524 5154 540 5183 ‘
567 5152 722 5205 Joan.
745 5167 834 5215 xx,
863 5152 944 5205 l7.
1025 5153 1046 5182 ¹
1075 5149 1203 5219 Sap.
1235 5165 1318 5217 Ill,
1350 5148 1436 5219 ill.
1487 5148 1536 5219 7'
1558 5146 1576 5199 ι
1600 5147 1724 5202 Cor.
1754 5163 1847 5209 vn,
1877 5148 1964 5219 5i.

2121 5148 2256 5206 lebr.
2285 5165 2402 5214 xm,
2432 5151 2485 5204 4.
2560 5150 2582 5181 ⁵
2611 5149 2770 5205 Rom.
2806 5166 2844 5215 ι,
2875 5150 2962 5204 26.
3044 5151 3064 5181 “
3086 5151 3217 5205 ibid.
3246 5151 3334 5203 27.

448 5238 531 5279 ιιι.
561 5223 670 5276 1-4.
746 5222 767 5252 ⁸
795 5219 974 5276 lTim.
1009 5238 1080 5282 Iv,
1114 5217 1166 5284 5,
1201 5221 1255 5274 2.
1331 5220 1351 5250 θ
1375 5217 1519 5272 Psal.
1555 5233 1748 5282 Lxxm,
1779 5218 1985 5283 15,14.

524 5333 635 5403 (80)
668 5332 1143 5403 Παρεισεξέρουσι
1164 5329 1350 5403 γίιρῃοὶ
1365 5329 1608 5403 ποιηταί
1615 5355 1630 5380 ε
1657 5326 2027 5403 P_utidiss_im_:e

451 5397 650 5457 fabulae
679 5397 872 5478 auctor
891 5397 1243 5478 Hesiodusin
1269 5399 1462 5468 Theog.
1495 5397 1848 5478 libiprirnam
1874 5397 2026 5453 Jovis

3432 5152 3450 5181 ’⁷
3481 5152 3519 5205 lI
3553 5151 3695 5208 Tim.

2135 5340 2234 5381 nes
2262 5325 2524 5396 evomuit.
2566 5324 2942 5396 Athenagoras
2981 5326 3033 5378 in
3067 5325 3248 5396 chat.
3295 5342 3389 5395 pro
3441 5324 3702 5381 Christia-

2130 5399 2212 5449 nis
2247 5394 2446 5462 Orphei
2480 5410 2678 5448 versus
2714 5395 2881 5457 citat,
2908 5397 3108 5462 quibus
3136 5394 3200 5450 {te
3230 5394 3470 5450 Phanete
3496 5403 3702 5452 mentio

449 5487 675 5526 uxorem
705 5471 864 5526 Metin
889 5474 956 5526 ab
983 5487 1048 5525 eo
1072 5471 1386 5524 devoratam
1412 5465 1652 5532 'cccinit';
1676 5467 2027 5535 indidemque
2129 5474 2236 5536 est,
2261 5480 2428 5536 quem
2448 5465 2865 5536 indicatdeinde
2887 5481 2913 5516 a
2931 5467 3061 5521 Jove
3082 5466 3334 5521 similiter
3348 5468 3698 5536 absorptum:

449 5550 804 5612 propagatam
844 5541 1138 5612 Palladem.
1166 5539 1540 5612 Apollodorus
1574 5552 1704 5612 vero
1740 5538 1837 5590 lib.
1879 5555 1894 5590 ι
1932 5537 2027 5590 Bi-

452 5607 650 5665 bliolh.‘
670 5611 836 5665 Metin
868 5612 944 5665 ait
973 5609 1178 5664 Oceani
1201 5607 1364 5664 tiliam
1386 5607 1507 5662 Iovi
1532 5608 1848 5673 auxiliatam
1873 5621 2023 5673 esse;

449 5681 808 5750 eamdemque
864 5679 1104 5735 Saturno
1158 5679 1435 5750 potionem
1490 5669 1782 5750 quamdam
1844 5669 2028 5745 propiL

452 5764 636 5814 nasse,
665 5749 773 5821 qua
803 5751 847 5808 is
879 5752 1165 5818 exhausta,
1199 5749 1358 5815 ﬁlios,
1397 5763 1538 5819 quos
1570 5749 1881 5810 devorarat,
1908 5763 1997 5801 om

2129 5535 2162 5602 ἢ
2193 5533 2587 5608 καταποθῆναι⁸
2605 5535 2709 5608 ὑπρ
2743 5535 2836 5608 τοῦ
2871 5538 3010 5599 Διὸς,
3045 5536 3192 5608 ὅπως
3237 5539 3264 5589 ὁ
3307 5536 3442 5598 Ζεὺς
3471 5533 3701 5608 epam-

2126 5622 2218 5669 τος
2262 5603 2498 5676 γένοιτοἶ
2553 5603 2713 5676 Quod
2763 5606 3038 5676 Gesnerus
3098 5606 3366 5676 interpres
3420 5606 3489 5659 ad
3521 5603 3701 5661 'Métin

2128 5677 2429 5729 transtulit.
2456 5673 2654 5747 Verum
2685 5675 2752 5728 de
2780 5675 3017 5732 Phanete
3047 5677 3194 5747 loqui
3228 5673 3441 5734 videtur
3465 5677 3704 5732 Athena-

2129 5761 2312 5818 goras,
2345 5761 2455 5801 non
2493 5747 2559 5800 de
2593 5745 2740 5802 Meti.
