4170 6372
499 394 605 449 559

1925 397 1985 454 S.
2029 397 2374 453 EPIPIIANll

3680 397 3785 452 380

571 509 733 565 XVII.
764 509 906 578 Quid
933 509 1043 580 jam
1076 509 1225 565 aliud
1259 509 1518 580 deinceps
1538 509 1803 581 eloquar?
1829 522 1924 565 aut
1962 527 2091 582 quo-

2265 511 2367 566 lZ'.
2404 510 2470 575 Τί
2497 509 2553 563 δὲ
2582 510 2770 580 ἕτερον
2802 508 3042 581 simitu;
3083 510 3115 581 ἦ
3154 509 3271 575 πῶς
3307 509 3665 582 ἀποσείσομαι
3696 510 3785 564 τὸν

499 604 663 659 modo
688 618 971 659 cmnosam
1007 604 1151 658 bane
1180 603 1613 674 disputationem
1643 603 1900 672 abjiciam
1926 645 1940 668 ,
1965 621 2089 659 cum

495 704 552 749 et
580 695 769 758 velim,
800 703 854 751 et
884 696 1055 749 nolim
1084 694 1215 750 'una
1254 696 1460 759 dicere,
1492 711 1557 749 ac
1596 696 1832 765 quadam
1870 696 2091 751 dicendi

496 789 831 843 necessitate
856 788 1230 858 constringar,
1265 804 1335 844 ne
1366 788 1499 859 quid
1528 804 1720 844 eorum
1754 803 1876 859 quae.
1903 789 2094 845 insunt

495 894 688 933 revera
717 880 1103 935 dissimulasse
1137 879 1363 947 videar;
1398 889 1455 934 et
1486 880 1620 934 illud
1658 895 1854 935 verear
1884 887 2088 944 tamen,

497 984 567 1023 ne
607 969 829 1024 illorum
879 969 1224 1025 detestandis
1276 968 1497 1040 ﬂagitiis
1544 968 1855 1040 patefactis,
1901 985 2095 1040 quem-

496 1080 661 1135 quam
695 1071 791 1119 aut
818 1062 1080 1128 inﬁciam,
1102 1072 1197 1119 aut
1226 1064 1602 1127 exstimulem,
1621 1071 1676 1119 et
1699 1063 1767 1118 ad
1796 1063 1888 1118 illa
1918 1064 2095 1118 curio.

497 1157 617 1213 sius
650 1156 960 1226 indaganda
996 1155 1142 1211 faces
1181 1156 1249 1211 iis
1282 1157 1597 1223 subjiciam,
1630 1157 1722 1226 qui
1750 1156 2091 1225 voluptatum

498 1262 563 1301 ac
591 1247 951 1317 cupiditatum
987 1246 1261 1302 illecebris
1315 1246 1711 1302 abducuntur?
1751 1245 1858 1301 Sed
1891 1246 2093 1301 nihilo-

499 1340 682 1395 minus
732 1340 801 1393 ab
830 1338 1105 1408 ejusmodi
1154 1339 1419 1395 daemonis
1467 1348 1589 1395 satu
1638 1346 1693 1393 et
1742 1338 2095 1409 improbitate

500 1439 609 1485 tam
643 1446 764 1501 ego,
798 1446 964 1501 quam
1011 1438 1220 1485 sanctae
1269 1438 1437 1501 atque
1496 1430 1781 1486 catholica:
1830 1429 2095 1485 Ecclesim

499 1538 627 1593 spes
648 1524 853 1587 omnis,
890 1538 958 1578 ac
988 1523 1244 1594 quisquis
1276 1522 1329 1577 in
1369 1523 1473 1577 hoc
1498 1531 1748 1578 nostrum
1780 1538 1920 1592 opus
1957 1522 2094 1577 inci-

497 1616 661 1681 derit,
696 1616 933 1687 integer,
966 1615 1372 1685 inviolatusque
1407 1624 1678 1673 servetur.
1708 1613 1867 1681 Quod
1899 1615 1943 1669 si
1984 1629 2093 1669 cte-

497 1716 634 1772 tera,
666 1724 790 1779 qua:
829 1709 899 1763 ab
950 1708 1060 1764 illis
1094 1709 1358 1763 dicuntur
1388 1716 1484 1762 aut
1528 1708 1666 1762 ﬁunt
1709 1715 1912 1778 quanta
1941 1714 2092 1773 sunt,

498 1806 664 1869 atque
686 1800 979 1869 ejusmodi,
1008 1800 1188 1870 qualia
1234 1799 1348 1870 jam
1383 1798 1959 1862 commemoravimus,
2001 1805 2096 1851 aut

2195 603 2418 675 πηλώδη
2466 603 2656 657 τοῦτον
2694 604 2855 657 πόνον
2882 646 2896 669 ,
2954 604 3277 675 βουλόμενος
3322 605 3420 674 μὲν
3463 607 3658 667 εἰπεῖν,
3692 606 3785 657 καὶ

2195 694 2272 764 μὴ
2317 691 2658 763 βουλόμενος,
2701 692 3146 763 ἀναγκαζόμενος
3191 694 3268 755 δὲ,
3316 695 3405 748 ἵνα
3449 692 3525 765 μὴ
3560 694 3696 761 δόξω
3733 712 3783 746 τι

2192 781 2300 834 τῶν
2346 779 2515 833 ὄντων
2555 781 2974 852 παρακρύπτειν
3002 797 3014 813 ⁸
3066 784 3160 836 καὶ
3198 783 3551 855 φοϐούμενος,
3590 785 3677 837 ἵνα
3710 784 3783 855 μὴ

2194 872 2595 928 ἀποκαλύπτων
2618 874 2686 928 τὰ
2708 874 2857 929 δεινά
2889 875 3068 928 αὐτῶν
3102 876 3134 946 ἢ
3161 878 3365 946 χρὰνω,
3396 877 3428 947 ἢ
3457 877 3669 949 πλήξω,
3705 880 3784 939 εἰς

2192 967 2255 1020 τὸ
2297 966 2767 1039 περιεργάσασθαι
2815 970 2944 1040 περὶ
2991 968 3180 1022 τούτου
3231 969 3358 1032 τοὺς
3402 968 3783 1039 ἀπαγομένους

2192 1059 2410 1132 ἡδοναῖς
2444 1061 2539 1114 καὶ
2579 1060 2897 1132 ἐπιθυμίαις
2941 1061 3260 1134 ἐποτρύνω;
3290 1063 3481 1132 Ὅμως
3526 1059 3637 1129 ἐγὼ
3683 1061 3782 1131 μὲν

2194 1155 2370 1219 ἀθῶος
2399 1156 2537 1226 εἵην,
2560 1156 2652 1209 καὶ
2674 1157 2825 1209 πᾶσα
2853 1157 2885 1226 ἡ
2912 1155 3012 1227 τῆς
3029 1155 3191 1223 ἁγίας
3219 1154 3515 1226 καθολικῆς
3556 1155 3782 1225 Ἐκκλη-

2196 1247 2319 1311 σίας
2371 1248 2548 1313 ἐλπὶς,
2603 1248 2699 1301 καὶ
2739 1249 2938 1311 πάντες
2976 1249 3026 1300 οί
3053 1248 3229 1318 τούτῳ
3267 1246 3345 1317 τῷ
3378 1249 3666 1318 γράμματι
3696 1248 3783 1299 ἐν-

2194 1342 2556 1413 τυγχάνοντες
2575 1342 2683 1396 ἀπὸ
2705 1340 2804 1412 τῆς
2819 1340 3074 1411 τοιαύτης
3092 1340 3184 1394 τοῦ
3201 1342 3449 1395 διαϐόλου
3468 1342 3783 1411 ὑποτπορᾶς

2195 1436 2291 1490 καὶ
2317 1436 2763 1507 κακομηχανίαςο
2814 1434 2909 1489 ἐάν
2942 1435 3052 1506 γὰρ
3087 1434 3306 1505 θελήσει
3341 1434 3519 1503 λέγειν
3550 1434 3617 1487 τά
3649 1433 3782 1487 ἄλλα

2195 1528 2264 1581 τά
2296 1529 2427 1598 παρ’
2451 1528 2654 1591 ταὺτοῖς
2683 1527 2952 1598 λεγόμενα
2977 1528 3072 1580 καὶ
3110 1527 3370 1598 γινόμενα
3403 1527 3504 1580 ὅσα
3531 1526 3648 1579 ἐστὶ
3670 1543 3782 1578 τοι-

2195 1619 2337 1674 αῦτα
2363 1621 2457 1674 καὶ
2476 1620 2735 1685 τοσαῦτα,
2758 1620 3071 1674 καὶτούτων
3099 1620 3177 1674 ἔτι
3202 1619 3423 1690 μείζονα
3444 1621 3537 1673 καὶ
3554 1620 3782 1679 ἐλάττω,

2197 1705 2411 1779 θελήσω
2434 1708 2491 1761 δὲ
2515 1709 2610 1763 καὶ
2630 1707 2706 1773 ώς
2728 1708 3022 1780 φάρμακον
3044 1709 3238 1772 ἰάσεως
3259 1709 3613 1781 ἀλεξητήριον
3636 1710 3785 1762 ἀντι-

2196 1800 2364 1854 δότων
2395 1800 2553 1873 δίκην
2575 1801 2711 1871 πρὸς
2732 1801 2970 1872 ἑκάστην
2991 1801 3135 1867 λέξιν
3160 1801 3474 1864 ἀντιθεῖναι,
3507 1804 3587 1867 είς
3616 1801 3783 1854 πολὺν

498 1894 570 1949 iis
598 1894 764 1949 etiam
797 1895 1028 1961 majora,
1050 1894 1135 1949 vel
1171 1894 1408 1956 minora,
1440 1892 1733 1965 complecti
1759 1892 2005 1957 voluero,
2035 1898 2092 1947 et

2192 1892 2357 1962 ὄγκον
2378 1892 2558 1947 ἐλάσω
2578 1893 2679 1964 τῆς
2713 1893 3019 1957 συντάξεως
3044 1892 3143 1963 τὴν
3170 1892 3572 1963 πραγματείαν.
3598 1892 3783 1965 Ταύτῃ

499 1984 567 2040 ad
592 1986 838 2055 singulas
867 2001 1031 2041 voces
1056 1985 1276 2041 salubre
1298 1985 1575 2056 quoddam
1602 1984 2089 2049 medicamentum,

498 2078 648 2133 velut
679 2078 987 2148 depellendi
1020 2078 1147 2131 mali
1171 2092 1341 2133 causa
1373 2082 1755 2147 comparatum
1788 2074 2091 2131 remedium

497 2167 824 2231 adhibuero,
861 2170 915 2223 in
953 2166 1277 2222 immensam
1334 2166 1533 2221 molem
1581 2172 1901 2235 susceptum
1951 2180 2093 2234 opus

496 2269 773 2319 excurret.
813 2258 949 2314 Nam
972 2268 1027 2316 et
1050 2275 1173 2324 nos,
1199 2259 1539 2322 charissimi,
1580 2257 1637 2312 in
1669 2258 1818 2311 illam
1856 2256 2093 2313 hteresin

498 2352 858 2413 incurrimus,
886 2358 939 2405 et
971 2366 1038 2405 ex
1079 2349 1316 2420 ipsomet
1340 2364 1553 2415 eorum,
1583 2349 1679 2420 qui
1708 2349 1850 2403 hanc
1874 2350 2094 2419 preprie

495 2452 552 2501 et
603 2460 672 2501 ex
707 2443 965 2499 instituto
996 2450 1257 2506 tractant,
1290 2458 1388 2497 ore
1424 2456 1489 2496 ac
1534 2442 1853 2512 magisterio
1894 2440 2095 2495 didici-

497 2551 643 2592 mus.
691 2536 775 2591 Ad
804 2535 857 2589 id
910 2550 1045 2589 vero
1085 2542 1418 2605 comparata:
1446 2534 1794 2604 deceptteque
1836 2534 2095 2593 mulieres

499 2643 609 2685 non
660 2628 839 2683 solum
876 2627 1191 2683 istiusmodi
1242 2626 1400 2681 nobis
1437 2641 1723 2682 sermones
1761 2625 2092 2695 injeceruut,

499 2720 594 2776 sed
628 2720 853 2789 insuper
881 2719 1150 2791 [Egyptiaa
1187 2720 1334 2774 illius
1366 2720 1598 2789 perditae
1627 2734 1692 2773 ac
1741 2719 2095 2788 nequissimae

2188 1984 2299 2056 γὰρ
2355 1987 2424 2056 τῇ
2474 1985 2720 2057 αἱρέσει,
2767 1985 3121 2056 ἐπιπόθητοι,
3167 1986 3263 2040 καὶ
3314 1986 3478 2050 αὐτὸς
3530 1986 3782 2056 περιέτυ-

2189 2096 2305 2149 χον.
2388 2079 2484 2133 Ἐκ
2549 2079 2819 2151 στόματος
2865 2080 2923 2133 δὲ
2974 2080 3083 2133 τῶν
3133 2080 3308 2152 ταύτῃ
3361 2078 3782 2150 ἐπιχειρούντων

2191 2169 2351 2239 φύσει
2403 2171 2544 2225 αύτά
2587 2170 3029 2242 αύτοπροσώπως
3074 2170 3367 2241 ἐνηχήθην.
3438 2170 3702 2232 Γυναῖκες
3730 2169 3784 2221 δὲ

2190 2259 2334 2314 οὕτω
2364 2262 2715 2333 ἡπατημέναι
2754 2263 2815 2315 ού
2849 2263 3005 2333 μόνον
3043 2263 3142 2333 τὴν
3187 2261 3377 2315 λαλιὰν
3407 2261 3617 2332 ταύτην
3650 2263 3783 2331 ἡμῖν

2193 2351 2534 2421 προέτειναν,
2597 2352 2693 2405 καὶ
2729 2352 2800 2405 τά
2830 2352 3058 2406 τοιαῦτα
3082 2354 3215 2423 ἡμῖν
3243 2351 3624 2421 ἀπεκάλυψαν,
3649 2350 3784 2404 ἀλλά

2193 2443 2287 2495 καὶ
2325 2441 2462 2513 μετά
2493 2441 2594 2513 τὴν
2615 2442 2918 2511 Αἰγυπτίαν
2953 2442 3169 2513 ἐκείνην
3192 2442 3292 2513 τὴν
3328 2441 3424 2494 τοῦ
3455 2442 3787 2513 ἀρχιμάγεί-

2197 2551 2292 2604 ρου
2334 2533 2435 2605 τὴν
2473 2535 2754 2605 όλετήριον
2783 2536 2878 2588 καὶ
2918 2535 3219 2606 μοχθηρὰν,
3252 2536 3347 2589 καὶ
3387 2529 3547 2589 αὗται
3586 2534 3786 2603 ἀθυρο-

2194 2624 2418 2695 γλώττῳ
2442 2626 2617 2697 τόλμῃ
2634 2626 2985 2680 κατασπάσαι
3013 2628 3162 2699 ἡμᾶς
3189 2629 3247 2681 ἐν
3272 2630 3338 2699 τῇ
3372 2627 3471 2698 νέα
3498 2626 3654 2697 ἡμῶν
3668 2624 3787 2696 ήλι-

2194 2718 2288 2788 κίᾳ
2315 2719 2628 2790 όρεχθεῐσαι
2660 2720 2999 2790 ἐπεχείρουν.

498 2810 749 2866 mulieris
772 2814 965 2874 instar,
987 2826 1108 2879 quae
1130 2825 1433 2881 coquorum
1455 2810 1880 2880 principisuxor
1907 2809 2094 2875 erat',
2136 2810 2408 2880 petulanti
2472 2824 2574 2865 nos
2643 2818 2846 2864 conatu
2886 2808 3175 2864 detrahere
3218 2817 3354 2875 tum,
3400 2825 3525 2865 cum
3574 2807 3787 2863 ﬂorenti

500 2902 681 2958 adhuc
707 2910 865 2957 aetate
890 2916 1163 2965 essemus,
1197 2916 1469 2972 aggressa:
1500 2908 1649 2956 sunt.

573 2994 776 3051 Verum
805 2995 852 3050 is
874 2994 966 3063 qui
987 2994 1339 3051 sanctissimo
1355 2993 1595 3063 Joseplio
1620 3002 1734 3048 tum
1761 2992 1962 3056 aSLitit,
1988 3007 2085 3047 no-

500 3089 588 3144 bis
622 3103 845 3159 quoque
880 3087 1077 3152 adfuit,
1112 3094 1168 3142 et
1196 3087 1339 3141 hunc
1366 3087 1568 3157 ipsum,
1601 3085 1694 3155 qui
1720 3085 1873 3139 illum
1905 3100 1970 3139 eo
2002 3099 2091 3154 pe-

2280 2983 2439 3038 Ἀλλά
2459 2984 2487 3037 ὁ
2507 2983 2629 3035 τότε
2652 3000 2716 3035 συ
2725 2983 3054 3053 μπαραστὰς
3073 2983 3150 3055 τῷ
3170 2985 3308 3056 ἁγίῳ
3324 2987 3520 3060 Ἰωσὴφ
3539 2992 3633 3045 καὶ
3657 2994 3786 3066 ἡμῖν

2195 3078 2441 3150 παρέστη
2458 3091 2471 3105 ⁸
2489 3079 2582 3130 καὶ
2593 3076 2683 3129 τὸν
2696 3078 2903 3130 ἐκεῖνον
2917 3080 3033 3131 ἐκεῖ
3046 3082 3109 3150 ῥυ
3119 3079 3352 3148 σάμενον
3362 3082 3626 3155 ἐπικεκλη
3637 3086 3787 3155 μένοι

498 3182 678 3238 riculo
709 3180 965 3237 liberavit
994 3180 1377 3251 implorantes,
1427 3179 1553 3233 licet
1591 3177 1799 3247 indigni
1841 3191 1905 3231 ac
1936 3185 2090 3230 tanto

2192 3170 2242 3223 οί
2266 3167 2476 3232 ἀνάξιοι
2494 3166 2588 3220 καὶ
2603 3167 2870 3231 ἁνίκανοι,
2894 3167 3207 3237 ἐλεηθέντες
3225 3169 3318 3222 καὶ
3336 3171 3671 3243 ἀποδράντες
3690 3175 3785 3238 τὰς

496 3273 767 3331 beneﬁcio
800 3274 1038 3344 impares
1077 3287 1346 3335 essemus,
1380 3270 1629 3340 ejusdem
1659 3269 1997 3339 benignitate
2026 3283 2091 3322 ac

2193 3262 2506 3333 όλετηρίους
2523 3260 2702 3313 αὐτῶν
2716 3263 2926 3331 χεῖρας,
2944 3260 3062 3331 Θεῷ
3079 3261 3156 3330 τῷ
3172 3280 3350 3332 παναγ
3362 3263 3424 3334 ίῳ
3441 3262 3609 3334 ὕμνον
3626 3266 3788 3337 ᾄσαν-

498 3366 879 3422 misericordia
911 3366 1256 3436 perniciosas
1296 3366 1514 3418 illarum
1552 3378 1749 3417 manus
1775 3361 2090 3432 effugimus,

500 3472 567 3512 ac
613 3457 968 3513 sanctissimo
997 3455 1109 3511 Deo
1157 3454 1577 3526 gratulatorium
1612 3466 1835 3506 carmen
1887 3448 2094 3505 cecini-

498 3565 645 3615 mus,
677 3557 736 3604 ut
781 3549 835 3604 id
867 3562 1137 3619 usurpare
1173 3547 1370 3601 merito
1413 3558 1703 3615 possemus
1732 3561 1745 3598 :
1802 3540 2090 3597 Cantemus

499 3641 756 3707 Domino,
790 3640 1020 3711 gloriose
1064 3640 1200 3694 enim
1248 3637 1622 3708 magniﬁcatus
1669 3643 1769 3701 est,
1807 3650 1996 3704 equum
2042 3642 2094 3686 et

499 3750 834 3789 ascensorem
866 3732 1052 3802 dejecit
1088 3732 1142 3785 in
1182 3747 1329 3785 mare
1361 3730 1402 3782 ².
1440 3726 1627 3798 Neque
1658 3727 1806 3781 enim
1840 3726 2095 3781 similiter

500 3833 563 3882 ut
607 3827 701 3882 ille
747 3825 1086 3897 patriarcha,
1117 3823 1170 3877 vi
1218 3822 1454 3892 quadam
1494 3820 1714 3874 virtutis
1751 3834 1817 3873 ac
1859 3817 2092 3887 justitite

497 3928 725 3987 nostrae,
762 3918 856 3975 sed
897 3917 1019 3973 fuso
1056 3918 1122 3970 ad
1164 3914 1334 3970 Deum
1368 3914 1573 3984 gemitu
1613 3912 1731 3982 ejus
1762 3925 1956 3965 sumus
1988 3910 2092 3963 mi-

497 4010 778 4066 seratione
819 4007 1044 4064 servati.
1091 4006 1228 4060 Cum
1273 4004 1438 4060 etiam
1469 4003 1600 4057 mihi
1641 4008 1826 4073 pestes
1861 4002 1966 4055 illa:
1996 4015 2093 4071 per

498 4095 797 4151 ludibrium
821 4095 1238 4165 exprobrarent,
1272 4108 1337 4147 ac
1374 4107 1561 4147 secum
1594 4091 1830 4146 invicem
1855 4090 2094 4145 illuden-

497 4194 583 4243 tes
612 4188 688 4242 ita
734 4188 1141 4257 loquerentur:
1180 4185 1340 4255 100
1389 4183 1549 4239 llunc
1564 4183 1822 4253 juvenem
1866 4197 2093 4238 servare

498 4295 608 4335 non
644 4279 950 4350 potuimus,
981 4276 1078 4333 sed
1110 4277 1167 4331 in
1212 4276 1467 4331 manibus
1512 4275 1778 4346 principis
1809 4275 1992 4346 perire
2018 4274 2094 4329 si-

496 4374 699 4428 vimus.
735 4370 872 4425 Nam
910 4386 1031 4442 quae
1078 4369 1253 4424 forma
1285 4369 1428 4424 inter
1466 4368 1590 4423 illas
1639 4368 1955 4424 liberaliore
1983 4378 2089 4434 est,

497 4466 850 4536 semetipsam
881 4466 1029 4519 velut
1066 4478 1252 4518 escam
1293 4470 1459 4532 atque
1510 4462 1827 4518 illecebram
1874 4462 2088 4531 objicit,

2193 3372 2287 3417 τες
2301 3354 2652 3424 ἠδυνήθημεν
2674 3355 2768 3406 καὶ
2788 3354 2943 3407 αὐτοὶ
2973 3352 3153 3422 λέγειν
3174 3356 3255 3417 τὸ,
3277 3358 3543 3425 ᾌσωμεν
3566 3358 3646 3423 τῷ
3666 3358 3787 3413 Κυ-

2186 3448 2300 3514 ρίῳ
2313 3462 2328 3477 ο
2342 3445 2605 3511 ἐνδόξως
2617 3446 2727 3513 γὰρ
2742 3445 3105 3509 δεδόξασται
3120 3463 3132 3475 ·
3157 3448 3346 3501 ἵππον
3365 3450 3790 3518 καὶ,ἀν;αϐάτην

2193 3539 2442 3607 mpiger
2461 3540 2549 3603 είς
2576 3538 2923 3592 θάλασσαν.
2973 3539 3047 3591 Ού
3092 3539 3202 3611 γὰρ
3232 3540 3398 3612 ὁμοίᾳ.
3433 3540 3660 3613 δυνάμει
3687 3543 3786 3613 τῆς

2193 3631 2405 3684 ἐκείνου
2449 3629 2832 3701 δικαιοσύνης,
2892 3628 3033 3682 ἀλλὰ
3070 3630 3363 3701 στεναγμῷ
3403 3631 3483 3702 τῷ
3528 3632 3667 3705 πρὸς
3708 3634 3789 3705 τῷ

2193 3724 2314 3793 Θεῷ
2332 3725 2351 3756 ³
2380 3724 2693 3796 ἐλεηθέντες
2714 3722 2892 3795 ἐσώθη
2903 3740 3020 3793 μεν.
3095 3723 3518 3795 Ὀνειδιζόμενος
3549 3727 3659 3799 γάρ
3693 3727 3787 3779 ὑπ’

2193 3816 2374 3871 αὐτῶν
2414 3816 2523 3870 τῶν
2553 3816 2851 3888 όλετηρίων
2892 3814 3187 3884 γυναικῶν,
3229 3818 3621 3890 κατεγελώμην
3652 3819 3786 3887 ἐγὼ,

2192 3906 2270 3970 ὡς
2298 3906 2593 3976 ὑπέφαινον
2616 3908 2671 3960 αἱ
2701 3906 2947 3960 τοιαῦται
2964 3906 3218 3977 ἀλλήλαις
3239 3907 3679 3963 ἐπισκώπτουσαι
3703 3909 3791 3980 δῆυ

2195 4000 2287 4054 θεν
2317 4017 2333 4035 ο
2365 4002 2448 4054 ὃτι
2472 4001 2586 4054 Οὐκ
2617 4000 2967 4070 ἠδυνήθημεν
2995 3999 3164 4054 σῶσαι
3190 4000 3283 4054 τὸν
3306 4001 3605 4067 νεανίσκον,
3652 4002 3791 4056 ἀλλὰ

2193 4089 2492 4160 ἀφήκαμεν
2530 4089 2697 4143 αὐτὸν
2719 4090 2776 4141 ἐν
2805 4090 2963 4161 χερσὶ
2993 4088 3091 4143 τοῦ
3139 4091 3399 4161 ἄρχοντος
3430 4092 3786 4147 ἀπόλλυσθαι.

2206 4183 2335 4236 Ἐπε
2344 4183 2499 4253 ιδήπε
2506 4200 2538 4254 ρ
2552 4183 2675 4251 ἥτις
2686 4181 2867 4236 αὐτῶν
2880 4182 2939 4234 εὐ
2948 4183 3258 4255 μορφοτέρα
3272 4184 3378 4253 εἴη,
3391 4183 3585 4256 δέλεαρ
3600 4183 3749 4238 ὥσπε
3760 4202 3789 4256 ρ

2194 4275 2395 4345 ἑαυτὴν
2421 4274 2763 4346 προτίθησιν,
2782 4273 2924 4327 ὥστε
2944 4275 3013 4329 δι’
3034 4274 3208 4345 αὐτῆς
3231 4277 3358 4339 τοὺς
3380 4277 3561 4347 ὴπατη
3572 4276 3787 4347 μένους,

2194 4368 2317 4420 ἀντὶ
2341 4366 2435 4419 τοῦ
2462 4366 2772 4430 ἀπολλύειν,
2811 4366 3004 4430 σώζειν
3029 4362 3408 4439 ἐπιφημίζειν.
3447 4368 3558 4421 Καὶ
3586 4369 3790 4432 ὄνειδος

2193 4458 2381 4513 λοιπὸν
2399 4459 2509 4514 τῶν
2531 4460 2794 4531 ἀμόρφων
2809 4460 3019 4527 γίνεται
3044 4460 3194 4531 παρὰ
3219 4460 3327 4514 τῶν
3346 4462 3784 4533 εὐμορφοτέρωνο

496 4566 559 4612 ut
589 4573 731 4628 quos
771 4558 826 4611 in
864 4557 1111 4612 fraudem
1146 4557 1265 4628 ipsa
1299 4555 1603 4625 pellexerit,
1646 4569 1755 4608 non
1785 4568 1882 4610 eos
1907 4554 2092 4624 proﬂi-

2195 4553 2277 4606 ὅτι
2311 4552 2473 4621 Ἐγὼ,
2499 4554 2654 4623 φησὶ,
2678 4552 2873 4617 σκεῦός
2901 4556 3017 4624 εἰμι
3039 4553 3271 4624 ἐκλογῆς
3298 4553 3566 4625 δυναμένη
3594 4554 3788 4619 σώζειν

497 4664 627 4720 gare
657 4665 722 4704 ac
765 4649 1019 4719 perdere,
1051 4648 1148 4703 sed
1192 4649 1408 4717 eripere
1449 4645 1685 4702 dicatur.
1729 4645 1885 4701 Unde
1914 4656 1968 4701 et
1994 4646 2093 4701 de-

497 4740 769 4795 formibus
794 4741 1162 4808 elegantiorcs
1190 4739 1485 4793 identidem
1513 4738 1847 4809 exprobrare
1877 4739 2091 4794 solent:

478 4830 609 4916 .Ego
651 4846 794 4897 sum,
827 4831 1112 4901 inquiunt,
1152 4846 1250 4886 vas
1284 4831 1519 4885 electum
1544 4870 1557 4894 ,
1602 4846 1728 4900 qua!
1755 4845 1945 4886 errore
1987 4831 2096 4885 cir-

493 4933 820 4978 cumventos
849 4923 1142 4978 extrahere
1178 4939 1404 4994 possum
1439 4942 1451 4976 :
1493 4922 1642 4992 quod
1673 4930 1730 4975 tu
1778 4922 1964 4978 facere
1997 4939 2095 4979 ne-

491 5014 741 5084 quivisti.
779 5013 843 5067 Et
865 5023 1025 5069 erant
1050 5028 1184 5069 sane
1213 5029 1336 5084 quae
1364 5020 1479 5067 tum
1511 5012 1598 5068 his
1620 5014 1911 5068 verborum
1936 5015 2095 5068 blan-

491 5106 757 5160 dimentis
790 5121 855 5160 ac
908 5105 1201 5161 lenociniis
1250 5106 1551 5160 utebantur
1594 5107 1845 5176 corporis
1882 5121 1992 5175 quo
2024 5106 2091 5161 ad

492 5198 833 5269 peccandum
859 5199 1228 5254 abutebantur
1254 5206 1488 5253 venusta
1505 5214 1628 5253 cum
1648 5198 1842 5269 primis
1868 5199 2089 5269 specie;

492 5290 589 5346 sed
622 5292 809 5346 animo
840 5308 1001 5363 quem
1037 5293 1479 5347 consceleratum
1508 5291 1773 5362 gerebant
1811 5294 1960 5346 omni
1984 5293 2093 5347 dte-

492 5384 674 5439 monis
710 5384 1057 5455 turpitudine
1090 5384 1431 5440 deformataa.
1470 5383 1577 5439 Sed
1609 5383 1923 5440 misericors
1947 5384 2091 5441 Deus

492 5474 561 5527 ab
596 5476 813 5531 illarum
854 5477 1204 5548 improbitate
1240 5492 1341 5532 nos
1388 5477 1615 5547 eripuit,
1657 5477 1794 5532 adeo
1827 5484 1887 5531 ut
1935 5487 2089 5547 post-

493 5584 657 5641 quam
710 5570 940 5625 istorum
992 5570 1165 5625 libros
1204 5570 1571 5640 perlegimus,
1622 5578 1676 5624 et
1726 5570 1792 5623 ad
1838 5570 2087 5625 veritatis

492 5665 858 5735 cognitionem
915 5664 1159 5719 animum
1198 5663 1524 5734 adjecimus,
1571 5678 1673 5717 nec
1721 5661 1967 5727 abducti,
2001 5662 2086 5715 vel

573 5835 587 5849 ’
623 5818 757 5877 Gen.
793 5835 984 5887 χχχιχ,
1034 5819 1060 5875 7
1094 5836 1218 5890 sqq.
1280 5822 1319 5889 f
1359 5819 1527 5876 Exod.
1553 5834 1644 5887 xv,
1680 5818 1728 5874 l.

2190 4645 2319 4708 τοὺς
2346 4645 2762 4715 ἀπατωμένους,
2794 4644 2857 4697 σὺ
2885 4646 2942 4698 δὲ
2972 4646 3073 4698 οὐκ
3098 4645 3343 4716 ἴσχυσας.
3361 4641 3542 4698 Ἦσαν
3568 4647 3666 4716 μὲν
3694 4645 3787 4701 οὖν

2193 4737 2250 4789 αἱ
2266 4735 2358 4789 τὸν
2374 4735 2661 4807 ἀγώγιμον
2686 4736 2855 4807 μῦθον
2877 4736 3065 4791 τοῦτον
3088 4737 3471 4807 ύφηγούμεναι
3502 4741 3568 4809 τῇ
3602 4743 3784 4811 μορφῇ

2190 4829 2290 4898 τῆς
2323 4829 2506 4881 αὐτῶν
2538 4828 2803 4891 πτώσεως
2841 4830 3362 4901 εύπροσωπόταται·
3395 4829 3474 4900 τῷ
3492 4830 3548 4883 δὲ
3585 4830 3661 4900 νῷ
3686 4832 3786 4900 τῆς

2193 4922 2371 4974 αὐτῶν
2408 4920 2710 4993 μοχθηρίας
2746 4922 2846 4992 τὴν
2888 4924 3068 4974 πᾶσαν
3101 4921 3196 4975 τοῦ
3228 4921 3477 4975 διαϐόλου
3509 4923 3787 4993 ἀμορφίαν

2192 5012 2551 5083 κεκτημέναι.
2614 5012 2775 5065 Ἀλλά
2818 5015 2846 5066 ὁ
2887 5013 3137 5084 ἐλεήμων
3170 5013 3304 5078 Θεὸς
3346 5016 3443 5085 τῆς
3482 5015 3786 5086 μοχθηρίας

2192 5104 2372 5159 αὐτῶν
2396 5106 2544 5175 ἡμᾶς
2568 5106 2860 5177 ἐρῤύσατο,
2880 5106 3021 5160 ὥστε
3056 5108 3193 5177 μετὰ
3218 5108 3279 5161 τὸ
3304 5108 3613 5175 ἀναγνῶναι
3636 5110 3783 5178 ἡμᾶς

2191 5196 2371 5249 αὐτῶν
2403 5198 2502 5261 τὰς
2541 5197 2778 5267 βίϐλους,
2813 5199 2910 5252 καὶ
2959 5200 3250 5269 ἐπιστῆσαι
3279 5199 3371 5252 τὸν
3402 5198 3527 5252 νοῦν
3552 5202 3616 5269 τῇ
3648 5198 3782 5267 ἀλη-

2191 5290 2331 5362 θείᾳ,
2372 5291 2467 5343 καὶ
2518 5290 2591 5361 μὴ
2638 5292 3075 5362 ωναπαχθῆναι,
3116 5293 3427 5364 ἐισιντοδρὲισαί¹
3457 5311 3517 5346 τε
3571 5294 3665 5346 καὶ
3706 5294 3779 5364 μὴ

2188 5382 2563 5452 δελεασθῆναι,
2587 5382 2650 5434 τὸ
2667 5382 2969 5452 τηνικαῦτα
2984 5385 3400 5455 ἐσπουδάσαμεν
3418 5385 3512 5438 καὶ
3531 5388 3642 5447 τοῖς
3662 5386 3781 5436 ἐπι-

2188 5476 2416 5539 σκόποις
2437 5478 2549 5539 τοῖς
2572 5477 2628 5529 ὲν
2653 5477 2731 5546 τῷ
2752 5478 2903 5549 τόπῳ
2923 5479 3117 5548 ἐκείνῳ
3138 5479 3336 5539 αὐτοὺς
3361 5477 3659 5542 ὑποδεῖξαι,
3686 5478 3781 5530 καὶ

2186 5568 2254 5623 τὰ
2270 5568 2511 5639 ὀνόματα
2529 5572 2585 5622 ἐν
2601 5572 2666 5639 τῇ
2698 5571 2996 5640 Ἐκκλησία
3018 5571 3377 5641 κεκρυμμένα
3395 5573 3667 5641 φωρᾶσαι,
3687 5571 3782 5623 καὶ

2184 5660 2314 5725 τοὺς
2359 5662 2557 5725 αὐτοὺς
2604 5662 2943 5733 ἀπελαθῆναι
2970 5665 3071 5733 τῆς
3111 5664 3341 5727 πόλεως,
3380 5664 3620 5732 ὀνόματα
3653 5662 3780 5733 περί

1812 5818 1832 5851 ³
1862 5815 1924 5874 F.
1956 5816 2047 5871 τόν
2073 5816 2206 5870 Θεόν
