4170 6372
400 349 496 403 3M

1541 461 1566 474 η

1054 346 1422 402 ADVEIISUS
1461 347 1805 402 ILIERESES
1839 348 1970 404 LIB.
2009 349 2050 402 l.
2092 347 2257 404 TOM.
2301 346 2455 400 II.-—-
2495 344 2770 400 ιιΑεῐιΕε.
2812 344 3002 399 XXVI.

3549 345 3658 400 562

400 481 500 516 που
526 461 872 532 ὀγδοήκοντα,
897 462 992 514 καὶ
1011 461 1108 532 τὴν
1131 463 1284 514 πόλιν
1309 461 1408 532 τῆς
1428 461 1607 516 αὐτῶν
1630 461 1974 526 ζιζανιώδους

2078 478 2265 518 eorum
2291 461 2566 518 illecebris
2586 462 2726 530 capti
2750 475 2959 522 sumus,
2981 459 3076 514 sed
3105 457 3392 529 eﬂ'ugimus
3413 457 3652 519 tandem.

401 553 532 622 ὕλης
556 551 651 606 καὶ
680 551 1020 618 ἀκανθώδους
1042 554 1398 626 καθαρθῆναι.

2081 571 2209 609 mox
2245 553 2311 608 ad
2357 554 2667 623 episcopos,
2699 555 2792 621 qui
2841 552 2896 605 in
2927 553 3020 604 illo
3067 552 3187 604 loco
3227 559 3406 614 erant,
3443 549 3658 606 deferre

399 645 797 709 studuerimus,
831 651 886 698 et
913 659 1100 699 eorum
1141 645 1408 702 hactenus
1437 647 1619 717 ignota
1654 651 1874 703 nomina
1917 649 1970 702 in
2014 645 2258 701 Ecclesia
2280 646 2557 715 detegere.
2587 645 2663 698 Ex
2712 659 2820 712 quo
2864 643 3067 698 factum
3110 650 3215 706 est,
3260 651 3319 697 ut
3381 641 3658 712 octoginta

401 735 514 789 fere
539 735 717 804 capita
746 736 970 791 exulare
996 737 1151 806 jussa
1182 736 1250 791 ab
1277 738 1403 791 lolio
1430 739 1710 808 spinisque
1737 741 1854 794 suis
1891 745 2236 809 repurgatam
2268 737 2458 791 urbem
2493 736 2836 805 reliquerint.

471 829 577 880 ι-Ηο.
601 828 992 900 Μνημονεύσας
1013 829 1070 882 δέ
1090 847 1173 892 τις
1187 829 1286 898 τῆς
1303 830 1414 882 ἄνω
1429 833 1460 900 ἡ
1471 829 1585 900 μῶν
1602 831 1971 902 ὑποσχέσεως,

397 921 538 989 τάχα
568 920 662 972 καὶ
694 921 1051 984 ἐπαινέσειεν,
1078 921 1153 983 ὡς
1181 921 1338 992 ήμῶν
1372 923 1867 992 προαγγειλάντων,
1892 925 1976 977 ὅτι

398 1011 538 1061 τισὶν
564 1009 743 1063 αὐτῶν
772 1010 1168 1080 παρετύχομεν,
1197 1011 1319 1066 τινὰ
1336 1012 1391 1065 δέ
1417 1013 1504 1066 διὰ
1531 1015 1974 1085 συγγραμμάτων

399 1099 740 1168 ἐγνώκαμεν,
768 1101 890 1154 τινὰ
919 1101 974 1153 δὲ
1004 1101 1072 1153 δι’
1107 1101 1417 1173 ἐνηχήσεών
1445 1120 1504 1155 τε
1531 1104 1623 1156 καὶ
1664 1105 1976 1175 μαρτυρίων

399 1191 728 1255 ἀξιοπίστων
782 1193 1014 1263 ἀνδρῶν,
1053 1195 1362 1265 δυναμένων
1405 1197 1536 1266 ἡμῖν
1578 1196 1675 1267 τὴν
1723 1197 1976 1267 ἀλήθειαν

397 1282 808 1337 ὑποδεικνύναι·
859 1285 933 1346 ὡς
966 1287 1059 1338 καὶ
1088 1285 1322 1339 ἐνταῦθα
1351 1286 1661 1358 φιλαλήθως
1687 1289 1786 1358 οὐχ
1809 1291 1976 1358 ὑπερ-

397 1374 712 1446 ϐεὸήκαμεν
732 1376 825 1430 τὸν
856 1377 1041 1441 τόπον,
1077 1378 1215 1431 ἀλλά
1245 1378 1552 1449 ἐδείξαμεν,
1583 1381 1658 1443 ὼς
1693 1383 1792 1450 μία
1827 1384 1977 1435 ἐστὶν

395 1467 536 1538 αὕτη
575 1468 683 1520 τῶν
718 1471 850 1540 ἡμῖν
878 1471 1286 1540 περιτυχουσῶν
1317 1471 1598 1542 αἱρέσεων.
1649 1474 1755 1527 Καὶ
1789 1474 1976 1542 σαφῶς

399 1560 528 1630 περὶ
552 1560 755 1631 ταύτης
790 1561 1136 1632 ἠδυνήθημεν
1164 1563 1362 1632 λέγειν,
1399 1563 1457 1628 ἑξ
1491 1560 1585 1628 ὧν,
1623 1568 1696 1638 μὴ
1727 1568 1934 1636 γένοιτο
1960 1571 1972 1622 !

397 1651 458 1702 ού
493 1650 818 1722 πράξαντες,
856 1652 992 1705 ἀλλὰ
1014 1653 1392 1724 μεμαθηκότες
1419 1657 1666 1735 ἀκριϐῶς
1694 1659 1846 1731 παρά
1869 1661 1976 1714 τῶν

395 1746 546 1812 ἡμᾶς
587 1745 666 1806 εἰς
706 1743 862 1796 τοῦτο
898 1746 1209 1810 πειθόντων,
1249 1750 1344 1802 καὶ
1397 1749 1470 1820 μὴ
1506 1754 1970 1822 κατισχυσάντων,

2146 827 2333 882 XVIII.
2369 828 2734 894 Quamobrem
2788 827 2834 883 si
2861 826 2985 897 quis
3023 812 3170 896 quod
3214 825 3371 879 initio
3427 821 3655 894 polliciti

2076 935 2265 975 sumus
2285 921 2544 975 memoria
2559 927 2790 988 repetat,
2819 918 3053 974 fortasse
3079 917 3386 973 institutum
3405 922 3651 969 nostrum

2077 1013 2420 1082 approbabit,
2470 1012 2618 1080 quod
2651 1012 2726 1066 ita
2772 1011 2980 1081 praefati
3015 1026 3228 1074 sumus,
3271 1024 3392 1079 quae
3432 1007 3499 1061 ad
3535 1007 3654 1062 illas

2078 1114 2258 1158 sectas
2289 1103 2524 1158 attinent
2557 1117 2660 1157 nos
2685 1103 2885 1173 partim
2923 1117 3025 1157 usu
3050 1117 3114 1156 ac
3135 1099 3533 1158 consuetudine
3567 1098 3654 1153 di-

2077 1194 2301 1258 dicisse,
2349 1195 2549 1265 partim
2591 1210 2658 1250 ex
2705 1194 3058 1248 monimentis
3099 1193 3402 1262 accepisse,
3455 1190 3656 1260 partim

2079 1288 2183 1342 fide
2213 1287 2500 1357 dignorum
2529 1287 2830 1349 hominum,
2865 1287 2959 1356 qui
2991 1286 3067 1339 rei
3106 1284 3390 1338 veritatem
3414 1281 3656 1336 indicare

2078 1385 2324 1448 possent,
2354 1378 2669 1433 narratione
2701 1393 2765 1432 ac
2791 1377 3108 1432 testimonio
3139 1376 3307 1431 fuisse
3338 1374 3652 1445 perdoctos.

2079 1471 2268 1540 Itaque
2298 1485 2399 1540 pro
2419 1487 2485 1526 eo
2515 1469 2660 1540 quod
2687 1485 2798 1540 prae
2823 1469 2981 1523 nobis
3015 1467 3240 1523 ferimus
3266 1467 3510 1522 veritatis
3538 1476 3656 1521 stu-

2079 1564 2171 1617 dio
2208 1565 2620 1635 praetermittere
2641 1564 2790 1618 hunc
2812 1563 2990 1617 locum
3015 1561 3323 1628 noluimus;
3359 1560 3454 1615 sed
3475 1569 3657 1616 osten-

2078 1655 2260 1709 dimus
2299 1670 2463 1709 unam
2513 1655 2660 1709 illam
2694 1669 2761 1710 ex
2817 1654 2886 1710 iis
2911 1653 3208 1708 haeresibus
3240 1668 3381 1717 esse,
3421 1665 3653 1721 quarum

2080 1764 2241 1802 usum
2274 1749 2590 1808 habuimus,
2625 1747 2694 1803 de
2725 1763 2833 1818 qua
2863 1749 2996 1803 certi
3033 1746 3411 1816 exploratique
3447 1741 3655 1816 aliquid

396 1835 535 1887 ἀλλά
562 1835 658 1905 τὴν
687 1836 893 1889 ἑαυτῶν
925 1837 1111 1891 ἐλπίδα
1137 1840 1236 1910 τῆς
1261 1842 1341 1903 είς
1366 1843 1513 1911 ἡμᾶς
1544 1844 1817 1907 ἀπωλείας
1839 1847 1973 1898 ἀπο-

2078 1834 2267 1889 alferre
2291 1850 2578 1905 possemus
2604 1857 2614 1890 :
2640 1851 2749 1890 non
2777 1851 2843 1891 ex
2866 1850 2932 1890 eo
2962 1835 3105 1904 quod
3130 1834 3464 1905 gesserimus
3493 1833 3597 1903 ipsi
3630 1849 3646 1888 :

310 1968 315 1972 .
395 1922 688 1989 λεσάντων,
733 1926 826 1977 καὶ
869 1926 944 1995 μὴ
984 1928 1348 1998 ἐπιτυχόντων
1385 1930 1478 1984 τοῦ
1530 1932 1734 1985 σκοποῦ
1771 1933 1866 2002 τῆς
1894 1936 1974 1998 εἰς

395 2016 496 2088 τὴν
519 2015 777 2068 τάλαιναν
811 2016 967 2088 ἡμῶν
998 2017 1176 2090 ψυχὴν
1197 2023 1652 2094 ἐπιχειρουμένης
1674 2024 1764 2076 ὑπ’
1796 2025 1975 2077 αὐτῶν

395 2123 457 2158 τε
487 2109 582 2160 καὶ
613 2107 708 2160 τοῦ
731 2111 788 2161 ἐν
811 2109 994 2172 αὐτοῖς
1026 2111 1273 2164 διαϐόλου
1309 2114 1598 2185 ωσκευῆς.
1630 2107 1822 2178 ὡς’κού⁷
1852 2133 1976 2168 συν-

395 2195 511 2266 ῳδὰ
538 2199 570 2267 ή
581 2198 695 2266 μαῖς’
709 2196 888 2264 λέγειν
920 2197 997 2269 τῷ
1019 2199 1306 2269 ἁγιωτάτῳ
1323 2200 1607 2264 Δαϐὶδ,ὅτι
1629 2218 1642 2232 ·
1674 2201 1832 2270 Βέλη
1865 2220 1974 2268 rn-

394 2290 550 2342 πίων
579 2290 960 2360 ἐγενήθησαν
984 2294 1043 2344 αἱ
1074 2291 1297 2361 πληγαὶ
1329 2291 1548 2357 αὐτῶν,
1581 2295 1676 2347 καὶ
1718 2292 1788 2347 τὰ
1813 2294 1938 2364 ἑξῆς
1958 2313 1972 2326 ·

396 2381 490 2431 καὶ
525 2380 628 2431 ὅτι’
668 2379 1051 2448 Ἐπιστρέψει
1081 2384 1114 2434 ὁ
1140 2382 1326 2446 πόνος
1349 2381 1548 2436 αὐτῶν
1584 2387 1672 2450 εἰς
1699 2384 1977 2453 κεφαλὴν

394 2469 612 2533 αὐτῶν,
651 2471 750 2525 καὶ
798 2472 836 2538 ἠ
874 2473 1074 2526 ἀδικία
1107 2472 1307 2526 αὐτῶν
1339 2475 1438 2528 ἐπὶ
1471 2476 1744 2545 κορυφὴν·
1780 2477 1976 2532 αὐτῶν

397 2561 814 2628 καταϐήσεται.
857 2563 941 2626 Ὠς
960 2560 1052 2616 οὖν
1076 2565 1478 2635 περιτυχόντες,
1505 2567 1599 2619 καὶ
1621 2567 1974 2638 ἀποδράντες,

396 2654 491 2706 καὶ
517 2653 860 2721 ἀναγνόντες,
897 2655 990 2706 καὶ
1027 2654 1265 2722 γνόντες,
1317 2656 1410 2708 καὶ
1444 2658 1826 2726 καταγνόντες,
1868 2677 1974 2712 σω-

396 2735 578 2799 θέντες
613 2737 670 2789 δὲ
695 2737 1172 2808 ὑπερϐεὸήκαμεν,
1211 2737 1354 2791 οὕτω
1388 2741 1481 2792 καὶ
1509 2742 1567 2793 σὲ
1595 2741 1686 2794 τὸν
1711 2742 1977 2812 ἀναγινώ-

396 2843 596 2880 σκοντα
637 2829 1092 2900 παρακαλοῦμεν,
1144 2831 1448 2898 ἀναγνόντα
1493 2833 1586 2884 καὶ
1636 2836 1975 2900 καταγνόντα

393 2915 488 2968 τοῦ
509 2919 522 2946 ¹
546 2908 876 2988 ύπερϐἦναι,
905 2921 984 2982 εἰς
1005 2922 1065 2972 τὸ
1093 2918 1168 2989 μὴ
1192 2921 1450 2990 ἐμπεσεῖν
1475 2921 1532 2973 ἐν
1553 2921 1631 2991 τῷ
1661 2921 1724 2992 ἰῷ
1749 2923 1848 2993 τῆς
1867 2923 1974 2978 τῶν

394 3006 638 3076 ἑρπετῶν
676 3007 881 3061 τούτων
929 3008 1251 3080 μοχθηρίας.
1313 3010 1450 3063 Ἀλλ’
1479 3013 1526 3064 εί
1549 3012 1642 3064 καί
1671 3030 1800 3066 ποτε
1826 3031 1976 3084 περι-

393 3101 579 3170 τύχοις
622 3102 734 3153 τισὶ
773 3100 880 3154 τῶν
922 3102 1030 3154 ἀπὸ
1074 3103 1172 3172 τῆς
1212 3102 1477 3170 όφιὼδους
1499 3103 1704 3174 ταύτης
1756 3105 1972 3176 σχολῆς,

2081 1931 2291 1978 avertat
2313 1925 2416 1979 hoc
2441 1939 2472 1977 a
2495 1924 2654 1979 nobis
2676 1923 2820 1979 Dens
2847 1926 2859 1977 ι
2896 1923 2989 1979 sed
3020 1939 3086 1978 ex
3116 1938 3181 1978 eo
3202 1923 3346 1992 quod
3377 1923 3444 1976 ab
3473 1922 3540 1978 iis
3565 1936 3659 1978 ac-

2081 2025 2273 2069 curate
2303 2015 2621 2078 didicimus,
2662 2017 2756 2084 qui
2789 2016 2934 2069 illam
2970 2014 3132 2070 nobis
3171 2014 3502 2083 persuadere
3535 2013 3654 2068 fru—

2048 2143 2052 2147 -
2082 2113 2193 2160 stra
2217 2107 2528 2161 voluerunt.
2560 2116 2615 2160 et
2647 2116 2965 2174 conceptam
3003 2105 3071 2160 de
3097 2117 3286 2161 nostro
3309 2106 3477 2161 exitio
3503 2122 3654 2176 spem

2081 2198 2302 2270 penitus
2325 2197 2671 2267 abjecerunt:
2713 2213 2838 2251 cum
2873 2197 3084 2251 insidiae
3108 2211 3300 2251 omnes
3327 2211 3390 2251 ac
3412 2196 3654 2260 fraudes,

2081 2306 2219 2358 quas
2245 2289 2312 2343 ad
2338 2289 2576 2343 infelicis
2609 2289 2805 2343 anima:
2837 2295 3039 2344 nostrae
3063 2289 3358 2358 perniciem
3392 2299 3500 2343 tam
3529 2289 3654 2359 ipsi,

2081 2401 2242 2454 quam
2264 2384 2356 2454 qui
2386 2384 2441 2437 in
2470 2383 2580 2437 illis
2621 2383 2761 2437 inest
2789 2382 3040 2436 diabolus
3071 2382 3370 2436 machinati
3417 2381 3656 2446 fuerant,

2082 2475 2255 2528 irritae
2293 2482 2457 2543 atque
2505 2473 2698 2527 inanes
2743 2473 3107 2532 exstitissent,
3146 2479 3207 2523 ut
3242 2470 3348 2524 hoc
3385 2485 3417 2523 a
3457 2469 3659 2524 Davide

2081 2564 2286 2619 dictum
2319 2561 2888 2616 accommodatissime
2914 2575 3183 2630 usurpare
3210 2561 3483 2629 possimus
3511 2577 3524 2612 :
3554 2559 3649 2614 Sa-

2080 2658 2224 2726 gittm
2241 2655 2578 2725 parvulorum
2603 2653 2759 2722 facta?
2781 2662 2902 2707 sunt
2927 2653 3097 2722 plaga:
3111 2668 3301 2706 “eorum
3319 2653 3363 2715 ³,
3384 2660 3493 2707 etc.
3518 2649 3658 2705 Tum

2082 2748 2256 2803 illud:
2311 2745 2650 2800 Com-artetur
2701 2743 2851 2796 labor
2891 2759 3073 2797 eorum
3106 2743 3163 2796 in
3200 2752 3358 2812 caput
3402 2744 3658 2810 ipsorum,

2086 2842 2238 2910 101
2273 2849 2322 2893 et
2354 2839 2609 2908 iniquitas
2637 2853 2817 2890 eorum
2847 2837 2901 2890 in
2925 2837 3164 2890 verticem
3193 2837 3424 2903 ipsorum
3450 2833 3661 2890 desten-

2080 2931 2171 2985 det
2193 2930 2235 2982 δ.
2266 2928 2436 2999 Igitur
2457 2926 2917 2997 quemadmodum
2945 2928 3026 2981 sic
3055 2942 3155 2981 nos
3183 2927 3236 2980 in
3266 2927 3484 2980 illorum
3505 2940 3660 2980 erro—

2083 3032 2194 3071 rem
2224 3016 2581 3078 incurrimus,
2617 3025 2676 3069 ut
2696 3015 2846 3069 illius
2877 3030 3076 3069 noxam
3099 3013 3487 3084 effugeremns,
3512 3030 3661 3069 eum-

2081 3122 2189 3176 que
2224 3106 2555 3174 simulatque
2578 3105 2807 3175 legimus
2837 3119 2903 3158 ac
2931 3104 3289 3174 cognovimus
3312 3102 3656 3166 datunantes,

395 3193 558 3256 εὐθὺς
584 3194 645 3245 τὸ
675 3193 830 3259 ξύλον
851 3192 1134 3246 ἀναλαϐὼν
1155 3195 1214 3246 τὸ
1233 3193 1320 3246 διὰ
1335 3193 1429 3247 τοῦ
1462 3195 1666 3264 Κυρίου
1684 3197 1815 3266 ἡμῖν
1836 3197 1974 3248 ἑτοι-

2078 3200 2217 3255 salvi
2255 3207 2419 3268 atque
2465 3198 2769 3252 incolumes
2813 3196 3186 3267 praetergressi
3227 3210 3450 3261 sumus;
3499 3195 3576 3250 ita
3605 3202 3660 3250 te

398 3285 622 3355 μασθέν,
648 3286 706 3336 ἐν
725 3278 768 3352 ᾧ
787 3286 815 3336 ὁ
832 3285 1034 3356 Κύριος
1050 3284 1206 3355 ἡμῶν
1227 3285 1548 3356 προσεπάγη
1568 3287 1818 3357 Χριστὸς,
1833 3287 1974 3340 κατὰ

393 3376 496 3445 τῆς
524 3376 764 3446 κεφαλῆς
785 3375 878 3428 τοῦ
909 3377 1105 3444 ὄφεως,
1128 3375 1290 3439 εὐθὺς
1316 3375 1497 3429 λαόὼν
1517 3378 1712 3440 εἴποις,
1743 3379 1822 3430 ὅτι
1849 3380 1975 3449 Χρι-

398 3469 520 3530 στὸς
547 3467 886 3538 ἐσταύρωται
913 3468 1052 3538 ὑπὲρ
1081 3468 1258 3538 ἡμῶν,
1295 3469 1658 3539 ὑπογραμμὸν
1692 3471 1824 3540 ἡμῖν
1847 3470 1975 3523 ὑπο-

395 3560 680 3630 λιμπάνων
717 3561 1013 3631 σωτηρίας,
1056 3561 1138 3612 ὅτι
1180 3561 1281 3612 οὐκ
1323 3560 1391 3613 ἂν
1424 3561 1773 3631 ἐπεκυροῦτο,
1824 3563 1873 3614 εί
1898 3562 1973 3634 μὴ

396 3653 576 3724 σάρκα
604 3649 739 3722 εἶχε.
778 3653 961 3721 Σάρκα
989 3652 1047 3705 δέ
1078 3651 1236 3722 ἔχων,
1270 3653 1366 3706 καὶ
1400 3653 1755 3725 σταυρωθεὶς,
1779 3654 1975 3707 ἐσταύ-

395 3762 570 3815 ρωσεν
599 3745 756 3816 ἡμῶν
792 3745 890 3808 τὰς
925 3744 1221 3816 ἁμαρτίας.
1271 3744 1461 3797 Πίστει
1488 3744 1681 3816 ἔχομαι
1709 3746 1810 3814 τῆς
1839 3746 1974 3817 ἀλη-

396 3839 565 3901 υείας,
591 3839 686 3891 καὶ
704 3839 802 3909 οὐχ
824 3839 1103 3908 ὑπάγομαι
1123 3838 1300 3908 πλάνῃ
1326 3840 1393 3908 τῇ
1417 3835 1752 3908 νωθεία¹τοῦ
1777 3839 1972 3908 ὄφεως,

395 3931 489 3982 καὶ
521 3929 988 4002 παραψιθυρισμῷ
1011 3929 1112 3999 τῆς
1137 3928 1302 3981 αὑτοῦ
1323 3929 1688 3992 διδασκαλίας.

2081 3290 2334 3359 quisquis
2370 3304 2430 3343 es
2463 3289 2555 3357 qui
2585 3289 2689 3342 ista
2723 3288 2858 3358 legis
2904 3287 3210 3351 hortamur,
3254 3294 3313 3339 ut
3347 3287 3484 3341 lecta
3515 3286 3661 3355 pari-

2079 3390 2164 3436 ter
2189 3398 2252 3437 ac
2273 3381 2529 3436 damnata
2555 3381 2857 3445 transilias,
2875 3396 2943 3434 ne
2965 3382 3019 3434 in
3048 3386 3363 3449 serpentum
3387 3377 3658 3448 ejusmodi

2072 3477 2229 3530 velut
2267 3474 2638 3546 improbitatis
2684 3473 2958 3543 quoddam
3014 3473 3166 3526 virus
3210 3470 3442 3526 incidas.
3493 3470 3573 3524 Ac
3610 3470 3660 3524 si

2079 3570 2300 3636 quando
2323 3565 2554 3621 forsitan
2579 3581 2643 3620 ex
2668 3566 2771 3619 hac
2795 3571 3111 3635 serpentum
3142 3563 3327 3618 schola
3346 3561 3658 3632 quempiam

2081 3657 2397 3720 offenderis,
2457 3658 2639 3712 subito
2669 3657 2874 3727 lignum
2925 3654 3058 3708 illud
3089 3653 3236 3724 quod
3283 3653 3440 3707 nobis
3485 3666 3516 3704 a
3553 3649 3660 3705 Do-

2083 3751 2232 3804 mino
2263 3757 2642 3821 comparatum
2691 3757 2798 3809 est,
2827 3755 2883 3802 et
2923 3748 2980 3801 in
3019 3762 3130 3816 quo
3166 3746 3421 3800 Christus
3467 3743 3659 3799 aliixus

2082 3851 2190 3905 est,
2233 3849 2427 3898 contra
2459 3842 2733 3911 serpentis
2765 3849 2932 3910 caput
2963 3838 3259 3908 arripiens,
3287 3839 3361 3891 ita
3391 3837 3656 3906 loquere:

2083 3936 2338 3992 Christus
2377 3943 2570 3991 nostra
2613 3944 2700 3989 est
2726 3934 2782 3988 in
2829 3947 2995 3987 cruce
3043 3945 3211 3985 causa
3255 3941 3580 3999 suspensus,
3605 3933 3661 3982 et

395 4031 626 4083 formam
706 4041 908 4084 nostra:
953 4029 1148 4084 salutis
1200 4043 1520 4099 expressam
1572 4043 1636 4082 ac
1681 4028 2011 4083 delineatam
2087 4033 2334 4102 reliquit.
2388 4031 2545 4098 Quod
2595 4029 2702 4085 nisi
2752 4043 2975 4083 carnem
3024 4026 3323 4090 habuisset,
3377 4036 3657 4091 nunquam

392 4131 538 4177 esset
586 4121 832 4176 sufﬁxus.
862 4119 939 4173 Eo
966 4135 1095 4174 vero
1124 4120 1270 4188 quod
1303 4135 1470 4173 carne
1516 4120 1781 4188 przeditus
1806 4128 1861 4173 et
1905 4122 2106 4177 afﬁxus
2131 4131 2215 4178 cst
2249 4123 2423 4186 cruci,
2492 4129 2681 4175 nostra
2749 4117 2912 4173 simul
2952 4123 3174 4186 peccata
3223 4112 3430 4168 defixit.
3494 4109 3659 4180 Equi-

393 4215 516 4269 dem
551 4215 768 4269 veritati
803 4230 900 4286 per
930 4214 1090 4269 ﬁdem
1119 4215 1375 4278 inhaereo,
1432 4230 1533 4270 nec
1561 4216 1864 4270 tardissimi
1935 4221 2206 4288 serpentis
2257 4233 2446 4274 errore
2509 4216 2596 4271 vel
2647 4215 2770 4283 ejus
2817 4212 3083 4267 doctrinae
3126 4209 3305 4266 sibilis
3335 4205 3530 4263 abduci
3572 4218 3660 4259 me

433 4305 592 4360 atior.

433 4321 592 4360 attor.

377 4321 429 4422 Ρ
466 4398 564 4451 19'.
607 4397 805 4450 Λοιπὸν
846 4403 1048 4467 ταύτην
1081 4396 1388 4467 παρελθὼν,
1424 4397 1730 4467 ἀγαπητοὶ,
1775 4397 1972 4467 ἑφεξῆς

2149 4393 2292 4448 XIX.
2331 4392 2435 4448 Sed
2453 4407 2603 4447 nunc
2619 4391 2810 4445 hazresi
2840 4390 2930 4443 illa
2957 4389 3348 4460 praetermissa,
3373 4388 3656 4458 deinceps,

396 4488 686 4559 βαδιοῦμαι
721 4489 816 4542 ἐπὶ
867 4489 962 4551 τάς
996 4489 1159 4551 ἄλλας
1189 4489 1449 4560 τραχείας
1482 4490 1723 4560 τρίϐους,
1757 4489 1854 4560 οὐχ
1893 4489 1974 4543 ἵνα

2085 4483 2430 4544 charissimi,
2472 4483 2539 4536 ad
2589 4489 2890 4550 praeruptas
2921 4481 3056 4533 alias
3085 4480 3204 4533 vias
3243 4494 3307 4532 ac
3346 4480 3658 4535 salebrosas

395 4578 624 4648 βαδίσω,
663 4579 780 4631 ἀλλ’
818 4579 904 4631 ἵνα
937 4581 1045 4634 ἀπο
1078 4580 1313 4650 μήκοθεν
1348 4581 1614 4646 ὑποδείξω
1637 4584 1749 4643 τοῖς
1795 4580 1978 4650 βουλος

398 4671 579 4740 μένοις
619 4671 688 4723 τά
716 4671 1024 4743 τραχύτερα
1063 4673 1160 4743 μὲν
1196 4672 1608 4740 ἐπιγινώσκειν,
1653 4673 1877 4742 φεύγειν
1921 4673 1978 4726 δὲ

393 4763 482 4815 διὰ
509 4763 611 4832 τῆς
641 4765 834 4834 στενῆς
877 4765 971 4817 καὶ
1014 4765 1381 4835 τεθλιμμένης
1413 4765 1534 4819 ὁδοῦ
1575 4766 1674 4836 τῆς
1706 4766 1976 4837 φερούσης

392 4855 474 4915 εἰς
504 4854 649 4926 ζωὴν
689 4853 904 4909 αἰώνιον
927 4873 940 4886 ·
973 4857 1066 4909 καὶ
1109 4857 1544 4926 καταλιμπάνειν
1564 4857 1663 4928 τὴν
1698 4857 1978 4919 πλατεῖαν,

392 4945 489 4997 καὶ
519 4946 831 5017 εὐρύχωρον
850 4987 864 5007 ,
911 4948 1004 5000 καὶ
1043 4945 1328 5018 ἀκανθώδη
1351 4987 1364 5010 ,
1410 4949 1505 5000 καὶ
1535 4947 1979 5019 προσκομμάτων

392 5034 648 5104 ἔμπλεων
678 5035 794 5088 ὁδὸν
819 5036 1263 5108 βορϐορώδη,κα“ι
1289 5035 1575 5104 ἀσελγείας
1602 5037 1696 5089 καὶ
1721 5037 1980 5106 πορνείας

391 5127 882 5197 ἐμπεπλησμένην.
938 5121 1045 5189 τΗς
1105 5129 1362 5199 πορνείας
1411 5129 1504 5181 καὶ
1565 5127 1849 5196 ἀσελγείας
1917 5125 1976 5178 τὸ

391 5219 576 5288 ὅμοιον
604 5219 751 5271 ἐστιν
777 5220 903 5273 ἰδεῖν
932 5222 991 5272 ἑν
1017 5221 1094 5291 τῷ
1118 5219 1334 5291 ἑρπετῷ
1357 5219 1436 5290 τῷ
1471 5221 1780 5290 δεινοτάτῳ.
1875 5222 1975 5272 ἐπ’

392 5310 575 5361 έθεντο
606 5308 667 5360 τὸ
708 5309 879 5378 ὄνομα
923 5309 1315 5377 ἀπειρὼδινον
1343 5309 1591 5378 ἔχιδναν
1630 5311 1679 5362 οἱ
1728 5309 1968 5363 παλαιοί.

396 5401 551 5452 Ἔστι
590 5401 699 5472 γὰρ
725 5401 823 5471 τῆς
856 5401 1112 5471 τοιαύτης
1156 5401 1368 5471 ἐχίδνης
1409 5403 1440 5470 ἡ
1488 5401 1650 5469 φύσις
1683 5399 1845 5470 ὁμοία
1873 5400 1972 5469 τῆς

389 5494 596 5545 τούτων
631 5493 950 5564 μοχθηρίας.
978 5493 1076 5547 Διά
1118 5494 1224 5567 γὰρ
1256 5494 1355 5563 τῆς
1397 5493 1648 5565 ἀνδρείας
1689 5492 1903 5562 φύσεως
1934 5493 1967 5563 ἦ

395 5584 714 5650 γυναικείας
761 5584 863 5652 τὴν
918 5583 1250 5654 αἰσχρότητα
1305 5581 1706 5645 ἐπιτελοῦντες,
1765 5582 1970 5652 ταύτην

2085 4593 2173 4632 me
2202 4576 2503 4640 conferam,
2548 4591 2656 4628 non
2690 4581 2751 4628 ut
2785 4575 2888 4626 iter
2917 4588 3014 4642 per
3062 4573 3184 4626 illas
3225 4571 3439 4638 faciam,
3473 4571 3568 4627 sed
3599 4580 3659 4626 ut

2083 4668 2299 4724 eminus
2364 4669 2433 4722 iis
2489 4673 2952 4729 commonstrem,
3004 4664 3099 4735 qui
3152 4665 3474 4733 asperitates
3540 4664 3659 4718 illas

2081 4775 2430 4830 cognoscere,
2461 4767 2514 4814 et
2546 4759 2613 4813 ad
2641 4765 2847 4813 arctam
2879 4758 3028 4810 illam
3065 4768 3460 4827 angustumque
3491 4756 3655 4822 viam,

2080 4867 2201 4920 qua:
2239 4850 2306 4904 ad
2337 4857 2594 4905 aeternam
2636 4849 2804 4902 vitam
2834 4847 3102 4917 perducit,
3133 4846 3427 4916 confugere
3468 4846 3658 4899 volueo

2077 4945 2207 5007 rint,
2249 4943 2414 4996 latam
2466 4955 2595 4995 vero
2646 4955 2711 4993 ac
2749 4940 3048 5008 spatiosam
3101 4939 3264 4991 aliam
3322 4937 3653 5006 relinquere,

2075 5050 2196 5104 qua:
2219 5034 2390 5104 spinis
2417 5034 2738 5099 intercepta,
2762 5040 2816 5085 et
2831 5028 3172 5084 oﬂendiculis
3197 5029 3479 5098 impedita,
3497 5042 3656 5080 coeno

2073 5126 2272 5191 obsita,
2303 5133 2357 5179 et
2406 5125 2728 5179 libidinibus
2776 5138 2842 5177 ac
2892 5121 3112 5190 flagitiis
3149 5119 3403 5173 omnibus
3441 5127 3522 5172 est
3565 5132 3654 5170 re-

2075 5219 2234 5273 ferta.
2266 5217 2436 5284 Cujus
2470 5216 2688 5285 quidem
2720 5213 3094 5282 impudicitia;
3131 5225 3194 5265 ac
3230 5209 3472 5263 libidinis
3503 5207 3653 5261 simi

2075 5306 2357 5360 litudinem
2391 5303 2747 5373 refertgenus
2770 5303 2901 5356 illud
2934 5300 3202 5370 serpentis
3228 5299 3650 5360 atrocissimum,

2072 5400 2160 5452 cui
2193 5406 2378 5464 partus
2417 5396 2644 5464 expertis
2676 5397 2863 5454 vipera:
2905 5408 3102 5446 nomen
3137 5397 3386 5445 vetustas
3435 5389 3650 5443 indidit.

2071 5487 2246 5556 Hujus
2278 5489 2422 5541 enim
2477 5495 2673 5540 natura
2712 5487 2928 5540 illorum
2971 5483 3230 5553 nequitiae
3276 5496 3440 5552 quam
3477 5480 3654 5535 simil-

2071 5581 2200 5635 lima
2237 5591 2322 5635 est
2353 5600 2364 5634 :
2407 5580 2497 5650 qui
2537 5595 2659 5634 cum
2697 5577 2956 5632 masculis
2991 5585 3085 5630 aut
3114 5575 3333 5631 feminis
3361 5573 3653 5644 turpitudi-

472 5735 490 5765 ³
512 5734 674 5791 Forte
705 5736 930 5790 τούτων.
1007 5740 1026 5768 ²
1061 5736 1196 5792 Vide
1224 5755 1291 5791 an
1323 5738 1504 5808 νοθείᾳ
1530 5737 1726 5794 melius
1759 5738 1849 5793 sit.
1929 5737 1951 5770 ³

2078 5738 2128 5792 ιι.
2159 5753 2313 5802 Lxut,
2346 5737 2398 5792 8.
2479 5737 2500 5768 ⁸
2529 5735 2674 5792 Psrtl.
2703 5751 2802 5799 vn,
2843 5735 2928 5787 I7.

711 5830 984 5891 PATBOL.
1032 5832 1147 5891 Ca.
1186 5834 1343 5892 XLI.

3251 5827 3324 5887 12
