4170 6372
515 341 618 398 36';

1925 335 1983 393 S.
2028 333 2369 390 EPIPHANII

3667 341 3772 395 561

517 476 637 513 nem
675 464 980 528 patrantes,
1034 471 1220 511 semen
1272 455 1559 510 infundere
1607 455 1922 525 prohibent,
1971 458 2087 510 insit

2206 455 2606 526 ἀπαγορεύουσι
2643 458 2741 528 τὴν
2773 455 2882 509 τῶν
2914 456 3240 527 σπερμάτων
3270 455 3590 526 καταϐολὴν,
3625 457 3770 523 ἀφα-

517 561 738 620 tamque
793 550 992 604 creatis
1025 548 1189 604 rebus
1225 564 1254 602 a
1301 547 1411 602 Deo
1455 549 1927 618 propagandorum
1983 551 2095 602 vim

517 643 724 696 fetuum
743 643 1114 712 exstinguunt.
1147 639 1301 694 Unde
1326 648 1378 694 et
1406 640 1697 709 Apostolus
1721 641 1792 695 ita
1829 641 2051 713 scripsit
2078 662 2089 695 :

517 725 809 787 Mercedem
843 751 1000 802 quam
1041 733 1270 800 oportuit
1302 733 1498 786 erroris
1536 733 1621 784 sui
1660 734 1713 784 in
1750 733 1932 800 seipst’s
1972 733 2094 785 rcci-

516 828 714 892 pieutes
745 825 786 888 ',
831 833 938 879 etc.
980 822 1069 876 Sic
1113 822 1256 876 enim
1312 821 1540 875 ferunt:
1583 829 1771 890 partus
1816 827 2092 890 expertem

520 919 668 972 illam
701 918 940 986 viperam
985 915 1241 968 titillante
1286 914 1531 968 libidinis
1573 913 1848 982 voluptate
1890 927 2091 966 marem

520 1009 682 1063 simul
737 1024 800 1062 ac
834 1007 1088 1061 feminam
1125 1007 1267 1060 inter
1295 1022 1353 1060 se
1393 1007 1754 1070 commisceri,
1800 1021 1863 1058 ac
1897 1021 1992 1075 per
2030 1020 2093 1059 os

516 1099 798 1170 congredi.
849 1098 1043 1152 lliante
1095 1097 1363 1166 siquidem
1407 1096 1626 1160 femina,
1675 1111 1878 1150 marem
1930 1103 2094 1164 caput

520 1192 782 1244 inserere.
827 1189 985 1257 102
1030 1185 1177 1240 Illam
1213 1202 1324 1256 pra:
1364 1186 1600 1240 libidinis
1630 1187 1893 1240 suavitate
1931 1195 2094 1256 caput

518 1284 682 1351 hujus
712 1281 1059 1343 abscindere;
1092 1278 1467 1346 exhaustoque
1495 1279 1638 1347 quod
1673 1294 1737 1331 ex
1768 1293 1864 1331 ore
1904 1277 2091 1332 destil-

517 1375 592 1428 lat
636 1388 870 1433 veneno,
907 1370 1073 1424 fetum
1119 1370 1286 1423 utaris
1327 1384 1390 1424 ac
1433 1368 1646 1424 femina“:
1688 1385 1787 1439 par
1837 1369 1892 1423 in
1937 1378 2093 1424 utero

517 1479 726 1534 gerere.
769 1461 823 1515 id
859 1461 950 1516 ubi
982 1461 1235 1522 creverit,
1268 1475 1392 1513 cum
1440 1460 1652 1514 nullum
1683 1476 1793 1530 quo
1833 1461 1886 1514 in
1917 1461 2089 1514 lucem

517 1562 768 1624 erumpat
815 1554 1019 1608 exitum
1053 1552 1273 1622 reperit,
1325 1561 1628 1605 maternum
1674 1553 1817 1605 latus
1871 1563 2093 1621 pertun-

517 1648 666 1711 dere,
703 1647 885 1714 itaque
906 1660 1029 1698 eum
1058 1647 1346 1712 utriusque
1376 1644 1617 1713 parentis
1652 1644 1874 1698 interitu
1917 1644 2087 1698 nasci.

517 1739 649 1794 lude
689 1747 876 1808 partus
909 1745 1182 1806 expertem
1236 1735 1630 1805 cognominari.
1679 1734 1776 1789 Est
1811 1752 1938 1789 vero
1983 1751 2090 1804 pra:

2199 550 2434 615 νίζοντες
2465 551 2561 622 τὴν
2586 553 2649 604 ἐκ
2675 551 2808 604 Θεοῦ
2832 554 2941 612 τοῖς
2974 551 3234 620 κτίσμασι
3260 550 3555 619 γενομένην
3587 565 3770 602 τεκνο-

2196 644 2380 710 γονίαν
2401 660 2412 672 ·
2454 643 2528 706 ὡς
2560 645 2652 696 καὶ
2700 645 2727 696 ὁ
2776 643 3088 706 Ἀπόστολός
3121 658 3286 712 φησι·
3329 641 3445 707 Thr
3469 641 3578 709 γὰρ
3601 641 3767 694 ἀντι-

2189 735 2440 803 μισθιίιν
2469 734 2548 801 ἢν
2576 735 2696 787 ἔδει
2729 735 2835 800 τῆς
2865 735 3102 802 πλάνης
3129 735 3199 787 ἐν
3235 733 3468 797 ἑαυτοῖς
3491 733 3766 799 ἀπολαμ-

2197 825 2496 890 ϐάνοντες,
2532 825 2624 877 καὶ
2658 825 2726 877 τά
2761 826 2907 894 ἑξῆς.
2937 825 3090 878 Οὕτω
3137 826 3244 895 γάρ
3288 842 3418 892 φασι
3439 864 3453 886 ,
3481 824 3577 894 τὴν
3608 825 3766 876 ἀπει-

2198 916 2413 988 ρώδινον
2448 918 2557 986 (81)
2605 917 2816 986 ἔχιδναν
2851 917 3164 987 θελχθεῐσαν
3198 917 3275 987 τῷ
3318 917 3477 970 πάθει
3514 917 3610 984 τῆς
3642 919 3763 969 ἐπι-

2195 1009 2392 1078 θυμίας
2414 1049 2430 1071 ,
2477 1010 2576 1079 τήν
2625 1026 2683 1061 τε
2719 1008 2939 1078 θήλειαν
2979 1008 3112 1078 πρὸς
3159 1007 3244 1060 τὸν
3279 1008 3482 1079 ἄρρενα
3504 1047 3517 1068 ,
3551 1008 3643 1060 καί¹
3672 1007 3768 1058 τὸν

2194 1101 2395 1172 ἄρρενα
2427 1101 2559 1171 πρὸς
2586 1102 2684 1172 τὴν
2718 1100 2936 1172 θήλειαν
2956 1141 2970 1163 ,
3002 1101 3427 1169 περιπλακείσας
3472 1099 3568 1168 μὲν
3604 1099 3762 1167 ὁμοῦ,

2192 1192 2280 1245 διὰ
2305 1191 2396 1243 τοῦ
2427 1191 2692 1261 στόματος
2725 1191 3017 1262 χαινούσης
3045 1193 3144 1261 τῆς
3189 1191 3405 1262 θηλείας
3438 1190 3526 1242 τὸν
3559 1190 3766 1261 ἄρρενα

2196 1285 2293 1355 τὴν
2320 1284 2556 1354 κεφαλὴν
2584 1283 2884 1337 εἰσϐάλλειν
2905 1300 2917 1311 ·
2953 1284 3164 1354 ἐκείνης
3201 1283 3255 1336 δὲ
3297 1282 3457 1335 πάθει
3491 1279 3764 1349 ουσχεθεί-

2195 1393 2292 1444 σης
2329 1375 2654 1443 ἀποτέμνειν
2693 1374 2790 1445 τὴν
2825 1374 3013 1427 τούτου
3054 1375 3294 1444 κεφαλήν
3315 1393 3327 1405 ·
3353 1375 3448 1428 καὶ
3474 1374 3644 1434 οὕτως
3670 1372 3768 1423 τὸν

2191 1468 2297 1519 ἀπὸ
2340 1467 2432 1518 τοῦ
2484 1466 2749 1536 στόματος
2799 1466 3133 1530 σταλάξαντα
3188 1468 3263 1518 ἰὸν
3301 1464 3665 1518 καταπιοῦσαν
3703 1464 3766 1514 ὲν

2191 1558 2388 1625 ἑαυτῇ,
2415 1558 2736 1626 ὲγκυμονεῖν
2787 1556 2882 1625 μὲν
2917 1556 3123 1608 τοιοῦτο
3168 1555 3355 1623 ζεῦγος
3407 1551 3761 1622 ἀρρενόθηλυ.

2195 1648 2367 1718 Ὅπερ
2396 1646 2617 1714 ζεῦγος,
2653 1647 2940 1720 ἀνδρυνθὲν
2973 1651 3028 1700 ἐν
3060 1651 3126 1717 τῇ
3167 1647 3368 1716 κοιλία,
3401 1646 3492 1698 καὶ
3525 1645 3598 1713 μὴ
3641 1643 3764 1712 ἕχον

2192 1736 2351 1788 πόθεν
2389 1736 2746 1806 γεννηθῆναι,
2777 1738 2873 1808 τὴν
2921 1739 3157 1808 πλευρὰν
3187 1739 3286 1806 τῆς
3321 1736 3522 1806 μητρὸς
3567 1732 3759 1803 τιτρώ-

516 1831 732 1886 caeteris
761 1829 879 1882 dira
911 1828 1255 1897 serpentibus
1288 1843 1350 1881 ac
1384 1826 1765 1889 formidabilis,
1797 1843 1917 1896 quae
1947 1828 2087 1881 intra

2193 1846 2362 1888 σκειν,
2405 1829 2498 1881 καὶ
2523 1830 2696 1894 οὕτως
2727 1831 3037 1898 γεννᾶσθαι,
3080 1831 3220 1882 ὥστε
3252 1829 3547 1882 ἀπολέσθαι
3575 1828 3664 1879 τόν
3700 1844 3764 1879 τε

515 1937 640 1976 sese
680 1935 885 1975 marem
915 1925 1124 1978 enecat.
1162 1925 1322 1986 atque
1347 1932 1441 1970 ore
1479 1917 1596 1984 ipso
1628 1916 1903 1970 feditatem
1939 1917 2087 1970 exci—

513 2014 615 2081 pit.
650 2011 786 2065 lluic
820 2025 981 2080 porro
1012 2009 1226 2079 gemina
1262 2009 1453 2062 insana
1484 2008 1575 2060 illa
1609 2008 1832 2061 haeresis
1861 2016 1964 2072 est,
1997 2023 2087 2061 cu-

509 2107 604 2173 jus
639 2120 742 2159 nos
771 2103 971 2172 capite,
1006 2117 1068 2155 ac
1096 2115 1345 2170 corpore,
1387 2099 1613 2169 ejusque
1648 2099 1761 2152 fetu
1793 2100 1939 2153 onmi
1965 2099 2086 2153 vitae

515 2197 712 2250 baculo
756 2194 1026 2257 contritis,
1074 2192 1142 2245 ad
1187 2192 1323 2246 alias
1373 2198 1739 2254 transeamus,
1799 2191 2086 2259 implorata

515 2288 759 2342 numinis
791 2301 914 2355 Ope,
952 2285 1039 2338 cui
1073 2284 1248 2338 honor
1278 2290 1332 2337 ct
1363 2282 1652 2352 imperium
1677 2282 1729 2336 in
1757 2282 1954 2337 sa3cu1a
1982 2298 2086 2338 sa:-

515 2381 786 2434 culorum.
821 2383 1012 2432 Amen.

2190 1920 2391 1973 τούτων
2420 1921 2628 1991 πατέρα
2657 1922 2750 1974 καὶ
2768 1923 2865 1992 τὴν
2891 1923 3119 1993 μητέρα.
3142 1923 3339 1990 Διόπερ
3371 1919 3766 1986 ἀπειρώδινον

2191 2013 2326 2083 αὐτῇ
2361 2013 2614 2066 ἐπέθεντο
2642 2014 2832 2085 ὄνομα,
2863 2016 2944 2068 ὃτι
2978 2015 3180 2066 ὠδίνων
3204 2015 3262 2066 οὐ
3295 2015 3572 2082 πειρᾶται.
3605 2009 3766 2080 Δεινὴ

2191 2103 2248 2155 δὲ
2284 2104 2375 2156 καί
2403 2103 2607 2175 φοϐερὰ
2647 2105 2799 2175 παρὰ
2841 2106 3019 2158 πάντα
3043 2106 3108 2159 τὰ
3139 2104 3343 2175 ἑρπετά
3377 2103 3668 2172 τυγχάνει,
3705 2103 3765 2153 ἐν

2191 2193 2362 2265 ἑαυτῇ
2383 2194 2474 2246 τὸν
2497 2196 2516 2224 ³
2545 2195 2847 2265 ἀφανισμὸν
2875 2195 3294 2266 ἐξεργαζομένη,
3326 2196 3418 2247 καὶ
3444 2195 3528 2247 διὰ
3563 2193 3766 2261 στόμα-

2189 2299 2280 2346 τος
2316 2285 2414 2352 τὴν
2436 2285 2769 2354 αἰσχρότητα
2803 2284 3282 2355 ἀπολαμϐάνουσα.
3310 2279 3386 2354 Ἷ,1
3420 2283 3594 2335 ἔοικεν
3624 2281 3764 2350 αὕτη

2189 2377 2222 2445 ἡ
2279 2374 2648 2446 φρενοϐλαϐὴς
2702 2376 2946 2446 αἵρεσις,
3007 2374 3074 2447 ἧς
3124 2375 3221 2447 τὴν
3273 2375 3514 2444 κεφαλὴν
3559 2375 3654 2427 καὶ
3703 2372 3768 2424 τὸ

516 2475 696 2545 σῶμα,
741 2475 834 2527 καὶ
871 2473 939 2525 τὰ
985 2472 1043 2536 ἐξ
1086 2471 1255 2541 αὐτῆς
1301 2472 1672 2540 γεγεννημένα
1704 2471 1937 2524 ἐνταῦθα
1971 2469 2359 2541 συντρίψαντες
2393 2471 2468 2541 τῷ
2499 2471 2638 2542 ξύλῳ
2662 2473 2763 2542 τῆς
2821 2471 2985 2543 ζωῆς,
3045 2473 3144 2537 τὰς
3193 2473 3384 2543 ἐτέρας
3451 2471 3770 2524 διασκοπεῖν

511 2568 862 2640 προσθῶμεν,
893 2567 1025 2620 Θεὸν
1056 2567 1269 2638 ἀρωγὸν
1295 2566 1732 2636 ἐπικαλούμενοι,
1759 2560 1803 2634 ᾧ
1828 2566 1963 2638 τιμὴ
1988 2566 2082 2620 καὶ
2120 2568 2320 2638 κράτος
2348 2571 2428 2631 εἰς
2455 2569 2659 2630 αἰῶνας
2693 2568 2925 2622 αἰώνων.
2971 2569 3162 2640 Ἀμήν.

863 2677 1141 2734 CONTRA
1186 2676 1731 2743 CARPOCRASIOS,

784 2787 915 2852 Quae
950 2797 1026 2841 est
1053 2788 1266 2842 [Heresis
1310 2786 1438 2852 VII,
1467 2789 1544 2842 rel
1569 2788 1675 2844 XX
1691 2788 1819 2845 VH.

585 2901 624 2954 l.
662 2900 970 2954 Secundum
1005 2899 1102 2953 hos
1122 2901 1262 2954 alius
1288 2900 1504 2969 quidam
1523 2899 1824 2970 Carpocras
1853 2902 2083 2964 exstitit,

515 2993 607 3061 qui
640 3008 705 3045 ex
736 2991 978 3044 mendaci
1006 2989 1221 3058 ingenio
1261 3006 1360 3044 suo
1394 2991 1666 3060 propriam
1703 2993 1989 3061 quamdam
2021 3009 2085 3050 ac

2577 2685 2765 2736 ΚΑΤΑ
2807 2683 3344 2736 ΚΑΡΠΟΚΡΑΣΙΩΝ
3359 2723 3374 2748 ,

2463 2795 2712 2865 Ἑϐδόμη
2736 2836 2752 2861 ,
2779 2799 2817 2865 ἡ
2857 2795 2952 2849 καὶ
2986 2796 3230 2864 εἰκοστὴ
3266 2797 3502 2866 ἑϐδόμη.

2255 2911 2334 2962 A'.
2401 2910 2736 2979 Καρποκρᾶς
2792 2925 2876 2970 τις
2932 2908 3116 2977 ἕτερος
3186 2907 3424 2975 γίνεται,
3493 2908 3767 2976 συστήσας

2189 2999 2366 3070 ἑαυτῷ
2406 3000 2662 3069 ἀθέμιτον
2709 2999 3052 3052 διδασκαλίαν
3080 2999 3177 3068 τῆς
3207 2998 3558 3068 ψευδωνύμου
3597 2999 3766 3051 αὑτοῦ

513 3083 778 3137 nefariam
834 3092 1035 3136 sectam
1077 3082 1420 3151 excogitavit,
1467 3091 1520 3136 et
1570 3085 1821 3139 omnibus
1870 3100 2082 3139 morum

2189 3087 2437 3158 γνώμης,
2464 3089 2710 3158 χείρονας
2737 3089 2952 3139 πάντων
2981 3080 3134 3148 οὗτος
3159 3086 3284 3148 τοὺς
3310 3086 3542 3158 τρόπους
3573 3102 3764 3152 κεκτη-

517 3177 619 3229 fuit
661 3176 922 3245 pravitate
961 3174 1220 3229 deterior.
1263 3173 1387 3228 Hinc
1425 3176 1569 3228 enim
1604 3176 1826 3230 haeresis
1872 3192 1936 3231 ex
1969 3193 2084 3229 om-

515 3270 666 3323 nium
700 3268 977 3322 erroribus
1007 3267 1240 3320 eﬂloruit
1270 3286 1281 3320 :
1323 3265 1580 3330 Simonis,
1616 3268 1858 3336 inquam,
1895 3277 1948 3322 et
1975 3268 2087 3324 Me-

517 3358 735 3421 nandri,
772 3357 1056 3420 Saturuili,
1089 3372 1152 3411 ac
1189 3357 1460 3419 Basilidae,
1494 3365 1548 3411 et
1582 3356 1807 3425 Nicolai,
1844 3359 2085 3428 adeoque

515 3450 863 3520 Carpocratis
893 3450 1087 3520 ipsius,
1123 3459 1236 3502 tum
1262 3447 1560 3515 Valentini,
1591 3466 1622 3504 a
1651 3467 1760 3520 quo
1795 3460 2085 3522 propagata

517 3542 609 3594 illa
637 3555 918 3609 perperam
953 3539 1098 3593 diota
1129 3539 1386 3607 cognitio,
1421 3555 1541 3608 quae
1577 3539 1956 3594 Gnosticorum
1988 3556 2082 3594 no—

515 3647 638 3685 men
685 3631 799 3684 suis
842 3629 1095 3682 omnibus
1144 3628 1389 3682 aﬂinxit:
1445 3629 1792 3698 indidemque
1840 3629 2083 3684 Guostici

513 3721 614 3786 illi,
646 3720 714 3776 de
741 3719 941 3788 quibus
982 3718 1223 3787 proxime
1260 3719 1682 3786 disputavimus,
1711 3718 2084 3789 Cataguostici

517 3813 721 3884 potius,
751 3811 854 3865 hoc
879 3819 964 3865 est
997 3809 1282 3863 Damnales
1310 3811 1637 3880 appellandi.

593 3903 655 3958 Il.
693 3902 799 3958 Sed
830 3911 888 3955 ut
917 3901 982 3955 ad
1009 3902 1388 3970 Carpocratem
1420 3901 1659 3963 redeam,
1695 3902 1741 3956 is
1770 3917 2083 3972 supremum

517 3998 736 4068 quidem
779 3995 1105 4065 principium
1139 4009 1306 4047 unum
1339 3996 1555 4059 asserit,
1591 3996 1949 4065 eumdemque
1993 3995 2087 4049 Pa-

516 4097 725 4144 rentem
773 4087 1038 4147 omnium,
1080 4094 1133 4139 et
1171 4085 1529 4156 incognitum,
1565 4103 1666 4141 nec
1706 4088 1816 4141 ullo
1865 4088 2085 4142 nomine

515 4182 904 4251 significatum,
951 4177 1176 4248 perinde
1226 4186 1282 4230 ut
1315 4179 1528 4240 caeteri,
1582 4179 1764 4233 studet
1819 4195 2080 4234 asserere.

514 4270 772 4325 Mundum
801 4283 931 4322 vero
960 4275 1014 4322 et
1047 4283 1165 4336 quae
1195 4268 1398 4321 mundo
1427 4269 1777 4323 continentur
1811 4269 1879 4323 ab
1921 4284 2084 4337 auge-

512 4361 582 4414 lis
609 4374 731 4413 esse
765 4357 928 4421 facta,
970 4357 1061 4423 qui
1096 4358 1372 4427 incognito
1408 4358 1501 4411 illo
1548 4368 1772 4428 parente
1805 4359 1963 4428 longe
2001 4359 2083 4411 in-

2190 3180 2368 3248 μένος.
2423 3180 2517 3230 Ἐκ
2551 3179 2765 3231 πάντων
2794 3177 2900 3248 γάρ
2938 3177 3140 3229 τούτων
3171 3177 3409 3244 Σίμωνός
3437 3193 3496 3227 τε
3527 3177 3620 3229 καὶ
3652 3178 3764 3227 Με-

2186 3269 2445 3339 νάνδρου,
2484 3268 2802 3339 Σατορνίλου
2832 3285 2891 3319 τε
2935 3267 3028 3320 καὶ
3070 3265 3415 3330 Βασιλείδου,
3453 3265 3548 3317 καὶ
3591 3266 3758 3317 Νικο-

2186 3361 2337 3419 λάου,
2364 3361 2458 3412 καί
2487 3359 2650 3412 αὑτοῦ
2680 3360 2772 3412 τοῦ
2799 3360 3127 3429 Καρποκρᾶ,
3157 3358 3236 3410 ἔτι
3266 3357 3320 3409 δὲ
3351 3360 3413 3410 ὲκ
3438 3357 3762 3427 προφάσεως

2188 3451 2618 3520 ούαλεντίνου,ή
2655 3451 2751 3520 τῆς
2783 3449 3131 3519 ψευδωνύμου
3166 3449 3416 3516 γνώσεως
3450 3448 3590 3517 ἐφύη
3613 3450 3763 3517 αἴρε-

2189 3556 2290 3601 σις,
2325 3540 2446 3608 ἥτις
2478 3539 2813 3599 Γνωστικοὺς
2838 3539 2964 3600 τοὺς
3006 3537 3174 3606 αὐτῆς
3219 3536 3501 3605 ὠνόμασεν
3521 3576 3535 3598 ,
3564 3535 3656 3602 ἀφ’
3693 3528 3761 3602 ἦς

2187 3633 2234 3682 οἰ
2268 3631 2305 3682 Γ
2309 3631 2560 3682 νωστικοὶ
2590 3629 2690 3700 ἤδη
2721 3646 2809 3698 μοι
2836 3627 3180 3698 δεδήλωνται,
3206 3627 3637 3696 καταγνωστικοὶ
3677 3625 3760 3677 ὅν·-

2187 3738 2274 3783 τες
2301 3721 2388 3772 τὸν
2417 3721 2637 3791 τρόπον.

2258 3899 2330 3950 B'.
2372 3893 2540 3959 Οὗτος
2564 3897 2618 3950 δὲ
2649 3896 2806 3949 πάλιν
2835 3897 2945 3950 ἄνω
2979 3896 3076 3966 μὲν
3117 3893 3245 3964 μίαν
3270 3893 3440 3964 ἀρχὴν
3473 3893 3638 3961 λέγει,
3666 3891 3761 3945 καὶ

2187 3989 2402 4058 Πατέρα
2427 3989 2534 4040 τῶν
2565 3989 2719 4048 ὅλων,
2736 3988 2829 4041 καὶ
2855 3987 3150 4054 ἄγνωστον,
3173 3988 3267 4039 καὶ
3297 3986 3755 4054 ἀκατονόμαστον,

2189 4078 2276 4130 ῐσα
2316 4081 2424 4140 τοῖς
2457 4076 2631 4140 ἄλλοις
2678 4078 2916 4143 εἰσάγειν
2959 4076 3310 4145 βουλόμενοςο
3351 4077 3440 4128 τὸν
3467 4074 3522 4126 δὲ
3558 4073 3758 4144 κόσμον

2188 4171 2279 4223 καὶ
2316 4169 2383 4222 τὰ
2426 4172 2481 4223 ἐν
2510 4168 2586 4239 τῷ
2618 4170 2803 4239 κόσμῳ
2847 4170 2950 4221 ὑπὸ
2985 4169 3229 4237 ἀγγέλων
3264 4168 3618 4238 γεγενῆσθαι,
3653 4167 3760 4218 τῶν

2188 4261 2321 4315 πολύ
2368 4280 2419 4314 τι
2450 4262 2553 4314 ὑπὸ
2590 4261 2684 4313 τοῦ
2733 4261 2944 4331 Πατρός
2989 4261 3079 4313 τοῦ
3115 4260 3392 4327 ἀγνώστου
3424 4256 3759 4328 ὑποϐεϐηκό-

2187 4369 2313 4406 των.
2352 4351 2582 4414 Τούτους
2613 4351 2720 4421 γὰρ
2764 4352 2940 4419 λέγει,
2987 4352 3331 4414 ἀποστάντας
3373 4351 3481 4404 ἀπὸ
3514 4351 3612 4420 τῆς
3650 4351 3764 4403 ἄνω

512 4449 767 4504 feriorem
796 4448 1074 4518 dignitatis
1099 4448 1343 4502 ordinem
1371 4456 1575 4504 tenent.
1601 4447 1706 4502 Eos
1735 4464 1862 4503 vero
1893 4449 2083 4504 statuit

2189 4443 2482 4513 δυνάμεως,
2513 4443 2654 4495 οὕτω
2683 4443 2770 4495 τὸν
2808 4445 3009 4513 κόσμον
3042 4443 3421 4512 πεποιηκέναι.
3464 4442 3668 4510 Ἰησοῦν
3701 4441 3760 4494 δὲ

511 4540 582 4592 ab
615 4552 868 4606 suprema
917 4538 1117 4590 virtute
1149 4536 1463 4591 deﬁcientes
1511 4538 1774 4590 mundum
1803 4538 1966 4591 istum
1999 4536 2082 4590 fa-

510 4630 776 4684 bricasse.
811 4626 998 4682 Jesum
1046 4642 1208 4696 porro
1248 4626 1530 4682 Dominum
1574 4637 1824 4682 nostrum
1867 4643 1898 4680 a
1929 4626 2084 4683 Jose-

511 4721 624 4790 pho
671 4720 938 4790 genitum,
973 4721 1048 4773 uti
1080 4719 1262 4774 czetcri
1297 4721 1553 4775 mortales
1575 4736 1641 4774 ex
1675 4721 1778 4772 viri
1811 4720 2085 4774 mulieris—

509 4825 616 4879 que
671 4811 879 4863 semine
936 4817 1312 4878 procreantur.
1347 4807 1501 4862 lluuc
1546 4810 1641 4879 qui
1697 4810 1834 4863 nihil
1863 4811 2087 4864 omnino

507 4901 738 4971 reliquis
767 4901 834 4954 ab
861 4901 1176 4955 hominibus
1203 4899 1462 4965 differret,
1497 4902 1622 4954 vita:
1662 4901 1835 4955 solum
1866 4917 2084 4971 genere,

510 5008 574 5046 ac
611 4992 994 5061 temperantia,
1023 5001 1078 5047 et
1125 4993 1343 5056 virtute,
1393 5007 1458 5046 ac
1488 4993 1700 5062 justitia
1742 4994 2082 5061 praestitisse.

512 5083 618 5137 Sed
655 5099 779 5137 cum
824 5083 1050 5138 ﬁrmiori
1081 5084 1449 5154 vegetiorique
1492 5099 1656 5153 quam
1701 5084 1790 5136 alii
1835 5083 2084 5138 homines

515 5173 669 5244 103
693 5183 841 5229 esset
864 5175 1045 5229 anima
1075 5175 1356 5244 praeditus,
1388 5191 1687 5245 eorumque
1721 5191 1839 5245 quae
1866 5191 2083 5230 sursqu

584 5333 602 5363 ¹
630 5331 788 5386 Rom.
819 5349 859 5398 ι,
887 5333 978 5386 27.

583 5487 695 5557 (81)
733 5487 897 5539 οὕτω
939 5486 1070 5558 γὰρ,
1120 5486 1290 5556 φασὶ,
1321 5487 1435 5555 τὴν
1469 5488 1874 5558 ἀπειρώδινον.
1905 5488 2082 5544 Fabu-

514 5550 632 5629 iam
647 5550 830 5608 narrat
857 5565 910 5609 et
937 5550 1076 5629 Plin.
1106 5550 1484 5629 li'x,_eap.'62.
1512 5550 1618 5612 Cui
1638 5561 1790 5613 fidem
1819 5563 2085 5629 derogant

516 5623 1204 5699 Philostratus,.Maximus
1233 5623 1451 5698 Tyrius,
1487 5630 1683 5698 aliique
1715 5623 2046 5699 compluries.

559 5760 570 5770 .
593 5694 703 5761 (8‘2)
743 5695 872 5746 Ὅτε
903 5691 982 5762 ἦν
1007 5697 1076 5748 ἐν·
1104 5695 1176 5762 τῇ
1207 5691 1510 5770 περιφορᾷ.
1555 5691 1878 5752 (λοηιίιαιιιῖη
1903 5701 2084 5754 reddi-

522 5759 718 5829 dimus,
754 5771 810 5816 ut
841 5759 946 5832 pro
991 5759 1374 5837 συμπεριφορᾷ
1413 5759 1734 5839 ὐὲυιρυιυιδ.
1781 5770 1915 5826 Cum
1959 5772 2084 5841 quis

2180 4535 2270 4588 τὸν
2319 4535 2518 4604 Κύριον
2561 4535 2715 4605 ἡμῶν
2769 4535 2876 4587 ἀπὸ
2931 4534 3128 4605 Ἰωσὴφ
3177 4535 3324 4603 λέγει
3364 4533 3756 4604 γεγεννῆσθαι,

2182 4627 2432 4697 καθάπερ
2464 4627 2557 4680 καί
2591 4628 2788 4690 πάντες
2817 4627 3089 4697 ἄνθρωποι
3122 4630 3186 4680 ἐκ
3217 4628 3529 4698 σπέρματος
3567 4625 3763 4696 ἀνδρὸς

2184 4721 2278 4772 καὶ
2329 4720 2584 4788 γυναικὸς
2634 4719 3017 4790 ἐγεννήθησαν.
3065 4715 3219 4773 Εἶναι
3263 4720 3318 4772 δὲ
3373 4719 3533 4772 αὑτὸν
3577 4720 3760 4790 ὅμοιον

2187 4813 2299 4873 τοῖς
2340 4812 2504 4870 πᾶσι,
2551 4811 2648 4880 βίῳ
2694 4811 2748 4863 δὲ
2781 4811 3174 4881 διενηνοχέναι,
3225 4811 3548 4884 σωφροσύνη
3577 4828 3635 4863 τε
3668 4810 3763 4862 καὶ

2187 4904 2352 4974 ἀρετῇ
2389 4905 2479 4956 καὶ
2505 4902 2603 4972 βίῳ
2632 4902 2995 4969 δικαιοσύνης.
3042 4903 3257 4973 Ἐπειδὴ
3283 4903 3360 4963 δὲ,
3398 4904 3580 4972 φησιν,
3613 4901 3762 4954 εὔτο-

2189 5012 2275 5046 νον
2307 4995 2430 5064 έσχε
2460 4995 2635 5066 ψυχὴν
2683 4995 2831 5064 παρὰ
2879 4997 3007 5057 τοὺς
3043 4995 3232 5057 ἄλλους
3278 4995 3630 5065 ἀνθρώπους,
3667 4995 3762 5046 καὶ

2188 5086 2524 5154 ὲμνημόνευε
2559 5087 2626 5139 τὰ
2654 5087 2917 5157 ὁραθέντα
2959 5086 3049 5138 ὑπ’
3081 5087 3250 5154 αὑτῆς
3293 5088 3435 5148 ἄνω,
3466 5087 3554 5138 ὅτε
3593 5082 3658 5157 ἦν
3703 5087 3761 5137 ὲν

2187 5181 2252 5248 τῇ
2286 5180 2556 5250 περιφορᾷ
2591 5178 2700 5249 (82)
2733 5178 2824 5231 τοῦ
2851 5177 3126 5246 ἀγνώστου
3163 5179 3396 5248 Πατρδς,
3426 5177 3762 5231 ἀπεστάλθαι

1055 5335 1076 5364 ⁸
1099 5348 1189 5403 γρ.
1220 5332 1476 5403 ἀφισμόν.
1512 5332 1572 5389 F.
1606 5333 1902 5404 ἀφρισμόν,
1930 5333 2014 5389 vel
2056 5334 2502 5406 ἁφροδισιασμόν.

2192 5489 2405 5565 Eicilem
2454 5510 2516 5549 se
2563 5494 2742 5556 alteri,
2793 5504 2846 5550 et
2893 5493 3284 5565 obsequentem
3335 5496 3559 5565 praebet.
3621 5495 3767 5550 Sane

2193 5561 2400 5616 Theod.
2443 5566 2718 5636 διαγωγῆς
2759 5561 3192 5620 vocabulo—usus
3239 5561 3352 5620 est:
3376 5566 3493 5620 Nisi
3530 5565 3654 5635 quis
3697 5567 3767 5620 ad

2189 5635 2492 5704 περιφοράν
2522 5635 2945 5699 ἱΙΙιιιιιάοοιτιιιη,
2976 5647 3029 5690 et
3058 5638 3544 5690 circumactionem
3579 5639 3763 5690 Plato-

2185 5704 2366 5827 ῗῧιξοῧι
2402 5708 2708 5777 respexisse
2738 5708 3119 5776 Carpocratem
3146 5707 3439 5773 existimet,
3481 5707 3548 5770 de
3581 5709 3766 5778 quain

2272 5790 2315 5827 ιε
2357 5789 2435 5827 ro.

2272 5789 2435 5828 mare.
