4170 6372
430 375 540 454 δδὲς

1050 389 1426 454 ADVERSUS
1465 386 1807 443 HAERESES
1847 374 1973 438 LIB.
2015 383 2056 439 1.
2099 371 2262 436 TOM.
2304 375 2454 434 ll.--
2495 380 2769 438 IUERES.
2803 367 3018 434 XXVII.

3581 372 3688 441 368

435 506 538 560 ὺπὺ
569 504 664 558 τοῦ
695 503 858 556 αὐτοῦ
889 503 1130 573 Πατρὸς,
1163 503 1329 573 φησιν
1348 545 1362 568 ,
1395 503 1474 566 είς
1502 501 1598 572 τὴν
1636 499 1802 552 αὑτοῦ
1837 497 2015 568 ψυχὴν

2139 512 2170 548 n
2206 495 2468 566 incogniti
2489 495 2738 550 Parentis
2776 490 3033 550 comitatu
3069 494 3298 561 viderat,
3328 499 3689 566 meminisset,

430 595 708 664 δυνάμεις,
734 593 902 654 ὅπως,
935 592 1003 645 τὰ
1029 591 1292 661 ὁραθέντα
1318 593 1454 662 αύτῇ
1486 589 2012 661 ἀναμνημονεύσασα

434 687 528 739 καὶ
574 684 1048 754 ἐνδυναμωθεῖσα,
1080 683 1224 754 φύγῃ
1273 686 1396 746 τοὺς
1441 682 1804 753 κοσμοποιοὺς
1845 679 2014 748 ἀγγέ-

434 785 588 843 λους,
621 779 677 830 ὲν
709 777 786 848 τῷ
822 777 910 830 διὰ
956 779 1174 830 πάντων
1205 778 1448 848 χωρῆσαι
1478 776 1585 828 τῶν
1629 777 1687 827 ἐν
1718 774 1794 844 τῷ
1822 775 2012 844 κόσμῳ

436 869 779 941 πραγμάτων
813 869 905 921 καὶ
931 867 1181 939 πράξεων
1212 868 1319 920 τῶν
1349 867 1455 919 ὑπὸ
1475 866 1580 918 τῶν
1603 863 1902 934 ἀνθρώπων
1929 881 2014 931 γι·-

437 962 706 1030 νομένων,
754 961 849 1012 καὶ
901 962 958 1012 ἐν
1017 960 1352 1031 παραϐύστῳ
1407 960 1624 1012 ἀτόπων
1686 959 1862 1029 ἔργων
1919 959 2013 1011 καὶ

440 1049 712 1119 ἀθεμίτων
733 1066 745 1077 ·
778 1049 870 1101 καὶ
899 1052 1045 1112 ὅπως
1066 1049 1152 1101 διὰ
1181 1048 1366 1101 πασῶν
1391 1047 1500 1100 τῶν
1525 1046 1775 1118 πράξεων
1800 1046 2016 1098 ἐλευθε-

443 1141 676 1212 ρωθεῖσα
697 1144 729 1209 ἡ
762 1140 900 1210 αύτὴ
932 1139 1098 1210 ψυχὴ,
1124 1142 1279 1210 φησὶ,
1301 1138 1394 1191 τοῦ
1439 1139 1636 1209 Ἰησοῦ,
1659 1138 1854 1208 ἀνέλθῃ
1879 1137 2015 1208 πρὸς

439 1234 530 1284 τὸν
559 1233 720 1284 αὑτὸν
751 1233 967 1301 Πατέρα
997 1232 1083 1284 τὸν
1115 1233 1389 1299 ἄγνωστον
1409 1275 1422 1296 ,
1468 1231 1558 1284 τὸν
1595 1232 1849 1302 δυνάμεις
1879 1232 2015 1302 αὐτῇ

441 1327 836 1380 ἀποστείλαντα
869 1325 1094 1386 ἄνωθεν,
1126 1326 1232 1388 ἵνα,
1277 1324 1466 1378 πασῶν
1491 1325 1598 1377 τῶν
1631 1325 1880 1394 πράξεων
1907 1342 2016 1393 χω-

445 1422 658 1491 ρήσασα
691 1420 785 1474 καὶ
812 1417 1238 1488 ὲλευθερωθεῖσα
1261 1456 1274 1478 ,
1306 1416 1502 1468 διέλθοι
1534 1417 1668 1486 πρὸς
1695 1417 1856 1468 αὑτὸν
1885 1416 2014 1469 ἅνω.

444 1511 518 1564 Ού
556 1511 662 1582 μὴν
695 1511 752 1563 δὲ
783 1511 918 1563 ἀλλὰ
959 1511 1052 1562 καὶ
1083 1509 1182 1572 τὰς
1220 1508 1412 1577 ὁμοίας
1451 1509 1586 1578 αὐτῇ
1617 1507 1792 1576 ψυχὰς
1825 1507 1893 1560 τὰ
1928 1506 2020 1558 ἴσα

445 1606 585 1675 αὐτῇ
625 1603 1052 1673 ἁσπασαμένας,
1082 1602 1174 1654 τὸν
1215 1601 1376 1654 αὑτὸν
1409 1603 1608 1672 τρόπον
1645 1597 2020 1670 ἐλευθερωθεί-

447 1714 576 1759 σας,
613 1697 724 1750 ἄνω
752 1696 952 1766 πτῆναι
986 1695 1122 1768 πρὸς
1143 1697 1234 1748 τὸν
1272 1695 1544 1762 ἄγνωστον
1573 1693 1816 1762 Πατέρα,
1853 1694 1910 1744 ὲν
1944 1690 2021 1760 τῷ

447 1789 545 1850 τὰς
598 1788 776 1851 πάσας
811 1787 1038 1859 πράξεις
1076 1788 1360 1859 πραξάσας
1402 1785 1601 1854 ὁμοίως
1649 1784 1752 1836 τῶν
1804 1783 2021 1836 πάντων

449 1881 854 1950 ἀπαλλαγείσας
882 1881 1065 1934 λοιπὸν
1088 1878 1528 1950 ἐλευθερωθῆναι.

521 2144 632 2216 Τὴν
671 2144 726 2196 δὲ
766 2143 942 2214 ψυχὴν
981 2144 1075 2196 τοῦ
1128 2144 1302 2213 Ἰησοῦ
1349 2145 1405 2195 ὲν
1445 2146 1556 2206 τοῖς
1606 2143 1713 2196 τῶν
1760 2143 2028 2196 Ἰουδαίων

453 2237 630 2290 ἔθεσιν
664 2237 1070 2306 ἀνατραφεῖσαν
1102 2235 1513 2305 καταφρονῆσαι
1555 2235 1768 2299 αὐτῶν,
1806 2231 1900 2288 καὶ
1941 2235 2028 2289 διὰ

452 2331 610 2383 τοῦτο
656 2330 912 2400 δυνάμεις
945 2329 1253 2399 εἰληφέναι,
1303 2329 1369 2382 δι’
1410 2322 1483 2381 ὧν
1530 2329 1598 2381 τὰ
1642 2331 1733 2381 ἐπὶ
1776 2329 2029 2383 κολάσεσι

455 2425 603 2494 πάθη
656 2424 928 2493 προσόντα
972 2425 1084 2483 τοῖς
1132 2420 1441 2492 ἀνθρώποις
1492 2421 1740 2492 δυνηθεὶς
1790 2422 2025 2492 πρᾶξαι,

456 2515 758 2586 ὑπερϐῆναι
801 2514 926 2575 τοὺς
970 2515 1333 2582 κοσμοποιοὺς
1377 2512 1612 2581 ἴσχυσεν.
1659 2513 1732 2563 Οὐ
1785 2513 1942 2581 μόνον
1974 2512 2031 2564 δὲ

456 2604 626 2674 αὐτὴν
658 2603 756 2673 τὴν
784 2601 959 2672 ψυχὴν
989 2601 1082 2652 τοῦ
1125 2601 1296 2669 Ἰησοῦ
1327 2600 1485 2652 τοῦτο
1516 2599 1862 2670 δεδυνῆσθαι,
1899 2600 2033 2653 ἀλλὰ

457 2697 551 2748 καὶ
596 2694 693 2763 τὴν
741 2695 1044 2764 δυναμένην
1101 2692 1192 2745 διὰ
1238 2693 1346 2745 τῶν
1403 2692 1653 2763 πράξεων
1705 2694 2033 2764 χωρησασαν

459 2787 761 2858 ὑπερϐῆναι
799 2788 925 2850 τοῦς
965 2787 1325 2854 κοσμοποιοὺς
1371 2785 1566 2848 αὐτοὺς
1611 2786 1908 2853 ἀγγέλους,
1940 2785 2035 2838 καὶ

457 2879 597 2949 αὐτὴ
626 2879 719 2931 ἐὰν
749 2877 889 2948 λάϐῃ
923 2876 1180 2946 δυνάμεις
1205 2917 1218 2938 ,
1270 2877 1363 2929 καὶ
1397 2877 1462 2928 τὰ
1493 2877 1652 2945 ὃμοια
1687 2877 1902 2950 πράξῃ,
1937 2894 2036 2930 κα-

460 2965 638 3042 θάπερ
660 2970 754 3022 τοῦ
781 2969 977 3041 Ἰησοῦ,
1005 2969 1082 3030 ὡς
1108 2971 1385 3037 προεῖπον.
1411 2967 1573 3020 Ὅθεν
1599 2970 1676 3031 είς
1701 2969 1867 3037 τῦφον
1891 2963 2036 3022 οὗτοι

461 3063 782 3132 ἐληλακότες
819 3061 991 3130 μέγαν
1017 3062 1066 3112 οί
1099 3061 1204 3112 ὑπὸ
1231 3060 1324 3112 τοῦ
1351 3061 1662 3124 ἀπατεῶνος
1676 3061 1864 3114 τούτου
1897 3061 2039 3115 ἀπα-

461 3152 746 3223 τηθέντες,
779 3150 1004 3210 ἑαυτοὺς
1039 3149 1395 3220 προκριτέους
1451 3147 1711 3219 ἡγοῦνται
1748 3149 1841 3201 καὶ
1871 3147 2035 3201 αὐτοῦ

461 3243 556 3296 τοῦ
597 3242 792 3311 Ἰησοῦ.
844 3243 1025 3295 ’Ἄλλοι
1062 3243 1118 3294 δὲ
1162 3241 1221 3306 ἐξ
1272 3241 1450 3294 αὐτῶν
1485 3241 1584 3294 οὐκ
1635 3239 1808 3310 Ἰησοῦ
1852 3255 2034 3308 φασιν,

461 3335 597 3388 ἀλλὰ
636 3335 843 3405 Πέτρου
875 3336 968 3386 καὶ
1003 3335 1251 3406 Ἀνδρέου
1293 3336 1386 3386 καὶ
1430 3333 1640 3386 Παύλου
1671 3332 1765 3385 καὶ
1792 3331 1900 3383 τῶν
1933 3331 2041 3382 λοι-

465 3427 582 3479 πῶν
611 3426 926 3480 ἀποστόλων
969 3427 1196 3487 ἑαυτοὺς
1237 3424 1744 3495 ύπερφερεστέρους
1782 3419 1921 3475 εἶναι
1953 3422 2042 3474 διὰ

464 3521 562 3587 τὴν
611 3518 918 3588 ὑπερϐολὴν
956 3517 1053 3586 τῆς
1104 3515 1376 3584 γνώσεως,
1417 3516 1510 3569 καὶ
1554 3515 1615 3567 τὸ
1658 3514 2044 3584 περισσότερον

465 3613 564 3681 τῆς
587 3610 925 3679 διαπράξεως
955 3609 1224 3678 διαφόρων
1257 3608 1522 3674 διεξόδων.
1557 3607 1736 3660 ’Ἄλλοι
1766 3608 1821 3660 δὲ
1855 3607 1913 3671 ἐξ
1947 3608 2043 3658 αὐ-

467 3698 574 3750 τῶν
607 3697 874 3766 φάσκουσι
913 3697 1077 3767 μηδὲν
1117 3697 1482 3767 διενηνοχέναι
1525 3697 1619 3749 τοῦ
1651 3697 1854 3768 Κυρίου
1884 3697 2042 3767 ἡμῶν

481 3789 653 3858 Ἰησοῦ
671 3789 926 3859 Χριστοῦ.
942 3790 1007 3840 Αἱ
1023 3788 1131 3860 γὰρ
1159 3790 1327 3859 ψυχαὶ
1345 3792 1407 3841 ὲκ
1431 3791 1528 3858 τῆς
1549 3789 1718 3858 αὐτῆς
1741 3791 2041 3860 περιφορᾶς

467 3881 594 3942 είσι,
628 3880 718 3931 καὶ
747 3879 946 3950 ὁμοίως
973 3880 1113 3934 κατὰ
1139 3881 1238 3949 τὴν
1264 3880 1357 3932 τοῦ
1400 3879 1574 3950 Ἰησοῦ
1623 3881 1839 3934 πάντων
1871 3893 2042 3932 κατα-

469 3969 730 4039 φρόνησιν
770 3969 1152 4038 ποιησάμεναι.
1192 3970 1300 4022 Καὶ
1344 3971 1398 4023 ai
1434 3971 1638 4032 πᾶσαι,
1670 3971 1832 4038 φασὶ,
1873 3968 2043 4038 ψυχαὶ

467 4061 566 4130 τῆς
596 4061 768 4130 αὐτῆς
803 4061 1085 4130 δυνάμεως
1115 4059 1458 4131 ἠξιώθησαν,
1494 4057 1560 4132 ἧς
1593 4062 1685 4114 καὶ
1727 4060 1842 4113 τοῦ
1869 4060 2041 4130 Ἰησοῦ

470 4153 714 4220 ἠξίωται.
745 4151 836 4204 Διὸ
861 4154 953 4206 καὶ
977 4153 1152 4206 ταῦτά
1182 4170 1313 4221 φασι
1358 4157 1554 4223 χωρεῖν
1585 4153 1672 4206 διὰ
1700 4154 1879 4222 πάσης
1903 4154 2044 4226 πρά-

470 4245 624 4310 ξεως,
656 4245 905 4316 καθάπερ
935 4245 1124 4314 ἀμέλει
1155 4246 1248 4297 καὶ
1292 4247 1324 4314 ἡ
1368 4243 1465 4296 τοῦ
1505 4244 1678 4315 Ἰησοῦ
1711 4244 2039 4315 διελήλυθεν.

471 4337 532 4388 Εἰ
561 4336 619 4388 δὲ
654 4336 745 4388 καί
779 4352 864 4398 τις
897 4335 1058 4388 πάλιν
1097 4336 1352 4406 δυνηθείη
1399 4337 1539 4406 ὑπὲρ
1571 4337 1662 4388 τὸν
1701 4335 1906 4407 Ἰησοῦν
1947 4353 2046 4389 κα-

469 4427 827 4497 ταφρονῆσαι,
857 4426 1253 4497 διαφορώτερος
1285 4426 1438 4479 ἔσται
1465 4426 1650 4480 αὑτοῦ.

533 4600 612 4654 Τ’.
667 4598 1032 4671 Ἐπιχειροῦσι
1064 4601 1121 4652 δὲ
1164 4601 1275 4671 (85)
1316 4601 1366 4653 οἱ
1405 4602 1502 4671 τῆς
1541 4601 1800 4670 ἀθεμίτου
1840 4604 2044 4675 ταύτης

471 4695 664 4764 σχολῆς
719 4693 980 4756 παντοίας
1032 4694 1402 4764 ἐπιχειρήσεις
1463 4693 1650 4747 δεινῶν
1720 4696 1894 4766 ἔργων
1953 4698 2047 4750 καὶ

469 4786 782 4855 ὀλετηρίων.
831 4785 1048 4852 Μαγεία
1100 4785 1209 4854 γὰρ
1255 4785 1384 4854 παρ’
1433 4785 1618 4848 αὐτοῖς
1668 4787 2046 4857 ἐπινενόηται,

470 4877 681 4948 ἐπῳδάς
707 4895 766 4929 τε
792 4876 1080 4947 διαφόρους
1098 4876 1232 4944 πρὸς
1258 4877 1434 4928 πᾶσαν
1453 4878 1702 4948 μηχανὴν
1719 4878 2046 4948 ἐφηύραντο,

469 4971 608 5042 πρὸς
639 4971 836 5040 φίλτρα
867 4970 960 5022 καί
988 4969 1267 5037 ἀγώγιμα.
1299 4969 1371 5021 Οὐ
1403 4969 1507 5039 μὴν
1543 4969 1599 5021 δὲ
1623 4969 1760 5054 ἀλλὰ
1788 4971 1880 5022 καὶ
1910 4987 2049 5041 παρ-

471 5061 654 5130 έδρους
684 5059 941 5127 δαίμονας
973 5059 1185 5120 ἑαυτοῖς
1213 5058 1573 5121 ἐπισπῶνται,
1605 5063 1684 5122 είς
1711 5060 1774 5112 τὸ
1805 5061 1892 5114 διὰ
1917 5061 2047 5114 πολ-

469 5151 566 5220 λῆς
617 5148 954 5217 μαγγανείας
999 5149 1057 5199 ὲν
1104 5147 1320 5218 ἐξουσία
1369 5149 1578 5219 μεγάλῃ
1611 5151 1848 5213 πάντων,
1880 5153 2047 5220 φασὶ,

468 5233 776 5303 κυριεύειν,
823 5225 898 5284 ὧν
938 5249 998 5284 τε
1038 5232 1104 5285 ἂν
1137 5231 1314 5284 ἐθέλοι
1343 5233 1600 5297 ἕκαστος,
1643 5236 1736 5288 καὶ
1853 5237 2048 5308 πράξει

467 5328 765 5397 ἐπιχειρεῖν
809 5325 1129 5396 τολμήσειε,
1172 5324 1332 5396 δῆθεν
1377 5326 1602 5388 ἑαυτοὺς
1643 5326 2041 5396 ἐξαπατῶντες,

540 5530 650 5601 (85)
689 5528 1088 5602 Ἑπιχειροῦσι
1145 5528 1231 5602 δὲ.
1286 5528 1488 5586 Euseb.
1538 5531 1634 5585 lib.
1685 5548 1761 5594 tv,
1819 5548 1941 5602 cap.
1983 5536 2034 5595 7.

470 5603 661 5655 scribit
693 5601 1077 5669 Carpocratem
1113 5601 1312 5668 palam,
1349 5616 1410 5655 ac
1446 5602 1563 5654 sine
1593 5601 2040 5670 tergiversatione

473 5671 746 5725 maleﬁcas
776 5679 923 5724 artes
956 5685 1065 5737 pra:
1103 5686 1162 5723 se
1201 5671 1412 5723 tu’lisse.
1445 5674 1508 5724 Οί
1547 5671 1640 5724 καὶ
1671 5671 1765 5724 τοῦ
1796 5673 2040 5738 Σίμωνος

469 5743 568 5809 οὐχ
589 5741 664 5814 ᾡς
689 5743 903 5814 ἐκεῖνος
919 5739 1440 5814 κρύϐδηνΞνάλλίὴδη
1468 5743 1560 5814 καὶ
1583 5745 1661 5804 είς
1677 5739 1918 5814 Δφανερὸν
1942 5744 2041 5807 τὰς

473 5810 707 5883 μαγείας
733 5809 1082 5881 παραδιδόναι
1109 5809 1284 5880 ἠξίου,
1316 5809 1391 5875 ὡς
1417 5809 1509 5865 ἐπὶ
1550 5812 1806 5882 μεγάλοις
1827 5809 1905 5884 ’δὴ
1943 5831 2040 5883 μο-

2118 583 2395 638 immissas
2423 584 2494 638 ab
2523 585 2716 640 eodem
2747 584 2978 640 Parente
3012 587 3066 638 in
3093 587 3212 656 ejus
3246 589 3484 644 animam
3520 593 3696 647 virtu-

2119 682 2199 727 tes
2226 690 2349 729 esse
2377 675 2589 739 dicunt,
2615 685 2676 730 ut
2703 691 2892 730 eorum
2924 693 3045 746 qua:
3071 693 3356 747 aspexerat
3380 685 3690 750 recordata,

2119 767 2584 836 corroborataque
2625 768 2942 823 canditorcs
2969 768 3120 824 orbis
3149 772 3370 841 angelos
3410 773 3691 844 effugeret,

2120 857 2224 911 hoc
2279 859 2398 928 ipso
2444 860 2588 929 quod
2642 877 2738 930 per
2771 863 2952 914 omnia
3000 879 3183 918 rerum
3220 880 3340 934 quae
3384 867 3439 918 in
3490 868 3695 922 mundo

2121 958 2269 1010 sunt,
2292 952 2676 1021 actionumque
2709 969 2828 1022 qum
2853 955 2920 1008 ab
2955 954 3268 1010 hominibus
3297 958 3695 1027 suscipiuntur,

2120 1055 2318 1110 genera
2363 1044 2644 1106 transiret,
2684 1045 2928 1115 adeoque
2974 1049 3202 1101 scelesta
3247 1051 3696 1122 exsecrandaque

2067 1158 2075 1165 -
2122 1136 2431 1190 clanculum
2489 1136 2732 1191 facinora
2798 1149 3155 1209 perpetraret.
3216 1140 3286 1196 Ut
3345 1143 3419 1196 ita
3475 1143 3693 1199 demum

2123 1227 2432 1282 actionibus
2484 1230 2736 1286 omnibus
2798 1234 3114 1301 perfuncta,
3177 1234 3456 1306 liberaque
3505 1237 3695 1292 eadem

2123 1316 2250 1372 Jesu
2315 1321 2493 1373 anima
2556 1323 2894 1392 incognitum
2960 1329 3026 1379 ad
3077 1326 3362 1382 Parenlem
3430 1330 3694 1397 evolaret;

2126 1425 2154 1462 a
2212 1426 2320 1479 quo
2372 1413 2476 1467 illae
2523 1423 2682 1468 erant
2733 1417 2966 1472 virtutes
3009 1418 3286 1483 immissae,
3351 1436 3580 1489 quarum
3611 1422 3700 1477 hei-

2126 1502 2322 1556 neﬁeio
2368 1519 2463 1572 per
2504 1507 2688 1559 omnia
2741 1508 2821 1560 uti
2876 1508 3114 1564 diximus
3173 1510 3447 1563 actionum
3499 1514 3700 1582 genera

2125 1595 2396 1655 traducta,
2430 1598 2809 1668 exsolutaque,
2842 1615 3061 1652 sursum
3096 1601 3163 1654 ad
3197 1615 3320 1656 eum
3365 1611 3694 1670 penetraret;

2129 1686 2220 1740 Sic
2241 1703 2361 1756 quae
2390 1689 2510 1758 ejus
2541 1690 2748 1744 similes
2777 1699 2964 1744 essent
2990 1693 3202 1754 animae,
3229 1693 3420 1746 iisdem
3451 1695 3697 1749 addictas

2130 1781 2346 1845 studiis,
2396 1781 2696 1850 eodemque
2742 1783 2902 1837 modo
2963 1784 3221 1839 liberatas
3260 1784 3328 1838 ad
3361 1786 3700 1855 ineognitunt

2053 1862 2096 1918 Β
2127 1867 2410 1923 Parentem
2444 1872 2660 1926 evolare
2691 1888 2932 1936 sursum,
2961 1874 3090 1927 dum
3122 1873 3495 1930 fuhetionibus
3523 1879 3704 1931 omni-‘-

2131 1961 2231 2012 hus
2269 1962 2456 2022 obitis,
2486 1971 2541 2016 et
2587 1965 2655 2017 ab
2686 1966 2960 2019 universis
3005 1966 3206 2034 pariter
3234 1969 3499 2037 expeditae
3543 1968 3702 2022 dein-

2131 2066 2258 2118 ceps
2290 2052 2341 2104 in
2371 2052 2672 2106 libertatem
2702 2063 3044 2108 asseruntur.

2200 2139 2402 2196 Verum
2443 2145 2590 2213 quod
2640 2147 2820 2199 anima
2863 2145 2992 2201 Jesu
3043 2150 3096 2200 in
3144 2145 3456 2202 Judmorum
3501 2150 3698 2206 ritibus

2131 2234 2390 2296 enutrita,
2421 2237 2642 2306 angelos
2676 2238 2798 2293 illos
2821 2240 3261 2308 contempsisset.
3290 2241 3360 2295 ob
3393 2241 3444 2294 id
3471 2242 3700 2298 virtutes

2137 2327 2433 2394 accepisse,
2469 2329 2670 2396 quibus
2694 2345 2814 2382 cum
2848 2331 3165 2385 constitutis
3192 2331 3256 2383 ad
3295 2346 3484 2400 pmnas
3524 2333 3703 2387 homi-

2135 2432 2261 2470 num
2293 2421 2740 2487 perpessionibus
2770 2420 2992 2490 defungi
3031 2423 3318 2490 potuisset,
3353 2424 3542 2476 mundi
3580 2425 3702 2478 illos

2135 2510 2463 2564 architectos
2488 2511 2906 2565 transcenderit.
2931 2511 3116 2582 Neque
3141 2522 3267 2566 ver‘o
3298 2514 3350 2567 id
3380 2529 3544 2567 unam
3571 2515 3700 2570 Jesu

2136 2598 2370 2650 anitnam
2410 2600 2669 2668 perlicere
2710 2604 2989 2669 potuisse;
3040 2601 3134 2656 sed
3183 2613 3236 2656 et
3274 2603 3434 2656 aliam
3471 2605 3708 2673 quamlis

2135 2688 2243 2750 bet,
2271 2703 2390 2757 quze
2425 2705 2518 2758 per
2552 2691 2798 2744 actiones
2828 2691 3098 2760 ejusmodi
3139 2695 3524 2762 progressione
3559 2695 3704 2748 laeta

2137 2794 2304 2847 super
2347 2780 2661 2835 conditores
2717 2782 2872 2835 orbis
2920 2783 3143 2852 angelos
3191 2783 3372 2838 ell‘erri
3421 2787 3703 2854 p0tuerit:

2137 2869 2252 2924 haac
2278 2872 2422 2924 enim
2454 2873 2500 2926 si
2532 2873 2675 2927 vires
2705 2874 2974 2942 acceperit
2995 2875 3145 2942 paria
3179 2890 3302 2928 cum
3333 2875 3463 2932 Jesu
3490 2878 3710 2932 eadem-'

2139 2979 2245 3031 que
2275 2964 2574 3032 praestabit,
2599 2973 2659 3016 ut
2687 2965 2848 3033 paulo
2891 2974 3016 3020 ante
3053 2967 3308 3021 diximus.
3343 2967 3418 3020 Ex
3452 2985 3562 3039 quo
3603 2971 3709 3024 mia1

2140 3053 2249 3107 seri
2279 3053 2368 3107 isti
2402 3055 2719 3124 impostoris
2757 3055 2903 3109 illius
2944 3055 3134 3110 fraude
3173 3056 3383 3127 decepti
3419 3066 3528 3111 tam
3567 3060 3712 3114 into;

2144 3145 2350 3198 lerabili
2396 3147 2707 3216 arrogantia
2759 3155 2920 3211 sunt,
2977 3155 3037 3200 ut
3083 3163 3142 3203 se
3183 3150 3267 3203 vel
3319 3150 3536 3219 ipsimet
3577 3149 3709 3207 Jesu

2145 3236 2554 3304 anteponendos
2593 3237 2928 3292 existiment.
2964 3237 3168 3291 Horum
3203 3239 3293 3292 alii
3316 3237 3440 3293 "non
3488 3241 3712 3310 quidem

2139 3325 2291 3387 Jesu,
2321 3327 2414 3380 sed
2447 3325 2628 3391 Petro,
2664 3327 2916 3391 Andreae,
2952 3327 3144 3396 Paulo,
3191 3333 3403 3386 czeteris
3447 3333 3711 3402 apostolis

2140 3427 2402 3485 prmstare
2441 3433 2590 3488 .sese
2655 3417 2846 3472 dicunt
2903 3436 3026 3474 cum
3087 3421 3421 3476 abundantia
3474 3423 3714 3492 quadam

2142 3508 2406 3569 scientim,
2443 3517 2557 3562 tum
2591 3512 2734 3579 quod
2769 3512 3181 3580 progressiones
3216 3515 3396 3568 varias
3423 3527 3486 3566 ae
3517 3513 3714 3568 decur-

2143 3615 2240 3653 sus
2278 3601 2439 3670 longe
2487 3602 2553 3656 iis
2601 3603 2936 3656 cumulatius
2975 3603 3229 3657 obierint.
3281 3603 3538 3658 Nonnulli
3584 3621 3715 3660 vero

2143 3700 2270 3745 sunt
2299 3693 2390 3762 qui
2418 3693 2558 3746 inter
2587 3709 2645 3747 se
2673 3708 2736 3747 ac
2764 3693 3050 3748 Dominum
3081 3704 3324 3749 nostrum
3355 3694 3539 3750 Jesum
3561 3696 3717 3750 Chri-

2143 3792 2285 3838 stum
2313 3786 2448 3840 nihil
2479 3787 2745 3843 interesse
2768 3800 3046 3844 censeant.
3080 3787 3289 3858 Quippe
3313 3789 3506 3842 anima:
3528 3804 3596 3844 ex
3622 3804 3718 3843 ea-'

2142 3877 2262 3932 dem
2285 3894 2472 3935 omnes
2489 3881 2810 3935 circuitione
2831 3891 2978 3945 sunt,
3002 3881 3359 3952 eumdemque
3380 3897 3538 3951 quem
3553 3879 3716 3937 Jcsus

2143 3979 2510 4040 contemptum
2543 3989 2723 4027 rerum
2751 3975 2994 4028 omnium
3025 3981 3401 4042 susceperunt.
3438 3972 3718 4027 Universae

2142 4078 2326 4132 porro,
2364 4065 2636 4134 inquiunt,
2670 4066 2859 4121 eadem
2896 4082 3002 4136 qua
3031 4066 3159 4120 Jesu
3199 4066 3379 4119 anima
3411 4065 3462 4117 vi
3494 4073 3622 4119 sunt
3651 4071 3716 4118 ac

2141 4152 2342 4207 virtute
2366 4155 2620 4222 praeditaa.
2650 4154 2882 4226 Ideoque
2907 4157 3131 4226 perinde
3159 4157 3278 4211 lllas
3309 4173 3404 4226 per
3438 4157 3715 4210 actionum

2145 4255 2343 4309 genera
2375 4244 2556 4294 omnia
2602 4245 2835 4306 traduci,
2887 4244 3346 4314 quemadmodum
3383 4243 3510 4300 Jesu
3534 4247 3718 4299 anima

2146 4347 2436 4402 progressa
2472 4335 2563 4388 sit.
2602 4333 2756 4401 Quod
2790 4336 2948 4407 104
2971 4336 3016 4391 si
3043 4337 3268 4406 reperiri
3305 4336 3486 4407 aliqua
3519 4337 3714 4407 possit,

2144 4441 2264 4493 quae
2291 4427 2549 4495 majorem
2575 4443 2736 4497 quam
2759 4425 2915 4482 Jcsus
2947 4435 3318 4497 contemptum
3343 4431 3627 4499 suscipiat,
3651 4443 3719 4483 ea

2076 4545 2120 4600 Β
2150 4516 2250 4584 ipsi
2283 4517 2500 4571 demum
2534 4520 2836 4573 antecellet.

2221 4607 2306 4661 Ill.
2341 4607 2608 4663 Caeterum
2634 4612 2967 4666 detestandae
2989 4612 3290 4682 disciplinae
3318 4611 3484 4682 hujus
3512 4613 3717 4666 alumni

2146 4699 2486 4753 horribilintn
2522 4718 2584 4754 ac
2631 4703 3037 4757 teterritnorum
3080 4705 3382 4758 facinorum
3429 4705 3575 4758 varia
3624 4720 3691 4774 ge

2147 4807 2277 4859 nera
2310 4793 2630 4848 moliuntur.
2679 4795 2812 4848 Nam
2856 4806 2909 4850 et
2946 4797 3221 4851 tnalellcas
3265 4805 3411 4851 artes
3441 4806 3718 4857 exercent.

2147 4891 2199 4935 et
2239 4884 2304 4936 ad
2343 4886 2703 4940 machinanda
2731 4889 3002 4956 quaelibet.
3050 4889 3306 4942 venelicia
3352 4897 3405 4940 et
3436 4887 3719 4940 cautiones

2147 4976 2553 5042 excogitarunt,
2581 4977 2731 5030 velut
2761 4977 2827 5030 ad
2855 4977 3054 5046 philtra
3084 4988 3138 5032 et
3167 4978 3368 5030 amoris
3397 4977 3682 5031 illecebras
3702 4997 3718 5028 τ

2147 5063 2257 5116 imo
2289 5068 2447 5119 etiam
2493 5067 2789 5122 familiares
2837 5071 2942 5124 sibi
2983 5069 3251 5138 quosdam
3299 5069 3570 5121 daemones
3604 5068 3694 5121 alii

2148 5153 2320 5221 ciunt,
2350 5166 2407 5210 ut
2440 5159 2829 5228 multiplicibus
2862 5161 2931 5214 iis
2976 5160 3262 5230 praestigiis
3290 5172 3560 5214 summam
3592 5157 3724 5220 sibi,

2155 5254 2214 5297 ut
2243 5247 2417 5310 aiunt,
2471 5250 2524 5302 in
2557 5251 2738 5303 omnia
2773 5258 3096 5319 potestatem
3127 5249 3428 5310 vindicent,
3481 5261 3543 5301 ac
3578 5247 3720 5316 quml

2153 5337 2350 5406 cuique
2392 5339 2631 5404 libuerit,
2679 5348 2734 5395 et
2769 5339 3136 5410 quodcunque
3168 5349 3325 5408 agere
3378 5339 3433 5392 in
3479 5338 3722 5391 animum

2145 5543 2355 5616 quooxt
2387 5545 2772 5616 σεμνυνόμενοι
2804 5549 2918 5616 τοῖς
2944 5546 3082 5599 κατὰ
3113 5543 3433 5616 περιεργίαν
3458 5544 3596 5614 πρὸς
3627 5545 3722 5596 αύ-

2143 5610 2251 5663 τῶν
2277 5610 2714 5686 έζπιτελουμένοις
2757 5615 3018 5686 φίλτροις,
3050 5610 3470 5686 ὀνειροπομποῖς
3504 5610 3586 5674 τε,
3631 5619 3722 5668 καὶ

2145 5682 2437 5757 παρέδροις
2458 5682 2564 5757 τισί
2589 5682 2824 5757 δαίμοσι,
2853 5682 2945 5737 κάὶ
2967 5686 3152 5750 ἄλλαις
3168 5682 3558 5757 ’ὁμοιότράποις
3590 5687 3712 5754 ἀτθ

2147 5755 2289 5819 γαῖς.
2317 5753 2514 5809 Eadem
2545 5753 2702 5811 habet
2732 5756 2986 5812 Ιτριιωυει
