4170 6372
442 341 546 398 367

1845 347 1902 402 s.
1946 312 2313 401 EPIPHANII-

3613 345 3718 403 568

422 460 753 525 incurrerit,
801 461 854 515 id
888 462 1068 532 ipsum
1104 463 1305 518 audeat
1351 437 1650 535 suscipere.
1703 465 1816 520 Hoc
1850 474 2020 521 autem

2138 468 2274 539 πρὸς
2302 467 2673 540 πληροφορίαν
2695 469 2794 538 τῆς
2814 465 3231 536 τετυφλωμένης
3252 463 3430 518 αὐτῶν
3457 464 3715 531 διανοίας,

440 566 506 604 eo
525 553 760 608 consilio
786 552 1014 619 faciunt,
1042 555 1213 624 quod,
1237 556 1313 609 uti
1332 556 1701 611 miserandum
1727 558 1782 611 in
1806 558 2027 612 modum

440 642 651 713 decepti
682 655 830 708 sunt,
856 658 1007 702 certo
1036 648 1143 703 sibi
1168 649 1555 717 persuadeant,
1584 664 1678 718 per
1701 656 1780 702 tot
1809 656 2030 717 tamque

440 736 660 791 diversa
694 736 939 793 facinora
973 740 1159 795 mundi
1188 740 1616 795 fabricator-ibus
1646 740 1875 807 angelis.
1912 755 2031 793 om-

440 828 715 898 nii-usque
741 845 862 899 qua:
891 830 945 884 in
977 830 1181 886 mundo
1212 839 1342 885 sunt
1373 830 1667 900 prostratis
1694 846 1759 884 ac
1786 838 2030 884 contem-

442 918 576 989 ptis,
614 920 832 973 illorum
871 936 932 974 se
970 935 1079 974 non
1115 919 1329 983 mundi,
1365 921 1461 975 sed
1499 920 1808 974 fabularum
1847 920 2028 989 potius

444 1010 719 1066 artificum
756 1018 1084 1081 potestatem
1122 1013 1471 1082 transgredi;
1507 1028 1616 1081 quo
1654 1014 1936 1068 cwlestem
1971 1013 2030 1066 li-

442 1102 707 1158 bertatem
743 1104 1048 1169 obtineant,
1089 1114 1142 1159 et
1176 1120 1395 1159 sursum
1428 1106 1675 1174 aspirare
1699 1113 1863 1174 atque
1894 1120 2025 1158 evo-

441 1196 556 1250 lare
597 1198 832 1265 possint.
883 1198 1038 1263 ρυοά
1088 1198 1370 1251 hominum
1423 1214 1594 1267 genus
1645 1198 1712 1252 ad
1766 1198 2027 1253 Ecclesiae

446 1283 534 1339 Dei
574 1286 833 1356 probrum
882 1296 937 1343 et
979 1287 1365 1342 oll‘endiculum
1394 1290 1693 1344 adornasse
1724 1304 1786 1343 ac
1819 1289 2027 1344 submi-

442 1378 584 1432 sisse
619 1377 852 1434 Satanas
890 1380 1103 1434 videtur
1138 1399 1151 1435 :
1207 1381 1408 1450 quippe
1448 1382 1541 1450 qui
1586 1380 2025 1437 Christianorum

442 1470 545 1524 sibi
578 1486 776 1525 nomen
805 1470 1122 1537 indiderint,
1166 1483 1224 1526 ut
1266 1480 1487 1543 propter
1516 1473 1639 1530 illos
1678 1473 1896 1529 offensa!
1928 1490 2026 1528 na-

440 1563 618 1618 tiones
648 1562 718 1617 ab
748 1570 953 1617 sancta:
982 1563 1075 1618 Dei
1106 1564 1362 1619 Ecclesia:
1398 1565 1632 1619 utilitate
1667 1564 2022 1630 abhorreant,

439 1652 855 1721 nuntiatamque
888 1654 1175 1707 veritatem
1225 1654 1296 1707 ob
1339 1655 1599 1708 immania
1637 1655 1850 1709 illorum
1892 1654 2026 1708 faci-

438 1759 595 1810 nora,
631 1754 684 1799 et
714 1744 1090 1799 incredibilem
1136 1746 1439 1814 nequitiam
1477 1745 1797 1815 repudient;
1828 1754 1906 1811 ut,
1940 1746 2025 1799 in-

2132 559 2212 611 ὅτι
2258 559 2313 611 αἱ
2354 557 2599 610 τοιαῦται
2644 559 3007 628 ἐγχειρήσεις,
3044 553 3444 623 κατισχύσασαι
3485 553 3720 608 διάστῶν

2128 647 2400 701 τοσούτων
2426 647 2698 717 πράξεων,
2730 648 2824 699 καὶ
2847 648 3331 718 καταφρονήσασαι
3363 645 3475 696 τῶν
3513 661 3717 714 κοσμο-

2130 738 2300 793 ποιῶν
2326 740 2594 807 ἀγγέλων,
2626 740 2719 793 καὶ
2743 737 2851 792 τῶν
2879 742 2935 791 ἐν
2964 738 3042 807 τῷ
3071 736 3261 807 κόσμῳ
3283 777 3295 797 ,
3329 736 3718 807 ὑπερϐαίνουσι

2128 830 2225 900 τὴν
2253 831 2359 883 τῶν
2388 831 2565 883 αὐτῶν
2592 830 2921 901 μυθοποιῶν,
2950 830 3011 882 ού
3043 829 3152 900 γάρ
3176 830 3241 881 ἂν
3273 829 3481 897 εἴποιμι
3514 844 3717 895 κοσμο-

2131 922 2318 987 ποιῶν,
2352 922 2621 988 ἐξουσίαν,
2653 923 2802 985 ὅπως
2831 921 2896 975 ἂν
2928 922 3027 991 τὴν
3052 923 3163 975 ἄνω
3195 918 3514 990 ἐλευθερίαν
3541 919 3717 971 ἀσπά-

2132 1029 2363 1073 σωνται,
2406 1012 2498 1064 καὶ
2526 1012 2624 1082 τὴν
2653 1011 2766 1065 ἄνω
2801 1011 2998 1079 πτῆσιν
3035 1010 3349 1078 κτήσαιντο.
3407 1006 3528 1058 Εἰσὶ
3559 1006 3614 1057 δέ
3651 1007 3717 1056 ἐκ

2128 1098 2222 1152 τοῦ
2260 1100 2475 1152 Σατανᾶ
2508 1100 2617 1168 (84)
2651 1098 3177 1171 παρεσκευασμένοι,
3212 1098 3309 1149 καὶ
3342 1095 3717 1166 προϐεϐλημέ-

2129 1208 2208 1243 νοι
2241 1194 2320 1255 εἰς
2346 1192 2544 1255 ὄνειδος
2591 1193 2686 1245 καὶ
2717 1193 3010 1245 σκάνδαλον
3050 1192 3151 1261 τῆς
3180 1190 3274 1243 τοῦ
3310 1187 3446 1243 Θεοῦ
3486 1188 3716 1258 Ἐκκλη-

2130 1285 2271 1348 σίας.
2331 1284 2618 1337 Ἐπέθεντο
2666 1287 2772 1356 γὰρ
2829 1286 3039 1348 ἑαυτοῖς
3093 1284 3323 1351 ἐπίκλην
3378 1278 3714 1353 Χριστιανοί,

2128 1378 2265 1449 πρὸς
2307 1377 2367 1430 τὸ
2399 1378 2842 1442 σκανδαλίζεσθαι
2871 1378 2937 1431 τὰ
2966 1377 3093 1447 ἔθνη
3120 1379 3186 1429 δι’
3216 1375 3414 1439 αὐτῶν,
3460 1374 3552 1427 καὶ
3582 1374 3716 1425 ἀπο-

2131 1467 2459 1539 στρέφεσθαι
2487 1469 2584 1539 τὴν
2614 1469 2714 1537 τῆς
2748 1468 2911 1536 ἁγίας
2934 1467 3026 1519 τοῦ
3058 1466 3193 1519 Θεοῦ
3231 1464 3558 1535 Ἐκκλησίας
3580 1463 3717 1533 ὠφέ-

2128 1562 2297 1626 λειαν,
2346 1563 2439 1615 καλ⁵
2484 1562 2544 1615 τὸ
2592 1562 2842 1632 ἀληθινὸν
2897 1564 3157 1633 κήρυγμα
3207 1560 3293 1613 διὰ
3342 1561 3441 1630 τῆς
3491 1558 3716 1611 ἐκείνων

2127 1656 2570 1727 ἀθεμιτουργίας,
2606 1656 2697 1707 καὶ
2726 1655 3048 1707 ἀνεικάστου
3086 1654 3498 1725 κακοπραγίας,
3532 1653 3612 1714 είς
3654 1651 3715 1703 τὸ

2129 1746 2198 1799 τά
2236 1746 2361 1818 ἔθνη
2397 1746 2760 1799 κατανοοῦντα
2801 1746 2982 1798 αὐτῶν
3011 1746 3080 1799 τὰ
3118 1746 3393 1815 ἐπάλληλα
3428 1745 3567 1815 ἔργα
3604 1744 3715 1795 τῶν

439 1850 629 1903 quam,
654 1834 1033 1903 frequentibus
1080 1835 1294 1887 illorum
1333 1836 1632 1889 sceleribus
1671 1836 2020 1890 animadver-

2127 1839 2596 1908 ἀθεμιτουργιῶν,
2630 1839 2929 1907 νομίσαντα
2976 1840 3071 1891 καὶ
3116 1839 3241 1902 τοὺς
3274 1838 3373 1908 τῆς
3419 1837 3580 1903 ἁγίας
3617 1832 3713 1887 τοῦ

438 1928 539 1990 sis,
567 1941 662 1981 eos
690 1941 905 1997 quoque
931 1926 1024 1994 qui
1049 1942 1078 1979 e
1101 1936 1291 1981 sancta
1317 1926 1409 1981 Dei
1456 1927 1701 1981 Ecclesia
1736 1934 1863 1981 sunt
1890 1927 2027 1984 tales

438 2033 562 2072 esse
596 2017 701 2072 sibi
732 2018 1116 2088 persuadeant,
1167 2026 1331 2088 atque
1365 2019 1439 2071 ita
1475 2019 1544 2073 ab
1582 2019 1870 2075 verissima
1906 2017 2024 2074 Dei.

439 2111 519 2163 uti
542 2109 802 2173 diximus,
828 2109 1080 2163 doctrina
1108 2124 1269 2163 aures
1294 2116 1572 2173 avertant;
1605 2115 1698 2160 aut
1721 2088 1870 2162 certe
1896 2123 2028 2177 pau-

439 2216 628 2255 corum
671 2200 1023 2269 improbitate
1067 2210 1360 2270 conspecta
1404 2202 1457 2255 in
1506 2203 1795 2257 universos
1834 2202 2024 2257 eadem

438 2292 731 2347 maledicta
769 2294 1088 2362 conjiciant.
1133 2294 1310 2363 Atque
1346 2309 1409 2347 ea
1454 2294 1669 2348 demum
1707 2309 1873 2347 causa
1916 2304 2021 2359 est,

444 2399 551 2439 cur
581 2385 828 2454 plerique
855 2386 1160 2455 gentilium,
1198 2386 1512 2455 ubicunque
1540 2388 1700 2440 istius
1734 2396 1895 2441 seclzn
1926 2386 2023 2440 ho-

440 2477 617 2532 mines
634 2476 1115 2546 deprehenderint,
1131 2478 1335 2530 nullam
1355 2476 1639 2531 uobiscum
1657 2478 1827 2530 velint
1846 2492 2021 2546 neque

438 2568 551 2623 dati
582 2570 921 2639 acceptique,
962 2585 1137 2639 neque
1159 2570 1397 2633 consilii,
1437 2584 1613 2638 neque
1642 2568 1896 2623 audiendi
1930 2570 2015 2624 di-

2136 1929 2270 1981 Θεοῦ
2315 1930 2640 1999 Ἐκκλησίας
2679 1930 2953 1990 τοιούτους
2998 1924 3173 1993 εἶναι,
3210 1930 3596 1999 ἀποστρέφειν,
3638 1926 3717 1989 ὡς

2136 2022 2229 2075 καὶ
2278 2026 2557 2093 προεῖπον,
2607 2023 2705 2093 τὴν
2749 2023 2917 2093 ἀκοὴν
2965 2022 3072 2076 ἀπὸ
3116 2022 3215 2091 τῆς
3260 2022 3351 2075 τοῦ
3396 2021 3531 2073 Θεοῦ
3572 2020 3714 2073 κατά

2134 2114 2392 2185 ἀλήθειαν
2422 2114 2803 2177 διδασκαλίας·
2841 2114 2872 2184 ἢ
2917 2116 3010 2167 καὶ
3061 2114 3304 2184 ὁρῶντάς
3361 2130 3513 2175 τινας
3577 2112 3715 2164 πάν-

2131 2208 2264 2270 τως²
2287 2207 2484 2276 ὁμοίως
2513 2205 2865 2275 βλασφημεῖν.
2885 2208 2994 2259 Καὶ
3013 2206 3200 2258 τούτου
3225 2207 3386 2258 ἕνεκα
3416 2207 3464 2257 οἱ
3496 2204 3715 2265 πλείους

2128 2298 2234 2351 τῶν
2274 2298 2477 2357 ἐθνῶν,
2516 2300 2651 2351 ὅπου
2695 2297 2738 2349 δ’
2784 2297 2849 2350 ἂν
2898 2298 3049 2350 ἴδωσι
3095 2298 3403 2359 τοιούτους,
3451 2296 3573 2348 οὔτε
3620 2295 3715 2347 ἐπὶ

2128 2391 2382 2461 κοινωνίᾳ
2414 2394 2544 2462 ἡμῖν
2581 2392 2978 2462 προσφέρονται
3002 2391 3346 2461 ληψοδοσίας,
3386 2390 3417 2459 ἢ
3462 2388 3708 2458 γνώμης,

2125 2482 2158 2553 ἢ
2204 2483 2372 2552 ἀκοῆς
2419 2482 2578 2550 λόγου
2624 2481 2806 2545 θείου,
2858 2480 2981 2533 οὔτε
3024 2481 3121 2550 τὴν
3170 2480 3340 2549 ἀκοὴν
3386 2479 3707 2541 ἐπιτιθέασιν,

2124 2574 2459 2643 ἐπτυρμένοι
2506 2574 2614 2626 ἀπὸ
2647 2573 2747 2643 τῆς
2781 2573 2888 2626 τῶν
2918 2573 3197 2643 ἀθεμίτων
3231 2572 3636 2642 ἀνοσιουργίας.

435 2668 548 2721 vini
582 2667 733 2721 verhi
767 2666 1079 2720 societatem
1110 2665 1466 2737 conjungere,
1503 2679 1567 2718 ac
1598 2681 1667 2719 ne
1696 2680 1858 2720 aures
1912 2666 2132 2735 quidem
2175 2670 2419 2739 przrbere
2463 2669 2803 2736 sustineant;
2855 2668 3166 2738 usqueadeo
3216 2668 3440 2723 uelariis
3492 2668 3707 2721 illorum

436 2757 655 2827 flagitiis
689 2756 1049 2819 consternati,
1091 2770 1152 2807 ac
1186 2755 1431 2809 deterriti
1473 2762 1623 2808 sunt.

507 2847 596 2902 IV.
633 2848 805 2901 Porro
839 2848 927 2901 isti
962 2847 1016 2899 in
1049 2847 1175 2900 luxu
1208 2855 1370 2914 atque
1400 2846 1614 2901 deliciis
1644 2845 1865 2900 assidue
1900 2861 2024 2899 ver-

438 2948 651 3003 santur,
699 2939 945 3008 nihilque
984 2953 1093 2991 non
1134 2939 1200 2991 ad
1243 2952 1534 3006 c0rporum
1582 2938 1914 3006 voluptatem
1957 2952 2022 2991 ac

434 3032 835 3103 iucunditatem
873 3031 1215 3099 suscipiunt:
1247 3046 1422 3098 neque
1450 3029 1513 3084 ad
1548 3046 1646 3084 nos
1680 3030 1897 3099 penitus
1936 3044 2023 3083 ac-

2192 2847 2265 2898 A'.
2308 2846 2428 2898 Elcl.
2463 2846 2519 2898 δὲ
2555 2847 2612 2898 ἐν
2647 2845 2855 2916 ἀσωτίᾳ
2887 2847 3257 2910 διατελοῦντες
3283 2842 3450 2907 οῦτοι,
3483 2848 3578 2901 κα)⁵
3601 2849 3711 2902 πᾶν

2120 2939 2297 2991 ὁτιοῦν
2336 2938 2693 3009 ἐργαζόμενοι
2734 2938 2869 3009 πρὸς
2922 2940 3219 2993 εὐπάθειαν
3255 2941 3543 3010 σωμάτων,
3580 2943 3711 3011 ἡμῖν

2119 3027 2176 3079 δέ
2206 3028 2341 3090 ὅλως
2372 3028 2471 3080 ούκ
2505 3029 2836 3096 ἐγγίζοντες,
2865 3030 2912 3080 εί
2947 3031 3019 3099 μή
3050 3048 3102 3081 τι
3133 3030 3240 3101 ἄρα
3271 3031 3407 3101 πρὸς
3435 3032 3496 3083 τὸ
3522 3031 3708 3083 δελεά-

438 3126 663 3187 cedunt,
706 3124 809 3177 nisi
858 3122 997 3175 forte
1045 3130 1099 3175 ut
1146 3122 1445 3175 imbecilles
1492 3123 1705 3177 animos
1754 3122 1821 3175 ad
1854 3122 2017 3191 impia

2126 3137 2211 3172 σαι
2244 3119 2419 3189 ψυχὰς
2449 3121 2808 3190 ἀστηρίκτους
2833 3123 2888 3172 ἐν
2915 3125 2980 3192 τῇ
3008 3122 3187 3173 αὐτῶν
3217 3124 3702 3195 κακοδιδασκαλίᾳ.

439 3232 537 3283 sua
565 3215 817 3283 dogmata
860 3213 1156 3282 pelliciant.
1216 3210 1401 3280 Neque
1436 3212 1582 3265 enim
1616 3210 1719 3263 alia
1768 3226 1827 3264 re
1857 3210 2018 3263 nobis

440 3280 664 3362 similes
698 3280 876 3368 sunt;
902 3318 1065 3374 quam
1095 3301 1241 3372 quod
1283 3301 1399 3357 solo
1447 3300 1747 3355 Christiani
1798 3299 2020 3354 nomine

437 3398 762 3470 gloriantur,
795 3403 854 3449 ut
876 3396 1120 3450 ementiti
1150 3394 1313 3462 hujus
1340 3392 1589 3447 vocabuli
1615 3391 1797 3463 specie
1825 3392 2021 3459 impro-

440 3491 660 3544 bitatem
685 3502 840 3542 suam
864 3492 1172 3541 exerceant.
1190 3484 1295 3538 Sed
1325 3484 1540 3547 horum,
1559 3483 1714 3552 105
1741 3482 1818 3536 uti
1847 3482 2020 3550 scrip-

438 3587 554 3632 tum
570 3586 676 3640 est,
692 3577 959 3647 judicium
982 3576 1283 3644 legitimum
1306 3584 1410 3641 est,
1426 3575 1477 3627 id
1496 3574 1643 3643 quod
1660 3574 1862 3627 Paulus
1890 3589 2019 3643 apo-

438 3668 849 3726 stolustradidit
868 3670 907 3723 ¹.
925 3667 1203 3738 Siquidem
1227 3675 1446 3738 propter
1482 3667 1847 3721 abominanda
1872 3667 2015 3735 ipso-

438 3776 561 3816 rum
589 3761 752 3826 facta,
782 3774 994 3815 merces
1017 3759 1125 3813 illis
1154 3770 1523 3813 consentanea
1555 3758 1849 3825 reddetur;
1890 3773 2015 3811 nam

439 3867 563 3907 cum
595 3852 837 3905 animum
869 3866 1027 3905 suum
1064 3849 1180 3918 rapi
1219 3849 1461 3904 libidinis
1492 3850 1694 3917 impetu
1729 3862 1793 3902 ac
1831 3848 2018 3901 furore

439 3944 809 4016 permiserint,
833 3944 887 3997 in
917 3944 1126 3998 infinita
1152 3959 1273 3999 sese
1294 3944 1634 4013 voluptatum
1657 3958 1855 4014 genera
1879 3959 2018 4012 prae-

442 4037 638 4105 cipites
671 4035 1040 4089 committunt.
1073 4035 1150 4088 lta
1171 4036 1313 4089 enim
1345 4034 1650 4105 disputant,
1676 4050 1798 4105 quae
1825 4036 1892 4089 ab
1920 4036 2016 4088 ho-

439 4128 680 4183 minibus
706 4127 845 4180 mala
871 4126 1212 4197 judicantur,
1243 4143 1304 4183 ea
1334 4128 1560 4181 minime
1590 4128 1729 4180 mala
1750 4142 1891 4191 esse,
1919 4127 2013 4181 sed

437 4221 665 4275 honesta
691 4227 908 4274 natura.
949 4219 1095 4273 Nihil
1123 4221 1269 4274 enim
1304 4228 1500 4275 natura
1525 4221 1726 4274 malum
1758 4229 1876 4285 est;
1919 4220 2016 4275 sed

438 4314 506 4365 ab
528 4312 838 4366 hominibus
860 4311 1127 4366 duntaxat
1148 4327 1314 4381 prava
1339 4322 1651 4367 censentur.
1679 4312 1809 4378 Quae
1829 4312 1875 4367 si
1892 4315 2015 4382 quis

437 4403 622 4457 Omnia
666 4403 719 4455 in
772 4403 874 4457 hac
924 4418 1031 4457 una
1074 4404 1328 4473 praesenti
1378 4406 1487 4459 vita
1533 4404 1845 4475 perfecerit,
1896 4405 2015 4473 ejus

2124 3213 2218 3274 Εἰς
2244 3211 2396 3264 οὐδὲν
2431 3211 2538 3281 γάρ
2559 3214 2690 3282 ἡμῖν
2719 3212 3050 3282 ὁμοιοῦνται,
3079 3214 3110 3284 ἢ
3145 3214 3304 3283 μόνον
3347 3215 3574 3284 ὀνόματι
3606 3234 3707 3268 κα-

2122 3301 2328 3355 λεῖσθαι
2359 3302 2733 3372 σεμνύνονται,
2761 3304 2908 3365 ὅπως
2934 3302 3021 3355 διὰ
3048 3302 3140 3355 τοῦ
3170 3303 3433 3373 ὀνόματος
3465 3304 3559 3356 τοῦ
3582 3305 3705 3357 ἐπι-

2122 3394 2360 3446 πλάστου
2403 3393 2472 3446 τά
2519 3394 2617 3463 τῆς
2654 3394 2861 3447 ἑαυτῶν
2906 3394 3103 3456 κακίας
3133 3395 3496 3464 ἐργάσωνται.
3544 3394 3616 3447 Τὸ
3652 3396 3709 3448 δὲ

2122 3488 2296 3555 κρῖμα
2346 3484 2552 3536 τούτων
2600 3484 2743 3537 κατὰ
2784 3485 2844 3537 τὸ
2887 3486 3269 3556 γεγραμμένον
3300 3485 3502 3539 ἔνδικόν
3538 3488 3708 3549 ἐστιν,

2119 3574 2194 3637 ὡς
2236 3576 2264 3626 ό
2308 3574 2461 3643 ἅγιος
2498 3574 2707 3637 Παῦλος
2752 3578 2781 3627 ὁ
2828 3575 3122 3638 ἀπόστολος
3164 3576 3301 3646 ἔφη’
3338 3576 3425 3629 διὰ
3470 3576 3578 3646 γὰρ
3610 3576 3709 3639 τὰς

2121 3664 2296 3727 κακάς
2328 3663 2509 3715 αὐτῶν
2554 3664 2781 3732 πράξεις
2818 3665 2880 3717 τὸ
2919 3666 3273 3735 ἀνταπόδομα
3311 3667 3708 3737 ἀποδοθήσεται

2120 3755 2321 3817 αὐτοῖς,
2358 3754 2553 3816 Ἀδεῶς
2576 3756 2684 3826 γὰρ
2710 3756 2801 3807 τὸν
2835 3755 2960 3810 νοῦν
2988 3756 3167 3810 αὐτῶν
3195 3759 3275 3820 εἰς
3306 3755 3519 3829 οἶστρον
3552 3759 3705 3811 ἐκδε-

2118 3845 2386 3909 δωκότες,
2433 3844 2663 3898 πάθεσιν
2708 3845 2912 3915 ἡδονῶν
2959 3848 3168 3917 μυρίων
3212 3849 3439 3911 ἑαυτοὺς
3473 3849 3705 3919 παραδε-

2120 3938 2348 3993 δώκασι.
2384 3939 2520 3991 Φασὶ
2550 3939 2688 4009 γὰρ,
2725 3940 2805 3992 ὅτι
2849 3941 2949 3992 ὅσα
2991 3940 3270 4009 νομίζεται
3304 3940 3457 4009 παρά
3496 3939 3708 4011 ἀνθρὼ-

2120 4046 2242 4090 ποις
2271 4027 2419 4081 κακά
2450 4023 2612 4091 εἶναι,
2644 4030 2703 4080 ού
2742 4028 2886 4080 κακὰ
2917 4029 3174 4098 ὑπάρχει,
3201 4029 3334 4081 ἀλλά
3360 4030 3519 4097 φύσει
3542 4031 3704 4082 καλά.

2120 4120 2282 4174 Οὐδὲν
2323 4122 2432 4191 γάρ
2465 4122 2581 4173 ἐστι
2617 4120 2774 4188 φύσει
2810 4120 2977 4173 κακόν
3001 4136 3014 4149 ο
3054 4124 3168 4182 τοῖς
3200 4120 3256 4171 δὲ
3285 4120 3591 4191 ἀνθρώποις
3621 4138 3706 4172 νο-

2122 4210 2334 4280 μίξεται
2364 4208 2504 4263 εἶναι
2525 4211 2724 4280 φαῦλα,
2758 4212 2866 4263 Καὶ
2890 4212 3060 4264 ταῦτα
3091 4212 3269 4264 πάντα
3295 4212 3389 4265 ἐὰν
3415 4229 3497 4274 τις
3523 4211 3707 4282 πράξῃ

2120 4305 2176 4356 ἐν
2209 4307 2274 4374 τῇ
2309 4306 2405 4375 μιᾷ
2437 4304 2606 4376 ταύτῃ
2637 4305 2931 4375 παρουσίᾳ,
2957 4304 3141 4357 ούκέτι
3185 4304 3704 4375 μετενσωματοῦται

2118 4395 2282 4448 αὑτοῦ
2311 4398 2342 4466 ἡ
2372 4396 2537 4467 ψυχὴ,
2582 4399 2662 4459 είς
2690 4397 2750 4449 τὸ
2781 4396 2941 4450 πάλιν
2973 4396 3530 4466 ἀντικαταϐληθῆναι,
3571 4393 3707 4449 ἀλλὰ

440 4494 622 4545 anima
652 4507 763 4546 non
812 4494 1049 4563 amplius
1092 4494 1147 4547 in
1195 4495 1299 4547 alia
1328 4510 1555 4564 corpora
1592 4496 2015 4558 transfunditur,

2127 4487 2230 4538 ὑπὸ
2291 4487 2347 4539 ἒν
2372 4490 2649 4558 ποιήσασα
2706 4491 2885 4542 πᾶσαν
2952 4488 3193 4559 πρᾶξιν,
3260 4486 3705 4555 ἀπαλλαγήσεται

440 4582 575 4635 utin
600 4581 742 4635 hanc
770 4582 945 4635 lucem
972 4582 1151 4635 denuo
1174 4592 1526 4650 procreetur;
1554 4583 1649 4636 sed
1669 4583 1817 4635 omni
1846 4584 2017 4635 actio-

438 4687 568 4725 num
600 4686 799 4741 genere
823 4670 1131 4740 perfuncta,
1164 4670 1333 4724 libera
1357 4678 1521 4739 atque
1546 4671 1804 4725 immunis
1826 4671 2017 4724 absce-

436 4763 551 4830 det,
583 4777 707 4816 cum
739 4762 943 4817 nullius
969 4763 1147 4815 adhuc
1176 4763 1231 4815 in
1266 4762 1369 4816 hoc
1390 4761 1593 4815 mundo
1624 4762 1808 4816 debito
1842 4762 2015 4835 actio-

437 4857 526 4909 nis
557 4854 849 4924 obligetur.
899 4852 1222 4922 Cujusmodi
1252 4868 1381 4907 vero
1408 4854 1676 4908 actionem
1714 4853 2016 4925 intelligant

436 4960 656 5001 rursum
687 4945 962 5014 explicare
986 4960 1198 5009 vereor,
1226 4960 1294 4999 ne
1318 4946 1466 4999 velut
1493 4957 1743 5014 opertum
1770 4961 2012 5014 caenum,

442 5039 513 5094 ita
556 5040 957 5110 graveolentem
991 5038 1133 5091 hanc
1172 5038 1416 5091 cloacam
1449 5039 1711 5106 aperiam,
1749 5054 1814 5093 ac
1841 5040 2012 5108 pesti-

445 5138 566 5187 Περ
606 5132 891 5202 cujusdam
926 5130 1292 5186 exhalationis
1332 5147 1396 5184 ac
1429 5130 1615 5185 l'etoris
1664 5131 2012 5187 occasionem

546 5289 563 5318 ²
594 5286 753 5342 Rom.
775 5302 812 5351 I,
839 5286 932 5340 27.
1004 5286 1024 5315 ¹
1051 5283 1179 5341 For.
1214 5284 1439 5347 πάντας.

508 5444 623 5513 (84)
652 5444 788 5513 Εἰσὶ
815 5443 883 5495 δὲ
913 5444 981 5513 ἐκ
1007 5440 1113 5495 τοῦ
1140 5440 1393 5513 Σατανᾷ.
1415 5440 2013 5513 Perditissimihazreti-

436 5510 626 5569 eorum
642 5512 911 5574 Gnostici,
937 5512 1320 5567 Gnosticorum
1339 5510 1752 5581 Carpocratiani
1768 5512 2011 5574 fuerunt,

438 5593 497 5637 ut
520 5583 612 5651 qui
642 5584 958 5653 turpissima
986 5598 1216 5652 quaeque
1233 5582 1436 5651 ﬂagitia
1456 5586 1858 5639 committentes
1876 5583 2012 5653 adeo

440 5669 543 5724 nou
557 5652 962 5724 erubeSL-erent,
980 5654 1211 5724 utetiam
1231 5653 1509 5722 glorianda
1534 5669 1596 5707 ac
1616 5670 1725 5724 pra:
1738 5670 1797 5708 se
1814 5652 2014 5724 haben-

437 5721 506 5776 da
542 5730 811 5788 putarent.
845 5721 969 5776 Ideo
1006 5723 1073 5776 de
1116 5721 1559 5791 Carpocratianis
1604 5721 1924 5777 nominatim
1957 5728 2011 5775 et

437 5791 694 5854 lienaeus,
715 5800 769 5845 et
788 5792 958 5846 Clem.
981 5807 1042 5845 ιιι
1070 5791 1270 5846 Strom.
1303 5800 1355 5847 et
1380 5792 1667 5860 Eusebius,
1694 5804 1747 5850 et
1771 5791 2010 5861 Epipha-

2122 4580 2571 4650 ἐλευθερωθεῖσα,
2607 4582 2701 4634 καὶ
2734 4581 2930 4651 μηκέτι
2963 4578 3314 4650 χρεωστοῦσὰ
3345 4596 3397 4631 τι
3425 4577 3533 4629 τῶν
3567 4576 3706 4647 πρὸς

2122 4669 2320 4741 πρᾶξιν
2354 4673 2411 4723 ἐν
2444 4671 2521 4741 τῷ
2549 4672 2759 4743 κόσμῳ.
2793 4674 2961 4724 Ποίαν
3010 4671 3067 4724 δὲ
3101 4672 3298 4743 πρᾶξιν
3329 4671 3522 4734 εἰπεῖν,
3556 4668 3707 4722 δέδια

2122 4764 2305 4828 πάλιν,
2342 4766 2416 4835 μὴ
2448 4765 2707 4837 βορϐόρου
2734 4765 2888 4836 δίκην
2916 4764 3331 4835 κεκαλυμμένου
3361 4763 3547 4832 ὀχετὸν
3569 4763 3705 4814 ἀπο-

2123 4855 2349 4924 καλύψω
2371 4896 2385 4919 ,
2434 4858 2525 4909 καί
2559 4875 2668 4910 τισι
2712 4857 2848 4922 δόξω
2886 4856 3183 4928 λοιμώδους
3216 4855 3508 4925 δυσοδμίας
3541 4853 3705 4922 ἐργά-

2122 4947 2312 5011 ζεσθαι
2338 4949 2435 5020 τὴν
2464 4952 2789 5022 ἐμφορησιν.
2832 4951 2969 5003 Ἀλλ’
2999 4951 3147 5020 ὅμως
3170 4949 3470 5019 ἐπειδήπερ
3494 4948 3551 5012 ἐξ
3575 4947 3707 5015 ἀλη-

2120 5040 2271 5103 θείας
2320 5043 2656 5112 συνεχόμεθα
2690 5042 2761 5095 τὰ
2807 5043 2959 5112 παρὰ
2995 5045 3106 5104 τοῖς
3152 5040 3527 5111 ἡπατημένοις
3568 5040 3700 5090 ἀπο-

2121 5131 2377 5202 καλύψαι,
2412 5134 2736 5205 σεμνότερον
2770 5138 2943 5189 εἰπεῖν
2975 5152 3057 5201 τε,
3086 5134 3179 5187 καὶ
3211 5133 3311 5202 τῆς
3338 5132 3594 5202 ἀληθείας
3628 5131 3702 5202 μὴ

2118 5441 2243 5496 nius
2273 5441 2475 5511 aliique
2517 5442 2790 5508 scribunt,
2837 5458 3105 5498 summam
3150 5443 3215 5497 ad
3264 5443 3562 5499 Christiani
3604 5458 3702 5499 no-

2118 5513 2283 5583 minis
2309 5512 2587 5567 inlamiam
2622 5528 2687 5567 ac
2719 5513 2955 5568 dedecus
2990 5530 3086 5569 eos
3123 5529 3150 5568 a
3176 5514 3399 5569 diabolo
3427 5530 3547 5569 esse
3575 5530 3705 5583 pro-

2116 5581 2333 5645 ductos,
2381 5591 2438 5635 ut
2486 5583 2717 5652 gentiles
2751 5599 2875 5637 cum
2911 5583 3259 5639 Christianos
3304 5585 3551 5637 homines
3577 5581 3701 5638 tam

2116 5652 2365 5719 impuros
2397 5669 2459 5706 ac
2490 5652 2733 5708 nefarios
2762 5655 3031 5718 viderent,
3070 5670 3099 5706 a
3130 5655 3446 5709 Christiana
3480 5654 3700 5722 profes-

2113 5724 2268 5793 sione
2310 5723 2527 5790 penilus
2574 5725 2954 5779 abhorrerent.
2995 5723 3141 5780 idem
3172 5734 3225 5780 et
3259 5724 3406 5782 Tcrt.
3452 5726 3507 5777 in
3535 5725 3697 5793 Apo..

2114 5797 2167 5845 et
2198 5790 2451 5848 Justinus
2478 5793 2840 5862 scripserunt.
