4170 6372
442 364 547 423 569
1078 370 1447 431 ADVERSUS
1485 374 1829 435 IUERESES
1867 380 1996 438 LIB.
2038 384 2079 441 Ι.
2121 383 2283 440 ΤΟΜ.
2324 384 2391 442 ll.
2432 385 2791 443 —HA:ZBES.
2831 387 3040 443 XXVII.
3606 390 3710 444 570

443 478 547 544 ἔξω
573 477 779 548 βαίνειν
802 479 1034 551 ἐμαυτὸν
1059 488 1476 554 καταναγκάσω.
1498 491 1561 542 Τί
1585 492 1640 545 δὲ
1666 492 1793 547 ἄλλο
1819 512 1869 549 τι
1891 496 1907 526 ¹
1931 497 2009 550 πᾶ

2138 498 2463 568 quibusdam
2491 499 2681 554 videar
2700 500 3019 570 praebuisse.
3051 498 3155 555 Sed
3179 499 3555 562 nihilominus,
3585 516 3708 555 cum

450 586 549 621 σαν
589 570 996 641 ἀρρητουργὶαν
1030 573 1125 626 καὶ
1156 574 1411 645 ἀθέμιτον
1438 579 1656 649 πρᾶξιν,
1691 582 1757 653 ἢν
1791 583 1851 636 οὐ
1883 584 2009 655 θεμι

2134 603 2220 641 me
2252 588 2456 643 veritas
2486 589 2604 658 ipsa
2646 590 3048 659 quodammodo
3088 600 3262 659 cogat,
3297 599 3356 644 ut
3395 590 3497 644 hoc
3521 605 3709 644 errore

439 658 532 751 τον
565 660 657 711 ἐπὶ
686 660 955 729 στόματος
999 665 1209 733 φέρειν,
1245 659 1390 720 οὗτοι
1420 669 1718 739 πράττουσι
1746 690 1759 738 ;
1793 675 1903 728 Καὶ
1927 678 2010 729 πᾶε

2132 679 2496 734 laborantium
2522 682 2801 736 hominum
2829 696 3027 735 arcana
3052 681 3546 751 patefaciam,-eam
3572 683 3706 735 mihi

440 741 581 808 εἶδος
616 746 1022 818 ἀνδροδασιῶν,
1070 751 1164 805 καὶ
1204 752 1569 827 λαγνιστέρων
1633 759 1858 829 ὁμιλιῶν
1898 763 2034 831 πρὸς

448 839 737 903 γυναῖκας,
765 839 822 889 ἐν
851 839 1067 910 ἑκάστῳ
1098 842 1249 912 μέλει
1284 844 1551 915 σώματος,
1585 850 1815 918 μαγείας
1838 870 1896 905 τε
1934 856 2031 907 καὶ

454 929 808 999 φαρμακείας
852 933 947 984 καὶ
1004 934 1451 1007 εἰδωλολατρείας
1509 940 1869 1007 ἐκτελοῦντες.
1920 946 2029 999 Καὶ

439 1021 597 1073 τοῦτο
656 1017 797 1076 εἷναί
848 1042 1012 1094 φασιν
1063 1028 1326 1099 ἐργασίαν
1374 1031 1684 1096 ἀποδόσεως
1712 1035 1819 1088 τῶν
1856 1038 1913 1089 ὲν
1950 1038 2027 1109 τῷ

441 1114 653 1185 σώματι
686 1118 1070 1191 ὀφειλημάτων
1116 1123 1197 1185 εἰς
1238 1123 1299 1175 τὸ
1331 1123 1526 1193 μηκέτι
1572 1126 1953 1194 ἐγκαλεῖσθαι,
1995 1132 2025 1202 ἣ

441 1210 656 1279 μέλλειν
704 1230 755 1265 τι
806 1213 1059 1285 πράξεως
1106 1214 1265 1287 ἔργον
1300 1217 1675 1271 ἀπαιτεῖσθαι·
1709 1222 1803 1274 καὶ
1835 1221 2025 1275 τούτου

438 1304 600 1356 ἕνεκα
636 1304 709 1375 μὴ
739 1306 1178 1376 ἀποστρέφεσθαι
1214 1308 1313 1379 τὴν
1341 1307 1518 1377 ψυχὴν
1547 1309 1686 1379 μετά
1718 1309 1815 1380 τὴν
1841 1311 2026 1364 ἐντεῦ-

437 1396 529 1449 οεν
575 1397 924 1468 ἀπαλλαγὴν,
962 1400 1057 1451 καὶ
1100 1400 1260 1454 πάλιν
1292 1401 1371 1463 εἰς
1404 1404 1892 1474 μετενσωμάτωσιν
1930 1406 2021 1457 καὶ

439 1490 822 1560 μεταγγισμὸν
856 1493 1072 1562 χωρεῖν.

2132 774 2513 827 necessitatem
2551 773 2849 843 imponam,
2883 780 2943 827 ut
2971 781 3025 827 et
3055 773 3457 828 honestioribus
3489 788 3553 827 ea
3587 788 3707 827 ver-

2130 864 2215 919 bis
2255 878 2529 928 enarrem,
2576 874 2630 918 et
2673 881 2702 919 a
2735 865 2812 919 rei
2857 866 3084 919 veritate
3115 878 3457 933 nequaquam
3504 865 3697 919 abhor-

2125 969 2295 1008 ream.
2349 954 2489 1020 Quid
2524 955 2689 1025 igitur
2727 956 2820 1009 isti
2866 953 3015 1008 aliud
3062 961 3261 1023 praeter
3302 956 3702 1009 exsecrandum

2124 1044 2253 1097 illud
2284 1058 2346 1097 ac
2389 1044 2709 1099 detestabile
2750 1044 3014 1114 flagitium
3060 1045 3427 1107 committunt,
3462 1045 3608 1113 quod
3634 1061 3705 1099 ne

2124 1151 2375 1189 sermone
2398 1137 2618 1206 quidem
2651 1138 2955 1206 exprimere
2986 1136 3134 1201 licet,
3164 1135 3268 1189 hoc
3299 1142 3382 1190 est
3408 1143 3705 1204 prarposte—

2122 1245 2238 1284 ram
2280 1232 2513 1282 marium
2554 1228 3031 1290 consuetudinem,
3085 1235 3177 1280 aut
3215 1227 3701 1282 libidinosissimos

2120 1336 2243 1373 cum
2268 1318 2484 1374 feminis
2507 1318 2747 1390 qualibet
2762 1319 3008 1388 corporis
3027 1326 3179 1386 parte
3196 1317 3556 1381 concubitus;
3584 1324 3702 1370 tum

2128 1410 2366 1478 magicas
2413 1410 2639 1480 insuper
2680 1417 2846 1473 artes,
2894 1424 2959 1462 ac
3007 1409 3288 1473 veneficia,
3324 1408 3702 1477 idolorumque

2127 1500 2332 1555 cultus?
2354 1501 2529 1569 Atque
2551 1500 2693 1553 hanc
2718 1501 3186 1555 dissolvendorum
3217 1501 3466 1570 corporis
3493 1499 3701 1554 debito-

435 1597 558 1634 rum
582 1583 850 1638 rationem
876 1600 998 1639 esse
1022 1585 1371 1653 confirmant,
1397 1604 1467 1642 ne
1494 1590 1752 1658 appellari
1779 1591 2011 1660 amplius
2050 1595 2282 1663 possint,
2306 1603 2398 1647 aut
2424 1596 2494 1648 ab
2523 1595 2589 1649 iis
2620 1595 2757 1663 ipsis
2782 1610 2921 1665 opus
2946 1594 3167 1664 aliquod
3226 1601 3539 1664 repetatur,
3606 1608 3702 1647 eo-

433 1690 541 1743 que
589 1676 749 1731 modo
803 1677 937 1732 illud
986 1679 1240 1747 obtineri,
1275 1687 1335 1736 ut
1375 1698 1444 1737 ne
1489 1694 1844 1755 posteaquam
1886 1687 2011 1741 hinc
2045 1691 2343 1745 excesserit
2366 1689 2546 1743 anima
2566 1690 2749 1744 denuo
2769 1697 3096 1755 revertatur,
3129 1698 3183 1745 et
3207 1691 3275 1744 ad
3340 1690 3462 1744 illos
3520 1686 3698 1742 aliena

432 1770 489 1824 in
515 1786 744 1842 Corpora
769 1774 1035 1830 transitus
1061 1791 1125 1830 ac
1157 1778 1507 1846 migrationes
1530 1781 1658 1835 sesc'
1682 1781 1899 1836 referat.

503 1867 578 1920 E'.
626 1867 813 1931 υῦτως
868 1869 976 1939 γὰρ
1024 1870 1137 1939 ἔχει
1180 1871 1249 1923 τά
1300 1872 1479 1925 αὐτῶν
1523 1874 1897 1945 συντάγματα,
1944 1875 2010 1938 ὡς

2190 1868 2255 1923 ν.
2298 1867 2578 1939 Ejusmodi
2617 1870 2763 1923 enim
2810 1869 3028 1923 illorum
3071 1871 3406 1924 monimenta
3452 1880 3603 1940 sunt,
3638 1884 3700 1931 ut

430 1956 732 2024 ἀναγνόντα
760 1960 850 2012 τὸν
880 1960 1096 2012 συνετὸν
1124 1960 1422 2032 θαυμάζειν
1466 1964 1557 2017 καὶ
1596 1966 2011 2037 ἐκπλήττεσθαι,

431 2048 526 2100 καὶ
562 2051 813 2102 ἀπιστεῖν
846 2052 894 2103 εί
919 2051 1090 2105 ταῦτα
1122 2051 1294 2117 οὕτως
1323 2055 1426 2108 ὑπὸ
1453 2057 1755 2129 ἀνθρώπων
1783 2061 2012 2130 γενήσε-

428 2156 542 2206 ται,
590 2141 651 2194 οὐ
710 2142 1005 2212 μόνον’τῶν
1033 2144 1155 2198 καθ’
1190 2148 1339 2216 ἡμᾶς
1395 2148 1550 2201 πόλιν
1596 2151 2011 2216 κατοικούντων,

428 2230 567 2284 ἀλλά
608 2233 701 2286 καὶ
730 2234 837 2287 τῶν
856 2235 994 2303 μετὰ
1012 2235 1195 2306 θηρῶν
1224 2238 1319 2291 καὶ
1348 2239 1549 2309 ὁμοίων
1566 2240 1726 2313 θηρσὶ
1755 2244 1847 2295 καὶ
1878 2244 2011 2314 κτή-

427 2339 567 2384 νεσι,
604 2324 699 2376 καὶ
748 2326 932 2394 σχεδὸν
962 2328 1136 2379 εἰπεῖν
1171 2327 1238 2381 τὰ
1274 2329 1450 2383 κυνῶν
1482 2331 1573 2383 καὶ
1603 2332 1711 2384 ὑῶν
1754 2334 2012 2403 πράττειν

428 2413 771 2485 τολμώντων.
827 2417 965 2469 Φασὶ
1020 2420 1163 2491 γάρ·
1202 2422 1293 2473 Δεῖ
1335 2421 1549 2487 πάντως
1600 2425 1780 2477 πᾶσαν
1818 2426 2016 2496 χρῆσιν

426 2506 633 2562 τούτων
660 2510 954 2575 ποιεῖσθαι,
991 2511 1077 2564 ἵνα
1116 2512 1211 2584 μὴ,
1242 2513 1552 2577 ἐξελθοῦσαι
1586 2516 1680 2568 καὶ
1710 2516 2010 2588 ὑστερήσα-

428 2600 520 2652 σαί
562 2618 706 2665 τινος
760 2602 944 2673 ἔργου,
985 2604 1175 2657 τούτου
1230 2606 1393 2658 ἕνεκα
1436 2606 1890 2679 καταστραφῶσιν
1931 2609 2011 2670 εἰς

428 2690 658 2761 σώματα
689 2693 850 2746 πάλιν
907 2695 963 2748 αἱ
1004 2695 1193 2766 ψυχαὶ,
1237 2699 1315 2758 εἰς
1348 2697 1409 2749 τὸ
1451 2697 1653 2767 πρᾶξαι
1687 2695 1841 2763 αὖθις
1870 2699 1905 2753 ἃ
1937 2700 2010 2771 μὴ

423 2782 687 2854 ἔπραξαν.
710 2788 818 2839 Καὶ
832 2787 990 2839 τοῦτό
1014 2790 1152 2851 ἐστι,
1170 2791 1331 2858 φασὶν
1350 2790 1578 2861 (85-86),
1604 2792 1738 2861 ὅπερ
1763 2794 1790 2843 ὁ
1806 2792 2010 2860 Ἰησοῦς

424 2876 483 2927 ἐν
534 2876 612 2947 τῷ
664 2878 980 2950 Εὑαγγελίῳ
1012 2875 1134 2933 εἷπε
1186 2880 1275 2934 διὰ
1334 2882 1650 2953 παραϐολῆς
1679 2883 1795 2934 ὃτιο
1846 2884 2004 2935 Ἴσθι

420 2969 654 3023 εὐνοῶν
674 2970 753 3035 τῷ
780 2970 1063 3038 ἀντιδίκῳ
1078 2988 1216 3035 σου,
1253 2974 1323 3027 ἐν
1353 2968 1400 3040 ᾧ
1426 2969 1502 3045 ᾖς
1536 2975 1605 3027 ὲν
1625 2972 1699 3041 τῇ
1725 2972 1842 3038 ὀδῷ
1883 2975 2007 3041 μετ’

423 3059 635 3124 αὐτοῦ,
670 3061 767 3115 καὶ
797 3062 901 3128 δὸς
922 3064 1213 3132 ἐργασίαν
1235 3065 1620 3133 ἀπηλλάχθαι
1651 3063 1752 3117 ἀπ’
1800 3061 2005 3125 αὑτοῦ,
2032 3112 2039 3117 κ

420 3150 507 3220 μή
548 3164 671 3218 πως
714 3156 747 3206 ό
790 3154 1095 3221 ἀντίδικος
1118 3155 1362 3223 παραδῷ
1389 3172 1463 3209 σε
1503 3153 1584 3220 τῷ
1613 3153 1806 3223 κριτῇ,
1837 3154 1936 3207 καὶ
1973 3157 2006 3207 ὀ

2117 1961 2161 2015 si
2196 1960 2321 2029 quis
2344 1975 2406 2013 ea
2439 1960 2661 2028 sapiens
2688 1960 2901 2029 legerit,
2934 1960 3286 2015 vehementer
3312 1962 3693 2032 Obstupescat,

2115 2051 2313 2119 vixque
2337 2050 2404 2103 ab
2420 2050 2739 2105 hominibus
2764 2052 2879 2105 fieri
2899 2052 3001 2105 ista
3026 2067 3189 2121 posse
3209 2053 3314 2107 sibi
3342 2056 3693 2123 persuadeat,

2113 2159 2223 2197 non
2260 2143 2421 2197 modo
2456 2143 2523 2198 iis
2559 2144 2735 2198 nosui
2768 2144 2986 2214 generis
3022 2144 3359 2213 hominibus,
3402 2150 3495 2216 qui
3528 2150 3583 2203 in
3616 2165 3699 2205 re~

2114 2232 2333 2302 publica
2360 2243 2677 2297 versantur,
2706 2234 2803 2289 sed
2831 2236 2994 2290 etiam
3021 2234 3111 2300 iis,
3141 2237 3235 2306 qui
3260 2238 3315 2290 in
3346 2238 3526 2299 medio
3553 2240 3695 2294 fera-

2113 2338 2233 2376 rum
2260 2323 2577 2378 earumdem
2610 2339 2673 2379 ac
2696 2327 2966 2395 pecudum
3002 2328 3212 2384 similes
3235 2329 3460 2401 degunt,
3487 2332 3695 2402 quique

2112 2430 2235 2469 cum
2280 2416 2511 2470 canibus
2551 2432 2614 2471 ac
2652 2418 2843 2473 suibus
2889 2420 3038 2488 paria
3066 2422 3457 2490 propemodum
3500 2439 3694 2495 perpe--

2110 2514 2278 2561 trant.
2341 2506 2396 2561 Si
2441 2508 2659 2578 quidem
2696 2510 2931 2579 experiri
2966 2512 3150 2566 omnia
3188 2521 3440 2581 oportere
3479 2515 3691 2580 dicunt,

2112 2616 2178 2654 ne
2207 2615 2439 2670 egressa:
2471 2601 2632 2655 istinc
2660 2602 2875 2666 animae,
2900 2618 3064 2673 opere
3090 2604 3276 2675 aliquo
3303 2610 3691 2675 praetermisso,

2108 2692 2181 2746 ob
2217 2691 2269 2746 id
2312 2709 2505 2748 rursus
2560 2694 2614 2747 in
2663 2708 2893 2764 corpora
2931 2697 3375 2767 compingantur,
3418 2700 3578 2771 106
3637 2712 3693 2756 ut

2110 2782 2241 2836 illud
2304 2783 2620 2853 perﬁciant,
2694 2784 2840 2854 quod
2909 2801 3018 2839 non
3063 2787 3328 2841 fecerunt.
3392 2787 3506 2844 Hoc
3563 2806 3695 2845 vero

2109 2873 2287 2942 ipsum
2319 2889 2466 2938 esse,
2507 2874 2655 2944 quod
2686 2874 2741 2928 in
2773 2875 3067 2946 Evangelio
3098 2877 3258 2934 Jesus
3294 2879 3396 2933 hac
3432 2882 3693 2951 parabola

2110 2963 2381 3033 signiﬁcat
2422 2984 2435 3018 :
2465 2964 2614 3030 Esto,
2651 2966 2846 3035 inquit,
2883 2970 3210 3022 consentiens
3243 2970 3548 3025 adversario
3578 2981 3689 3037 tuo,

2107 3057 2233 3107 dum
2269 3055 2441 3108 adhuc
2478 3074 2532 3111 es
2565 3059 2617 3110 in
2652 3061 2736 3111 via
2780 3076 2897 3112 cum
2926 3062 3061 3129 ipso,
3098 3069 3149 3113 et
3188 3061 3259 3115 da
3294 3078 3503 3130 operam
3541 3072 3599 3117 ut
3625 3065 3691 3117 ab

2107 3164 2166 3201 eo
2196 3148 2464 3201 libereris:
2492 3166 2553 3202 ne
2590 3150 2729 3217 forte
2757 3152 2936 3204 tradat
2967 3162 3014 3206 te
3048 3152 3386 3208 adversarius
3406 3154 3602 3224 judici,
3636 3164 3689 3211 et

428 3243 636 3311 κριτὴς
681 3244 760 3309 τῷ
807 3247 1099 3316 ὑπηρέτῃ,
1152 3248 1247 3301 καὶ
1301 3251 1333 3301 ὁ
1360 3248 1659 3315 ὑπηρέτης
1694 3246 1901 3313 βάλλῃ
1933 3258 2007 3295 σε

2112 3240 2278 3309 judea:
2315 3239 2499 3293 tradat
2531 3252 2579 3294 te
2610 3243 2875 3305 ministro,
2923 3252 2973 3298 et
3010 3244 3249 3298 minister
3278 3247 3334 3299 in
3358 3263 3619 3301 carcerem
3642 3258 3693 3303 te

423 3338 513 3401 εις
548 3337 852 3405 φυλακήν.
885 3338 1093 3408 Ἀμὴν,
1119 3340 1284 3409 ἀμὴν
1301 3340 1455 3410 λέγω
1482 3340 1602 3404 σοὶ,
1626 3341 1697 3392 οὐ
1718 3339 1799 3408 μὴ
1834 3335 2007 3402 ἐξέλ-

423 3430 537 3495 θης
568 3428 815 3493 ἐκεῖθεν,
848 3430 958 3496 ἕως
982 3430 1058 3484 ἂν
1073 3427 1309 3499 ἀποδῷς
1338 3432 1443 3484 τὸν
1467 3429 1730 3500 ἔσχατον
1762 3428 2007 3496 κοδράν-

423 3537 553 3587 την.
579 3519 761 3573 Μῦθον
787 3521 845 3573 δέ
878 3538 1000 3574 τινα
1046 3522 1366 3577 πλάττουσιν
1403 3524 1453 3575 oi
1495 3522 1649 3576 αὐτοὶ
1682 3522 1818 3593 πρὸς
1842 3523 1861 3552 ³
1890 3523 2000 3574 ἐπί-

421 3609 583 3681 ληψιν
636 3612 735 3682 τῆς
760 3612 1075 3684 παραϐολῆς
1121 3613 1358 3683 ταύτης·
1394 3613 1488 3666 καί
1540 3631 1700 3683 φασιν
1742 3611 1880 3668 εἷναι
1913 3616 2007 3669 τὸν

421 3701 693 3755 ἀντίδικον
726 3706 932 3756 ἐκεῖνον
958 3704 1065 3756 τῶν
1093 3705 1184 3757 τὸν
1212 3704 1416 3775 κόσμον
1446 3704 1822 3775 πεποιηκότων
1842 3707 2007 3775 ἀγγέ-

422 3791 531 3846 λων
562 3792 679 3856 Eva,
714 3795 806 3846 καὶ
844 3796 923 3856 εις
972 3795 1105 3847 αὐτὸ
1154 3794 1312 3847 τοῦτο
1347 3795 1801 3861 κατεσκευάσθαι,
1836 3798 1914 3859 εἰς
1945 3797 2005 3850 τὸ

422 3884 657 3952 ἀπάγειν
710 3886 806 3949 τὰς
858 3885 1036 3955 ψυχὰς
1081 3887 1217 3958 πρὸς
1255 3887 1344 3940 τὸν
1374 3887 1587 3959 κριτὴν,
1631 3889 1729 3952 τὰς
1758 3890 2005 3945 ἐντεῦθεν

420 3973 787 4046 ἐξερχομένας
824 3976 889 4027 ἐκ
925 3976 1213 4045 σωμάτων,
1247 3978 1425 4030 ἐκεῖσε
1457 3977 1512 4031 δὲ
1541 3978 1898 4051 ἐλεγχομένας
1929 3982 2003 4052 μὴ

425 4067 730 4135 ποιησάσας
773 4070 950 4123 πᾶσαν
993 4069 1273 4139 ἐργασίαν.
1343 4071 1736 4140 Παραδίδοσθαι
1787 4074 1844 4125 δὲ
1897 4074 2005 4127 ἀπὸ

422 4159 518 4210 τοῦ
549 4158 806 4229 ἄρχοντος
826 4159 905 4230 τῷ
935 4160 1204 4233 ὑπηρέτῃ.
1227 4161 1490 4229 ’Ἄγγελον
1515 4162 1571 4215 δὲ
1602 4160 1741 4217 εἶναι
1762 4164 1852 4216 τὸν
1874 4166 2006 4235 ὑπη-

425 4249 610 4320 ρέτην,
639 4250 1136 4321 ὲξυπηρετούμενον
1169 4249 1248 4320 τῷ
1281 4254 1442 4322 κριτῇ
1468 4252 1546 4322 τῷ
1586 4254 1897 4325 κοσμοποιῷ
1925 4257 2004 4319 εἰς

422 4341 484 4393 τὸ
530 4340 716 4411 φέρειν
776 4342 874 4404 τὰς
907 4342 1081 4411 ψυχὰς
1106 4341 1287 4403 πάλιν,
1319 4343 1412 4394 καὶ
1434 4344 1512 4405 εἰς
1542 4342 1766 4414 σώματα
1801 4363 2007 4414 καταγο

423 4431 597 4500 γίζειν
644 4430 893 4501 διάφορα.
951 4428 1105 4485 Εἶναι
1164 4434 1219 4487 δὲ
1256 4434 1347 4486 τὸν
1386 4435 1654 4489 ἀντίδικον
1683 4436 1886 4502 τοῦτον,
1945 4438 2004 4491 ὃν

424 4523 635 4593 ἔφημεν
666 4524 757 4575 τὸν
810 4523 1013 4593 Κύριον
1046 4524 1323 4595 εἰρηκέναι
1369 4526 1428 4579 ἐν
1470 4526 1546 4597 τῷ
1574 4526 1908 4596 Εὑαγγελίῳ,
1945 4528 2005 4582 ὃν

424 4614 579 4665 αὐτοὶ
640 4613 869 4682 ἄγγελον
916 4614 1011 4666 ἕνα
1061 4614 1170 4667 τῶν
1218 4615 1564 4685 κοσμοποιῶν
1606 4632 1788 4684 φασιν,
1834 4617 2005 4687 ὄνομα

422 4704 615 4774 ἔχοντα
648 4705 891 4758 Ἄϐολον.
913 4704 1050 4757 Φασὶ
1075 4704 1182 4776 γάρ
1201 4701 1451 4774 εἶναιτὴν
1469 4706 1712 4774 φυλακὴν
1737 4706 1795 4758 τὸ
1830 4706 2005 4775 σῶμα·

421 4795 515 4847 τὸν
544 4794 600 4846 δέ
638 4794 863 4864 ἔσχατον
908 4794 1206 4863 κοδράντην
1250 4793 1493 4846 θέλουσιν
1526 4789 1666 4845 εἶναι
1695 4792 1792 4863 τὴν
1820 4810 2009 4863 μετεν-

424 4885 768 4956 σωμάτωσιν.
796 4886 815 4915 ³
853 4884 988 4938 Καθ’
1019 4886 1255 4955 ἑκάστην
1284 4885 1587 4955 παρουσίαν
1606 4886 1868 4940 ἐπιτελεῖν
1905 4904 2011 4940 σω-

425 4978 612 5047 μάτων
636 4977 872 5046 ἐσχάτην
898 4976 1116 5046 πρᾶξιν,
1137 4975 1229 5028 καὶ
1256 4975 1449 5046 μηκέτι
1467 4977 1850 5031 ὑπολείπεσθαι
1871 4978 2008 5049 πρὸς

419 5071 482 5123 τὸ
528 5070 783 5139 ἀθέμιτόν
817 5087 869 5121 τι
917 5069 1141 5140 πρᾶξαι.
1201 5070 1292 5118 Δεῖ
1318 5066 1446 5139 γάρ,
1482 5070 1661 5137 φασὶν,
1710 5069 1785 5132 ὼς
1823 5068 2006 5139 προεί-

419 5181 616 5232 πομεν,
652 5164 829 5216 πάντα
861 5161 882 5191 ⁸
930 5160 1210 5222 ἐλθοῦσαν,
1259 5159 1353 5211 καὶ
1403 5159 1686 5228 πράξασαν
1728 5161 1845 5214 καθ’
1875 5161 2005 5213 ἐκα-

419 5272 567 5317 στον,
592 5255 687 5307 καὶ
723 5252 1201 5324 ἐλευθερωθεῖσαν’,
1246 5252 1489 5306 ἀνελθεῖν
1521 5252 1656 5321 πρὸς
1680 5253 1791 5305 ἀνω
1825 5253 2001 5319 ἄγνω-

477 5406 673 5462 ¹Ρο1¹ιε
688 5407 814 5460 τίδὲ
832 5406 959 5461 ἄλλο
1078 5410 1097 5437 ¹
1119 5423 1210 5474 γρ.
1245 5406 1378 5477 πρὸς
1405 5403 1654 5457 ὲπίπολυ.
1672 5403 1732 5458 F.
1757 5406 2023 5459 ἐπίλυσιν.

494 5527 822 5599 (ὃᾶὃϐμίαὶ
840 5527 1019 5599 τοῦζό
1033 5527 1182 5588 ἐστι,
1197 5522 1549 5599 φασίν-,γωδ
1573 5522 1721 5577 Tert.
1746 5524 1779 5577 Ι.
1807 5524 1879 5576 De
1893 5526 2009 5577 ani-

421 5595 529 5659 mu,
556 5614 604 5650 c.
636 5598 725 5652 55.
761 5597 864 5651 Sed
894 5606 948 5650 et
972 5598 1252 5657 lrenanim,
1281 5596 1399 5647 loco
1422 5595 1603 5655 citato,
1635 5610 1702 5646 ex
1736 5610 1844 5662 quo
1875 5610 2009 5648 non-

422 5669 571 5722 nulla
584 5666 963 5721 Theodoretus
987 5666 1294 5731 transtulit;
1319 5665 1370 5718 in
1382 5664 1582 5733 quibus
1600 5664 1714 5717 leve
1734 5664 2005 5733 quoddam

424 5739 567 5793 inest
596 5737 874 5799 mendum,
915 5737 1059 5805 quod
1112 5737 1291 5790 obiter
1339 5752 1368 5787 a
1418 5733 1990 5805 nobiscorrigendum

423 5818 528 5862 cst.
566 5807 771 5863 Scribit
805 5804 970 5877 igitur
1004 5807 1239 5862 liena-us
1264 5826 1276 5860 :
1306 5806 1412 5858 Καὶ
1457 5808 1501 5857 εἰ
1550 5804 1649 5874 μὲν
1686 5804 1989 5875 πράσσεται

2114 3330 2311 3383 mittat.
2344 3329 2531 3394 Amen,
2567 3348 2717 3384 amen
2751 3332 2868 3386 dico
2898 3334 3014 3398 tibi,
3051 3351 3154 3387 non
3180 3337 3320 3389 exies
3352 3337 3490 3401 inde,
3526 3337 3691 3393 donec

2112 3419 2301 3473 reddas
2325 3421 2663 3473 novissimum
2685 3422 3032 3491 quadrantem
3056 3426 3100 3479 ⁵.
3138 3424 3241 3478 Cui
3270 3427 3491 3495 quidem
3520 3430 3690 3485 inter-

2113 3509 2389 3577 pretanda:
2443 3511 2716 3579 parabolae
2765 3512 3005 3567 fabulam
3057 3516 3354 3584 quamdam
3391 3520 3692 3574 commenti

2113 3609 2280 3668 sunt;
2324 3608 2380 3657 et
2419 3602 2793 3658 adversarium
2836 3605 2988 3660 illum
3032 3622 3205 3661 unum
3252 3623 3375 3664 esse
3406 3624 3473 3665 ex
3502 3612 3689 3665 mundi

2113 3692 2536 3749 fabricatoribus
2578 3696 2784 3766 angelis
2823 3706 3037 3766 putant,
3083 3699 3176 3768 qui
3219 3699 3384 3770 hujus
3414 3701 3493 3756 rei
3520 3716 3690 3757 causa

2113 3784 2184 3839 sit
2212 3786 2564 3853 constitutus,
2588 3794 2648 3840 ut
2675 3788 2954 3844 oxsolulas
2970 3792 3221 3860 corporis
3244 3792 3500 3858 vinculis,
3524 3801 3689 3864 atque

2113 3876 2239 3931 hinc
2276 3878 2573 3948 migrantes
2615 3881 2828 3935 animas
2873 3880 2938 3934 ad
2982 3880 3225 3950 judicem
3270 3883 3541 3947 deducat;
3593 3886 3688 3940 ubi

2112 3971 2351 4025 nondum
2375 3974 2557 4027 omnia
2576 3975 2900 4044 praestitisse
2921 3976 3184 4031 convicta:
3200 3992 3229 4029 a
3248 3977 3498 4046 principe
3516 3977 3684 4031 mini-

2111 4071 2227 4117 stro
2252 4065 2562 4129 traduntur,
2606 4068 2702 4136 qui
2735 4082 2803 4120 ex
2856 4067 3170 4136 angelorum
3205 4084 3367 4138 grege
3397 4084 3540 4123 unus
3568 4070 3687 4137 opi-

2110 4156 2199 4211 fici
2229 4158 2417 4211 mundi
2440 4158 2603 4227 hujus
2622 4158 2795 4227 judici
2821 4160 2887 4212 ad
2910 4158 3342 4225 transferendas,
3371 4168 3425 4215 et
3454 4160 3509 4213 in
3532 4161 3684 4214 varia

2110 4262 2337 4316 corpora
2369 4249 2731 4316 deportandas
2755 4250 2968 4304 animas
2991 4264 3213 4320 operam
3248 4264 3402 4305 suam
3427 4249 3681 4305 collocat.

2110 4336 2242 4391 Esse
2270 4351 2431 4406 porro
2451 4336 2823 4391 adversarium
2848 4337 3021 4401 illum,
3046 4354 3205 4407 quem
3227 4352 3258 4391 a
3281 4337 3512 4392 Domino
3535 4352 3685 4392 com-

2109 4436 2470 4481 memoratum
2498 4426 2553 4479 in
2583 4425 2877 4495 Evangelia
2903 4427 3167 4491 diximus,
3198 4443 3371 4483 unum
3402 4443 3469 4483 ex
3495 4426 3686 4482 mundi

2110 4518 2409 4572 artilicibus
2442 4519 2648 4589 angelis
2679 4520 2897 4573 nomine
2927 4518 3183 4574 Abolum.
3227 4518 3361 4574 Nam
3406 4527 3461 4575 et
3490 4528 3683 4575 custo-

2107 4606 2249 4659 diam
2294 4621 2418 4661 esse
2460 4621 2660 4676 corpus
2711 4606 3175 4676 interpretantur,
3224 4616 3279 4662 et
3323 4609 3686 4665 novissimum

2104 4698 2463 4767 quadrantem
2508 4698 2887 4769 migrationem
2938 4700 3272 4766 animarum,
3313 4716 3451 4770 quas
3488 4716 3682 4754 acces-

2103 4791 2351 4845 sionibus
2387 4791 2451 4844 ad
2482 4807 2715 4862 corpora
2741 4792 2977 4863 singulis
3012 4794 3234 4849 ultimas
3264 4795 3507 4848 actiones
3529 4793 3687 4847 obire

2109 4901 2329 4940 necesse
2357 4886 2446 4949 sit,
2491 4886 2700 4939 nullum
2742 4894 2801 4940 ut
2827 4887 3060 4955 amplius
3101 4887 3281 4941 scelus
3313 4900 3377 4940 ac
3415 4884 3682 4955 flagitium

2108 4976 2365 5046 supersit.
2413 4976 2640 5047 Oportet
2678 4977 2846 5039 enim,
2885 4985 2945 5030 ut
2975 4986 3131 5030 antea
3173 4976 3379 5030 dictum
3410 4985 3515 5040 est,
3557 4989 3684 5044 per-

2104 5077 2353 5139 vagatam
2372 5070 2576 5131 omnia,
2597 5070 2936 5139 singulisque
2962 5068 3307 5137 perfunctam
3334 5067 3597 5126 animam,
3616 5080 3681 5119 ac

2101 5162 2356 5226 solutam,
2393 5160 2579 5215 mundi
2614 5160 2962 5214 eﬂ'ectoribus
2994 5175 3055 5213 ac
3088 5159 3361 5229 praecipuo
3391 5158 3554 5226 hujus
3580 5169 3680 5209 au-

2099 5263 2250 5308 ctore
2291 5254 2585 5323 superatis,
2636 5252 2705 5307 ad
2749 5266 3063 5321 supremum
3121 5251 3272 5304 illum
3329 5250 3683 5319 ignotumque

2088 5408 2107 5437 ³
2134 5406 2291 5461 Deest
2310 5408 2576 5489 nonnihil.
2616 5406 2779 5460 ‘For.
2804 5409 2884 5469 εἰς
2906 5405 3102 5459 πάντα.
3153 5405 3174 5436 ⁸
3204 5404 3390 5458 Matth.
3412 5404 3675 5468 v,25,26.

2114 5526 2245 5611 παρ’
2278 5525 2458 5611 αὐτοῖς
2484 5526 2553 5577 τά
2581 5523 2735 5605 ἀθεα,
2766 5524 3164 5611 καὶιὲκθεσμα,
3185 5524 3283 5611 καὶ
3309 5524 3675 5611 ἀπειρημένα,

2114 5592 2225 5661 ἐγὼ
2255 5596 2354 5647 οὐκ
2377 5596 2442 5647 ἂν
2466 5593 2837 5662 πιστεύσαιμι.
2874 5592 3059 5647 Ινθηωῐ
3087 5602 3240 5647 vetus
3269 5592 3539 5662 Interpres
3564 5596 3678 5649 lucc

2114 5666 2413 5732 posteriora
2462 5666 2535 5718 ita
2586 5666 2661 5715 uti
2700 5665 2843 5733 apud
2882 5663 3153 5717 Theodor.
3197 5672 3437 5721 exstant,
3482 5666 3678 5730 legisse

2099 5736 2330 5789 videtur.
2365 5733 2496 5787 Nam
2529 5734 2709 5797 vertit,
2731 5751 2823 5801 ego
2851 5750 3177 5803 nequaquam
3210 5733 3384 5787 credo.
3418 5733 3678 5789 Scriben-

2101 5805 2227 5861 dum
2258 5820 2385 5861 vero
2407 5806 2506 5859 ούκ
2536 5804 2601 5864 ἂν
2627 5805 2980 5875 πιστώσαιμι,
3010 5805 3270 5876 affirmare
3294 5821 3395 5857 non
3425 5807 3619 5858 ausim.
