4170 6372
447 336 542 396 δτι

1823 342 1880 397 S.
1926 342 2267 399 EPIPHANII

3591 338 3697 402 52%

449 468 750 527 penetrare.
798 454 1022 512 Addunt
1046 457 1271 528 insuper
1296 458 1379 513 vel
1411 459 1466 512 in
1495 458 1667 529 prima
1698 459 2021 530 migratione

2123 477 2266 522 στον,
2307 457 2622 528 ὑπερϐᾶσαν
2674 456 2802 520 τοὺς
2849 455 3212 525 κοσμοποιους
3254 454 3462 510 καὶτὸν
3499 472 3693 524 κοσμο-

445 549 712 608 cmifectis
735 551 991 606 omnibus
1009 566 1228 606 sursum
1253 552 1469 606 evolare
1490 554 1688 607 liberas
1715 569 1852 622 opus
1874 569 2016 616 esse,

445 641 528 696 vel
559 641 666 695 nisi
693 641 856 695 unico
875 641 967 694 illo
994 641 1226 695 adventu
1254 642 1507 696 universa
1532 642 1876 710 perfecerint,
1902 653 2016 697 tum

445 745 575 785 vero
603 746 928 801 unaquaque
955 732 1280 787 transitione
1306 734 1568 802 paulatim
1592 735 1848 788 omnibus
1884 735 2018 787 faci-

447 822 706 885 noribus,
749 822 1078 892 flagitiisque
1121 823 1410 877 defunctas
1455 841 1576 879 sese
1617 827 1670 877 in
1712 826 2014 879 libertatem

447 929 711 970 asserere.
749 913 1014 969 Praterea
1034 933 1134 972 nos
1162 919 1250 978 iis,
1279 917 1371 986 qui
1396 916 1544 986 digni
1574 926 1721 980 sunt,
1742 917 2012 987 inquiunt,

448 1017 649 1058 arcana
694 1003 798 1058 ista
839 1006 1263 1070 committimus,
1312 1013 1370 1059 ut
1424 1022 1544 1074 quae
1591 1021 1713 1060 esse
1762 1007 2016 1066 videntur

445 1095 610 1157 mala,
645 1104 840 1156 natura
863 1104 1040 1156 autem
1071 1097 1292 1151 minimc
1323 1106 1470 1161 sunt,
1495 1109 1887 1166 exsequantur,
1919 1113 2012 1152 ca-

444 1197 551 1250 (ιυθ
594 1198 652 1236 re
691 1184 906 1252 cognita
951 1185 1264 1249 liberentur.
1326 1186 1514 1240 Solent
1559 1203 1685 1240 vero
1715 1187 2016 1255 Carpocra-

447 1272 604 1336 tiani,
639 1289 778 1342 quos
811 1274 876 1328 ad
907 1290 1061 1333 suam
1101 1284 1305 1332 sectam
1367 1275 1737 1330 fraudulenter
1780 1278 2013 1345 pellexe-

447 1363 576 1426 rint,
606 1364 674 1418 iis
699 1364 964 1433 candente
994 1365 1155 1429 ferro,
1182 1368 1264 1418 vel
1289 1368 1574 1428 novacula,
1603 1368 1682 1420 vel
1709 1382 1807 1420 acu
1833 1376 2011 1420 notam

445 1457 737 1525 quamdam
769 1458 835 1512 ad
873 1460 1036 1522 imam
1069 1461 1369 1521 auriculam
1402 1461 1734 1529 imprimere.

519 1630 674 1712 ια’]
704 1629 793 1705 Vl.
817 1629 890 1684 Ex
923 1631 1117 1698 horum
1151 1632 1386 1698 factione
1430 1631 1741 1702 Marcelliua
1766 1632 2012 1702 quaedam

445 1721 511 1774 ad
541 1737 642 1775 nos
673 1725 833 1788 venit,
858 1739 976 1792 quae
1001 1721 1211 1777 Aniceti
1246 1723 1471 1780 Romani
1494 1725 1733 1794 episcopi
1770 1733 2012 1793 tempore

2127 552 2295 604 ποιόν.
2328 551 2462 602 Φασὶ
2496 549 2552 602 δὲ
2581 548 2760 610 πάλιν,
2790 549 2870 601 ὅτι
2895 549 2975 600 δεῖ
3000 548 3098 600 κᾶν
3116 564 3174 598 τε
3207 549 3262 599 ὲν
3295 549 3394 616 μιᾷ
3425 546 3697 616 παρουσίᾳ,

2125 643 2221 711 τῆς
2279 638 2818 710 μετενσωματώσεως
2871 639 3152 709 πραξάσας
3190 638 3372 691 λοιπὸν
3405 640 3514 692 ἅνω
3543 638 3694 691 ἐλευ-

2125 736 2452 807 θερωθείσας
2481 733 2716 787 ἀπιέναι.
2753 734 2815 785 Ei
2843 732 2900 784 δὲ
2932 734 3004 801 μὴ
3036 734 3089 782 ὲν
3125 734 3220 802 μιᾷ
3251 730 3522 802 παρουσία
3554 732 3694 801 πρά-

2125 828 2296 893 ξουσι,
2345 827 2464 881 καθ’
2508 826 2743 895 ἑκάστην
2793 825 3094 894 παρουσίαν
3155 821 3693 893 μετενσωματώσειιις

2123 920 2439 990 καταϐραχὺ
2485 916 2786 987 ποιησάσας
2833 915 3062 969 ἑκάστου
3097 914 3257 985 ἔργου
3310 913 3565 982 ἀθεμίτου
3596 913 3694 982 τὴν

2121 1010 2402 1079 ἐργασίαν,
2452 1006 2633 1058 λοιπὸν
2675 1003 3117 1074 ἐλευθερωθῆναι.
3152 1003 3381 1070 Λέγουσι
3420 1002 3474 1052 δὲ
3511 1003 3689 1067 πάλιν,

2121 1102 2224 1152 ὅτι’
2252 1101 2374 1162 Τοῖς
2411 1098 2579 1164 ἀξίοις
2625 1096 2795 1150 ταῦτα
2839 1095 3197 1166 καταξιοῦμεν
3243 1094 3563 1163 διηγεῖσθαι,
3605 1096 3694 1147 ἵνα

2123 1191 2368 1262 πράξωσι
2413 1189 2480 1242 τὰ
2507 1187 2763 1242 δοκοῦντα
2790 1183 2926 1238 εἶναι
2961 1187 3125 1248 κακὰ,
3159 1186 3258 1237 οὐκ
3292 1185 3417 1244 ὄντα
3448 1186 3501 1237 δὲ
3534 1185 3692 1254 φύσει

2121 1279 2283 1340 κακὰ,
2341 1279 2426 1336 ἵνα
2453 1275 2715 1347 μαθόντες
2765 1273 3183 1343 ὲλευθερωθῶσι.
3236 1273 3510 1343 Σφραγῖδα
3547 1271 3602 1325 δὲ
3633 1275 3690 1325 ὲν

2121 1369 2374 1437 καυτῆρι,
2417 1366 2450 1437 ἢ
2485 1363 2552 1418 δι’
2588 1362 2987 1432 ἐπιτηδεύσεως
3029 1361 3230 1432 ξυρίου,
3259 1364 3291 1431 ἢ
3326 1362 3545 1430 ῥαφίδος
3573 1365 3691 1414 ὲπι-

2119 1459 2358 1512 τιθέασιν
2389 1449 2534 1508 οὗτοι
2560 1457 2609 1508 οἱ
2649 1455 2752 1507 ὑπὸ
2777 1454 3083 1522 Καρποκρᾶ
3116 1453 3208 1504 ἐπὶ
3229 1453 3316 1504 τὸν
3342 1451 3511 1515 δεξιὸν
3537 1451 3690 1508 λοϐὸν

2119 1550 2209 1603 τοῦ
2233 1549 2369 1611 ὠτὸς
2408 1551 2516 1610 τοῖς
2551 1549 2640 1600 ὑπ’
2668 1545 2844 1598 αὐτῶν
2870 1544 3264 1614 ἁπατωμένοις.

2193 1644 2282 1706 ς’.
2317 1636 2488 1692 Ἦλθε
2531 1639 2627 1709 μὲν
2655 1641 2732 1700 είς
2757 1639 2903 1708 ἡμᾶς
2936 1638 3033 1706 1ἤδη
3072 1635 3187 1698 πῶς
3232 1635 3577 1706 Μαρκελλίνα
3606 1653 3688 1699 τις

2121 1731 2413 1785 ὑπἀὑτῶν
2463 1730 2821 1800 ἁπατηθείσα,
2879 1730 2971 1782 καὶ
3019 1728 3243 1789 πολλοὺς
3288 1726 3592 1796 ἐλυμήνατο
3629 1729 3689 1792 ὲν

445 1813 732 1882 plerosque
774 1815 1152 1881 labefactavit;
1189 1816 1400 1872 Aniceti
1458 1817 1680 1886 inquam
1719 1819 1884 1879 illius,
1916 1819 2008 1886 qui

2121 1823 2319 1894 χρόνοις
2364 1823 2643 1892 Ἀνικήτου
2675 1821 2971 1873 ἐπισκόπου
3013 1817 3252 1889 Ῥώμης,
3298 1817 3391 1869 τοῦ
3420 1817 3560 1869 κατὰ
3588 1816 3686 1887 τὴν

441 1899 559 1966 Pio,
588 1904 816 1975 aliisque
861 1907 1206 1976 pontificibus
1253 1911 1538 1962 successit.
1569 1908 1781 1963 Etenim
1824 1909 2008 1964 Romae

443 1995 606 2064 primi
659 1998 900 2051 oumium
954 1998 1146 2054 Petrus
1203 2010 1256 2052 et
1308 1997 1510 2052 Paulus
1549 2000 1774 2069 apostoli
1807 2002 2010 2070 pariter

445 2092 606 2164 atque
653 2087 892 2157 episcopi
946 2087 1184 2143 fuerunt.
1229 2088 1359 2144 lude
1411 2089 1609 2155 Linus;
1644 2098 1758 2144 tum
1804 2092 2005 2146 Cletus.

441 2175 573 2233 Post
608 2180 748 2233 hunc
775 2179 1042 2244 Clemens,
1078 2179 1288 2236 Petriet
1315 2181 1467 2234 l'auli
1500 2189 1802 2250 temporum
1829 2199 2010 2252 aaqua-

442 2272 532 2344 lis,
563 2273 630 2328 de
658 2289 767 2343 quo
816 2271 1016 2328 Paulus
1060 2274 1306 2328 meminit
1353 2273 1419 2326 ad
1468 2273 1743 2328 Romanos
1782 2273 2010 2346 [Philip-

444 2362 664 2434 penses]
717 2365 963 2420 scribens
1013 2366 1053 2417 ¹.
1099 2362 1284 2434 Neque
1342 2380 1470 2420 vero
1531 2366 1758 2420 miretur
1791 2366 2008 2436 aliquis,

443 2455 587 2523 quod
617 2465 741 2509 ante
769 2457 945 2526 ipsum
975 2456 1026 2509 in
1050 2455 1382 2524 pontificiam
1413 2456 1727 2524 dignitatem
1759 2456 1848 2519 alii
1879 2472 2010 2526 apo-

445 2533 600 2601 stolis
627 2548 1017 2607 successerint,
1051 2563 1172 2600 cum
1201 2545 1346 2600 Petri
1377 2562 1440 2600 ac
1473 2545 1625 2610 Pauli
1653 2555 1797 2601 esset
1827 2563 2009 2615 aequa-

445 2637 534 2708 lis,
568 2637 760 2692 iisdem
807 2639 952 2692 enim
983 2637 1074 2691 ille
1123 2637 1463 2707 temporibus
1498 2639 1647 2693 vixit.
1681 2635 1872 2692 Utrum
1905 2639 2011 2691 illis

518 2749 534 2780 ¹
565 2748 797 2820 Philipp.
832 2765 905 2815 tv,
938 2751 990 2808 5.

517 2863 628 2934 (87)
668 2865 768 2916 Ἐν
804 2863 988 2933 Ῥώμῃ
1013 2864 1122 2933 γὰρ
1153 2866 1452 2933 γεγόνασι.
1485 2862 1854 2916 Romanorum
1881 2878 2016 2932 pon—

443 2934 677 3004 tilicum,
710 2935 865 3003 quia
910 2936 1074 2989 Petro
1117 2935 1350 3003 proximi
1395 2935 1634 2994 fuerunt,
1682 2935 2011 3004 perobscura

447 3003 618 3074 series
658 3013 761 3062 est.
807 3009 1060 3074 varieque
1107 3006 1436 3073 scriptorum
1480 3006 1737 3071 opinione
1780 3003 2008 3070 jactata.

448 3072 522 3124 De
555 3089 661 3143 qua
694 3089 816 3127 cum
855 3081 962 3127 tam
1000 3072 1232 3144 insignis
1261 3074 1548 3144 Epiphanii
1586 3074 1735 3144 locus
1775 3074 1877 3126 istc
1916 3074 2007 3135 sit,

447 3157 621 3211 pauca
653 3145 718 3197 ad
751 3159 874 3198 eum
911 3146 1086 3214 ipsum
1134 3143 1520 3214 illustrandum
1568 3143 1886 3214 explicanda
1931 3146 2013 3195 vi-

449 3214 666 3272 dentur.
699 3214 777 3266 Ac
817 3213 1086 3283 praeipua
1122 3214 1339 3282 quidem
1371 3213 1436 3266 de
1475 3213 1596 3277 Liui
1624 3228 1687 3265 ac
1717 3213 1855 3266 (Σιθιί
1883 3229 2015 3282 pou-

448 3283 650 3363 tilicatu
703 3285 1075 3339 controversia
1128 3284 1388 3363 nascitur.
1434 3283 1581 3363 Quos
1621 3284 1864 3363 plerique
1908 3300 2015 3363 ιιοιι

453 3345 595 3407 Petri
645 3369 1016 3413 successores,
1072 3369 1171 3407 nec
1223 3345 1529 3406 ordinarios
1567 3345 1880 3422 pontilides;
1921 3355 2014 3407 sed

449 3423 874 3492 chorepiscopos
902 3424 1176 3477 exstitisse
1208 3431 1420 3492 putant,
1457 3424 1524 3476 ab
1550 3439 1724 3492 eoque
1757 3426 1872 3475 vice
1896 3439 2014 3486 sua,

449 3506 558 3558 quo
604 3491 900 3560 praesertim
945 3491 1472 3560 tempore’abesset,
1521 3491 1651 3546 Urbi
1708 3494 2014 3560 praefectos.

450 3561 857 3636 Aliilegitimos
882 3570 936 3614 et
967 3563 1278 3636 ordinaries
1299 3561 1536 3636 faciunt.
1573 3563 1871 3636 Utriusque
1898 3580 2019 3636 sen-

454 3631 658 3685 tentia!
680 3633 1011 3686 mentionem
1057 3632 1184 3685 facit
1216 3632 1573 3700 Epiphanius,
1605 3640 1659 3686 et
1690 3631 1808 3684 utra
1840 3634 2022 3685 verior

449 3702 543 3764 sit,
577 3701 1154 3772 incertumirelinquit.
1186 3701 1425 3772 Priorem
1458 3718 1523 3755 ex
1552 3701 2021 3772 pseudo-Damaso

451 3771 798 3840 amplectitur
838 3771 1103 3826 Onufrius
1150 3773 1204 3826 in
1238 3771 1522 3834 Chronico,
1553 3771 1645 3840 qui
1681 3789 1710 3824 a
1737 3772 1900 3825 Petro
1925 3773 2022 3825 ad-

453 3845 560 3912 huc
595 3843 892 3911 superstite
923 3843 1344 3912 chorepiscopos
1380 3843 1518 3895 duos
1559 3845 1892 3896 constitutos
1924 3843 2020 3907 ait,

452 3908 681 3974 Linum,
718 3923 878 3980 atque
911 3908 1145 3979 Cletum,
1201 3908 1345 3966 anno
1394 3912 1742 3981 pontiﬁcatus
1785 3913 1867 3964 sui
1909 3929 2019 3974 xlv,

452 3982 614 4048 paulo
649 3998 776 4035 vero
813 3991 1102 4051 antequam
1163 3992 1486 4043 moreretur,
1523 3983 1769 4035 euuidem
1803 3981 2020 4034 Petrum

453 4065 827 4107 successorem
858 4053 1144 4108 ordinasse
1167 4055 1501 4107 Clementem
1535 4067 1678 4104 anno
1705 4052 1906 4104 Christi
1933 4052 2020 4105 68.

451 4119 622 4186 Linus
650 4138 812 4190 porro
843 4123 1031 4178 eodem
1064 4138 1230 4188 anno,
1260 4138 1368 4190 quo
1402 4122 1615 4191 Petrus,
1653 4123 1841 4191 paucis
1875 4137 2026 4174 men-

453 4191 605 4262 sibus
640 4193 965 4262 interjectis,
1015 4209 1208 4261 nempe
1260 4209 1314 4244 ix
1359 4191 1479 4262 Kal:
1514 4190 1880 4260 Octﬁpassus
1919 4200 2021 4262 est.

451 4261 702 4318 Clemens
756 4261 966 4330 primus
1020 4273 1145 4332 post
1195 4261 1412 4316 Petrum
1466 4261 1746 4332 Romanus
1785 4261 2025 4332 pontifex

454 4347 632 4386 annos
662 4328 803 4386 sedit
838 4351 912 4396 rx,
949 4328 1167 4386 menses
1196 4348 1270 4394 Iv,
1300 4333 1418 4386 dies
1451 4347 1597 4384 τινι.
1631 4331 1734 4395 Qui
1767 4328 1888 4384 cum
1925 4328 2026 4383 Ve-

455 4402 714 4470 spasiano
741 4419 837 4469 νιι,
857 4412 910 4458 et
929 4402 1052 4456 Tito
1079 4419 1109 4453 v
1133 4419 1278 4460 coss.
1301 4417 1445 4462 anno
1463 4403 1666 4458 Christi
1691 4402 1752 4453 77
1783 4408 2027 4454 mortuus

455 4480 623 4530 esset.
671 4488 1043 4538 successorem
1083 4474 1270 4526 habuit
1306 4474 1519 4524 Cletum
1554 4491 1565 4524 :
1608 4473 1699 4539 qui
1734 4470 2026 4524 Clementis

456 4541 722 4610 hactenus
747 4559 853 4596 non
876 4544 1103 4610 collega,
1121 4542 1214 4596 sed
1239 4542 1558 4596 administer
1573 4541 1767 4595 fuerat.
1791 4541 1962 4607 Atque
1987 4541 2031 4592 is

457 4609 829 4679 pontificatum
853 4628 946 4667 sex
971 4609 1129 4666 annis
1152 4613 1322 4666 tenuit
1345 4611 1622 4664 mensibus
1651 4627 1702 4673 ν,
1725 4610 1917 4663 diebus
1941 4613 2038 4660 tri-

455 4684 580 4746 bus,
600 4696 722 4736 cum
748 4685 1043 4751 episcopus
1067 4699 1129 4735 ac
1154 4681 1472 4752 pontificum
1493 4681 1746 4753 minister
1769 4681 1928 4753 annis
1947 4694 2038 4730 an-

456 4761 543 4806 tea
563 4768 656 4815 xx,
673 4749 956 4818 mensibus
983 4769 1036 4814 v,
1053 4749 1246 4820 diebus
1268 4769 1341 4804 xii
1365 4751 1686 4821 exstitisset.
1708 4749 1773 4802 Ut
1793 4749 1845 4818 in
1867 4759 2034 4802 totum

459 4825 618 4893 annis
650 4839 800 4893 xxVI,
823 4823 1108 4893 mensibus
1129 4839 1180 4886 x,
1209 4821 1402 4893 diebus
1425 4835 1490 4893 xv
1521 4823 1890 4893 episcotiatum
1913 4833 2037 4893 ges-

458 4891 608 4948 serit.
654 4891 884 4946 Moritur
919 4887 1108 4946 autem
1135 4906 1279 4944 anno
1325 4887 1528 4942 Christi
1558 4887 1668 4952 ’84,
1728 4889 2035 4941 Domiti:qu

459 4979 516 5017 ix
549 4971 604 5018 et
633 4961 882 5033 Virginio
914 4979 1059 5017 coss.
1117 4960 1272 5014 Hunc
1301 4962 1596 5033 Auacletus
1635 4959 1868 5025 excepit.
1915 4957 2036 5033 llaec

459 5029 758 5089 Onufrius:
785 5033 833 5086 A
869 5035 1070 5102 quibus
1129 5040 1339 5095 veteres
1391 5029 1635 5102 plerique
1664 5101 1672 5102 ί
1699 5030 2036 5100 praestantis,-

459 5099 940 5174 simiiscriptorcs,
979 5118 1042 5157 ac
1075 5104 1414 5156 recentiores
1449 5099 2036 5174 dissentiuntaquale-

461 5191 564 5230 nus
592 5167 786 5227 Liuuin
817 5183 871 5228 et
894 5173 1129 5233 Cletum,
1163 5174 1275 5225 sive
1300 5171 1640 5229 Anacletum,
1670 5177 1793 5236 post
1817 5167 2034 5220 Petrum

463 5245 857 5315 legitimos,ret
905 5244 1222 5315 ordinarios
1261 5242 1573 5315 _l_’-ont_il_ices_
1613 5246 1920 5315 nexuerant,
1977 5245 2037 5315 ut

461 5307 700 5368 lrénaius
735 5314 828 5367 lib.
863 5331 943 5378 ιιι,
993 5329 1113 5381 cap.
1147 5313 1217 5377 5;
1258 5310 1522 5365 Eusebius
1564 5307 1845 5381 inChi-on.
1891 5317 1944 5358 et
1979 5308 2034 5381 in

465 5382 742 5448 Historia;
799 5383 1010 5439 Tertul.
1062 5379 1430 5452 Epiphanius,
1480 5390 1533 5452 et
1586 5380 1676 5452 alii
1736 5379 2029 5452 innumeri.

463 5452 677 5517 Quibus
731 5456 959 5508 libenter
1009 5448 1341 5506 accedimus.
1395 5450 1502 5503 Sed
1545 5450 1758 5501 illorum
1794 5448 2034 5516 plerique

464 5520 676 5574 Cletum
706 5523 953 5577 eumdem
986 5539 1108 5578 cum
1144 5524 1404 5575 Anacleto
1440 5520 1664 5573 faciunt.
1702 5519 1830 5582 Quae
1853 5519 2032 5569 omnia

466 5599 615 5663 recte
644 5593 698 5645 in
729 5594 1022 5647 Annalibus
1053 5608 1118 5646 ac
1148 5593 1436 5660 diligenter
1455 5591 1717 5663 exposita
1745 5597 1892 5663 sunt.
1917 5587 2034 5663 _Sed

467 5658 661 5711 vitiosa
691 5673 778 5715 est
812 5663 1011 5716 ibidem
1053 5658 1324 5716 annorum
1367 5661 1526 5724 ratio,
1573 5666 1626 5712 et
1670 5659 1874 5712 biennii
1905 5658 2035 5708 ἀνα-

471 5731 759 5846 ἒρονισμός
803 5733 1002 5798 ubique
1054 5732 1405 5793 commissus,
1453 5730 1521 5782 de
1551 5744 1658 5797 quo
1702 5729 1769 5780 ad
1817 5728 1946 5780 haer.
1979 5742 2032 5778 LI

514 5804 832 5846 IBDtttamus-
865 5800 1134 5846 Onnoirm
1175 5803 1495 5846 castigatam
1526 5798 1836 5846 tinrtlil'ieum
1868 5797 2029 5846 Rom-

514 5804 832 5860 isptttanius.
865 5797 1134 5864 Quocirca
1175 5803 1496 5872 castigatam
1524 5798 1836 5874 pontificum
1868 5797 2036 5874 Boni.

2115 1913 2358 1985 διαδοχὴν
2412 1914 2564 1976 Πίου,
2615 1911 2848 1968 καὶτῶν
2899 1910 3172 1980 ἀνωτέρω.
3233 1909 3319 1960 Ἐν
3359 1906 3545 1978 Ῥώμῃ
3574 1905 3686 1976 γὰρ

2115 2005 2367 2072 γεγόνασι
2405 2003 2514 2071 (87)
2547 2003 2750 2073 πρῶτοι
2793 2001 2998 2071 Πέτρος
3029 2001 3120 2052 καὶ⁵
3148 1997 3354 2060 Παῦλος
3377 1999 3424 2050 oi
3460 1997 3693 2049 ἀπόστο-

2115 2095 2196 2147 λοι
2221 2093 2370 2146 αὐτοὶ
2400 2093 2714 2144 ἐπίσκοποι·
2749 2087 2867 2144 εἶτα
2919 2093 3075 2154 Λῖνος
3101 2107 3115 2122 ·
3151 2085 3268 2141 εἶτα
3292 2090 3502 2158 Κλῆτος
3523 2105 3536 2117 ·
3570 2084 3690 2141 εἶτα

2116 2188 2366 2256 Κλήμης,
2399 2185 2689 2255 σύγχρονος
2740 2182 2813 2236 ὣν
2846 2183 3052 2253 Πέτρου
3087 2184 3179 2235 καὶ
3209 2182 3441 2243 Παύλου,
3474 2177 3532 2234 οὗ
3566 2181 3689 2233 ἑπι-

2119 2276 2443 2346 μνημονεύει
2479 2259 2688 2338 Παῦλος
2727 2277 2784 2327 ὲν
2808 2277 2871 2344 τῇ
2905 2273 3038 2343 πρὸς
3083 2274 3384 2342 Ῥωμαίους
3417 2269 3694 2343 [Φιλίππ.]

2130 2367 2430 2437 Ἐπιστολῇ.
2460 2368 2567 2420 Καὶ
2584 2367 2770 2436 μηδεὶς
2785 2365 3124 2436 θαυμαζέτω,
3144 2366 3224 2417 ὅτι
3244 2364 3346 2436 πρὸ
3363 2363 3521 2416 αὐτοῦ
3542 2363 3690 2416 ἄλλοι

2116 2459 2212 2529 τὴν
2233 2459 2530 2528 ἐπισκοπὴν
2563 2458 2860 2522 διεδέξαντο
2893 2457 3000 2510 ἀπὸ
3028 2457 3135 2508 τῶν
3173 2455 3505 2517 ἀποστόλων,
3537 2455 3692 2516 ὄντος

2117 2550 2307 2603 τούτου
2339 2549 2631 2621 σὐγχρὸνου
2658 2550 2865 2618 Πέτρου
2890 2548 2982 2601 καὶ
3009 2547 3220 2600 Παύλου
3241 2563 3252 2574 ·
3283 2548 3378 2599 καὶ
3403 2540 3556 2608 οὗτος
3581 2545 3692 2617 γὰρ

2121 2643 2411 2714 σύγχρονος
2471 2642 2675 2710 γίνεται
2739 2640 2847 2693 τῶν
2903 2639 3232 2693 ἀποστόλων.
3295 2639 3405 2690 Εἶτ’
3455 2632 3550 2690 οὖν
3608 2635 3688 2688 ἔτι

2121 2869 2338 2928 seriem,
2371 2875 2424 2920 et
2454 2865 2525 2919 ad
2549 2879 2707 2919 veros
2745 2878 2917 2918 annos
2945 2861 3220 2916 redactam
3256 2862 3357 2915 hoc
3393 2864 3517 2914 loco
3557 2863 3691 2921 sub-

2116 2939 2335 3007 jiciam;
2368 2951 2556 2990 eorum
2582 2935 2865 3007 dtintaxat,
2891 2949 3028 3007 quos
3053 2933 3395 3007 Epiphanius
3415 2941 3686 3007 recenset.

2193 3000 2406 3061 Primus
2437 3007 2598 3073 igitur
2631 3004 2813 3057 Romae
2844 3000 3217 3073 pontifiCatuiit
3249 3003 3423 3054 tenuit
3459 3000 3688 3073 Petrus;

2122 3080 2214 3148 qui
2246 3092 2388 3148 anno
2423 3070 2651 3148 Neronis
2688 3090 2785 3126 xui
2817 3070 3014 3142 passim
3050 3071 3439 3148 est,»(_1apitone
3469 3082 3520 3125 et
3550 3070 3692 3124 Rufo

2122 3142 2266 3203 coss.
2299 3147 2391 3216 qui
2427 3154 2511 3200 est
2543 3144 2792 3197 Julianus
2817 3158 2952 3216 (ιλιι,
2989 3157 3108 3197 tcta:
3143 3142 3693 3216 liionysianieuvn,

2119 3236 2228 3273 non
2260 3209 2408 3280 Lx'tx,
2446 3227 2503 3269 ut
2534 3225 2616 3268 est
2650 3217 2701 3266 in
2733 3214 3052 3274 Annalibus,
3085 3219 3197 3273 aut,
3231 3209 3543 3264 ut’Onufrio
3576 3214 3691 3279 pla-

2118 3299 2224 3351 cet,
2263 3303 2450 3341 t.xvut.
2484 3285 2582 3338 llic
2612 3285 2754 3338 enim
2789 3299 2898 3336 uno
2937 3285 3202 3351 duntaxat
3229 3297 3403 3340 anno;
3436 3281 3512 3332 illi
3542 3283 3694 3334 bien-

2119 3360 2209 3412 nio
2244 3373 2432 3412 verum
2469 3364 2682 3423 tempus
2728 3361 3096 3408 antevortunt.
3149 3350 3320 3420 Cujus
3364 3366 3586 3404 causam
3624 3352 3694 3404 ad

2122 3430 2352 3482 haeresin
2385 3442 2435 3478 ι.ι
2470 3431 2803 3494 aperiemus.

2190 3499 2389 3552 Eodem
2426 3490 2569 3548 anno
2605 3493 2770 3547 Linus
2817 3492 3104 3548 successit.
3149 3490 3248 3543 Cui
3294 3505 3467 3544 annos
3515 3490 3696 3559 impu-

2119 3577 2236 3622 tant
2266 3585 2341 3628 XI,
2369 3582 2582 3619 menses
2629 3581 2687 3625 ιι,
2719 3566 2833 3617 dies
2865 3579 3018 3616 χχιιι.
3057 3561 3307 3628 Idemque
3335 3569 3583 3613 mortuus
3605 3568 3690 3614 est

2122 3653 2264 3692 anno
2315 3636 2644 3706 Dionysiano
2689 3649 2916 3694 Lxxvut,
2971 3630 3121 3700 Sept.
3161 3646 3319 3693 xxiii,
3364 3647 3496 3696 non,
3528 3641 3584 3684 ut
3613 3632 3692 3683 illi

2122 3716 2365 3771 censent,
2402 3721 2565 3759 Lxxx.

2195 3770 2410 3830 Tertius
2438 3775 2628 3828 Linum
2649 3771 2834 3826 Cletus
2858 3770 3090 3840 excepit,
3121 3770 3368 3838 seditque
3391 3785 3567 3824 annos
3593 3785 3692 3832 xu,

2123 3863 2340 3901 menses
2389 3862 2487 3906 vn,
2537 3843 2654 3897 dies
2707 3859 2767 3896 ιι.
2821 3841 2967 3896 Obiit
3019 3856 3161 3893 anno
3216 3840 3547 3910 Dionysiano
3583 3851 3692 3904 XCI,

2124 3910 2325 3987 Aprilis
2356 3932 2502 3980 xxvi,
2535 3911 2791 3987 Traiano,
2826 3921 2879 3966 et
2907 3910 3201 3987 Glabrione
3228 3925 3370 3987 coss.

2196 3986 2433 4052 Quartus
2476 3991 2559 4038 est
2609 3981 2882 4052 Clemens,
2935 3983 3022 4034 cui
3075 3983 3204 4052 anni
3259 3981 3581 4052 tribuuntur
3615 3996 3693 4040 ix,

2127 4049 2340 4111 menses
2363 4070 2436 4118 vr,
2465 4055 2582 4109 dies
2600 4068 2673 4105 vr.
2698 4051 2925 4106 Moritur
2948 4065 3092 4103 anno
3120 4049 3342 4120 Dionys.
3371 4051 3702 4120 centesimo,

2128 4143 2181 4180 tx
2209 4127 2326 4180 Kal.
2359 4125 2484 4180 Dec.

2197 4197 2434 4262 Quintus
2462 4196 2644 4250 Roma:
2675 4191 2887 4263 praefuit
2918 4191 3234 4263 Anacletus,
3258 4191 3418 4245 annis
3441 4207 3518 4257 ix,
3544 4203 3698 4243 men-

2129 4267 2280 4321 sibus
2307 4283 2388 4328 ιιι,
2424 4267 2616 4321 diebus
2644 4262 2697 4318 κζ
2722 4264 2868 4317 Obiit
2895 4277 3037 4314 anno
3067 4262 3190 4316 110.

2206 4337 2405 4390 Sextus
2451 4335 2753 4398 Evaristus,
2799 4334 2893 4401 qui
2939 4339 2992 4384 et
3043 4333 3160 4400 ipse
3207 4345 3379 4401 annos
3430 4330 3570 4383 sedit
3619 4345 3696 4392 ix,

2131 4422 2346 4460 menses
2382 4421 2462 4462 ιιι.
2496 4405 2740 4459 Mortuus
2763 4400 2845 4464 est
2875 4416 3017 4455 anno
3051 4402 3172 4464 119,
3215 4400 3436 4454 Octobr.
3471 4415 3618 4454 xxvi.

2210 4476 2486 4544 Septimus
2535 4487 2617 4529 est
2666 4471 2992 4534 Alexander,
3033 4474 3124 4541 qui
3160 4488 3189 4523 χ
3224 4486 3397 4544 annos
3441 4469 3703 4523 Ecclesia:

2139 4542 2370 4610 pmfuit.
2421 4552 2513 4598 aut
2566 4545 2728 4599 etiam
2787 4545 2992 4608 aliquot
3051 4558 3116 4595 eo
3171 4542 3404 4608 amplius
3460 4554 3698 4595 menses.

2138 4614 2283 4668 Vixit
2315 4615 2380 4667 ad
2414 4629 2616 4667 annum
2647 4628 2819 4682 usque
2850 4613 2970 4665 150.
3013 4611 3130 4682 Quo
3162 4610 3348 4665 eodem
3381 4625 3524 4660 anno

2209 4685 2445 4738 Octavus
2504 4681 2875 4746 Romanorum
2950 4681 3264 4749 pontificum
3331 4687 3547 4732 creatus
3618 4689 3704 4733 est

2135 4753 2350 4814 Xistus.
2383 4755 2434 4807 ls
2474 4755 2632 4807 annis
2667 4754 2852 4806 decem
2893 4751 3123 4819 expletis
3159 4757 3406 4802 mortuus
3438 4758 3523 4807 est
3558 4765 3702 4802 anno

2137 4825 2340 4878 Christi
2377 4825 2594 4877 circiter
2629 4823 2747 4876 MO.

2209 4893 2393 4948 Nonus
2446 4893 2810 4961 Telesphorus
2861 4905 3033 4945 annos
3067 4889 3208 4961 sedit
3255 4904 3330 4952 xi,
3371 4902 3590 4943 menses
3625 4904 3702 4954 ix,

2137 4963 2253 5030 dies
2283 4979 2362 5025 ιιι,
2393 4959 2714 5033 martyrium
2756 4962 2884 5019 fecit
2909 4977 3054 5033 anno
3097 4959 3219 5033 1’52.
3270 5028 3283 5033 _
3310 5029 3339 5033 __
3488 5027 3492 5031 η

2208 5033 2463 5103 Decimus
2494 5028 2951 5103 Hyginus,_annis
2981 5031 3192 5103 tv._Qui
3233 5028 3367 5096 obiit
3389 5028 3545 5103 anno
3583 5029 3702 5082 156.

2209 5099 2721 5156 υηιιθοίιιιιιεῬίιιε.
2747 5101 2844 5155 Cui
2872 5116 3043 5154 annos
3072 5101 3340 5168 imputant
3365 5099 3599 5152 Annales
3631 5117 3704 5160 ix,

2137 5188 2354 5228 menses
2386 5189 2460 5226 vt.
2493 5173 2640 5226 Obiit
2668 5187 2809 5224 anno
2841 5171 2962 5223 165.

2211 5243 2572 5298 Duodecimus
2617 5243 2907 5303 Anicetus;
2952 5240 3110 5293 annis
3155 5254 3278 5297 vttt,
3329 5237 3512 5292 minus
3557 5253 3710 5290 men--

2138 5313 2290 5368 sibus
2316 5330 2398 5377 ιιι,
2425 5328 2488 5367 ac
2515 5312 2708 5366 diebus
2736 5327 2828 5364 \‘ll.
2859 5311 3086 5362 Moritur
3111 5324 3254 5362 anno
3287 5307 3405 5360 175.

2209 5384 2480 5439 Hactenus
2516 5382 2884 5435 Romanorum
2922 5379 3244 5433 Pontificum
3289 5379 3460 5431 series
3496 5393 3560 5430 ex
3600 5377 3712 5427 Au-

2137 5455 2348 5508 nalibus
2385 5455 2724 5522 deprompta,
2781 5450 2873 5522 sed
2920 5452 2985 5503 ad
3045 5466 3200 5503 veros
3245 5463 3416 5501 annos
3459 5447 3706 5522 ι’(ειιιιι-ιςι.

2136 5524 2378 5587 Quorum
2428 5521 2645 5592 quidem
2700 5521 3015 5592 singillatim
3067 5530 3313 5592 tempora
3369 5521 3708 5586 perscrutari

2137 5596 2258 5664 plus
2289 5591 2772 5664 molestiae,_qtiam
2794 5591 3056 5664 utilitatis
3088 5591 3278 5664 habet.

2207 5664 2266 5717 In
2313 5662 2600 5733 Epiphanii
2629 5657 2902 5733 'Catalogo
2932 5671 3054 5732 post
3087 5657 3482 5729 Telesphorum
3514 5668 3710 5732 perpe-

2137 5749 2251 5789 ram
2285 5735 2566 5790 Evaristus
2596 5732 2882 5822 reperitur.
3269 5741 3272 5744 ‘
3533 5741 3539 5745 ·
3634 5739 3640 5744 ·
