4170 6372
395 411 506 470 375

1029 409 1396 465 ADVERSUS
1432 407 1774 467 IUERESES
1813 397 1938 461 Lm.

2082 399 2228 461 l‘OM.
2272 405 2410 460 IL—
2431 402 2702 460 lleRES.
2744 402 2956 456 XXVII.

3557 403 3663 464 374

397 527 698 598 περιόντων
728 525 904 578 αὐτῶν
935 527 1039 578 ὑπὸ
1077 527 1282 597 Πέτρου
1316 525 1585 596 λαμϐάνει
1604 527 1704 596 τὴν
1733 524 1974 596 χειροθε-

2082 523 2256 577 adhuc
2310 523 2698 593 superstitibus
2753 519 3025 590 impositis
3071 519 3322 574 manibus
3367 520 3660 589 episc0pus

401 619 521 670 σίαν
542 616 640 688 τῆς
668 617 990 687 ἐπισκοπῆς,
1043 619 1136 670 καὶ
1175 621 1651 690 παραιτησάμενος
1675 620 1832 690 ἤργει
1867 618 1977 687 (λέ-

362 721 482 774 ίγει
507 705 614 774 γάρ
655 706 713 756 ἐν
767 707 864 775 μιᾷ
905 705 1014 758 τῶν
1051 706 1379 759 Ἐπιστολῶν
1410 708 1606 760 αύτοῦο
1653 705 1974 776 Ἀναχωρῶ,

396 794 622 862 ἄπειμι,
673 795 1017 860 ἑνσταθήτω
1064 799 1096 849 ὀ
1150 797 1300 862 λαὸς
1332 797 1437 849 τοῦ
1468 797 1614 850 Θεοῦ
1637 815 1648 827 ·
1677 799 1790 850 τισὶ
1820 797 1978 850 τοῦτο

401 885 808 956 συμϐουλεύων,
835 884 1067 957 εὕρομεν
1099 886 1208 957 γὰρ
1229 885 1284 938 ἐν
1304 904 1444 939 τισιν
1467 889 1979 959 ὑπομνηματισμοῖς

396 978 557 1030 τοῦτο
602 977 982 1048 ἐγκείμενον),
1027 979 1144 1048 ἦτοι
1203 978 1341 1048 μετά
1383 980 1481 1049 τὴν
1516 981 1623 1032 τῶν
1667 981 1978 1034 ἀποστόλων

394 1067 646 1137 διαδοχὴν
680 1067 788 1119 ὑπὸ
820 1067 1033 1137 Κλήτου
1062 1067 1155 1120 τοῦ
1189 1070 1490 1121 ἐπισκόπου
1521 1064 1676 1133 οὗτος
1717 1071 1980 1123 καθίστα-

395 1174 508 1220 ται,
559 1159 620 1211 οὐ
671 1158 808 1212 πάνυ
865 1158 1054 1226 σαφῶς
1088 1158 1264 1228 ἴσμεν.
1303 1159 1448 1231 Πλὴν
1489 1160 1623 1214 ἀλλά
1671 1162 1764 1214 καὶ
1809 1162 1980 1225 οὕτως

399 1246 630 1320 ἡδύνατο
664 1245 742 1298 ἔτι
775 1247 1075 1316 περιόντων
1116 1245 1226 1298 τῶν
1256 1249 1588 1315 ἀποστόλων,
1624 1252 1764 1322 φημὶ
1792 1251 1847 1304 δέ
1871 1252 1979 1303 τῶν

399 1337 531 1408 περ).
577 1337 782 1408 Πέτρον
824 1337 918 1389 καὶ
960 1337 1192 1400 Παῦλον,
1241 1339 1571 1402 ἐπισκόπους
1605 1341 1796 1405 ἄλλους
1843 1342 1978 1394 καθ-

402 1427 679 1490 ίστασθαι,
709 1428 795 1481 διὰ
840 1430 900 1481 τὸ
931 1431 1055 1490 τοὺς
1085 1431 1414 1494 ἀποστόλους
1454 1431 1712 1494 πολλάκις
1755 1433 1847 1484 ἐπὶ
1884 1433 1980 1496 τὰς

399 1520 566 1582 ἄλλας
601 1520 866 1590 πατρίδας
899 1519 994 1589 τὴν
1053 1522 1278 1590 πορείαν
1326 1521 1635 1574 στέλλεσθαι
1665 1523 1751 1575 διὰ
1795 1524 1854 1576 τὸ
1882 1526 1981 1594 κή-

403 1627 590 1684 ρυγμα
603 1609 696 1662 τοῦ
719 1608 974 1681 Χριστοῦ,
1003 1609 1075 1680 μὴ
1096 1610 1350 1662 δύνασθαι
1377 1610 1546 1680 δὲτὴν
1575 1611 1684 1663 τῶν
1699 1614 1981 1683 Ῥωμαίων

400 1702 556 1754 πόλιν
587 1703 714 1755 ἄνευ
751 1702 1051 1754 ἐπισκόπου
1089 1698 1247 1755 εἶναι.
1283 1703 1340 1754 Ὁ
1376 1702 1473 1772 μὲν
1504 1701 1610 1774 γὰρ
1636 1704 1846 1766 Παῦλος
1887 1705 1981 1757 καὶ

398 1794 493 1846 ἐπὶ
539 1793 638 1863 τὴν
699 1789 970 1846 Ἱσπανίαν
1005 1793 1114 1860 (88)
1144 1792 1478 1860 ἀφικνεῖται·
1509 1793 1712 1864 Πέτρος
1754 1793 1810 1845 δὲ
1855 1794 1982 1846 πολ-

400 1884 558 1946 λάκις
586 1881 785 1936 Πόντον
815 1899 873 1934 τε
898 1882 990 1935 καὶ
1020 1882 1270 1940 Βιθυνίαν
1301 1882 1657 1951 ἐπεσκέψατο.
1697 1883 1979 1954 Ἐνεχώρει

398 1975 458 2029 δὲ
489 1975 628 2046 μετά
663 1974 725 2027 τὸ
774 1973 1179 2044 κατασταθῆναι
1212 1975 1525 2044 Κλήμεντά,
1569 1977 1662 2029 καὶ
1710 1977 1980 2047 παραιτή-

403 2067 601 2120 σασθαι
644 2066 779 2134 (εἴγε
829 2064 1001 2128 οὕτως
1049 2065 1296 2136 ἐπράχθη
1323 2083 1336 2095 ·
1366 2065 1683 2136 διανοοῦμαι
1722 2066 1850 2137 γὰρ,
1883 2068 1979 2138 ούχ

399 2156 715 2229 ὁρίζομαι),
748 2156 974 2226 ὕστερον
1002 2157 1138 2227 μετά
1167 2158 1227 2210 τὸ
1244 2159 1684 2228 τετελευτηκέναι
1710 2161 1866 2212 Αἶνον
1889 2161 1980 2212 καὶ

401 2247 618 2316 Κλῆτον
667 2245 1167 2308 ἐπισκοπεύσαντας
1231 2247 1368 2318 πρὸς
1421 2247 1646 2300 δεκαδύο
1703 2248 1796 2318 ἐτη
1846 2249 1977 2318 (89),

400 2339 632 2392 ἕκαστον
662 2340 800 2410 μετά
831 2341 929 2409 τὴν
953 2339 1047 2391 τοῦ
1091 2339 1247 2408 ἁγίου
1284 2341 1491 2410 Πέτρου
1527 2341 1620 2394 καὶ
1648 2341 1860 2394 Παύλου
1888 2359 1980 2393 τε-

402 2430 620 2502 λευτὴν,
651 2429 756 2502 τὴν¹
776 2432 866 2483 ἐπὶ
892 2430 969 2500 τῶ
985 2431 1270 2501 δωδεκάτῳ
1289 2431 1398 2483 ἔτει
1428 2431 1537 2502 (90)
1561 2433 1809 2502 Νέρωνος
1835 2449 1982 2501 γενο-

408 2523 598 2592 μένην,
658 2521 844 2575 τοῦτον
901 2518 1056 2586 αὖθις
1113 2524 1519 2593 ἀναγκασθῆναι
1549 2524 1645 2594 τὴν
1679 2525 1982 2596 ἐπισκοπὴν

406 2615 918 2683 κατασχεῖν.”ομως
950 2615 982 2683 ἡ
1015 2613 1122 2667 τῶν
1151 2616 1208 2666 ἐν
1237 2613 1418 2686 Ῥώμη
1438 2616 1747 2668 ἐπισκόπων
1767 2616 1982 2688 διαδοχὴ

403 2705 612 2774 ταύτην
667 2704 778 2773 ἔχει
827 2705 926 2775 τὴν
983 2705 1336 2759 ἀκολουθίαν’
1384 2707 1587 2777 Πέτρος
1626 2709 1719 2759 καὶ
1752 2707 1980 2773 Παῦλος,

407 2798 564 2858 Λῖνος
590 2797 684 2848 καὶ
715 2796 947 2866 Κλῆτος,
974 2797 1223 2867 Κλήμης,
1251 2798 1577 2868 Εὐάρεστος,
1618 2798 1981 2870 Ἀλέξανδρος,

407 2883 632 2948 Ξύστος,
665 2885 1016 2955 Τελέσφορος,
1047 2887 1373 2958 Εὐάρεστος,
1409 2888 1638 2956 ’Υγῖνος,
1663 2889 1811 2953 Πῖος,
1846 2889 1986 2941 Ἀνί-

404 2991 595 3044 κητος,
630 2976 657 3027 ό
683 2975 793 3028 ἄνω
829 2979 886 3028 ἐν
917 2975 995 3046 τῷ
1024 2978 1306 3048 καταλόγῳ
1342 2979 1831 3050 προδεδηλωμένος.

485 3066 592 3117 Καὶ
629 3067 704 3136 μή
750 3084 834 3129 τις
880 3067 1156 3139 θαυμάσῃ,
1194 3069 1275 3121 ὅτι
1305 3069 1511 3122 ἕκαστα
1542 3069 1714 3134 οὕτως
1744 3072 1986 3142 ἀκριϐῶς

405 3155 717 3226 διήλθομεν.
746 3158 845 3210 Διά
871 3158 999 3230 ’γὰρ
1023 3160 1226 3213 τούτων
1260 3161 1346 3213 ἀεὶ
1387 3161 1448 3213 τὸ
1493 3162 1661 3230 σαφὲς
1691 3163 1984 3218 δείκνυται.

424 3247 515 3298 Ἐν
567 3246 776 3316 χρόνοις
825 3247 1020 3311 τοίνυν,
1062 3248 1137 3310 ὡς
1199 3248 1405 3319 ἔφημεν
1447 3250 1580 3321 (91),
1629 3252 1927 3323 Ἀνικήτου,
1955 3255 1988 3323 ἡ

409 3338 867 3409 προδεδηλωμένη
895 3339 1244 3409 Μαρκελλίνα
1267 3341 1324 3394 ἐν
1367 3342 1555 3412 Ῥώμῃ
1577 3345 1862 3415 γενομένη,
1889 3345 1990 3416 τὴν

412 3431 592 3502 λύμην
607 3432 706 3502 τῆς
723 3434 1025 3502 Καρποκρᾶ
1049 3432 1396 3495 διδασκαλίας
1414 3431 1739 3503 ἐξεμέσασα,
1765 3435 1990 3498 πολλοὺς

412 3522 525 3576 τῶν
552 3525 729 3575 ἐκεῖσε
756 3523 1115 3593 λυμηναμένη
1144 3525 1407 3593 ἠφάνισε·
1458 3525 1552 3576 καὶ
1583 3524 1733 3578 ἐνθεν
1765 3527 1990 3594 γέγονεν

414 3617 453 3685 ἡ
485 3615 628 3685 ἀρχὴ
657 3614 978 3666 Γνωστικῶν
1010 3613 1116 3666 τῶν
1149 3614 1514 3684 καλουμένων.
1545 3616 1766 3686 Ἔχουσι
1809 3617 1864 3669 δὲ
1911 3621 1990 3671 εί-

415 3705 582 3767 κόνας
605 3703 988 3774 ἐνζωγράφους
1003 3705 1090 3757 διά
1111 3705 1433 3775 χρωμάτων,
1455 3705 1600 3768 τινὲς
1625 3707 1681 3758 δὲ
1696 3709 1763 3760 ἐκ
1791 3708 1991 3779 χρυσοῦ

420 3799 516 3851 καὶ¹
574 3797 839 3868 ἀργύρου,
887 3799 981 3849 καὶ
1010 3796 1202 3866 λοιπῆς
1237 3797 1387 3867 ὕλης,
1433 3798 1588 3850 ἆτινα
1625 3799 1995 3870 ἐκτυπώματά

422 3908 588 3959 φασιν
613 3886 751 3942 εἶναι
782 3889 874 3942 τοῦ
919 3889 1092 3958 Ἰησοῦ
1115 3906 1127 3918 ·
1169 3889 1462 3942 καὶταῦτα
1501 3890 1606 3942 ὑπὸ
1643 3892 1864 3944 Ποντίου
1900 3895 1996 3945 Πι-

415 3984 582 4037 ’λάτου
605 3981 930 4052 γεγενῆσθαι
959 3980 1025 4034 τὰ
1064 3979 1432 4050 ἐκτυπώματα
1463 3981 1556 4033 τοῦ
1591 3984 1752 4036 αὑτοῦ
1797 3985 1991 4055 Ἰησοῦ,

414 4075 510 4126 ὅτε
556 4074 804 4143 ἐνεδήμει
835 4071 914 4142 τῷ
951 4071 1058 4124 τῶν
1099 4071 1402 4143 ἀνθρώπων
1433 4074 1598 4141 γένει.
1651 4077 1904 4148 Κρύϐδην
1939 4081 1997 4133 δέ

420 4166 522 4227 τὰς
548 4164 802 4226 τοιαύτας
835 4163 1046 4233 ἔχουσιν
1079 4164 1289 4228 εἰκόνας
1315 4181 1328 4193 ·
1364 4167 1457 4217 καὶ
1476 4166 1781 4235 φιλοσόφων
1813 4170 1993 4233 τινῶν,

425 4255 778 4326 Πυθαγόρου,
814 4256 908 4308 καὶ
955 4255 1261 4321 Πλάτωνος,
1300 4258 1394 4309 καὶ
1440 4258 1861 4329 Ἀριστοτέλους,
1904 4265 1997 4319 καὶ

422 4346 627 4399 λοιπῶν
649 4363 663 4377 ·
695 4345 813 4415 μεθ’
845 4340 918 4398 ὧν
963 4346 1264 4414 φιλοσόφων
1310 4349 1404 4400 καὶ
1436 4347 1598 4418 ἕτερα
1629 4350 1996 4421 ἐκτυπώματα

500 4461 610 4532 (88)
635 4461 710 4532 7'0
735 4460 852 4529 μὲν
879 4460 989 4529 γὰρ
1015 4461 1254 4532 Ιζαῦλος
1278 4463 1374 4515 καὶ
1397 4462 1494 4515 ἐπὶ
1519 4464 1633 4529 τὴν
1669 4465 1992 4520 Ἱσπανίαν.

427 4531 584 4598 Quod
627 4531 896 4586 facturum
949 4547 1008 4586 se

429 4619 518 4663 xv,
559 4603 674 4672 28).

501 4672 614 4740 (89)
653 4672 1248 4739 Ἐπισκοτίεύσαντας
1265 4673 1414 4740 πρὸς
1435 4673 1690 4728 δεκαδύο
1714 4675 1840 4741 ἔτη.
1875 4674 2000 4729 Sin-

429 4743 541 4810 guli
567 4743 847 4803 nimirum,
866 4756 990 4794 nam
1018 4758 1082 4796 ex
1115 4742 1333 4797 Eusebii
1361 4745 1620 4800 Chronico
1649 4746 1760 4799 haec
1784 4757 1998 4799 mutua-

427 4822 521 4935 Lus
549 4822 632 4933 οῗι
664 4811 1018 4881 Epiphanius,
1050 4813 1139 4866 ubi
1173 4812 1310 4867 Lino
1338 4831 1411 4882 XI,
1446 4815 1599 4869 Cleto
1633 4831 1708 4869 xu
1739 4816 1869 4870 anni
1898 4816 1998 4869 tri-

473 4898 580 4935 uun
611 4897 695 4935 ur.

473 4889 695 4935 υιιιιῑυιδ.

506 4951 618 5032 (90)
652 4949 1247 5032 ,ΤῂνίεὲπὶΙδωδεκάτίη
1266 4953 1589 5032 ἐςει.“Ρξιρδὶ
1618 4963 1745 5011 sunt
1765 4957 1993 5032 apostoli

431 5019 756 5095 L/Fonteio
787 5019 1091 5095 Capitone,
1128 5033 1182 5076 et
1210 5021 1366 5077 ‘Julio
1411 5023 1554 5077 Rufo
1601 5041 1744 5080 coss.
1797 5019 1996 5095 quibus

435 5090 962 5170 a‘nrtoll‘leronis-{ut
1001 5092 1172 5156 ﬁnito,
1203 5095 1487 5170 cmpit__x1v
1516 5111 1580 5149 ex
1618 5104 1741 5150 ante
1763 5090 1995 5170 diemtu

431 5159 556 5214 Eid.
590 5161 813 5214 Octobr.
841 5160 939 5214 Hic
969 5172 1052 5217 est
1085 5179 1264 5218 annus
1287 5159 1536 5219 Julianus
1561 5181 1696 5228 cxn,
1728 5183 1849 5221 mra:
1873 5167 1998 5220 Dio-

435 5232 679 5300 nysianae
713 5246 880 5283 vau.
924 5231 1291 5296 Quamobrem
1323 5250 1431 5287 non
1463 5250 1606 5288 anno
1637 5251 1711 5290 xu
1742 5236 1994 5298 Neronis,

432 5310 495 5353 ut
543 5302 764 5370 scripsit
811 5300 1170 5370 Epiphanius,
1226 5302 1320 5356 sed
1372 5320 1471 5357 χιιι
1521 5305 1736 5361 labente
1795 5308 1995 5359 mortui

434 5377 565 5424 sunt
595 5371 850 5446 apostoli.
876 5371 1053 5446 Quem
1076 5373 1216 5446 dum
1238 5372 1524 5446 Eusebius,
1559 5384 1612 5428 et
1635 5374 1995 5446 Hieronymus

433 5456 526 5520 {Iv
549 5441 842 5520 appellant,
869 5441 1160 5520 ft-us_t_ra_in_
1183 5442 1478 5498 Annalibus
1505 5441 1991 5520 reprehenduntur.

435 5509 646 5563 Etenim
681 5512 927 5583 plerique
959 5513 1394 5583 Christianorum
1437 5509 1765 5583 scriptorum
1818 5517 1995 5569 solent

432 5581 901 5661 ann-orumjnitia
937 5598 967 5661 ξι
1003 5598 1171 5636 verno
1213 5581 1570 5653 Paschalique
1610 5601 1816 5661 mense,
1849 5586 1995 5653 quod

432 5650 958 5728 ecclesiasticianni
997 5661 1162 5722 caput
1189 5661 1293 5715 est,
1330 5650 1648 5728 arcessere:
1672 5655 1736 5728 id
1780 5650 1924 5724 quod
1965 5671 1993 5708 a

439 5721 572 5800 viris
617 5721 844 5800 eruditis
877 5721 1240 5800 observatum
1270 5731 1374 5800 est.
1430 5721 1993 5800 Cunrigitur'annus

437 5785 673 5870 μονοιιῇ
707 5805 796 5843 xxv
827 5792 1343 5870 emperitﬂctobris
1379 5810 1430 5846 xl
1473 5795 1598 5846 anni
1629 5785 1828 5849 Iuliani
1857 5811 1991 5859 cm,

438 5855 709 5920 Eusebius
728 5874 792 5916 ac
813 5855 1006 5938 reliqui
1029 5862 1148 5933 ejus
1173 5863 1384 5922 initium
1410 5880 1438 5918 a
1466 5879 1650 5926 mensa
1669 5880 1836 5932 verno
1861 5855 1997 5931 κατά

1055 4529 1319 4586 Romanis
1369 4533 1782 4588 denuntiaverat
1821 4534 1992 4604 (Rom.
2027 4543 2072 4598 Β

2080 629 2109 667 a
2144 613 2302 667 Petro
2331 621 2705 673 consecratus,
2741 627 2911 681 eaque
2955 611 3253 664 detrectata
3285 611 3564 680 provincia
3591 611 3660 664 ab

2079 704 2226 758 omni
2271 704 2742 758 administratione
2787 703 3063 754 vacaverit
3092 701 3189 768 (ita
3225 702 3371 755 enim
3436 701 3490 753 in
3521 717 3660 770 qua-

2080 795 2206 848 dam
2249 797 2490 865 Epistola
2531 795 2750 864 scripsit
2778 812 2790 845 :
2829 791 3050 854 Recedo,
3077 808 3222 857 exeo,
3248 794 3402 846 instet
3435 792 3657 862 populus

2081 887 2197 951 Dei,
2231 888 2509 941 nonnullis
2538 887 2790 940 videlicet
2835 887 2938 939 hoc
2970 883 3133 938 modo
3167 885 3494 949 consulens;
3526 900 3652 936 nam

2081 979 2134 1032 in
2155 976 2484 1049 quibusdam
2505 975 2912 1030 commentariis
2927 975 2998 1027 ita
3016 975 3278 1043 scriptum
3306 973 3654 1041 reperimus),

2083 1084 2149 1122 an
2185 1069 2365 1138 potius
2398 1068 2697 1122 secundum
2727 1065 3003 1136 apostolos
3033 1065 3100 1118 ab
3124 1065 3379 1134 episcopo
3404 1062 3556 1116 Cleto
3584 1063 3657 1116 sit

2082 1161 2441 1222 constitutus,
2477 1158 2685 1226 liquido
2707 1173 2818 1211 non
2837 1163 3070 1211 constat.
3101 1155 3422 1224 Quanquam
3451 1155 3531 1207 vel
3550 1155 3654 1206 hac

2083 1251 2297 1320 quidem
2321 1253 2530 1304 ratione
2555 1243 2804 1319 poterant
2825 1247 3134 1302 virentibus
3169 1247 3346 1300 adhuc
3370 1243 3651 1314 apostolis,

2082 1341 2241 1395 Petro
2269 1341 2477 1396 scilicet
2506 1357 2571 1394 ac
2592 1340 2760 1395 Paulo
2785 1340 3026 1410 episcopi
3045 1339 3133 1392 alii
3167 1337 3479 1406 subrogari;
3508 1335 3655 1405 quod

2082 1432 2242 1485 iidem
2275 1433 2351 1485 illi
2383 1431 2706 1501 praedicandi
2730 1431 3002 1500 Evangelii
3039 1431 3205 1499 gratia
3239 1429 3290 1481 in
3321 1429 3456 1481 alias
3491 1427 3654 1481 urbes

2083 1523 2440 1591 regionesque
2467 1521 2861 1591 profectionem
2886 1521 3248 1588 susciperent,
3264 1523 3448 1570 carere
3471 1525 3650 1570 autem

2080 1614 2340 1681 episcopo
2373 1613 2543 1666 Roma
2599 1628 2709 1666 non
2749 1618 2981 1681 posset:
3011 1608 3280 1678 siquidem
3344 1605 3546 1658 Paulus
3597 1605 3651 1656 in

2084 1703 2401 1772 Hispaniam
2464 1703 2744 1773 pervenit;
2793 1701 2986 1756 Petrus
3029 1715 3158 1754 vero
3194 1698 3429 1751 Pontum
3462 1711 3526 1750 ac
3558 1695 3651 1746 Bi-

2085 1794 2324 1864 thyniam
2349 1807 2722 1862 schenumero
2763 1789 3093 1860 peragravit.
3135 1787 3213 1840 Ac
3245 1785 3359 1840 ﬁeri
3394 1797 3525 1838 sane
3553 1798 3654 1851 pc-

2012 1859 2056 1913 B
2085 1859 2209 1946 tuit,
2235 1891 2296 1936 ut
2323 1859 2558 1953 primum
2587 1882 2866 1936 Clemente
2910 1859 3241 1940 constituto,
3265 1891 3386 1930 cum
3423 1875 3470 1927 is
3494 1873 3652 1926 defu-

2081 1985 2228 2046 geret
2259 1976 2326 2045 (si
2353 1978 2424 2028 ita
2442 1982 2624 2028 tamen
2658 1973 2908 2042 contigit,
2946 1969 3090 2040 quod
3124 1984 3225 2038 ego
3255 1963 3529 2035 opinando
3550 1978 3652 2032 po-

2080 2071 2187 2124 tius
2223 2083 2384 2139 quam
2439 2065 2802 2121 asseverando
2835 2061 3115 2132 dixerim),
3149 2069 3336 2130 postea
3368 2057 3504 2112 Lino
3530 2056 3654 2110 Cle-

2079 2171 2243 2229 toque
2295 2158 2549 2220 mortuis,
2580 2157 2671 2226 qui
2705 2171 2782 2210 xu
2813 2169 3079 2208 annorum
3127 2152 3304 2222 spatio
3340 2149 3651 2220 singulatim

2081 2251 2454 2320 episcopatum
2506 2250 2884 2310 obtinuerunt,
2924 2253 3047 2315 post
3080 2243 3452 2312 apostolorum
3509 2238 3653 2294 Petri

2083 2340 2344 2408 Paulique
2369 2354 2579 2402 necem,
2609 2353 2730 2406 qua:
2764 2338 2817 2389 in
2863 2351 3064 2389 annum
3099 2333 3330 2388 Neronis
3358 2347 3428 2384 xu
3465 2332 3654 2384 incur-

2080 2433 2172 2493 rit,
2202 2439 2314 2484 tum
2344 2429 2561 2483 demum
2586 2428 2961 2500 pontiﬁcatum
2991 2440 3277 2494 capessere
3307 2424 3379 2477 sit
3407 2428 3648 2477 coactUs.

2085 2523 2188 2576 Sed
2217 2531 2496 2590 utcunque
2519 2535 2639 2574 sese
2674 2535 2762 2573 res
2805 2517 3076 2581 habuerit,
3117 2515 3485 2570 Romanorum
3520 2527 3654 2581 pon-

2082 2613 2288 2666 tilicum
2317 2612 2421 2666 ista
2447 2611 2723 2666 successio
2745 2617 2830 2664 est
2859 2629 2870 2662 :
2901 2608 3096 2663 Petrus
3128 2617 3181 2661 et
3222 2606 3446 2667 Paulus,
3483 2604 3654 2659 Linus

2085 2719 2148 2759 ac
2175 2704 2380 2770 Cletus,
2412 2704 2686 2768 Clemens,
2722 2702 3026 2763 Evaristus,
3070 2699 3395 2761 Alexander,
3425 2696 3653 2767 Xystus,

2085 2798 2471 2866 Telesphorus,
2529 2795 2831 2859 Evaristus,
2883 2793 3148 2864 Hyginus,
3185 2791 3336 2856 Pius,
3369 2791 3653 2851 Anicetus.

2083 2891 2177 2961 qui
2204 2899 2288 2946 est
2311 2906 2340 2942 a
2363 2906 2448 2945 me
2484 2889 2646 2959 paulo
2677 2897 2803 2942 ante
2840 2887 2893 2940 in
2928 2887 3309 2955 episcoporum
3338 2882 3529 2937 ordine
3559 2898 3657 2936 nu-

2086 2989 2348 3036 meratus.

2156 3072 2233 3126 Ac
2281 3071 2483 3126 nemini
2535 3085 2666 3126 sane
2715 3069 2914 3123 mirum
2968 3066 3242 3130 videatur,
3288 3080 3384 3120 cur
3441 3063 3657 3134 singula

2013 3197 2057 3256 ε
2089 3172 2238 3219 tanta
2274 3179 2398 3218 cum
2430 3162 2706 3232 diligentia
2761 3159 3150 3230 percurrerim.
3218 3155 3323 3211 Per
3362 3156 3475 3209 haec
3511 3154 3656 3208 enim

2090 3263 2350 3328 perpetuo
2411 3263 2560 3309 certa
2631 3259 2996 3320 accurataque
3071 3249 3276 3304 veritas
3328 3246 3655 3301 ostenditur.

2089 3347 2455 3414 Quamobrem
2497 3344 2707 3399 Aniceti
2770 3350 2828 3397 ut
2871 3341 3077 3397 dictum
3111 3348 3193 3396 est
3222 3349 3483 3406 tempore,
3517 3336 3658 3390 Maro

2091 3439 2283 3493 cellina
2311 3437 2472 3506 108
2499 3437 2590 3489 illa
2622 3433 2848 3488 Romam
2879 3433 3124 3499 veniens,
3143 3441 3197 3487 et
3219 3429 3660 3499 Carpocratiana:

2091 3532 2352 3585 doctrina:
2408 3529 2561 3582 virus
2619 3541 2899 3584 evomens,
2931 3525 3132 3578 multos
3175 3523 3285 3575 illic
3335 3535 3520 3575 errore
3560 3534 3661 3573 suo

2092 3623 2415 3691 depravatos
2436 3621 2491 3673 in
2525 3619 2750 3674 exitium
2781 3616 3030 3686 impulit;
3065 3614 3408 3682 indidemque
3442 3610 3662 3665 Gnosti-

2093 3728 2279 3768 corum
2309 3721 2436 3766 sunt
2461 3711 2694 3766 excitata
2740 3707 3056 3778 primordia.
3087 3705 3294 3759 Habent
3339 3717 3501 3773 porro
3525 3702 3662 3756 Car--

2095 3803 2398 3874 pocratiani
2446 3801 2690 3870 depictas
2747 3797 3022 3853 coloribus
3080 3794 3379 3864 imagines,
3438 3789 3660 3860 quidam

2093 3898 2258 3951 etiam
2296 3907 2493 3949 aureas
2539 3901 2634 3946 aut
2680 3896 2986 3960 argenteas,
3047 3886 3132 3941 vel
3179 3901 3246 3940 ex
3289 3885 3394 3938 alia
3431 3884 3661 3936 materia

2099 3989 2289 4050 factas,
2314 4001 2452 4056 quas
2472 3999 2592 4040 esse
2619 3981 2748 4038 Jesu
2776 3981 2976 4050 efﬁgies
3005 3978 3273 4032 afﬁrmant
3301 3999 3311 4030 :
3337 3975 3663 4042 easdemque

2098 4097 2128 4133 a
2163 4079 2360 4133 Pontio
2422 4076 2596 4130 Pilato
2631 4074 2700 4128 ad
2730 4073 2933 4127 Christi
2989 4066 3403 4124 similitudinem
3456 4064 3663 4120 effictas

2097 4185 2204 4240 quo
2233 4177 2474 4238 tempore
2525 4168 2664 4221 inter
2694 4163 2943 4218 homines
2973 4161 3218 4230 degebat.
3250 4156 3357 4210 Sed
3395 4156 3662 4226 ejusmodi

2100 4261 2362 4331 imagines
2396 4259 2638 4314 occultas
2661 4257 2883 4321 habent,
2904 4270 3115 4311 necnon
3149 4251 3662 4323 etphilosophorum

2099 4350 2478 4422 quorumdam,
2534 4358 2592 4403 ut
2633 4347 2976 4418 Pythagora,
3020 4345 3284 4409 Platonis,
3325 4342 3660 4405 Aristotelis,

2102 4463 2380 4537 npoitqclatv
2401 4467 2758 4537 usurparunt.
2789 4461 2970 4537 Quare
3005 4459 3140 4537 nihil
3180 4459 3248 4512 ab
3277 4457 3385 4537 illis
3409 4455 3665 4537 commis-

2101 4526 2385 4600 sumf'uti
2433 4526 2634 4587 nec-ab
2679 4530 2944 4601 Josepho,
2981 4531 3112 4598 qui,
3162 4529 3306 4598 quod
3350 4526 3662 4601 Judaaorum

2102 4595 2352 4662 historici
2385 4595 3230 4669 consueverant;imperatorum
3263 4614 3326 4652 ac
3355 4595 3664 4669 principum

2101 4691 2295 4740 annos,
2332 4673 2549 4727 aNisan
2586 4673 2784 4741 smpius
2819 4666 3109 4724 inchoasse
3143 4666 3422 4741 creditur;
3443 4666 3661 4741 Elmetsi

2101 4735 2306 4814 aliquot
2341 4744 2408 4798 ab
2440 4744 2533 4797 illo
2557 4735 2841 4814 mensibus
2877 4738 3290 4814 iniissent.Qn_o
3320 4739 3411 4791 illa
3443 4735 3663 4788 Talmu-

2099 4808 2364 4869 disiarum
2421 4813 2606 4882 regula
2665 4813 2901 4882 pertinet
2949 4831 2963 4864 :
3016 4811 3108 4882 qui
3144 4808 3489 4882 in_Tractatu
3521 4814 3662 4882 tam

2097 4895 2271 4950 nam,
2311 4899 2430 4953 cap.
2465 4875 2516 4944 tv,
2562 4875 2725 4937 [οΙ.’5
2763 4882 2994 4953 docent,
3037 4875 3660 4953 lsraelitarumquidem

2097 4947 2286 5024 regum
2341 4947 2514 5008 annos
2562 4954 2630 5007 ab
2672 4951 3026 5024 antecedente
3054 4949 3218 5024 Nisan
3257 4947 3464 5024 or_diri_;
3509 4951 3662 5024 exte-

2098 5013 2286 5079 mium
2337 5039 2468 5078 vero
2511 5023 2840 5093 principum,
2886 5036 2915 5093 τι
2965 5018 3130 5073 Tisri.
3175 5017 3404 5093 Quodet
3426 5014 3494 5093 Rh.
3521 5013 3655 5066 Issa-

2098 5097 2230 5148 char
2267 5095 2369 5150 ben
2418 5085 2727 5148 Mordechai
2772 5085 2834 5144 iur
2874 5089 3132 5157 Computa
3169 5087 3414 5141 tradidit.
3453 5085 3660 5157 Quam-

2095 5167 2286 5220 obrem
2340 5165 2387 5220 si
2440 5166 2565 5234 quis
2597 5161 2830 5230 exempli
2871 5152 3038 5214 causa
3084 5159 3273 5234 u_lti_m_o
3315 5157 3403 5209 die
3453 5152 3660 5234 men-sis

2097 5235 2241 5289 Adar
2282 5223 2508 5302 regnum
2541 5223 2825 5300 capessat,
2877 5230 3125 5302 sequenti
3175 5226 3346 5280 Nisan
3383 5223 3660 5302 secundus

2099 5305 2311 5373 imperii
2347 5299 2499 5358 illius
2537 5299 2712 5356 annus
2764 5299 3157 5379 numerabitur.
3199 5305 3315 5379 ,ειη
3348 5299 3660 5379 ’(ἮἿὩᾉῌΌ

2097 5363 2212 5434 nili!
2240 5383 2378 5460 ε]Ὀέ
2413 5383 2531 5432 ruta
2563 5381 2712 5460 ξηρῇ
2887 5369 3010 5448 Dies
3040 5385 3172 5448 unus
3194 5363 3538 5460 ἱπιΓῙῐηΞΓαηιιὶ
3565 5377 3659 5429 pro

2098 5433 2235 5497 anno
2271 5433 2578 5512 'reputamr.
2605 5439 2760 5505 Quod
2787 5441 2832 5493 si
2867 5439 2989 5508 quis
3022 5439 3198 5507 primo
3231 5436 3317 5512 die
3348 5433 3514 5512 Nisan
3548 5447 3661 5486 cte-

2098 5515 2259 5582 perit,
2294 5503 2401 5568 non
2433 5522 2557 5568 ante
2596 5503 2898 5566 vertentem
2928 5503 3130 5561 annum
3167 5507 3376 5576 primus
3409 5503 3527 5572 ejus
3559 5518 3659 5554 an-

2098 5601 2201 5637 nus
2232 5585 2564 5638 censebitur.

2169 5654 2280 5724 (91)
2327 5656 2427 5707 Ἑν
2452 5655 2690 5721 χρόνοις
2715 5651 2939 5724 τοίνυν,
2958 5647 3037 5712 ὡς
3080 5642 3432 5724 ἔφημεν-..ξιξ
3458 5640 3660 5724 [renato

2098 5712 2205 5848 lupi:
2234 5712 2367 5788 haec,
2396 5712 2557 5793 quam
2580 5712 2862 5792 sequentia
2894 5712 3172 5780 mutuatus
3195 5712 3306 5777 est.
3336 5712 3468 5773 Yidc
3495 5728 3543 5766 c.
3568 5713 3659 5778 ἓξ,

2119 5811 2130 5847 ι
2177 5835 2188 5847 .
2220 5811 2256 5848 ι.

2098 5795 2188 5848 lib.
2220 5811 2256 5850 ι.
