4170 6372
484 346 593 405 575

1914 344 1973 400 S.
2011 338 2351 397 EPIPHANII

3636 318 3742 373 576

487 463 854 532 aliorumque,
908 460 1110 531 quibus
1138 474 1233 515 eas
1266 474 1405 529 quas
1442 457 1555 513 dixi
1608 455 1813 511 Christi
1862 455 2063 526 eiiigies

2190 455 2257 508 τοῦ
2294 454 2467 525 Ἰησοῦ
2501 452 2763 513 τιθέασιν,
2800 444 3113 519 ἱδρύσαντές
3142 459 3201 495 τε
3234 431 3619 511 προσκυνοῦσι,
3648 431 3742 483 καὶ

487 558 741 617 miscent,
774 565 828 608 et
850 564 1064 609 creetas
1087 552 1249 607 simul
1280 567 1471 605 omnes
1489 551 1739 613 adorant,
1772 548 1839 602 ad
1864 564 2065 619 easque

490 647 771 715 gentilium
806 646 944 699 ritus
986 646 1297 699 instituunt.
1326 642 1621 698 Collocatis
1671 641 1817 721 enim
1844 641 2067 694 simula-

491 739 602 792 cris
623 738 761 803 istis,
803 754 923 808 qua:
946 753 977 790 a
997 738 1289 807 gentilibus
1318 736 1432 790 ﬁeri
1463 736 1637 789 solent
1657 733 1914 802 deinceps
1945 749 2069 803 per-

494 827 704 883 ﬁciunt.
723 828 955 895 Quinam
984 843 1114 882 vero
1144 834 1271 883 sunt
1299 827 1528 896 gentiles
1554 826 1589 877 ii
1625 825 1761 877 ritus
1784 823 1875 875 alii
1902 837 2065 892 quam

494 920 782 984 sacriﬁcia,
819 929 1121 991 caeteraque
1146 920 1362 991 generis
1388 917 1957 987 ejusdem?C:eteruin
1995 916 2069 969 ita

496 1011 597 1066 soli
627 1013 822 1067 anima:
863 1012 1093 1067 salutem
1127 1011 1450 1072 attribuunt,
1484 1018 1541 1064 ut
1574 1009 1643 1063 ab
1674 1008 1794 1078 ejus
1825 1023 2069 1061 commu-

496 1102 659 1155 nione
683 1117 912 1172 corpora
943 1102 1276 1172 segreganda
1306 1108 1515 1170 putent.

570 1191 683 1247 VII.
722 1192 1085 1259 Quamobrem
1120 1194 1268 1247 omni
1308 1194 1429 1246 illos
1461 1207 1562 1261 ope
1594 1191 1879 1261 proﬂigare
1918 1204 2071 1259 opor-

495 1291 575 1339 tet
628 1293 790 1355 atque
818 1295 1081 1340 evertere.
1118 1284 1305 1355 Neque
1337 1285 1479 1339 enim
1510 1295 1594 1338 est
1623 1283 1768 1353 quod
1798 1282 2072 1351 ejusmodi

496 1376 750 1447 dogmata
778 1379 1076 1447 prtesertim
1117 1393 1146 1430 a
1183 1378 1277 1430 tali
1313 1378 1612 1447 impostore
1646 1374 1889 1447 profecta
1920 1374 2073 1442 quis-

498 1469 641 1537 piam
692 1478 1026 1525 contemnat.
1076 1471 1290 1524 Atenim
1326 1468 1472 1523 dicat
1510 1469 1707 1538 aliquis
1744 1486 1755 1522 :
1794 1465 1982 1519 Nonne
2010 1482 2072 1519 ea

498 1566 626 1611 sunt
653 1562 875 1629 cognitu
907 1560 1111 1620 facilia,
1148 1560 1501 1629 stultitiaque
1545 1557 1900 1629 plenissima?
1934 1557 2075 1609 Sunt

497 1664 561 1703 ea
592 1666 741 1705 vero.
776 1650 881 1707 Sed
910 1653 1293 1723 insipientibus
1311 1653 1474 1707 stulta
1500 1653 1816 1722 plerumque
1846 1662 2073 1719 persua-

498 1740 717 1808 dentur,
746 1743 853 1796 imo
882 1743 1046 1796 etiam
1072 1744 1367 1813 prudentes
1397 1758 1427 1797 a
1460 1751 1605 1797 recta
1635 1742 1721 1795 via
1759 1739 2070 1803 deﬂectunt,

2166 548 2234 602 τὰ
2265 549 2372 600 τῶν
2426 545 2594 599 ἐθνῶν
2644 539 2951 595 ἐπιτελοῦσι
2983 535 3276 607 μυστήρια.
3304 531 3604 598 Στήσαντες
3631 523 3739 591 γὰρ

2165 639 2369 701 ταύτας
2386 637 2485 701 τὰς
2507 636 2740 697 εἰκόνας,
2766 632 2836 686 τὰ
2868 630 2973 684 τῶν
2998 626 3164 681 ἐθνῶν
3184 624 3279 691 ἒθη
3303 620 3486 673 λοιπὸν
3505 613 3738 669 ποιοῦσι.

2168 734 2301 787 Τίνα
2354 731 2412 784 δέ
2460 733 2605 782 ἐστιν
2635 726 2800 781 ἐθνῶν
2829 724 2925 793 ἔθη
2951 722 3061 775 ἀλλ’
3095 720 3129 790 ἢ
3161 718 3341 772 θυσίαι
3374 713 3466 767 καὶ
3490 712 3559 763 τά
3588 708 3743 769 ἄλλας

2169 825 2363 897 Ψυχῆς
2386 823 2444 877 δὲ
2479 819 2615 877 εἶναι
2649 821 2817 891 μόνης
2870 813 3145 884 σωτηρίαν
3178 810 3333 880 φασὶ,
3361 807 3456 860 καὶ
3486 801 3607 871 οὐχὶ
3642 817 3747 852 σω-

2174 920 2381 991 μάτων.

2242 1188 2312 1243 Ζ’.
2344 1189 2434 1240 Δεῖ
2483 1183 2659 1239 τοίνυν
2710 1179 2929 1240 τούτους
2974 1170 3299 1243 ἀνατρέπειν
3333 1161 3495 1217 παντὶ
3546 1154 3741 1210 σθένει.

2171 1282 2374 1352 Μηδεὶς
2403 1278 2510 1349 γὰρ
2540 1272 2943 1345 καταφρονείτω
2967 1267 3149 1334 λόγου,
3189 1261 3301 1352 καὶ.
3320 1254 3549 1352 μαλιστα
3595 1246 3746 1352 παρά

2172 1336 2501 1431 ἀπατεῶνος..
2545 1365 2679 1419 Ἀλλ’
2696 1336 2850 1415 εἴποι
2894 1375 2976 1420 τις
3010 1357 3102 1410 ἀν·
3134 1351 3208 1405 Ού
3240 1348 3347 1417 γάρ
3379 1345 3492 1396 ἐστι
3521 1336 3747 1431 φωρατά

2173 1466 2265 1518 καὶ
2327 1425 2535 1533 μωρίας
2576 1456 2825 1528 ἕμπλεας
2871 1449 3008 1503 Ἀλλ’
3055 1445 3165 1498 ἔσθ’
3195 1442 3303 1508 ὅπη
3337 1436 3429 1489 καὶ
3464 1431 3533 1485 τὰ
3589 1425 3747 1536 μωρά

2175 1555 2350 1610 πείθει
2382 1555 2502 1614 τοὺς
2531 1552 2788 1621 ἄφρονας,
2821 1543 2910 1598 καὶ
2934 1542 3058 1602 τοὺς
3081 1533 3333 1594 συνετοὺς
3357 1533 3748 1599 παρεκτρέπει,

2175 1647 2269 1700 ἐὰν
2311 1645 2385 1715 μὴ
2442 1614 2669 1714 παρῇυὸ
2706 1636 2829 1699 νοῦς
2885 1634 2913 1686 ὁ
2963 1634 3021 1684 ἐν
3056 1631 3123 1699 τῇ
3159 1623 3383 1694 ἀληθείᾳ
3420 1614 3746 1715 ἠσκημένος.

2188 1736 2546 1809 Ἐμπεσόντος
2580 1732 2757 1785 τοίνυν
2785 1728 2879 1781 καὶ
2898 1723 3089 1777 τούτου
3122 1718 3216 1771 τοῦ
3246 1716 3486 1785 Σίμωνος
3530 1703 3749 1779 μαγείᾳ,

499 1830 604 1885 nisi
634 1834 800 1886 animi
852 1836 935 1889 vis
964 1835 1106 1890 adsit
1129 1836 1375 1890 veritatis
1414 1834 1806 1889 exercitatione
1842 1835 2073 1886 iirmata.

2190 1830 2273 1883 καὶ
2301 1828 2409 1882 τῶν
2435 1824 2657 1886 λοιπῶν,
2687 1825 2796 1885 τοῖς
2818 1819 2997 1879 αὐτοῖς
3024 1815 3118 1868 καὶ
3138 1810 3326 1864 τοῦτον
3354 1798 3749 1890 ἀνατρέψυμεν.

499 1924 861 2001 Quamobrem
908 1942 1032 1981 Ctlm
1068 1927 1123 1981 in
1167 1926 1356 1982 iisdem
1388 1926 1587 1996 quibus
1618 1923 1809 1979 Simon
1852 1922 2078 1993 magicis

499 2021 710 2078 artibus
740 2032 1043 2094 eteteraque
1076 2040 1325 2080 errorum
1370 2024 1499 2079 faace
1521 2023 1829 2092 Carpocras
1856 2023 2075 2087 haereat,

500 2128 601 2166 nos
629 2115 849 2169 easdem
884 2132 1101 2186 quoque
1136 2117 1204 2171 ad
1253 2118 1402 2170 illum
1452 2115 1804 2171 evertendqu
1840 2116 2078 2169 rationes

499 2200 903 2258 adhibebimus.
942 2204 999 2258 Si
1032 2207 1176 2259 enim
1227 2206 1412 2275 ignota
1462 2205 1553 2257 illa
1580 2219 1679 2259 nec
1716 2205 1828 2258 ullo
1858 2204 2078 2257 nomine

499 2292 841 2360 explicabilis
890 2297 1066 2350 virtus
1109 2297 1340 2351 aliorutn
1375 2296 1691 2365 angelorum
1743 2310 1905 2348 causa
1955 2294 2075 2358 fuit,

498 2382 585 2435 Vel
608 2384 657 2437 ei
692 2386 982 2441 tribuenda
1019 2389 1122 2442 erit
1188 2388 1518 2456 ignorantia,
1558 2388 1651 2455 qui
1689 2386 1761 2441 sit
1794 2387 2078 2440 universo-

500 2487 623 2526 rum
678 2490 925 2545 parens:
964 2478 1109 2547 quod
1177 2478 1400 2549 ignarus
1457 2493 1648 2531 eorum
1717 2478 1901 2539 fuerit,
1961 2490 2081 2545 quae

501 2562 665 2619 iidem
717 2568 794 2620 illi
831 2583 971 2638 quos
1029 2570 1351 2640 designabat
1399 2570 1646 2625 effecturi
1691 2576 1848 2623 erant
1881 2569 2078 2638 angeli,

501 2673 680 2727 neque
713 2660 861 2714 istud
908 2662 1150 2724 sciverit,
1184 2662 1564 2717 subtracturos
1591 2678 1649 2717 se
1678 2663 1745 2716 ab
1776 2661 1895 2730 ejus
1929 2668 2081 2729 pote-

502 2756 665 2812 state,
696 2764 869 2821 eaque
890 2766 1011 2820 qua:
1051 2752 1273 2807 minime
1318 2753 1479 2807 vellet
1526 2750 1818 2821 aliquando
1848 2765 1968 2804 esse
2001 2750 2081 2802 ia-

502 2848 725 2906 cturos,
774 2844 859 2897 vel
909 2844 989 2898 sic
1030 2844 1151 2899 illos
1193 2860 1515 2913 procreasse
1561 2842 1828 2898 dicendus
1858 2838 1976 2906 est,
2023 2850 2080 2894 ut

504 2932 650 3003 quod
675 2932 790 2987 tieri
814 2935 980 2989 nollet
1015 2933 1256 2991 facturos
1285 2951 1407 2990 esse
1430 2942 1805 3005 cognosceret,
1839 2933 1983 3003 quod
2014 2933 2082 2987 iis

506 3024 825 3079 auctoribus
879 3034 1068 3094 postea
1121 3025 1193 3080 sit
1245 3034 1535 3079 secutum:
1571 3034 1734 3094 atque
1784 3025 1886 3076 hoc
1922 3023 2082 3076 modo

2178 1921 2242 1975 El
2270 1922 2378 1992 γὰρ
2402 1922 2434 1987 ἡ
2472 1917 2745 1983 ἄγνωστος
2771 1912 2863 1965 καὶ
2896 1906 3331 1975 ἀκατονόμαστος
3352 1896 3578 1963 δύναμις
3605 1886 3753 1992 αἰτία

2178 1981 2619 2084 γέγονεν-ἄλλων
2674 2002 2942 2072 ἀγγέλων,
2994 1999 3026 2069 ἢ
3079 1997 3224 2048 ἔστιν
3269 1992 3461 2084 ἄγνοια
3500 1981 3655 2084 παρά
3684 1981 3752 2084 τῇ

2180 2107 2342 2175 αὐτῇ,
2390 2101 2637 2155 τουτέστι
2688 2095 2765 2166 τῷ
2817 2093 2985 2162 πατρὶ
3030 2090 3138 2142 τῶν
3180 2086 3334 2146 ὅλων,
3376 2082 3425 2134 εί
3455 2074 3688 2175 μὴμήδει
3718 2068 3757 2122 ἃ.

2182 2166 2434 2266 μέλλουσι
2484 2190 2742 2263 πράττειν
2782 2187 2829 2238 οί
2878 2182 2968 2235 ὑπ’
3004 2178 3167 2234 αὐτοῦ
3223 2166 3755 2234 κατασκευαζόμενοι

2180 2259 2419 2353 ἀγγελοι,
2450 2259 2741 2348 ἀγνοήσας,
2776 2276 2857 2328 ὅτι
2884 2263 3413 2341 ἀποστήσονται,καὶ
3439 2259 3755 2353 ποιήσουσιν

2350 2344 2511 2437 αύτὸς
2538 2344 2815 2447 ἐϐούλετοο
2848 2368 2882 2436 ἢ
2916 2364 3138 2425 τούτους
3198 2359 3295 2430 μὲν
3326 2355 3570 2447 εποίησε,
3590 2344 3755 2447 7-mi-

2182 2485 2324 2521 σκων
2340 2467 2420 2519 ὅτι
2438 2466 2751 2534 ποιήσουσιν
2772 2460 2799 2512 ὂ
2816 2457 2973 2520 αὐτὸς
2990 2456 3049 2507 οὐ
3072 2452 3334 2523 βούλεται,
3350 2445 3475 2516 παρ’
3494 2439 3670 2495 αὐτῶν
3699 2436 3758 2489 δὲ

2181 2562 2391 2629 γέγονε,
2431 2559 2524 2609 καὶ
2554 2556 2704 2608 ἔσται
2735 2552 2823 2605 διὰ
2863 2552 2961 2619 τῆς
2991 2544 3243 2614 γνώσεως
3271 2541 3363 2594 καὶ
3387 2534 3630 2596 εὐδοκίας
3658 2531 3751 2629 att)-

2180 2652 2275 2713 τὸς
2330 2650 2562 2719 ποιήσας
2595 2646 2631 2699 ἃ.
2688 2646 2882 2697 ἐκεῖνοι
2910 2638 3325 2709 τετολμήκασιν.
3354 2631 3416 2684 Εἰ
3453 2626 3651 2686 τοίνυν,
3682 2621 3757 2681 ὡς

2184 2745 2463 2814 προεῖπον,
2492 2740 2754 2807 ἐγίνωσκε
2792 2737 2890 2806 μὲν
2925 2734 2960 2787 ἃ
2994 2732 3329 2801 ποιήσουσιν,
3362 2725 3461 2776 οὐκ
3501 2716 3759 2789 ἠϐούλετο

2181 2836 2239 2889 δὲ
2291 2836 2377 2887 ἵνα
2430 2834 2715 2903 ποιήσωσι,
2766 2830 2872 2881 τίνι
2915 2825 2992 2896 τῷ
3040 2825 3183 2892 λόγῳ
3231 2821 3353 2878 τοὺς
3394 2809 3758 2880 πεποιηκότας

2183 2926 2374 2989 ἐποίει,
2405 2926 2485 2987 εἰς
2524 2900 2586 2976 τὸ
2619 2923 2878 2991 πράττειν
2914 2918 2950 2972 ὃ.
2997 2918 3071 2988 μὴ
3097 2915 3256 2976 αὐτὸς
3298 2908 3577 2970 ἐδούλετο;
3616 2904 3676 2954 Εἰ
3703 2900 3759 2951 δὲ

2183 3018 2345 3079 αὐτὸς
2383 3018 2480 3087 μὲν
2508 3015 2773 3084 πεποίηκε
2806 3014 2931 3074 τοὺς
2963 3009 3249 3078 ἀγγέλους,
3278 3005 3363 3057 ἵνα
3398 3000 3664 3069 ποιήσωσι
3694 2995 3761 3043 τα

505 3110 773 3181 quidquid
809 3114 929 3168 ausi
960 3113 1048 3168 isti
1080 3113 1304 3175 iuerint,
1349 3115 1451 3168 hoc
1488 3116 1579 3168 ille
1606 3085 1660 3168 et
1684 3114 1913 3168 scientia
1942 3114 2080 3184 ipsa,

2190 3110 2278 3160 ὑπ’
2331 3106 2510 3161 αὐτῶν
2554 3105 2837 3174 γινόμενα,
2885 3103 2993 3171 ἄρα
3039 3098 3197 3169 ἤθελε
3227 3092 3499 3163 γενέσθαι,
3535 3088 3615 3141 διὸ
3671 3085 3766 3136 καὶ

2254 3202 2264 3211 ·
2596 3199 2607 3211 ·
2970 3191 3253 3211 .-νηπυη
3307 3183 3568 3211 suum“...
3654 3176 3758 3211 ιξηδ

505 3211 561 3256 et
597 3204 961 3259 consensione
1011 3220 1075 3260 ac
1106 3206 1383 3261 voluntate
1416 3206 1665 3275 perfecit.
1714 3207 1881 3276 Igitur
1920 3208 1987 3271 si,
2024 3216 2083 3259 ut

510 3301 636 3350 ante
661 3294 869 3350 dictum
919 3305 1024 3359 est,
1068 3312 1131 3351 ea
1169 3305 1377 3363 nosset,
1409 3314 1530 3369 quae
1577 3297 1775 3352 facturi
1805 3308 1963 3353 erant
1990 3315 2084 3352 an-

509 3386 637 3453 geli,
688 3402 867 3456 neque
905 3394 1085 3441 tamen
1120 3386 1237 3441 ﬁeri
1267 3388 1449 3450 vellet,
1492 3403 1592 3442 cur
1620 3404 1714 3443 eos
1739 3389 1831 3457 qui
1874 3389 1927 3442 id
1960 3404 2087 3458 ege-

510 3478 621 3531 rint
653 3479 910 3547 produxit
939 3494 1201 3549 unquam,
1236 3487 1296 3531 ut
1337 3495 1457 3549 quae
1488 3480 1654 3534 nollet
1694 3480 1958 3535 auderent
1986 3481 2087 3533 ali-

511 3569 732 3639 quando
766 3570 989 3625 l‘acere?
1024 3571 1119 3624 Sin
1152 3573 1374 3642 angelos
1431 3572 1548 3641 ipse
1590 3572 1857 3635 condidit,
1890 3588 1987 3625 sua
2028 3579 2087 3625 ut

515 3662 604 3715 illa
626 3675 787 3729 opera
810 3668 1152 3729 praestarent,
1190 3660 1305 3715 ﬁeri
1336 3662 1499 3733 igitur
1514 3676 1575 3716 ea
1602 3678 1710 3715 non
1744 3661 1937 3725 uoluit,
1961 3675 2087 3714 eum

518 3751 678 3821 109
706 3752 828 3805 ideo
866 3760 1120 3806 auctores
1166 3751 1381 3806 illorum
1426 3753 1648 3823 angelos
1673 3762 1796 3805 ante
1816 3752 2091 3821 produxe-

514 3844 604 3897 rit.
625 3841 782 3908 Quod
818 3842 865 3897 si
896 3843 961 3896 ad
988 3843 1179 3897 eadem
1222 3844 1314 3898 illa
1356 3842 1603 3898 facienda
1635 3844 1915 3913 produxit,
1942 3856 1995 3897 et
2026 3860 2090 3898 ea

514 3942 696 3989 tamen
722 3950 843 4003 quae
866 3932 1009 3988 facta
1035 3944 1163 3989 sunt
1189 3935 1490 4001 interdixit,
1512 3936 1793 3991 enimvero
1815 3935 2091 3990 calumnia

515 4040 580 4079 ac
617 4025 823 4079 malitia
850 4025 1097 4096 quaedam
1130 4026 1466 4081 intercessit.
1505 4024 1561 4078 Si
1594 4041 1724 4080 vero
1753 4026 1861 4080 illis
1890 4034 1951 4078 ut
1981 4024 2093 4079 eiii-

514 4122 703 4170 cerent
732 4115 1004 4184 permisit,
1032 4130 1153 4183 quae
1174 4129 1304 4168 vero
1332 4123 1459 4168 sunt
1490 4114 1640 4169 abiis
1672 4115 1883 4177 ellecta,
1915 4114 2093 4168 homi-

515 4222 617 4263 nes
653 4206 906 4261 videlicet
933 4215 987 4260 et
1014 4207 1244 4271 animas,
1280 4214 1476 4275 praeter
1502 4207 1735 4261 istorum
1758 4206 2093 4260 voluntatem

518 4297 587 4351 ad
630 4312 753 4353 sese
799 4311 1094 4369 aggregare
1140 4296 1347 4362 studet,
1399 4297 1503 4351 hoc
1551 4297 1771 4351 demum
1822 4296 1960 4351 nihil
1993 4297 2097 4351 erit

517 4388 690 4453 aliud,
722 4388 831 4442 nisi
878 4389 1151 4458 cupiditas
1192 4389 1439 4458 quaedam
1465 4390 1766 4443 alienorum
1813 4396 2095 4458 appetens,

2186 3202 2314 3263 τοὺς
2343 3199 2710 3269 πεποιηκότας
2744 3191 3254 3266 προκατεσκεύασεν
3304 3183 3587 3253 ἀγγέλους.
3654 3176 3762 3269 καὶ

2190 3293 2239 3344 εί
2290 3285 2797 3360 προκατεσκεύασεν
2844 3284 2924 3345 είς
2970 3282 3029 3335 τὸ
3076 3279 3316 3347 ποιῆσαι,
3343 3266 3675 3341 ἀπαγορεύει
3708 3265 3764 3317 δὲ

2190 3382 2258 3435 τὰ
2292 3383 2382 3435 ὑπ’
2416 3380 2593 3435 αὐτῶν
2614 3378 2899 3447 γενόμενα,
2928 3369 3263 3439 συκοφαντία
3302 3366 3366 3419 ἂν
3389 3365 3472 3432 εἴη
3501 3363 3559 3413 ἐν
3592 3359 3761 3429 μέσῳ.

2193 3476 2255 3527 Εἰ
2306 3474 2364 3527 δὲ
2392 3472 2686 3543 συνεχώρει
2716 3471 2812 3539 μὲν
2838 3466 2931 3521 τοῦ
2964 3467 3137 3518 ποιεῖν
3184 3459 3401 3520 αὐτοὺς,
3434 3454 3680 3525 βούλεται
3707 3449 3767 3501 δὲ

2192 3566 2261 3619 τὰ
2299 3565 2391 3618 ὑπ’
2446 3563 2626 3617 αὐτῶν
2661 3562 2947 3631 γενόμενα,
2999 3556 3271 3610 τουτέστιν
3307 3549 3624 3620 ἀνθρώπους
3673 3545 3769 3597 καὶ

2192 3659 2391 3729 ψυχὰς,
2448 3656 2612 3710 πάλιν
2657 3654 2791 3725 πρὸς
2839 3650 3027 3704 ἑαυτὸν
3058 3643 3459 3713 ἀναλαμϐάνειν
3500 3636 3649 3706 παρὰ
3670 3634 3769 3729 τὴν

2195 3728 2399 3806 τούτων
2429 3749 2712 3820 βούλησιν·
2751 3747 2858 3816 ἄρα
2891 3744 3044 3795 ἔσται
3085 3735 3363 3800 πλεονεξία
3387 3736 3442 3786 ὲν
3476 3732 3643 3802 μέσῳ,
3674 3728 3769 3780 καὶ

2196 3844 2345 3898 οὐδὲν
2383 3843 2594 3913 ἓτερον,
2648 3836 3046 3910 ἁρπαζομένων
3088 3831 3195 3884 τῶν
3243 3828 3347 3881 ὑπὸ
3386 3826 3493 3878 τῶν
3525 3820 3771 3890 ἀγγέλων

2199 3932 2500 4005 ἀνθρώπων
2534 3931 2639 3984 ὑπὸ
2666 3930 2760 3981 τοῦ
2801 3927 2912 3979 ἄνω
2942 3925 3091 3996 παρά
3136 3923 3234 3991 τὴν
3267 3918 3469 3972 τούτων
3495 3915 3769 3985 βούλησιν.

2212 4025 2372 4079 Ἀλλά
2396 4025 2488 4077 καὶ
2517 4023 2775 4093 ἀδράνεια
2801 4018 2884 4089 εἴη
2907 4034 2919 4046 ⁸
2950 4016 3160 4083 ἐπειδὴ,
3196 4016 3270 4084 μὴ
3291 4011 3450 4074 αὐτὸς
3481 4008 3773 4075 δυνάμενος

2203 4115 2396 4169 ἑαυτοῦ
2410 4116 2599 4178 ποιεῖν,
2614 4109 2848 4183 ἁρπάζει
2859 4110 2927 4162 τὰ
2944 4107 3047 4159 ὑπὸ
3062 4105 3169 4157 τῶν
3183 4104 3271 4156 ὑπ’
3289 4101 3451 4154 αὑτοῦ
3466 4096 3773 4167 γενομένων

2200 4208 2486 4278 γενόμενα.
2507 4207 2617 4258 Καὶ
2644 4205 2793 4257 ἔσται
2816 4200 2999 4256 λοιπὸν
3020 4198 3188 4270 μῦθος
3201 4196 3294 4249 καὶ
3318 4190 3647 4265 μωρολογία,
3666 4185 3773 4278 τῶν

2207 4302 2305 4373 μέν
2335 4276 2489 4354 ήκάτω
2541 4297 2821 4367 δυνάμεων
2874 4291 3176 4363 ὑπερϐῆναι
3210 4288 3335 4348 τοὺς
3370 4287 3425 4337 ἐν
3454 4276 3775 4373 μέτειμ’-τοὺς

2206 4368 2263 4446 δὲ
2300 4394 2359 4444 ἐν
2416 4390 2563 4461 μέσῳ
2606 4385 2965 4458 τιμωρεῖσθαι
3010 4382 3214 4442 αἰτίους
3263 4377 3420 4437 ὄντας
3449 4371 3557 4461 τῶν
3587 4368 3774 4461 κάτω·

519 4497 646 4535 eum
679 4482 927 4536 homines
960 4482 1028 4535 ab
1061 4482 1269 4551 angelis
1302 4480 1464 4535 eiiicti
1502 4480 1696 4534 iisdem
1742 4480 1876 4549 ipsis
1910 4480 2087 4533 invitis

2206 4483 2300 4535 καὶ
2330 4481 2456 4543 τοὺς
2505 4479 2657 4532 κάτω
2687 4476 2825 4546 ὑπὲρ
2856 4473 2983 4534 τοὺς
3028 4470 3224 4541 μέσους
3254 4464 3388 4534 πρὸς
3418 4460 3506 4512 τὸν
3528 4456 3640 4566 ἄνω
3674 4451 3781 4504 σώ-

2715 4565 2722 4566 '
2841 4562 2859 4566 “
2908 4564 2924 4566 ·“
3064 4557 3079 4566 ⁸
3109 4557 3118 4566 ⁸
3240 4554 3282 4566 ⁸*
3376 4548 3392 4566 ¹ν
3458 4546 3506 4566 μον
3536 4564 3562 4566 γ.
3615 4559 3633 4566 -
3669 4539 3781 4566 _."‘...

521 4589 832 4645 asupremo
889 4574 980 4629 illo
1028 4574 1369 4627 dominatore
1418 4572 1727 4641 rapiuntur.
1782 4575 1896 4625 lmo
1936 4573 2101 4625 etiam

522 4667 915 4723 imbecillitatis
968 4666 1113 4721 istud
1146 4668 1270 4731 erit,
1324 4679 1449 4719 cum
1482 4664 1597 4733 ipse
1646 4664 1750 4718 sibi
1782 4664 1959 4717 moliri
2001 4680 2099 4718 ne-

522 4767 708 4831 queat,
737 4773 859 4829 quae
899 4769 1024 4813 sunt
1046 4758 1113 4811 ab
1148 4757 1216 4810 iis
1246 4756 1389 4811 facta
1420 4772 1652 4826 quorum
1682 4765 1765 4810 est
1790 4764 1981 4809 auctor
2008 4770 2105 4824 per

522 4855 632 4908 vim
650 4867 715 4907 ac
741 4852 1054 4907 violentiam
1086 4853 1321 4906 auferre.
1348 4852 1468 4916 Quo
1492 4852 1548 4905 iit
1581 4861 1638 4904 ut
1673 4852 1739 4904 ad
1766 4852 1924 4905 inane
1954 4866 2105 4905 com-

524 4953 767 5000 mentum
803 4957 867 4999 ac
918 4942 1155 4997 fabulam
1188 4950 1303 4996 tota
1334 4944 1549 4997 illorum
1593 4943 1840 4997 doctrina
1872 4943 2102 5009 recidat,

524 5053 647 5106 quae
675 5037 780 5090 hoc
810 5044 1055 5102 asserat;
1092 5035 1309 5090 tametsi
1364 5034 1563 5088 infinite
1621 5035 1853 5087 virtutes
1897 5035 2106 5089 medio-

526 5131 713 5185 cribus
735 5128 1076 5199 subjaceant,
1114 5143 1145 5181 a
1175 5127 1545 5182 mediocribus
1577 5134 1794 5189 tamen,
1829 5142 1949 5197 qua:
1986 5127 2108 5180 illa-

600 5284 715 5350 (92)
739 5287 822 5339 Οὐ
846 5286 957 5355 γὰρ
978 5285 1250 5347 δύναται,
1277 5283 1315 5337 ἂ
1346 5283 1598 5349 ἐκεῖνος.
1626 5283 1827 5338 Deesse
1857 5283 2109 5355 nonnihil

530 5355 695 5424 hujus
721 5355 826 5409 loci
856 5354 1153 5424 integritati
1182 5356 1455 5424 suspicor.
1491 5355 1598 5406 Aut
1628 5355 1759 5415 ham,
1788 5364 1881 5406 aut
1911 5354 2109 5424 similia

530 5423 753 5495 scripsit
788 5423 1146 5495 Epiphanius.
1179 5425 1253 5495 Οὐ
1282 5423 1389 5494 γὰρ
1420 5424 1642 5495 δύναται
1672 5427 1868 5495 ποιεῖν,
1899 5423 1934 5476 ἀ
1964 5424 2110 5495 ἐκεῖ·

530 5511 620 5556 νος
649 5488 902 5547 ἐπιποθεῖ
921 5491 1062 5547 εἶναι
1095 5494 1264 5563 αὐτῷ.
1292 5488 1370 5547 Ὸύ
1400 5493 1622 5546 δύναται
1664 5494 1720 5546 δὲ
1747 5494 1808 5546 τὸ
1838 5496 1946 5546 πᾶν
1974 5488 2111 5545 εἷναι

531 5564 722 5622 κακὸν.
752 5564 872 5616 οὐδὲ
905 5564 1008 5617 ὑπὸ
1039 5564 1224 5617 κακῶν
1252 5565 1550 5632 γεγονέναι.
1570 5564 1688 5617 Duo
1718 5575 1875 5617 erant
1906 5563 2112 5629 Carpo-

532 5632 905 5686 cratianorum
957 5634 1211 5703 dogmata
1247 5652 1261 5687 :
1303 5634 1569 5695 alterum,
1620 5634 1909 5695 mundum,
1954 5647 2111 5686 crea-

533 5705 730 5771 gasque
789 5717 876 5771 res
928 5718 1119 5757 omnes
1155 5720 1261 5755 non
1315 5718 1343 5754 a
1404 5704 1546 5756 bono
1597 5703 1688 5771 illo
1744 5717 2113 5771 supremoque

538 5763 684 5832 Deo,
717 5769 811 5824 sed
852 5770 918 5824 ab
956 5773 1309 5828 inferioribus
1354 5772 1563 5838 angelis
1608 5770 1778 5828 fuisse
1813 5763 2109 5828 conditas:

2206 4572 2415 4636 ζεσθαι,
2437 4539 2549 4621 ’καὶ
2581 4539 3040 4634 ὲλεῡθερόῦσθαιί
3064 4557 3208 4624 λέγω
3236 4554 3300 4623 δὴ
3331 4548 3430 4610 τὰς
3456 4543 3633 4614 ψυχὰς
3668 4539 3781 4636 τῶν

2204 4632 2262 4716 ἐν
2287 4662 2411 4733 τῇδε
2450 4662 2515 4728 τῇ
2536 4658 2731 4711 κτίσει.
2773 4632 2881 4724 ήΕἴη
2924 4652 2967 4705 δ’
3001 4650 3066 4704 ἂν
3099 4651 3126 4702 ὁ
3159 4646 3255 4717 μέν
3291 4642 3401 4696 ἀνω
3438 4638 3512 4733 μὴ
3534 4632 3779 4733 δυνηθεξς

2207 4758 2431 4825 ποιῆσαι
2476 4750 2708 4820 ἀσθενὴς
2757 4745 3094 4817 κρινόμενος,
3132 4742 3180 4792 οἱ
3229 4738 3285 4790 δὲ
3311 4734 3401 4786 ὑπ’
3426 4728 3592 4785 αὑτοῦ
3631 4725 3783 4795 γενό-

2209 4864 2359 4918 μενοι
2395 4844 2680 4913 δυνάμενοι
2747 4838 2969 4907 ποιῆσαι
3001 4835 3036 4889 ἀ
3075 4833 3233 4892 αὐτὸς
3258 4829 3356 4901 μὲν
3398 4826 3500 4878 οὐκ
3534 4820 3783 4874 ἐϐούλετο

2208 4916 2299 4994 καὶ
2336 4940 2437 4992 οὐκ
2468 4937 2719 5006 ἠδύνατο.
2750 4934 2824 4986 Οὐ
2852 4930 2959 5001 γὰρ
2982 4928 3204 4981 δύναται
3229 4923 3263 4976 ἂ
3286 4923 3490 4982 ἐκεῖνος
3520 4916 3629 4987 (9:2)
3663 4916 3786 4966 ἐπι-

2208 5032 2382 5095 ποθεῖ,
2413 5027 2553 5083 εἶναι
2581 5026 2727 5095 αὐτῷ
2757 5023 2945 5087 κακὸν,
2980 5020 3099 5073 οὐδὲ
3124 5016 3229 5069 ὑπὸ
3256 5012 3440 5068 κακῶν
3484 5008 3783 5077 γεγονέναι.

2207 5127 2271 5180 Εἰ
2325 5125 2434 5195 γὰρ
2490 5118 2558 5191 ἦν
2614 5120 2802 5184 κακὸν,
2855 5115 3021 5186 ἐχρῆν
3071 5106 3424 5165 ἀπόλλυσθαι.
3461 5101 3617 5156 Εἰδέ
3650 5098 3786 5159 ὅλως

2211 5273 2464 5341 alterum,
2490 5277 2545 5331 in
2568 5276 2836 5329 malorum
2866 5284 3063 5341 genere
3085 5266 3305 5341 censeri
3326 5264 3585 5317 mundum
3598 5300 3623 5341 ,_
3641 5274 3787 5328 quae-

2210 5334 2317 5421 que
2345 5334 2547 5421 mundo
2579 5334 2932 5421 continentur
2954 5341 3233 5421 universa.
3264 5334 3571 5421 Utrumque
3594 5334 3788 5421 dogma

2212 5402 2551 5490 Epiphanius
2597 5410 3198 5490 impugnat._Priuium
3230 5405 3484 5475 quidem;
3524 5402 3788 5490 quodueit

2211 5476 2276 5545 eo
2318 5476 2693 5557 Iconsequens'
2740 5476 2862 5545 Est,
2922 5479 3338 5557 imbecilliorem
3395 5476 3630 5557 angelis
3667 5483 3788 5557 esse

2213 5560 2405 5615 Deum.
2436 5546 2685 5612 Alterum
2721 5570 2871 5620 vero,
2903 5551 3051 5620 quod
3080 5564 3203 5603 cum
3242 5562 3367 5617 pars
3400 5546 3582 5620 aliqua
3616 5546 3789 5620 totius

2214 5613 2604 5686 Universitatis
2641 5613 2873 5681 salutem
2902 5613 3171 5685 obtineat,
3207 5613 3316 5674 non
3349 5617 3523 5687 possit
3553 5628 3583 5667 a
3615 5613 3788 5667 bono-

2212 5716 2336 5757 rum
2373 5714 2571 5772 genere
2606 5698 2824 5767 penitus
2858 5690 3095 5749 excludi.
