4170 6372
491 286 596 342 577
1089 287 1462 344 ADVERSUS
1505 287 1847 342 HERESES
1885 288 2014 343 LIB.
2056 290 2069 344 1

2171 289 2306 347 ῗΟΜ.
2346 291 2501 348 Π.--
2525 292 2804 351 IIA'JBES.
2841 295 3081 353 XXVIII.
3652 299 3762 356 378

491 408 655 478 μέρος
683 424 737 460 τι
760 404 854 461 τοῦ
877 406 1037 478 ἔργου
1073 406 1324 471 σώζεται,
1347 404 1531 458 οὐκέτι
1559 405 1620 456 τὸ
1651 405 1808 474 ἔργον
1843 406 2064 474 φαῦλον,

2171 425 2292 463 rum
2328 425 2510 465 causa}
2539 419 2688 475 sunt,
2724 428 2916 482 poenas
2946 414 3150 484 expeti,
3184 414 3515 486 intimasque
3551 415 3760 471 medio-

489 497 589 550 κᾶν
637 515 696 549 τε
752 498 914 569 μέρος
965 497 1127 551 αὑτοῦ
1158 499 1461 568 σωζόμενον
1502 498 1829 568 εὑρίσκοιτο,
1872 497 1992 551 οὔτε
2023 500 2069 551 οί

2179 503 2364 557 cribus
2400 505 2673 574 superatis
2729 506 2793 559 ad
2839 522 3153 575 supremum
3203 509 3448 562 omnium
3480 515 3758 561 auctorem

488 590 816 659 ποιήσαντες
847 591 1039 658 φαῦλοι
1087 591 1177 644 τὸν
1226 591 1532 661 σωζόμενον
1556 592 1970 662 τεχνησάμενοι.
2009 593 2069 644 El

2179 598 2416 659 evolare,
2470 611 2534 650 ac
2565 597 2875 650 libertatem
2923 598 3225 667 consequi;
3263 599 3363 652 hoc
3397 610 3481 653 est
3515 599 3756 662 animas,

487 681 541 732 δὲ
568 682 705 746 ὅλως
741 684 798 749 ἐξ
839 683 1084 751 ἀγγέλων
1126 685 1158 754 ἡ
1203 683 1371 754 ψυχή,
1434 684 1528 737 καὶ
1557 684 1764 737 ἄνωθεν
1809 683 2072 753 λαμϐάνει

487 771 716 842 δύναμιν
747 776 1089 846 παραχθεῖσα
1112 793 1126 806 ·
1149 775 1259 847 ἄρα
1296 791 1359 844 γε
1383 777 1431 829 οἱ
1455 775 1677 844 ἄγγελοι
1710 776 1870 828 πλέον
1901 793 2066 845 σωτη-

489 864 612 936 ρίας
642 864 942 932 τεύξονται,
994 867 1076 919 ὅτι
1120 869 1153 937 ἡ
1188 867 1284 920 ἀπ’
1319 867 1498 919 αὐτῶν
1521 865 1667 936 ψυχὴ
1700 865 1951 930 σώζεται,
1977 868 2073 920 καὶ

2179 703 2302 758 qua!
2327 689 2378 742 iu
2420 689 2522 742 hac
2559 704 2742 743 rerum
2795 689 3142 742 conditarum
3180 691 3537 743 universitate
3581 690 3760 743 conti-

2175 789 2394 841 nentur.
2427 779 2792 845 Quamobrem
2840 795 3131 848 supremus
3180 782 3290 842 ille,
3322 781 3413 850 qui
3441 797 3534 836 eas
3570 794 3760 834 creare

2174 869 2503 937 nequiverit,
2555 869 2951 924 imbecillitatis
2991 880 3273 940 arguetur.
3302 871 3452 937 Quos
3495 872 3609 941 ipse
3627 885 3761 925 vero

487 951 706 1020 φαύλων
736 950 890 1008 οὖσα.
929 953 1250 1026 Σωζομένης
1285 956 1340 1009 δὲ
1381 956 1575 1025 αὐτῆς,
1625 957 1808 1009 οὐκέτι
1868 956 2069 1025 φαῦλος

2173 959 2516 1028 produxerit,
2545 961 2815 1029 ejusmodi
2839 978 2962 1017 esse
2983 964 3339 1028 videbuntur,
3360 965 3454 1035 qui
3485 981 3548 1019 ea
3580 963 3761 1018 facere

485 1043 610 1097 οὗτε
675 1046 812 1118 αὐτὴ
845 1049 878 1118 ή
906 1046 1053 1118 ψυχὴ
1101 1049 1134 1118 ή
1182 1047 1448 1119 γενομένη
1496 1048 1601 1101 ὑπὸ
1649 1047 1756 1102 τῶν
1797 1049 2066 1118 ἀγγέλων,

486 1133 610 1188 οὔτε
645 1137 695 1190 οἱ
728 1137 969 1206 ἄγγελοι,
995 1139 1054 1205 ἐξ
1080 1133 1153 1191 ὧν
1185 1139 1324 1210 αὐτὴ
1355 1142 1387 1211 ή
1418 1139 1566 1210 ψυχὴ
1597 1139 1851 1211 ὑπάρχει.

2171 1050 2410 1118 possint,
2438 1067 2560 1121 qua:
2584 1053 2668 1106 vel
2698 1053 2790 1107 ille
2818 1054 3073 1119 noluerit,
3103 1056 3187 1108 vel
3220 1065 3278 1108 ut
3309 1055 3546 1108 maxime
3574 1055 3757 1120 vellet,

2174 1139 2354 1197 facere
2413 1142 2565 1196 nullo
2615 1142 2776 1198 modo
2805 1145 3065 1213 potuerit.
3119 1143 3306 1214 Neque
3349 1145 3492 1199 enim
3526 1159 3760 1213 quorum

487 1227 578 1282 ille
626 1228 901 1285 desiderio
953 1239 1190 1297 tenetur,
1221 1248 1285 1288 ea
1325 1233 1430 1303 ipsi
1465 1235 1608 1287 mala
1646 1249 1771 1288 esse
1806 1239 2059 1303 possunt,
2100 1234 2184 1287 vel
2217 1249 2249 1288 a
2283 1234 2442 1289 malis
2471 1235 2760 1304 producta,
2786 1252 2912 1290 nam
2938 1236 2984 1292 si
3013 1237 3154 1290 mala
3197 1245 3356 1300 sunt,
3404 1237 3582 1307 perire
3637 1236 3762 1290 fun-

487 1323 634 1379 ditus
667 1327 931 1396 oportuit.
959 1327 1056 1381 Sin
1079 1343 1206 1397 pars
1231 1335 1316 1384 est
1339 1321 1520 1397 operis
1551 1330 1734 1398 aliqua
1770 1328 2061 1394 servanda,
2103 1329 2306 1383 malum
2337 1329 2516 1398 ipsum
2555 1345 2679 1386 esse
2703 1345 2816 1385 non
2847 1338 3047 1401 potest,
3085 1332 3132 1386 si
3187 1333 3272 1385 vel
3304 1331 3425 1400 ejus
3466 1330 3576 1384 ulla
3633 1344 3760 1398 pars

488 1416 638 1468 salva
669 1418 939 1486 reperitur
971 1437 985 1472 :
1017 1433 1193 1488 neque
1221 1420 1438 1489 ipsimet
1467 1421 1707 1475 artiﬁces
1742 1421 1870 1474 mali
1900 1429 2046 1483 sunt,
2089 1421 2182 1490 qui
2204 1437 2327 1475 eum
2350 1422 2443 1490 qui
2475 1423 2781 1478 servandus
2813 1431 2896 1479 est
2929 1422 3134 1478 fuerint
3174 1423 3444 1477 fabricati.
3473 1420 3592 1475 Jam
3623 1421 3669 1475 si
3692 1421 3762 1473 ab

487 1508 698 1578 angelis
724 1511 946 1565 omnino
1001 1519 1298 1581 propagata
1353 1513 1424 1566 sit
1465 1513 1668 1577 anima,
1709 1522 1874 1581 atque
1917 1513 1971 1566 in
1999 1513 2174 1566 lucem
2214 1513 2477 1582 producta
2526 1515 2632 1568 vim
2662 1515 2955 1583 quamdam
2987 1515 3207 1568 ccelitus
3243 1514 3533 1584 acceperit,
3589 1513 3761 1565 multo

489 1599 659 1670 igitur
710 1604 884 1672 magis
933 1604 1164 1659 salutem
1221 1604 1549 1658 obtinebunt
1602 1606 1803 1677 angeli,
1830 1620 1953 1659 cum
2001 1607 2071 1660 ab
2109 1605 2244 1674 ipsis
2276 1607 2460 1660 anima
2519 1608 2684 1660 etiam
2725 1609 2885 1663 malis
2952 1620 3241 1677 procreata
3291 1616 3566 1664 servetur.
3600 1605 3764 1669 Deni-

487 1709 598 1765 que
625 1693 670 1749 si
694 1696 844 1752 salva
871 1710 996 1750 esse
1016 1695 1190 1765 possit
1211 1695 1415 1760 anima,
1444 1711 1625 1766 neque
1653 1699 1772 1766 ipsa
1790 1697 1934 1750 mala
1980 1697 2086 1750 erit
2122 1697 2192 1751 ab
2249 1697 2458 1767 angelis
2491 1698 2800 1767 producta;
2842 1700 3020 1769 neque
3063 1689 3272 1769 angeli,"
3323 1714 3356 1752 a
3403 1697 3603 1768 quibus
3647 1696 3764 1752 lucc

487 1801 670 1849 ortum
707 1791 983 1845 habuerit.

559 1889 642 1941 H'.
681 1888 856 1940 Παντὶ
887 1887 943 1939 δὲ
968 1885 1044 1956 τῷ
1075 1885 1166 1938 τὸν
1198 1884 1321 1940 νοῦν
1350 1887 1662 1958 ἐρρωμένον
1693 1888 1872 1958 ἔχοντι
1897 1887 2075 1940 ἰστέον
2107 1901 2150 1954 Β

490 1981 557 2034 ἂν
589 1979 697 2050 εἴη,
724 1981 805 2033 ὅτι
841 1978 1025 2042 ἀνοίας
1057 1979 1175 2032 ἐστὶ
1215 1979 1277 2032 τὸ
1310 1982 1417 2034 πᾶν
1450 1980 1606 2034 τοῦτο
1635 1981 1945 2051 ἁγυρτῶδες
1978 1982 2069 2050 ἐρ-

488 2074 804 2143 γαστήριον.
851 2071 1424 2143 Καταισχυνθήσονται
1466 2073 1525 2125 δὲ
1580 2068 1734 2136 αὖθις
1782 2067 1924 2126 οὗτοι
1977 2073 2072 2126 καὶ

486 2163 595 2216 ἀπὺ
644 2162 753 2214 τῶν
798 2161 975 2216 αὐτῶν
1022 2161 1219 2231 λόγων.
1274 2164 1338 2217 Et
1388 2165 1494 2236 γὰρ
1537 2163 1744 2234 Ἰησοῦς
1798 2165 1899 2218 οὐκ
1963 2164 2072 2217 ἀπὸ

487 2255 758 2326 παρθένου
804 2255 1045 2326 Μαρίας,
1093 2255 1229 2309 ἀλλὰ
1275 2257 1340 2308 ἐκ
1391 2256 1702 2326 σπέρματος
1739 2255 1937 2326 Ἰωσὴφ
1977 2256 2071 2308 καὶ

485 2348 583 2419 τῆς
613 2348 782 2418 αὐτῆς
821 2347 1058 2419 Μαρίας,
1093 2347 1326 2412 σώζεται
1362 2347 1418 2399 δὲ
1456 2339 1640 2410 οὗτος·
1688 2347 1796 2418 ἄρα
1841 2349 1937 2400 καὶ
1969 2348 2072 2400 αὐ-

485 2441 568 2492 τοὶ
616 2439 950 2511 σωθήσονται
995 2442 1044 2493 οἱ
1090 2438 1278 2492 τοῦτον
1323 2439 1733 2510 γεγεννηκότες.
1783 2441 1893 2492 Kal.
1941 2441 1990 2492 εἰ
2036 2441 2068 2510 ή

485 2531 677 2602 Μαρία
703 2531 796 2584 καὶ
841 2532 1038 2602 Ἰωσὴφ
1072 2531 1180 2584 ἀπὺ
1211 2529 1304 2583 τοῦ
1337 2533 1680 2603 Δημιουργού
1713 2532 2067 2603 ὑπάρχουσιν,

486 2621 595 2694 ἄρα
631 2623 723 2676 τὸν
759 2623 1100 2694 Δημιουργδν
1131 2625 1356 2694 κτίστην
1395 2625 1620 2698 ἔφασαν,
1661 2623 1754 2676 καὶ
1797 2623 1979 2676 οὐκέτι
2012 2624 2069 2675 ὲν

486 2715 826 2785 ὑστερήματι
885 2713 1038 2767 ἔσται
1090 2718 1117 2768 ό
1172 2715 1264 2769 τὸν
1309 2715 1504 2787 Ἰωσὴφ
1555 2716 1649 2768 καὶ
1695 2715 1794 2783 τὴν
1848 2715 2069 2786 Μαρίαν

487 2805 717 2874 ποιήσας
751 2803 808 2869 ἐξ
843 2798 917 2857 ὧν
960 2807 988 2858 ὁ
1039 2804 1245 2875 Ἰησοῦς
1291 2806 1444 2876 παρὰ
1485 2805 1580 2858 τοῦ
1623 2805 1736 2858 ἅνω
1789 2806 2068 2874 ἀγνώστου

488 2897 700 2966 [ἰατρὸς
733 2897 986 2967 ὑπάρχει.
1020 2897 1082 2948 El
1115 2896 1174 2948 δὲ
1201 2897 1297 2950 καὶ
1338 2897 1501 2960 αὐτὸς
1533 2899 1562 2948 ὁ
1600 2895 1806 2966 Ἰησοῦς
1829 2897 1937 2950 ἀπὸ
1961 2898 2070 2949 τῶν

486 2986 734 3055 ἀγγέλων
764 2986 899 3050 ἐστὶ,
927 2986 1021 3040 καὶ
1050 2988 1080 3039 ὁ
1116 2987 1444 3058 δημιουργὸς
1487 2981 1568 3051 εἷς
1607 2989 1720 3040 ἐστι
1770 2988 1878 3040 τῶν
1906 2988 2071 3056 ἀγγέ-

487 3089 618 3134 λων·
656 3081 763 3152 ἄρα
789 3096 852 3148 γε
885 3080 1195 3150 ἀτοπήματι
1233 3078 1310 3150 τῷ
1351 3081 1432 3133 ἑνὶ
1465 3081 1665 3144 πάντες
1709 3080 2068 3150 περιπεσοῦν-

485 3187 594 3235 ται,
624 3171 796 3242 ὁποίῳ
823 3172 917 3224 καὶ
947 3172 996 3223 οί
1027 3171 1246 3240 ἄγγελοι
1276 3171 1730 3242 περιπεπτώκασι
1756 3190 1769 3204 ·
1802 3173 1896 3224 καὶ
1937 3172 2069 3224 ἀσύ-

2252 1876 2389 1933 Vlll.
2423 1877 2502 1933 Ac
2565 1880 2882 1950 quicunque
2931 1880 3088 1936 ﬁrmo
3121 1889 3176 1937 et
3219 1883 3493 1937 constanti
3543 1882 3763 1953 ingenio

2174 1971 2440 2044 praeditus
2496 1979 2601 2038 est,
2661 1974 2963 2044 intelligere
3015 1974 3162 2029 istud
3201 1974 3381 2040 debet,
3441 1975 3580 2028 nihil
3640 1993 3766 2032 esse

2175 2072 2285 2119 tota
2322 2063 2427 2117 hac
2470 2063 2862 2118 circulatorum
2898 2064 3113 2120 oliicina
3161 2067 3409 2122 stultius.
3455 2069 3604 2133 Quos
3634 2070 3764 2138 qui-

2173 2155 2297 2209 dem
2335 2153 2452 2208 suis
2508 2154 2754 2225 ipsorum
2804 2157 2987 2212 verbis
3031 2157 3396 2226 ignominiose
3438 2161 3764 2216 convincere

2177 2247 2283 2301 hoc
2316 2247 2479 2300 modo
2503 2262 2820 2316 possumus.
2855 2247 3067 2301 Etenim
3100 2249 3144 2302 si
3174 2246 3337 2304 .lcsus
3368 2249 3622 2305 Christus
3651 2267 3764 2306 non

2171 2338 2238 2394 de
2286 2339 2496 2409 virgine
2553 2338 2722 2392 Maria
2774 2348 2958 2403 natus,
2997 2341 3093 2393 sed
3137 2339 3204 2394 de
3254 2340 3481 2411 Josephi
3526 2344 3760 2406 semine,

2172 2431 2476 2500 eademque
2511 2429 2681 2484 Maria
2725 2442 3058 2501 propagatus
3082 2439 3188 2496 est,
3223 2444 3277 2486 et
3311 2433 3357 2487 is
3389 2435 3619 2488 salutem
3645 2434 3765 2488 adi--

2172 2523 2423 2594 piscitur,
2464 2524 2630 2578 etiam
2685 2524 2808 2578 illos
2834 2525 2926 2593 qui
2949 2525 3124 2594 ipsum
3168 2525 3458 2592 genuerint
3487 2540 3610 2579 esse
3653 2525 3763 2578 sal-

2174 2631 2269 2671 vos
2297 2623 2537 2685 oportet.
2569 2615 2674 2681 Qui
2698 2616 2744 2671 si
2787 2631 2818 2669 a
2858 2631 3074 2671 summo
3103 2616 3198 2670 illo
3230 2617 3428 2685 opilice
3458 2617 3586 2671 facti
3609 2625 3760 2681 sunt,

2172 2723 2303 2763 sane
2337 2709 2483 2762 hunc
2529 2723 2651 2762 esse
2687 2708 3002 2762 Creatorem
3039 2709 3180 2762 inter
3206 2709 3330 2763 illos
3361 2711 3640 2770 convenit,
3665 2726 3762 2764 ne—

2170 2813 2276 2867 que
2317 2799 2410 2868 qui
2463 2796 2758 2866 Joscphum
2824 2797 3161 2868 Mariamque
3240 2801 3484 2855 condidit
3525 2802 3761 2857 defectui

2171 2889 2409 2957 amplius
2449 2888 2779 2954 ascribetur,
2825 2890 2982 2958 110
3004 2891 3248 2958 aquibus
3275 2890 3436 2946 Jesus
3465 2902 3622 2947 ortus
3651 2903 3758 2956 est,

2171 2981 2266 3050 qui
2303 2981 2370 3034 ab
2396 2983 2581 3051 ignoto
2611 2996 2616 3008 ·
2644 2981 2740 3034 illo
2773 2981 3006 3036 Parente
3039 2985 3318 3052 profectus
3347 2985 3566 3042 est.Sin
3598 2985 3760 3041 Jesus

2172 3072 2337 3125 etiam
2367 3073 2436 3126 ab
2469 3073 2680 3142 angelis
2708 3082 2929 3128 creatus
2958 3083 3062 3136 est,
3093 3083 3147 3130 et
3162 3084 3246 3131 cst
3274 3078 3587 3145 angelorum
3615 3093 3761 3131 unus

2172 3164 2354 3235 Opifex
2382 3165 2517 3234 ipse.
2551 3166 2795 3218 iuunum
2826 3176 2881 3218 et
2913 3166 3054 3221 idem
3087 3169 3388 3224 absurdum
3423 3170 3592 3224 relabi
3635 3171 3761 3224 uni—

484 3281 678 3318 στατον
723 3240 808 3334 εἴη
841 3262 909 3316 ἂν
949 3263 1010 3316 τὸ
1040 3265 1170 3332 παρ’
1209 3240 1387 3317 αὐτῶν
1428 3263 1918 3334 δραματούργημα,
1976 3263 2069 3333 δη-

2172 3272 2362 3311 versos
2385 3271 2610 3311 necesse
2637 3265 2755 3320 est;
2791 3257 2843 3310 in
2872 3260 3018 3328 quod
3044 3269 3096 3314 et
3121 3263 3296 3330 angeli
3328 3263 3546 3331 ipsimet
3570 3265 3761 3317 incur-

483 3356 741 3428 λητηρίου
787 3356 1060 3427 ἔμπλεων,
1112 3358 1206 3410 καὶ
1253 3357 1435 3428 πάσης
1482 3356 1669 3420 ίώδους
1722 3356 2070 3420 διδασκαλίας

487 3447 928 3518 μεμεστωμένον.
978 3446 1195 3518 Ταύτην
1244 3447 1300 3500 δὲ
1339 3443 1494 3510 αὖθις
1527 3447 1702 3500 ὀπίσω
1752 3446 2067 3518 τρέψαντες,

483 3539 671 3611 ὥσπερ
724 3539 1015 3611 δράκοντος
1062 3538 1302 3609 κεφαλὴν
1347 3538 1491 3608 ξύλῳ
1545 3541 1649 3610 τῆς
1700 3539 1935 3602 πίστεως
1977 3539 2072 3592 καὶ

482 3635 582 3703 τῆς
604 3634 862 3706 ἀληθείας
890 3636 984 3687 ἐπὶ
1008 3634 1112 3705 γῆς
1137 3633 1497 3704 λακήσαντες,
1527 3635 1648 3695 ταῖς
1677 3632 1860 3696 ἄλλαις
1893 3631 2074 3703 θηριο-

489 3726 716 3798 μόρφοις
761 3727 1276 3798 προσπελάσαντες,
1335 3726 1421 3778 ἐπ’
1464 3725 1672 3797 ὀλέθρῳ
1721 3723 1923 3778 τούτων
1977 3726 2072 3778 καὶ

483 3818 591 3872 τῶν
623 3818 880 3874 τοιούτων
912 3819 1260 3891 βαδιούμεθα.

907 4025 1097 4078 ΚΑΤΑ
1135 4025 1641 4094 ΚΗΡΙΝΘΙΑΝΩΝ,

983 4140 1143 4192 Ἤτοι
1171 4138 1579 4209 Μηρινθιανῶν,

808 4251 1032 4322 Ὀγνδόη,
1069 4253 1109 4320 ἡ
1140 4251 1242 4307 καὶ
1272 4251 1518 4319 εἰκοστὴ
1545 4251 1750 4322 ὀγδόη.

550 4368 629 4421 A’.
661 4363 926 4436 Κήρινθος
955 4363 1011 4416 δὲ
1040 4359 1217 4430 αὖθις,
1243 4364 1351 4433 {agr
1403 4357 1575 4435 οὗπερ
1622 4367 1671 4418 οἱ
1714 4362 2069 4434 Κηρινθιανοὶ

479 4455 780 4528 λεγόμενοι,
822 4456 929 4508 ἀπὸ
976 4455 1180 4525 ταύτης
1223 4455 1325 4524 τῆς
1367 4453 1664 4525 θηριώδους
1725 4456 1933 4526 σπορᾶς
1975 4455 2066 4506 τὸν

485 4550 560 4602 ἰὸν
587 4549 665 4619 τῷ
703 4549 891 4618 κόσμῳ
931 4547 1114 4616 φέρων
1160 4546 1305 4616 ἥκει.
1352 4545 1543 4616 Σχεδὸν
1580 4546 1637 4598 δὲ
1678 4546 1830 4598 οὐδὲν
1880 4545 2064 4614 ἕτερον

2174 3354 2386 3400 rerunt.
2440 3343 2629 3415 Neque
2661 3346 2877 3400 illorum
2919 3347 3103 3402 fabula
3129 3351 3426 3413 constabit,
3465 3352 3640 3406 letalis
3663 3368 3762 3406 cu-

2169 3436 2392 3507 jusdam
2430 3438 2650 3504 veneni,
2679 3451 2743 3491 ac
2776 3437 3050 3507 pestifera:
3083 3440 3352 3494 doctrina).
3393 3441 3616 3497 referta.
3650 3441 3758 3496 Sed

2173 3550 2295 3598 nos,
2328 3535 2609 3606 proﬂigata
2659 3537 2762 3590 hac
2795 3537 3006 3603 haeresi,
3037 3547 3092 3591 et
3130 3538 3186 3591 in
3240 3537 3420 3609 fugam
3471 3554 3757 3600 conversa,

2173 3628 2398 3696 perinde
2437 3644 2501 3682 ac
2531 3629 2804 3699 serpentis
2835 3630 3012 3698 capite
3038 3629 3157 3684 fidei
3188 3646 3251 3685 ac
3281 3633 3528 3686 veritatis
3560 3633 3758 3687 baculo

2173 3719 2326 3774 humi
2361 3720 2528 3784 illiso,
2560 3721 2629 3775 ad
2659 3721 2796 3774 alias
2815 3729 3186 3777 monstrorum
3227 3723 3530 3778 horrendas
3558 3724 3758 3793 eﬂigies

2173 3819 2428 3879 promoto
2453 3812 2648 3880 gradu,
2689 3812 2940 3868 funditus
2975 3829 3072 3868 eas
3107 3814 3288 3870 delere
3323 3824 3487 3886 atque
3513 3824 3758 3871 evertere

2173 3901 2516 3958 conabimur.

2482 4015 2856 4073 ADVERSUS
2913 4015 3449 4082 CERINTIIIANOS,

2667 4129 2793 4186 Sive
2843 4129 3261 4196 Merintliianos,

2386 4245 2518 4312 Quae
2559 4254 2637 4300 est
2678 4246 2893 4300 limi-esis
2938 4245 3104 4311 VII],
3137 4246 3216 4300 vel
3252 4243 3542 4301 XXVIII.

2239 4358 2281 4412 I.
2312 4355 2571 4427 Sequitur
2598 4357 2929 4414 Corinthus:
2954 4373 2985 4412 a
3017 4374 3126 4428 quo
3153 4359 3489 4413 Cerinthiani
3514 4359 3751 4415 hmrctici

2168 4450 2544 4514 nominantur,
2573 4451 2666 4519 qui
2723 4450 2916 4504 eodem
2959 4467 3027 4504 ex
3079 4451 3254 4506 ferino
3285 4462 3406 4506 satu
3435 4464 3755 4522 procreatus

2168 4542 2321 4596 virus
2358 4557 2520 4596 smnu
2563 4544 2618 4596 in
2659 4542 2846 4596 orbem
2895 4552 3162 4598 terrarum
3203 4544 3468 4614 profudit.
3501 4546 3678 4616 Atque
3708 4548 3755 4602 is

480 4641 632 4713 παρὰ
659 4642 750 4694 τὸν
791 4639 1190 4712 προειρημένον
1224 4641 1585 4710 Καρποκρᾶν,
1625 4640 1760 4693 ἀλλὰ
1804 4640 1874 4693 τὰ
1923 4640 2064 4694 αὐτὰ

2171 4634 2304 4688 nihil
2335 4636 2724 4703 pr0pemodum
2755 4636 2924 4699 aliud,
2952 4651 3114 4706 quam
3142 4637 3302 4691 nobis
3325 4653 3489 4707 supra
3517 4654 3756 4693 coramc-

475 4731 556 4801 τῷ
597 4733 786 4802 κόσμῳ
832 4730 1102 4784 κακοποιὰ
1147 4730 1415 4801 φάρμακα
1448 4731 1819 4787 ὲκϐλυστάνει.
1859 4733 1939 4786 Τὰ
1973 4732 2063 4786 ἴσα

479 4823 588 4894 γὰρ
617 4822 696 4893 τῷ
728 4822 1111 4894 προειρημένῳ
1140 4825 1219 4888 είς
1253 4824 1344 4877 τὸν
1370 4825 1693 4894 Χριστιανὸν
1727 4825 2065 4897 συκοφαντή-

481 4931 596 4979 σας,
635 4913 908 4985 ἐξηγεῖται
936 4915 1031 4966 καὶ¹
1058 4909 1214 4978 οὗτος
1250 4917 1317 4968 ὲκ
1349 4915 1566 4985 Μαρίας
1593 4917 1689 4970 καὶ
1721 4918 1786 4969 ὲκ
1820 4916 2067 4989 σπέρμα-

477 5024 568 5069 τος
602 5007 800 5076 Ἰωσὴφ
821 5007 910 5059 τὸν
933 5007 1169 5078 Χριστὸν
1197 5010 1574 5079 γεγεννῆσθαι,
1610 5011 1704 5062 καὶ
1736 5009 1825 5062 τὸν
1862 5008 2066 5079 κόσμον

476 5099 678 5170 ὁμοίως
736 5099 840 5151 ὑπὸ
869 5099 1114 5167 ἀγγέλων
1148 5100 1497 5170 γεγενῆσθαι.
1546 5101 1712 5153 Οὐδὲν
1756 5101 1867 5172 γὰρ
1913 5093 2068 5163 οὗτος

477 5191 630 5261 παρὰ
664 5191 755 5244 τὸν
787 5191 1001 5261 πρῶτον
1033 5191 1282 5263 διήλλαξε
1327 5194 1393 5264 τῇ
1451 5193 1730 5263 εἰσαγωγῇ
1773 5193 1872 5262 τῆς
1901 5190 2066 5244 αὐτοῦ

475 5283 823 5345 διδασκαλίας
849 5282 961 5336 ἄλλ’
993 5282 1026 5353 ἢ
1058 5283 1114 5336 ὲν
1146 5283 1320 5354 τούτῳ
1353 5283 1534 5354 μόνον,
1570 5285 1626 5337 ἐν
1665 5282 1743 5353 τῷ
1773 5283 2059 5354 προσέχειν

474 5375 554 5446 τῷ
587 5375 904 5446 Ἰουδαϊσμῷ
930 5375 1036 5428 ἀπὸ
1063 5375 1282 5446 μέρους.
1309 5378 1512 5430 Φὰσκει
1545 5377 1601 5430 δὲ
1643 5371 1796 5440 οὗτος
1829 5377 1922 5430 τὸν
1971 5377 2060 5429 νό-

481 5483 580 5536 μον
616 5467 712 5519 καὶ
737 5466 865 5528 τοὺς
899 5469 1184 5537 προφήτας
1231 5467 1336 5520 ὑπὸ
1382 5467 1628 5536 ἀγγέλων
1671 5468 1938 5532 δεδόσθαι,
1967 5469 2063 5522 καὶ

473 5559 568 5613 τὸν
605 5558 872 5611 δεδωκότα
913 5559 1075 5628 νόμον
1116 5559 1210 5612 ἕνα
1246 5554 1384 5612 εἶναι
1413 5558 1521 5611 τῶν
1547 5558 1793 5627 ἀγγέλων
1825 5559 1932 5612 τῶν
1973 5557 2063 5613 τὸν

477 5650 683 5719 κόσμον
722 5651 1119 5720 πεποιηκότων.
1165 5649 1408 5718 Ἐγένετο
1446 5649 1503 5702 δὲ
1530 5641 1685 5712 οὗτος
1723 5652 1752 5703 ὁ
1795 5650 2064 5721 Κήρινθος

478 5743 536 5796 ὲν
561 5745 627 5814 τῇ
665 5743 818 5814 Ἀσίᾳ
857 5743 1168 5813 διατρίϐων,
1196 5745 1416 5797 κάκεῖσε
1451 5743 1544 5797 τοῦ
1584 5743 1937 5814 κηρύγματος
1965 5744 2064 5798 civ)

2170 4736 2415 4783 moratus
2445 4729 2536 4782 ille
2555 4727 2862 4799 Carpocras
2895 4731 3155 4796 asseruit,
3186 4732 3487 4802 eademque
3523 4748 3648 4786 cum
3685 4749 3754 4787 eo

2169 4821 2352 4874 letalia
2409 4821 2464 4874 in
2499 4821 2765 4876 mundum
2819 4838 3026 4878 venena
3075 4825 3414 4894 prepagavit.
3473 4823 3751 4893 Siquidem

2166 4912 2280 4981 pari
2341 4913 2398 4966 in
2435 4913 2720 4968 Christum
2763 4913 3040 4968 calumnia
3087 4923 3296 4978 censet,
3331 4915 3478 4969 hunc
3521 4933 3551 4970 e
3583 4915 3750 4970 Maria

2165 5001 2505 5075 Josepliique
2537 5005 2747 5060 semine
2804 5021 2927 5060 esse
2970 5016 3337 5076 prognatum:
3376 5007 3753 5075 mundumque

2168 5097 2421 5152 similiter
2459 5098 2528 5152 ab
2575 5098 2783 5168 angelis
2817 5096 3162 5150 fabricatum.
3197 5095 3383 5166 Neque
3418 5099 3526 5150 ulla
3566 5098 3671 5149 alia
3695 5112 3752 5150 re

2167 5187 2570 5258 discrepantem
2620 5189 2690 5242 ab
2723 5189 2816 5243 illo
2853 5189 3161 5241 doctrinam
3207 5189 3431 5253 invexit,
3469 5189 3572 5242 nisi
3603 5189 3748 5257 quod

2167 5279 2426 5336 Judaicos
2485 5281 2649 5335 etiam
2697 5281 2839 5333 ritus
2879 5279 3141 5333 adscivit.‘
3187 5280 3256 5332 At
3304 5279 3444 5333 idem
3479 5279 3647 5347 legem
3685 5294 3750 5334 ac

2167 5376 2462 5446 prophetas
2493 5376 2562 5428 ab
2584 5373 2792 5444 angelis
2822 5371 3103 5443 profectos
3137 5380 3354 5440 asserit,
3387 5387 3621 5441 eumque
3654 5374 3749 5444 qui

2169 5467 2340 5537 legem
2397 5465 2584 5520 tulerit
2631 5481 2694 5520 ex
2735 5479 2925 5518 eorum
2961 5464 3278 5532 angelorum
3318 5478 3442 5518 esse
3467 5478 3748 5518 numeroa

2170 5557 2371 5628 quibus
2397 5555 2549 5610 orbis
2595 5562 2680 5610 est
2726 5553 3003 5609 conditus.
3043 5553 3216 5610 Porro
3235 5554 3655 5611 Cerinthusiste
3688 5557 3746 5611 in

2171 5652 2301 5707 Asia
2323 5659 2571 5706 versatus
2599 5649 2902 5704 doctrinam
2932 5664 3085 5705 suam
3104 5649 3348 5720 proferre
3368 5651 3531 5706 isthic
3556 5651 3743 5720 coepit.

2172 5744 2298 5813 Qui,
2356 5753 2415 5800 ut
2480 5753 2603 5800 ante
2662 5743 2920 5810 diximus,
2968 5743 3190 5800 minimc
3238 5759 3265 5798 a
3296 5745 3472 5814 prima
3516 5745 3608 5799 illa
3645 5760 3743 5801 su-
