4170 6372
396 317 502 372 379

1807 319 1860 376 S.
1896 321 2240 378 EPIPIIANII

3557 324 3661 381 380

401 447 696 503 premaque
719 431 920 488 virtute
950 426 1272 489 fabricatum
1301 451 1422 492 esse
1446 433 1709 490 mundum
1737 439 1971 492 censuit.

2104 441 2251 510 ερχὴν
2297 439 2683 510 πεποιημένος.
2721 441 2860 509 Ἤδη
2907 441 2962 495 δὲ
3008 442 3134 513 περὶ
3177 441 3364 494 τούτου
3413 441 3656 512 εἴπομεν,

403 526 539 579 Tum
586 528 656 579 ita
685 527 871 580 docuit
903 545 916 580 τ
947 541 1234 596 postquam
1282 529 1371 583 ille
1406 527 1566 583 Iesus
1595 529 1848 594 adolevit,
1888 533 1978 599 qui

401 634 467 671 ex
525 616 742 686 Josephi
785 618 1077 688 Mariosque
1131 621 1337 674 semine
1383 628 1546 676 natus
1581 630 1686 685 est,
1744 623 1797 676 in
1839 623 1981 676 hunc

404 712 687 778 delapsum
714 727 740 763 a
775 728 989 765 summo
1021 714 1112 766 illo
1149 712 1257 767 Deo
1279 730 1401 767 esse
1427 714 1728 775 Christum,
1767 715 1867 769 hoc
1901 723 1983 769 est

408 799 672 870 Spiritum
711 810 984 865 sanctum,
1037 804 1303 856 columbae
1357 805 1537 872 specie
1572 805 1635 856 ad
1667 802 1980 865 Jordanem,

406 909 471 946 ac
503 901 614 946 tum
653 893 702 947 ei
767 893 1101 963 incognitum
1137 893 1447 956 Parentem,
1481 902 1532 948 et
1566 911 1661 965 per
1701 897 1850 948 illum
1887 911 1984 966 po-

407 983 568 1036 steris
603 981 944 1051 patefecisse.
981 981 1062 1034 0b
1119 983 1282 1050 idque
1327 999 1450 1035 mox
1477 991 1534 1036 ut
1581 987 1632 1038 in
1666 985 1842 1054 ipsum
1870 999 1984 1038 cm-

408 1073 560 1126 Iestis
595 1073 682 1124 illa
714 1087 835 1126 sese
867 1073 1040 1126 virtus
1089 1072 1319 1135 infudit,
1351 1081 1600 1141 portenta
1628 1089 1690 1126 ac
1722 1074 1984 1126 miracula

410 1172 677 1234 patrasse,
714 1164 866 1232 ιιι
898 1179 961 1217 ac
1011 1163 1228 1217 demunt
1265 1173 1613 1233 posteaquam
1653 1179 1847 1234 passus
1878 1172 1983 1227 est,

409 1255 556 1324 quod
618 1270 648 1308 e
678 1258 818 1307 cozlo
865 1262 1108 1317 venerat,
1161 1255 1350 1308 eodem
1395 1255 1587 1307 relicto
1619 1254 1805 1308 Jesum
1831 1270 1986 1309 revo-

411 1347 576 1398 lasse.
619 1343 802 1399 Jesum
844 1359 1008 1413 porro
1037 1353 1091 1398 et
1125 1345 1328 1399 obiisse
1356 1352 1606 1406 mortem,
1644 1352 1696 1399 et
1725 1346 1788 1398 ad
1820 1346 1984 1399 vitam

410 1439 706 1490 excitatum
761 1452 915 1499 esse;
963 1437 1243 1489 Christum
1295 1451 1426 1490 vero
1485 1438 1578 1505 qui
1632 1437 1988 1491 descenderat

414 1544 588 1598 pmnzc
619 1529 792 1581 OtlllliS
823 1542 1097 1596 expertem
1145 1544 1208 1581 eo
1256 1528 1398 1582 unde
1435 1539 1656 1582 venerat
1691 1545 1986 1592 reversum,

413 1620 506 1686 qui
563 1620 703 1673 idem
744 1621 833 1672 ille
892 1630 996 1683 est,
1042 1621 1133 1688 qui
1181 1621 1449 1674 columba:
1503 1621 1684 1689 specie
1734 1621 1990 1690 delapsus

415 1710 596 1764 fuerat
625 1727 637 1762 :
676 1710 748 1762 ita
770 1708 956 1763 Jesum
995 1711 1221 1766 minime
1248 1726 1368 1764 esse
1393 1711 1690 1766 Christum.

484 1887 549 1944 ll.
582 1887 780 1943 Verum
810 1896 863 1942 et
898 1887 985 1942 hic
1018 1904 1124 1943 non
1161 1888 1344 1943 minus
1375 1905 1537 1959 quam
1569 1889 1764 1959 reliqui
1800 1904 1990 1943 onmes

411 1982 638 2044 excidit,
658 1993 713 2034 ut
741 1983 940 2036 intueri
967 1983 1123 2036 facile
1142 1983 1391 2052 potestis,
1422 1983 1735 2052 quicunque
1751 1985 1994 2038 veritatis

418 2090 604 2128 amore
664 2074 944 2128 tenemini.
1005 2074 1137 2127 Nam
1187 2091 1310 2129 eum
1358 2090 1387 2128 a
1424 2091 1532 2144 quo
1565 2078 1650 2130 lex
1699 2077 1898 2131 tradita
1923 2078 1996 2132 sit

417 2165 622 2219 bonum
657 2172 819 2232 negat
836 2179 980 2227 esse,
1011 2165 1170 2233 Cujus
1193 2172 1370 2217 tamen
1393 2165 1493 2233 legi
1525 2166 1711 2231 utique
1737 2175 1994 2234 tanquam

418 2255 573 2309 boote
603 2255 976 2322 obtemperare
1002 2255 1230 2308 videtur.
1258 2253 1358 2319 Qui
1377 2271 1503 2308 vero
1520 2257 1795 2315 convenit,
1823 2254 1996 2325 utqui

420 2347 595 2399 malus
624 2346 694 2399 sit
725 2346 920 2398 bonant
950 2346 1117 2415 legem
1143 2347 1582 2415 prtescripscrit?
1613 2347 1667 2400 Si
1701 2336 1846 2402 enim
1887 2364 1997 2402 non

421 2436 738 2496 adulterari,
780 2437 864 2488 vel
908 2453 1014 2488 non
1068 2436 1320 2490 occidere
1350 2446 1432 2490 cst
1460 2440 1769 2501 honestum,
1794 2448 1999 2509 quanto

422 2529 616 2581 melior
662 2529 708 2582 is
762 2537 866 2593 est,
901 2527 992 2596 qui
1031 2529 1132 2580 ista
1176 2531 1452 2596 przecepit,
1483 2530 1541 2583 -si
1576 2530 1620 2583 is
1651 2531 1740 2598 qui
1779 2545 1840 2583 ea
1889 2547 1997 2584 non

421 2620 698 2673 commisit
727 2620 1072 2674 confessione
1093 2621 1333 2672 omnium
1369 2624 1543 2675 bonus
1578 2622 1826 2676 habetur!
1853 2622 2000 2687 Quo-

425 2725 553 2764 nam
584 2718 742 2779 pacto
771 2710 895 2762 mali
928 2710 1212 2778 cujusdam
1246 2712 1505 2765 facinoris
1527 2714 1775 2767 accusari
1798 2724 1998 2782 potest,

423 2803 518 2872 qui
549 2803 688 2855 bona
728 2803 985 2866 consulit,
1019 2816 1082 2854 ac
1132 2810 1242 2853 tam
1267 2802 1462 2855 bonam
1491 2804 1660 2872 legem
1692 2805 2001 2860 hominibus

426 2894 756 2962 descripsit?
787 2893 1074 2947 Enimvero
1106 2894 1344 2949 furiosus
1373 2903 1426 2949 et
1456 2912 1642 2950 amens
1680 2906 1784 2962 est,
1814 2899 1904 2967 qui
1940 2914 2002 2952 ea

421 2986 632 3053 jactare
664 3000 770 3038 non
803 2995 887 3039 est
912 2988 1138 3039 veritus.
1165 2986 1341 3056 Atque
1369 2987 1505 3041 idem
1531 2989 1638 3048 ille,
1659 2989 1966 3043 charissimi
1988 3028 2001 3054 ,

428 3076 551 3140 fuit,
587 3077 678 3143 qui
714 3075 1085 3143 apostolorum
1118 3082 1364 3144 tempore
1393 3077 1685 3128 tumultum
1727 3077 1876 3130 illum
1910 3093 2006 3130 ex-

2081 531 2155 593 ὼς
2202 531 2293 583 καὶ
2345 523 2499 594 οὗτος
2548 534 2842 602 ἐκήρυττεν
2880 533 2978 586 οὐκ
3021 533 3129 586 ἀπὸ
3174 534 3273 604 τῆς
3319 532 3538 602 πρώτης
3569 535 3662 586 καὶ

2082 622 2286 677 ἄνωθεν
2318 621 2597 692 δυνάμεως
2626 624 2716 676 τὸν
2739 625 2940 694 κόσμον
2969 624 3340 694 γεγεννῆσθαι,
3377 623 3580 677 ἀνωθεν
3607 625 3662 676 δὲ

2083 717 2146 766 ὲκ
2187 713 2279 765 τοῦ
2324 713 2434 766 ἄνω
2469 714 2626 775 Θεοῦ,
2668 714 2804 784 μετὰ
2845 715 2904 766 τὸ
2953 714 3280 784 ἀδρυνθῆναι
3325 715 3416 766 τὸν
3455 714 3662 783 Ἰησοῦν

2083 805 2173 856 τὸν
2222 806 2284 856 ἐκ
2338 805 2648 874 σπέρματος
2702 805 2898 873 Ἰωσὴφ
2936 806 3027 857 καὶ
3075 804 3289 875 Μαρίας
3332 803 3663 872 γεγεννημέ-

2083 910 2190 954 νον,
2223 893 2642 962 κατεληλυθέναι
2687 893 2775 946 τὸν
2819 894 3050 964 Χριστὸν
3085 895 3163 956 είς
3203 894 3382 959 αὐτὸν,
3421 894 3660 946 τουτέστι

2085 983 2142 1035 τὸ
2175 984 2396 1054 Πνεῦμα
2439 985 2496 1036 τὸ
2532 986 2685 1052 ἅγιον
2725 985 2781 1037 ἐν
2821 985 2948 1037 εἴδει
2986 988 3312 1057 περιστερᾶς
3337 988 3393 1037 ὲν
3420 985 3494 1055 τῷ
3531 987 3661 1056 Ἰορ-

2085 1075 2239 1144 δάνῃ,
2265 1074 2359 1126 καὶ
2385 1073 2730 1142 ἀποκαλύψαι
2770 1073 2937 1142 αὐτῷ,
2971 1076 3065 1126 καὶ
3108 1075 3173 1126 δι’
3203 1074 3365 1126 αὑτοῦ
3404 1077 3514 1136 τοῖς
3546 1076 3661 1143 μετ’

2087 1166 2249 1218 αὑτοῦ
2281 1167 2370 1218 τὸν
2402 1167 2675 1233 ἄγνωστον
2710 1165 2945 1233 Πατέρα.
2979 1166 3088 1218 Καὶ
3129 1165 3215 1217 διὰ
3263 1165 3437 1228 τοῦτο,
3478 1164 3662 1235 ἐπειδὴ

2085 1255 2247 1328 ἢλθεν
2282 1259 2314 1329 ἡ
2359 1258 2590 1327 δύναμις
2615 1259 2694 1319 είς
2727 1257 2888 1309 αὑτὸν
2927 1256 3149 1321 ἄνωθεν,
3184 1256 3438 1326 δυνάμεις
3485 1257 3664 1307 ἐπιτε-

2087 1347 2401 1409 τελεκέναι,
2448 1349 2541 1399 καὶ
2581 1345 2742 1398 αὑτοῦ
2789 1346 3113 1408 πεπονθότος
3162 1345 3225 1397 τὸ
3268 1345 3418 1397 ἐλθὸν
3461 1345 3664 1398 ἄνωθεν

2089 1442 2393 1509 ἀναπτῆναι
2431 1438 2539 1490 ἀπὸ
2579 1437 2672 1490 τοῦ
2719 1438 2890 1508 Ἰησοῦ
2942 1439 3070 1490 ἄνω.
3121 1437 3430 1490 Πεπονθότα
3473 1438 3529 1489 δὲ
3575 1437 3664 1488 τὸν

2103 1528 2343 1598 Ἰησοῦν,
2389 1529 2482 1580 καὶ
2539 1527 2698 1580 πάλιν
2742 1528 3140 1598 ἐγηγερμένον·
3193 1527 3423 1597 Χριστὸν
3470 1527 3525 1579 δὲ
3573 1526 3665 1578 τὸν

2090 1619 2294 1672 ἄνωθεν
2326 1619 2546 1671 ἐλθόντα
2591 1622 2670 1682 είς
2713 1620 2874 1672 αὑτὸν
2912 1619 3092 1689 ἀπαθῆ
3140 1620 3475 1679 ἀναπτάντα,
3530 1619 3666 1689 ὅπερ

2093 1711 2207 1762 ἐστὶ
2232 1711 2292 1762 τὸ
2321 1710 2577 1762 κατελθὸν
2601 1711 2657 1762 ἐν
2690 1711 2817 1762 εἴδει
2852 1711 3198 1780 περιστερᾶς,
3238 1711 3329 1762 καὶ
3352 1709 3411 1761 ού
3436 1709 3525 1760 τὸν
3565 1711 3672 1780 Ἰη-

2025 1781 2066 1834 B
2097 1801 2221 1853 σοῦν
2248 1797 2383 1852 εἶναι
2411 1801 2661 1871 Χριστόν.

2165 1891 2238 1943 Β¹.
2278 1889 2629 1944 Ἐκπέπτωκε
2663 1888 2719 1940 δὲ
2747 1888 2839 1940 καὶ
2870 1879 3043 1950 οὗτος,
3076 1888 3150 1950 ὡς
3187 1889 3349 1957 ὁρᾶτε
3381 1887 3577 1949 πάντες
3616 1885 3666 1937 οἱ

2093 1983 2188 2052 τῆς
2208 1981 2462 2050 ἀληθείας
2485 1981 2730 2050 ἐρασταί.
2757 1979 3086 2048 Φάσκει.γάρ
3108 1979 3196 2030 τὸν
3223 1979 3383 2048 νόμον
3403 1977 3670 2030 δεδωκότα

2095 2075 2196 2125 οὐκ
2257 2071 2480 2138 ἀγαθὸν.
2533 2067 2594 2124 οῦ
2646 2071 2721 2139 τῷ
2774 2071 2920 2139 νόμῳ
2963 2070 3241 2121 πείθεσθαι
3297 2069 3458 2133 δοκεῖ,
3514 2068 3669 2136 δῆλον

2094 2165 2172 2226 δὲ,
2216 2165 2295 2217 ὅτι
2333 2164 2408 2226 ὡς
2450 2163 2656 2232 ἀγαθῷ.
2697 2163 2817 2226 Πῶς
2855 2159 2946 2215 οῦν
2988 2164 3016 2213 6
3063 2163 3294 2232 πονηρὸς
3335 2162 3424 2214 τον
3470 2162 3670 2229 ἀγαθὸν

2096 2255 2260 2324 νόμον
2295 2254 2559 2316 δέδωκεν;
2610 2254 2671 2304 Et
2717 2253 2824 2322 γὰρ
2865 2253 3024 2304 καλὸν
3055 2253 3114 2304 τὸ
3147 2253 3219 2322 μὴ
3264 2251 3552 2322 μοιχεύειν,
3581 2251 3672 2303 καὶ

2099 2346 2261 2398 καλὸν
2291 2345 2350 2396 τὸ
2385 2345 2457 2415 μὴ
2496 2345 2759 2414 φονεύειν,
2804 2345 2952 2414 πόσῳ
2986 2361 3047 2412 γε
3075 2345 3270 2413 μᾶλλον
3299 2346 3326 2395 ὀ
3359 2344 3669 2413 ἐντειλάμε-

2097 2455 2183 2500 νος
2219 2437 2438 2506 βελτίων
2484 2438 2566 2506 εἴη
2590 2479 2601 2498 ,
2659 2438 2751 2489 ὲάν
2786 2453 2847 2504 γε
2883 2440 2910 2489 ὁ
2957 2437 3031 2506 μὴ
3072 2437 3283 2507 πράξας
3316 2437 3514 2504 ἀγαθὸς
3543 2439 3672 2505 ὁμο-

2099 2531 2352 2596 λογεῖταιί
2388 2529 2508 2590 Πῶς
2541 2529 2594 2579 δὲ
2628 2527 3130 2597 κατηγορηθήσεται
3175 2530 3319 2581 κακά
3367 2530 3616 2599 πράττων
3643 2531 3672 2581 6

2100 2622 2159 2672 τὸ
2191 2621 2391 2688 ἀγαθὸν
2433 2620 2832 2689 συμϐουλεύων,
2879 2622 2970 2672 καὶ
3013 2620 3212 2686 ἀγαθὸν
3258 2621 3430 2684 διδοὺς
3471 2621 3670 2691 νόμον;

2115 2713 2272 2765 Ἀλλά
2332 2713 2603 2783 μανιώδης
2644 2715 2671 2766 6
2715 2713 2851 2783 ἀνὴρ
2890 2713 3148 2775 τοιούτοις
3185 2715 3463 2783 ἐγχειρῶν.
3508 2708 3674 2776 Οὗτος

2102 2807 2158 2858 δέ
2189 2810 2355 2867 ἐστιν,
2380 2807 2653 2875 ἀγαπητοὶ
2690 2805 2819 2874 (95),
2854 2800 2932 2867 εἷς
2959 2805 3067 2857 τῶν
3098 2805 3188 2857 ἐπὶ
3217 2806 3322 2856 τῶν
3363 2805 3674 2858 ἀποστόλων

2105 2903 2131 2953 6
2166 2901 2262 2967 τὴν
2304 2899 2547 2969 ταραχὴν
2594 2899 2986 2968 ἐργασάμενος,
3029 2899 3114 2950 ὅτε
3163 2899 3210 2949 οἱ
3261 2899 3386 2968 περὶ
3423 2897 3675 2950 Ἰάκωϐον

2107 2990 2443 3060 γεγράφασιν
2473 2991 2550 3051 εἰς
2571 2989 2667 3059 τὴν
2685 2991 3010 3060 Ἀντιόχειαν
3029 2990 3365 3059 Ἰἰιπιστολὴν,
3391 2990 3638 3058 λέγοντες
3658 3006 3672 3020 ·

2112 3082 2230 3133 Ὅτι
2261 3080 2525 3149 ἕγνωμέν
2545 3096 2713 3145 τινας
2737 3080 2805 3144 ἐξ
2834 3079 3001 3148 ἡμῶν
3021 3081 3168 3148 πρὸς
3189 3080 3338 3149 ὑμᾶς
3365 3081 3672 3145 ἐλθόντας,

428 3169 640 3232 citavit,
669 3182 792 3219 cum
820 3165 1057 3220 Jacobus
1090 3169 1382 3236 eaater-ique
1406 3169 1636 3238 apostoli
1664 3169 1871 3222 litteras
1896 3170 2001 3220 An-

2108 3171 2206 3223 καὶ
2251 3170 2624 3237 ταράξαντας
2669 3169 2823 3239 ὑμᾶς
2867 3173 3096 3238 λόγοις,
3139 3167 3228 3236 οἷς
3281 3173 3351 3223 οὺ
3395 3168 3680 3223 διετειλά-

430 3260 687 3313 tiochiam
725 3260 1066 3328 scripserunt
1095 3261 1179 3314 his
1207 3262 1388 3314 verbis
1422 3280 1434 3314 :
1473 3262 1737 3325 Quoniam
1759 3262 2001 3330 cognovi-

431 3371 569 3418 mus,
610 3353 865 3423 quosdam
907 3369 938 3404 α
966 3351 1112 3404 nobis
1137 3351 1205 3404 ad
1247 3369 1330 3405 vos
1358 3368 1469 3404 esse
1497 3353 2004 3421 profectos,suisque

431 3462 519 3500 vos
554 3444 888 3514 perturbasse
947 3442 1291 3504 sermonibus,
1357 3444 1542 3512 quibus
1580 3460 1680 3496 non
1731 3443 1998 3496 mandavi-

433 3554 550 3590 mus
579 3538 617 3601 ¹,
643 3546 750 3590 etc.
805 3535 1062 3604 Idemque
1096 3551 1284 3589 eorum
1327 3551 1468 3589 umts
1494 3543 1597 3595 est,
1629 3535 1719 3603 qui
1750 3551 1808 3589 se.
1844 3534 2005 3589 Petro

433 3632 826 3697 opposuerant,
855 3641 978 3678 cum
1034 3625 1101 3678 ad
1144 3635 1394 3679 sanetum
1441 3625 1746 3679 Cornelium
1794 3627 2002 3690 ivisset,

433 3736 464 3773 a
496 3734 606 3788 quo
625 3728 744 3788 post
768 3719 1008 3771 oblatum
1060 3733 1154 3786 per
1181 3717 1358 3772 visum
1399 3719 1649 3786 angelum
1675 3725 1792 3772 erat
1825 3733 2008 3771 arces-

433 3814 576 3866 situs
611 3813 650 3866 ’.
683 3810 802 3876 Quo
834 3817 1077 3879 tempore
1115 3809 1400 3863 dubitante
1427 3808 1587 3863 Petro
1613 3810 1834 3863 linteum
1879 3808 2010 3862 illud

436 3921 561 3958 cum
603 3905 688 3964 iis,
723 3920 843 3972 quae
867 3903 1204 3966 continebat,
1224 3902 1494 3970 obiectum
1527 3910 1628 3964 est,
1654 3910 1706 3954 et
1731 3916 1758 3953 a
1785 3901 2013 3954 Domino

438 3996 581 4050 istud
611 3997 786 4064 ipsum
819 3995 1020 4060 audiit;
1048 4010 1114 4048 ne
1147 3993 1275 4063 quid
1306 4009 1593 4046 commune
1623 3993 1706 4046 vel
1738 3993 2011 4061 impurum

438 4085 752 4153 appellaret.
794 4083 961 4152 Igitur
989 4084 1282 4136 Cerinthus
1311 4083 1763 4136 circumeisorum
1799 4096 2012 4151 gregem

439 4175 701 4230 adversus
758 4174 977 4228 Petrum
1027 4181 1386 4228 revertentem
1433 4173 1726 4224 commovit
1760 4170 2014 4224 Hieroso-

440 4265 622 4335 lymis,
670 4265 856 4318 dicens
894 4284 907 4319 :
956 4262 1234 4333 Ingressus
1277 4270 1354 4315 est
1402 4262 1470 4313 ad
1512 4263 1648 4313 viros
1699 4263 2013 4328 prarputium

438 4356 687 4411 habentes
715 4358 757 4408 ³.
791 4356 947 4422 Quod
983 4356 1202 4424 quidem
1257 4355 1324 4406 ab
1356 4368 1421 4405 eo
1483 4351 1684 4405 factum
1727 4359 1832 4417 est,
1864 4358 2017 4405 ante-

445 4465 609 4519 quam
661 4464 817 4501 suum
878 4450 932 4500 in
965 4448 1093 4500 Asia
1123 4447 1318 4514 dogma
1360 4444 1700 4513 praedicaret,
1739 4458 1904 4512 seque
1961 4444 2017 4495 in

2102 3265 2273 3330 μεθα.
2311 3261 2413 3314 Καὶ
2449 3256 2598 3325 οὗτος
2640 3260 2719 3324 εἷς
2760 3263 2877 3313 ἐστι
2909 3262 3016 3314 τῶν
3044 3263 3400 3314 ἀντιστάντων
3432 3261 3507 3330 τῷ
3540 3260 3680 3331 ἁγίῳ

2111 3352 2320 3422 Πέτρῳ,
2359 3351 2543 3421 ἐπειδὴ
2592 3350 2803 3421 εἰσῆλθε
2852 3350 2984 3421 πρὸς
3031 3352 3324 3420 Κορνήλιον
3366 3352 3457 3403 τὸν
3501 3351 3675 3417 ἅγιον,

2107 3445 2196 3496 ὅτε
2230 3443 2606 3513 μετεστείλατο
2643 3443 2803 3496 αὐτὸν
2846 3441 3200 3506 καταξιωθεὶς
3223 3442 3484 3503 ὀπτασίας
3511 3441 3678 3508 ἀγγέ-

2110 3538 2224 3590 λου.
2258 3539 2367 3589 Καὶ
2411 3539 2439 3589 6
2473 3537 2676 3607 Πέτρος
2718 3536 2980 3600 ὲδίσταζε,
3016 3537 3109 3588 καὶ
3148 3532 3251 3586 εἶδε
3287 3534 3345 3586 τὸ
3373 3535 3554 3603 ὅραμα
3582 3533 3677 3600 τῆς

2111 3629 2324 3698 ὀθόνης,
2350 3629 2443 3680 καὶ
2481 3627 2551 3679 τά
2589 3629 2645 3680 ὲν
2693 3628 2848 3697 αὐτῇ,
2895 3628 2986 3680 καὶ
3021 3628 3220 3696 ἢκουσε
3265 3626 3412 3697 παρά
3450 3625 3678 3696 Κυρίου,

2117 3718 2280 3787 μηδὲν
2325 3718 2500 3770 κοινὸν
2535 3717 2712 3784 λέγειν
2759 3717 2792 3788 ἢ
2834 3716 3159 3786 ἀκάθαρτον.
3201 3710 3365 3777 Οὗτος
3403 3711 3494 3768 οὖν
3538 3733 3680 3783 παρ-

2112 3810 2277 3861 εκίνει
2303 3809 2430 3878 περὶ
2452 3807 2543 3860 τοῦ
2570 3807 2774 3877 Πέτρου
2797 3807 3104 3869 ἀνελθόντος
3129 3809 3207 3869 εἰς
3242 3806 3594 3875 Ἰερουσαλὴμ
3615 3803 3683 3860 τὰ

2115 3900 2292 3970 πλήθη
2321 3899 2431 3952 τῶν
2456 3901 2517 3950 ἐκ
2549 3898 2848 3968 περιτομῆς
2884 3897 3076 3964 λέγων,
3100 3898 3200 3948 ὅτι·
3231 3892 3493 3959 Εἱσῆλθε
3535 3892 3684 3958 πρὸς

2116 3990 2338 4058 ἄνδρας
2382 3989 2786 4057 ἀκροϐυστίαν
2827 3987 3097 4056 ἔχοντας.
3143 3985 3392 4055 Ἐποίησε
3434 3983 3490 4035 δὲ
3528 3982 3687 4035 τοῦτο

2118 4080 2387 4150 Κήρινοος
2421 4080 2546 4149 πρὶν
2582 4078 2614 4146 ἢ
2659 4079 2716 4129 ὲν
2744 4079 2808 4146 τῇ
2845 4077 2998 4145 Ἀσίᾳ
3021 4073 3255 4148 κηρύξαι
3285 4073 3344 4126 τὸ
3382 4071 3546 4126 αὐτοῦ
3589 4073 3687 4140 κή-

2122 4188 2324 4241 ρυγμα,
2350 4170 2441 4221 καὶ
2465 4169 2720 4237 ἐμπεσεῖν
2744 4169 2822 4228 είς
2855 4167 2914 4218 τὸ
2950 4167 3330 4238 περισσότερον
3367 4163 3466 4232 τῆς
3496 4161 3686 4215 ἑαυτοῦ

2119 4262 2392 4323 ἀπωλείας
2426 4260 2714 4330 βάραθρον.
2754 4260 2853 4312 Διά
2875 4258 2984 4329 γὰρ
3010 4259 3072 4310 τὸ
3097 4253 3235 4310 εἶναι
3265 4255 3423 4308 αὐτὸν
3453 4253 3688 4324 ἐμπερί-

2113 4370 2312 4422 τομον,
2363 4352 2522 4420 δῆθεν
2555 4351 2851 4413 ἀντιδικίας
2893 4351 3056 4406 ἕνεκα
3103 4349 3212 4401 τῶν
3261 4350 3317 4400 ὲν
3359 4344 3691 4416 ἀκροϐυστίᾳ.

2115 4443 2343 4504 πιστῶν,
2367 4441 2455 4498 διὰ
2474 4442 2570 4510 τῆς
2599 4441 2899 4510 περιτομῆς
2927 4441 3023 4505 τὴν
3065 4437 3334 4507 πρόφασιν
3363 4433 3688 4503 ἐθηρὰσατο.

441 4539 592 4599 exitii
642 4540 725 4592 sui
776 4539 1043 4608 gurgitem
1096 4535 1420 4606 profundius
1481 4535 1814 4588 immitteret.
1885 4533 2018 4586 Nam
2060 4550 2182 4587 eum
2217 4533 2577 4586 circumcisus
2637 4532 2724 4584 hic
2761 4537 2930 4595 esset,
2959 4537 3020 4581 ut
3075 4543 3169 4581 eos
3193 4527 3284 4594 qui
3314 4531 3523 4578 retento
3551 4536 3693 4590 pra:-

444 4636 596 4706 putio
632 4634 815 4686 fideles
853 4639 1010 4685 erant
1058 4632 1433 4694 ulcisceretur,
1476 4630 1824 4682 occasionem
1859 4644 1888 4681 e
1913 4630 2328 4682 circumcisione
2360 4637 2554 4681 nactus
2593 4633 2697 4679 est.

514 4721 600 4776 ΙΙΙ.
628 4721 732 4774 Sed
755 4737 876 4773 cum
899 4719 1160 4772 Dominus
1182 4719 1403 4771 humani
1431 4718 1645 4786 generis
1679 4732 1865 4769 curam
1899 4733 2001 4785 peri

2195 4717 2268 4772 I".
2293 4717 2397 4769 Τοῦ
2421 4717 2475 4768 δὲ
2508 4715 2707 4786 Κυρίου
2743 4714 2969 4768 πάντοτε
2998 4712 3095 4783 τὴν
3128 4709 3441 4779 ἐπιμέλειαν
3470 4706 3568 4774 τῆς
3603 4707 3696 4759 ἀν-

445 4825 610 4886 petuo
645 4820 816 4881 gerat,
859 4819 914 4864 et
952 4812 1004 4863 in
1038 4811 1284 4864 veritatis
1317 4810 1626 4863 amantibus
1665 4807 1790 4862 ﬁliis
1821 4816 2022 4861 certam

445 4923 512 4972 ac
539 4910 882 4960 constantem
933 4902 1080 4955 illius
1113 4901 1270 4955 fidem
1320 4901 1563 4955 stabilire
1609 4915 1674 4954 ac
1701 4900 2027 4953 confirmare

447 4997 639 5060 soleat,
673 5009 797 5048 cum
837 4993 1185 5046 sanctissimo
1229 4991 1476 5059 apostolo
1514 4989 1672 5043 Petro
1707 4988 2028 5043 confutandi

449 5085 597 5144 illius
663 5083 978 5136 facultatem
1033 5096 1098 5136 ac
1135 5081 1405 5133 rationem
1444 5079 1704 5140 dedisset,
1739 5078 2025 5132 manifeste

450 5177 706 5231 omnibus
741 5185 824 5231 est
851 5174 1095 5229 Cerinthi
1139 5184 1416 5242 comperta
1453 5172 1742 5228 stoliditas.
1780 5172 1855 5224 Ita
1879 5173 2023 5226 enim

452 5269 746 5337 Apostolus
774 5269 988 5322 locutus
1002 5277 1082 5320 est
1109 5286 1121 5321 :
1152 5266 1262 5336 Ego
1283 5283 1428 5320 eram
1449 5268 1503 5318 in
1532 5267 1793 5318 civitatem
1821 5264 1986 5333 Joppe
2004 5278 2022 5315 :

451 5369 500 5425 βι
531 5359 636 5412 vidi
675 5359 847 5413 media
880 5359 991 5412 luce
1015 5360 1155 5412 circa
1184 5359 1369 5411 horam
1396 5367 1598 5411 sextam
1627 5358 1782 5426 112
1807 5357 2025 5410 linteum

526 5539 544 5568 ³
579 5538 695 5590 Act.
733 5553 820 5601 xv,
843 5537 912 5589 '24
936 5554 1055 5608 sqq.
1135 5538 1155 5567 ’
1183 5537 1301 5592 Act.
1338 5554 1391 5601 x,
1427 5537 1492 5590 18
1521 5554 1641 5607 sqq.

1719 5538 1739 5568 ³
1767 5535 1886 5592 Act.
1920 5553 2000 5602 ιι,
2030 5537 2081 5590 5.

2127 4808 2475 4877 θρωπότητος
2497 4805 2840 4874 ποιουμένου,
2865 4804 2956 4856 καὶ
2976 4803 3034 4854 τὸ
3063 4801 3228 4868 σαφὲς
3251 4803 3348 4868 τῆς
3371 4797 3622 4867 ἀληθείας
3641 4800 3696 4848 ὲν

2127 4902 2238 4962 τοῖς
2281 4898 2381 4966 τῆς
2417 4896 2672 4964 ἀληθείας
2715 4897 2849 4957 υἱοῖς
2894 4890 3341 4961 ἀσφαλιζομένου,
3388 4890 3482 4941 καὶ
3521 4888 3699 4948 δόντος

2130 4990 2319 5059 Πέτρῳ
2342 4988 2416 5058 τῷ
2439 4988 2577 5057 ἁγίῳ
2596 4987 2875 5055 ἀποστόλῳ
2898 4982 3222 5055 ποιήσασθαι
3249 4981 3347 5051 τὴν
3381 4981 3515 5049 πρὸς
3539 4978 3698 5030 αὑτὸν

2130 5082 2367 5142 καὶτοὺς
2406 5080 2568 5132 αὑτοῦ
2611 5078 2885 5147 ἐλέγχους,
2931 5075 3138 5147 φανερὰ
3176 5075 3382 5142 γίνεται
3409 5071 3559 5142 ἢτοῦ
3588 5073 3702 5138 Κη-

2136 5172 2311 5242 ρίνθου
2344 5170 2513 5224 ἄνοια.
2545 5169 2682 5240 Φησὶ
2705 5171 2812 5238 γὰρ
2846 5169 2872 5220 6
2912 5167 3062 5234 ἅγιος
3092 5167 3321 5236 Πέτρος’
3369 5162 3508 5232 Ἐγὼ
3541 5161 3702 5230 ἥμην

2129 5266 2197 5317 ἐν
2230 5266 2400 5316 πόλει
2448 5264 2683 5330 Ἰόππῃ·
2727 5263 2825 5316 καὶ
2883 5258 3045 5315 εἶδον
3090 5261 3157 5312 ἐν
3191 5260 3350 5327 μέσῃ
3396 5255 3469 5323 τῇ
3515 5254 3703 5322 ἡμέρα

2133 5357 2263 5423 περὶ
2285 5356 2447 5424 ὤραν
2475 5355 2657 5423 ἕκτην
2684 5356 2903 5422 ὀθόνην
2929 5351 3284 5422 καθιεμένην
3324 5351 3393 5404 ἐν
3429 5349 3706 5417 τέτρασιν

557 5707 644 5783 9:2)
678 5709 862 5792 Οὗτος
889 5714 954 5768 δέ
981 5715 1173 5781 ἐστιν,
1208 5702 1520 5790 ἀγαπητοί.
1561 5713 1802 5794 ldipsum
1845 5711 2173 5772 Philastrius
2203 5709 2414 5775 scribit,
