4170 6372
447 305 547 360 381

1027 303 1392 361 ADVERSUS
1427 301 1770 358 HAERESES
1810 300 1933 355 LIB.
1985 301 2026 354 I.
2071 294 2233 353 TOII.
2273 291 2721 350 II.-—II./ERES.
2763 289 2996 346 XXVIII.

3585 285 3696 343 382

444 422 676 492 ἀρχαῖς,
701 422 771 476 ἐν
806 421 846 490 ᾖ
891 417 970 492 ἦν
1005 422 1202 477 πάντα
1247 422 1580 492 τετράποδα
1628 421 1726 474 καὶ
1774 415 1991 487 ἑρπετά

2115 422 2342 484 quatuor
2371 412 2542 466 initiis
2569 408 2829 464 summitti
2852 407 2915 459 de
2935 403 3084 467 ca'lo,
3120 403 3175 454 in
3208 417 3306 472 quo
3337 406 3488 455 erant
3513 401 3696 454 omnia

443 514 555 566 Kal
594 509 724 566 εἶπέ
750 529 882 581 μοι·
915 511 1116 566 Θῦσον
1157 515 1254 566 καὶ
1297 512 1470 582 φάγε.
1515 510 1656 581 Ἐγὼ
1699 511 1767 563 δὲ
1802 506 2007 562 claei"

441 603 640 670 Κύριε,
663 601 972 668 μηδαμῶςο
1009 601 1099 654 ὅτι
1135 601 1419 655 οὐδέποτε
1447 599 1652 655 κοινὸν
1679 601 1717 668 ἢ
1757 599 2012 666 ἀκάθαρ-

442 710 548 745 τον
575 692 864 760 εἰσῆλθεν
890 695 976 758 εἰς
1001 692 1067 745 τὸ
1097 695 1290 761 στόμα
1307 711 1447 761 μου.
1489 691 1791 758 Ἀπεκρίθη
1819 689 1886 742 δέ
1910 707 2009 758 μοι

439 785 508 837 ἐκ
556 783 835 850 δευτέρου
877 781 1044 851 φωνὴ
1089 782 1159 834 ἐκ
1208 782 1314 834 τοῦ
1375 780 1652 848 οὐρανοῦ·
1700 782 1759 832 Ἃ
1798 783 1830 831 ὁ
1867 778 2011 842 Θεὸς

440 873 778 941 ἐκαθάρισεν
807 874 994 943 σὺ.μὴ
1028 875 1254 928 κοίνου.
1294 873 1403 926 Καὶ
1439 873 1508 936 ἐξ
1533 872 1724 939 αὐτῆς
1751 870 1876 923 ἰδοὺ
1902 869 2010 922 δύο

440 966 656 1033 ἄνδρες
685 966 1073 1033 εἰστήκεισαν
1101 967 1187 1029 εἰς
1216 964 1328 1031 τὴν
1352 965 1564 1016 οὶκίαν.
1607 962 1719 1017 Καὶ
1752 957 1881 1014 εἷπέ
1907 979 2010 1030 μοι

437 1057 506 1111 τὸ
530 1058 772 1126 Πνεῦμα
794 1076 807 1089 ·
841 1058 1105 1124 Πορεύου
1145 1056 1265 1109 σὺν
1314 1055 1516 1120 αὐτοῖς
1560 1053 1754 1122 μηδὲν
1790 1053 2010 1120 διακρι-

436 1148 710 1216 νόμενος.
761 1147 872 1200 Καὶ
919 1147 1104 1198 λοιπὸν
1148 1146 1447 1215 διηγεῖται,
1493 1145 1568 1207 ὡς
1611 1145 1668 1196 ὲν
1727 1144 2007 1214 παραϐολῇ

381 1298 390 1303 ⁵
436 1233 628 1296 ταῦτα,
660 1233 695 1287 ὃ.
727 1233 863 1305 πρὸς
886 1234 1047 1286 αὑτὸν
1084 1233 1329 1304 εἴρηται*
1358 1233 1451 1285 καὶ
1479 1233 1554 1296 ὡς
1589 1233 1649 1284 οὐ
1683 1234 1803 1286 τότε
1838 1232 2011 1285 ἐδίδα-

436 1323 546 1391 ξεν,
576 1325 680 1389 ἓως
717 1327 808 1378 ὅτε
843 1327 872 1377 ὁ
913 1323 1112 1396 Κύριος
1150 1324 1395 1395 ἐναργῶς
1437 1322 1634 1387 ἔδειξεν
1678 1323 1826 1391 αὐτῴ
1860 1324 1896 1377 δι
1923 1324 2008 1377 διὰ

432 1415 542 1481 τῶν
574 1416 747 1484 λόγων
795 1416 890 1468 καὶ
931 1415 1116 1468 τύπων
1161 1415 1320 1466 αὐτὸν
1361 1413 1655 1468 ἐδίδασκεν.
1691 1414 1866 1478 Εὐθὺς
1901 1414 2008 1485 γάρ

434 1504 596 1560 αὑτοῦ
628 1505 932 1570 ἀνοίξαντος
954 1506 1014 1557 τὸ
1039 1505 1232 1574 στόμα,
1252 1505 1340 1560 ὅτε
1362 1501 1522 1576 ἦλθεν
1548 1507 1626 1568 εἰς
1650 1507 2006 1574 Καισάρειαν,

433 1593 668 1645 ἐπέπεσε
714 1595 774 1646 τὸ
824 1592 1048 1662 Πνεῦμα
1087 1593 1148 1646 τὸ
1194 1594 1346 1660 ἅγιον
1393 1594 1486 1645 ἐπὶ
1536 1594 1851 1664 Κορνήλιον.
1898 1595 2008 1646 Καὶ

436 1680 557 1740 ἰδὼν
595 1682 797 1753 Πέτρος
844 1678 993 1735 εἴπεο
1043 1681 1139 1748 Μή
1185 1700 1273 1746 τις
1332 1681 1580 1735 δύναται
1627 1683 1894 1735 κωλῦσαι
1941 1681 2006 1735 τὸ

2109 503 2488 577 quadrupedia,
2539 511 2587 555 et
2635 499 2864 567 reptilia.
2911 495 2978 548 Et
3008 494 3143 547 dixit
3175 495 3302 546 mihi
3333 509 3351 546 :
3409 491 3602 546 Occide
3640 501 3690 544 et

2111 595 2391 648 manduca.
2412 593 2534 645 Dixi
2564 601 2734 643 autem
2752 588 3140 656 :Nequaquam,
3163 583 3544 652 Domine;quia
3563 581 3674 635 nihi

2110 701 2338 753 unquam
2356 698 2626 736 commune
2642 680 2718 734 vel
2741 677 3068 731 immundum
3081 676 3312 729 introivit
3340 676 3390 726 in
3409 692 3464 728 os
3496 690 3687 728 meum.

2116 773 2399 843 Respondit
2429 783 2601 825 autent
2625 771 2754 823 mihi
2791 785 2886 822 rox
2907 769 2968 821 de
2994 767 3160 821 caelo:
3195 767 3324 832 Quae
3362 765 3499 818 Deus
3540 782 3692 818 mun-

2109 865 2274 928 davit,
2322 856 2376 917 tu
2425 881 2486 917 ne
2528 863 2833 916 communia
2868 861 3088 912 dixeris.
3149 857 3217 910 Et
3259 859 3535 926 confestim
3577 874 3692 910 ecce

2111 957 2213 1008 duo
2238 955 2331 1008 viri
2363 954 2640 1006 astiterunt
2674 952 2728 1003 in
2759 950 2933 1003 domo.
2986 947 3050 1000 Et
3075 948 3209 999 dixit
3238 947 3364 998 mihi
3410 945 3638 1010 Spiritus
3670 961 3688 998 :

2121 1046 2264 1099 Vade
2296 1061 2414 1097 cum
2437 1043 2564 1109 ipsis
2595 1042 2726 1095 nihil
2750 1041 3002 1094 liwsitans
3031 1040 3068 1090 ³.
3099 1043 3275 1106 Atque
3310 1037 3382 1090 ita
3413 1035 3692 1103 deinceps,

2113 1153 2230 1208 quae
2270 1137 2370 1192 sibi
2409 1136 2658 1189 nuntiata
2707 1140 2834 1188 sunt
2875 1132 3023 1185 velut
3058 1145 3153 1199 per
3190 1129 3504 1199 parabolam
3544 1127 3690 1180 edis-

2112 1231 2244 1285 serit
2277 1247 2290 1281 :
2325 1245 2426 1282 nec
2455 1243 2534 1291 se,
2555 1228 2708 1297 prius
2734 1225 2800 1279 ad
2835 1223 3144 1278 docendum
3183 1218 3504 1284 acceSsissc,
3527 1233 3690 1287 quam

2109 1330 2293 1390 aperte
2349 1318 2611 1372 Dominus
2643 1331 2707 1370 ea
2755 1321 3105 1376 monstraret,
3137 1327 3259 1381 qua:
3289 1311 3470 1364 verbis
3504 1316 3687 1369 antea,

2110 1413 2404 1482 ﬁgurisque
2477 1408 2896 1477 signiﬁcaverat.
2950 1403 3163 1458 Etenim
3212 1402 3435 1456 simulat
3480 1415 3585 1468 quc
3627 1414 3690 1453 os

2108 1505 2321 1574 aperire
2347 1503 2512 1572 erepit
2537 1509 2649 1553 tum
2681 1514 2805 1552 cum
2845 1498 3148 1551 Caesaream
3191 1496 3388 1565 attigit,
3450 1493 3688 1562 Spiritus

2109 1604 2332 1650 sanctus
2361 1594 2414 1647 in
2447 1590 2758 1646 Cornelium
2783 1589 3040 1657 delapsus
3069 1597 3170 1641 est.
3190 1585 3347 1651 Quod
3367 1586 3456 1639 ubi
3493 1584 3688 1638 Petrus

2108 1687 2413 1752 conspexit,
2477 1683 2750 1753 Nunquid,
2815 1682 2924 1742 ait,
2993 1694 3187 1749 aquam
3247 1679 3361 1747 quis
3419 1677 3690 1745 pro/libere

431 1773 588 1841 ὕδωρ
617 1774 732 1826 ἀπὸ
767 1776 992 1828 τούτων
1017 1772 1136 1826 τῶν
1160 1773 1641 1837 καταξιωθέντων
1672 1774 1738 1826 τὸ
1765 1774 1995 1843 Πνεῦμα

2106 1785 2273 1845 potest
2303 1775 2366 1828 ab
2399 1775 2501 1838 Itis,
2547 1775 2636 1842 qui
2686 1772 2891 1840 Spiritu
2941 1780 3148 1832 sancto,
3197 1769 3350 1822 utiet
3387 1785 3479 1820 nos
3511 1769 3684 1826 initio,

427 1865 498 1917 τὸ
537 1864 709 1932 ἅγιον
739 1866 963 1930 λαϐεῖν,
990 1867 1070 1931 ὡς
1101 1866 1200 1918 καὶ
1242 1867 1412 1934 ἡμεῖς
1436 1866 1504 1929 ἐξ
1527 1865 1754 1934 ἀρχ·ῆς;
1787 1867 1859 1918 Τὸ
1897 1868 2003 1920 πᾶν

428 1955 486 2008 δὲ
519 1952 584 2026 ἦν
605 1957 762 2008 τοῦτο
787 1960 1082 2029 μυστήριον
1101 1997 1115 2019 ,
1145 1959 1239 2011 καὶ
1276 1959 1376 2029 τῆς
1410 1957 1501 2011 τοῦ
1543 1957 1672 2010 Θεοῦ
1700 1958 2002 2029 φιλανθρω-

429 2049 560 2114 πίας
584 2048 763 2120 ἔργον,
786 2051 932 2113 ὅπως
951 2052 978 2103 ὅ
1006 2069 1064 2104 τε
1089 2051 1241 2118 ἅγιος
1264 2052 1468 2120 Πέτρος
1498 2052 1590 2104 καὶ
1626 2053 1733 2114 πᾶς
1756 2069 1837 2112 τις
1861 2050 2004 2119 γνὼ-

429 2157 601 2204 σεται,
625 2141 706 2192 ὅτι
735 2139 833 2193 οὐκ
863 2143 955 2194 ἀπ’
984 2141 1286 2212 ἀνθρώπων
1329 2143 1361 2211 ή
1393 2141 1500 2193 τῶν
1541 2141 1708 2194 ἐθνῶν
1739 2143 1998 2212 σωτηρία,

426 2231 541 2285 ἀλλ’
575 2234 639 2285 ὲκ
667 2232 820 2285 Θεοῦ.
847 2232 1129 2304 Προῠλαὸε
1166 2233 1273 2303 γὰρ
1317 2234 1345 2284 ὁ
1384 2233 1518 2296 Θεὸς
1557 2233 1736 2287 δοῦναι
1770 2235 1869 2305 τὴν
1902 2234 2002 2286 δω-

430 2324 555 2393 ρεὰν
577 2322 671 2375 τοῦ
698 2323 1030 2393 Πνεύματος,
1060 2325 1152 2376 καὶ
1183 2326 1280 2394 τὴν
1321 2323 1413 2376 τοῦ
1456 2325 1686 2392 ἀγγέλου
1715 2325 1998 2388 ὀπτασίαν,

426 2413 520 2472 καὶ
553 2414 649 2484 τὴν
675 2415 940 2485 ἀποδοχὴν
965 2418 1062 2485 τῆς
1089 2416 1271 2486 εὐχῆς,
1301 2417 1395 2470 καὶ
1431 2417 1713 2488 νηστειῶν,
1739 2418 1832 2469 καὶ
1866 2419 2000 2486 ἀγα-

425 2504 677 2558 θοποιιῶν
698 2526 711 2538 ·
742 2508 828 2559 ἵνα
856 2507 884 2559 ὃ
917 2507 1312 2576 ἐπιστεύθησαν
1344 2508 1393 2559 οἱ
1435 2509 1737 2573 ἀπόστολοι,
1767 2509 2000 2578 μάλιστα

421 2597 452 2658 ὁ
481 2596 633 2664 ἅγιος
658 2598 882 2667 Πέτρος,
915 2599 1011 2650 καὶ
1039 2599 1089 2650 οἱ
1126 2598 1302 2651 λοιποὶ
1324 2599 1734 2670 ἀπόστολοι,·μὴ
1770 2601 2000 2653 ἀποστε-

425 2688 631 2758 ρήσωσι
657 2688 748 2740 τὸν
771 2691 836 2741 ὲκ
860 2688 995 2741 Θεοῦ
1020 2689 1160 2742 κατὰ
1187 2689 1440 2759 ἀλήθειαν
1468 2689 1819 2760 κεκλημένον.

491 2780 563 2830 Δ’.
608 2778 768 2832 Ἀλλὰ
811 2779 984 2834 ταῦτα
1024 2781 1123 2850 μὲν
1173 2782 1292 2834 τότε
1344 2781 1804 2852 ὲπραγματεύθη,
1847 2799 1997 2851 κινη-

420 2868 582 2922 θέντα
624 2869 728 2922 ὑπὺ
764 2870 857 2922 τοῦ
900 2871 1294 2941 προειρημένου
1337 2871 1766 2939 ψευδαποστὸλου
1801 2872 1998 2944 Κηρίν-

420 2959 514 3011 θον
536 2977 548 2989 ·
577 2959 653 3022 ὡς
682 2961 774 3013 καὶ
801 2960 990 3014 ἄλλοτε
1021 2962 1208 3014 στάσιν
1234 2963 1394 3024 αὐτός
1439 2981 1498 3014 τε
1538 2965 1630 3016 καὶ
1668 2966 1716 3016 οἱ
1751 2966 1866 3034 μετ’
1901 2965 1998 3016 αὐ-

2104 1870 2308 1939 dignati
2331 1871 2486 1922 sunt”
2512 1867 2534 1920 ‘l
2565 1865 2677 1920 Hoc
2707 1879 2836 1918 vero
2851 1869 3022 1915 totum
3043 1860 3363 1930 mysterium
3387 1861 3682 1928 quoddam,

2105 1976 2168 2015 ac
2205 1959 2403 2013 divinae
2447 1957 2802 2025 benignitatis
2860 1969 2999 2023 opus
3052 1959 3190 2014 erat,
3231 1960 3288 2004 ut
3337 1957 3444 2003 tam
3492 1949 3686 2003 Petrus

2101 2065 2264 2120 quam
2295 2049 2475 2103 caeteri
2512 2061 2701 2101 omnes
2730 2046 3129 2114 intelligerent,
3181 2058 3291 2095 non
3339 2041 3680 2102 hominibus,

2103 2141 2195 2195 sed
2229 2139 2339 2196 Deo
2369 2137 2653 2209 gentilium
2681 2137 2912 2190 salutem
2936 2132 3432 2189 essetribuendam.
3469 2130 3683 2185 Etenim

2101 2247 2301 2286 munus
2370 2230 2504 2286 illud
2557 2228 2727 2283 divini
2789 2226 3046 2296 Spiritus,
3072 2233 3126 2278 et
3173 2225 3354 2294 angeli
3400 2232 3681 2291 aspectum

2100 2324 2286 2393 largiri
2343 2331 2500 2376 antea
2553 2322 2746 2384 voluit,
2791 2335 3003 2374 necnon
3044 2325 3100 2373 et
3184 2318 3332 2372 illius
3381 2317 3685 2386 approbare

2099 2430 2291 2484 preces
2313 2429 2377 2467 ac
2400 2413 2630 2482 jejunia,
2663 2412 2989 2481 reliquaque
3019 2409 3088 2463 ab
3116 2424 3181 2464 eo
3206 2417 3467 2478 praeclare
3490 2416 3641 2478 gesta
3667 2424 3684 2472 ;

2101 2514 2159 2561 ut
2187 2506 2333 2576 quod
2385 2506 2650 2576 apostolis
2686 2505 3068 2574 prmcipueque
3116 2501 3296 2567 Petro,
3330 2501 3685 2554 conunissum

2100 2595 2302 2658 fuerat,
2359 2610 2424 2650 eo
2479 2610 2546 2650 ne
2596 2595 2868 2664 privatum
2930 2592 3211 2648 hominem
3261 2593 3414 2645 illum
3459 2591 3682 2654 vellent,

2099 2703 2258 2758 quem
2288 2686 2430 2742 Deus
2457 2687 2637 2755 reipsa
2665 2695 2978 2740 vocaverat.

2168 2778 2259 2831 1V.
2297 2779 2472 2848 Atque
2495 2778 2606 2832 luce
2631 2778 2847 2847 quidem
2872 2793 2937 2830 eo
2955 2777 3114 2829 modo
3147 2782 3278 2828 tunc
3302 2774 3683 2829 administrata

2098 2879 2247 2934 sunt,
2277 2886 2398 2940 qua:
2432 2870 2606 2925 falsus
2656 2869 2748 2922 ille
2781 2871 3060 2937 apostolus
3090 2867 3386 2921 Cerinthus
3427 2866 3683 2922 seditioso

2098 2971 2484 3020 commoverat.
2565 2961 3033 3028 Quemadmodum
3097 2960 3230 3013 alias
3291 2959 3683 3029 Hierosolymis

419 3048 510 3102 τοῦ
551 3051 876 3120 εἰργάσαντο
923 3054 980 3105 ὲν
1030 3055 1167 3124 αὐτῇ
1216 3057 1279 3124 τῇ
1327 3055 1714 3126 Ἰερουσαλὴμ,
1759 3057 1995 3127 ὁπηνίκα

2098 3074 2221 3113 eum
2251 3059 2365 3113 suis
2389 3058 2529 3112 idem
2561 3057 2650 3111 ille
2687 3056 2953 3110 tumultus
3003 3055 3242 3108 concivit
3277 3073 3289 3107 :
3321 3053 3538 3123 qnando
3573 3055 3682 3108 sci-

419 3140 628 3204 Παῦλος
660 3143 854 3213 ἀνῆλθε
889 3144 1024 3213 μετὰ
1062 3146 1243 3208 Τίτου,
1294 3145 1369 3208 ὡς
1413 3148 1505 3200 καὶ
1534 3143 1686 3210 οὗτος
1737 3148 1840 3216 ἔφη
1863 3190 1877 3213 ,
1912 3151 1994 3204 ὅτι

423 3231 670 3297 Ἀνδρας
721 3235 1132 3302 ἁκροϐὐστους
1186 3239 1500 3307 εἰσήνεγκε
1552 3243 1679 3308 μεθ’
1740 3241 1991 3307 ἑαυτοῦ,

417 3322 516 3392 ἤδη
552 3325 679 3394 περ)¹
710 3326 896 3378 τούτου
932 3327 1124 3394 λέγων,
1159 3330 1488 3393 Κεκοίνωκε,
1517 3332 1668 3400 φησι,
1715 3332 1806 3384 τὸν
1842 3333 1992 3401 ἅγιον

417 3413 599 3466 τόπον.
631 3416 722 3468 Διὸ
772 3418 865 3469 καὶ
897 3418 1106 3482 Παῦλος
1146 3418 1329 3487 λέγει·
1376 3423 1525 3475 Ἀλλ’
1569 3421 1711 3475 οὐδὲ
1760 3423 1924 3488 Τῖτος
1961 3426 1993 3476 ὀ

413 3503 538 3558 σὺν
561 3505 709 3573 ἐμοὶ,
744 3509 979 3576 ’Ἕλλην
1006 3508 1108 3574 ὢν,
1145 3512 1498 3581 ἠναγκάσθη
1540 3515 1988 3583 περιτμηθῆναι·

414 3593 512 3648 διὰ
539 3595 606 3648 δὲ
643 3598 785 3663 τοὺς
808 3601 1243 3669 παρεισάκτους
1278 3603 1751 3673 ψευδαδέλφους,
1776 3607 1990 3673 οἵτινες

416 3689 827 3757 παρεισῆλθον
841 3695 1303 3763 κατασκοπῆσαι
1321 3695 1434 3762 τὴν
1445 3697 1790 3764 ἐλευθερίαν
1802 3697 1989 3766 ἡμῶν,

416 3776 497 3845 ἢν
533 3781 752 3850 ἔχομεν
777 3785 847 3835 ἐν
875 3785 1124 3852 Χριστῷ,
1168 3782 1257 3852 οἷς
1294 3787 1435 3841 οὐδὲ
1464 3792 1611 3856 πρὸς
1646 3789 1804 3858 ὤραν
1831 3791 1991 3855 εἴξα-

413 3887 524 3938 μεν
548 3873 621 3942 τῇ
651 3875 939 3944 ὑποταγῇ.
962 3878 1071 3930 Καὶ
1095 3880 1204 3942 τοῖς
1225 3880 1282 3932 ὲν
1317 3880 1649 3951 ἁκροῦυστίᾳ
1682 3883 1991 3954 παραγγέλ-

415 3963 522 4020 λων
554 3965 737 4034 ἕλεγεν
757 3982 770 3995 ⁸
795 3969 890 4036 Μὴ
909 3970 1358 4037 περιτέμνεσθε’
1385 3972 1496 4034 ὅτι,
1516 3972 1625 4026 ἐὰν
1645 3973 1991 4042 περιτέμνη-

414 4060 541 4121 σθε,
575 4058 828 4125 Χριστὸς
853 4057 1006 4127 ὑμᾶς
1036 4060 1218 4114 οὐδὲν
1253 4061 1568 4130 ὠφελήσει.
1625 4065 1888 4133 Διήρκεσε
1933 4064 1989 4116 δὲ

417 4150 446 4219 ἠ
480 4151 745 4220 περιτομὴ
773 4151 949 4221 χρόνῳ
976 4153 1386 4223 ὑπηρετήσασα,
1418 4155 1520 4216 ἕως
1553 4156 1584 4223 ἡ
1620 4156 1816 4224 μείζων
1844 4172 1990 4225 περι-

420 4241 556 4312 τομὴ
578 4243 944 4312 παρεγένετο,
982 4244 1226 4296 τουτέστι
1257 4245 1316 4297 τὸ
1351 4246 1572 4317 λουτρὸν
1605 4248 1700 4315 τῆς
1734 4247 1990 4316 παλιγγε-

315 4396 318 4402 ς
415 4331 614 4395 νεσίας,
635 4332 710 4396 ὡς
734 4331 895 4384 παντί
919 4350 995 4402 τῳ
1017 4333 1172 4402 δῆλον
1203 4335 1339 4394 ἐστι,
1374 4335 1468 4386 καὶ
1515 4337 1841 4406 σαφέστερον
1883 4336 1987 4389 δεί-

2096 3154 2224 3206 licet
2255 3169 2378 3206 cum
2411 3151 2534 3206 Tito
2567 3151 2770 3206 Paulus
2801 3151 3041 3214 advenit,
3091 3159 3256 3220 atque
3304 3151 3378 3204 ita
3408 3150 3550 3204 idem
3588 3150 3680 3205 ille

2095 3243 2311 3298 loeutus
2358 3250 2462 3297 est.
2537 3241 2685 3296 Viros
2706 3243 3020 3311 pru'putium
3074 3241 3322 3294 habentes
3371 3257 3550 3294 secum
3591 3241 3677 3293 in-

2094 3335 2245 3387 duxit
2267 3335 2307 3396 ³,
2336 3333 2535 3403 quibus
2564 3331 2630 3386 de
2654 3331 2775 3385 Tito
2811 3331 3152 3401 signiﬁcabat
3179 3349 3190 3384 :
3217 3329 3418 3384 Locum
3440 3370 3454 3394 ,
3481 3330 3678 3398 inquit,

2095 3429 2347 3476 sanctum
2398 3419 2687 3491 profanum
2740 3419 2888 3473 fecit.
2921 3420 3100 3486 Quare
3149 3421 3224 3473 ita
3257 3418 3459 3474 Paulus
3487 3419 3624 3472 dixit
3659 3438 3674 3473 :

2095 3513 2200 3570 Sed
2223 3531 2380 3584 neque
2417 3515 2558 3567 Titus
2588 3514 2676 3583 qui
2720 3530 2916 3566 mecum
2959 3523 3094 3576 erat,
3121 3529 3238 3565 cum
3267 3520 3402 3566 esset
3435 3513 3670 3581 gentilis,

2093 3607 2390 3674 compulsus
2420 3615 2496 3659 est
2522 3607 2848 3658 circumcidi.
2884 3605 2987 3659 Sed
3021 3615 3231 3674 propter
3252 3604 3677 3660 subintroductos

2093 3699 2259 3767 falsos
2291 3700 2504 3766 fratres,
2524 3699 2612 3766 qui
2646 3698 3055 3750 subintroierunt
3083 3698 3356 3764 explorare
3380 3697 3678 3752 libertatem

2091 3810 2246 3863 quam
2271 3793 2519 3847 habemus
2567 3793 2621 3846 in
2668 3792 2898 3846 Christo.
2935 3794 3136 3859 Quibus
3178 3811 3339 3860 neque
3385 3793 3451 3846 ad
3488 3795 3676 3846 horam

2092 3889 2341 3940 cessimus
2396 3886 2714 3953 subjectione
2747 3886 2790 3936 δ.
2832 3883 3042 3940 Deinde
3093 3888 3363 3956 prmputio
3413 3886 3674 3955 prmditos.

2092 3977 2177 4034 his
2207 3979 2384 4033 verbis
2437 3979 2798 4032 hortabatur:
2836 3976 3017 4031 Nolite
3048 3979 3376 4030 circumcidi.
3421 3977 3567 4030 Nam
3623 3977 3671 4029 si

2090 4071 2561 4135 circumcidamini,
2583 4069 2823 4124 Christus
2844 4070 3221 4137 niltilproderit
3243 4070 3285 4122 ⁵.
3309 4069 3672 4122 Circumcisio

2093 4173 2254 4227 porro
2289 4157 2478 4211 tandiu
2534 4174 2694 4213 suum
2745 4168 2959 4226 tempus
3007 4158 3220 4221 habuit,
3265 4158 3438 4212 donec
3493 4157 3671 4226 major

2090 4249 2442 4302 circumcisio
2484 4249 2605 4317 ejus
2650 4256 2735 4303 est
2771 4249 2892 4301 loco
2924 4248 3242 4310 substituta,
3287 4248 3441 4317 113
3473 4265 3670 4317 nempe

2091 4339 2181 4392 illa
2239 4341 2458 4394 Iotionis
2507 4341 2697 4394 iterata
2760 4341 3082 4408 generatio;
3153 4340 3206 4393 id
3271 4339 3416 4409 quod
3462 4340 3669 4393 nemini

414 4439 600 4488 ςινυται
643 4422 750 4475 ἀπὸ
789 4423 898 4474 τῶν
952 4423 1101 4494 παρά
1143 4427 1253 4487 τοῖς
1299 4425 1616 4489 ἀποστόλοις
1659 4429 1985 4498 εἰρημένων,

2098 4432 2388 4492 obscurum
2443 4439 2548 4495 est,
2608 4431 3024 4499 evidentiusque
3061 4447 3158 4501 per
3186 4447 3250 4485 ea
3284 4447 3404 4500 qua:
3445 4447 3567 4484 cum
3601 4431 3671 4485 ab

412 4513 649 4584 μάλιστα
681 4515 831 4584 παρὰ
867 4514 945 4584 τῷ
990 4517 1128 4586 ἁγίῳ
1167 4518 1490 4588 Ἀποστόλῳ.
1522 4521 1720 4572 Φάτκει
1761 4520 1864 4591 γὰρ
1897 4520 1986 4573 οῦ-

418 4618 548 4664 τως·
592 4602 691 4667 Οἷς
728 4602 871 4656 οὐδὲ
917 4605 1066 4671 πρὸς
1096 4604 1267 4672 λῶραν
1302 4607 1546 4675 εἴξαμεν
1576 4609 1653 4676 τῇ
1695 4611 1982 4679 ὑποταγῇ.

408 4692 578 4750 Παντὶ
612 4692 669 4744 δὲ
701 4693 777 4762 τῷ
807 4692 1110 4765 βουλομένῳ
1136 4700 1414 4749 κατανοεῖν
1439 4697 1506 4750 τά
1532 4699 1680 4769 παρὰ
1707 4703 1818 4763 τοῖς
1848 4703 1984 4753 ἁπο-

408 4783 616 4846 στόλοις
660 4784 782 4843 τότε
835 4789 1404 4858 πεπραγματευμένα,
1450 4789 1722 4859 θαυμάσαι
1773 4791 1982 4855 ἔπεστι,

407 4877 526 4941 πῶς
550 4877 619 4930 τὰ
642 4876 793 4948 παρὰ
814 4881 877 4948 τῇ
907 4880 1112 4949 αἱρέσει
1136 4880 1388 4952 ταύτῃιέξ
1419 4882 1658 4945 ἐπινοίας
1680 4883 1986 4951 πνεύματος

407 4968 617 5039 πλάνης
645 4969 1003 5038 ἐνεργηθέντα
1031 4970 1122 5024 τὸν
1157 4974 1477 5042 χαρακτῆρα
1509 4973 1850 5027 ὑποδείκνυσι
1878 4974 1984 5028 τῶν

405 5059 494 5126 διά
525 5059 633 5111 τῶν
667 5060 929 5131 αἱρέσεων
962 5061 1165 5113 τούτων
1202 5064 1258 5114 ἐν
1294 5067 1405 5125 τοῖς
1434 5063 1751 5126 ἀποστόλοις
1778 5066 1875 5136 τὴν
1902 5065 1985 5117 κί-

407 5165 563 5216 νησιν
607 5152 1018 5221 ἐργασαμένων.
1057 5151 1432 5204 Ἀποστάντων
1477 5152 1582 5223 γὰρ
1629 5153 1850 5217 τούτων,
1892 5156 1985 5207 καὶ

407 5239 487 5300 εἰς
529 5238 994 5307 ψευδαποστόλους
1042 5242 1388 5312 τραπέντων,
1442 5245 1535 5295 καὶ
1581 5243 1770 5306 ἄλλους
1821 5245 1980 5313 ψευδ-

403 5329 736 5392 αποστόλους
774 5331 1227 5394 ἀποστειλάντων,
1274 5333 1349 5394 ὼς
1383 5333 1474 5385 καὶ
1512 5333 1608 5403 ἤδη
1638 5334 1978 5404 προείρηται,

403 5419 486 5482 εἰς
516 5420 614 5490 τὴν
656 5422 980 5492 Ἀντιόχειαν
1019 5425 1074 5476 ἐν
1108 5426 1272 5495 ἀρχῇ,
1303 5426 1396 5477 καὶ
1428 5427 1507 5488 εὶς
1544 5425 1734 5489 ἄλλους
1760 5428 1978 5490 τόπους,

404 5509 680 5581 λέγοντας,
707 5516 811 5578 ὅτι,
855 5516 994 5570 Ἐὰν
1033 5517 1120 5586 μὴ
1168 5518 1581 5590 περιτμηθῆτε,
1645 5520 1744 5573 καὶ
1786 5519 1982 5588 φυλά-

2093 4522 2216 4576 aliis
2276 4521 2559 4590 apostolis,
2591 4529 2702 4574 tum
2761 4523 3032 4590 praecipue
3065 4538 3093 4572 a
3133 4520 3304 4574 Paulo
3332 4521 3476 4574 dicta
3515 4530 3666 4586 sunt,

2093 4611 2420 4666 ostenditur.
2475 4613 2552 4665 Ita
2599 4613 2745 4664 enim
2781 4612 2911 4665 ille:
2950 4610 3152 4676 Quibus
3199 4627 3359 4680 neque
3393 4611 3460 4668 ad
3482 4611 3668 4663 harant

2091 4705 2340 4758 cessimus
2391 4702 2732 4772 subjectione.
2790 4701 2945 4768 Quod
3001 4704 3047 4757 si
3111 4702 3234 4771 quis
3277 4718 3339 4755 ea
3384 4717 3506 4771 qum
3550 4712 3665 4758 tum

2090 4795 2158 4848 ab
2206 4794 2468 4863 apostolis
2525 4803 2678 4864 gesta
2730 4801 2859 4847 sunt
2920 4793 3355 4850 animadvertere
3408 4792 3663 4853 voluerit,

2087 4883 2216 4936 huic
2250 4883 2508 4937 admirari
2539 4883 2860 4952 cumprimis
2887 4889 3160 4945 occurret,
3205 4880 3663 4946 quemadmodum

2086 4989 2206 5042 qua:
2227 4981 2340 5025 tum
2371 4972 2436 5024 ab
2469 4973 2566 5025 hac
2602 4970 2796 5024 haeresi
2816 4968 3100 5026 mendacis
3143 4969 3406 5022 instinctu
3435 4967 3665 5035 spiritus

2087 5065 2463 5118 administrata
2481 5063 2897 5130 sunt,lpr0prias
2925 5063 3139 5115 illorum
3160 5071 3318 5113 notas
3333 5059 3661 5126 exprimant,

2087 5155 2177 5224 qui
2208 5169 2303 5223 per
2337 5153 2643 5207 istiusmodi
2669 5153 2904 5206 Intereses
2942 5160 3120 5206 motus
3161 5151 3282 5203 illos
3315 5149 3368 5201 in
3399 5148 3663 5217 apostolis.

2087 5246 2435 5301 concitarunt
2465 5262 2479 5296 :
2506 5259 2631 5296 nam
2665 5257 2791 5295 cum
2821 5243 2909 5296 isti
2941 5257 2968 5292 a
3015 5241 3138 5294 ﬁdei
3182 5239 3492 5308 integritate
3513 5237 3665 5294 delc:

2087 5341 2310 5403 cissent,
2337 5348 2389 5392 et
2417 5339 2469 5391 in
2491 5336 2658 5390 falsos
2681 5336 2959 5404 apostolos
2989 5339 3173 5387 essent
3197 5330 3467 5396 conversi,
3495 5331 3662 5384 alios-v

2087 5445 2194 5498 que
2233 5426 2456 5498 perinde
2505 5426 2673 5480 falsos
2707 5426 2985 5493 apostolos
3033 5423 3330 5485 misissent,
3380 5422 3474 5493 qui
3505 5421 3656 5474 diee-

2089 5529 2212 5576 rent
2256 5518 2424 5573 :Nisi
2463 5516 2967 5588 jcircumcidamini,
3022 5525 3072 5571 et
3130 5513 3441 5569 custodiatis
3493 5513 3668 5582 legens

477 5689 500 5738 ἰ
532 5689 661 5762 Act.
700 5707 785 5766 ξι,
818 5692 968 5764 5-12.
1098 5691 1219 5761 Aet.
1253 5713 1308 5764 x_,
1337 5696 1425 5764 47.
1502 5696 1522 5729 ³
1548 5697 1665 5753 Act.
1703 5713 1774 5763 χι,
1804 5650 1896 5765 5,-
1933 5698 1954 5730 ι
1986 5703 1995 5748 t

2098 5706 2161 5767 ιι.
2197 5714 2254 5765 ιι,
2292 5697 2408 5767 5-5.
2471 5696 2509 5778 ⁵⁸
2545 5694 2722 5760 Galat'.
2769 5712 2824 5762 ν,
2852 5693 2906 5762 2,
