4170 6372
484 304 609 391 τιδέ
1899 338 1955 397 s.
1998 339 2098 393 ΕΡ]

2205 338 2339 393 AN"
3643 320 3750 393 εει

493 451 688 521 Moysi,
712 469 818 506 non
848 440 1069 522 poiestis
1099 453 1355 519 salvari‘,
1391 454 1583 525 ingens
1614 456 1738 512 inde
1766 457 1903 511 facta
1923 474 2071 512 com-

2200 462 2315 525 ἴητε
2350 458 2455 510 τὸν
2488 457 2676 525 νόμον
2712 454 3026 521 Μωῢσέως,
3057 453 3128 507 οὐ
3160 452 3424 507 δύνασθε
3458 440 3749 522 σωθῆναι·

492 546 661 598 motio
700 552 805 607 est,
841 556 898 599 ut
950 556 1076 601 ante
1107 547 1369 601 diximus.
1417 550 1593 618 Atque
1653 550 1727 603 illi
1781 551 1883 620 ipsi
1941 560 2070 605 sunt

2200 550 2279 616 ιύχ
2305 551 2336 619 ἡ
2366 547 2606 617 τυχοῦσα
2630 547 2747 599 τότε
2782 546 2993 616 ταραχὴ
3039 544 3276 611 ἐγένετο,
3300 544 3375 605 ὡς
3406 544 3748 614 προείρηται.

493 650 631 701 quos
672 635 872 691 Paulus
912 636 1076 691 falsos
1109 640 1385 706 apostolos
1418 648 1597 703 vocat,
1626 641 1910 709 operarios
1943 642 2073 695 sub-

2200 641 2282 693 ἱαὶ
2307 632 2448 693 οὗτοι
2494 641 2629 690 εἰσιν
2672 640 2719 690 οἱ
2770 636 2921 707 παρὰ
2956 636 3034 705 τῷ
3072 635 3268 704 Παύλῳ
3297 636 3576 706 εἰρημένοι
3600 635 3755 703 ψευδ-

494 726 674 791 dolos,
706 728 1164 783 transformantes
1191 746 1249 784 se
1272 730 1326 783 in
1359 734 1636 799 apostolos
1677 732 1882 787 Christi
1921 734 1965 787 ¹.

2200 732 2479 788 ιπόστολοι.
2528 730 2753 799 ἐργάται
2796 729 2988 791 δόλιοι,
3035 726 3631 797 μετασχηματιζόμενοι
3674 728 3754 788 εἰς

2174 820 2502 882 ἀποστόλους
2531 819 2787 889 Χριστοῦ.

569 899 636 953 ν.
678 900 914 956 Μιιιιιιιεῑ
951 904 1093 957 enim
1136 902 1429 974 Evangelio
1470 922 1577 959 non
1609 906 1839 977 integro,
1885 907 1980 962 sed
2009 923 2073 961 ex

500 1005 655 1063 parte
694 995 961 1047 duntaxat
995 1004 1244 1059 utuntur,
1278 997 1537 1050 nimirum
1570 1008 1789 1067 propter
1833 1000 2078 1068 genealo-

500 1088 665 1155 giam,
705 1102 826 1154 qum
875 1088 993 1154 ejus
1037 1096 1120 1141 est
1166 1090 1347 1141 carnis
1382 1089 1621 1158 propria,
1667 1091 1812 1159 quod
1860 1090 2076 1159 quidem

503 1176 778 1248 Evangelii
834 1180 1201 1233 testimonium
1247 1180 1498 1245 alierum,
1553 1190 1714 1250 atque
1762 1182 1835 1235 ita
1883 1182 2079 1251 praedi-

504 1278 650 1321 cant.
685 1268 883 1338 Su/ﬁcit
914 1270 1193 1337 discipulo,
1230 1272 1276 1324 si
1326 1271 1392 1323 sit
1436 1274 1571 1324 sicut
1614 1274 1863 1342 magister
1898 1277 2011 1342 ejus
2037 1275 2077 1328 ’.

505 1360 645 1424 Quid
698 1361 881 1430 igitur,
938 1362 1230 1429 inquiunt?
1284 1362 1654 1419 Circumcisus
1693 1374 1777 1420 est
1806 1364 2079 1421 Jesusztu

505 1466 722 1519 quoque
770 1452 886 1518 ipse
920 1452 1331 1507 circumcidere.
1365 1453 1618 1510 Christus
1664 1471 1729 1510 ex
1774 1458 1908 1525 legis
1943 1474 2082 1526 pras-

506 1542 715 1610 scripto
744 1544 909 1595 vitam
937 1544 1171 1597 instituit
1198 1562 1210 1597 :
1236 1552 1293 1598 tu
1322 1547 1487 1616 igitur
1514 1545 1701 1600 eadem
1737 1546 1922 1602 facito.
1948 1548 2084 1603 Hinc

508 1635 753 1686 nonnulli
787 1635 865 1688 sic
906 1636 973 1689 ab
996 1636 1103 1690 illis
1129 1643 1386 1705 tanquam
1425 1640 1707 1694 venenatis
1742 1642 2085 1710 serpentibus

507 1723 719 1790 abrepti
754 1724 1146 1779 verisimilibus
1176 1725 1391 1778 illorum
1424 1727 1731 1779 rationibus
1776 1729 2087 1780 assentiun—

2248 913 2323 964 E'.
2376 911 2627 982 Χρῶνται
2660 911 2767 981 γὰρ
2812 910 2888 979 τῷ
2926 907 3067 962 κατά
3113 907 3386 961 Ματθαίον
3435 904 3755 974 Εὐαγγελίῳ

2178 1003 2284 1055 ἀπὸ
2322 1003 2541 1073 μέρους,
2581 1003 2673 1054 καὶ
2730 1001 2849 1070 οὐχὶ
2882 1000 2987 1071 ὅλῳ
3012 1017 3024 1029 ·
3064 998 3199 1052 ἀλλά
3239 998 3327 1051 διὰ
3370 998 3469 1068 τὴν
3509 997 3757 1066 γενεαλοα

2178 1091 2304 1159 γίαν
2344 1091 2442 1163 τὴν
2478 1091 2760 1161 ένσαρκον,
2798 1091 2892 1143 καὶ
2936 1089 3137 1159 ταύτην
3183 1087 3485 1159 μαρτυρίαν
3530 1086 3755 1156 φέρουσι

2180 1181 2287 1233 ἀπὸ
2330 1180 2423 1233 τοῦ
2468 1180 2819 1249 Εὑαγγελίου,
2856 1180 3015 1233 πάλιν
3044 1179 3314 1247 λέγοντες,
3361 1178 3441 1229 ὅτι
3490 1176 3760 1244 Ἄρκετὸν

2182 1269 2260 1334 τῷ
2279 1269 2536 1339 μαθητῇ,
2569 1271 2668 1323 ἵνα
2701 1268 2940 1338 γένηται
2964 1270 3044 1334 ὡς
3070 1270 3101 1320 ὁ
3122 1266 3510 1331 διδάσκαλος.
3545 1266 3609 1317 Τί
3628 1261 3721 1318 οὖν
3740 1306 3756 1329 ,

2184 1361 2337 1429 φασί;
2364 1360 2715 1430 Περιετμήθη
2741 1362 2769 1411 ὁ
2804 1360 3026 1430 Ἰησοῦς·
3061 1356 3429 1429 περιτμήθητι
3457 1358 3551 1408 καί⁵
3576 1355 3755 1416 αὐτός.

2182 1452 2413 1523 Χριστὸς
2449 1450 2588 1504 κατὰ
2618 1452 2799 1521 νόμον,
2835 1451 3018 1520 φασιν,
3050 1449 3449 1511 ἐπολιτεύσατο,
3480 1447 3573 1499 καὶ
3601 1445 3761 1507 αὐτὲς

2184 1545 2253 1596 τὰ
2289 1544 2378 1595 ἴσα
2410 1544 2655 1612 ποίησον.
2692 1542 2854 1594 Ὅθεν
2902 1541 2993 1594 καί
3027 1558 3171 1603 τινες
3197 1543 3260 1593 ὲκ
3288 1539 3515 1603 τούτων,
3554 1538 3628 1600 ῶς
3656 1538 3762 1590 ὑπὸ

2184 1636 2522 1707 δηλητηρίων
2553 1634 3021 1706 ὑφαρπαχθέντες,
3066 1632 3340 1685 πείθονται
3384 1634 3501 1692 ταῖς
3535 1629 3760 1683 πιθανο-

2187 1728 2393 1796 λογίαις
2432 1726 2520 1780 διὰ
2559 1727 2617 1779 τὸ
2654 1726 2745 1779 τὸν
2790 1726 3022 1796 Χριστὸν
3076 1723 3522 1795 περιτετμῆσθαι.
3560 1722 3663 1777 Τὸν
3704 1721 3762 1773 δὲ

506 1820 618 1875 tur,
653 1827 717 1865 ex
753 1827 819 1865 eo
872 1814 1106 1868 maxime
1137 1816 1280 1883 quod
1314 1823 1367 1866 et
1408 1814 1659 1871 Christus
1708 1817 2087 1872 circumcisio-

2200 1818 2399 1871 Παῦλον
2428 1817 2698 1883 ἀθετοῦσι,
2734 1818 2820 1871 διὰ
2850 1818 2910 1870 τὸ
2950 1818 3021 1889 μὴ
3050 1815 3331 1869 πείθεσθαι
3370 1817 3435 1885 τῇ
3468 1815 3758 1884 περιτομῇ.

510 1918 631 1955 nem
678 1905 1000 1973 susceperit.
1053 1906 1207 1970 Quod
1254 1906 1319 1959 ad
1365 1905 1593 1960 Paulum
1640 1910 1892 1977 pertinet,
1942 1910 2087 1963 hunc

510 1996 729 2065 penitus
758 1998 1077 2066 explodunt,
1113 2009 1398 2068 propterea
1431 2002 1572 2071 quod
1610 2002 2087 2056 eireumeisionem

510 2087 799 2147 abdicarit.
845 2096 897 2143 et
928 2090 1180 2143 eumdem
1224 2092 1430 2145 idcirco
1462 2094 1737 2162 rejiciunt,
1771 2094 1915 2163 quod
1946 2094 2091 2149 istud

510 2178 874 2244 usurpaverit.
904 2177 1210 2248 Quicunque
1240 2179 1294 2231 in
1331 2179 1436 2248 lege
1459 2180 1834 2249 justi/Scantini
1864 2197 1895 2232 α
1918 2181 2093 2249 gratia

508 2268 849 2333 excidistis‘;
898 2277 973 2335 et,
1033 2269 1094 2324 Si
1144 2272 1621 2337 circumcidamini,
1672 2272 1916 2327 Christus
1960 2271 2094 2326 nihil

511 2360 652 2414 vobis
680 2361 911 2429 proderit
929 2364 971 2415 ⁵.

586 2447 671 2503 Vl.
716 2451 796 2505 Ad
843 2452 955 2505 haec
996 2451 1292 2508 Cerinthus
1335 2454 1499 2509 homo
1541 2455 1794 2519 stolidus,
1836 2468 1901 2508 ac
1940 2451 2095 2508 stoli-

511 2539 707 2595 dorum
752 2543 1035 2613 magister,
1060 2543 1243 2599 dicere
1288 2545 1422 2599 nihil
1476 2555 1560 2600 est
1596 2547 1828 2611 veritus,
1869 2560 2092 2616 passum

512 2632 731 2702 quidem
777 2647 840 2686 ac
874 2634 1197 2688 cruciﬁxum
1238 2652 1360 2692 esse
1395 2636 1697 2701 Christum,
1739 2638 1980 2692 nondum
2014 2646 2096 2691 ta-

512 2736 637 2776 men
683 2737 713 2775 a
765 2725 997 2779 mortuis
1046 2727 1368 2792 excitatum,
1421 2743 1484 2781 ac
1544 2735 1656 2781 tum
1709 2727 1925 2781 demum
1970 2743 2093 2781 cum

516 2811 718 2864 mortui
756 2821 1041 2883 resurgent
1078 2830 1267 2869 onmes
1298 2817 1671 2871 excitandum.
1711 2819 1896 2887 Itaque
1948 2820 2098 2884 ejus‘

518 2904 663 2957 modi
696 2905 912 2958 illorum
952 2913 1006 2960 et
1041 2907 1205 2970 dicta,
1235 2914 1289 2961 et
1333 2908 1589 2977 dogmata
1634 2910 1909 2963 cohaerere
1944 2909 2096 2963 nullo

516 2996 679 3049 modo
708 3005 961 3066 possunt.
1003 2999 1353 3070 lndidemque
1380 3001 1587 3056 Paulus
1620 3002 1700 3056 sic
1750 3017 1844 3056 eos
1882 3002 1974 3070 qui
2012 3017 2099 3055 re-

2202 1911 2361 1965 Ἀλλά
2386 1914 2478 1964 καὶ
2502 1911 2847 1965 ἐκϐάλλουσιν
2869 1911 3051 1973 αὑτὸν,
3083 1909 3245 1962 διὰτὸ
3266 1907 3562 1978 εἰρηκέναι·
3596 1907 3761 1956 Ὅσοι

2190 2003 2258 2055 ἐν
2283 2004 2443 2072 νόμῳ
2468 2002 2830 2065 δικαιοῦσθε,
2863 2001 2972 2069 τῆς
3002 2001 3240 2070 χάριτος
3275 1998 3622 2063 ἐξεπέσατε·
3667 1995 3763 2048 καὶ

2190 2093 2293 2155 ὃτι,
2360 2093 2501 2145 Ἐὰν
2557 2091 3009 2162 περιτέμνησθε,
3066 2090 3319 2159 Χριστὸς
3374 2087 3531 2158 ὑμᾶς
3587 2085 3769 2173 οὐδὲν

2192 2184 2388 2253 ὼφελή
2396 2200 2510 2240 σει.

2266 2453 2339 2506 Ζ’.
2374 2443 2541 2512 Οὗτος
2568 2449 2625 2502 δὲ
2651 2450 2679 2501 ὁ
2700 2446 2971 2520 Κήρινθος
3006 2447 3229 2515 ἀνόητος
3253 2445 3345 2499 καὶ
3372 2444 3613 2513 ἀνοήτων
3628 2443 3774 2498 διδά-

2198 2542 2394 2604 σκαλος
2424 2542 2622 2610 φάσκει
2652 2538 2813 2591 πάλιν
2839 2538 3137 2608 τολμήσας,
3180 2538 3412 2607 Χριστὸν
3445 2536 3773 2588 πεπονθέναι

2197 2636 2289 2688 καὶ
2321 2631 2717 2703 ἐσταυρῶσθαι,
2768 2632 2933 2700 μήπω
2966 2630 3023 2682 δὲ
3063 2629 3384 2699 ἐγηγέρθαι.
3440 2626 3673 2681 Μέλλειν
3716 2626 3774 2677 δὲ

2196 2723 2537 2788 ἀνίστασθαι,
2572 2726 2698 2777 ὅταν
2729 2726 2760 2795 ὴ
2788 2722 3016 2775 καθόλου
3053 2721 3277 2790 γένηται
3308 2718 3516 2790 νεκρῶν
3540 2719 3775 2770 ἀνάστα-

2199 2835 2303 2880 σις.
2363 2816 2664 2869 Ἀσύστατα
2709 2816 2885 2867 τοίνυν
2929 2813 3103 2866 ταῦτα
3147 2812 3278 2882 παρ’
3329 2812 3557 2872 ἐκείνοις
3602 2809 3671 2862 τά
3714 2826 3774 2861 τε

2201 2911 2419 2980 ῥήματα
2453 2909 2547 2961 καὶ
2581 2908 2845 2978 νοήματα.
2883 2906 3045 2958 Ὅθεν
3076 2906 3169 2957 καὶ
3192 2906 3219 2955 ό
3247 2902 3458 2965 Παῦλος
3489 2902 3780 2970 ἐκπληττὸ-

2204 3014 2363 3066 μενος
2386 3000 2497 3059 τοῖς
2531 2997 2627 3066 μέν
2656 2996 2947 3050 ἀπιστοῦσι
2979 2998 3044 3065 τῇ
3092 2994 3384 3047 ἀναστάσει
3423 2993 3530 3045 τῶν
3570 2992 3778 3062 νεκρῶν

518 3096 866 3141 surrecturos
894 3096 1141 3142 mortuos
1171 3089 1473 3144 diuiderent
1501 3090 1793 3157 redarguit.
1822 3089 1881 3144 Si
1904 3091 2098 3143 mortui

2200 3092 2265 3159 τῇ
2310 3088 2573 3159 μελλούσῃ
2604 3088 2839 3151 ἔσεσθαι,
2867 3087 3030 3155 λέγει·
3073 3090 3141 3139 Εἰ
3166 3086 3365 3153 νεκροὶ
3387 3087 3496 3137 οὐκ
3520 3085 3778 3153 ἐγείρον-

518 3193 621 3229 non
656 3187 954 3247 resurgunt,
1001 3196 1160 3249 neque
1198 3179 1439 3234 Christus
1486 3182 1834 3236 resurrexit“.
1868 3182 2098 3236 Eodem-

2203 3199 2316 3247 ται,
2341 3179 2482 3234 οὐδὲ
2507 3180 2758 3247 Χριστὸς
2787 3178 3113 3248 ἐγήγερται·
3148 3179 3241 3231 καὶ
3270 3178 3350 3239 τὸ,
3377 3176 3659 3244 Φάγωμεν
3683 3174 3780 3228 καὶ

518 3285 626 3337 que
665 3273 896 3338 pertinet
941 3272 1072 3324 illud
1106 3292 1117 3326 :
1161 3271 1394 3327 Edamus
1423 3283 1471 3327 et
1506 3274 1764 3339 bibamus,
1801 3292 1920 3327 cras
1964 3275 2098 3327 enim

2203 3272 2443 3338 πίωμεν·
2468 3271 2674 3338 αὔριον
2688 3269 2796 3338 γὰρ
2812 3269 3289 3337 ἀποθνήσκομεν·
3307 3268 3399 3320 καὶ
3416 3267 3495 3332 τὸ,
3516 3270 3573 3319 Μ
3579 3266 3611 3332 ὴ
3637 3269 3784 3318 πλα-

519 3362 863 3416 moriemur".
907 3363 1065 3434 114
1093 3363 1229 3417 Tum
1270 3365 1412 3418 istud
1448 3384 1460 3418 :
1506 3363 1686 3419 Nolite
1726 3365 2105 3420 errare:Cor-

519 3462 768 3520 rumpunt
802 3453 961 3507 bonos
1010 3472 1179 3509 mores
1219 3457 1479 3525 colloquia
1504 3459 1729 3524 prava“.
1774 3458 1853 3511 Ac
1885 3473 2104 3513 rursum

519 3561 644 3609 eos,
692 3544 785 3614 qui
831 3546 1109 3601 Christum
1162 3550 1341 3603 adhuc
1394 3551 1764 3606 resurrexisse
1808 3558 2103 3620 negarent,

520 3635 626 3688 hoc
690 3636 853 3688 modo
901 3638 1220 3691 convincit:
1260 3638 1319 3691 Si
1354 3637 1595 3692 Christus
1640 3656 1741 3692 non
1792 3643 2102 3705 resurrexit,

521 3743 658 3779 vana
698 3737 774 3780 est
818 3729 1129 3794 praedicatio
1172 3740 1389 3791 nostra;
1419 3732 1595 3783 inanis
1639 3740 1687 3783 et
1724 3732 1851 3799 ﬁdes
1896 3742 2105 3787 vestra:

521 3818 814 3870 invenimur
843 3828 1018 3871 autem
1060 3829 1106 3871 et
1155 3820 1281 3888 falsi
1314 3829 1467 3873 testes
1503 3820 1619 3885 Dei,
1660 3822 1911 3891 quoniam
1940 3824 2109 3876 susci-

524 3913 654 3964 tavit
695 3910 981 3976 Christum,
1027 3929 1177 3980 quem
1210 3930 1312 3965 non
1343 3914 1675 3969 suscitavit’.
1710 3914 1919 3979 Quibus
1963 3916 2107 3969 indi-

522 4010 640 4063 cat,
696 4000 978 4055 Christum
1036 4018 1065 4056 a
1130 4006 1362 4059 mortuis
1412 4006 1709 4059 excitatum
1777 4006 2107 4075 praedicasse

521 4093 743 4160 quidem
792 4096 1095 4165 apostolos,
1138 4096 1402 4166 quasdam
1441 4112 1571 4150 vero
1608 4097 1846 4150 hatreses
1889 4097 2108 4152 tametsi

522 4186 833 4241 surrexisse
892 4186 1170 4241 Christum
1227 4196 1576 4253 assererem,
1630 4196 1973 4242 mortuorum
2025 4196 2110 4242 ta-

524 4292 647 4329 men
686 4279 1145 4333 resurrectionem
1188 4293 1440 4348 negasse.
1494 4278 1704 4332 Etenim
1754 4280 1809 4333 in
1853 4280 1955 4335 hac
1992 4281 2109 4349 ipsa

523 4366 746 4434 regione
793 4367 955 4430 Asiae,
990 4382 1205 4421 necnon
1266 4376 1319 4421 et
1368 4368 1421 4420 in
1454 4366 1666 4422 Galatia
1710 4370 1927 4422 illorum
1962 4369 2112 4438 ejus-

525 4456 673 4510 modi
721 4456 906 4511 schola
963 4461 1285 4527 cumprimis
1330 4475 1394 4514 ac
1435 4460 1726 4530 disciplina
1787 4459 1988 4515 ﬂoruit.
2034 4460 2110 4518 De

524 4562 634 4615 quo
682 4548 828 4602 istud
875 4564 906 4602 a
958 4550 1262 4617 majoribus
1293 4551 1555 4605 traditum
1600 4552 1933 4620 accepimus,
1972 4568 2109 4608 non-

527 4640 708 4694 nullos
732 4656 800 4693 ex
828 4656 895 4695 eo
922 4657 1118 4709 genere
1150 4642 1287 4696 citra
1319 4644 1653 4712 baptismum
1687 4645 2018 4710 excessisse,
2044 4660 2109 4699 ac

527 4748 626 4801 pro
658 4732 723 4787 iis
756 4733 893 4787 alios
936 4735 1268 4803 baptismum
1305 4736 1624 4790 eorumdem
1662 4737 1970 4805 suscepisse
2018 4752 2111 4791 no-

528 4827 697 4885 mine.
736 4842 802 4880 ne
832 4842 955 4879 cum
998 4838 1239 4880 extrema
1271 4828 1487 4881 domum
1519 4830 1920 4883 resurrectione
1948 4844 2108 4882 revo-

527 4918 636 4970 cati
667 4918 731 4970 ad
768 4918 932 4971 vitam
980 4929 1185 4983 essent,
1228 4920 1582 4987 praetermissi
1627 4920 1881 4988 baptismi
1924 4935 2113 4988 patinas

528 5005 919 5074 dependerent,
949 5017 1111 5075 atque
1142 5008 1261 5076 ejus
1292 5010 1385 5077 qui
1432 5008 1693 5063 mundum
1727 5011 1974 5065 condidit
2013 5011 2115 5063 do-

530 5099 814 5152 minationi
866 5102 1177 5154 subessent.
1223 5100 1392 5169 Cujus
1436 5102 1512 5155 rei
1571 5103 1743 5171 gratia
1790 5111 2112 5170 usurpatum

528 5191 664 5245 illud
698 5193 767 5246 ab
802 5194 1064 5261 Apostolo
1091 5192 1279 5247 eadem
1304 5194 1372 5247 ad
1396 5210 1495 5250 nos
1526 5196 1802 5249 auditione
1839 5196 2105 5264 perlatum

525 5292 611 5339 est
644 5303 656 5338 :
693 5281 753 5337 Si
787 5286 999 5338 omnino
1029 5287 1225 5339 mortui
1254 5302 1357 5339 non
1388 5298 1686 5356 resurgunt,
1716 5286 1841 5356 quid
1871 5295 1948 5340 est
1970 5285 2109 5356 quod

602 5445 617 5473 ¹
648 5444 766 5499 Act.
802 5462 891 5511 xv,
928 5446 979 5499 1.
1056 5449 1075 5478 ⁸
1107 5445 1148 5498 ll
1183 5447 1308 5499 (lor.
1346 5460 1419 5511 xt,
1454 5448 1507 5502 5.
1586 5447 1605 5478 ³
1634 5446 1823 5501 Matth.
1856 5463 1911 5507 x,
1943 5446 2035 5499 25.

531 5512 551 5542 ⁸
576 5514 708 5568 ibid.
742 5517 830 5569 55.
909 5518 928 5547 ³
965 5517 1098 5571 ibid.
1134 5517 1221 5583 14,
1254 5517 1342 5571 15.

605 5666 717 5743 (9ιῇ
756 5670 863 5722 Καὶ
920 5673 1133 5727 τούτου
1176 5671 1365 5743 ἕνεκα
1398 5674 1436 5740 ή
1492 5671 1841 5743 παράδοσις.
1897 5670 2105 5727 Tcrtul.

533 5734 631 5791 lib.
668 5737 742 5790 De
778 5755 948 5794 resur.
981 5751 1033 5796 ct
1063 5758 1091 5793 v
1122 5754 1288 5795 contr.
1313 5734 1452 5797 Har.
1480 5748 1544 5800 ad
1564 5734 1685 5799 eum
1714 5734 1931 5797 inodum
1962 5743 2106 5809 Apo-

2114 5445 2136 5477 ⁸
2160 5445 2334 5502 Galat.
2372 5468 2423 5515 ν,
2452 5450 2502 5504 4.
2580 5450 2601 5482 ⁸
2628 5452 2755 5505 ibid.
2790 5452 2844 5506 2.
2926 5454 2945 5484 ⁶
2974 5450 2993 5503 l
3024 5452 3153 5507 Cor.
3181 5467 3273 5515 xv,
3316 5449 3402 5505 l6.

2202 3363 2412 3417 νᾶσθε·
2436 3364 2784 3432 φθείρουσιν
2805 3361 2918 3429 ἤθη
2948 3363 3181 3429 χρηστὰ
3205 3360 3427 3427 ὁμιλίαι
3446 3357 3624 3410 κακαί
3632 3374 3643 3387 ·
3672 3356 3781 3409 πά-

2204 3456 2287 3510 λιν
2307 3457 2361 3509 δὲ
2394 3460 2505 3518 τοῖς
2526 3455 2858 3523 λέγουσιτὸν
2888 3454 3117 3525 Χριστὸν
3160 3453 3384 3524 μηδέπω
3414 3449 3783 3520 ἐγηγερμένον

2205 3549 2466 3612 ὡσαύτως
2494 3550 2583 3602 τὸν
2617 3549 2837 3618 ἔλεγχον
2884 3548 3157 3616 ἐπιφέρει,
3192 3547 3383 3614 λέγων·
3427 3548 3495 3599 El
3532 3543 3785 3611 Χριστὸς

2205 3642 2315 3694 οὐκ
2359 3639 2684 3709 ἐγήγερται,
2720 3639 2975 3708 μάταιον
3012 3637 3078 3691 τὸ
3121 3636 3395 3707 κήρυγμα
3437 3634 3627 3703 ἡμῶν,
3672 3649 3785 3703 μα-

2207 3733 2341 3785 ταία
2371 3732 2466 3784 καὶ
2490 3733 2528 3799 ή
2553 3733 2755 3796 πίστις
2784 3729 2970 3799 ὑμῶν·
2998 3731 3393 3797 εὑρισκόμεθα
3418 3725 3486 3778 δὲ
3519 3725 3617 3777 καὶ
3636 3727 3809 3793 σφων-ι’

2206 3824 2569 3892 δομάρτυρες
2600 3823 2707 3877 τοῦ
2741 3822 2911 3887 Θεοῦ,
2939 3822 3026 3874 ὅτι
3048 3820 3247 3889 ἤγειρε
3272 3820 3378 3873 τὸν
3403 3814 3679 3886 Χριστὸν,
3714 3815 3788 3869 ὃν

2207 3918 2317 3969 οὐκ
2364 3915 2619 3984 ἤγειρεν·
2650 3916 2724 3978 ὡς
2758 3915 2867 3968 τῶν
2922 3915 3019 3985 μὲν
3056 3914 3369 3967 ἀποστόλων
3409 3909 3788 3982 κηρυττόντων

2208 4008 2443 4077 Χριστὸν
2496 4006 2808 4078 ἐγηγέρθαι,
2867 4007 3026 4058 τινῶν
3088 4005 3146 4059 δὲ
3201 4004 3462 4073 αἱρέσεων
3514 3999 3789 4069 λεγουσῶν

2209 4096 2443 4165 Χριστὸν
2488 4097 2582 4166 μὲν
2629 4094 2946 4165 ἐγηγέρθαι,
2988 4096 3214 4165 νεκροὺς
3257 4094 3315 4146 δὲ
3348 4092 3421 4163 μὴ
3454 4089 3786 4161 ἐγείρεσθαι.
3880 4106 3881 4111 ‘

2224 4189 2310 4240 Ἐν
2336 4187 2505 4259 ταύτῃ
2532 4188 2638 4257 γὰρ
2666 4191 2731 4258 τῇ
2773 4188 3012 4258 πατρίδι,
3045 4186 3189 4256 φημὶ
3216 4187 3273 4239 δὲ
3324 4186 3500 4257 Ἀσίᾳ,
3533 4184 3667 4237 ἀλλά
3694 4183 3790 4236 καὶ

2210 4277 2269 4328 ἐν
2292 4280 2359 4347 τῇ
2391 4278 2628 4349 Γαλατίᾳ.
2655 4279 2793 4331 πάνυ
2819 4278 3035 4347 ἤκμασε
3068 4278 3129 4330 τὺ
3162 4278 3367 4330 τούτων
3395 4277 3787 4338 διδασκαλεῖον,

2212 4371 2269 4421 ἐν
2291 4365 2371 4431 οἷς
2396 4370 2488 4422 καί
2512 4387 2562 4421 τι
2596 4369 2945 4439 παραδόσεως
2972 4370 3203 4441 πρᾶγμα
3230 4365 3391 4439 ἦλθεν
3414 4370 3495 4431 εἰς
3521 4370 3689 4438 ἡμᾶς·
3713 4366 3790 4429 ὡς

2144 4502 2190 4558 D
2212 4461 2371 4514 τινῶν
2403 4461 2501 4531 μὲν
2523 4465 2653 4531 παρ’
2675 4464 2856 4525 αὐτοῖς
2882 4460 3300 4533 προφθανόντων
3323 4460 3638 4529 τελευτῆσαι
3660 4459 3791 4513 ἀνευ

2218 4552 2611 4621 βαπτίσματος,
2647 4553 2838 4614 ἀλλους
2870 4553 2925 4605 δὲ
2956 4556 3070 4606 ἀντ’
3104 4552 3285 4607 αὐτῶν
3326 4554 3404 4614 είς
3440 4551 3611 4620 ὄνομα
3650 4549 3791 4601 ἐκεί-

2216 4661 2321 4696 νων
2351 4644 2721 4713 βαπτίζεσθαι,
2754 4647 2891 4717 ὑπέρ
2924 4645 3018 4698 τοῦ
3058 4645 3132 4717 μὴ
3165 4647 3222 4698 ἐν
3246 4647 3311 4715 τῇ
3343 4643 3637 4696 ἀναστάσει
3662 4641 3792 4693 ἀνα-

2218 4735 2445 4799 στάντας
2477 4737 2672 4798 αὐτοὺς
2698 4736 2851 4807 δίκην
2880 4736 3063 4790 δοῦναι
3090 4736 3376 4808 τιμωρίας,
3410 4734 3689 4805 βάπτισμα
3716 4734 3791 4805 μὴ
3834 4743 3844 4753 ⁸

2216 4826 2524 4897 εἰληφότας,
2563 4828 2806 4895 γίνεσθαι
2854 4829 2909 4881 δὲ
2960 4828 3303 4900 ὑποχειρίους
3335 4828 3434 4897 τῆς
3466 4826 3558 4879 τοῦ
3589 4844 3792 4896 κοσμο-

2215 4919 2367 4971 ποιοῦ
2399 4919 2664 4985 ἐξουσίας.
2700 4922 2810 4973 Καὶ
2832 4920 3020 4973 τούτου
3051 4920 3211 4974 ένεκα
3240 4922 3273 4991 ἡ
3304 4919 3599 4990 παράδοσις
3621 4918 3729 4988 (94)
3758 4920 3791 4987 ἡ

2214 5011 2443 5063 ἐλθοῦσα
2483 5014 2561 5075 εἰς
2603 5013 2750 5082 ἡμᾶς
2780 5030 2911 5083 φησι
2940 5013 3032 5065 τὸν
3065 5012 3228 5066 αὐτὸν
3266 5012 3421 5080 ἀγιον
3469 5010 3795 5064 Ἀπόστολον

2214 5102 2513 5172 εἰρηκέναι·
2554 5106 2623 5156 El
2656 5105 2809 5170 ὅλως
2839 5105 3040 5172 νεκροὶ
3077 5108 3188 5159 οὐκ
3221 5105 3568 5174 ἐγείρονται,
3606 5104 3663 5156 τί
3696 5085 3823 5189 xuii

2210 5193 2595 5257 βαπτίζονται
2624 5197 2774 5264 ὑπὲρ
2795 5196 2991 5250 αὐτῶν
3007 5214 3025 5261 ;
3055 5197 3250 5259 Καλῶς
3278 5197 3335 5249 δὲ
3368 5196 3515 5251 ἄλλοι
3542 5196 3601 5249 τὸ
3632 5193 3794 5266 ῥητὸν

2218 5287 2633 5358 ἑρμηνεύοντες,
2669 5292 2831 5359 φασιν
2864 5291 2945 5345 ὅτι
2992 5292 3041 5343 οἱ
3075 5290 3360 5362 μέλλοντες
3392 5282 3668 5360 τελευτᾷν,
3699 5289 3791 5341 ἐὰν

3489 5450 3509 5481 ⁷
3535 5449 3667 5503 ibid.
3698 5446 3781 5501 3‘2.

2217 5669 2342 5794 stqli
2379 5673 2557 5729 locum
2600 5671 2751 5729 illum
2785 5668 3139 5740 explicat:de
3169 5684 3279 5739 quo
3304 5669 3634 5737 interpretes
3658 5676 3795 5718 con-

2222 5758 2283 5794 Sil
2310 5760 2358 5794 Β.

2222 5758 2358 5797 sute.
