4170 6372
386 311 492 368 585

1003 310 1371 366 ADVERSUS
1409 310 1754 366 HERESES
1791 310 1917 366 LIB.
1959 312 1999 365 I.
2043 309 2185 366 TOM
2248 308 2311 364 II.
2343 339 2394 349 —
2422 307 2697 364 IIIERES.
2739 307 2974 363 XXVIII.

3545 308 3652 365 586

381 425 484 485 ὦσι
515 429 939 502 κατηχούμενοι,
979 432 1074 484 ἐπὶ
1102 432 1275 504 ταύτῃ
1313 435 1379 504 τῇ
1407 433 1583 486 ἐλπίδι
1613 433 1718 504 πρὸ
1747 433 1848 502 τῆς
1880 450 1962 486 τε-

2083 432 2411 500 iaptizantur
2448 446 2544 496 pro
2576 430 2780 498 ipsis“?
2828 429 3030 482 Verum
3074 429 3162 482 alii
3217 428 3504 484 commode
3548 429 3653 484 hoc

379 523 579 592 λευτῆς
608 522 836 596 λουτροῦ
871 523 1275 588 καταξιοῦνταιο
1313 525 1642 588 δεικνύντες,
1682 526 1764 578 ὅτι
1805 527 1833 578 ὁ
1876 543 1966 578 τε-

379 615 651 684 λευτήσας
685 615 781 666 καὶ
810 615 1197 684 ἀναστήσεται,
1230 615 1324 667 καὶ
1364 613 1452 667 διὰ
1488 613 1649 667 τοῦτο
1699 614 1969 666 ἐπιδέεται

381 705 481 774 τῆς
509 704 599 757 διά
624 705 718 756 τοῦ
750 704 976 778 λουτροῦ
1013 705 1262 775 ἀφέσεως
1286 705 1718 776 ἁμαρτημάτων.
1753 704 1968 757 Τούτων

382 797 438 849 δὲ
467 799 515 851 οἱ
550 797 647 868 μὲν
674 799 764 850 τὸν
796 798 1030 869 Χριστὸν
1070 799 1292 869 μηδέπω
1332 798 1630 869 ἐγηγέρθαι
1659 797 1969 868 κεκηρύχαε

385 907 489 952 σιν,
520 890 840 944 ἀνίστασθαι
879 891 935 944 δὲ
973 891 1112 962 μετά
1140 893 1378 945 πάντων
1412 893 1462 944 οἱ
1492 893 1567 956 δὲ,
1607 893 1689 945 ὅτι
1719 891 1855 954 ὅλως
1885 909 1969 944 νει

383 984 506 1054 κροὶ
533 984 632 1036 οὐκ
676 985 1095 1055 ἀναστήσονται.
1128 983 1218 1036 Διὸ
1255 983 1420 1054 μέσος
1449 985 1704 1055 χωρήσας
1741 986 1769 1036 ὁ
1811 983 1971 1036 Ἀπό-

385 1074 570 1137 στολος
609 1075 745 1145 πρὸς
789 1074 1133 1146 ἀμφοτέρους
1165 1073 1388 1137 τούτους
1421 1077 1514 1127 καὶ
1542 1075 1641 1140 τὰς
1665 1075 1858 1136 λοιπὰς
1886 1075 1973 1126 αἱ-

389 1167 588 1240 ρέσεις,
618 1169 675 1219 ὲν
702 1170 768 1238 τῇ
808 1169 907 1238 μιᾷ
940 1168 1174 1239 ἐργασίᾳ
1207 1169 1307 1237 τὴν
1341 1168 1651 1239 ἀνατροπὴν
1678 1167 1971 1236 πεποίηται

385 1262 442 1313 ὲν
489 1262 555 1330 τῇ
601 1261 728 1331 περὶ
768 1260 978 1331 νεκρῶν
1029 1260 1344 1323 ἀναστάσει,
1398 1262 1492 1313 καὶ
1524 1262 1581 1313 ὲν
1615 1263 1734 1323 ταῖς
1769 1277 1974 1330 μαρτυ-

388 1353 554 1424 ρίαις,
592 1349 681 1416 αἷς
711 1354 853 1407 κατά
884 1353 1191 1423 λεπτότητα
1223 1353 1456 1418 διεξιὼν,
1499 1354 1597 1425 τὴν
1626 1352 1848 1423 βεϐαίαν
1876 1351 1972 1404 σύ-

388 1460 577 1498 στασιν
607 1447 904 1513 ἐποιήσατο
933 1447 1034 1516 τῆς
1077 1444 1185 1498 τῶν
1224 1444 1432 1516 νεκρῶν
1473 1446 1848 1508 ἀναστάσεως,
1879 1443 1974 1496 καὶ

357 1537 681 1606 οσωτηρίας,
733 1539 828 1590 καὶ
873 1537 1109 1601 ἐλπίδος,
1170 1537 1424 1606 φασκωνο
1460 1538 1557 1592 Δεῖ
1593 1538 1660 1591 t‘d
1709 1537 1974 1608 φθαρτὸν

384 1627 562 1682 τοῦτο
612 1629 986 1684 ἐνδύσασθαι
1038 1630 1404 1698 ἀφθαρσίαν,
1464 1631 1564 1684 καὶ
1620 1629 1688 1682 τὸ
1753 1629 1976 1694 θνητὸν

386 1717 563 1774 τοῦτο
589 1720 962 1776 ἐνδύσασθαι
1003 1721 1359 1774 ἀθανασίαν·
1391 1721 1486 1775 καὶ
1519 1720 1680 1774 πάλιν
1712 1722 1816 1784 ὅτι,
1839 1724 1974 1787 Χρι-

2069 522 2310 593 Apostoli
2336 523 2544 576 dictum
2584 522 3022 589 interpretantur
3048 521 3115 575 de
3163 521 3231 574 iis
3272 521 3365 590 qui
3415 522 3654 575 instante

2071 621 2264 679 morte,
2315 614 2360 670 si
2405 613 2625 684 quidem
2665 613 3049 666 catechumeni
3093 613 3224 674 sint,
3277 628 3341 665 ea
3394 628 3488 683 spe
3529 611 3654 666 freti

2072 720 2227 758 sacra
2259 705 2531 758 lavatione
2565 713 2900 773 purgantur;
2934 718 2997 755 ac
3025 712 3273 756 mortuos
3300 711 3654 758 surrecturus

2071 814 2193 852 esse
2226 797 2631 857 demonstrant,
2669 797 2739 849 ob
2784 797 2946 864 idque
2977 795 3380 850 condonntione
3414 797 3503 848 illa
3537 812 3655 850 sce—

2074 891 2267 955 lerum,
2302 903 2424 958 quae
2453 904 2547 959 per
2579 889 2908 957 baptismum
2936 888 3214 940 oblinetur
3251 887 3514 955 indigere.
3551 887 3658 941 Sed

2075 981 2289 1034 illorum
2337 981 2427 1033 alii
2482 979 2724 1033 nondum
2782 978 3062 1032 Christum
3112 979 3422 1032 surrexisse
3459 978 3656 1048 praedi-

2073 1081 2220 1136 cant,
2252 1087 2316 1126 ac
2346 1088 2468 1125 cum
2516 1073 2730 1126 caeteris
2775 1073 3033 1125 omnibus
3077 1087 3199 1126 esse
3239 1085 3659 1132 surrecturum;

2073 1165 2164 1218 alii
2195 1174 2442 1218 mortuos
2485 1171 2834 1218 surrecturos
2869 1179 3108 1232 unquam
3140 1163 3389 1218 funditus
3436 1171 3658 1234 negant.

2074 1256 2266 1326 Itaque
2308 1257 2547 1311 medium
2579 1255 2852 1326 quoddam
2885 1258 2988 1310 iter
3032 1258 3316 1326 ingressus
3363 1257 3682 1326 Apostolus

2075 1366 2202 1406 cum
2254 1358 2525 1419 utrosque
2559 1349 2701 1412 illos,
2743 1358 2856 1402 tum
2905 1350 3146 1418 reliquas
3190 1364 3380 1405 omnes
3423 1350 3662 1405 hiereses

2074 1441 2262 1496 eadem
2296 1457 2463 1511 opera
2495 1441 2789 1500 disturbat,
2827 1456 2949 1494 cum
2983 1440 3048 1494 de
3078 1449 3420 1494 mortuorum
3454 1443 3663 1496 excita-

2076 1535 2222 1589 tione
2259 1533 2524 1603 disputat,
2573 1541 2736 1604 atqne
2777 1534 3048 1601 ejusmodi
3105 1536 3434 1588 testimoniis
3467 1535 3661 1601 utitur,

2076 1625 2279 1694 quibus
2302 1625 2619 1694 singillatim
2643 1624 2909 1693 expositis
2930 1632 3275 1678 mortuorum
3300 1629 3662 1682 resurrectio-

2076 1731 2224 1781 nem,
2292 1731 2356 1769 ac
2414 1717 2648 1770 salutem
2703 1723 2756 1770 et
2803 1731 2956 1784 spem
3008 1723 3254 1770 nostram
3313 1717 3664 1774 solidissimis

385 1811 536 1877 στὸς
581 1811 889 1880 ἐγήγερται
922 1812 1164 1880 ἀπαρχὴ
1197 1811 1317 1865 τῶν
1355 1812 1817 1882 κεκοιμημένων,
1872 1813 1972 1865 ἵνα

2083 1809 2380 1863 rationibus
2414 1808 2722 1872 conﬁrmat,
2767 1807 2851 1861 his
2883 1808 3065 1862 verbis
3096 1825 3110 1862 :
3147 1806 3364 1877 Oportet
3406 1811 3501 1863 hoc
3545 1829 3664 1864 cor-

386 1902 486 1966 τάς
547 1904 863 1975 ἀμφοτέρας
911 1904 1122 1974 σχέσεις
1161 1904 1270 1957 τῶν
1313 1903 1579 1975 αἱρέσεων
1623 1903 1868 1972 ἐλέγξας,
1910 1904 1972 1956 τὸ

389 1994 689 2064 ἁμόλυντον
718 1995 816 2065 τῆς
844 1995 1192 2058 διδασκαλίας
1224 1998 1486 2067 κήρυγμα
1518 1993 1577 2058 ἐξ
1608 1994 1866 2064 ἀληθείας
1896 1997 1972 2045 δι-

388 2085 520 2157 δάξῃ
567 2087 693 2150 τοὺς
741 2086 1098 2158 βουλομένους
1143 2087 1344 2140 εἰδέναι
1386 2086 1486 2156 τὴν
1526 2085 1619 2138 τοῦ
1667 2085 1801 2138 Θεοῦ
1846 2084 1976 2154 ἀλή-

391 2177 542 2232 θειαν
575 2180 672 2232 καὶ
701 2180 1019 2251 σωτηριώδη
1050 2179 1420 2233 διδασκαλίαν.

2078 1901 2323 1969 ruptibile
2345 1901 2559 1954 induere
2594 1902 3059 1969 incorruptionem,
3100 1909 3149 1955 et
3181 1901 3276 1955 hoc
3316 1904 3541 1957 mortale
3582 1905 3665 1957 in-

2077 1994 2236 2048 duere
2264 1995 2718 2048 immortalitatem
2747 1997 2802 2061 ²;
2832 2010 2893 2049 ac
2919 2011 3139 2050 rursum
3174 2016 3185 2049 :
3219 1995 3461 2052 Christus
3490 2015 3667 2052 resur-

2082 2089 2218 2140 rexit
2264 2088 2512 2155 primitias
2552 2088 2926 2140 dormientium
2946 2089 2988 2151 ³,
3044 2099 3104 2142 ut
3154 2089 3436 2143 ambarum
3501 2091 3670 2144 hatre-

2082 2195 2236 2233 seum
2281 2181 2742 2249 respondentibus
2781 2179 2881 2234 sibi
2925 2195 2992 2234 ex
3041 2181 3274 2235 adverso
3315 2182 3667 2250 opinionibus

389 2271 670 2327 convulsis
691 2287 876 2326 veram
912 2287 976 2326 ac
1005 2272 1278 2327 sinceram
1310 2272 1636 2328 Christianae
1662 2271 1786 2326 ﬁdei
1839 2270 2186 2341 disciplinam
2255 2271 2326 2328 iis
2392 2271 2654 2337 traderet,
2692 2272 2787 2342 qui
2827 2272 3070 2326 divinam
3120 2273 3407 2329 veritatem
3459 2273 3669 2328 saluta-

387 2377 614 2433 remque
639 2363 948 2430 doctrinam
976 2363 1178 2418 vellent
1212 2365 1512 2433 percipere.

460 2460 542 2513 H’.
578 2458 928 2529 Πανταχόθεν
975 2458 1157 2516 τοίνυν
1202 2460 1453 2532 φωρατδς
1494 2460 1558 2515 ἂν
1584 2461 1670 2532 εἴη
1705 2458 2005 2531 Κήρινθος.

389 2554 485 2607 καὶ
506 2555 552 2607 οἱ
577 2553 670 2606 ἀπ’
702 2551 866 2606 αὐτοῦ
893 2552 1286 2624 ἀπατηθέντες,
1320 2555 1370 2606 οἱ
1399 2553 1650 2628 τάλανες,
1676 2555 1769 2606 καὶ
1797 2553 1978 2616 ἀλλοις

389 2645 552 2696 αἴτιοι
573 2645 861 2711 γεγονότες
890 2643 1186 2710 ἀπωλείας,
1211 2645 1321 2700 τῶν
1344 2645 1502 2699 θείων
1522 2645 1756 2716 Γραφῶν
1788 2645 1978 2713 σαφῶς

391 2737 522 2804 ἡμῖν
541 2733 685 2786 κατά
709 2733 1016 2804 λεπτότητα
1039 2735 1169 2804 περὶ
1185 2735 1402 2788 πάντων
1420 2734 1812 2805 διηγουμένων.
1839 2732 1978 2786 Οὔτε

390 2829 499 2900 γὰρ
515 2829 578 2880 ἐκ
601 2827 917 2898 σπέρματος
950 2827 1146 2899 Ἰωσὴφ
1164 2831 1192 2881 ὁ
1207 2828 1460 2898 Χριστός·
1483 2829 1605 2881 ἐπεὶ
1635 2828 1753 2890 πῶς
1774 2827 1854 2880 ἔτι
1881 2845 1979 2898 ση-

395 2924 548 2990 μεῖον
578 2919 665 2990 εἴη
701 2920 762 2973 τὸ
793 2920 1069 2991 γέννημα;
1104 2921 1197 2974 καὶ
1222 2920 1284 2974 τὸ
1312 2920 1461 2992 παρά
1488 2921 1566 2991 τῷ
1600 2921 1802 2992 Ἡσαΐᾳ
1828 2923 1982 2990 εἰρη-

396 3013 554 3081 μένον
571 3013 687 3076 πῶς
703 3012 783 3065 ἔτι
821 3012 1253 3085 συσταθήσεται,
1288 3014 1360 3076 ὡς
1389 3009 1560 3066 εἷπεν’
1594 3011 1648 3066 Ἀ
1659 3014 1847 3078 ὺτὸςό
1864 3012 1985 3065 Κύ-

2159 2454 2319 2525 115
2349 2451 2463 2508 Vll.
2520 2452 2790 2518 Quocirca
2835 2452 3214 2523 deprehensus
3273 2457 3516 2527 undique
3569 2458 3674 2515 Ce-

2082 2546 2302 2601 rinthus
2337 2561 2400 2599 ac
2434 2547 2721 2600 convictus
2753 2556 2991 2610 tenetur,
3027 2563 3136 2601 una
3174 2563 3299 2602 cum
3331 2550 3420 2616 iis,
3455 2553 3548 2621 qui
3577 2568 3674 2608 eo—

2085 2640 2207 2695 dem
2253 2640 2308 2693 in
2349 2655 2536 2694 errore
2568 2649 2880 2703 versantur,
2926 2638 3174 2695 infelices
3221 2641 3470 2699 homines
3510 2654 3673 2716 atque

2085 2733 2331 2801 ejusdem
2356 2747 2544 2786 secum
2568 2732 2721 2787 exitii
2751 2731 2876 2784 aliis
2908 2732 3132 2801 insuper
3163 2743 3436 2800 auctores,
3473 2737 3676 2807 quippe

2085 2841 2210 2879 cum
2252 2825 2368 2878 haec
2400 2825 2582 2878 omnia
2617 2839 2789 2879 sacrae
2831 2824 3028 2878 littera:
3057 2828 3347 2896 perspicue
3390 2839 3675 2885 accurate-

2087 2934 2196 2987 que
2234 2918 2395 2973 nobis
2437 2917 2748 2972 edisserant
2778 2934 2792 2971 :
2825 2931 2950 2970 nam
2996 2933 3176 2987 neque
3219 2921 3286 2974 de
3320 2919 3543 2992 Josephi
3588 2939 3676 2978 se-

2089 3012 2238 3066 mine
2263 3020 2426 3065 natus
2459 3020 2544 3066 est
2572 3009 2830 3066 Christus
2859 3029 2872 3065 :
2911 3012 3005 3080 qui
3037 3013 3182 3067 enim
3214 3014 3520 3084 prodigium
3549 3030 3678 3084 pos-

384 3121 516 3170 ριος
581 3103 762 3157 δώσει
807 3104 952 3174 ὑμῖν
989 3105 1265 3174 σημεῖον·
1312 3104 1467 3160 Ἰδοὺ
1501 3106 1541 3173 ἠ
1589 3101 1885 3172 παρθένος
1919 3103 1979 3155 ἐν

2091 3112 2174 3158 set
2207 3104 2354 3158 illius
2395 3120 2518 3159 esse
2548 3105 2852 3174 generatio,
2903 3121 2966 3160 ac
3008 3106 3154 3175 quod
3199 3106 3270 3159 ab
3300 3107 3434 3161 Isaia
3464 3108 3672 3162 dictum

394 3197 606 3265 γαστρὶ
637 3196 782 3262 ἕξει,
819 3197 918 3251 καὶ
957 3197 1190 3262 τέξεται
1229 3197 1384 3259 υἱὸν,
1434 3198 1531 3250 καὶ
1559 3196 1629 3250 τὰ
1666 3195 1828 3266 ἑξῆς
1859 3195 1985 3258 Πῶς

393 3289 450 3341 δὲ
493 3290 574 3343 ἔτι
617 3290 1042 3362 πληρωθήσεται
1074 3290 1136 3342 τὸ
1178 3289 1467 3362 εἰρημένον
1513 3289 1665 3360 παρά
1696 3288 1797 3358 τῆς
1825 3287 1984 3356 ἁγίας

395 3381 674 3452 Παρθένου
711 3383 850 3453 πρὸς
873 3383 966 3436 τὸν
995 3381 1254 3454 Γαδριήλο
1297 3381 1429 3447 Πῶς
1461 3382 1632 3434 ἔσται
1669 3381 1866 3444 τοῦτο,
1895 3379 1985 3433 ὅτι

394 3474 585 3542 ἄνδρα
610 3477 682 3528 οὐ
724 3475 1034 3545 Tiribazo);
1070 3477 1165 3529 καὶ
1213 3475 1378 3528 αὐτοῦ
1422 3475 1690 3543 λέγοντος·
1740 3474 1987 3542 Πνεῦμα

395 3565 566 3634 ἅγιον
597 3567 988 3620 ἐπελεύσεται
1011 3568 1110 3620 ἐπὶ
1143 3567 1238 3630 σὲ,
1279 3567 1378 3620 καί
1412 3566 1666 3636 δύναμις
1700 3566 1985 3634 Ὑψίστου

393 3658 738 3712 ἐπισκιάσει
771 3675 890 3723 σοι,
947 3660 1043 3712 καὶ
1090 3659 1158 3712 τά
1201 3659 1360 3730 έξῆς;
1409 3660 1533 3723 Πῶς
1579 3660 1635 3713 δὲ
1680 3660 1842 3715 πάλιν
1885 3660 1986 3713 οὐκ

395 3750 787 3822 ἐλεγχθήσεται
826 3752 1006 3806 αὐτῶν
1039 3753 1070 3823 ἡ
1099 3753 1278 3816 ἄνοια,
1307 3752 1402 3805 τοῦ
1431 3752 1766 3821 Εὐαγγελίου
1798 3752 1984 3821 σαφῶς

396 3840 646 3909 λέγοντος
706 3845 810 3908 ὅτι,
853 3843 1086 3911 Εὑρέθη
1127 3844 1197 3895 ἐν
1236 3843 1452 3911 γαστρὶ
1494 3845 1727 3912 ἔχουσα
1765 3845 1906 3913 πρὶν
1945 3845 1983 3912 ἢ

396 3934 719 3989 συνελθεῖν
738 3937 994 4000 αὑτούς;
1027 3937 1185 3988 Ἔστι
1213 3937 1270 3989 δὲ
1303 3937 1505 4005 γνῶναι
1530 3936 1738 4004 σαφῶς,
1764 3937 1846 3989 ὅτι
1865 3935 1985 3989 οὐδὲ

395 4029 533 4091 ὅλως
572 4027 850 4098 συνῆλθον.
878 4028 969 4098 Μὴ
1013 4029 1222 4097 γένοιτο
1250 4028 1358 4100 γὰρ
1392 4027 1551 4081 τοῦτο
1581 4028 1786 4080 εἰπεῖνῐ
1833 4027 1986 4080 Ἐπεὶ

395 4121 498 4173 οὐκ
533 4121 599 4173 ἂν
642 4120 779 4190 μετά
815 4121 1050 4192 σταυρὸν
1074 4122 1186 4191 (95)
1224 4121 1471 4192 προενόει
1513 4120 1859 4192 παραθέσθαι
1889 4121 1985 4172 αὑ-

397 4213 495 4283 τὴν
538 4213 757 4284 Ἰωάννῃ
782 4213 860 4283 τῷ
891 4214 1032 4283 ἁγίῳ
1066 4213 1343 4283 παρθένῳ,
1377 4213 1452 4276 ὡς
1475 4213 1643 4281 λέγει·
1673 4213 1786 4266 Ἴδε
1807 4213 1844 4280 ἡ
1870 4211 1986 4281 μή·

398 4327 509 4375 τηρ
540 4326 676 4363 σου·
708 4310 804 4362 καὶ
837 4313 904 4380 τῇ
940 4311 1100 4381 αὐτῇ·
1143 4309 1263 4365 Ἴδε
1297 4313 1330 4359 ὀ
1361 4311 1492 4374 υἱός
1521 4327 1659 4364 σου.
1696 4310 1843 4363 Ἔδει
1874 4311 1986 4382 γὰρ

399 4403 562 4456 αὑτὸν
610 4403 945 4474 παραδοῦναι
995 4403 1166 4474 αὐτὴν
1210 4406 1322 4467 τοῖς
1361 4404 1532 4474 αὐτῆς
1578 4405 1896 4472 συγγενέσιν

398 4499 512 4559 τοῖς
550 4497 761 4558 τέκνοις
807 4495 902 4548 τοῦ
943 4496 1160 4568 Ἰωσὴφ,
1201 4498 1356 4568 εἴπερ
1392 4492 1532 4568 ἦσαν
1566 4498 1624 4564 ἐξ
1655 4500 1845 4568 αὐτῆς,
1888 4501 1986 4551 Ἰα-

401 4586 562 4658 κὼϐῳ
592 4587 737 4658 φημὶ
764 4588 859 4640 καὶ
900 4588 1056 4658 Ἰωσῇ
1096 4589 1190 4640 καὶ
1234 4587 1404 4659 Ἰούδᾳ
1433 4589 1526 4642 καὶ
1549 4589 1820 4658 Συμεῶνι,
1849 4591 1986 4652 υἱοῖς

399 4677 521 4732 οὖσι
547 4680 640 4732 τοῦ
680 4680 880 4750 Ἰωσὴφ
900 4678 1014 4751 (96)
1049 4680 1160 4733 ἀπὸ
1188 4682 1288 4744 τῆς
1325 4679 1491 4751 ἄλλης
1525 4681 1806 4748 γυναικός.
1851 4679 1986 4733 Οὐδὲ

399 4772 530 4843 γάρ,
576 4773 657 4825 ὅτι
705 4772 972 4845 κέχρηται
1022 4775 1088 4844 τῇ
1139 4772 1422 4844 Παρθένῳ,
1470 4771 1608 4835 ὅλως
1645 4771 1982 4842 εὑρίσκεται,

403 4865 542 4936 μετά
577 4865 635 4917 τὸ
664 4863 1055 4936 γεγεννηκέναι
1083 4867 1116 4935 ἡ
1151 4863 1431 4936 Παρθένος
1475 4864 1766 4934 ἄχραντος.
1827 4863 1986 4917 Ἀλλά

399 4956 529 5027 περὶ
554 4954 760 5008 τούτων
791 4956 890 5026 ἤδη
923 4955 982 5007 ἐν
1007 4953 1153 5024 ἄλλῳ
1186 4971 1276 5024 μοι
1315 4953 1460 5024 λόγῳ
1504 4953 1692 5021 σαφῶς
1735 4968 1988 5023 πεπραγ-

403 5049 688 5118 μάτευται,
723 5048 815 5100 καὶ
849 5046 1432 5117 πραγματευθήσεται.
1464 5041 1593 5098 ’Ὧδε
1629 5045 1686 5098 δὲ
1717 5046 1775 5099 ἐν
1807 5045 1986 5115 μέρει,

398 5143 475 5205 ὡς
509 5143 566 5194 ὲν
600 5140 958 5211 παρεκδρομῇ
991 5139 1120 5209 περὶ
1147 5139 1248 5208 τῆς
1275 5138 1482 5191 τούτων
1505 5138 1815 5201 ὑποθέσεως
1843 5137 1987 5208 εἴρη-

486 5297 695 5352 ‘ICor.
723 5313 814 5359 xv,
842 5296 933 5351 29.
1010 5298 1032 5328 ³
1066 5295 1201 5351 ibid.
1237 5293 1329 5351 55.
1426 5295 1448 5326 ³
1476 5293 1610 5349 ibid.
1646 5293 1738 5348 20.
1844 5292 1867 5324 ‘
1902 5292 1984 5348 Isa

399 5376 422 5409 ⁸
453 5368 614 5424 Joan.
639 5385 753 5430 XIX,
784 5368 875 5431 26,
899 5366 993 5420 27.

477 5485 586 5554 (93)
646 5486 806 5539 Ἐπεὶ
833 5487 946 5539 οὐκ
987 5483 1065 5538 ἂν
1101 5479 1256 5554 μετὰ
1303 5480 1591 5554 σταυρόν.
1633 5477 1778 5532 Idem
1826 5491 1989 5554 argui:

403 5547 644 5610 mentum
678 5565 835 5626 urget
863 5547 1132 5609 Adversus
1171 5547 1472 5626 Helvidium
1504 5547 1877 5618 Hieronymus
1902 5566 1913 5600 :

403 5626 558 5693 furor
589 5618 782 5687 δανειιεῖ
817 5636 866 5680 et
910 5629 967 5678 in
999 5627 1273 5695 proprium
1315 5623 1537 5695 exitium
1569 5636 1712 5695 mens
1742 5635 1938 5671 vesana
1961 5618 1982 5670 ,ν

409 5691 552 5750 Dieis
592 5696 660 5750 ad
705 5713 914 5750 crucem
956 5691 1174 5749 Domini
1213 5704 1437 5747 matrem
1474 5691 1590 5760 ejus
1622 5691 1788 5757 fuisse
1837 5705 1980 5757 prte-

404 5777 622 5822 scntem.
681 5767 828 5822 Dicis
871 5767 1072 5823 Joanni
1121 5765 1383 5834 discipulo
1436 5761 1499 5817 ob
1553 5760 1892 5824 viduitatem,
1931 5769 1980 5813 et

1903 4405 2060 4506 ζῆι)

1995 5332 2009 5347 .
2040 5307 2139 5358 vn,
2172 5290 2259 5345 M.

2085 3202 2169 3250 est
2194 3195 2413 3264 probari
2438 3197 2666 3250 omnino
2696 3205 2916 3266 posset:
2939 3196 3198 3251 Dominus
3225 3198 3333 3265 ipse
3353 3197 3498 3252 dabit
3531 3199 3673 3254 vobis

2085 3289 2295 3358 signum
2321 3306 2335 3341 :
2365 3287 2501 3341 Ecce
2527 3289 2672 3357 virgo
2707 3290 2980 3357 concipiet,
3005 3301 3054 3342 et
3083 3291 3252 3356 pariet
3277 3291 3448 3357 ﬁlium
3468 3290 3508 3353 ⁸,
3527 3292 3673 3347 etc.?

2086 3379 2336 3447 Quanam
2359 3397 2489 3436 vero
2519 3382 2732 3436 ratione
2757 3381 2942 3451 perlici
2966 3383 3165 3451 poterit
3195 3383 3350 3447 illud,
3379 3383 3526 3453 quod
3560 3382 3673 3437 Ga-

2085 3471 2246 3526 bricli
2285 3470 2452 3542 Virgo
2482 3472 2828 3526 sanctissima
2857 3471 2993 3526 dixit
3025 3490 3038 3525 :
3071 3472 3346 3537 Quomodo
3387 3475 3477 3543 fiet
3504 3474 3672 3536 istud,

2085 3565 2338 3635 quoniam
2382 3565 2551 3618 virum
2585 3581 2688 3618 non
2718 3580 2972 3634 cognosco
2993 3563 3054 3616 ?
3083 3566 3170 3619 cui
3211 3565 3300 3619 ille
3346 3566 3628 3635 respondit
3655 3583 3670 3618 :

2088 3655 2324 3724 Spiritus
2357 3667 2575 3711 sanctus
2599 3657 2920 3726 superveniet
2951 3658 3004 3711 in
3036 3667 3106 3719 te,
3136 3667 3184 3711 et
3217 3660 3383 3712 virtus
3407 3661 3676 3714 Altissimi

2087 3749 2423 3802 obumbrabit
2460 3750 2608 3813 tibi“,
2633 3751 2770 3804 elc.?
2788 3748 2981 3805 Nonne
3015 3751 3232 3805 illorum
3266 3767 3414 3807 exeo
3447 3753 3675 3808 stultitia

2089 3841 2250 3898 facile
2282 3845 2650 3905 convincitur,
2682 3843 2826 3914 quod
2858 3843 3066 3899 diserte
3113 3845 3166 3898 in
3205 3844 3500 3916 Evangelia
3537 3849 3675 3902 scri-

2087 3945 2238 4004 ptum
2280 3943 2404 3990 est:
2440 3934 2662 3990 Inventa
2713 3944 2790 3990 est
2837 3936 2892 3988 in
2925 3947 3076 3989 utero
3137 3936 3332 3990 habens
3391 3948 3673 4007 antequam

2087 4027 2422 4081 convenirent
2453 4028 2516 4078 "?
2545 4027 2684 4080 Illud
2727 4035 2909 4080 autem
2957 4027 3329 4080 certissimum
3395 4035 3498 4092 est,
3534 4044 3674 4080 nun-

2087 4135 2251 4188 quam
2292 4119 2414 4174 illos
2453 4119 2680 4174 omnino
2717 4118 3063 4174 convenisse.
3115 4117 3274 4171 Absit
3319 4118 3466 4172 enim
3519 4128 3579 4172 ut
3619 4118 3676 4174 id

2089 4226 2328 4280 unquam
2361 4211 2630 4265 dicamus!
2677 4210 2892 4278 Alioqui
2924 4225 3048 4263 cum
3093 4209 3146 4263 in
3182 4225 3348 4264 cruce
3389 4211 3672 4280 penderet,

2087 4321 2194 4360 non
2232 4314 2424 4359 sancto
2458 4303 2677 4368 Joanni,
2710 4303 2802 4372 qui
2837 4310 2892 4356 et
2937 4303 3053 4372 ipse
3090 4301 3456 4372 virginitatem
3498 4319 3677 4358 servao

2089 4401 2188 4462 vit,
2237 4407 2465 4452 matrem
2514 4395 2921 4451 commendaret
2947 4409 3125 4460 suam,
3183 4411 3306 4449 cum
3346 4397 3419 4450 ita
3460 4397 3678 4451 locutus

2089 4498 2174 4545 est
2210 4508 2223 4544 :
2259 4489 2391 4543 Ecce
2451 4497 2621 4542 mater
2675 4499 2788 4542 tua.
2854 4487 2921 4540 Et
2971 4487 3118 4540 illam
3169 4487 3492 4556 alloquens:
3543 4487 3678 4542 Ecce

2091 4584 2239 4652 ﬁlius
2272 4593 2394 4636 tuus
2414 4582 2457 4634 ⁸.
2493 4579 2650 4634 lianc
2695 4579 2838 4634 enim
2876 4581 2960 4632 vel
2990 4580 3240 4648 cognatis
3275 4580 3390 4634 suis
3421 4581 3676 4633 commit-

2089 4687 2204 4728 tere
2240 4673 2505 4743 oportuit,
2549 4672 2632 4725 vel
2662 4669 2882 4740 Joscphi
2929 4671 3135 4734 liberis,
3182 4671 3227 4724 si
3267 4687 3406 4739 quos
3449 4688 3513 4725 ex
3558 4671 3675 4740 ipsa

2089 4767 2412 4830 sustulerat,
2444 4773 2573 4834 puta
2603 4762 2827 4827 Jacobo,
2858 4762 3009 4827 Jose,
3047 4763 3214 4824 ludar,
3247 4762 3508 4825 Simeoni,
3535 4780 3678 4832 quos

2089 4859 2361 4929 Josephus
2407 4859 2510 4911 alia
2555 4873 2621 4912 ex
2655 4871 2826 4910 uxore
2879 4865 3161 4926 genuerat.
3202 4854 3388 4924 Neque
3439 4856 3583 4909 enim
3615 4855 3678 4906 il-

2097 4954 2206 5008 lttm
2236 4968 2360 5006 cum
2397 4951 2567 5004 Maria
2602 4951 2958 5005 consuevisse
3004 4950 3114 5003 ullo
3152 4948 3313 5002 modo
3345 4948 3672 5016 reperimus,

2098 5053 2454 5114 posteaquam
2488 5042 2807 5110 incorrupta
2842 5041 2931 5094 illa
2965 5049 3018 5093 et
3051 5039 3364 5093 castissima
3395 5036 3559 5105 Virgo
3583 5052 3674 5106 pe-

2095 5137 2260 5205 perit.
2299 5132 2502 5189 Verum
2531 5132 2600 5187 de
2626 5131 2713 5186 his
2741 5131 2848 5184 alio
2876 5131 2931 5184 in
2965 5130 3102 5183 libro
3136 5136 3394 5183 accurate
3418 5127 3676 5180 tractavi-

2836 5286 2856 5318 ⁶
2878 5282 3008 5337 ibid.
3047 5282 3137 5338 55.

2364 5289 2385 5320 ⁵
2413 5286 2550 5342 Luc.
2579 5303 2620 5351 ι,
2649 5287 2737 5344 54.
2836 5286 2856 5318 ⁶
2878 5282 3008 5337 ibid.
3047 5282 3137 5338 55.
3251 5283 3270 5312 '
3301 5281 3489 5336 Matth.
3523 5283 3677 5348 t,18.

2096 5473 2437 5529 solitudinem
2467 5470 2912 5534 commendatam,
2949 5471 3103 5540 quasi
3142 5471 3306 5540 juxta
3348 5479 3395 5524 te
3437 5487 3540 5524 non
3581 5471 3681 5524 ha-

2096 5548 2236 5601 beret
2282 5554 2511 5614 quatuor
2560 5543 2697 5604 ﬁlios
2718 5551 2828 5614 2’νει
2869 5543 3174 5614 innumeras
3217 5543 3397 5614 ﬁlias_,
3454 5559 3678 5610 quarum

2093 5612 2358 5670 consortio
2389 5615 2676 5684 frueretur.
2717 5612 2840 5666 Vid.
2882 5613 3116 5682 August.
3155 5614 3248 5666 lib.
3281 5628 3296 5665 ι
3342 5612 3418 5664 De
3461 5627 3588 5681 nup.
3627 5620 3678 5665 et

2091 5702 2335 5753 concup.,
2365 5701 2488 5754 cap.
2527 5684 2584 5754 I_I
2601 5721 2614 5734 .

2163 5749 2275 5830 (96)
2324 5749 2480 5821 Υὶοῗς
2511 5749 2652 5810 οὖσι
2692 5752 2800 5808 τοῦ
2837 5752 3080 5822 Ἰωσήφ.
3117 5751 3253 5808 Vide
3285 5752 3419 5808 hazr.
3443 5767 3672 5808 lix-svnt.
