4170 6372
502 335 612 405 '58?

1865 349 1920 404 s.
1950 335 2292 402 EI‘II‘HANII

3651 330 3755 404 388

503 477 648 525 mus,
693 461 1160 532 tractabimusque
1207 471 1414 532 postea.
1458 461 1676 516 Interim
1705 461 1809 514 hoc
1852 461 1908 514 in
1955 461 2078 514 loco

2192 480 2286 524 cat,
2330 462 2415 515 ἵνα
2461 464 2554 534 μὴ.
2601 465 2804 535 ἐτέρων
2851 460 3146 536 δηγμάτων
3178 465 3499 535 βουλόμενος
3530 465 3756 534 ποιῆσαι

503 569 678 624 pauca
705 553 952 624 quaedam
983 554 1049 608 de
1077 554 1181 607 hoc
1220 563 1541 624 argumento
1576 554 1722 606 velut
1749 553 1924 606 obiter
1951 553 2077 605 atti-

504 646 702 713 gimus,
749 659 819 698 ne
845 643 973 696 dum
1023 644 1144 697 aliis
1182 627 1387 698 mederi
1421 644 1697 696 morsibus
1723 643 1951 711 aliisque
1982 657 2077 696 ve-

504 740 719 790 nenatis
755 737 1097 806 serpentibus
1148 737 1446 790 remedium
1479 736 1670 790 aIl'erre
1712 736 1983 798 volumus,
2023 735 2077 788 in

504 827 606 880 a'lia
641 829 885 897 quaedam
913 829 1054 880 mala
1090 835 1436 883 transversos
1463 828 1693 881 lectores
1719 827 2071 896 abripiamus.

503 921 796 974 Enimvero
848 921 892 973 si
931 920 1054 988 quis
1091 920 1287 988 judicii
1326 920 1578 973 nonnihil
1630 919 1848 981 habeat,
1898 919 2077 972 inanis

502 1013 728 1066 omnino
778 1021 833 1064 et
882 1012 1110 1065 ridicula
1155 1012 1370 1065 illorum
1422 1011 1669 1065 doctrina
1705 1009 2080 1078 comprobabi-

504 1115 615 1169 tur,
665 1121 784 1174 quae
815 1115 867 1159 et
921 1105 988 1157 ab
1024 1105 1288 1173 apostolis
1333 1103 1589 1158 falsitatis
1632 1105 1912 1166 convicta,
1961 1110 2014 1154 et
2048 1117 2078 1154 a

506 1197 845 1264 sapientibus
875 1195 1154 1256 damnata,
1177 1203 1233 1246 et
1260 1209 1289 1246 a
1319 1193 1427 1247 Deo
1462 1194 1688 1262 ipsaque
1714 1193 1849 1246 adeo
1876 1192 2078 1246 verita—

505 1290 575 1342 tis
605 1289 985 1356 praedicatione
1012 1295 1096 1340 est
1123 1289 1318 1353 ejecta.

582 1378 710 1432 VIII.
749 1379 1019 1433 Creterum
1070 1378 1233 1430 iidem
1283 1378 1357 1430 illi
1394 1376 1761 1439 Merinthiani,
1802 1376 1883 1430 sic
1932 1376 2076 1429 enim

506 1471 836 1539 accepimus,
865 1469 1224 1538 appellantur.
1270 1466 1462 1520 Utrum
1492 1481 1619 1519 vero
1645 1465 1937 1518 Cerinthus
1963 1465 2078 1533 ipse

505 1562 809 1618 Merinthus
859 1561 966 1613 alio
1015 1559 1234 1612 nomine
1280 1560 1351 1612 sit
1399 1558 1580 1611 dictus
1617 1557 1824 1626 liquido
1868 1557 2080 1610 nescire

505 1667 593 1705 me
618 1652 792 1704 fateor
825 1668 838 1704 :
871 1664 937 1702 an
975 1656 1170 1718 praeter
1196 1649 1340 1700 hunc
1377 1649 1512 1701 alter
1538 1662 1604 1700 eo
1635 1647 1857 1700 nomine
1897 1645 2082 1715 appel-

506 1747 648 1799 latus
691 1744 980 1806 exstiterit,
1009 1741 1226 1808 adjutor
1266 1741 1410 1794 illius
1441 1747 1494 1793 et
1525 1740 1729 1800 socius,
1763 1739 1813 1792 id
1857 1739 2076 1807 quidem

505 1837 608 1889 soli
640 1834 746 1888 Deo
779 1834 936 1904 116
969 1841 1306 1904 compertum
1339 1841 1441 1886 est.
1473 1831 1586 1884 Iloc
1619 1833 1763 1884 enim
1802 1847 1945 1900 saepe
1967 1831 2078 1900 jam
2113 1825 2155 1879 B

504 1929 766 1989 diximus,
815 1944 922 1980 non
959 1928 1134 1995 ipsum
1182 1926 1359 1979 solum
1403 1923 1794 1994 Hierosolymis
1822 1924 2081 1992 frequen-

504 2030 590 2074 ter
616 2021 877 2090 apostolis
911 2019 1200 2081 restitisse,
1233 2017 1327 2071 sed
1359 2025 1412 2069 et
1437 2017 1530 2085 qui
1559 2033 1682 2069 eum
1709 2019 1761 2069 in
1793 2017 1921 2071 Asia
1953 2028 2080 2071 sunt

506 2113 700 2168 secuti.
733 2113 906 2180 Atque
947 2121 1004 2163 ut
1038 2124 1179 2163 unus
1217 2110 1466 2178 idemque
1510 2111 1599 2170 sit,
1637 2117 1730 2162 aut
1763 2110 1903 2164 alius
1930 2109 2081 2176 ejus-

506 2206 629 2259 dem
668 2219 794 2257 cum
840 2203 932 2254 illo
977 2201 1276 2271 opinionis,
1327 2209 1379 2254 et
1430 2202 1664 2269 partium
1700 2200 1898 2263 fautor,
1945 2201 2080 2253 nihil

507 2295 797 2349 admodum
841 2293 1028 2348 refert.
1063 2291 1258 2345 Forma
1297 2291 1514 2361 quidem
1567 2293 1918 2360 nequissima;
1962 2292 2082 2345 illo-

507 2405 628 2442 rnm
658 2386 920 2441 domina:
962 2400 1023 2437 ac
1060 2385 1207 2436 velut
1251 2392 1379 2436 nota
1412 2383 1644 2452 quadam
1687 2383 1955 2451 ejusmodi
1998 2389 2083 2437 est

506 2482 725 2550 qualem
783 2478 1216 2546 descripsimus;
1266 2482 1319 2528 et
1370 2474 1756 2529 Cerinthianos
1809 2474 1972 2529 simul
2018 2490 2082 2526 ac

508 2573 904 2628 Mcrinthianos
942 2569 1200 2639 appellari
1229 2575 1467 2622 constat.

578 2665 676 2719 llis
715 2664 883 2733 igitur
909 2662 974 2716 de
1013 2660 1282 2714 horrenda
1313 2661 1528 2713 illorum
1558 2674 1621 2713 ac
1653 2670 1965 2729 serpentum
2009 2661 2086 2714 si-

508 2756 622 2809 mili
670 2753 1017 2822 improbitate
1063 2751 1378 2819 disputatis,
1417 2751 1481 2803 ad
1528 2767 1622 2806 eas
1672 2768 1794 2820 qua:
1829 2752 2084 2820 deinceps

508 2855 923 2914 consequuntur
954 2842 1318 2912 promovenda
1361 2851 1445 2896 est
1484 2843 1680 2897 oratio.
1726 2841 1830 2896 Sed
1877 2845 2084 2897 haben-

508 2942 590 2992 da!
622 2939 675 2991 in
722 2936 912 3006 primis
955 2938 1143 3004 gratia:
1192 2945 1338 2999 sunt,
1399 2937 1542 3004 quod
1589 2938 1949 3004 pessimorum
1990 2939 2088 2993 do-

509 3043 754 3102 gmatum
805 3030 1030 3098 pelagus
1067 3027 1213 3081 istud
1260 3029 1378 3081 sine
1431 3029 1538 3080 ulla
1590 3043 1729 3081 noxa
1773 3032 2085 3085 transmisi-

509 3138 671 3188 mus;
717 3130 770 3176 et
807 3121 938 3174 illud
973 3119 1292 3189 suppliciter
1324 3120 1730 3189 postulandum,
1766 3129 1825 3174 ut
1858 3138 1981 3176 cum
2030 3123 2083 3176 in

514 3217 751 3285 reliquas
794 3216 1026 3268 haereses
1059 3213 1475 3275 incurrerimus,
1522 3215 1678 3282 quasi
1722 3215 1774 3267 in
1814 3215 2086 3267 maritima

512 3308 780 3375 quaedam,
831 3321 895 3359 ac
949 3305 1212 3358 monstris
1261 3303 1461 3358 referta
1496 3305 1676 3359 brevia
1719 3304 1905 3369 delati,
1950 3306 2091 3358 nihil

511 3401 581 3454 ab
623 3399 706 3452 his
741 3398 1069 3450 incommodi
1106 3399 1397 3466 patiamur,
1438 3396 1532 3450 sed
1585 3398 1654 3450 ab
1698 3412 1760 3449 ea
1793 3413 1912 3466 qua:
1952 3399 2092 3452 inter

512 3489 901 3558 diepntanduin
944 3489 1206 3551 illuxerit,
1250 3489 1479 3542 veritate
1522 3490 1753 3542 salutem
1789 3505 2092 3557 consequa-

517 3597 661 3641 mur,
703 3596 826 3633 CUIll
860 3589 911 3632 et
947 3580 1107 3648 hujus
1144 3581 1473 3634 soliditatem
1503 3589 1835 3645 astruemus,
1867 3591 1920 3637 et
1954 3597 2092 3636 con-

513 3672 808 3724 trariarum
874 3671 1150 3724 licereseon
1213 3671 1535 3724 inanitatem
1593 3687 1948 3742 erroremque
1999 3674 2091 3730 de-

515 3763 964 3817 monstrabimus.
1011 3762 1168 3827 Quod
1211 3764 1255 3816 si
1306 3763 1579 3832 quispiam
1625 3765 2000 3828 considerare,
2041 3777 2093 3820 et

516 3856 698 3924 aliqua
732 3855 849 3909 illas
882 3855 1208 3909 adumbrare
1253 3856 1610 3911 similitudine
1643 3859 1896 3925 voluerit,
1929 3875 2092 3929 quam

516 3945 785 3998 hactenus
828 3945 1204 4010 refutavimus,
1253 3946 1322 3998 ob
1367 3945 1637 4015 duplicem
1671 3948 1816 4002 illam
1857 3952 2094 4020 appella-

516 4039 718 4090 tionem
754 4053 875 4089 cum
914 4037 1120 4105 bicipiti
1151 4038 1387 4105 quodam
1434 4050 1685 4107 serpente
1733 4041 1910 4110 reipsa
1943 4058 2096 4095 com-

519 4129 817 4197 parandam
863 4129 1094 4197 putabit,
1130 4145 1304 4198 eoque
1345 4129 1542 4198 vipera:
1577 4147 1774 4200 genere
1796 4148 1959 4201 quam
1994 4133 2094 4188 Se-

519 4220 783 4290 pedonem
813 4227 1028 4283 vocant,
1065 4236 1185 4288 qua:
1223 4220 1345 4288 pilis
1383 4229 1496 4274 toto
1530 4239 1759 4292 corpore
1785 4234 1870 4278 est
1903 4240 2093 4294 Sparsa

519 4313 878 4377 rubentibus;
914 4327 1090 4380 neque
1133 4328 1330 4381 capra},
1381 4323 1473 4366 aut
1523 4315 1640 4368 ovis
1673 4316 1721 4368 ei
1774 4325 1966 4370 natura
2011 4318 2094 4371 vel

518 4401 678 4469 pellis
709 4409 814 4461 est,
863 4401 953 4454 sed
997 4402 1298 4469 serpentis;
1339 4405 1636 4472 eademque
1687 4421 1871 4459 morsu
1917 4409 2094 4463 obviis

2185 559 2346 619 ἴασιν,
2374 555 2465 608 καὶ
2493 557 2695 626 ἐτέρων
2719 556 3060 627 δηλητηρίων
3095 555 3225 619 ἄκος
3260 557 3352 609 καὶ
3381 555 3755 627 ἀλεξητήριον,

2182 648 2264 709 είς
2295 646 2427 701 ἄλλα
2463 647 2590 708 τοὺς
2625 648 3048 716 ἐντυγχάνοντας
3088 647 3472 716 παρεκτρέψω.
3509 646 3653 716 Πλὴν
3693 649 3760 700 ἐκ

2184 739 2385 800 παντὸς
2414 737 2490 808 τῷ
2521 739 2616 808 τὴν
2642 737 2852 790 σύνεσιν
2883 739 3208 809 κεκτημένῳ
3235 740 3461 807 μάταιος
3490 741 3521 808 ἡ
3553 739 3758 793 τούτων

2185 829 2618 898 καταχλεύαστος
2655 829 2974 882 διδασκαλίαι
3014 830 3435 899 συσταθήσεται,
3476 828 3628 900 παρὰ
3659 829 3758 899 μὲν

2185 923 2504 985 ἀποστόλοις
2530 921 2883 991 ὲλεγχομένη,
2921 921 3070 990 παρά
3101 921 3156 973 δὲ
3184 924 3294 984 τοῖς
3330 925 3566 983 συνετοῖς
3590 937 3757 972 κατα-

2184 1015 2583 1085 γινωσκομένη,
2617 1016 2679 1066 ἐκ
2709 1012 2843 1065 Θεοῦ
2873 1011 2929 1065 δὲ
2957 1013 3048 1064 καὶ
3075 1011 3166 1064 τοῦ
3195 1011 3359 1064 αὑτοῦ
3384 1013 3475 1065 τοῦ
3506 1014 3603 1083 τῆς
3629 1014 3759 1082 ἀληε

2185 1107 2332 1170 θείας
2359 1107 2711 1176 κηρύγματος
2742 1103 3110 1174 ἐκϐαλλομένη
3122 1145 3133 1157 .

2257 1374 2332 1426 8'.
2371 1371 2672 1425 Καλοῦνται
2716 1372 2772 1423 δὲ
2819 1363 2978 1424 πάλιν
3015 1363 3162 1422 οὗτοι
3203 1369 3580 1440 Μηρινθιανοὶ,
3619 1368 3756 1442 ὡςῆ

2186 1464 2414 1517 ἐλθοῦσα
2447 1466 2525 1526 είς
2560 1465 2706 1534 ἡμᾶς
2751 1464 2904 1533 φήμη
2948 1462 3210 1532 περιέχει.
3259 1461 3383 1514 Εἴτε
3411 1461 3519 1533 γὰρ
3543 1465 3571 1514 ὁ
3600 1461 3760 1524 αὐτὸς

2186 1557 2478 1628 Κήρινθος,
2520 1556 2795 1626 Μήρινθος
2834 1556 2994 1608 πάλιν
3020 1555 3283 1618 ἐκαλεῖτο,
3314 1555 3375 1608 οὐ
3405 1558 3544 1609 πάνυ
3581 1573 3633 1608 τι
3662 1574 3759 1608 σα-
3824 1575 3830 1578 ’

2188 1648 2302 1717 φῶς
2337 1651 2464 1718 περὶ
2496 1647 2684 1699 τούτου
2729 1649 2908 1715 ῐσμεν·
2958 1647 3067 1699 εἴτε
3107 1645 3266 1708 ἄλλος
3313 1663 3397 1709 τις
3447 1642 3766 1718 ἦνσΜήρινέ

2188 1739 2278 1802 θος
2327 1740 2568 1808 ὀνόματι,
2624 1739 2882 1808 συνεργὸς
2934 1737 3126 1806 τούτῳ,
3154 1731 3271 1807 Θεῷ
3303 1739 3586 1806 ἔγνωσται.
3619 1739 3757 1810 Ἤδη

2185 1835 2293 1906 γὰρ
2349 1835 2595 1903 εἴπομεν,
2648 1833 2728 1883 ὅτι
2804 1831 2863 1882 οὐ
2917 1833 3076 1898 μόνον
3136 1830 3295 1892 αὐτὸς
3351 1832 3407 1882 ὲν
3471 1829 3761 1900 Ἱεροσολύ-

2190 1946 2310 1998 μοις
2349 1926 2610 1985 πολλάκις
2650 1921 2880 1993 ἀντέστη
2940 1925 3053 1984 τοῖς
3111 1922 3448 1986 ἀποστόλοις,
3498 1922 3632 1974 ἀλλά
3667 1923 3760 1974 καὶ

2186 2021 2234 2072 οἱ
2292 2019 2387 2069 σῦν
2439 2016 2587 2086 αύτῷ
2639 2016 2696 2066 ὲν
2759 2017 2826 2083 τῇ
2879 2012 3054 2082 Ἀσία.
3086 2012 3232 2082 Πλὴν
3290 2013 3408 2082 ἦτοι
3454 2012 3612 2074 αὐτὸς
3651 2013 3755 2082 εἴη,

2187 2112 2219 2180 ἢ
2276 2112 2369 2163 καὶ¹
2420 2109 2576 2171 ἄλλος
2631 2108 2725 2160 σὺν
2779 2108 2927 2178 αὐτῷ
2986 2106 3264 2176 συνεργὸς,
3318 2107 3385 2158 τά
3417 2107 3578 2174 ὅμοια
3611 2104 3759 2174 αύτῷ

2189 2203 2398 2274 φρονῶν
2424 2203 2517 2254 καὶ
2542 2201 2930 2270 συμπράττων,
2957 2200 3052 2252 καὶ
3079 2198 3148 2250 τὰ
3173 2199 3282 2261 ἶσα,
3313 2198 3466 2250 οὐδὲν
3492 2197 3757 2268 διαφέρει.

2199 2296 2263 2348 Ἡ
2288 2296 2394 2364 γὰρ
2425 2298 2571 2347 πᾶσα
2598 2294 2771 2346 αὐτῶν
2795 2291 3132 2361 κακοτροπία
3155 2291 3251 2361 τῆς
3274 2290 3618 2352 διδασκαλίας
3639 2289 3764 2342 τοῦ·

2187 2405 2276 2439 τον
2317 2386 2428 2456 ἔχει
2468 2386 2558 2438 τὸν
2604 2385 2950 2455 χαρακτῆρα·
2989 2383 3339 2454 Κηρινθιανοί
3381 2401 3440 2436 τε
3485 2384 3620 2453 ὁμοῦ
3670 2385 3763 2436 καὶ

2188 2480 2543 2549 Μηρινθιανο“ι
2573 2472 2716 2528 οῦτοι
2751 2474 3060 2528 καλοῦνται.

2263 2568 2370 2623 Καὶ
2399 2567 2571 2619 ταῦτα
2595 2566 2722 2635 περὶ
2745 2565 2845 2633 τῆς
2864 2563 3042 2632 δεινῆς
3074 2564 3167 2615 καὶ
3193 2562 3529 2632 ἑρπετώδους
3560 2561 3764 2632 μοχθη-

2195 2661 2314 2732 ρίας
2357 2658 2535 2711 αὐτῶν
2583 2655 2893 2720 διεξιόντες,
2943 2655 3104 2706 πάλιν
3130 2656 3221 2706 ἐπὶ
3253 2654 3352 2715 τὰς
3386 2653 3510 2722 ἑξῆς
3541 2652 3766 2724 προϐαί-

2191 2767 2374 2822 νομεν·
2423 2748 2872 2820 εὐχαριστοῦντες
2919 2747 3038 2816 μὲν,
3084 2747 3165 2798 ὅτι
3200 2746 3259 2797 τὸ
3301 2745 3535 2812 πέλαγος
3562 2745 3766 2796 τούτων

2191 2845 2297 2898 τῶν
2327 2843 2513 2896 κακῶν
2548 2842 2831 2911 δογμάτων
2859 2839 3109 2900 ἀϐλαϐῶς
3134 2836 3514 2907 διενηξάμεθα·
3542 2837 3769 2905 εὐχόμε-

2191 2955 2270 2990 νοι
2300 2937 2375 3001 δὲ,
2410 2937 2496 2988 ἵνα
2529 2936 2586 2986 ἐν
2616 2937 2735 2996 ταῖς
2769 2932 2894 3002 έξῆς
2928 2932 3376 3001 παρεντυχόντες,
3412 2931 3486 2992 ὡς
3532 2931 3612 2992 εἰς
3651 2928 3766 2980 δια-

2194 3030 2453 3083 θαλάττια
2482 3031 2576 3081 καὶ
2599 3027 2835 3098 θηριώδη
2867 3026 3042 3097 βράχη
3073 3023 3541 3095 παρεμπεσόντες,
3564 3023 3638 3092 μὴ
3662 3021 3770 3074 ἀδι-

2195 3124 2470 3194 κηθῶμεν,
2501 3121 2636 3174 ἁλλά
2671 3116 2942 3188 σωτηρίας
2973 3118 3222 3186 τύχωμεν
3255 3115 3353 3184 τῆς
3385 3115 3491 3166 ἀπὸ
3518 3114 3616 3183 τῆς
3643 3112 3772 3182 μελ-

2194 3217 2389 3287 λούσης
2422 3218 2553 3285 ἡμῖν
2602 3212 2724 3288 καθ’
2762 3213 3034 3281 ὑφήγησιν
3068 3207 3456 3275 ἀναφαίνεσθαι
3490 3205 3766 3274 ἀληθείας,

2195 3313 2252 3364 ἐν
2288 3310 2366 3379 τῷ
2398 3312 2430 3380 ἡ
2441 3311 2547 3379 μᾶς
2588 3306 2842 3374 συνιστᾷν
2880 3304 3049 3373 αὐτήν
3089 3319 3146 3354 τε
3176 3301 3268 3352 καὶ
3301 3301 3400 3370 τὴν
3429 3302 3486 3351 ὲν
3512 3299 3647 3368 αὐτῇ
3679 3314 3771 3350 κε-

2193 3402 2481 3471 νοφωνίαν.
2525 3398 2614 3468 Τῷ
2645 3399 2750 3468 γὰρ
2781 3395 3089 3467 βουλομένῳ
3117 3395 3360 3453 σκοπεῖν,
3392 3393 3487 3443 καὶ
3525 3390 3621 3453 τάς
3648 3389 3772 3443 τού-

2193 3513 2301 3548 των
2334 3494 2476 3556 ἰδέας
2519 3493 2881 3561 ἀναγράφειν,
2929 3490 3022 3541 καὶ
3068 3487 3204 3557 αῦτη
3244 3482 3770 3555 παρεικασθὴσεται,

2194 3588 2269 3649 ὡς
2304 3585 2518 3654 ἀληθῶς
2552 3582 2828 3651 δικεφάλῳ
2859 3581 2967 3632 τινὶ
2991 3580 3130 3647 ὄφει,
3163 3578 3250 3631 διὰ
3275 3577 3335 3629 τὸ
3362 3575 3648 3645 διώνυμον,
3679 3574 3773 3626 καὶ

2195 3683 2261 3750 τῇ
2311 3677 2619 3747 καλουμένῃ
2653 3675 2900 3745 σηπεδόνι
2942 3673 3144 3742 ἐχίδνῃ,
3180 3673 3246 3740 τῇ
3282 3668 3511 3740 κομὼσῃ
3540 3670 3637 3738 μὲν
3664 3669 3774 3720 πᾶν

2195 3774 2255 3826 τὸ
2305 3772 2461 3842 σῶμα
2504 3771 2674 3838 αὐτῆς
2728 3771 2782 3820 ἐν
2824 3767 2996 3838 θριξὶν
3023 3764 3298 3835 ὲρυθραῖς,
3334 3762 3434 3814 οὐκ
3474 3760 3671 3830 ἐχούσῃ
3715 3758 3775 3811 δὲ

2196 3864 2316 3916 οὐδὲ
2341 3862 2492 3930 αἰγὸς
2522 3860 2641 3912 οὐδὲ
2668 3858 2942 3929 προϐάτου
2977 3855 3136 3923 φύσιν
3164 3854 3196 3923 ἢ
3228 3853 3410 3923 δορὰν,
3436 3850 3574 3904 ἀλλά
3607 3851 3772 3920 ἑρπε-

2195 3955 2311 4016 τοῦ,
2348 3953 2439 4006 καὶ
2470 3953 2567 4023 τὴν
2610 3951 2784 4020 λύμην
2833 3946 3180 4019 ἐργαζομένη
3227 3943 3315 3996 διὰ
3359 3942 3452 3995 τοῦ
3497 3941 3777 4012 δήγματος

2196 4051 2307 4110 τοῖς
2346 4043 2896 4115 παρεντυγχάνουσιν·
2946 4036 3326 4108 ἀνατρεπούσῃ
3367 4034 3426 4086 δὲ
3464 4037 3590 4096 τοὺς
3638 4033 3775 4102 αὐτῇ

2197 4139 2550 4208 πειθομένους
2581 4136 2654 4205 πη
2689 4135 2785 4204 μὲν
2813 4133 2920 4185 ἀπὸ
2961 4131 3196 4191 παλαιᾶς
3228 4128 3526 4199 θρησκείας
3569 4125 3637 4178 τὰ
3678 4125 3777 4194 τῆς

2195 4233 2337 4293 Νέας
2367 4231 2640 4300 Διαθήκης
2665 4225 3018 4294 ἀφανιζούση,
3048 4223 3123 4293 πὴ
3152 4223 3208 4274 δὲ
3228 4221 3317 4273 διά
3344 4219 3517 4287 λόγων
3543 4218 3776 4288 ψευδῶν,

2196 4325 2271 4386 ὼς
2293 4323 2399 4375 ἀπὸ
2423 4323 2567 4384 Νέας
2602 4320 2894 4390 Διαθηκης,
2926 4316 3066 4369 κατά
3099 4315 3206 4368 τῶν
3234 4314 3341 4366 ἀπὸ
3373 4311 3672 4382 περιτομῆς
3699 4312 3779 4371 είς

2197 4414 2428 4482 Χριστὸν
2467 4411 2908 4464 πεπιστευκότων
2947 4406 3259 4460 ἀποστόλων
3292 4404 3389 4466 τὰς
3416 4400 3777 4471 ψευδηγορῖας

520 4490 830 4558 quibusque
861 4491 1021 4543 letum
1073 4490 1249 4554 affert,
1285 4501 1343 4544 ut
1390 4503 1442 4546 et
1477 4495 1701 4549 haeresis
1735 4497 1824 4549 illa
1861 4508 2087 4551 sectato-

2199 4503 2587 4574 περιφερούσῃ·
2623 4497 2690 4571 ἧς
2729 4503 2826 4570 τήν
2871 4517 2928 4550 τε
2962 4498 3124 4566 σῆψιν
3154 4495 3363 4548 καὶτὸν
3395 4494 3490 4552 ἱὸν,
3531 4493 3623 4544 καὶ
3654 4492 3778 4551 τοὺς

520 4598 609 4636 res
641 4597 770 4636 suos
799 4592 991 4635 enecat
1027 4600 1040 4635 :
1075 4598 1197 4634 cum
1231 4592 1323 4635 aut
1350 4583 1544 4639 Vetere
1579 4585 1928 4642 Testamento
1961 4592 2098 4642 ritu-

519 4690 626 4742 que
653 4674 716 4726 ad
751 4674 1103 4726 evertcndutn
1139 4675 1346 4726 Novum
1379 4679 1582 4743 utitur;
1608 4692 1700 4732 aut
1736 4682 2096 4737 I'raudulcntis

521 4767 829 4821 rationibus
861 4781 927 4819 ex
972 4765 1123 4819 Novo
1157 4766 1506 4822 Testamento
1546 4771 1905 4841 depromptis,
1959 4791 2093 4844 apo-

2196 4599 2409 4659 ὀδόντας
2436 4595 2512 4664 τῷ
2542 4595 2680 4662 ξύλῳ
2708 4594 2809 4661 τῆς
2840 4591 3094 4661 ἀληθείας
3127 4589 3416 4649 παίσαντες
3444 4587 3536 4638 καὶ
3561 4583 3777 4652 συντρί-

2197 4691 2418 4758 ψαντες,
2444 4688 2537 4739 ἐπὶ
2558 4686 2654 4747 τὰς
2682 4684 2994 4754 μετέπειτα,
3025 4683 3100 4744 ὡς
3128 4681 3407 4751 προεῖπον,
3443 4676 3692 4746 χωρῆσαι
3717 4675 3775 4724 ἐν

2201 4783 2266 4851 τῇ
2297 4779 2430 4831 Θεοῦ
2461 4777 2689 4846 δυνάμει
2721 4774 3062 4843 σπεύσωμεν.

521 4859 716 4921 stolos,
751 4858 842 4926 qui
877 4873 906 4910 e
934 4858 1351 4912 circumcisione
1384 4860 1451 4911 ad
1517 4862 1719 4916 Christi
1777 4881 1836 4918 se
1891 4866 2069 4933 fidem,

2192 4875 2476 4942 plicarunt
2548 4868 2686 4921 falso
2732 4867 3050 4935 impugnare
3099 4863 3308 4916 nititur.
3351 4860 3520 4928 Cujus
3559 4857 3777 4927 quidem

521 4953 798 5005 tabificum
852 4953 1025 5015 virus,
1091 4960 1252 5021 atque
1300 4952 1492 5008 dentes
1527 4959 1784 5024 quoniam
1847 4965 2091 5021 veritatis
2133 4967 2289 5037 quasi
2341 4964 2487 5017 fuste
2541 4962 2894 5016 contudimus
2926 4968 2982 5014 et
3021 4957 3402 5016 contrivimus,
3437 4953 3506 5006 ad
3535 4967 3626 5006 eas
3658 4958 3779 5020 quae"

520 5057 933 5117 consequuntur
965 5048 1312 5111 rcfellendas,
1376 5051 1452 5102 uti
1522 5053 1761 5110 diximus
1789 5062 2138 5128 progreditur
2176 5079 2238 5117 ac
2271 5062 2494 5120 festinat
2532 5059 2733 5112 oratio.

899 5181 1267 5238 ADVERSUS
1302 5181 1716 5255 NAZARA‘ZOS,

757 5317 890 5382 Quae
949 5327 1025 5372 est
1084 5319 1267 5374 ordine
1327 5320 1433 5386 IX,
1486 5325 1564 5377 vel
1615 5324 1829 5380 XXIX.

589 5430 628 5482 l.
673 5431 880 5486 Exinde
923 5431 1162 5488 Nazaraei
1197 5436 1431 5504 proximi
1464 5449 1612 5504 sunt,
1655 5442 1750 5510 qui
1795 5442 1909 5496 sive
1948 5444 2096 5513 prio-

558 5585 703 5664 .I97)
745 5587 1114 5664 Naqapqubr.
1150 5589 1226 5664 De
1269 5590 1581 5658 Nazara-is,
1651 5597 1734 5651 vel
1795 5597 2095 5655 Nazarenis

518 5656 643 5706 vide
666 5672 786 5722 quae
805 5657 1142 5734 ad‘Judaicas
1173 5661 1409 5734 haereses
1436 5656 1583 5717 tomo
1610 5669 1792 5734 priore
1822 5670 2091 5725 diximus:

523 5737 650 5798 nam
693 5734 828 5778 istos
861 5730 1206 5798 aprioribus
1248 5733 1496 5788 diversos
1540 5730 1729 5798 fuisse,
1764 5755 1870 5791 non
1905 5741 2095 5794 admo-

523 5789 655 5846 dum
689 5789 983 5862 persuadL-t
1031 5798 1389 5869 Epiphanius.
1443 5804 1608 5861 Erant
1651 5789 2093 5880 eninrli‘iaiaraei,

2613 5199 2804 5253 KATA
2847 5197 3237 5252 ΝΑΖΩΡΑιοΝ
3269 5195 3403 5268 (97).

2511 5341 2740 5408 Ἐνίίτη,
2778 5341 2816 5408 ἡ
2852 5337 2950 5393 καί
2981 5339 3229 5406 εἰκοστὴ
3284 5337 3484 5402 ἐνάτη.

2268 5447 2345 5500 A’.
2397 5445 2706 5519 Ναζωραῖοι
2754 5445 2987 5517 καθεξῆς
3027 5446 3235 5509 τούτοις
3274 5448 3517 5511 ἕπονται,
3567 5445 3681 5514 ἅμα
3720 5460 3779 5495 τε

2201 5603 2292 5672 qui
2349 5621 2467 5656 cum
2517 5603 2609 5656 Dei
2654 5604 2858 5658 Filium
2901 5606 3276 5673 conﬁterentur
3325 5619 3440 5658 esse
3485 5603 3778 5668 Christum,

2203 5674 2380 5726 omnia
2425 5686 2597 5728 tamen
2645 5678 2831 5728 veteris
2881 5676 3006 5743 legis
3053 5675 3432 5738 observabant,
3467 5676 3542 5727 ait
3592 5676 3780 5742 Angu-

2203 5743 2399 5797 stinus.
2430 5745 2531 5809 Qui
2557 5755 2609 5796 et
2642 5745 2878 5798 Mattluei
2917 5746 3244 5800 Hebraicuni
3278 5745 3631 5810 Evangelium
3680 5749 3775 5796 Ila-3

2205 5809 2332 5868 bere
2374 5831 2492 5870 sese
2537 5815 2889 5884 jitetitabant,
2940 5818 3018 5873 uti
3067 5826 3254 5886 postea
3303 5809 3535 5872 dicetur.
3591 5813 3666 5869 De
3709 5814 3781 5869 iis
