4170 6372
401 340 506 399 589

1045 329 1414 389 ADVERSUS
1453 327 1795 389 [UERESES
1833 332 1962 386 ΜΒ.
2005 332 2046 387 1.
2087 331 2250 386 TOM.
2292 331 2432 389 ll.-—-
2473 329 2745 387 “tERES.
2787 331 2978 386 XXIX.

3569 329 3678 390 393

403 461 588 522 αὐτοῖς
615 457 788 524 ὄντες,
819 457 853 528 ἢ
891 457 986 510 καὶ
1017 457 1123 527 πρὸ
1149 456 1350 519 αὐτῶν,
1386 457 1418 528 ἢ
1453 458 1550 510 σὺν
1583 457 1787 519 αὐτοῖς,
1814 456 1846 525 ἢ
1872 457 1987 526 μετ’

2116 470 2183 508 ἐδ
2213 452 2342 519 illis,
2379 452 2493 507 sive
2526 453 2782 522 aequales,
2808 453 2924 508 sive
2961 451 3296 521 posteriores
3341 451 3673 514 exstiterint,

404 552 604 612 αὐτοὺς
630 550 779 620 ὅμως
820 548 1131 617 σύγχρονοι·
1164 548 1225 600 οὐ
1257 545 1366 617 γὰρ
1405 545 1794 617 ἀκριϐέστερον
1826 546 1989 599 δύνα-

409 662 507 714 μαι
534 643 794 708 ἐξειπεῖν,
825 640 969 702 τίνες
989 639 1144 716 τίνας
1165 637 1486 701 διεδέξαντο.
1515 635 1675 689 Καθὰ
1702 637 1812 706 γὰρ
1831 635 1987 705 ἔφην,

410 735 696 805 σύγχρονοι
735 728 878 803 ἦσαν
926 730 1196 800 ἀλλήλοις,
1250 729 1347 781 καὶ
1390 729 1553 798 ὃμοια
1594 727 1887 798 κέκτηνται
1924 726 1991 778 τὰ

411 828 752 898 φρονήματα.
791 817 949 876 υῦτοι
979 822 1088 893 γὰρ
1119 823 1332 884 ἑαυτοῖς
1373 820 1542 890 ὄνομα
1583 820 1840 872 ἐπέθεντο
1873 819 1993 888 οὐχὶ

410 918 670 988 Χριστοῦ,
702 915 825 969 οὔτε
863 914 994 968 αὐτὸ
1035 913 1097 965 τὸ
1133 914 1303 983 ὄνομα
1331 912 1426 964 τοῦ
1473 911 1674 982 Ἰησοῦ,
1715 911 1848 964 ἀλλὰ
1881 912 1994 962 Να-

411 1013 684 1082 ζωραίων.
716 1009 823 1061 Καὶ
857 1009 1062 1070 πάντες
1091 1005 1146 1058 δὲ
1182 1006 1497 1076 Χριστιανοὶ
1527 1003 1836 1074 Ναζωραῖοι
1875 1005 1995 1056 τότε

411 1102 674 1163 ὡσαύτως
714 1097 1025 1150 ἐκαλοῦντο.
1056 1095 1252 1162 Γέγονε
1281 1093 1338 1145 δὲ
1372 1094 1459 1144 ἐπ’
1491 1091 1656 1161 ὀλίγῳ
1697 1093 1874 1163 χρόνῳ
1902 1109 1999 1144 κα-

413 1194 622 1247 λεῖσθαι
655 1193 853 1254 αὐτοὺς
900 1188 1217 1252 Ίεσσαίους,
1266 1187 1394 1257 πρὶν
1431 1185 1464 1255 ἢ
1510 1184 1606 1238 ἐπὶ
1648 1184 1746 1253 τῆς
1798 1185 1998 1236 Ἀντιο-

415 1289 566 1360 χείας
599 1288 774 1357 ἀρχὴν
799 1283 1039 1337 λάϐωσιν
1068 1283 1117 1335 oi
1155 1280 1392 1352 μαθηταὶ
1423 1279 1704 1332 καλεῖσθαι
1739 1279 2001 1349 Χριστια-

417 1379 517 1431 vol.
560 1373 883 1429 Ἐκαλοῦντο
919 1372 975 1424 δὲ
1013 1372 1280 1432 Ἰεσσαῖοι,
1314 1367 1402 1420 διὰ
1437 1367 1529 1419 τὸν
1574 1365 1790 1428 Ἰεσσαὶ,
1822 1360 1996 1433 οἶμαι.

431 1467 756 1538 Ἐπειδήπερ
785 1467 813 1517 ὁ
839 1463 1004 1517 Δαϐὶδ
1035 1461 1095 1526 ἐξ
1132 1461 1347 1524 Ἰεσσαὶ,
1377 1462 1440 1512 ἐκ
1468 1459 1525 1511 δὲ
1555 1457 1646 1511 τοῦ
1673 1457 1836 1508 Δαϐιδ
1861 1455 2001 1508 κατὰ

417 1560 667 1629 διαδοχὴν
692 1557 1008 1628 σπέρματος
1035 1557 1068 1625 ἡ
1090 1553 1298 1626 Μαρία,
1326 1551 1709 1622 πληρουμένης
1731 1549 1832 1619 τῆς
1855 1548 2001 1608 θείας

419 1651 640 1722 Γραφῆς
671 1649 809 1702 κατὰ
839 1646 936 1718 τὴν
971 1645 1216 1698 Παλαιὰν
1247 1644 1523 1712 Διαθήκην
1560 1640 1654 1694 τοῦ
1687 1639 1891 1710 Κυρίου
1920 1638 2004 1689 λέ-

419 1761 610 1813 γοντος
635 1743 770 1814 πρὸς
791 1742 880 1794 τὸν
905 1739 1086 1792 Δαϐίδ·
1117 1739 1218 1791 Ἐκ
1246 1735 1478 1806 καρποῦ
1503 1733 1610 1802 τῆς
1639 1734 1869 1797 κοιλίας
1890 1747 2003 1784 σου

421 1837 678 1905 θήσομαι
710 1835 808 1888 ἐπὶ
838 1832 944 1887 τοῦ
971 1834 1186 1901 θρόνου
1212 1848 1346 1884 σου.

493 2016 570 2070 B'.
614 2015 772 2068 Δέδια
817 2013 874 2066 δὲ
924 2011 1043 2064 καθ’
1081 2010 1321 2079 ἑκάστην
1377 2007 1631 2060 ὑπόθεσιν
1669 2004 1886 2071 λέξεως,
1933 2005 2008 2068 ὡς

423 2109 629 2179 ταύτην
667 2106 764 2176 τὴν
808 2104 1113 2173 ὑπόμνησιν
1174 2100 1436 2163 ποιοῦντι,
1488 2097 1894 2166 παρακινούσης
1942 2113 2008 2166 με

425 2193 524 2270 τῆς
554 2196 809 2267 ἀληθείας
838 2195 935 2256 τὰς
971 2195 1026 2244 έν
1057 2191 1192 2261 αὐτῇ
1232 2192 1297 2260 τῇ
1340 2189 1482 2255 λέξει
1511 2188 1744 2258 Θεωρίας
1773 2187 2009 2255 ὑποφαί-

425 2307 558 2351 νειν,
590 2286 676 2339 διὰ
702 2286 763 2338 τὸ
793 2284 866 2354 μὴ
902 2283 1036 2335 πολὺ
1068 2280 1267 2342 πλάτος
1296 2277 1754 2350 περιποιήσασθαι
1791 2280 1858 2348 τῇ
1891 2294 2013 2329 συν-

425 2382 576 2446 τάξει
608 2380 708 2449 τῆς
740 2377 1064 2448 διηγήσεως.
1100 2374 1204 2427 Τοῦ
1238 2377 1349 2443 γὰρ
1390 2371 1596 2442 Κυρίου
1637 2371 1908 2440 φήσαντος
1935 2368 2013 2437 τῷ

429 2473 612 2535 Δαϐίδ,
663 2471 755 2522 Ἐκ
803 2467 1034 2536 καρποῦ
1063 2465 1171 2535 τῆς
1206 2466 1439 2530 κοιλίας
1475 2481 1590 2517 σου
1623 2462 1880 2531 θήσομαι
1915 2461 2014 2513 ἐπὶ

430 2566 534 2620 τοῦ
586 2565 801 2633 θρόνου
847 2576 986 2625 σου,
1022 2559 1229 2621 καὶτὸ,
1276 2559 1496 2626 Ὢμοσε
1537 2558 1751 2623 Κύριος
1792 2555 1871 2621 τῷ
1907 2557 2014 2607 Δα-

433 2659 542 2719 ϐὶδ,
601 2657 700 2710 καὶ
740 2656 812 2709 οὐ
858 2653 1446 2722 μεταμεληθήσεται·
1494 2649 1672 2721 δῆλον,
1725 2649 1869 2718 ὼςή
1919 2647 2014 2701 τοῦ

431 2749 567 2802 Θεοῦ
599 2746 934 2819 ἀμετάθετός
978 2747 1125 2796 ἐστιν
1157 2742 1476 2811 ἐπαγγελία.
1524 2741 1633 2792 Καὶ
1675 2741 1888 2812 πρῶτον
1920 2742 2016 2810 μὲν

432 2844 515 2893 ὅτι
555 2842 715 2910 ὅρκος
748 2837 900 2908 παρὰ
931 2835 1048 2905 Θεῴ
1076 2834 1128 2885 τί
1159 2835 1304 2885 ἐστιν
1337 2831 1451 2884 ἀλλ’
1479 2830 1510 2901 ἢ
1545 2832 1646 2882 ὅτι·
1679 2829 2018 2896 Κατ-’ἐμαυ-

433 2932 541 2984 τοῦ
570 2929 794 2999 ὤμοσα,
825 2927 986 2998 λέγει
1033 2927 1290 2993 Κύριος;
1335 2923 1407 2975 Οὐ
1453 2921 1561 2991 γὰρ
1603 2920 1740 2973 κατὰ
1775 2918 2019 2990 μείζονος

437 3025 552 3094 ἔχει
586 3024 747 3094 ὅρκον
777 3021 928 3085 Θεὸς,
963 3019 1099 3072 ἀλλὰ
1125 3017 1245 3070 οὐδὲ
1275 3015 1470 3086 ὄμνυσι
1496 3014 1558 3066 τὸ
1587 3014 1759 3067 Θεῖον.
1797 3013 1891 3074 Εἰς
1920 3028 2024 3062 πα-

440 3119 701 3188 ράστασιν
748 3115 804 3167 δὲ
838 3112 1182 3183 βεϐαιώσεως
1233 3113 1261 3162 ὁ
1305 3109 1460 3176 λόγος
1508 3109 1619 3178 ἔχει
1648 3108 1748 3178 τὴν
1775 3104 2020 3173 δύναμιν.

2094 545 2147 596 in
2181 543 2324 597 idem
2359 543 2469 597 fere
2505 550 2717 612 tempus
2763 546 3073 598 incurrunt.
3117 542 3306 612 Neque
3341 543 3485 596 enim
3534 542 3677 596 allir-

2091 649 2242 687 mare
2278 641 2428 687 certo
2457 646 2752 702 possumus
2779 632 2886 685 utri
2921 634 3060 685 utris
3096 633 3480 688 successerint.
3513 632 3680 701 117

2093 724 2298 778 Eadem
2349 726 2519 789 enim,
2570 735 2630 778 ut
2676 723 2938 791 diximus,
2981 732 3138 778 aetate
3187 725 3464 788 vixerunt,
3515 732 3568 777 et
3622 724 3678 776 in

2095 818 2289 872 iisdem
2344 817 2694 886 dogmatibus
2753 825 2880 872 sunt
2934 816 3397 886 Opinionibusque
3455 817 3678 871 versati.

2096 908 2272 978 Atque
2307 908 2384 961 illi
2406 907 2624 977 quidem
2657 923 2766 962 non
2797 924 2828 960 a
2859 908 3098 972 Christo,
3132 923 3307 976 neque
3331 909 3398 959 ah
3423 904 3553 960 Jesu
3579 922 3680 959 nos

2097 1019 2223 1056 men
2257 1011 2609 1070 acceperunt,
2645 1001 2741 1056 sed
2775 1018 2831 1055 se
2864 1000 3154 1054 Nazarazos
3199 1000 3562 1069 appellarunt.
3598 996 3688 1051 Si-

2100 1094 2317 1164 quidem
2361 1093 2661 1147 Christiani
2710 1101 2823 1147 tum
2879 1109 3070 1147 omnes
3122 1091 3364 1144 Nazaraai
3413 1091 3688 1144 vocaban-

2102 1197 2211 1241 tur.
2261 1187 2585 1256 Quanquam
2634 1202 2733 1256 pro
2780 1187 2976 1256 exiguo
3019 1194 3297 1253 tempore,
3354 1183 3684 1237 Jesszrorum

2102 1295 2268 1350 penes
2321 1280 2444 1332 illos
2485 1294 2684 1332 nomen
2745 1279 2969 1342 resedit,
3031 1285 3325 1344 antequam
3383 1275 3686 1329 Christiani

2102 1373 2408 1426 Antiochia:
2446 1372 2722 1426 nominari
2768 1371 3058 1440 coeperint.
3104 1371 3182 1422 Ac
3209 1367 3418 1428 Jess:ei,
3467 1375 3526 1420 ut
3570 1369 3687 1435 opi-

2103 1481 2224 1528 nor,
2265 1466 2332 1518 ah
2364 1464 2518 1519 .lesse
2556 1463 2761 1518 vocati.
2787 1471 2935 1516 sunt;
2966 1461 3136 1514 David
3181 1461 3323 1514 enim
3360 1458 3512 1514 Jesse
3546 1459 3691 1513 ﬁlius

2103 1564 2244 1619 erat,
2275 1572 2306 1609 a
2339 1571 2448 1626 quo
2475 1556 2691 1624 generis
2722 1555 3043 1607 continuata
3085 1553 3226 1606 serie
3253 1549 3421 1604 Maria
3445 1552 3688 1620 prodiit;

2107 1649 2165 1702 in
2207 1665 2385 1718 eoque
2444 1647 2743 1717 Scriptura:
2790 1661 2964 1700 sacra:
3011 1645 3333 1697 vaticinium
3375 1641 3442 1695 ad
3483 1643 3689 1695 exitum

2109 1741 2431 1810 perductum
2469 1748 2574 1802 est,
2620 1753 2745 1791 eum
2792 1738 2846 1790 in
2882 1735 3079 1791 Vetere
3114 1734 3467 1790 Testamento
3497 1735 3688 1789 Davidi

2037 1845 2076 1899 Β
2108 1830 2372 1887 Dominus
2425 1830 2526 1884 ista
2576 1831 2951 1899 respondisset
2992 1828 3114 1882 :De
3156 1829 3332 1896 fructu
3372 1835 3563 1881 ventris
3613 1820 3698 1880 tui

2109 1940 2302 1993 ponam
2328 1938 2484 1991 super
2516 1922 2689 1974 sedem
2726 1932 2870 1973 tuam
2897 1922 2938 1974 ¹.

2181 2017 2246 2070 ιι.
2288 2015 2394 2069 Sed
2425 2015 2556 2070 illud
2581 2015 2632 2067 in
2659 2014 2888 2084 singulis
2918 2013 3217 2084 Scriptura:
3252 2012 3435 2066 verbis
3461 2010 3694 2066 alieren-

2112 2107 2196 2162 dis
2235 2107 2413 2161 vereri
2461 2105 2592 2158 mihi
2628 2105 2921 2169 succurrit,
2963 2104 3030 2158 de
3073 2120 3182 2175 quo
3219 2104 3416 2172 sapius
3452 2117 3696 2156 commo-

2112 2214 2245 2253 nere
2275 2199 2446 2265 soleo,
2493 2213 2563 2252 ne
2594 2197 2724 2251 dum
2763 2212 2878 2260 eas,
2915 2211 3035 2264 quae
3066 2196 3251 2250 verbis
3297 2196 3434 2265 ipsis
3481 2195 3694 2256 insunt,

2115 2291 2415 2346 sententias
2460 2290 2766 2359 expendere
2802 2289 3048 2342 veritatis
3081 2289 3322 2342 studium
3369 2288 3534 2358 cogit,
3575 2287 3699 2340 Ion-

2113 2384 2236 2453 gius
2268 2397 2430 2450 quam
2464 2397 2562 2452 par
2592 2381 2665 2434 sit
2704 2380 2936 2434 instituti
2968 2380 3140 2434 moles
3171 2381 3354 2448 operis
3391 2387 3694 2433 excrescat.

2115 2474 2253 2528 Cum
2288 2474 2451 2544 igitur
2478 2471 2743 2526 Dominus
2775 2470 2963 2525 Davidi
2998 2471 3228 2525 dixerit:
3261 2471 3338 2525 De
3364 2475 3542 2540 fructu
3578 2487 3702 2523 ven-

2121 2565 2218 2618 tris
2257 2567 2333 2617 tui
2374 2580 2567 2633 ponam
2595 2579 2751 2630 super
2782 2562 2955 2616 sedem
2977 2572 3158 2625 tuam;
3193 2571 3247 2616 et
3286 2565 3451 2617 illud:
3486 2561 3703 2616 Juravit

2117 2657 2377 2711 Dominus
2405 2655 2596 2716 David,
2633 2664 2682 2709 et
2708 2671 2808 2708 non
2830 2654 3094 2722 paenitebit
3119 2657 3308 2717 eutn’;
3341 2652 3692 2706 manifestum

2118 2758 2204 2804 est
2253 2749 2346 2803 Dei
2383 2750 2803 2818 promissionem
2860 2749 3102 2801 revocari
3137 2763 3246 2798 non
3290 2762 3472 2815 posse.
3529 2746 3706 2813 Atque

2121 2843 2176 2897 in
2221 2843 2412 2910 primis
2445 2842 2833 2911 jusjurandum
2899 2839 3030 2893 illud
3085 2839 3229 2910 quod
3270 2839 3380 2892 Deo
3419 2840 3703 2900 tribuitur,

2122 2935 2382 3004 quidnam
2415 2941 2500 2987 est
2527 2933 2692 2992 aliud,
2731 2932 2832 2984 nisi
2868 2931 3013 2986 istud
3045 2932 3244 3000 ipsum,
3281 2933 3425 3001 quod
3458 2932 3588 2986 alibi
3616 2932 3703 2984 di-

2123 3026 2302 3080 citur:
2361 3023 2466 3078 Per
2514 3024 2876 3090 memetipsum
2915 3024 3120 3092 juravi,
3169 3023 3297 3077 dicit
3358 3025 3710 3080 Dominus’?

2126 3116 2311 3185 Neque
2355 3117 2501 3169 enim
2545 3130 2640 3184 per
2699 3113 2961 3183 majorem
3015 3116 3253 3184 aliquem
3303 3116 3698 3185 jusjurandum

439 3203 572 3256 1150'
605 3205 769 3273 ὅρκου
804 3202 909 3271 γὰρ
939 3199 1118 3270 ὤμοσε
1148 3198 1350 3270 Κύριος
1386 3196 1463 3266 τῷ
1520 3196 1702 3258 Δαϐὶδ,
1755 3194 1848 3247 Ἐκ
1889 3211 2014 3264 καρ·

2127 3207 2272 3262 Deus
2302 3207 2560 3276 concipit,
2610 3207 2702 3261 sed
2745 3222 2846 3260 nec
2873 3207 3025 3276 jurat
3063 3207 3281 3276 quidem
3319 3211 3564 3264 omnino.
3601 3209 3708 3265 Sed

443 3294 546 3347 ποῦ
597 3295 696 3364 τῆς
766 3293 976 3354 κοιλίας
1044 3291 1230 3360 θήσειν
1295 3289 1387 3341 ἐπὶ
1439 3289 1530 3341 τὸν
1586 3288 1773 3359 θρόνον
1834 3287 2020 3340 αὐτοῦ.

443 3385 801 3460 Μαρτυροῦσι
829 3385 885 3437 δὲ
909 3387 958 3437 oi
987 3383 1292 3449 ἀπόστολοι,
1329 3385 1409 3438 ὅτι
1439 3386 1502 3436 ἐκ
1531 3383 1844 3454 σπέρματος
1863 3381 2025 3433 Δαϐὶδ

441 3481 549 3534 ἔδει
599 3479 692 3532 τὸν
741 3478 976 3548 Χριστὸν
1021 3476 1366 3546 γεννηθῆναι·
1396 3475 1584 3548 ὥσπερ
1614 3472 1706 3528 οὖν
1737 3475 1828 3527 καὶ
1875 3477 2026 3541 ἐγενο

443 3573 580 3644 νήθη
619 3573 648 3623 ὁ
688 3569 890 3642 Κύριος
934 3569 1092 3640 ἡμῶν
1150 3568 1356 3638 Ἰησοῦς
1388 3567 1643 3640 Χριστός.
1686 3568 1927 3638 Παρήσω
1969 3566 2025 3618 δὲ

439 3663 501 3714 τὺ
530 3661 734 3733 πλῆθος
765 3661 872 3713 τῶν
905 3660 1243 3731 μαρτυρίων,
1279 3659 1364 3712 ἵνα
1403 3660 1476 3730 μὴ
1524 3661 1604 3722 είς
1654 3658 1820 3711 πολὺν
1865 3659 2027 3726 ὄγκον

441 3755 634 3823 ἀγάγω
673 3754 762 3806 τὸν
799 3753 974 3821 λόγον,
1010 3752 1084 3815 ὥς
1133 3769 1196 3820 γε
1228 3755 1508 3822 προεῖπον.
1561 3751 1720 3803 Εἴποι
1771 3751 1814 3803 δ’
1845 3751 1909 3804 ἄν
1943 3767 2025 3812 τις

444 3845 574 3908 ἴσως
595 3867 606 3880 -
638 3845 745 3897 Τοῦ
775 3844 1011 3916 Χριστοῦ
1044 3843 1394 3915 γεννηθέντος
1423 3845 1487 3894 ὲκ
1517 3843 1832 3914 σπέρματος
1864 3843 2026 3896 Δαϐ“ιδ

441 3940 584 3992 κατὰ
614 3939 813 4010 σάρκα,
840 3938 1118 3990 τουτέστιν
1157 3937 1262 3990 ἀπὸ
1290 3938 1388 4007 τῆς
1413 3937 1573 4005 ἁγίας
1604 3936 1873 4008 παρθένου
1907 3937 2026 3988 Μα-

447 4032 585 4102 ρίας,
613 4031 718 4083 τίνι
746 4029 980 4100 τῷλόγῳ
997 4029 1090 4081 ἐπὶ
1112 4027 1204 4082 τοῦ
1226 4029 1416 4098 θρόνου
1435 4028 1600 4082 Δαϐἱδ
1620 4029 1679 4080 οὐ
1705 4026 2022 4091 καθέζεται;

443 4121 678 4178 Ἦλθον
702 4123 834 4192 γὰρ,
893 4125 1029 4192 φησὶ
1072 4123 1134 4174 τὸ
1179 4121 1546 4190 Εὑαγγέλιον,
1592 4121 1798 4189 χρῖσαι
1842 4120 2028 4173 αὑτὸν

446 4218 532 4282 εὶς
560 4213 860 4279 βασιλέα·
903 4215 996 4267 καὶ
1025 4214 1187 4282 γνοὺς
1230 4212 1567 4285 ἀνεχώρησε,
1600 4214 1693 4266 καὶ
1732 4212 1938 4283 ἐκρύϐη
1969 4214 2027 4264 ἐν

459 4307 700 4378 Ἐφραῒμ
727 4307 879 4360 πόλει
912 4307 1013 4377 τῆς
1042 4309 1140 4378 έρή
1152 4324 1276 4377 μου.
1323 4307 1633 4369 Φθάσαντες
1663 4306 1719 4358 δὲ
1749 4308 1907 4377 ἡμεῖς
1937 4306 2028 4358 ἐπὶ

443 4401 536 4454 τὸν
569 4401 731 4454 τόπον
770 4399 865 4452 τοῦ
921 4399 1082 4469 ῥητοῦ
1121 4400 1334 4464 τούτου,
1369 4399 1461 4452 καὶ
1509 4397 1851 4470 ἐρωτώμενοι
1899 4400 2026 4469 περὶ

444 4493 545 4562 τῆς
579 4493 886 4564 μαρτυρίας
919 4492 1124 4562 ταύτης
1173 4493 1265 4545 καὶ
1296 4492 1395 4563 τῆς
1434 4490 1762 4554 ὑποθέσεως,
1809 4491 1890 4542 ὅτι
1923 4491 2027 4543 τίνι

2127 3314 2188 3352 ea
2245 3296 2502 3366 loquendi
2562 3299 2702 3352 ratio
2737 3298 2802 3351 ad
2852 3297 3206 3352 astruendam
3262 3301 3339 3353 rei
3395 3301 3710 3356 ﬁrmitatem

2127 3390 2382 3460 pertinet.
2398 3387 2531 3441 Nam
2558 3388 2746 3443 Davidi
2762 3391 3122 3459 jurejurando
3142 3391 3393 3460 promisit
3413 3392 3704 3448 Dominus:

2128 3481 2201 3536 De
2238 3482 2419 3536 l‘ructu
2454 3483 2660 3536 ventris
2696 3481 2867 3552 ipsius
2910 3498 3074 3550 super
3127 3483 3310 3536 sedem
3345 3483 3465 3551 ejus
3493 3500 3551 3538 se
3589 3501 3713 3539 esse

2127 3576 2461 3644 positurum.
2504 3574 2581 3627 Ita
2612 3589 2778 3642 porro
2812 3583 3086 3629 testantur
3106 3577 3358 3644 apostoli,
3387 3575 3454 3630 de
3485 3575 3711 3632 Davidis

2128 3667 2295 3735 stirpe
2330 3665 2485 3719 nasci
2520 3662 2797 3719 Christum
2835 3667 3181 3736 Oportuisse:
3217 3667 3291 3720 uti
3330 3683 3516 3721 revera
3549 3666 3712 3724 Jesus

2126 3758 2380 3812 Christus
2431 3757 2695 3812 Dominus
2752 3765 2942 3812 noster
2984 3759 3224 3813 indidem
3276 3760 3544 3815 oriundus
3604 3772 3709 3815 est.

2130 3848 2330 3903 Verum
2368 3865 2562 3920 egone
2597 3849 2968 3919 prolixiorem,
3002 3862 3061 3904 ut
3090 3859 3216 3904 ante
3239 3850 3373 3915 dixi,
3404 3867 3715 3908 sermonem

2129 3942 2456 4005 instituam,
2524 3942 2962 3996 testimoniorum
3031 3945 3424 4012 amplissimam
3495 3945 3712 4013 copiam

2128 4035 2504 4105 praetermitto.
2556 4033 2796 4099 Atenim,
2848 4035 2993 4087 dicat
3027 4033 3253 4104 aliquis,
3285 4035 3420 4088 Cum
3451 4052 3516 4088 ex
3553 4036 3713 4089 Davi-

2130 4125 2214 4178 dis
2247 4127 2439 4194 stirpe,
2475 4133 2748 4194 quatenus
2787 4141 2952 4178 carne
3001 4132 3238 4188 constat,
3286 4137 3607 4196 procreatus
3641 4128 3716 4184 sit

2130 4216 2405 4277 Christus,
2437 4215 2542 4269 hoc
2571 4225 2676 4278 est,
2709 4231 2739 4270 e
2772 4217 2925 4270 beata
2963 4214 3188 4285 Virgine
3232 4215 3420 4281 Maria,
3466 4218 3596 4286 quid
3637 4218 3714 4272 ita

2133 4310 2354 4362 tandem
2385 4309 2436 4360 in
2466 4307 2686 4362 Davidis
2709 4306 2845 4361 solio
2872 4307 3096 4360 minime
3126 4308 3416 4360 consedit?
3453 4307 3716 4366 Venerunt

2129 4402 2288 4464 enim,
2322 4401 2397 4452 ait
2430 4399 2804 4466 Evangelium,
2824 4406 2881 4449 ut
2901 4399 3071 4464 ipsum
3097 4409 3346 4468 ungerent
3376 4401 3430 4453 in
3462 4416 3630 4470 regem
3655 4399 3708 4459 ";

2131 4503 2185 4548 et
2214 4509 2336 4546 cum
2372 4478 2737 4562 cognovisset,
2771 4495 3021 4558 recessit,
3055 4499 3217 4560 atque
3249 4492 3718 4562 Ephraimi,quod

446 4584 523 4654 τῷ
552 4585 694 4655 λόγῳ
733 4586 871 4638 κατὰ
903 4585 962 4638 τὸ
1000 4583 1262 4657 σαρκικὸν
1309 4585 1368 4637 οὐ
1421 4585 1778 4655 πεπλήρωται
1812 4585 1903 4636 ἐπὶ
1938 4585 2014 4637 τοι

2132 4586 2389 4656 oppidum
2425 4585 2478 4639 in
2517 4585 2734 4639 deserto
2763 4584 2924 4638 situm
2954 4592 3056 4646 est,
3084 4584 3321 4638 delituit.
3356 4584 3545 4655 Itaque
3577 4601 3718 4655 quo-

447 4676 673 4746 Σωτῆρα
702 4675 762 4728 τὸ
797 4675 1014 4728 καθίσαι
1043 4675 1136 4727 ἐπὶ
1183 4674 1272 4728 τὸν
1315 4673 1502 4745 θρόνον
1530 4673 1713 4725 Δαϐίδ·
1764 4672 2024 4742 ἐνομίσθη

444 4766 553 4836 γὰρ
585 4765 742 4818 τοῦτὸ
787 4783 897 4818 τισι
953 4766 1028 4837 μὴ
1077 4763 1512 4834 πεπληρῶσθαι·
1562 4764 1712 4832 ὅμως
1756 4763 1832 4826 ὡς
1881 4763 2028 4815 ἔστιν

445 4857 696 4929 ἐροῦμεν.
751 4858 991 4928 Οὐδεμία
1045 4860 1154 4930 γὰρ
1202 4857 1349 4924 λέξις
1391 4857 1492 4928 τῆς
1537 4857 1700 4926 ἁγίας
1747 4856 1851 4908 τοῦ·
1889 4855 2026 4908 Θεοῦ

444 4955 667 5025 Γραφῆς
700 4953 1002 5007 διαπίπτει.

2129 4679 2272 4732 niam
2313 4683 2621 4746 opportune
2662 4676 2729 4729 ad
2764 4677 2928 4744 hujus
2974 4677 3275 4745 evangelici
3312 4677 3445 4730 dicti
3479 4679 3714 4731 mentiu-

2127 4785 2251 4823 nem
2300 4784 2493 4822 sumus
2541 4767 2775 4838 delapsi,
2824 4769 3002 4837 deque
3050 4767 3322 4836 ejusmodi
3378 4771 3714 4828 testimonio.

2127 4868 2558 4931 argumentoque
2605 4869 2732 4914 nata
2763 4861 2993 4930 quaestio
3030 4868 3137 4923 est,
3187 4876 3287 4913 cur
3319 4862 3531 4914 scilicet
3570 4859 3716 4929 quod

2127 4967 2156 5004 a
2188 4952 2456 5022 propheta
2487 4952 2812 5023 praedictum
2845 4951 3042 5021 fuerat,
3082 4953 3246 5022 118
3285 4953 3340 5007 in
3376 4951 3599 5006 Davidis
3629 4966 3716 5004 so—

519 5139 534 5168 ²
563 5136 708 5192 Psal.
741 5110 1041 5203 CXXXII“.
1121 5136 1140 5165 ²
1170 5133 1312 5189 Psal.
1343 5147 1459 5198 cxx,
1489 5133 1544 5188 4.
1623 5132 1644 5163 ³
1681 5131 1815 5186 Gen.
1847 5148 1982 5197 un,
2021 5130 2106 5186 l6.
2184 5129 2388 5185 ‘Joan.
2424 5147 2499 5198 vt,
2532 5131 2619 5185 15.

448 5292 814 5361 Hieronymus
843 5290 1014 5359 Epist.
1041 5289 1109 5343 ad
1137 5289 1358 5361 August.
1379 5304 1396 5341 :
1416 5286 1754 5361 Usqaejhodie
1773 5303 1865 5355 per
1883 5296 2022 5340 totas

448 5358 1026 5431 Orienti—sisynag’ogas
1070 5358 1472 5431 interirJudwos
1511 5359 1725 5412 haeresis
1759 5368 1857 5420 est,
1895 5374 2023 5431 qua:

443 5436 638 5487 dicitur
660 5427 1002 5495 Minworuin,
1033 5441 1082 5484 et
1115 5449 1146 5484 a
1176 5429 1467 5484 Phariswis
1503 5445 1640 5482 nunc
1673 5444 1836 5496 usque
1871 5427 2047 5478 dam--

445 5516 626 5566 natur,
652 5519 779 5571 quos
812 5503 962 5570 vulgo
994 5500 1046 5554 Ν
1053 5517 1289 5568 asara'os
1319 5511 1638 5571 nuncupant,
1671 5501 1760 5571 qni
1787 5496 2014 5571 credant

445 5578 500 5628 in
534 5565 802 5628 Christum
830 5565 1033 5625 Filium
1075 5565 1190 5635 Dei,
1214 5579 1322 5624 etc.
1353 5570 1454 5624 Sed
1478 5565 1604 5621 dum
1633 5565 1810 5622 volunt
1841 5578 1887 5620 et
1918 5565 2020 5618 Ju-

446 5646 550 5697 dari
581 5660 713 5706 esse,
748 5652 796 5696 et
842 5642 1154 5697 Christiani.
1192 5658 1281 5695 nec
1336 5641 1515 5695 Judaii
1556 5651 1698 5701 sunt,
1737 5656 1826 5692 nec
1862 5636 2019 5691 Chri-

444 5715 628 5770 stiani.
668 5717 806 5782 Ergo
842 5713 1084 5766 Nazaraei
1116 5712 1429 5766 Christiano
1474 5726 1537 5782 se
1574 5711 1794 5782 nomine
1824 5709 2017 5782 vendi-

445 5786 660 5841 tabant.
708 5780 908 5848 Fuisse
942 5801 1072 5840 vero
1105 5784 1200 5854 qui
1239 5785 1292 5838 in
1329 5796 1480 5838 mero
1514 5781 1797 5837 Juduismo
1825 5780 2022 5850 p‘rwcia

2132 5302 2295 5356 puam
2329 5287 2624 5357 quamdam
2674 5287 2866 5341 eodem
2913 5286 3136 5357 nomine
3181 5294 3394 5357 sectam
3415 5285 3719 5357 constitue-

2130 5355 2274 5417 rent.
2308 5355 2375 5411 ab
2409 5373 2518 5410 uno
2555 5357 2860 5426 Epiphanio
2893 5356 3209 5409 didicimus.
3250 5356 3323 5409 De
3363 5355 3552 5408 iisdem
3603 5357 3714 5426 agit

2129 5429 2471 5498 Augustinus
2520 5425 2614 5481 lib.
2661 5425 2676 5481 ι
2723 5437 2909 5480 contra
2959 5426 3300 5498 Crescon_i_um
3329 5441 3452 5494 cap.
3499 5426 3560 5478 5|
3594 5443 3608 5478 :
3648 5425 3715 5476 Et

2129 5495 2266 5552 nunc
2297 5511 2417 5552 sunt
2445 5499 2662 5567 quidam
2685 5498 2939 5557 hmretici,
2961 5499 3048 5567 qui
3080 5514 3134 5549 se
3166 5495 3479 5549 Nazarenos
3507 5505 3712 5558 vocant,

2129 5588 2160 5622 a
2192 5568 2462 5622 nommllis
2497 5580 2673 5621 autem
2707 5568 3107 5637 Symmachiani
3138 5567 3496 5636 appellantur,
3529 5567 3716 5637 elcir-

2128 5641 2499 5693 cumcisionem
2537 5639 2726 5693 habent
2751 5634 3089 5704 Iudazorum,
3117 5634 3179 5692 ει
3207 5638 3527 5706 baptismum
3557 5634 3715 5692 Citri—

2128 5714 2449 5766 slianorum.
