  <div class='ocr_page' id='page_1' title='image "/cluster/home/n/w/nwhite01/storage/ocr_20150623/41/nnc1.0046978747/225.png"; bbox 0 0 4170 6372; ppageno 0'>
   <div class='ocr_carea' id='block_1_1' title="bbox 484 319 581 374">
    <p class='ocr_par' dir='ltr' id='par_1_1' title="bbox 484 319 581 374">
     <span class='ocr_line' id='line_1_1' title="bbox 484 319 581 374; baseline -0.01 0"><span class='ocrx_word' id='word_1_1' title='bbox 484 319 581 374; x_wconf 73' lang='grc'><strong>391</strong></span> 
     </span>
    </p>
   </div>
   <div class='ocr_carea' id='block_1_2' title="bbox 1886 327 2330 384">
    <p class='ocr_par' dir='ltr' id='par_1_2' title="bbox 1886 327 2330 384">
     <span class='ocr_line' id='line_1_2' title="bbox 1886 327 2330 384; baseline 0.002 -1"><span class='ocrx_word' id='word_1_2' title='bbox 1886 328 1942 383; x_wconf 93' lang='lat' dir='ltr'><strong>S.</strong></span> <span class='ocrx_word' id='word_1_3' title='bbox 1985 327 2330 384; x_wconf 77' lang='lat' dir='ltr'><strong>El’lPHANll</strong></span> 
     </span>
    </p>
   </div>
   <div class='ocr_carea' id='block_1_3' title="bbox 3629 335 3736 390">
    <p class='ocr_par' dir='ltr' id='par_1_3' title="bbox 3629 335 3736 390">
     <span class='ocr_line' id='line_1_3' title="bbox 3629 335 3736 390; baseline 0.009 -1"><span class='ocrx_word' id='word_1_4' title='bbox 3629 335 3736 390; x_wconf 69' lang='lat'><strong>592</strong></span> 
     </span>
    </p>
   </div>
   <div class='ocr_carea' id='block_1_4' title="bbox 481 431 3740 520">
    <p class='ocr_par' dir='ltr' id='par_1_4' title="bbox 481 431 3740 520">
     <span class='ocr_line' id='line_1_4' title="bbox 481 431 3740 520; baseline 0.007 -34"><span class='ocrx_word' id='word_1_5' title='bbox 481 436 558 494; x_wconf 87' lang='lat' dir='ltr'><strong>lio</strong></span> <span class='ocrx_word' id='word_1_6' title='bbox 580 441 963 491; x_wconf 82' lang='lat' dir='ltr'><strong>consessurum</strong></span> <span class='ocrx_word' id='word_1_7' title='bbox 982 442 1109 492; x_wconf 66' lang='lat' dir='ltr'><strong>csse</strong></span> <span class='ocrx_word' id='word_1_8' title='bbox 1125 431 1425 506; x_wconf 87' lang='lat' dir='ltr'><strong>Christum,</strong></span> <span class='ocrx_word' id='word_1_9' title='bbox 1450 456 1558 496; x_wconf 88' lang='lat' dir='ltr'><strong>non</strong></span> <span class='ocrx_word' id='word_1_10' title='bbox 1583 443 1653 498; x_wconf 90' lang='lat' dir='ltr'><strong>sit</strong></span> <span class='ocrx_word' id='word_1_11' title='bbox 1676 442 1731 498; x_wconf 91' lang='lat' dir='ltr'><strong>in</strong></span> <span class='ocrx_word' id='word_1_12' title='bbox 1753 443 2056 509; x_wconf 87' lang='lat' dir='ltr'><strong>Salvatore,</strong></span> <span class='ocrx_word' id='word_1_13' title='bbox 2099 449 2246 518; x_wconf 93' lang='lat' dir='ltr'><strong>quod</strong></span> <span class='ocrx_word' id='word_1_14' title='bbox 2275 449 2342 502; x_wconf 87' lang='lat' dir='ltr'><strong>ad</strong></span> <span class='ocrx_word' id='word_1_15' title='bbox 2365 463 2585 503; x_wconf 86' lang='lat' dir='ltr'><strong>carnem</strong></span> <span class='ocrx_word' id='word_1_16' title='bbox 2639 449 2896 518; x_wconf 82' lang='lat' dir='ltr'><strong>pertinet,</strong></span> <span class='ocrx_word' id='word_1_17' title='bbox 2927 451 3222 520; x_wconf 82' lang='lat' dir='ltr'><strong>aliquando</strong></span> <span class='ocrx_word' id='word_1_18' title='bbox 3258 450 3582 520; x_wconf 90' lang='lat' dir='ltr'><strong>perfectum.</strong></span> <span class='ocrx_word' id='word_1_19' title='bbox 3626 451 3740 508; x_wconf 81' lang='lat' dir='ltr'><strong>Hoc</strong></span> 
     </span>
    </p>
   </div>
   <div class='ocr_carea' id='block_1_5' title="bbox 481 531 3741 612">
    <p class='ocr_par' dir='ltr' id='par_1_5' title="bbox 481 531 3741 612">
     <span class='ocr_line' id='line_1_5' title="bbox 481 531 3741 612; baseline 0.006 -31"><span class='ocrx_word' id='word_1_20' title='bbox 481 531 623 584; x_wconf 89' lang='lat' dir='ltr'><strong>enim</strong></span> <span class='ocrx_word' id='word_1_21' title='bbox 654 539 781 584; x_wconf 90' lang='lat' dir='ltr'><strong>sunt</strong></span> <span class='ocrx_word' id='word_1_22' title='bbox 807 531 897 600; x_wconf 90' lang='lat' dir='ltr'><strong>qui</strong></span> <span class='ocrx_word' id='word_1_23' title='bbox 942 541 1136 600; x_wconf 79' lang='lat' dir='ltr'><strong>negent</strong></span> <span class='ocrx_word' id='word_1_24' title='bbox 1167 533 1448 602; x_wconf 77' lang='lat' dir='ltr'><strong>impletum</strong></span> <span class='ocrx_word' id='word_1_25' title='bbox 1482 535 1686 602; x_wconf 90' lang='lat' dir='ltr'><strong>fuisse;</strong></span> <span class='ocrx_word' id='word_1_26' title='bbox 1722 552 1822 592; x_wconf 90' lang='lat' dir='ltr'><strong>nos</strong></span> <span class='ocrx_word' id='word_1_27' title='bbox 1863 546 2044 594; x_wconf 90' lang='lat' dir='ltr'><strong>tamen</strong></span> <span class='ocrx_word' id='word_1_28' title='bbox 2085 543 2242 610; x_wconf 83' lang='lat' dir='ltr'><strong>plane</strong></span> <span class='ocrx_word' id='word_1_29' title='bbox 2271 542 2344 596; x_wconf 91' lang='lat' dir='ltr'><strong>ita</strong></span> <span class='ocrx_word' id='word_1_30' title='bbox 2374 542 2674 612; x_wconf 86' lang='lat' dir='ltr'><strong>contigisse</strong></span> <span class='ocrx_word' id='word_1_31' title='bbox 2726 544 3177 597; x_wconf 89' lang='lat' dir='ltr'><strong>monstrabimus.</strong></span> <span class='ocrx_word' id='word_1_32' title='bbox 3222 545 3381 597; x_wconf 82' lang='lat' dir='ltr'><strong>Nulla</strong></span> <span class='ocrx_word' id='word_1_33' title='bbox 3439 545 3585 598; x_wconf 88' lang='lat' dir='ltr'><strong>enim</strong></span> <span class='ocrx_word' id='word_1_34' title='bbox 3652 545 3741 601; x_wconf 92' lang='lat' dir='ltr'><strong>vel</strong></span> 
     </span>
    </p>
   </div>
   <div class='ocr_carea' id='block_1_6' title="bbox 483 625 1982 700">
    <p class='ocr_par' dir='ltr' id='par_1_6' title="bbox 483 625 1982 700">
     <span class='ocr_line' id='line_1_6' title="bbox 483 625 1982 700; baseline 0.006 -22"><span class='ocrx_word' id='word_1_35' title='bbox 483 625 708 678; x_wconf 86' lang='lat' dir='ltr'><strong>minima</strong></span> <span class='ocrx_word' id='word_1_36' title='bbox 733 627 932 680; x_wconf 63' lang='lat' dir='ltr'><strong>divinae</strong></span> <span class='ocrx_word' id='word_1_37' title='bbox 964 626 1262 697; x_wconf 67' lang='lat' dir='ltr'><strong>Scriptura:</strong></span> <span class='ocrx_word' id='word_1_38' title='bbox 1298 630 1467 683; x_wconf 89' lang='lat' dir='ltr'><strong>dictio</strong></span> <span class='ocrx_word' id='word_1_39' title='bbox 1500 639 1680 700; x_wconf 87' lang='lat' dir='ltr'><strong>potest</strong></span> <span class='ocrx_word' id='word_1_40' title='bbox 1707 634 1982 687; x_wconf 68' lang='lat' dir='ltr'><strong>excidere.</strong></span> 
     </span>
    </p>
   </div>
   <div class='ocr_carea' id='block_1_7' title="bbox 555 719 2042 798">
    <p class='ocr_par' dir='ltr' id='par_1_7' title="bbox 555 719 2042 796">
     <span class='ocr_line' id='line_1_7' title="bbox 555 719 2042 796; baseline 0.007 -27"><span class='ocrx_word' id='word_1_41' title='bbox 555 719 637 770; x_wconf 93' lang='lat' dir='ltr'><strong>Ill.</strong></span> <span class='ocrx_word' id='word_1_42' title='bbox 665 721 935 785; x_wconf 83' lang='lat' dir='ltr'><strong>Quocirca</strong></span> <span class='ocrx_word' id='word_1_43' title='bbox 967 723 1198 775; x_wconf 87' lang='lat' dir='ltr'><strong>thronus</strong></span> <span class='ocrx_word' id='word_1_44' title='bbox 1216 723 1304 777; x_wconf 92' lang='lat' dir='ltr'><strong>ille</strong></span> <span class='ocrx_word' id='word_1_45' title='bbox 1332 722 1552 779; x_wconf 87' lang='lat' dir='ltr'><strong>Davidis</strong></span> <span class='ocrx_word' id='word_1_46' title='bbox 1576 740 1639 780; x_wconf 88' lang='lat' dir='ltr'><strong>ac</strong></span> <span class='ocrx_word' id='word_1_47' title='bbox 1660 728 1838 796; x_wconf 85' lang='lat' dir='ltr'><strong>regale</strong></span> <span class='ocrx_word' id='word_1_48' title='bbox 1859 728 2042 782; x_wconf 71' lang='lat' dir='ltr'><strong>soliun‘</strong></span> 
     </span>
    </p>
   </div>
   <div class='ocr_carea' id='block_1_8' title="bbox 2146 719 3742 798">
    <p class='ocr_par' dir='ltr' id='par_1_8' title="bbox 2234 719 3742 798">
     <span class='ocr_line' id='line_1_8' title="bbox 2234 719 3742 798; baseline 0.005 -23"><span class='ocrx_word' id='word_1_49' title='bbox 2234 727 2309 780; x_wconf 86' lang='lat' dir='ltr'><strong>I&quot;.</strong></span> <span class='ocrx_word' id='word_1_50' title='bbox 2345 725 2546 796; x_wconf 84' lang='grc' dir='ltr'>Θρὸνος</span> <span class='ocrx_word' id='word_1_51' title='bbox 2573 725 2684 793; x_wconf 80' lang='grc' dir='ltr'><strong>γὰρ</strong></span> <span class='ocrx_word' id='word_1_52' title='bbox 2699 723 2863 776; x_wconf 69' lang='grc' dir='ltr'><strong>Δαὸὶδ</strong></span> <span class='ocrx_word' id='word_1_53' title='bbox 2898 724 2991 776; x_wconf 75' lang='grc' dir='ltr'><strong>καὶ</strong></span> <span class='ocrx_word' id='word_1_54' title='bbox 3020 722 3272 795; x_wconf 84' lang='grc' dir='ltr'><strong>βασιλικὴ</strong></span> <span class='ocrx_word' id='word_1_55' title='bbox 3298 723 3427 792; x_wconf 73' lang='grc' dir='ltr'>ἕδρα</span> <span class='ocrx_word' id='word_1_56' title='bbox 3455 719 3602 778; x_wconf 77' lang='grc' dir='ltr'>ἐστὶν</span> <span class='ocrx_word' id='word_1_57' title='bbox 3628 729 3660 798; x_wconf 76' lang='grc' dir='ltr'><strong>ἡ</strong></span> <span class='ocrx_word' id='word_1_58' title='bbox 3683 731 3742 784; x_wconf 84' lang='grc' dir='ltr'>ἐν</span> 
     </span>
    </p>
   </div>
   <div class='ocr_carea' id='block_1_9' title="bbox 484 812 2054 882">
    <p class='ocr_par' dir='ltr' id='par_1_9' title="bbox 484 812 2054 882">
     <span class='ocr_line' id='line_1_9' title="bbox 484 812 2054 882; baseline 0.004 -18"><span class='ocrx_word' id='word_1_59' title='bbox 484 812 619 864; x_wconf 90' lang='lat' dir='ltr'><strong>nihil</strong></span> <span class='ocrx_word' id='word_1_60' title='bbox 643 813 786 868; x_wconf 86' lang='lat' dir='ltr'><strong>aliud</strong></span> <span class='ocrx_word' id='word_1_61' title='bbox 821 822 925 874; x_wconf 89' lang='lat' dir='ltr'><strong>est,</strong></span> <span class='ocrx_word' id='word_1_62' title='bbox 959 829 1120 882; x_wconf 89' lang='lat' dir='ltr'><strong>quam</strong></span> <span class='ocrx_word' id='word_1_63' title='bbox 1154 813 1410 868; x_wconf 77' lang='lat' dir='ltr'><strong>Ecclesia:</strong></span> <span class='ocrx_word' id='word_1_64' title='bbox 1438 827 1640 870; x_wconf 69' lang='lat' dir='ltr'><strong>saneta:</strong></span> <span class='ocrx_word' id='word_1_65' title='bbox 1667 817 2054 881; x_wconf 88' lang='lat' dir='ltr'><strong>sacerdotium,</strong></span> 
     </span>
    </p>
   </div>
   <div class='ocr_carea' id='block_1_10' title="bbox 483 905 2053 976">
    <p class='ocr_par' dir='ltr' id='par_1_10' title="bbox 483 905 2053 976">
     <span class='ocr_line' id='line_1_10' title="bbox 483 905 2053 976; baseline 0.004 -21"><span class='ocrx_word' id='word_1_66' title='bbox 483 905 630 971; x_wconf 87' lang='lat' dir='ltr'><strong>quod</strong></span> <span class='ocrx_word' id='word_1_67' title='bbox 664 905 811 974; x_wconf 88' lang='lat' dir='ltr'><strong>regia</strong></span> <span class='ocrx_word' id='word_1_68' title='bbox 845 906 1006 958; x_wconf 86' lang='lat' dir='ltr'><strong>simul</strong></span> <span class='ocrx_word' id='word_1_69' title='bbox 1061 920 1126 959; x_wconf 88' lang='lat' dir='ltr'><strong>ac</strong></span> <span class='ocrx_word' id='word_1_70' title='bbox 1160 907 1441 975; x_wconf 79' lang='lat' dir='ltr'><strong>poutifieia</strong></span> <span class='ocrx_word' id='word_1_71' title='bbox 1481 908 1744 976; x_wconf 85' lang='lat' dir='ltr'><strong>dignitate</strong></span> <span class='ocrx_word' id='word_1_72' title='bbox 1785 910 1840 961; x_wconf 93' lang='lat' dir='ltr'><strong>in</strong></span> <span class='ocrx_word' id='word_1_73' title='bbox 1887 925 2053 962; x_wconf 90' lang='lat' dir='ltr'><strong>unum</strong></span> 
     </span>
    </p>
   </div>
   <div class='ocr_carea' id='block_1_11' title="bbox 483 996 2052 1062">
    <p class='ocr_par' dir='ltr' id='par_1_11' title="bbox 483 996 2052 1062">
     <span class='ocr_line' id='line_1_11' title="bbox 483 996 2052 1062; baseline 0.003 -15"><span class='ocrx_word' id='word_1_74' title='bbox 483 1005 764 1049; x_wconf 85' lang='lat' dir='ltr'><strong>contracta</strong></span> <span class='ocrx_word' id='word_1_75' title='bbox 788 996 836 1050; x_wconf 90' lang='lat' dir='ltr'><strong>ei</strong></span> <span class='ocrx_word' id='word_1_76' title='bbox 869 996 1130 1050; x_wconf 85' lang='lat' dir='ltr'><strong>Dominus</strong></span> <span class='ocrx_word' id='word_1_77' title='bbox 1158 998 1426 1062; x_wconf 84' lang='lat' dir='ltr'><strong>attribuit,</strong></span> <span class='ocrx_word' id='word_1_78' title='bbox 1454 1013 1518 1050; x_wconf 88' lang='lat' dir='ltr'><strong>ac</strong></span> <span class='ocrx_word' id='word_1_79' title='bbox 1548 997 1767 1052; x_wconf 85' lang='lat' dir='ltr'><strong>Davidis</strong></span> <span class='ocrx_word' id='word_1_80' title='bbox 1788 1008 2052 1053; x_wconf 66' lang='lat' dir='ltr'><strong>aeternum</strong></span> 
     </span>
    </p>
   </div>
   <div class='ocr_carea' id='block_1_12' title="bbox 483 1087 2054 1158">
    <p class='ocr_par' dir='ltr' id='par_1_12' title="bbox 483 1087 2054 1158">
     <span class='ocr_line' id='line_1_12' title="bbox 483 1087 2054 1158; baseline 0.001 -19"><span class='ocrx_word' id='word_1_81' title='bbox 483 1087 638 1151; x_wconf 89' lang='lat' dir='ltr'><strong>illud,</strong></span> <span class='ocrx_word' id='word_1_82' title='bbox 669 1102 847 1155; x_wconf 86' lang='lat' dir='ltr'><strong>neque</strong></span> <span class='ocrx_word' id='word_1_83' title='bbox 878 1088 1182 1156; x_wconf 86' lang='lat' dir='ltr'><strong>periturum</strong></span> <span class='ocrx_word' id='word_1_84' title='bbox 1215 1104 1455 1158; x_wconf 87' lang='lat' dir='ltr'><strong>unquam</strong></span> <span class='ocrx_word' id='word_1_85' title='bbox 1488 1091 1687 1142; x_wconf 78' lang='lat' dir='ltr'><strong>Solium</strong></span> <span class='ocrx_word' id='word_1_86' title='bbox 1725 1091 1778 1143; x_wconf 92' lang='lat' dir='ltr'><strong>in</strong></span> <span class='ocrx_word' id='word_1_87' title='bbox 1811 1089 2054 1144; x_wconf 89' lang='lat' dir='ltr'><strong>eamdem</strong></span> 
     </span>
    </p>
   </div>
   <div class='ocr_carea' id='block_1_13' title="bbox 479 1180 2060 1252">
    <p class='ocr_par' dir='ltr' id='par_1_13' title="bbox 479 1180 2060 1252">
     <span class='ocr_line' id='line_1_13' title="bbox 479 1180 2060 1252; baseline 0.003 -20"><span class='ocrx_word' id='word_1_88' title='bbox 479 1181 733 1233; x_wconf 89' lang='lat' dir='ltr'><strong>contulit.</strong></span> <span class='ocrx_word' id='word_1_89' title='bbox 760 1180 873 1234; x_wconf 88' lang='lat' dir='ltr'><strong>lllic</strong></span> <span class='ocrx_word' id='word_1_90' title='bbox 903 1183 1048 1234; x_wconf 89' lang='lat' dir='ltr'><strong>enim</strong></span> <span class='ocrx_word' id='word_1_91' title='bbox 1082 1181 1338 1236; x_wconf 88' lang='lat' dir='ltr'><strong>Davidica</strong></span> <span class='ocrx_word' id='word_1_92' title='bbox 1365 1183 1524 1236; x_wconf 88' lang='lat' dir='ltr'><strong>sedes</strong></span> <span class='ocrx_word' id='word_1_93' title='bbox 1557 1189 1819 1252; x_wconf 87' lang='lat' dir='ltr'><strong>perpetua</strong></span> <span class='ocrx_word' id='word_1_94' title='bbox 1844 1198 2060 1236; x_wconf 87' lang='lat' dir='ltr'><strong>succes-</strong></span> 
     </span>
    </p>
   </div>
   <div class='ocr_carea' id='block_1_14' title="bbox 480 1271 2056 1342">
    <p class='ocr_par' dir='ltr' id='par_1_14' title="bbox 480 1271 2056 1342">
     <span class='ocr_line' id='line_1_14' title="bbox 480 1271 2056 1342; baseline 0.001 -17"><span class='ocrx_word' id='word_1_95' title='bbox 480 1273 636 1325; x_wconf 89' lang='lat' dir='ltr'><strong>sione</strong></span> <span class='ocrx_word' id='word_1_96' title='bbox 670 1272 736 1325; x_wconf 89' lang='lat' dir='ltr'><strong>ad</strong></span> <span class='ocrx_word' id='word_1_97' title='bbox 766 1271 1044 1326; x_wconf 84' lang='lat' dir='ltr'><strong>Christum</strong></span> <span class='ocrx_word' id='word_1_98' title='bbox 1072 1289 1244 1342; x_wconf 89' lang='lat' dir='ltr'><strong>usque</strong></span> <span class='ocrx_word' id='word_1_99' title='bbox 1277 1275 1600 1342; x_wconf 87' lang='lat' dir='ltr'><strong>permansit,</strong></span> <span class='ocrx_word' id='word_1_100' title='bbox 1625 1288 1749 1327; x_wconf 88' lang='lat' dir='ltr'><strong>cum</strong></span> <span class='ocrx_word' id='word_1_101' title='bbox 1779 1274 1924 1327; x_wconf 89' lang='lat' dir='ltr'><strong>nullo</strong></span> <span class='ocrx_word' id='word_1_102' title='bbox 1953 1289 2056 1326; x_wconf 92' lang='lat' dir='ltr'><strong>un-</strong></span> 
     </span>
    </p>
   </div>
   <div class='ocr_carea' id='block_1_15' title="bbox 478 1366 2056 1436">
    <p class='ocr_par' dir='ltr' id='par_1_15' title="bbox 478 1366 2056 1436">
     <span class='ocr_line' id='line_1_15' title="bbox 478 1366 2056 1436; baseline 0.001 -17"><span class='ocrx_word' id='word_1_103' title='bbox 478 1383 642 1435; x_wconf 86' lang='lat' dir='ltr'><strong>quam</strong></span> <span class='ocrx_word' id='word_1_104' title='bbox 707 1373 953 1435; x_wconf 89' lang='lat' dir='ltr'><strong>tempore</strong></span> <span class='ocrx_word' id='word_1_105' title='bbox 997 1367 1064 1421; x_wconf 86' lang='lat' dir='ltr'><strong>de</strong></span> <span class='ocrx_word' id='word_1_106' title='bbox 1107 1366 1261 1421; x_wconf 78' lang='lat' dir='ltr'><strong>Judae</strong></span> <span class='ocrx_word' id='word_1_107' title='bbox 1321 1368 1467 1421; x_wconf 88' lang='lat' dir='ltr'><strong>tribu</strong></span> <span class='ocrx_word' id='word_1_108' title='bbox 1526 1368 1797 1436; x_wconf 90' lang='lat' dir='ltr'><strong>principes</strong></span> <span class='ocrx_word' id='word_1_109' title='bbox 1855 1366 2056 1421; x_wconf 89' lang='lat' dir='ltr'><strong>desiis-</strong></span> 
     </span>
    </p>
   </div>
   <div class='ocr_carea' id='block_1_16' title="bbox 478 1456 2056 1528">
    <p class='ocr_par' dir='ltr' id='par_1_16' title="bbox 478 1456 2056 1528">
     <span class='ocr_line' id='line_1_16' title="bbox 478 1456 2056 1528; baseline 0 -16"><span class='ocrx_word' id='word_1_110' title='bbox 478 1465 634 1523; x_wconf 91' lang='lat' dir='ltr'><strong>scnt;</strong></span> <span class='ocrx_word' id='word_1_111' title='bbox 681 1456 856 1512; x_wconf 89' lang='lat' dir='ltr'><strong>donec</strong></span> <span class='ocrx_word' id='word_1_112' title='bbox 904 1458 997 1512; x_wconf 93' lang='lat' dir='ltr'><strong>ille</strong></span> <span class='ocrx_word' id='word_1_113' title='bbox 1040 1461 1188 1513; x_wconf 86' lang='lat' dir='ltr'><strong>venit</strong></span> <span class='ocrx_word' id='word_1_114' title='bbox 1223 1461 1307 1512; x_wconf 81' lang='lat' dir='ltr'><strong>cui</strong></span> <span class='ocrx_word' id='word_1_115' title='bbox 1341 1460 1570 1528; x_wconf 83' lang='lat' dir='ltr'><strong>reposita</strong></span> <span class='ocrx_word' id='word_1_116' title='bbox 1607 1467 1777 1512; x_wconf 83' lang='lat' dir='ltr'><strong>erunt.</strong></span> <span class='ocrx_word' id='word_1_117' title='bbox 1821 1457 1888 1511; x_wconf 81' lang='lat' dir='ltr'><strong>Et</strong></span> <span class='ocrx_word' id='word_1_118' title='bbox 1925 1459 2056 1526; x_wconf 78' lang='lat' dir='ltr'><strong>ipse,</strong></span> 
     </span>
    </p>
   </div>
   <div class='ocr_carea' id='block_1_17' title="bbox 479 1549 2058 1618">
    <p class='ocr_par' dir='ltr' id='par_1_17' title="bbox 479 1549 2058 1618">
     <span class='ocr_line' id='line_1_17' title="bbox 479 1549 2058 1618; baseline 0.001 -16"><span class='ocrx_word' id='word_1_119' title='bbox 479 1549 674 1618; x_wconf 86' lang='lat' dir='ltr'><strong>inquit,</strong></span> <span class='ocrx_word' id='word_1_120' title='bbox 714 1551 1028 1617; x_wconf 68' lang='lat' dir='ltr'><strong>exspectatio</strong></span> <span class='ocrx_word' id='word_1_121' title='bbox 1077 1551 1306 1618; x_wconf 84' lang='lat' dir='ltr'><strong>gentium</strong></span> <span class='ocrx_word' id='word_1_122' title='bbox 1335 1555 1373 1605; x_wconf 86' lang='lat'><strong>&#39;.</strong></span> <span class='ocrx_word' id='word_1_123' title='bbox 1433 1550 1644 1605; x_wconf 90' lang='lat' dir='ltr'><strong>Etenim</strong></span> <span class='ocrx_word' id='word_1_124' title='bbox 1693 1551 1797 1604; x_wconf 89' lang='lat' dir='ltr'><strong>sub</strong></span> <span class='ocrx_word' id='word_1_125' title='bbox 1854 1551 2058 1604; x_wconf 89' lang='lat' dir='ltr'><strong>adven-</strong></span> 
     </span>
    </p>
   </div>
   <div class='ocr_carea' id='block_1_18' title="bbox 477 1641 2055 1714">
    <p class='ocr_par' dir='ltr' id='par_1_18' title="bbox 477 1641 2055 1714">
     <span class='ocr_line' id='line_1_18' title="bbox 477 1641 2055 1714; baseline 0.002 -19"><span class='ocrx_word' id='word_1_126' title='bbox 477 1651 592 1696; x_wconf 91' lang='lat' dir='ltr'><strong>tum</strong></span> <span class='ocrx_word' id='word_1_127' title='bbox 641 1642 846 1696; x_wconf 82' lang='lat' dir='ltr'><strong>Christi</strong></span> <span class='ocrx_word' id='word_1_128' title='bbox 888 1641 1103 1696; x_wconf 91' lang='lat' dir='ltr'><strong>Domini</strong></span> <span class='ocrx_word' id='word_1_129' title='bbox 1145 1645 1310 1698; x_wconf 89' lang='lat' dir='ltr'><strong>desiit</strong></span> <span class='ocrx_word' id='word_1_130' title='bbox 1347 1645 1415 1698; x_wconf 89' lang='lat' dir='ltr'><strong>de</strong></span> <span class='ocrx_word' id='word_1_131' title='bbox 1460 1646 1603 1699; x_wconf 91' lang='lat' dir='ltr'><strong>tribu</strong></span> <span class='ocrx_word' id='word_1_132' title='bbox 1647 1643 1801 1699; x_wconf 66' lang='lat' dir='ltr'><strong>Iuda:</strong></span> <span class='ocrx_word' id='word_1_133' title='bbox 1845 1646 2055 1714; x_wconf 90' lang='lat' dir='ltr'><strong>princi-</strong></span> 
     </span>
    </p>
   </div>
   <div class='ocr_carea' id='block_1_19' title="bbox 475 1735 2056 1806">
    <p class='ocr_par' dir='ltr' id='par_1_19' title="bbox 475 1735 2056 1806">
     <span class='ocr_line' id='line_1_19' title="bbox 475 1735 2056 1806; baseline 0.003 -20"><span class='ocrx_word' id='word_1_134' title='bbox 475 1749 605 1804; x_wconf 90' lang='lat' dir='ltr'><strong>pum</strong></span> <span class='ocrx_word' id='word_1_135' title='bbox 669 1735 760 1788; x_wconf 90' lang='lat' dir='ltr'><strong>illa</strong></span> <span class='ocrx_word' id='word_1_136' title='bbox 812 1736 1160 1799; x_wconf 89' lang='lat' dir='ltr'><strong>succcessio,</strong></span> <span class='ocrx_word' id='word_1_137' title='bbox 1217 1736 1308 1804; x_wconf 93' lang='lat' dir='ltr'><strong>qui</strong></span> <span class='ocrx_word' id='word_1_138' title='bbox 1371 1735 1439 1789; x_wconf 91' lang='lat' dir='ltr'><strong>ad</strong></span> <span class='ocrx_word' id='word_1_139' title='bbox 1505 1737 1556 1789; x_wconf 91' lang='lat' dir='ltr'><strong>id</strong></span> <span class='ocrx_word' id='word_1_140' title='bbox 1616 1751 1790 1805; x_wconf 90' lang='lat' dir='ltr'><strong>usque</strong></span> <span class='ocrx_word' id='word_1_141' title='bbox 1841 1744 2056 1806; x_wconf 91' lang='lat' dir='ltr'><strong>tempus</strong></span> 
     </span>
    </p>
   </div>
   <div class='ocr_carea' id='block_1_20' title="bbox 474 1825 2059 1898">
    <p class='ocr_par' dir='ltr' id='par_1_20' title="bbox 474 1825 2059 1898">
     <span class='ocr_line' id='line_1_20' title="bbox 474 1825 2059 1898; baseline -0.001 -18"><span class='ocrx_word' id='word_1_142' title='bbox 474 1825 661 1898; x_wconf 92' lang='lat' dir='ltr'><strong>populi</strong></span> <span class='ocrx_word' id='word_1_143' title='bbox 720 1827 890 1881; x_wconf 87' lang='lat' dir='ltr'><strong>duces</strong></span> <span class='ocrx_word' id='word_1_144' title='bbox 936 1826 1174 1880; x_wconf 84' lang='lat' dir='ltr'><strong>fuerant.</strong></span> <span class='ocrx_word' id='word_1_145' title='bbox 1227 1826 1363 1880; x_wconf 87' lang='lat' dir='ltr'><strong>Nam</strong></span> <span class='ocrx_word' id='word_1_146' title='bbox 1409 1837 1524 1881; x_wconf 91' lang='lat' dir='ltr'><strong>tum</strong></span> <span class='ocrx_word' id='word_1_147' title='bbox 1586 1827 1680 1880; x_wconf 89' lang='lat' dir='ltr'><strong>illa</strong></span> <span class='ocrx_word' id='word_1_148' title='bbox 1741 1827 1912 1881; x_wconf 85' lang='lat' dir='ltr'><strong>series</strong></span> <span class='ocrx_word' id='word_1_149' title='bbox 1973 1827 2059 1880; x_wconf 83' lang='lat' dir='ltr'><strong>in-</strong></span> 
     </span>
    </p>
   </div>
   <div class='ocr_carea' id='block_1_21' title="bbox 547 1984 1008 2048">
    <p class='ocr_par' dir='ltr' id='par_1_21' title="bbox 547 1984 1008 2048">
     <span class='ocr_line' id='line_1_21' title="bbox 547 1984 1008 2048; baseline 0 -8"><span class='ocrx_word' id='word_1_150' title='bbox 547 1987 563 2018; x_wconf 88' lang='grc'>¹</span> <span class='ocrx_word' id='word_1_151' title='bbox 595 1985 731 2040; x_wconf 88' lang='lat' dir='ltr'><strong>Cen.</strong></span> <span class='ocrx_word' id='word_1_152' title='bbox 759 2001 906 2048; x_wconf 76' lang='lat' dir='ltr'><strong>xm,</strong></span> <span class='ocrx_word' id='word_1_153' title='bbox 941 1984 1008 2040; x_wconf 85' lang='grc'><strong>10</strong></span> 
     </span>
    </p>
   </div>
   <div class='ocr_carea' id='block_1_22' title="bbox 2161 814 3742 887">
    <p class='ocr_par' dir='ltr' id='par_1_22' title="bbox 2161 814 3742 887">
     <span class='ocr_line' id='line_1_22' title="bbox 2161 814 3742 887; baseline 0.002 -19"><span class='ocrx_word' id='word_1_154' title='bbox 2161 819 2228 887; x_wconf 83' lang='grc' dir='ltr'>τῇ</span> <span class='ocrx_word' id='word_1_155' title='bbox 2258 816 2390 886; x_wconf 71' lang='grc' dir='ltr'><strong>ἁγίᾳ</strong></span> <span class='ocrx_word' id='word_1_156' title='bbox 2435 815 2730 886; x_wconf 73' lang='grc' dir='ltr'>Ἐκκλησία</span> <span class='ocrx_word' id='word_1_157' title='bbox 2779 814 3065 885; x_wconf 79' lang='grc' dir='ltr'><strong>ἱερωσύνη,</strong></span> <span class='ocrx_word' id='word_1_158' title='bbox 3105 817 3241 885; x_wconf 84' lang='grc' dir='ltr'>ὅπερ</span> <span class='ocrx_word' id='word_1_159' title='bbox 3282 815 3498 886; x_wconf 81' lang='grc' dir='ltr'><strong>ἀξίωμα</strong></span> <span class='ocrx_word' id='word_1_160' title='bbox 3533 818 3742 886; x_wconf 82' lang='grc' dir='ltr'><strong>βασιλι-</strong></span> 
     </span>
    </p>
   </div>
   <div class='ocr_carea' id='block_1_23' title="bbox 2164 905 3740 978">
    <p class='ocr_par' dir='ltr' id='par_1_23' title="bbox 2164 905 3740 978">
     <span class='ocr_line' id='line_1_23' title="bbox 2164 905 3740 978; baseline 0.002 -17"><span class='ocrx_word' id='word_1_161' title='bbox 2164 911 2255 961; x_wconf 79' lang='grc' dir='ltr'><strong>κόν</strong></span> <span class='ocrx_word' id='word_1_162' title='bbox 2279 925 2338 960; x_wconf 89' lang='grc' dir='ltr'>τε</span> <span class='ocrx_word' id='word_1_163' title='bbox 2380 908 2471 960; x_wconf 72' lang='grc' dir='ltr'><strong>καὶ</strong></span> <span class='ocrx_word' id='word_1_164' title='bbox 2493 905 2878 978; x_wconf 78' lang='grc' dir='ltr'><strong>ἀρχιερατικὸν</strong></span> <span class='ocrx_word' id='word_1_165' title='bbox 2907 907 3042 976; x_wconf 76' lang='grc' dir='ltr'>ὁμοῦ</span> <span class='ocrx_word' id='word_1_166' title='bbox 3078 907 3170 958; x_wconf 80' lang='grc' dir='ltr'><strong>ἐπὶ</strong></span> <span class='ocrx_word' id='word_1_167' title='bbox 3195 906 3253 958; x_wconf 88' lang='grc' dir='ltr'>τὸ</span> <span class='ocrx_word' id='word_1_168' title='bbox 3273 908 3402 960; x_wconf 81' lang='grc' dir='ltr'>αὐτὸ</span> <span class='ocrx_word' id='word_1_169' title='bbox 3439 910 3679 975; x_wconf 66' lang='grc' dir='ltr'>συνάψας</span> <span class='ocrx_word' id='word_1_170' title='bbox 3712 916 3740 964; x_wconf 84' lang='grc' dir='ltr'>ὁ</span> 
     </span>
    </p>
   </div>
   <div class='ocr_carea' id='block_1_24' title="bbox 2163 997 3739 1071">
    <p class='ocr_par' dir='ltr' id='par_1_24' title="bbox 2163 997 3739 1071">
     <span class='ocr_line' id='line_1_24' title="bbox 2163 997 3739 1071; baseline 0.001 -19"><span class='ocrx_word' id='word_1_171' title='bbox 2163 1001 2366 1071; x_wconf 84' lang='grc' dir='ltr'>Κύριος</span> <span class='ocrx_word' id='word_1_172' title='bbox 2416 999 2710 1070; x_wconf 83' lang='grc' dir='ltr'><strong>δεδώρηται</strong></span> <span class='ocrx_word' id='word_1_173' title='bbox 2749 1001 2816 1068; x_wconf 82' lang='grc' dir='ltr'>τῇ</span> <span class='ocrx_word' id='word_1_174' title='bbox 2874 999 3005 1067; x_wconf 75' lang='grc' dir='ltr'><strong>ἁγίᾳ</strong></span> <span class='ocrx_word' id='word_1_175' title='bbox 3060 997 3226 1051; x_wconf 80' lang='grc' dir='ltr'>αὐτοῦ</span> <span class='ocrx_word' id='word_1_176' title='bbox 3290 999 3604 1069; x_wconf 69' lang='grc' dir='ltr'>Ἐκκλησία,</span> <span class='ocrx_word' id='word_1_177' title='bbox 3647 1001 3739 1053; x_wconf 79' lang='grc' dir='ltr'>τὸν</span> 
     </span>
    </p>
   </div>
   <div class='ocr_carea' id='block_1_25' title="bbox 2163 1092 3740 1164">
    <p class='ocr_par' dir='ltr' id='par_1_25' title="bbox 2163 1092 3740 1164">
     <span class='ocr_line' id='line_1_25' title="bbox 2163 1092 3740 1164; baseline 0.001 -18"><span class='ocrx_word' id='word_1_178' title='bbox 2163 1094 2348 1164; x_wconf 79' lang='grc' dir='ltr'><strong>Θρόνον</strong></span> <span class='ocrx_word' id='word_1_179' title='bbox 2387 1092 2710 1163; x_wconf 83' lang='grc' dir='ltr'><strong>μεταγαγὼν</strong></span> <span class='ocrx_word' id='word_1_180' title='bbox 2762 1094 2819 1144; x_wconf 81' lang='grc' dir='ltr'>ὲν</span> <span class='ocrx_word' id='word_1_181' title='bbox 2854 1092 2989 1161; x_wconf 80' lang='grc' dir='ltr'>αὐτῇ</span> <span class='ocrx_word' id='word_1_182' title='bbox 3031 1092 3121 1144; x_wconf 84' lang='grc' dir='ltr'>τὸν</span> <span class='ocrx_word' id='word_1_183' title='bbox 3158 1093 3250 1146; x_wconf 80' lang='grc' dir='ltr'>τοῦ</span> <span class='ocrx_word' id='word_1_184' title='bbox 3307 1093 3469 1146; x_wconf 74' lang='grc' dir='ltr'>Δαεὶδ</span> <span class='ocrx_word' id='word_1_185' title='bbox 3507 1095 3580 1164; x_wconf 84' lang='grc' dir='ltr'><strong>μὴ</strong></span> <span class='ocrx_word' id='word_1_186' title='bbox 3625 1095 3740 1148; x_wconf 81' lang='grc' dir='ltr'>δια-</span> 
     </span>
    </p>
   </div>
   <div class='ocr_carea' id='block_1_26' title="bbox 2161 1183 3739 1256">
    <p class='ocr_par' dir='ltr' id='par_1_26' title="bbox 2161 1183 3739 1256">
     <span class='ocr_line' id='line_1_26' title="bbox 2161 1183 3739 1256; baseline 0.001 -20"><span class='ocrx_word' id='word_1_187' title='bbox 2161 1185 2415 1239; x_wconf 84' lang='grc' dir='ltr'><strong>λείποντα</strong></span> <span class='ocrx_word' id='word_1_188' title='bbox 2462 1187 2540 1247; x_wconf 76' lang='lat' dir='ltr'><strong>sl;</strong></span> <span class='ocrx_word' id='word_1_189' title='bbox 2590 1184 2681 1236; x_wconf 87' lang='grc' dir='ltr'>τὸν</span> <span class='ocrx_word' id='word_1_190' title='bbox 2732 1183 2924 1237; x_wconf 81' lang='grc' dir='ltr'>αἰῶνα.</span> <span class='ocrx_word' id='word_1_191' title='bbox 2973 1185 3180 1236; x_wconf 84' lang='grc' dir='ltr'><strong>Ἐκεῖσε</strong></span> <span class='ocrx_word' id='word_1_192' title='bbox 3227 1185 3334 1256; x_wconf 80' lang='grc' dir='ltr'><strong>γὰρ</strong></span> <span class='ocrx_word' id='word_1_193' title='bbox 3383 1186 3525 1238; x_wconf 81' lang='grc' dir='ltr'>κατὰ</span> <span class='ocrx_word' id='word_1_194' title='bbox 3564 1187 3739 1239; x_wconf 85' lang='grc' dir='ltr'>διαδο-</span> 
     </span>
    </p>
   </div>
   <div class='ocr_carea' id='block_1_27' title="bbox 2162 1274 3736 1346">
    <p class='ocr_par' dir='ltr' id='par_1_27' title="bbox 2162 1274 3736 1346">
     <span class='ocr_line' id='line_1_27' title="bbox 2162 1274 3736 1346; baseline 0.001 -18"><span class='ocrx_word' id='word_1_195' title='bbox 2162 1277 2261 1345; x_wconf 82' lang='grc' dir='ltr'>χὴν</span> <span class='ocrx_word' id='word_1_196' title='bbox 2298 1276 2409 1342; x_wconf 85' lang='grc'><strong>(98)</strong></span> <span class='ocrx_word' id='word_1_197' title='bbox 2469 1275 2722 1346; x_wconf 75' lang='grc' dir='ltr'>διήρκεσε</span> <span class='ocrx_word' id='word_1_198' title='bbox 2781 1275 2968 1344; x_wconf 87' lang='grc' dir='ltr'><strong>θρόνος</strong></span> <span class='ocrx_word' id='word_1_199' title='bbox 3021 1274 3204 1338; x_wconf 78' lang='grc' dir='ltr'><strong>Δαϐὶδ,</strong></span> <span class='ocrx_word' id='word_1_200' title='bbox 3261 1276 3365 1338; x_wconf 80' lang='grc' dir='ltr'><strong>ἓως</strong></span> <span class='ocrx_word' id='word_1_201' title='bbox 3422 1278 3587 1330; x_wconf 79' lang='grc' dir='ltr'>αὑτοῦ</span> <span class='ocrx_word' id='word_1_202' title='bbox 3643 1277 3736 1330; x_wconf 81' lang='grc' dir='ltr'>τοῦ</span> 
     </span>
    </p>
   </div>
   <div class='ocr_carea' id='block_1_28' title="bbox 2161 1366 3733 1438">
    <p class='ocr_par' dir='ltr' id='par_1_28' title="bbox 2161 1366 3733 1438">
     <span class='ocr_line' id='line_1_28' title="bbox 2161 1366 3733 1438; baseline 0.002 -20"><span class='ocrx_word' id='word_1_203' title='bbox 2161 1366 2420 1438; x_wconf 76' lang='grc' dir='ltr'>Χριστοῦ,</span> <span class='ocrx_word' id='word_1_204' title='bbox 2459 1368 2532 1438; x_wconf 82' lang='grc' dir='ltr'><strong>μὴ</strong></span> <span class='ocrx_word' id='word_1_205' title='bbox 2571 1366 2952 1419; x_wconf 79' lang='grc' dir='ltr'><strong>διαλειπόντων</strong></span> <span class='ocrx_word' id='word_1_206' title='bbox 2995 1367 3104 1418; x_wconf 84' lang='grc' dir='ltr'>τῶν</span> <span class='ocrx_word' id='word_1_207' title='bbox 3137 1367 3196 1431; x_wconf 81' lang='grc' dir='ltr'>ἐξ</span> <span class='ocrx_word' id='word_1_208' title='bbox 3242 1368 3411 1421; x_wconf 83' lang='grc' dir='ltr'>Ἰούδα</span> <span class='ocrx_word' id='word_1_209' title='bbox 3437 1369 3733 1438; x_wconf 83' lang='grc' dir='ltr'>ἀρχόντων,</span> 
     </span>
    </p>
   </div>
   <div class='ocr_carea' id='block_1_29' title="bbox 2161 1451 3735 1528">
    <p class='ocr_par' dir='ltr' id='par_1_29' title="bbox 2161 1451 3735 1528">
     <span class='ocr_line' id='line_1_29' title="bbox 2161 1451 3735 1528; baseline 0.001 -18"><span class='ocrx_word' id='word_1_210' title='bbox 2161 1459 2264 1520; x_wconf 69' lang='grc' dir='ltr'><strong>ἕως</strong></span> <span class='ocrx_word' id='word_1_211' title='bbox 2296 1454 2457 1528; x_wconf 78' lang='grc' dir='ltr'>ἦλθεν</span> <span class='ocrx_word' id='word_1_212' title='bbox 2485 1451 2532 1523; x_wconf 83' lang='grc' dir='ltr'><strong>ᾧ</strong></span> <span class='ocrx_word' id='word_1_213' title='bbox 2567 1458 2638 1510; x_wconf 84' lang='grc' dir='ltr'>τὰ</span> <span class='ocrx_word' id='word_1_214' title='bbox 2663 1459 3025 1526; x_wconf 75' lang='grc' dir='ltr'><strong>ἀποκείμενα</strong></span> <span class='ocrx_word' id='word_1_215' title='bbox 3055 1455 3154 1527; x_wconf 79' lang='grc' dir='ltr'><strong>ἦν.</strong></span> <span class='ocrx_word' id='word_1_216' title='bbox 3191 1460 3300 1512; x_wconf 78' lang='grc' dir='ltr'><strong>Καὶ</strong></span> <span class='ocrx_word' id='word_1_217' title='bbox 3338 1459 3520 1524; x_wconf 87' lang='grc' dir='ltr'>αὐτὸς</span> <span class='ocrx_word' id='word_1_218' title='bbox 3549 1474 3735 1526; x_wconf 78' lang='grc' dir='ltr'>προσ-</span> 
     </span>
    </p>
   </div>
   <div class='ocr_carea' id='block_1_30' title="bbox 2160 1549 3732 1622">
    <p class='ocr_par' dir='ltr' id='par_1_30' title="bbox 2160 1549 3732 1622">
     <span class='ocr_line' id='line_1_30' title="bbox 2160 1549 3732 1622; baseline 0 -20"><span class='ocrx_word' id='word_1_219' title='bbox 2160 1550 2332 1603; x_wconf 75' lang='grc' dir='ltr'>δοκία</span> <span class='ocrx_word' id='word_1_220' title='bbox 2350 1549 2558 1610; x_wconf 76' lang='grc' dir='ltr'><strong>ἐθνῶν,</strong></span> <span class='ocrx_word' id='word_1_221' title='bbox 2591 1550 2770 1619; x_wconf 80' lang='grc' dir='ltr'>φησίν.</span> <span class='ocrx_word' id='word_1_222' title='bbox 2801 1550 3033 1618; x_wconf 77' lang='grc' dir='ltr'><strong>Ἔληξαν</strong></span> <span class='ocrx_word' id='word_1_223' title='bbox 3064 1551 3171 1622; x_wconf 80' lang='grc' dir='ltr'>γὰρ</span> <span class='ocrx_word' id='word_1_224' title='bbox 3202 1554 3259 1603; x_wconf 84' lang='grc' dir='ltr'>ἐν</span> <span class='ocrx_word' id='word_1_225' title='bbox 3283 1553 3346 1621; x_wconf 82' lang='grc' dir='ltr'>τῇ</span> <span class='ocrx_word' id='word_1_226' title='bbox 3381 1550 3474 1603; x_wconf 84' lang='grc' dir='ltr'><strong>τοῦ</strong></span> <span class='ocrx_word' id='word_1_227' title='bbox 3497 1549 3732 1619; x_wconf 81' lang='grc' dir='ltr'>Χριστοῦ</span> 
     </span>
    </p>
   </div>
   <div class='ocr_carea' id='block_1_31' title="bbox 2163 1641 3735 1712">
    <p class='ocr_par' dir='ltr' id='par_1_31' title="bbox 2163 1641 3735 1712">
     <span class='ocr_line' id='line_1_31' title="bbox 2163 1641 3735 1712; baseline 0 -18"><span class='ocrx_word' id='word_1_228' title='bbox 2163 1642 2434 1712; x_wconf 73' lang='grc' dir='ltr'><strong>παρουσίᾳ</strong></span> <span class='ocrx_word' id='word_1_229' title='bbox 2477 1643 2524 1693; x_wconf 86' lang='grc' dir='ltr'>οἱ</span> <span class='ocrx_word' id='word_1_230' title='bbox 2572 1642 2710 1694; x_wconf 85' lang='grc' dir='ltr'><strong>κατά</strong></span> <span class='ocrx_word' id='word_1_231' title='bbox 2743 1641 2991 1710; x_wconf 82' lang='grc' dir='ltr'>διαδοχὴν</span> <span class='ocrx_word' id='word_1_232' title='bbox 3025 1642 3084 1705; x_wconf 78' lang='grc' dir='ltr'>ἐξ</span> <span class='ocrx_word' id='word_1_233' title='bbox 3127 1641 3295 1695; x_wconf 80' lang='grc' dir='ltr'><strong>’ἰούδα</strong></span> <span class='ocrx_word' id='word_1_234' title='bbox 3325 1643 3600 1712; x_wconf 81' lang='grc' dir='ltr'>ἄρχοντες,</span> <span class='ocrx_word' id='word_1_235' title='bbox 3630 1643 3735 1705; x_wconf 70' lang='grc' dir='ltr'><strong>ἕως</strong></span> 
     </span>
    </p>
   </div>
   <div class='ocr_carea' id='block_1_32' title="bbox 2162 1731 3732 1804">
    <p class='ocr_par' dir='ltr' id='par_1_32' title="bbox 2162 1731 3732 1804">
     <span class='ocr_line' id='line_1_32' title="bbox 2162 1731 3732 1804; baseline -0.001 -18"><span class='ocrx_word' id='word_1_236' title='bbox 2162 1733 2326 1786; x_wconf 79' lang='grc' dir='ltr'>αὑτοῦ</span> <span class='ocrx_word' id='word_1_237' title='bbox 2399 1733 2492 1785; x_wconf 76' lang='grc' dir='ltr'>τοῦ</span> <span class='ocrx_word' id='word_1_238' title='bbox 2571 1731 2807 1802; x_wconf 80' lang='grc' dir='ltr'>Χριστοῦ</span> <span class='ocrx_word' id='word_1_239' title='bbox 2875 1733 3189 1801; x_wconf 85' lang='grc' dir='ltr'><strong>ἡγούμενοι.</strong></span> <span class='ocrx_word' id='word_1_240' title='bbox 3247 1733 3474 1785; x_wconf 84' lang='grc' dir='ltr'>Διέπεσε</span> <span class='ocrx_word' id='word_1_241' title='bbox 3533 1732 3640 1803; x_wconf 79' lang='grc' dir='ltr'><strong>γὰρ</strong></span> <span class='ocrx_word' id='word_1_242' title='bbox 3698 1735 3732 1804; x_wconf 83' lang='grc' dir='ltr'><strong>ή</strong></span> 
     </span>
    </p>
   </div>
   <div class='ocr_carea' id='block_1_33' title="bbox 2161 1823 3734 1899">
    <p class='ocr_par' dir='ltr' id='par_1_33' title="bbox 2161 1823 3734 1899">
     <span class='ocr_line' id='line_1_33' title="bbox 2161 1823 3734 1899; baseline 0.001 -21"><span class='ocrx_word' id='word_1_243' title='bbox 2161 1826 2313 1891; x_wconf 78' lang='grc' dir='ltr'>τάξις</span> <span class='ocrx_word' id='word_1_244' title='bbox 2344 1825 2478 1897; x_wconf 83' lang='grc'>(99),</span> <span class='ocrx_word' id='word_1_245' title='bbox 2521 1824 2616 1877; x_wconf 78' lang='grc' dir='ltr'><strong>καὶ</strong></span> <span class='ocrx_word' id='word_1_246' title='bbox 2649 1823 2798 1894; x_wconf 81' lang='grc' dir='ltr'>ἔστη,</span> <span class='ocrx_word' id='word_1_247' title='bbox 2838 1824 2987 1890; x_wconf 77' lang='grc' dir='ltr'>ἐξότε</span> <span class='ocrx_word' id='word_1_248' title='bbox 3029 1825 3192 1888; x_wconf 80' lang='grc' dir='ltr'>αὐτὸς</span> <span class='ocrx_word' id='word_1_249' title='bbox 3239 1828 3496 1893; x_wconf 78' lang='grc' dir='ltr'>γεννᾶται</span> <span class='ocrx_word' id='word_1_250' title='bbox 3524 1828 3582 1880; x_wconf 82' lang='grc' dir='ltr'>ὲν</span> <span class='ocrx_word' id='word_1_251' title='bbox 3627 1825 3734 1899; x_wconf 85' lang='grc' dir='ltr'><strong>Βη-</strong></span> 
     </span>
    </p>
   </div>
   <div class='ocr_carea' id='block_1_34' title="bbox 544 2131 2042 2213">
    <p class='ocr_par' dir='ltr' id='par_1_34' title="bbox 544 2133 2042 2213">
     <span class='ocr_line' id='line_1_34' title="bbox 544 2133 2042 2213; baseline -0.008 -15"><span class='ocrx_word' id='word_1_252' title='bbox 544 2143 656 2213; x_wconf 86' lang='grc'><strong>(98)</strong></span> <span class='ocrx_word' id='word_1_253' title='bbox 707 2141 933 2195; x_wconf 84' lang='grc' dir='ltr'><strong>Ἐκεῖσε</strong></span> <span class='ocrx_word' id='word_1_254' title='bbox 973 2140 1095 2213; x_wconf 38' lang='grc' dir='ltr'>τὰρ-</span> <span class='ocrx_word' id='word_1_255' title='bbox 1137 2137 1298 2213; x_wconf 36' lang='grc' dir='ltr'>κατὰ-</span> <span class='ocrx_word' id='word_1_256' title='bbox 1339 2136 1650 2213; x_wconf 63' lang='grc' dir='ltr'>διαδοχήν.</span> <span class='ocrx_word' id='word_1_257' title='bbox 1720 2133 1930 2213; x_wconf 88' lang='lat' dir='ltr'><strong>T_ritam</strong></span> <span class='ocrx_word' id='word_1_258' title='bbox 1988 2146 2042 2186; x_wconf 81' lang='lat' dir='ltr'><strong>ac</strong></span> 
     </span>
    </p>
   </div>
   <div class='ocr_carea' id='block_1_35' title="bbox 2146 2131 3731 2213">
    <p class='ocr_par' dir='ltr' id='par_1_35' title="bbox 2154 2131 3731 2213">
     <span class='ocr_line' id='line_1_35' title="bbox 2154 2131 3731 2213; baseline 0.003 -26"><span class='ocrx_word' id='word_1_259' title='bbox 2154 2147 2285 2213; x_wconf 77' lang='lat' dir='ltr'><strong>nere</strong></span> <span class='ocrx_word' id='word_1_260' title='bbox 2318 2131 2794 2213; x_wconf 65' lang='lat' dir='ltr'><strong>videtiir.l&#39;1x_qiio</strong></span> <span class='ocrx_word' id='word_1_261' title='bbox 2829 2148 3172 2213; x_wconf 72' lang='lat' dir='ltr'><strong>consequens</strong></span> <span class='ocrx_word' id='word_1_262' title='bbox 3200 2142 3302 2213; x_wconf 77' lang='lat' dir='ltr'><strong>est,</strong></span> <span class='ocrx_word' id='word_1_263' title='bbox 3338 2136 3391 2190; x_wconf 93' lang='lat' dir='ltr'><strong>in</strong></span> <span class='ocrx_word' id='word_1_264' title='bbox 3423 2136 3731 2192; x_wconf 80' lang='lat' dir='ltr'><strong>Alexandro</strong></span> 
     </span>
    </p>
   </div>
   <div class='ocr_carea' id='block_1_36' title="bbox 471 2206 2048 2276">
    <p class='ocr_par' dir='ltr' id='par_1_36' title="bbox 471 2206 2048 2276">
     <span class='ocr_line' id='line_1_36' title="bbox 471 2206 2048 2276; baseline -0.008 -6"><span class='ocrx_word' id='word_1_265' title='bbox 471 2206 750 2270; x_wconf 67' lang='lat' dir='ltr'><strong>vulgarem</strong></span> <span class='ocrx_word' id='word_1_266' title='bbox 788 2213 854 2265; x_wconf 85' lang='lat' dir='ltr'><strong>de</strong></span> <span class='ocrx_word' id='word_1_267' title='bbox 891 2206 1096 2264; x_wconf 76' lang='lat' dir='ltr'><strong>oraculi</strong></span> <span class='ocrx_word' id='word_1_268' title='bbox 1152 2208 1387 2262; x_wconf 68' lang='lat' dir='ltr'><strong>Jacobmi</strong></span> <span class='ocrx_word' id='word_1_269' title='bbox 1424 2206 1878 2276; x_wconf 87' lang='lat' dir='ltr'><strong>interpretatione</strong></span> <span class='ocrx_word' id='word_1_270' title='bbox 1918 2220 2048 2276; x_wconf 75' lang='lat' dir='ltr'><strong>seri-</strong></span> 
     </span>
    </p>
   </div>
   <div class='ocr_carea' id='block_1_37' title="bbox 473 2274 2045 2350">
    <p class='ocr_par' dir='ltr' id='par_1_37' title="bbox 473 2274 2045 2350">
     <span class='ocr_line' id='line_1_37' title="bbox 473 2274 2045 2350; baseline -0.008 -12"><span class='ocrx_word' id='word_1_271' title='bbox 473 2287 699 2340; x_wconf 88' lang='lat' dir='ltr'><strong>tentiam</strong></span> <span class='ocrx_word' id='word_1_272' title='bbox 752 2284 994 2350; x_wconf 86' lang='lat' dir='ltr'><strong>sequitur</strong></span> <span class='ocrx_word' id='word_1_273' title='bbox 1047 2279 1405 2349; x_wconf 88' lang='lat' dir='ltr'><strong>Epiphanius.</strong></span> <span class='ocrx_word' id='word_1_274' title='bbox 1435 2274 1702 2350; x_wconf 31' lang='lat' dir='ltr'><strong>Quae—Aest</strong></span> <span class='ocrx_word' id='word_1_275' title='bbox 1750 2274 2045 2350; x_wconf 80' lang='lat' dir='ltr'><strong>ejusmodi,</strong></span> 
     </span>
    </p>
   </div>
   <div class='ocr_carea' id='block_1_38' title="bbox 475 2345 2048 2420">
    <p class='ocr_par' dir='ltr' id='par_1_38' title="bbox 475 2345 2048 2420">
     <span class='ocr_line' id='line_1_38' title="bbox 475 2345 2048 2420; baseline -0.007 -14"><span class='ocrx_word' id='word_1_276' title='bbox 475 2368 752 2420; x_wconf 86' lang='lat' dir='ltr'><strong>nunquam</strong></span> <span class='ocrx_word' id='word_1_277' title='bbox 783 2369 813 2405; x_wconf 93' lang='lat' dir='ltr'><strong>e</strong></span> <span class='ocrx_word' id='word_1_278' title='bbox 833 2345 988 2404; x_wconf 71' lang='lat' dir='ltr'><strong>tribu</strong></span> <span class='ocrx_word' id='word_1_279' title='bbox 1027 2345 1166 2404; x_wconf 75' lang='lat' dir='ltr'><strong>Juda</strong></span> <span class='ocrx_word' id='word_1_280' title='bbox 1204 2346 1833 2420; x_wconf 73' lang='lat' dir='ltr'><strong>prit&#39;tcipcsdefuturos,</strong></span> <span class='ocrx_word' id='word_1_281' title='bbox 1859 2345 2048 2420; x_wconf 77' lang='lat' dir='ltr'><strong>donec</strong></span> 
     </span>
    </p>
   </div>
   <div class='ocr_carea' id='block_1_39' title="bbox 470 2415 2046 2486">
    <p class='ocr_par' dir='ltr' id='par_1_39' title="bbox 470 2415 2046 2486">
     <span class='ocr_line' id='line_1_39' title="bbox 470 2415 2046 2486; baseline -0.008 -7"><span class='ocrx_word' id='word_1_282' title='bbox 470 2415 727 2479; x_wconf 79' lang='lat' dir='ltr'><strong>Christus</strong></span> <span class='ocrx_word' id='word_1_283' title='bbox 763 2422 1064 2482; x_wconf 83' lang='lat' dir='ltr'><strong>adveniret,</strong></span> <span class='ocrx_word' id='word_1_284' title='bbox 1104 2415 1331 2481; x_wconf 41' lang='lat' dir='ltr'><strong>hoc—cst,</strong></span> <span class='ocrx_word' id='word_1_285' title='bbox 1365 2415 1466 2473; x_wconf 81' lang='lat' dir='ltr'><strong>sub</strong></span> <span class='ocrx_word' id='word_1_286' title='bbox 1498 2417 1674 2486; x_wconf 90' lang='lat' dir='ltr'><strong>ipsum</strong></span> <span class='ocrx_word' id='word_1_287' title='bbox 1708 2415 1920 2470; x_wconf 55' lang='lat' dir='ltr'><strong>Messias</strong></span> <span class='ocrx_word' id='word_1_288' title='bbox 1952 2416 2046 2486; x_wconf 85' lang='lat' dir='ltr'><strong>ad-</strong></span> 
     </span>
    </p>
   </div>
   <div class='ocr_carea' id='block_1_40' title="bbox 472 2485 2044 2559">
    <p class='ocr_par' dir='ltr' id='par_1_40' title="bbox 472 2485 2044 2559">
     <span class='ocr_line' id='line_1_40' title="bbox 472 2485 2044 2559; baseline -0.006 -13"><span class='ocrx_word' id='word_1_289' title='bbox 472 2503 694 2549; x_wconf 91' lang='lat' dir='ltr'><strong>ventum</strong></span> <span class='ocrx_word' id='word_1_290' title='bbox 723 2493 996 2546; x_wconf 86' lang='lat' dir='ltr'><strong>desituros</strong></span> <span class='ocrx_word' id='word_1_291' title='bbox 1033 2491 1329 2559; x_wconf 84' lang='lat' dir='ltr'><strong>principes,</strong></span> <span class='ocrx_word' id='word_1_292' title='bbox 1362 2489 1455 2558; x_wconf 91' lang='lat' dir='ltr'><strong>qui</strong></span> <span class='ocrx_word' id='word_1_293' title='bbox 1513 2485 1777 2559; x_wconf 82' lang='lat' dir='ltr'><strong>hactenus</strong></span> <span class='ocrx_word' id='word_1_294' title='bbox 1821 2501 1852 2538; x_wconf 88' lang='lat' dir='ltr'><strong>e</strong></span> <span class='ocrx_word' id='word_1_295' title='bbox 1884 2485 2044 2559; x_wconf 77' lang='lat' dir='ltr'><strong>tribu</strong></span> 
     </span>
    </p>
   </div>
   <div class='ocr_carea' id='block_1_41' title="bbox 469 2556 2047 2625">
    <p class='ocr_par' dir='ltr' id='par_1_41' title="bbox 469 2556 2047 2625">
     <span class='ocr_line' id='line_1_41' title="bbox 469 2556 2047 2625; baseline -0.006 -8"><span class='ocrx_word' id='word_1_296' title='bbox 469 2563 609 2619; x_wconf 80' lang='lat' dir='ltr'><strong>Juda</strong></span> <span class='ocrx_word' id='word_1_297' title='bbox 662 2565 1006 2617; x_wconf 83' lang='lat' dir='ltr'><strong>exstiterant.</strong></span> <span class='ocrx_word' id='word_1_298' title='bbox 1034 2556 1227 2625; x_wconf 43' lang='lat' dir='ltr'><strong>&#39;Quod—</strong></span> <span class='ocrx_word' id='word_1_299' title='bbox 1262 2561 1316 2612; x_wconf 90' lang='lat' dir='ltr'><strong>in</strong></span> <span class='ocrx_word' id='word_1_300' title='bbox 1381 2556 1692 2611; x_wconf 72' lang='lat' dir='ltr'><strong>Alexandro</strong></span> <span class='ocrx_word' id='word_1_301' title='bbox 1749 2556 2047 2622; x_wconf 80' lang='lat' dir='ltr'><strong>contigisse</strong></span> 
     </span>
    </p>
   </div>
   <div class='ocr_carea' id='block_1_42' title="bbox 473 2626 2041 2703">
    <p class='ocr_par' dir='ltr' id='par_1_42' title="bbox 473 2626 2041 2703">
     <span class='ocr_line' id='line_1_42' title="bbox 473 2626 2041 2703; baseline -0.007 -15"><span class='ocrx_word' id='word_1_302' title='bbox 473 2645 662 2703; x_wconf 84' lang='lat' dir='ltr'><strong>putat;</strong></span> <span class='ocrx_word' id='word_1_303' title='bbox 699 2635 788 2701; x_wconf 89' lang='lat' dir='ltr'><strong>qui</strong></span> <span class='ocrx_word' id='word_1_304' title='bbox 813 2641 1122 2701; x_wconf 87' lang='lat' dir='ltr'><strong>postremus</strong></span> <span class='ocrx_word' id='word_1_305' title='bbox 1161 2631 1339 2703; x_wconf 89' lang='lat' dir='ltr'><strong>reegia</strong></span> <span class='ocrx_word' id='word_1_306' title='bbox 1387 2629 1476 2682; x_wconf 87' lang='lat' dir='ltr'><strong>illa</strong></span> <span class='ocrx_word' id='word_1_307' title='bbox 1510 2627 1661 2680; x_wconf 78' lang='lat' dir='ltr'><strong>Judze</strong></span> <span class='ocrx_word' id='word_1_308' title='bbox 1688 2626 1891 2703; x_wconf 75' lang='lat' dir='ltr'><strong>faniiiia</strong></span> <span class='ocrx_word' id='word_1_309' title='bbox 1921 2626 2041 2703; x_wconf 81' lang='lat' dir='ltr'><strong>fuit.</strong></span> 
     </span>
    </p>
   </div>
   <div class='ocr_carea' id='block_1_43' title="bbox 471 2695 2045 2765">
    <p class='ocr_par' dir='ltr' id='par_1_43' title="bbox 471 2695 2045 2765">
     <span class='ocr_line' id='line_1_43' title="bbox 471 2695 2045 2765; baseline -0.006 -11"><span class='ocrx_word' id='word_1_310' title='bbox 471 2695 571 2758; x_wconf 65' lang='lat' dir='ltr'><strong>Elui</strong></span> <span class='ocrx_word' id='word_1_311' title='bbox 627 2695 868 2758; x_wconf 75' lang='lat' dir='ltr'><strong>Herodes</strong></span> <span class='ocrx_word' id='word_1_312' title='bbox 923 2695 1452 2762; x_wconf 39' lang='lat' dir='ltr'><strong>successitfhomo</strong></span> <span class='ocrx_word' id='word_1_313' title='bbox 1511 2714 1685 2765; x_wconf 90' lang='lat' dir='ltr'><strong>neque</strong></span> <span class='ocrx_word' id='word_1_314' title='bbox 1734 2695 1885 2749; x_wconf 80' lang='lat' dir='ltr'><strong>Jmhe</strong></span> <span class='ocrx_word' id='word_1_315' title='bbox 1947 2696 2045 2746; x_wconf 88' lang='lat' dir='ltr'><strong>tri-</strong></span> 
     </span>
    </p>
   </div>
   <div class='ocr_carea' id='block_1_44' title="bbox 475 2766 2047 2837">
    <p class='ocr_par' dir='ltr' id='par_1_44' title="bbox 475 2766 2047 2837">
     <span class='ocr_line' id='line_1_44' title="bbox 475 2766 2047 2837; baseline -0.006 -9"><span class='ocrx_word' id='word_1_316' title='bbox 475 2775 640 2837; x_wconf 80' lang='lat' dir='ltr'><strong>bulis,</strong></span> <span class='ocrx_word' id='word_1_317' title='bbox 675 2788 774 2826; x_wconf 92' lang='lat' dir='ltr'><strong>nec</strong></span> <span class='ocrx_word' id='word_1_318' title='bbox 801 2773 1024 2826; x_wconf 90' lang='lat' dir='ltr'><strong>omnino</strong></span> <span class='ocrx_word' id='word_1_319' title='bbox 1051 2771 1293 2828; x_wconf 72' lang='lat' dir='ltr'><strong>.ludaaus,</strong></span> <span class='ocrx_word' id='word_1_320' title='bbox 1333 2771 1426 2822; x_wconf 79' lang='lat' dir='ltr'><strong>sed</strong></span> <span class='ocrx_word' id='word_1_321' title='bbox 1453 2766 1741 2829; x_wconf 51' lang='lat' dir='ltr'><strong>ldum-aius,</strong></span> <span class='ocrx_word' id='word_1_322' title='bbox 1772 2774 1823 2818; x_wconf 87' lang='lat' dir='ltr'><strong>et</strong></span> <span class='ocrx_word' id='word_1_323' title='bbox 1843 2766 2047 2837; x_wconf 85' lang='lat' dir='ltr'><strong>alieni-</strong></span> 
     </span>
    </p>
   </div>
   <div class='ocr_carea' id='block_1_45' title="bbox 469 2836 2046 2910">
    <p class='ocr_par' dir='ltr' id='par_1_45' title="bbox 469 2836 2046 2910">
     <span class='ocr_line' id='line_1_45' title="bbox 469 2836 2046 2910; baseline -0.006 -12"><span class='ocrx_word' id='word_1_324' title='bbox 469 2836 648 2910; x_wconf 80' lang='lat' dir='ltr'><strong>gena:</strong></span> <span class='ocrx_word' id='word_1_325' title='bbox 681 2852 804 2896; x_wconf 91' lang='lat' dir='ltr'><strong>ante</strong></span> <span class='ocrx_word' id='word_1_326' title='bbox 834 2857 992 2910; x_wconf 89' lang='lat' dir='ltr'><strong>quem</strong></span> <span class='ocrx_word' id='word_1_327' title='bbox 1018 2841 1109 2910; x_wconf 90' lang='lat' dir='ltr'><strong>qui</strong></span> <span class='ocrx_word' id='word_1_328' title='bbox 1145 2841 1210 2910; x_wconf 78' lang='lat' dir='ltr'><strong>de</strong></span> <span class='ocrx_word' id='word_1_329' title='bbox 1232 2839 1374 2892; x_wconf 91' lang='lat' dir='ltr'><strong>tribu</strong></span> <span class='ocrx_word' id='word_1_330' title='bbox 1403 2837 1540 2890; x_wconf 85' lang='lat' dir='ltr'><strong>Juda</strong></span> <span class='ocrx_word' id='word_1_331' title='bbox 1572 2838 1741 2910; x_wconf 86' lang='lat' dir='ltr'><strong>ci_tim_i</strong></span> <span class='ocrx_word' id='word_1_332' title='bbox 1775 2836 2046 2910; x_wconf 71' lang='lat' dir='ltr'><strong>principes</strong></span> 
     </span>
    </p>
   </div>
   <div class='ocr_carea' id='block_1_46' title="bbox 472 2907 2045 2975">
    <p class='ocr_par' dir='ltr' id='par_1_46' title="bbox 472 2907 2045 2975">
     <span class='ocr_line' id='line_1_46' title="bbox 472 2907 2045 2975; baseline -0.005 -8"><span class='ocrx_word' id='word_1_333' title='bbox 472 2907 706 2974; x_wconf 83' lang='lat' dir='ltr'><strong>fuerant,</strong></span> <span class='ocrx_word' id='word_1_334' title='bbox 747 2907 909 2966; x_wconf 79' lang='lat' dir='ltr'><strong>iidem</strong></span> <span class='ocrx_word' id='word_1_335' title='bbox 955 2922 1008 2964; x_wconf 90' lang='lat' dir='ltr'><strong>et</strong></span> <span class='ocrx_word' id='word_1_336' title='bbox 1036 2907 1114 2963; x_wconf 73' lang='lat' dir='ltr'><strong>ad</strong></span> <span class='ocrx_word' id='word_1_337' title='bbox 1155 2909 1448 2962; x_wconf 86' lang='lat' dir='ltr'><strong>Leviticam</strong></span> <span class='ocrx_word' id='word_1_338' title='bbox 1497 2907 1841 2975; x_wconf 87' lang='lat' dir='ltr'><strong>pertinebant</strong></span> <span class='ocrx_word' id='word_1_339' title='bbox 1877 2907 2045 2959; x_wconf 89' lang='lat' dir='ltr'><strong>veluti</strong></span> 
     </span>
    </p>
   </div>
   <div class='ocr_carea' id='block_1_47' title="bbox 471 2975 2045 3049">
    <p class='ocr_par' dir='ltr' id='par_1_47' title="bbox 471 2975 2045 3049">
     <span class='ocr_line' id='line_1_47' title="bbox 471 2975 2045 3049; baseline -0.005 -12"><span class='ocrx_word' id='word_1_340' title='bbox 471 2982 866 3044; x_wconf 65' lang='lat' dir='ltr'><strong>Machabaai,ac</strong></span> <span class='ocrx_word' id='word_1_341' title='bbox 895 2980 1155 3049; x_wconf 87' lang='lat' dir='ltr'><strong>deinceps</strong></span> <span class='ocrx_word' id='word_1_342' title='bbox 1182 2980 1292 3032; x_wconf 86' lang='lat' dir='ltr'><strong>alii.</strong></span> <span class='ocrx_word' id='word_1_343' title='bbox 1313 2978 1679 3049; x_wconf 15' lang='lat' dir='ltr'><strong>l-laacrquidem</strong></span> <span class='ocrx_word' id='word_1_344' title='bbox 1710 2975 2045 3044; x_wconf 86' lang='lat' dir='ltr'><strong>Epiphanius</strong></span> 
     </span>
    </p>
   </div>
   <div class='ocr_carea' id='block_1_48' title="bbox 469 3048 2043 3117">
    <p class='ocr_par' dir='ltr' id='par_1_48' title="bbox 469 3048 2043 3117">
     <span class='ocr_line' id='line_1_48' title="bbox 469 3048 2043 3117; baseline -0.005 -11"><span class='ocrx_word' id='word_1_345' title='bbox 469 3067 678 3108; x_wconf 84' lang='lat' dir='ltr'><strong>veteres</strong></span> <span class='ocrx_word' id='word_1_346' title='bbox 715 3060 960 3107; x_wconf 90' lang='lat' dir='ltr'><strong>secutus.</strong></span> <span class='ocrx_word' id='word_1_347' title='bbox 992 3048 1102 3104; x_wconf 86' lang='lat' dir='ltr'><strong>Sed</strong></span> <span class='ocrx_word' id='word_1_348' title='bbox 1139 3053 1194 3102; x_wconf 90' lang='lat' dir='ltr'><strong>in</strong></span> <span class='ocrx_word' id='word_1_349' title='bbox 1224 3051 1326 3102; x_wconf 89' lang='lat' dir='ltr'><strong>hac</strong></span> <span class='ocrx_word' id='word_1_350' title='bbox 1363 3048 1621 3117; x_wconf 87' lang='lat' dir='ltr'><strong>opinione</strong></span> <span class='ocrx_word' id='word_1_351' title='bbox 1653 3048 1826 3117; x_wconf 79' lang='lat' dir='ltr'><strong>multa</strong></span> <span class='ocrx_word' id='word_1_352' title='bbox 1857 3054 1986 3117; x_wconf 89' lang='lat' dir='ltr'><strong>sunt</strong></span> <span class='ocrx_word' id='word_1_353' title='bbox 2015 3061 2043 3098; x_wconf 90' lang='lat' dir='ltr'><strong>a</strong></span> 
     </span>
    </p>
   </div>
   <div class='ocr_carea' id='block_1_49' title="bbox 468 3116 2042 3187">
    <p class='ocr_par' dir='ltr' id='par_1_49' title="bbox 468 3116 2042 3187">
     <span class='ocr_line' id='line_1_49' title="bbox 468 3116 2042 3187; baseline -0.003 -14"><span class='ocrx_word' id='word_1_354' title='bbox 468 3125 603 3177; x_wconf 82' lang='lat' dir='ltr'><strong>viris</strong></span> <span class='ocrx_word' id='word_1_355' title='bbox 632 3123 808 3176; x_wconf 89' lang='lat' dir='ltr'><strong>doctis</strong></span> <span class='ocrx_word' id='word_1_356' title='bbox 839 3123 966 3174; x_wconf 90' lang='lat' dir='ltr'><strong>olim</strong></span> <span class='ocrx_word' id='word_1_357' title='bbox 998 3120 1370 3173; x_wconf 89' lang='lat' dir='ltr'><strong>animadversa</strong></span> <span class='ocrx_word' id='word_1_358' title='bbox 1389 3116 1412 3176; x_wconf 29' lang='grc' dir='ltr'><strong>,ί</strong></span> <span class='ocrx_word' id='word_1_359' title='bbox 1429 3118 1621 3187; x_wconf 89' lang='lat' dir='ltr'><strong>partim</strong></span> <span class='ocrx_word' id='word_1_360' title='bbox 1653 3116 1811 3178; x_wconf 87' lang='lat' dir='ltr'><strong>falsa,</strong></span> <span class='ocrx_word' id='word_1_361' title='bbox 1846 3116 2042 3185; x_wconf 87' lang='lat' dir='ltr'><strong>partim</strong></span> 
     </span>
    </p>
   </div>
   <div class='ocr_carea' id='block_1_50' title="bbox 467 3187 2046 3256">
    <p class='ocr_par' dir='ltr' id='par_1_50' title="bbox 467 3187 2046 3256">
     <span class='ocr_line' id='line_1_50' title="bbox 467 3187 2046 3256; baseline -0.005 -9"><span class='ocrx_word' id='word_1_362' title='bbox 467 3195 658 3256; x_wconf 85' lang='lat' dir='ltr'><strong>dubia,</strong></span> <span class='ocrx_word' id='word_1_363' title='bbox 697 3202 751 3247; x_wconf 87' lang='lat' dir='ltr'><strong>et</strong></span> <span class='ocrx_word' id='word_1_364' title='bbox 788 3193 1016 3244; x_wconf 81' lang='lat' dir='ltr'><strong>incerta.</strong></span> <span class='ocrx_word' id='word_1_365' title='bbox 1050 3189 1265 3243; x_wconf 83' lang='lat' dir='ltr'><strong>Falsum</strong></span> <span class='ocrx_word' id='word_1_366' title='bbox 1309 3196 1392 3243; x_wconf 88' lang='lat' dir='ltr'><strong>est</strong></span> <span class='ocrx_word' id='word_1_367' title='bbox 1432 3188 1498 3239; x_wconf 89' lang='lat' dir='ltr'><strong>ad</strong></span> <span class='ocrx_word' id='word_1_368' title='bbox 1539 3187 1820 3240; x_wconf 81' lang='lat' dir='ltr'><strong>Christum</strong></span> <span class='ocrx_word' id='word_1_369' title='bbox 1872 3202 2046 3254; x_wconf 87' lang='lat' dir='ltr'><strong>usque</strong></span> 
     </span>
    </p>
   </div>
   <div class='ocr_carea' id='block_1_51' title="bbox 470 3256 2042 3329">
    <p class='ocr_par' dir='ltr' id='par_1_51' title="bbox 470 3256 2042 3329">
     <span class='ocr_line' id='line_1_51' title="bbox 470 3256 2042 3329; baseline -0.003 -15"><span class='ocrx_word' id='word_1_370' title='bbox 470 3264 758 3316; x_wconf 86' lang='lat' dir='ltr'><strong>Dominum</strong></span> <span class='ocrx_word' id='word_1_371' title='bbox 785 3262 1087 3329; x_wconf 81' lang='lat' dir='ltr'><strong>imperasse</strong></span> <span class='ocrx_word' id='word_1_372' title='bbox 1117 3267 1276 3314; x_wconf 88' lang='lat' dir='ltr'><strong>natos</strong></span> <span class='ocrx_word' id='word_1_373' title='bbox 1310 3274 1339 3312; x_wconf 94' lang='lat' dir='ltr'><strong>e</strong></span> <span class='ocrx_word' id='word_1_374' title='bbox 1369 3260 1513 3311; x_wconf 89' lang='lat' dir='ltr'><strong>tribu</strong></span> <span class='ocrx_word' id='word_1_375' title='bbox 1544 3256 1698 3310; x_wconf 65' lang='lat' dir='ltr'><strong>Judre</strong></span> <span class='ocrx_word' id='word_1_376' title='bbox 1731 3257 2042 3329; x_wconf 82' lang='lat' dir='ltr'><strong>principes;</strong></span> 
     </span>
    </p>
   </div>
   <div class='ocr_carea' id='block_1_52' title="bbox 469 3327 2042 3395">
    <p class='ocr_par' dir='ltr' id='par_1_52' title="bbox 469 3327 2042 3395">
     <span class='ocr_line' id='line_1_52' title="bbox 469 3327 2042 3395; baseline -0.004 -10"><span class='ocrx_word' id='word_1_377' title='bbox 469 3350 594 3386; x_wconf 87' lang='lat' dir='ltr'><strong>eum</strong></span> <span class='ocrx_word' id='word_1_378' title='bbox 626 3340 706 3386; x_wconf 89' lang='lat' dir='ltr'><strong>tot</strong></span> <span class='ocrx_word' id='word_1_379' title='bbox 736 3327 896 3384; x_wconf 83' lang='lat' dir='ltr'><strong>annis</strong></span> <span class='ocrx_word' id='word_1_380' title='bbox 932 3339 1114 3390; x_wconf 83' lang='lat' dir='ltr'><strong>antea,</strong></span> <span class='ocrx_word' id='word_1_381' title='bbox 1147 3331 1257 3382; x_wconf 90' lang='lat' dir='ltr'><strong>imo</strong></span> <span class='ocrx_word' id='word_1_382' title='bbox 1287 3329 1522 3389; x_wconf 76' lang='lat' dir='ltr'><strong>saeculis,</strong></span> <span class='ocrx_word' id='word_1_383' title='bbox 1565 3329 1732 3395; x_wconf 85' lang='lat' dir='ltr'><strong>stirps</strong></span> <span class='ocrx_word' id='word_1_384' title='bbox 1775 3327 1863 3379; x_wconf 89' lang='lat' dir='ltr'><strong>illa</strong></span> <span class='ocrx_word' id='word_1_385' title='bbox 1895 3327 2042 3395; x_wconf 87' lang='lat' dir='ltr'><strong>regia</strong></span> 
     </span>
    </p>
   </div>
   <div class='ocr_carea' id='block_1_53' title="bbox 468 3397 2039 3465">
    <p class='ocr_par' dir='ltr' id='par_1_53' title="bbox 468 3397 2039 3465">
     <span class='ocr_line' id='line_1_53' title="bbox 468 3397 2039 3465; baseline -0.005 -9"><span class='ocrx_word' id='word_1_386' title='bbox 468 3402 754 3456; x_wconf 82' lang='lat' dir='ltr'><strong>defecerit.</strong></span> <span class='ocrx_word' id='word_1_387' title='bbox 809 3400 964 3465; x_wconf 86' lang='lat' dir='ltr'><strong>Quod</strong></span> <span class='ocrx_word' id='word_1_388' title='bbox 1008 3415 1136 3453; x_wconf 88' lang='lat' dir='ltr'><strong>vero</strong></span> <span class='ocrx_word' id='word_1_389' title='bbox 1182 3400 1236 3452; x_wconf 86' lang='lat' dir='ltr'><strong>in</strong></span> <span class='ocrx_word' id='word_1_390' title='bbox 1287 3397 1614 3451; x_wconf 71' lang='lat' dir='ltr'><strong>Machabazis</strong></span> <span class='ocrx_word' id='word_1_391' title='bbox 1665 3398 2039 3450; x_wconf 86' lang='lat' dir='ltr'><strong>continuatam</strong></span> 
     </span>
    </p>
   </div>
   <div class='ocr_carea' id='block_1_54' title="bbox 2152 2204 3732 2276">
    <p class='ocr_par' dir='ltr' id='par_1_54' title="bbox 2152 2204 3732 2276">
     <span class='ocr_line' id='line_1_54' title="bbox 2152 2204 3732 2276; baseline 0.004 -20"><span class='ocrx_word' id='word_1_392' title='bbox 2152 2205 2378 2258; x_wconf 90' lang='lat' dir='ltr'><strong>minime</strong></span> <span class='ocrx_word' id='word_1_393' title='bbox 2402 2204 2636 2276; x_wconf 83' lang='lat' dir='ltr'><strong>fatalem</strong></span> <span class='ocrx_word' id='word_1_394' title='bbox 2672 2206 2815 2257; x_wconf 86' lang='lat' dir='ltr'><strong>illam</strong></span> <span class='ocrx_word' id='word_1_395' title='bbox 2863 2206 3075 2274; x_wconf 90' lang='lat' dir='ltr'><strong>imperii</strong></span> <span class='ocrx_word' id='word_1_396' title='bbox 3114 2207 3438 2275; x_wconf 76' lang='lat' dir='ltr'><strong>dignitatem</strong></span> <span class='ocrx_word' id='word_1_397' title='bbox 3483 2223 3546 2260; x_wconf 85' lang='lat' dir='ltr'><strong>ac</strong></span> <span class='ocrx_word' id='word_1_398' title='bbox 3579 2220 3732 2276; x_wconf 91' lang='lat' dir='ltr'><strong>pote—</strong></span> 
     </span>
    </p>
   </div>
   <div class='ocr_carea' id='block_1_55' title="bbox 2152 2275 3731 2343">
    <p class='ocr_par' dir='ltr' id='par_1_55' title="bbox 2152 2275 3731 2343">
     <span class='ocr_line' id='line_1_55' title="bbox 2152 2275 3731 2343; baseline 0.005 -18"><span class='ocrx_word' id='word_1_399' title='bbox 2152 2282 2349 2327; x_wconf 86' lang='lat' dir='ltr'><strong>statem</strong></span> <span class='ocrx_word' id='word_1_400' title='bbox 2383 2275 2650 2338; x_wconf 83' lang='lat' dir='ltr'><strong>desiisse;</strong></span> <span class='ocrx_word' id='word_1_401' title='bbox 2690 2276 2783 2328; x_wconf 90' lang='lat' dir='ltr'><strong>sed</strong></span> <span class='ocrx_word' id='word_1_402' title='bbox 2838 2288 2959 2343; x_wconf 89' lang='lat' dir='ltr'><strong>post</strong></span> <span class='ocrx_word' id='word_1_403' title='bbox 3018 2277 3226 2330; x_wconf 87' lang='lat' dir='ltr'><strong>Christi</strong></span> <span class='ocrx_word' id='word_1_404' title='bbox 3283 2275 3622 2332; x_wconf 82' lang='lat' dir='ltr'><strong>nativitatem</strong></span> <span class='ocrx_word' id='word_1_405' title='bbox 3673 2286 3731 2333; x_wconf 81' lang='lat' dir='ltr'><strong>et</strong></span> 
     </span>
    </p>
   </div>
   <div class='ocr_carea' id='block_1_56' title="bbox 2151 2343 3728 2417">
    <p class='ocr_par' dir='ltr' id='par_1_56' title="bbox 2151 2343 3728 2417">
     <span class='ocr_line' id='line_1_56' title="bbox 2151 2343 3728 2417; baseline 0.005 -22"><span class='ocrx_word' id='word_1_406' title='bbox 2151 2343 2383 2417; x_wconf 85' lang='lat' dir='ltr'><strong>Herodis</strong></span> <span class='ocrx_word' id='word_1_407' title='bbox 2422 2345 2630 2417; x_wconf 82' lang='lat' dir='ltr'><strong>obitum</strong></span> <span class='ocrx_word' id='word_1_408' title='bbox 2665 2346 2937 2417; x_wconf 79' lang='lat' dir='ltr'><strong>exstingui</strong></span> <span class='ocrx_word' id='word_1_409' title='bbox 2983 2350 3240 2416; x_wconf 77' lang='lat' dir='ltr'><strong>cmpisse,</strong></span> <span class='ocrx_word' id='word_1_410' title='bbox 3283 2349 3336 2400; x_wconf 92' lang='lat' dir='ltr'><strong>in</strong></span> <span class='ocrx_word' id='word_1_411' title='bbox 3379 2349 3498 2417; x_wconf 91' lang='lat' dir='ltr'><strong>ipso</strong></span> <span class='ocrx_word' id='word_1_412' title='bbox 3546 2358 3728 2403; x_wconf 90' lang='lat' dir='ltr'><strong>autem</strong></span> 
     </span>
    </p>
   </div>
   <div class='ocr_carea' id='block_1_57' title="bbox 2150 2415 3729 2487">
    <p class='ocr_par' dir='ltr' id='par_1_57' title="bbox 2150 2415 3729 2487">
     <span class='ocr_line' id='line_1_57' title="bbox 2150 2415 3729 2487; baseline 0.005 -21"><span class='ocrx_word' id='word_1_413' title='bbox 2150 2416 2303 2487; x_wconf 83' lang='lat' dir='ltr'><strong>urbis</strong></span> <span class='ocrx_word' id='word_1_414' title='bbox 2338 2415 2552 2469; x_wconf 83' lang='lat' dir='ltr'><strong>excidio</strong></span> <span class='ocrx_word' id='word_1_415' title='bbox 2583 2415 2824 2487; x_wconf 89' lang='lat' dir='ltr'><strong>funditus</strong></span> <span class='ocrx_word' id='word_1_416' title='bbox 2849 2415 3101 2470; x_wconf 75' lang='lat' dir='ltr'><strong>deletam.</strong></span> <span class='ocrx_word' id='word_1_417' title='bbox 3129 2418 3334 2472; x_wconf 66' lang='lat' dir='ltr'><strong>thera</strong></span> <span class='ocrx_word' id='word_1_418' title='bbox 3365 2415 3508 2487; x_wconf 82' lang='lat' dir='ltr'><strong>apud</strong></span> <span class='ocrx_word' id='word_1_419' title='bbox 3538 2417 3729 2474; x_wconf 87' lang='lat' dir='ltr'><strong>Perre-</strong></span> 
     </span>
    </p>
   </div>
   <div class='ocr_carea' id='block_1_58' title="bbox 2149 2485 2793 2554">
    <p class='ocr_par' dir='ltr' id='par_1_58' title="bbox 2149 2485 2793 2554">
     <span class='ocr_line' id='line_1_58' title="bbox 2149 2485 2793 2554; baseline 0.003 -16"><span class='ocrx_word' id='word_1_420' title='bbox 2149 2485 2289 2538; x_wconf 86' lang='lat' dir='ltr'><strong>rium</strong></span> <span class='ocrx_word' id='word_1_421' title='bbox 2328 2495 2574 2538; x_wconf 90' lang='lat' dir='ltr'><strong>nostrum</strong></span> <span class='ocrx_word' id='word_1_422' title='bbox 2609 2486 2793 2554; x_wconf 80' lang='lat' dir='ltr'><strong>legito.</strong></span> 
     </span>
    </p>
   </div>
   <div class='ocr_carea' id='block_1_59' title="bbox 2221 2554 3729 2628">
    <p class='ocr_par' dir='ltr' id='par_1_59' title="bbox 2221 2554 3729 2628">
     <span class='ocr_line' id='line_1_59' title="bbox 2221 2554 3729 2628; baseline 0.003 -20"><span class='ocrx_word' id='word_1_423' title='bbox 2221 2555 2332 2624; x_wconf 88' lang='lat'><strong>(99)</strong></span> <span class='ocrx_word' id='word_1_424' title='bbox 2369 2554 2616 2608; x_wconf 81' lang='grc' dir='ltr'><strong>Διέπεσε</strong></span> <span class='ocrx_word' id='word_1_425' title='bbox 2651 2555 2761 2624; x_wconf 75' lang='grc' dir='ltr'><strong>γὰρ</strong></span> <span class='ocrx_word' id='word_1_426' title='bbox 2793 2556 2831 2622; x_wconf 72' lang='grc' dir='ltr'>ἡ</span> <span class='ocrx_word' id='word_1_427' title='bbox 2875 2555 3063 2623; x_wconf 77' lang='grc' dir='ltr'><strong>τάξις.</strong></span> <span class='ocrx_word' id='word_1_428' title='bbox 3103 2556 3354 2623; x_wconf 67' lang='lat' dir='ltr'><strong>Quaehic</strong></span> <span class='ocrx_word' id='word_1_429' title='bbox 3394 2558 3461 2612; x_wconf 89' lang='lat' dir='ltr'><strong>ab</strong></span> <span class='ocrx_word' id='word_1_430' title='bbox 3491 2557 3729 2628; x_wconf 80' lang='lat' dir='ltr'><strong>Epipha-</strong></span> 
     </span>
    </p>
   </div>
   <div class='ocr_carea' id='block_1_60' title="bbox 2147 2624 3724 2694">
    <p class='ocr_par' dir='ltr' id='par_1_60' title="bbox 2147 2624 3724 2694">
     <span class='ocr_line' id='line_1_60' title="bbox 2147 2624 3724 2694; baseline 0.003 -16"><span class='ocrx_word' id='word_1_431' title='bbox 2147 2624 2240 2678; x_wconf 89' lang='lat' dir='ltr'><strong>nio</strong></span> <span class='ocrx_word' id='word_1_432' title='bbox 2286 2633 2600 2689; x_wconf 85' lang='lat' dir='ltr'><strong>narrantur,</strong></span> <span class='ocrx_word' id='word_1_433' title='bbox 2657 2643 2832 2694; x_wconf 90' lang='lat' dir='ltr'><strong>neque</strong></span> <span class='ocrx_word' id='word_1_434' title='bbox 2879 2642 3064 2681; x_wconf 90' lang='lat' dir='ltr'><strong>secum</strong></span> <span class='ocrx_word' id='word_1_435' title='bbox 3099 2629 3409 2691; x_wconf 63' lang='lat' dir='ltr'><strong>cohaerent;</strong></span> <span class='ocrx_word' id='word_1_436' title='bbox 3461 2624 3562 2681; x_wconf 81' lang='lat' dir='ltr'><strong>nec</strong></span> <span class='ocrx_word' id='word_1_437' title='bbox 3596 2624 3724 2682; x_wconf 77' lang='lat' dir='ltr'><strong>cum</strong></span> 
     </span>
    </p>
   </div>
   <div class='ocr_carea' id='block_1_61' title="bbox 2149 2695 3723 2766">
    <p class='ocr_par' dir='ltr' id='par_1_61' title="bbox 2149 2695 3723 2766">
     <span class='ocr_line' id='line_1_61' title="bbox 2149 2695 3723 2766; baseline 0.003 -19"><span class='ocrx_word' id='word_1_438' title='bbox 2149 2695 2393 2749; x_wconf 74' lang='lat' dir='ltr'><strong>historiae-</strong></span> <span class='ocrx_word' id='word_1_439' title='bbox 2429 2696 2533 2766; x_wconf 87' lang='lat' dir='ltr'><strong>fide</strong></span> <span class='ocrx_word' id='word_1_440' title='bbox 2559 2698 2936 2766; x_wconf 69' lang='lat' dir='ltr'><strong>consentiunt.</strong></span> <span class='ocrx_word' id='word_1_441' title='bbox 2963 2696 3354 2766; x_wconf 85' lang='lat' dir='ltr'><strong>Legitimorum</strong></span> <span class='ocrx_word' id='word_1_442' title='bbox 3393 2700 3723 2766; x_wconf 90' lang='lat' dir='ltr'><strong>principum.</strong></span> 
     </span>
    </p>
   </div>
   <div class='ocr_carea' id='block_1_62' title="bbox 2148 2765 3728 2836">
    <p class='ocr_par' dir='ltr' id='par_1_62' title="bbox 2148 2765 3728 2836">
     <span class='ocr_line' id='line_1_62' title="bbox 2148 2765 3728 2836; baseline 0.004 -20"><span class='ocrx_word' id='word_1_443' title='bbox 2148 2766 2240 2833; x_wconf 92' lang='lat' dir='ltr'><strong>qui</strong></span> <span class='ocrx_word' id='word_1_444' title='bbox 2271 2767 2338 2819; x_wconf 90' lang='lat' dir='ltr'><strong>de</strong></span> <span class='ocrx_word' id='word_1_445' title='bbox 2383 2765 2527 2820; x_wconf 89' lang='lat' dir='ltr'><strong>tribu</strong></span> <span class='ocrx_word' id='word_1_446' title='bbox 2564 2765 2718 2820; x_wconf 65' lang='lat' dir='ltr'><strong>.luda:</strong></span> <span class='ocrx_word' id='word_1_447' title='bbox 2756 2765 3094 2836; x_wconf 85' lang='lat' dir='ltr'><strong>prodierant,</strong></span> <span class='ocrx_word' id='word_1_448' title='bbox 3139 2769 3332 2821; x_wconf 87' lang='lat' dir='ltr'><strong>seriem</strong></span> <span class='ocrx_word' id='word_1_449' title='bbox 3381 2765 3728 2822; x_wconf 82' lang='lat' dir='ltr'><strong>intercidisse</strong></span> 
     </span>
    </p>
   </div>
   <div class='ocr_carea' id='block_1_63' title="bbox 2146 2837 3723 2906">
    <p class='ocr_par' dir='ltr' id='par_1_63' title="bbox 2146 2837 3723 2906">
     <span class='ocr_line' id='line_1_63' title="bbox 2146 2837 3723 2906; baseline 0.002 -19"><span class='ocrx_word' id='word_1_450' title='bbox 2146 2843 2321 2904; x_wconf 89' lang='lat' dir='ltr'><strong>putat,</strong></span> <span class='ocrx_word' id='word_1_451' title='bbox 2352 2852 2468 2906; x_wconf 76' lang='lat' dir='ltr'><strong>quo</strong></span> <span class='ocrx_word' id='word_1_452' title='bbox 2498 2845 2741 2906; x_wconf 88' lang='lat' dir='ltr'><strong>tempore</strong></span> <span class='ocrx_word' id='word_1_453' title='bbox 2777 2839 2885 2891; x_wconf 93' lang='lat' dir='ltr'><strong>imo</strong></span> <span class='ocrx_word' id='word_1_454' title='bbox 2913 2837 3083 2900; x_wconf 75' lang='grc' dir='ltr'><strong>ἐξότε.</strong></span> <span class='ocrx_word' id='word_1_455' title='bbox 3115 2837 3219 2890; x_wconf 91' lang='lat' dir='ltr'><strong>hoc</strong></span> <span class='ocrx_word' id='word_1_456' title='bbox 3250 2847 3335 2891; x_wconf 90' lang='lat' dir='ltr'><strong>est</strong></span> <span class='ocrx_word' id='word_1_457' title='bbox 3367 2847 3723 2906; x_wconf 80' lang='lat' dir='ltr'><strong>posteaquam</strong></span> 
     </span>
    </p>
   </div>
   <div class='ocr_carea' id='block_1_64' title="bbox 2145 2905 3723 2974">
    <p class='ocr_par' dir='ltr' id='par_1_64' title="bbox 2145 2905 3723 2974">
     <span class='ocr_line' id='line_1_64' title="bbox 2145 2905 3723 2974; baseline 0 -14"><span class='ocrx_word' id='word_1_458' title='bbox 2145 2907 2407 2961; x_wconf 91' lang='lat' dir='ltr'><strong>Christus</strong></span> <span class='ocrx_word' id='word_1_459' title='bbox 2445 2905 2783 2960; x_wconf 87' lang='lat' dir='ltr'><strong>Bethlehemi</strong></span> <span class='ocrx_word' id='word_1_460' title='bbox 2819 2915 2978 2962; x_wconf 87' lang='lat' dir='ltr'><strong>natus</strong></span> <span class='ocrx_word' id='word_1_461' title='bbox 3012 2916 3131 2962; x_wconf 90' lang='lat' dir='ltr'><strong>est:</strong></span> <span class='ocrx_word' id='word_1_462' title='bbox 3168 2908 3331 2974; x_wconf 89' lang='lat' dir='ltr'><strong>idque</strong></span> <span class='ocrx_word' id='word_1_463' title='bbox 3361 2909 3464 2961; x_wconf 90' lang='lat' dir='ltr'><strong>sub</strong></span> <span class='ocrx_word' id='word_1_464' title='bbox 3487 2905 3723 2962; x_wconf 79' lang='lat' dir='ltr'><strong>Alexan-</strong></span> 
     </span>
    </p>
   </div>
   <div class='ocr_carea' id='block_1_65' title="bbox 2144 2977 3724 3046">
    <p class='ocr_par' dir='ltr' id='par_1_65' title="bbox 2144 2977 3724 3046">
     <span class='ocr_line' id='line_1_65' title="bbox 2144 2977 3724 3046; baseline 0.001 -17"><span class='ocrx_word' id='word_1_465' title='bbox 2144 2977 2246 3029; x_wconf 93' lang='lat' dir='ltr'><strong>dro</strong></span> <span class='ocrx_word' id='word_1_466' title='bbox 2276 2977 2602 3044; x_wconf 85' lang='lat' dir='ltr'><strong>contigisse;</strong></span> <span class='ocrx_word' id='word_1_467' title='bbox 2642 2979 2735 3046; x_wconf 89' lang='lat' dir='ltr'><strong>qui</strong></span> <span class='ocrx_word' id='word_1_468' title='bbox 2771 2988 3084 3046; x_wconf 90' lang='lat' dir='ltr'><strong>postremus</strong></span> <span class='ocrx_word' id='word_1_469' title='bbox 3115 2994 3180 3030; x_wconf 79' lang='lat' dir='ltr'><strong>ex</strong></span> <span class='ocrx_word' id='word_1_470' title='bbox 3228 2979 3428 3030; x_wconf 83' lang='lat' dir='ltr'><strong>illustri</strong></span> <span class='ocrx_word' id='word_1_471' title='bbox 3469 2993 3532 3031; x_wconf 91' lang='lat' dir='ltr'><strong>ac</strong></span> <span class='ocrx_word' id='word_1_472' title='bbox 3577 2981 3724 3046; x_wconf 85' lang='lat' dir='ltr'><strong>regia</strong></span> 
     </span>
    </p>
   </div>
   <div class='ocr_carea' id='block_1_66' title="bbox 2147 3046 3720 3116">
    <p class='ocr_par' dir='ltr' id='par_1_66' title="bbox 2147 3046 3720 3116">
     <span class='ocr_line' id='line_1_66' title="bbox 2147 3046 3720 3116; baseline 0.003 -18"><span class='ocrx_word' id='word_1_473' title='bbox 2147 3046 2235 3116; x_wconf 82' lang='lat' dir='ltr'><strong>illa</strong></span> <span class='ocrx_word' id='word_1_474' title='bbox 2285 3047 2488 3099; x_wconf 77' lang='lat' dir='ltr'><strong>familia</strong></span> <span class='ocrx_word' id='word_1_475' title='bbox 2543 3047 2667 3110; x_wconf 87' lang='lat' dir='ltr'><strong>fuit,</strong></span> <span class='ocrx_word' id='word_1_476' title='bbox 2714 3047 2944 3103; x_wconf 88' lang='lat' dir='ltr'><strong>llerodis</strong></span> <span class='ocrx_word' id='word_1_477' title='bbox 2981 3057 3034 3100; x_wconf 90' lang='lat' dir='ltr'><strong>et</strong></span> <span class='ocrx_word' id='word_1_478' title='bbox 3076 3049 3305 3116; x_wconf 80' lang='lat' dir='ltr'><strong>Augusti</strong></span> <span class='ocrx_word' id='word_1_479' title='bbox 3362 3049 3720 3115; x_wconf 74' lang='lat' dir='ltr'><strong>temporibus.</strong></span> 
     </span>
    </p>
   </div>
   <div class='ocr_carea' id='block_1_67' title="bbox 2145 3115 3724 3183">
    <p class='ocr_par' dir='ltr' id='par_1_67' title="bbox 2145 3115 3724 3183">
     <span class='ocr_line' id='line_1_67' title="bbox 2145 3115 3724 3183; baseline 0.003 -16"><span class='ocrx_word' id='word_1_480' title='bbox 2145 3115 2276 3181; x_wconf 55' lang='lat' dir='ltr'><strong>Quae</strong></span> <span class='ocrx_word' id='word_1_481' title='bbox 2303 3117 2489 3170; x_wconf 90' lang='lat' dir='ltr'><strong>omnia</strong></span> <span class='ocrx_word' id='word_1_482' title='bbox 2524 3117 2838 3183; x_wconf 89' lang='lat' dir='ltr'><strong>perturbata</strong></span> <span class='ocrx_word' id='word_1_483' title='bbox 2868 3129 3018 3180; x_wconf 88' lang='lat' dir='ltr'><strong>sunt,</strong></span> <span class='ocrx_word' id='word_1_484' title='bbox 3045 3127 3098 3172; x_wconf 92' lang='lat' dir='ltr'><strong>et</strong></span> <span class='ocrx_word' id='word_1_485' title='bbox 3125 3115 3504 3183; x_wconf 83' lang='grc' dir='ltr'>ἀσύγκλωστα.</span> <span class='ocrx_word' id='word_1_486' title='bbox 3539 3118 3724 3171; x_wconf 89' lang='lat' dir='ltr'><strong>Placet</strong></span> 
     </span>
    </p>
   </div>
   <div class='ocr_carea' id='block_1_68' title="bbox 2146 3186 3721 3257">
    <p class='ocr_par' dir='ltr' id='par_1_68' title="bbox 2146 3186 3721 3257">
     <span class='ocr_line' id='line_1_68' title="bbox 2146 3186 3721 3257; baseline 0.002 -19"><span class='ocrx_word' id='word_1_487' title='bbox 2146 3187 2330 3254; x_wconf 89' lang='lat' dir='ltr'><strong>itaque</strong></span> <span class='ocrx_word' id='word_1_488' title='bbox 2355 3186 2615 3254; x_wconf 87' lang='lat' dir='ltr'><strong>liquidam</strong></span> <span class='ocrx_word' id='word_1_489' title='bbox 2652 3188 2871 3240; x_wconf 89' lang='lat' dir='ltr'><strong>illormn</strong></span> <span class='ocrx_word' id='word_1_490' title='bbox 2905 3197 3208 3257; x_wconf 88' lang='lat' dir='ltr'><strong>temporum</strong></span> <span class='ocrx_word' id='word_1_491' title='bbox 3241 3190 3508 3241; x_wconf 88' lang='lat' dir='ltr'><strong>rationem</strong></span> <span class='ocrx_word' id='word_1_492' title='bbox 3534 3203 3601 3242; x_wconf 83' lang='lat' dir='ltr'><strong>ex</strong></span> <span class='ocrx_word' id='word_1_493' title='bbox 3624 3187 3721 3241; x_wconf 84' lang='lat' dir='ltr'><strong>Jo-</strong></span> 
     </span>
    </p>
   </div>
   <div class='ocr_carea' id='block_1_69' title="bbox 2145 3257 2878 3326">
    <p class='ocr_par' dir='ltr' id='par_1_69' title="bbox 2145 3257 2878 3326">
     <span class='ocr_line' id='line_1_69' title="bbox 2145 3257 2878 3326; baseline 0.001 -16"><span class='ocrx_word' id='word_1_494' title='bbox 2145 3257 2315 3325; x_wconf 92' lang='lat' dir='ltr'><strong>sepho</strong></span> <span class='ocrx_word' id='word_1_495' title='bbox 2345 3257 2578 3326; x_wconf 78' lang='lat' dir='ltr'><strong>aliisque</strong></span> <span class='ocrx_word' id='word_1_496' title='bbox 2604 3257 2878 3326; x_wconf 85' lang='lat' dir='ltr'><strong>colligere.</strong></span> 
     </span>
    </p>
   </div>
   <div class='ocr_carea' id='block_1_70' title="bbox 2219 3325 3724 3382">
    <p class='ocr_par' dir='ltr' id='par_1_70' title="bbox 2219 3325 3724 3382">
     <span class='ocr_line' id='line_1_70' title="bbox 2219 3325 3724 3382; baseline 0 -2"><span class='ocrx_word' id='word_1_497' title='bbox 2219 3327 2408 3380; x_wconf 91' lang='lat' dir='ltr'><strong>Simon</strong></span> <span class='ocrx_word' id='word_1_498' title='bbox 2445 3325 2692 3380; x_wconf 83' lang='lat' dir='ltr'><strong>Jonathae</strong></span> <span class='ocrx_word' id='word_1_499' title='bbox 2730 3325 2794 3380; x_wconf 83' lang='lat' dir='ltr'><strong>ac</strong></span> <span class='ocrx_word' id='word_1_500' title='bbox 2825 3327 2978 3382; x_wconf 82' lang='lat' dir='ltr'><strong>Judae</strong></span> <span class='ocrx_word' id='word_1_501' title='bbox 3012 3326 3338 3382; x_wconf 66' lang='lat' dir='ltr'><strong>Macchabmi</strong></span> <span class='ocrx_word' id='word_1_502' title='bbox 3387 3326 3557 3380; x_wconf 89' lang='lat' dir='ltr'><strong>frater</strong></span> <span class='ocrx_word' id='word_1_503' title='bbox 3596 3325 3724 3380; x_wconf 83' lang='lat' dir='ltr'><strong>Pto-</strong></span> 
     </span>
    </p>
   </div>
   <div class='ocr_carea' id='block_1_71' title="bbox 2145 3397 3719 3466">
    <p class='ocr_par' dir='ltr' id='par_1_71' title="bbox 2145 3397 3719 3466">
     <span class='ocr_line' id='line_1_71' title="bbox 2145 3397 3719 3466; baseline 0.001 -17"><span class='ocrx_word' id='word_1_504' title='bbox 2145 3397 2316 3450; x_wconf 62' lang='lat' dir='ltr'><strong>lethaei</strong></span> <span class='ocrx_word' id='word_1_505' title='bbox 2375 3397 2558 3466; x_wconf 87' lang='lat' dir='ltr'><strong>generi</strong></span> <span class='ocrx_word' id='word_1_506' title='bbox 2619 3398 2834 3452; x_wconf 86' lang='lat' dir='ltr'><strong>insidiis</strong></span> <span class='ocrx_word' id='word_1_507' title='bbox 2904 3401 3134 3452; x_wconf 89' lang='lat' dir='ltr'><strong>moritur</strong></span> <span class='ocrx_word' id='word_1_508' title='bbox 3194 3413 3338 3451; x_wconf 89' lang='lat' dir='ltr'><strong>anno</strong></span> <span class='ocrx_word' id='word_1_509' title='bbox 3407 3398 3719 3451; x_wconf 63' lang='lat' dir='ltr'><strong>Graecorum</strong></span> 
     </span>
    </p>
   </div>
   <div class='ocr_carea' id='block_1_72' title="bbox 467 3466 3718 3540">
    <p class='ocr_par' dir='ltr' id='par_1_72' title="bbox 467 3466 3718 3540">
     <span class='ocr_line' id='line_1_72' title="bbox 467 3466 3718 3540; baseline -0.001 -16"><span class='ocrx_word' id='word_1_510' title='bbox 467 3474 632 3539; x_wconf 87' lang='lat' dir='ltr'><strong>hujus</strong></span> <span class='ocrx_word' id='word_1_511' title='bbox 664 3472 858 3526; x_wconf 88' lang='lat' dir='ltr'><strong>seriem</strong></span> <span class='ocrx_word' id='word_1_512' title='bbox 891 3470 1187 3540; x_wconf 79' lang='lat' dir='ltr'><strong>ailirmant;</strong></span> <span class='ocrx_word' id='word_1_513' title='bbox 1217 3470 1547 3540; x_wconf 87' lang='lat' dir='ltr'><strong>eosdemque</strong></span> <span class='ocrx_word' id='word_1_514' title='bbox 1573 3476 1818 3540; x_wconf 76' lang='lat' dir='ltr'><strong>materno</strong></span> <span class='ocrx_word' id='word_1_515' title='bbox 1849 3467 2037 3520; x_wconf 88' lang='lat' dir='ltr'><strong>saltem</strong></span> <span class='ocrx_word' id='word_1_516' title='bbox 2069 3485 2109 3540; x_wconf 70' lang='grc' dir='ltr'>ο</span> <span class='ocrx_word' id='word_1_517' title='bbox 2143 3482 2356 3520; x_wconf 81' lang='lat' dir='ltr'><strong>CLxxvn</strong></span> <span class='ocrx_word' id='word_1_518' title='bbox 2381 3507 2396 3531; x_wconf 92' lang='lat'><strong>,</strong></span> <span class='ocrx_word' id='word_1_519' title='bbox 2432 3466 2450 3518; x_wconf 94' lang='lat' dir='ltr'><strong>l</strong></span> <span class='ocrx_word' id='word_1_520' title='bbox 2498 3466 2690 3540; x_wconf 85' lang='lat' dir='ltr'><strong>Mach._</strong></span> <span class='ocrx_word' id='word_1_521' title='bbox 2712 3483 2844 3540; x_wconf 71' lang='lat' dir='ltr'><strong>cap.</strong></span> <span class='ocrx_word' id='word_1_522' title='bbox 2874 3483 2986 3522; x_wconf 81' lang='lat' dir='ltr'><strong>xvt.</strong></span> <span class='ocrx_word' id='word_1_523' title='bbox 3013 3471 3098 3530; x_wconf 71' lang='lat' dir='ltr'><strong>l4,</strong></span> <span class='ocrx_word' id='word_1_524' title='bbox 3150 3469 3243 3538; x_wconf 90' lang='lat' dir='ltr'><strong>qui</strong></span> <span class='ocrx_word' id='word_1_525' title='bbox 3284 3477 3339 3522; x_wconf 88' lang='lat' dir='ltr'><strong>et</strong></span> <span class='ocrx_word' id='word_1_526' title='bbox 3370 3466 3718 3540; x_wconf 20' lang='lat' dir='ltr'><strong>ASabbaticus</strong></span> 
     </span>
    </p>
   </div>
   <div class='ocr_carea' id='block_1_73' title="bbox 465 3537 2036 3611">
    <p class='ocr_par' dir='ltr' id='par_1_73' title="bbox 465 3537 2036 3611">
     <span class='ocr_line' id='line_1_73' title="bbox 465 3537 2036 3611; baseline -0.004 -15"><span class='ocrx_word' id='word_1_527' title='bbox 465 3537 664 3611; x_wconf 81' lang='lat' dir='ltr'><strong>genere</strong></span> <span class='ocrx_word' id='word_1_528' title='bbox 694 3557 761 3594; x_wconf 80' lang='lat' dir='ltr'><strong>ex</strong></span> <span class='ocrx_word' id='word_1_529' title='bbox 803 3541 892 3593; x_wconf 88' lang='lat' dir='ltr'><strong>illa</strong></span> <span class='ocrx_word' id='word_1_530' title='bbox 924 3538 1076 3593; x_wconf 70' lang='lat' dir='ltr'><strong>Juda:</strong></span> <span class='ocrx_word' id='word_1_531' title='bbox 1106 3541 1267 3611; x_wconf 87' lang='lat' dir='ltr'><strong>_tribu</strong></span> <span class='ocrx_word' id='word_1_532' title='bbox 1299 3539 1565 3592; x_wconf 87' lang='lat' dir='ltr'><strong>oriundos</strong></span> <span class='ocrx_word' id='word_1_533' title='bbox 1611 3537 1782 3611; x_wconf 77' lang='lat' dir='ltr'><strong>fuisse</strong></span> <span class='ocrx_word' id='word_1_534' title='bbox 1804 3554 1818 3602; x_wconf 91' lang='lat'><strong>;</strong></span> <span class='ocrx_word' id='word_1_535' title='bbox 1840 3553 2036 3611; x_wconf 86' lang='lat' dir='ltr'><strong>_neque</strong></span> 
     </span>
    </p>
   </div>
   <div class='ocr_carea' id='block_1_74' title="bbox 466 3605 2033 3678">
    <p class='ocr_par' dir='ltr' id='par_1_74' title="bbox 466 3605 2033 3678">
     <span class='ocr_line' id='line_1_74' title="bbox 466 3605 2033 3678; baseline -0.003 -15"><span class='ocrx_word' id='word_1_536' title='bbox 466 3605 654 3666; x_wconf 67' lang='lat' dir='ltr'><strong>verum</strong></span> <span class='ocrx_word' id='word_1_537' title='bbox 685 3619 809 3675; x_wconf 87' lang='lat' dir='ltr'><strong>est;</strong></span> <span class='ocrx_word' id='word_1_538' title='bbox 847 3624 1024 3678; x_wconf 85' lang='lat' dir='ltr'><strong>neque</strong></span> <span class='ocrx_word' id='word_1_539' title='bbox 1055 3609 1122 3662; x_wconf 83' lang='lat' dir='ltr'><strong>ad</strong></span> <span class='ocrx_word' id='word_1_540' title='bbox 1167 3625 1282 3661; x_wconf 88' lang='lat' dir='ltr'><strong>rem</strong></span> <span class='ocrx_word' id='word_1_541' title='bbox 1318 3611 1572 3678; x_wconf 82' lang='lat' dir='ltr'><strong>pertinet.</strong></span> <span class='ocrx_word' id='word_1_542' title='bbox 1611 3606 1664 3662; x_wconf 91' lang='lat' dir='ltr'><strong>ld</strong></span> <span class='ocrx_word' id='word_1_543' title='bbox 1709 3605 1855 3678; x_wconf 84' lang='lat' dir='ltr'><strong>quod</strong></span> <span class='ocrx_word' id='word_1_544' title='bbox 1905 3623 2033 3661; x_wconf 85' lang='lat' dir='ltr'><strong>eru-</strong></span> 
     </span>
    </p>
   </div>
   <div class='ocr_carea' id='block_1_75' title="bbox 465 3677 2036 3736">
    <p class='ocr_par' dir='ltr' id='par_1_75' title="bbox 465 3677 2036 3736">
     <span class='ocr_line' id='line_1_75' title="bbox 465 3677 2036 3736; baseline -0.004 -1"><span class='ocrx_word' id='word_1_545' title='bbox 465 3683 578 3736; x_wconf 89' lang='lat' dir='ltr'><strong>dite</strong></span> <span class='ocrx_word' id='word_1_546' title='bbox 599 3680 883 3734; x_wconf 87' lang='lat' dir='ltr'><strong>Perrerius</strong></span> <span class='ocrx_word' id='word_1_547' title='bbox 910 3677 1095 3733; x_wconf 86' lang='lat' dir='ltr'><strong>noster</strong></span> <span class='ocrx_word' id='word_1_548' title='bbox 1123 3680 1190 3732; x_wconf 89' lang='lat' dir='ltr'><strong>ad</strong></span> <span class='ocrx_word' id='word_1_549' title='bbox 1219 3680 1368 3731; x_wconf 89' lang='lat' dir='ltr'><strong>illttm</strong></span> <span class='ocrx_word' id='word_1_550' title='bbox 1396 3677 1578 3731; x_wconf 82' lang='lat' dir='ltr'><strong>Genes.</strong></span> <span class='ocrx_word' id='word_1_551' title='bbox 1609 3679 1786 3730; x_wconf 88' lang='lat' dir='ltr'><strong>locum</strong></span> <span class='ocrx_word' id='word_1_552' title='bbox 1813 3677 2036 3730; x_wconf 86' lang='lat' dir='ltr'><strong>demou-</strong></span> 
     </span>
    </p>
   </div>
   <div class='ocr_carea' id='block_1_76' title="bbox 466 3747 2038 3818">
    <p class='ocr_par' dir='ltr' id='par_1_76' title="bbox 466 3747 2038 3818">
     <span class='ocr_line' id='line_1_76' title="bbox 466 3747 2038 3818; baseline -0.004 -12"><span class='ocrx_word' id='word_1_553' title='bbox 466 3761 624 3806; x_wconf 91' lang='lat' dir='ltr'><strong>strat.</strong></span> <span class='ocrx_word' id='word_1_554' title='bbox 668 3751 837 3804; x_wconf 89' lang='lat' dir='ltr'><strong>Multo</strong></span> <span class='ocrx_word' id='word_1_555' title='bbox 879 3751 1045 3818; x_wconf 86' lang='lat' dir='ltr'><strong>igitur</strong></span> <span class='ocrx_word' id='word_1_556' title='bbox 1080 3751 1279 3811; x_wconf 86' lang='lat' dir='ltr'><strong>verior,</strong></span> <span class='ocrx_word' id='word_1_557' title='bbox 1319 3756 1374 3802; x_wconf 91' lang='lat' dir='ltr'><strong>et</strong></span> <span class='ocrx_word' id='word_1_558' title='bbox 1409 3747 1826 3818; x_wconf 26' lang='lat' dir='ltr'><strong>Jacobiﬂverbis</strong></span> <span class='ocrx_word' id='word_1_559' title='bbox 1860 3749 2038 3814; x_wconf 90' lang='lat' dir='ltr'><strong>aptior</strong></span> 
     </span>
    </p>
   </div>
   <div class='ocr_carea' id='block_1_77' title="bbox 462 3816 2038 3884">
    <p class='ocr_par' dir='ltr' id='par_1_77' title="bbox 462 3816 2038 3884">
     <span class='ocr_line' id='line_1_77' title="bbox 462 3816 2038 3884; baseline -0.004 -9"><span class='ocrx_word' id='word_1_560' title='bbox 462 3829 547 3875; x_wconf 89' lang='lat' dir='ltr'><strong>est</strong></span> <span class='ocrx_word' id='word_1_561' title='bbox 601 3822 707 3875; x_wconf 89' lang='lat' dir='ltr'><strong>ista</strong></span> <span class='ocrx_word' id='word_1_562' title='bbox 763 3816 1056 3882; x_wconf 79' lang='lat' dir='ltr'><strong>sententia,</strong></span> <span class='ocrx_word' id='word_1_563' title='bbox 1093 3829 1152 3871; x_wconf 91' lang='lat' dir='ltr'><strong>ut</strong></span> <span class='ocrx_word' id='word_1_564' title='bbox 1193 3834 1317 3872; x_wconf 91' lang='lat' dir='ltr'><strong>cum</strong></span> <span class='ocrx_word' id='word_1_565' title='bbox 1365 3820 1542 3873; x_wconf 75' lang='lat' dir='ltr'><strong>dixit:</strong></span> <span class='ocrx_word' id='word_1_566' title='bbox 1589 3816 1712 3870; x_wconf 85' lang='lat' dir='ltr'><strong>Non</strong></span> <span class='ocrx_word' id='word_1_567' title='bbox 1767 3818 2038 3884; x_wconf 81' lang='lat' dir='ltr'><strong>auferetur</strong></span> 
     </span>
    </p>
   </div>
   <div class='ocr_carea' id='block_1_78' title="bbox 463 3887 2038 3960">
    <p class='ocr_par' dir='ltr' id='par_1_78' title="bbox 463 3887 2038 3960">
     <span class='ocr_line' id='line_1_78' title="bbox 463 3887 2038 3960; baseline -0.003 -15"><span class='ocrx_word' id='word_1_568' title='bbox 463 3901 726 3960; x_wconf 77' lang='lat' dir='ltr'><strong>sceptrum</strong></span> <span class='ocrx_word' id='word_1_569' title='bbox 757 3891 820 3944; x_wconf 85' lang='lat' dir='ltr'><strong>de</strong></span> <span class='ocrx_word' id='word_1_570' title='bbox 864 3888 1030 3950; x_wconf 84' lang='lat' dir='ltr'><strong>Juda,</strong></span> <span class='ocrx_word' id='word_1_571' title='bbox 1070 3889 1364 3960; x_wconf 14' lang='lat' dir='ltr'><strong>uequegdua:</strong></span> <span class='ocrx_word' id='word_1_572' title='bbox 1390 3888 1452 3941; x_wconf 87' lang='lat' dir='ltr'><strong>de</strong></span> <span class='ocrx_word' id='word_1_573' title='bbox 1484 3889 1677 3957; x_wconf 76' lang='lat' dir='ltr'><strong>femore</strong></span> <span class='ocrx_word' id='word_1_574' title='bbox 1701 3887 1836 3956; x_wconf 79' lang='lat' dir='ltr'><strong>ejus,</strong></span> <span class='ocrx_word' id='word_1_575' title='bbox 1876 3888 2038 3941; x_wconf 87' lang='lat' dir='ltr'><strong>donec</strong></span> 
     </span>
    </p>
   </div>
   <div class='ocr_carea' id='block_1_79' title="bbox 462 3958 2034 4031">
    <p class='ocr_par' dir='ltr' id='par_1_79' title="bbox 462 3958 2034 4031">
     <span class='ocr_line' id='line_1_79' title="bbox 462 3958 2034 4031; baseline -0.003 -17"><span class='ocrx_word' id='word_1_576' title='bbox 462 3958 635 4015; x_wconf 67' lang='lat' dir='ltr'><strong>veniat</strong></span> <span class='ocrx_word' id='word_1_577' title='bbox 659 3962 756 4031; x_wconf 68' lang='lat' dir='ltr'><strong>qui</strong></span> <span class='ocrx_word' id='word_1_578' title='bbox 781 3959 1063 4013; x_wconf 79' lang='lat' dir='ltr'><strong>ntitlendus</strong></span> <span class='ocrx_word' id='word_1_579' title='bbox 1098 3969 1174 4012; x_wconf 86' lang='lat' dir='ltr'><strong>est</strong></span> <span class='ocrx_word' id='word_1_580' title='bbox 1199 3958 1524 4031; x_wconf 25' lang='lat' dir='ltr'><strong>(Genasux,</strong></span> <span class='ocrx_word' id='word_1_581' title='bbox 1562 3962 1690 4031; x_wconf 3' lang='lat'><strong>10),:</strong></span> <span class='ocrx_word' id='word_1_582' title='bbox 1731 3961 1832 4031; x_wconf 83' lang='lat' dir='ltr'><strong>hoc</strong></span> <span class='ocrx_word' id='word_1_583' title='bbox 1866 3973 2034 4010; x_wconf 92' lang='lat' dir='ltr'><strong>unum</strong></span> 
     </span>
    </p>
   </div>
   <div class='ocr_carea' id='block_1_80' title="bbox 462 4028 2036 4099">
    <p class='ocr_par' dir='ltr' id='par_1_80' title="bbox 462 4028 2036 4099">
     <span class='ocr_line' id='line_1_80' title="bbox 462 4028 2036 4099; baseline -0.001 -18"><span class='ocrx_word' id='word_1_584' title='bbox 462 4033 612 4096; x_wconf 86' lang='lat' dir='ltr'><strong>velit,</strong></span> <span class='ocrx_word' id='word_1_585' title='bbox 649 4028 772 4083; x_wconf 81' lang='lat' dir='ltr'><strong>Non</strong></span> <span class='ocrx_word' id='word_1_586' title='bbox 803 4031 1090 4099; x_wconf 71' lang='lat' dir='ltr'><strong>auferetur,</strong></span> <span class='ocrx_word' id='word_1_587' title='bbox 1121 4031 1227 4094; x_wconf 80' lang='lat' dir='ltr'><strong>vel,</strong></span> <span class='ocrx_word' id='word_1_588' title='bbox 1269 4037 1327 4082; x_wconf 93' lang='lat' dir='ltr'><strong>ut</strong></span> <span class='ocrx_word' id='word_1_589' title='bbox 1355 4028 1621 4083; x_wconf 88' lang='lat' dir='ltr'><strong>Hebraice</strong></span> <span class='ocrx_word' id='word_1_590' title='bbox 1661 4029 1888 4097; x_wconf 87' lang='lat' dir='ltr'><strong>legitur,</strong></span> <span class='ocrx_word' id='word_1_591' title='bbox 1929 4045 2036 4081; x_wconf 86' lang='lat' dir='ltr'><strong>non</strong></span> 
     </span>
    </p>
   </div>
   <div class='ocr_carea' id='block_1_81' title="bbox 461 4100 2038 4169">
    <p class='ocr_par' dir='ltr' id='par_1_81' title="bbox 461 4100 2038 4169">
     <span class='ocr_line' id='line_1_81' title="bbox 461 4100 2038 4169; baseline -0.001 -17"><span class='ocrx_word' id='word_1_592' title='bbox 461 4103 680 4156; x_wconf 88' lang='lat' dir='ltr'><strong>recedet</strong></span> <span class='ocrx_word' id='word_1_593' title='bbox 723 4115 1021 4169; x_wconf 78' lang='lat' dir='ltr'><strong>sceptrum,</strong></span> <span class='ocrx_word' id='word_1_594' title='bbox 1073 4101 1188 4155; x_wconf 88' lang='lat' dir='ltr'><strong>sive</strong></span> <span class='ocrx_word' id='word_1_595' title='bbox 1221 4100 1508 4168; x_wconf 88' lang='lat' dir='ltr'><strong>imperium</strong></span> <span class='ocrx_word' id='word_1_596' title='bbox 1557 4115 1622 4152; x_wconf 88' lang='lat' dir='ltr'><strong>ac</strong></span> <span class='ocrx_word' id='word_1_597' title='bbox 1668 4106 1934 4168; x_wconf 90' lang='lat' dir='ltr'><strong>potestas,</strong></span> <span class='ocrx_word' id='word_1_598' title='bbox 1973 4100 2038 4151; x_wconf 87' lang='lat' dir='ltr'><strong>de</strong></span> 
     </span>
    </p>
   </div>
   <div class='ocr_carea' id='block_1_82' title="bbox 459 4169 2037 4238">
    <p class='ocr_par' dir='ltr' id='par_1_82' title="bbox 459 4169 2037 4238">
     <span class='ocr_line' id='line_1_82' title="bbox 459 4169 2037 4238; baseline -0.001 -16"><span class='ocrx_word' id='word_1_599' title='bbox 459 4170 628 4238; x_wconf 84' lang='lat' dir='ltr'><strong>Juda,</strong></span> <span class='ocrx_word' id='word_1_600' title='bbox 654 4172 756 4224; x_wconf 85' lang='lat' dir='ltr'><strong>hoc</strong></span> <span class='ocrx_word' id='word_1_601' title='bbox 797 4179 882 4226; x_wconf 88' lang='lat' dir='ltr'><strong>est</strong></span> <span class='ocrx_word' id='word_1_602' title='bbox 928 4186 956 4222; x_wconf 90' lang='lat' dir='ltr'><strong>a</strong></span> <span class='ocrx_word' id='word_1_603' title='bbox 995 4172 1138 4224; x_wconf 90' lang='lat' dir='ltr'><strong>tribu</strong></span> <span class='ocrx_word' id='word_1_604' title='bbox 1177 4169 1337 4232; x_wconf 85' lang='lat' dir='ltr'><strong>Juda,</strong></span> <span class='ocrx_word' id='word_1_605' title='bbox 1365 4170 1696 4238; x_wconf 88' lang='lat' dir='ltr'><strong>regioneque</strong></span> <span class='ocrx_word' id='word_1_606' title='bbox 1735 4169 1846 4230; x_wconf 91' lang='lat' dir='ltr'><strong>illa,</strong></span> <span class='ocrx_word' id='word_1_607' title='bbox 1873 4183 2037 4238; x_wconf 89' lang='lat' dir='ltr'><strong>quam</strong></span> 
     </span>
    </p>
   </div>
   <div class='ocr_carea' id='block_1_83' title="bbox 461 4239 2038 4310">
    <p class='ocr_par' dir='ltr' id='par_1_83' title="bbox 461 4239 2038 4310">
     <span class='ocr_line' id='line_1_83' title="bbox 461 4239 2038 4310; baseline -0.002 -17"><span class='ocrx_word' id='word_1_608' title='bbox 461 4243 515 4293; x_wconf 92' lang='lat' dir='ltr'><strong>in</strong></span> <span class='ocrx_word' id='word_1_609' title='bbox 542 4243 812 4310; x_wconf 86' lang='lat' dir='ltr'><strong>promissa</strong></span> <span class='ocrx_word' id='word_1_610' title='bbox 838 4252 982 4294; x_wconf 88' lang='lat' dir='ltr'><strong>terra</strong></span> <span class='ocrx_word' id='word_1_611' title='bbox 1013 4241 1318 4308; x_wconf 87' lang='lat' dir='ltr'><strong>occuparit,</strong></span> <span class='ocrx_word' id='word_1_612' title='bbox 1347 4243 1546 4309; x_wconf 92' lang='lat' dir='ltr'><strong>cuique</strong></span> <span class='ocrx_word' id='word_1_613' title='bbox 1575 4255 1770 4293; x_wconf 87' lang='lat' dir='ltr'><strong>nomen</strong></span> <span class='ocrx_word' id='word_1_614' title='bbox 1801 4239 2038 4310; x_wconf 88' lang='lat' dir='ltr'><strong>dederit,</strong></span> 
     </span>
    </p>
   </div>
   <div class='ocr_carea' id='block_1_84' title="bbox 461 4309 2036 4380">
    <p class='ocr_par' dir='ltr' id='par_1_84' title="bbox 461 4309 2036 4380">
     <span class='ocr_line' id='line_1_84' title="bbox 461 4309 2036 4380; baseline -0.002 -17"><span class='ocrx_word' id='word_1_615' title='bbox 461 4319 520 4363; x_wconf 94' lang='lat' dir='ltr'><strong>ut</strong></span> <span class='ocrx_word' id='word_1_616' title='bbox 544 4309 640 4380; x_wconf 80' lang='lat' dir='ltr'><strong>per</strong></span> <span class='ocrx_word' id='word_1_617' title='bbox 669 4309 862 4364; x_wconf 82' lang='lat' dir='ltr'><strong>Judam</strong></span> <span class='ocrx_word' id='word_1_618' title='bbox 894 4319 1003 4362; x_wconf 89' lang='lat' dir='ltr'><strong>tam</strong></span> <span class='ocrx_word' id='word_1_619' title='bbox 1047 4313 1278 4380; x_wconf 90' lang='lat' dir='ltr'><strong>populus</strong></span> <span class='ocrx_word' id='word_1_620' title='bbox 1314 4311 1430 4379; x_wconf 89' lang='lat' dir='ltr'><strong>ipsa</strong></span> <span class='ocrx_word' id='word_1_621' title='bbox 1467 4311 1533 4363; x_wconf 89' lang='lat' dir='ltr'><strong>ab</strong></span> <span class='ocrx_word' id='word_1_622' title='bbox 1572 4310 1708 4364; x_wconf 84' lang='lat' dir='ltr'><strong>Juda</strong></span> <span class='ocrx_word' id='word_1_623' title='bbox 1744 4309 2036 4380; x_wconf 79' lang='lat' dir='ltr'><strong>orittiidits,</strong></span> 
     </span>
    </p>
   </div>
   <div class='ocr_carea' id='block_1_85' title="bbox 461 4379 2029 4450">
    <p class='ocr_par' dir='ltr' id='par_1_85' title="bbox 461 4379 2029 4450">
     <span class='ocr_line' id='line_1_85' title="bbox 461 4379 2029 4450; baseline -0.001 -18"><span class='ocrx_word' id='word_1_624' title='bbox 461 4379 561 4432; x_wconf 77' lang='lat' dir='ltr'><strong>aut</strong></span> <span class='ocrx_word' id='word_1_625' title='bbox 613 4382 957 4443; x_wconf 89' lang='lat' dir='ltr'><strong>nominatus;</strong></span> <span class='ocrx_word' id='word_1_626' title='bbox 1007 4379 1171 4448; x_wconf 85' lang='lat' dir='ltr'><strong>quam</strong></span> <span class='ocrx_word' id='word_1_627' title='bbox 1227 4384 1376 4450; x_wconf 77' lang='lat' dir='ltr'><strong>regio</strong></span> <span class='ocrx_word' id='word_1_628' title='bbox 1426 4381 1502 4433; x_wconf 91' lang='lat' dir='ltr'><strong>illi</strong></span> <span class='ocrx_word' id='word_1_629' title='bbox 1556 4380 1817 4433; x_wconf 88' lang='lat' dir='ltr'><strong>attributa</strong></span> <span class='ocrx_word' id='word_1_630' title='bbox 1863 4379 2029 4447; x_wconf 84' lang='lat' dir='ltr'><strong>signi-</strong></span> 
     </span>
    </p>
   </div>
   <div class='ocr_carea' id='block_1_86' title="bbox 461 4450 2038 4504">
    <p class='ocr_par' dir='ltr' id='par_1_86' title="bbox 461 4450 2038 4504">
     <span class='ocr_line' id='line_1_86' title="bbox 461 4450 2038 4504; baseline -0.001 -2"><span class='ocrx_word' id='word_1_631' title='bbox 461 4452 673 4504; x_wconf 86' lang='lat' dir='ltr'><strong>ficetur.</strong></span> <span class='ocrx_word' id='word_1_632' title='bbox 710 4450 845 4502; x_wconf 86' lang='lat' dir='ltr'><strong>Nam</strong></span> <span class='ocrx_word' id='word_1_633' title='bbox 898 4453 1115 4504; x_wconf 83' lang='lat' dir='ltr'><strong>tametsi</strong></span> <span class='ocrx_word' id='word_1_634' title='bbox 1166 4461 1293 4504; x_wconf 87' lang='lat' dir='ltr'><strong>ante</strong></span> <span class='ocrx_word' id='word_1_635' title='bbox 1335 4450 1618 4503; x_wconf 83' lang='lat' dir='ltr'><strong>Christum</strong></span> <span class='ocrx_word' id='word_1_636' title='bbox 1672 4451 1941 4502; x_wconf 90' lang='lat' dir='ltr'><strong>translato</strong></span> <span class='ocrx_word' id='word_1_637' title='bbox 1984 4450 2038 4501; x_wconf 89' lang='lat' dir='ltr'><strong>in</strong></span> 
     </span>
    </p>
   </div>
   <div class='ocr_carea' id='block_1_87' title="bbox 459 4519 2037 4590">
    <p class='ocr_par' dir='ltr' id='par_1_87' title="bbox 459 4519 2037 4590">
     <span class='ocr_line' id='line_1_87' title="bbox 459 4519 2037 4590; baseline -0.001 -18"><span class='ocrx_word' id='word_1_638' title='bbox 459 4522 862 4588; x_wconf 85' lang='lat' dir='ltr'><strong>captivitatem,</strong></span> <span class='ocrx_word' id='word_1_639' title='bbox 899 4535 1275 4589; x_wconf 87' lang='lat' dir='ltr'><strong>Oppressoque</strong></span> <span class='ocrx_word' id='word_1_640' title='bbox 1338 4519 1492 4574; x_wconf 76' lang='lat' dir='ltr'><strong>Judae</strong></span> <span class='ocrx_word' id='word_1_641' title='bbox 1540 4520 1776 4590; x_wconf 91' lang='lat' dir='ltr'><strong>populo.</strong></span> <span class='ocrx_word' id='word_1_642' title='bbox 1822 4519 2037 4587; x_wconf 90' lang='lat' dir='ltr'><strong>imperii</strong></span> 
     </span>
    </p>
   </div>
   <div class='ocr_carea' id='block_1_88' title="bbox 458 4591 2038 4658">
    <p class='ocr_par' dir='ltr' id='par_1_88' title="bbox 458 4591 2038 4658">
     <span class='ocr_line' id='line_1_88' title="bbox 458 4591 2038 4658; baseline -0.001 -13"><span class='ocrx_word' id='word_1_643' title='bbox 458 4594 635 4645; x_wconf 85' lang='lat' dir='ltr'><strong>series</strong></span> <span class='ocrx_word' id='word_1_644' title='bbox 666 4591 758 4643; x_wconf 91' lang='lat' dir='ltr'><strong>illa</strong></span> <span class='ocrx_word' id='word_1_645' title='bbox 796 4591 1100 4658; x_wconf 89' lang='lat' dir='ltr'><strong>interrupta</strong></span> <span class='ocrx_word' id='word_1_646' title='bbox 1129 4592 1412 4655; x_wconf 77' lang='lat' dir='ltr'><strong>videatur,</strong></span> <span class='ocrx_word' id='word_1_647' title='bbox 1447 4606 1556 4643; x_wconf 90' lang='lat' dir='ltr'><strong>non</strong></span> <span class='ocrx_word' id='word_1_648' title='bbox 1593 4598 1772 4642; x_wconf 87' lang='lat' dir='ltr'><strong>tamen</strong></span> <span class='ocrx_word' id='word_1_649' title='bbox 1822 4592 2038 4658; x_wconf 89' lang='lat' dir='ltr'><strong>penitus</strong></span> 
     </span>
    </p>
   </div>
   <div class='ocr_carea' id='block_1_89' title="bbox 461 4660 2039 4724">
    <p class='ocr_par' dir='ltr' id='par_1_89' title="bbox 461 4660 2039 4724">
     <span class='ocr_line' id='line_1_89' title="bbox 461 4660 2039 4724; baseline 0 -13"><span class='ocrx_word' id='word_1_650' title='bbox 461 4661 709 4724; x_wconf 85' lang='lat' dir='ltr'><strong>recessit,</strong></span> <span class='ocrx_word' id='word_1_651' title='bbox 754 4668 848 4712; x_wconf 90' lang='lat' dir='ltr'><strong>aut</strong></span> <span class='ocrx_word' id='word_1_652' title='bbox 887 4669 1217 4714; x_wconf 80' lang='lat' dir='ltr'><strong>exstinctum</strong></span> <span class='ocrx_word' id='word_1_653' title='bbox 1259 4668 1372 4722; x_wconf 92' lang='lat' dir='ltr'><strong>est,</strong></span> <span class='ocrx_word' id='word_1_654' title='bbox 1409 4669 1534 4714; x_wconf 92' lang='lat' dir='ltr'><strong>ante</strong></span> <span class='ocrx_word' id='word_1_655' title='bbox 1560 4660 1848 4713; x_wconf 85' lang='lat' dir='ltr'><strong>Judaicum</strong></span> <span class='ocrx_word' id='word_1_656' title='bbox 1892 4661 2039 4712; x_wconf 79' lang='lat' dir='ltr'><strong>exci-</strong></span> 
     </span>
    </p>
   </div>
   <div class='ocr_carea' id='block_1_90' title="bbox 460 4731 2037 4798">
    <p class='ocr_par' dir='ltr' id='par_1_90' title="bbox 460 4731 2037 4798">
     <span class='ocr_line' id='line_1_90' title="bbox 460 4731 2037 4798; baseline 0.001 -18"><span class='ocrx_word' id='word_1_657' title='bbox 460 4732 634 4793; x_wconf 87' lang='lat' dir='ltr'><strong>dium,</strong></span> <span class='ocrx_word' id='word_1_658' title='bbox 678 4731 978 4784; x_wconf 86' lang='lat' dir='ltr'><strong>secuudum</strong></span> <span class='ocrx_word' id='word_1_659' title='bbox 1021 4732 1164 4798; x_wconf 91' lang='lat' dir='ltr'><strong>quod</strong></span> <span class='ocrx_word' id='word_1_660' title='bbox 1204 4739 1418 4797; x_wconf 89' lang='lat' dir='ltr'><strong>tempus</strong></span> <span class='ocrx_word' id='word_1_661' title='bbox 1464 4731 1685 4798; x_wconf 91' lang='lat' dir='ltr'><strong>templo,</strong></span> <span class='ocrx_word' id='word_1_662' title='bbox 1734 4731 1890 4789; x_wconf 87' lang='lat' dir='ltr'><strong>urbe,</strong></span> <span class='ocrx_word' id='word_1_663' title='bbox 1933 4731 2037 4781; x_wconf 92' lang='lat' dir='ltr'><strong>im-</strong></span> 
     </span>
    </p>
   </div>
   <div class='ocr_carea' id='block_1_91' title="bbox 2142 3537 3720 3607">
    <p class='ocr_par' dir='ltr' id='par_1_91' title="bbox 2142 3537 3720 3607">
     <span class='ocr_line' id='line_1_91' title="bbox 2142 3537 3720 3607; baseline 0.001 -17"><span class='ocrx_word' id='word_1_664' title='bbox 2142 3547 2282 3598; x_wconf 89' lang='lat' dir='ltr'><strong>erat,</strong></span> <span class='ocrx_word' id='word_1_665' title='bbox 2323 3553 2636 3605; x_wconf 85' lang='lat' dir='ltr'><strong>quanquam</strong></span> <span class='ocrx_word' id='word_1_666' title='bbox 2664 3537 2936 3604; x_wconf 86' lang='lat' dir='ltr'><strong>Josephus</strong></span> <span class='ocrx_word' id='word_1_667' title='bbox 2975 3555 3120 3593; x_wconf 89' lang='lat' dir='ltr'><strong>anno</strong></span> <span class='ocrx_word' id='word_1_668' title='bbox 3149 3537 3331 3607; x_wconf 87' lang='lat' dir='ltr'><strong>priore</strong></span> <span class='ocrx_word' id='word_1_669' title='bbox 3369 3537 3421 3590; x_wconf 89' lang='lat' dir='ltr'><strong>id</strong></span> <span class='ocrx_word' id='word_1_670' title='bbox 3453 3539 3720 3592; x_wconf 86' lang='lat' dir='ltr'><strong>accidisse</strong></span> 
     </span>
    </p>
   </div>
   <div class='ocr_carea' id='block_1_92' title="bbox 2140 3607 3721 3677">
    <p class='ocr_par' dir='ltr' id='par_1_92' title="bbox 2140 3607 3721 3677">
     <span class='ocr_line' id='line_1_92' title="bbox 2140 3607 3721 3677; baseline -0.001 -16"><span class='ocrx_word' id='word_1_671' title='bbox 2140 3607 2436 3677; x_wconf 82' lang='lat' dir='ltr'><strong>significet,</strong></span> <span class='ocrx_word' id='word_1_672' title='bbox 2473 3609 2601 3661; x_wconf 89' lang='lat' dir='ltr'><strong>dum</strong></span> <span class='ocrx_word' id='word_1_673' title='bbox 2644 3616 2768 3676; x_wconf 88' lang='lat' dir='ltr'><strong>post</strong></span> <span class='ocrx_word' id='word_1_674' title='bbox 2810 3607 3052 3662; x_wconf 86' lang='lat' dir='ltr'><strong>Simonis</strong></span> <span class='ocrx_word' id='word_1_675' title='bbox 3091 3611 3298 3662; x_wconf 90' lang='lat' dir='ltr'><strong>obitum</strong></span> <span class='ocrx_word' id='word_1_676' title='bbox 3336 3623 3538 3661; x_wconf 93' lang='lat' dir='ltr'><strong>annum</strong></span> <span class='ocrx_word' id='word_1_677' title='bbox 3585 3608 3721 3660; x_wconf 87' lang='lat' dir='ltr'><strong>Sab—</strong></span> 
     </span>
    </p>
   </div>
   <div class='ocr_carea' id='block_1_93' title="bbox 2140 3677 3722 3744">
    <p class='ocr_par' dir='ltr' id='par_1_93' title="bbox 2140 3677 3722 3744">
     <span class='ocr_line' id='line_1_93' title="bbox 2140 3677 3722 3744; baseline 0 -14"><span class='ocrx_word' id='word_1_678' title='bbox 2140 3679 2404 3738; x_wconf 87' lang='lat' dir='ltr'><strong>baticum,</strong></span> <span class='ocrx_word' id='word_1_679' title='bbox 2436 3687 2490 3728; x_wconf 85' lang='lat' dir='ltr'><strong>et</strong></span> <span class='ocrx_word' id='word_1_680' title='bbox 2533 3677 2751 3744; x_wconf 88' lang='lat' dir='ltr'><strong>quidem</strong></span> <span class='ocrx_word' id='word_1_681' title='bbox 2786 3680 2928 3731; x_wconf 86' lang='lat' dir='ltr'><strong>haud</strong></span> <span class='ocrx_word' id='word_1_682' title='bbox 2973 3679 3234 3731; x_wconf 78' lang='lat' dir='ltr'><strong>mediocri</strong></span> <span class='ocrx_word' id='word_1_683' title='bbox 3268 3678 3576 3737; x_wconf 85' lang='lat' dir='ltr'><strong>intervallo,</strong></span> <span class='ocrx_word' id='word_1_684' title='bbox 3609 3692 3722 3730; x_wconf 73' lang='lat' dir='ltr'><strong>cte-</strong></span> 
     </span>
    </p>
   </div>
   <div class='ocr_carea' id='block_1_94' title="bbox 2140 3748 3716 3818">
    <p class='ocr_par' dir='ltr' id='par_1_94' title="bbox 2140 3748 3716 3818">
     <span class='ocr_line' id='line_1_94' title="bbox 2140 3748 3716 3818; baseline 0.001 -19"><span class='ocrx_word' id='word_1_685' title='bbox 2140 3749 2288 3815; x_wconf 86' lang='lat' dir='ltr'><strong>pisse</strong></span> <span class='ocrx_word' id='word_1_686' title='bbox 2336 3748 2529 3800; x_wconf 88' lang='lat' dir='ltr'><strong>scribit</strong></span> <span class='ocrx_word' id='word_1_687' title='bbox 2558 3749 2650 3801; x_wconf 90' lang='lat' dir='ltr'><strong>lib.</strong></span> <span class='ocrx_word' id='word_1_688' title='bbox 2682 3763 2804 3810; x_wconf 79' lang='lat' dir='ltr'><strong>xm,</strong></span> <span class='ocrx_word' id='word_1_689' title='bbox 2847 3764 2966 3817; x_wconf 88' lang='lat' dir='ltr'><strong>cap.</strong></span> <span class='ocrx_word' id='word_1_690' title='bbox 3014 3750 3100 3803; x_wconf 84' lang='lat' dir='ltr'><strong>l5.</strong></span> <span class='ocrx_word' id='word_1_691' title='bbox 3144 3749 3287 3818; x_wconf 86' lang='lat' dir='ltr'><strong>Ergo</strong></span> <span class='ocrx_word' id='word_1_692' title='bbox 3325 3763 3471 3801; x_wconf 87' lang='lat' dir='ltr'><strong>anno</strong></span> <span class='ocrx_word' id='word_1_693' title='bbox 3499 3748 3716 3818; x_wconf 84' lang='lat' dir='ltr'><strong>periodi</strong></span> 
     </span>
    </p>
   </div>
   <div class='ocr_carea' id='block_1_95' title="bbox 2136 3817 3714 3882">
    <p class='ocr_par' dir='ltr' id='par_1_95' title="bbox 2136 3817 3714 3882">
     <span class='ocr_line' id='line_1_95' title="bbox 2136 3817 3714 3882; baseline -0.001 -11"><span class='ocrx_word' id='word_1_694' title='bbox 2136 3818 2368 3872; x_wconf 61' lang='lat' dir='ltr'><strong>Juliauw</strong></span> <span class='ocrx_word' id='word_1_695' title='bbox 2423 3832 2806 3879; x_wconf 74' lang='grc' dir='ltr'>ιιιιιιιιιιωιιιιιι,</span> <span class='ocrx_word' id='word_1_696' title='bbox 2865 3834 3053 3872; x_wconf 91' lang='lat' dir='ltr'><strong>mense</strong></span> <span class='ocrx_word' id='word_1_697' title='bbox 3094 3836 3172 3882; x_wconf 78' lang='grc' dir='ltr'>ιιι,</span> <span class='ocrx_word' id='word_1_698' title='bbox 3207 3817 3311 3873; x_wconf 86' lang='lat' dir='ltr'><strong>hoc</strong></span> <span class='ocrx_word' id='word_1_699' title='bbox 3359 3828 3444 3872; x_wconf 86' lang='lat' dir='ltr'><strong>est</strong></span> <span class='ocrx_word' id='word_1_700' title='bbox 3491 3817 3714 3880; x_wconf 87' lang='lat' dir='ltr'><strong>Sebath,</strong></span> 
     </span>
    </p>
   </div>
   <div class='ocr_carea' id='block_1_96' title="bbox 2139 3887 3719 3950">
    <p class='ocr_par' dir='ltr' id='par_1_96' title="bbox 2139 3887 3719 3950">
     <span class='ocr_line' id='line_1_96' title="bbox 2139 3887 3719 3950; baseline -0.001 -8"><span class='ocrx_word' id='word_1_701' title='bbox 2139 3900 2372 3942; x_wconf 84' lang='lat' dir='ltr'><strong>exeunte</strong></span> <span class='ocrx_word' id='word_1_702' title='bbox 2423 3889 2637 3940; x_wconf 88' lang='lat' dir='ltr'><strong>scilicet</strong></span> <span class='ocrx_word' id='word_1_703' title='bbox 2676 3889 2875 3950; x_wconf 89' lang='lat' dir='ltr'><strong>hieme,</strong></span> <span class='ocrx_word' id='word_1_704' title='bbox 2911 3899 3140 3944; x_wconf 88' lang='lat' dir='ltr'><strong>necatus</strong></span> <span class='ocrx_word' id='word_1_705' title='bbox 3187 3897 3290 3943; x_wconf 88' lang='lat' dir='ltr'><strong>est.</strong></span> <span class='ocrx_word' id='word_1_706' title='bbox 3343 3887 3541 3941; x_wconf 87' lang='lat' dir='ltr'><strong>Eodem</strong></span> <span class='ocrx_word' id='word_1_707' title='bbox 3575 3902 3719 3940; x_wconf 87' lang='lat' dir='ltr'><strong>anno</strong></span> 
     </span>
    </p>
   </div>
   <div class='ocr_carea' id='block_1_97' title="bbox 2140 3956 3716 4028">
    <p class='ocr_par' dir='ltr' id='par_1_97' title="bbox 2140 3956 3716 4028">
     <span class='ocr_line' id='line_1_97' title="bbox 2140 3956 3716 4028; baseline -0.003 -15"><span class='ocrx_word' id='word_1_708' title='bbox 2140 3958 2404 4013; x_wconf 84' lang='lat' dir='ltr'><strong>successit</strong></span> <span class='ocrx_word' id='word_1_709' title='bbox 2430 3957 2670 4012; x_wconf 86' lang='lat' dir='ltr'><strong>Joannes</strong></span> <span class='ocrx_word' id='word_1_710' title='bbox 2701 3957 2989 4028; x_wconf 86' lang='lat' dir='ltr'><strong>Hyrcanus</strong></span> <span class='ocrx_word' id='word_1_711' title='bbox 3019 3961 3140 4027; x_wconf 87' lang='lat' dir='ltr'><strong>ejus</strong></span> <span class='ocrx_word' id='word_1_712' title='bbox 3169 3961 3331 4014; x_wconf 83' lang='lat' dir='ltr'><strong>filius.</strong></span> <span class='ocrx_word' id='word_1_713' title='bbox 3364 3956 3466 4022; x_wconf 86' lang='lat' dir='ltr'><strong>Qui</strong></span> <span class='ocrx_word' id='word_1_714' title='bbox 3496 3956 3716 4028; x_wconf 86' lang='lat' dir='ltr'><strong>quidem</strong></span> 
     </span>
    </p>
   </div>
   <div class='ocr_carea' id='block_1_98' title="bbox 2141 4027 3720 4097">
    <p class='ocr_par' dir='ltr' id='par_1_98' title="bbox 2141 4027 3720 4097">
     <span class='ocr_line' id='line_1_98' title="bbox 2141 4027 3720 4097; baseline 0 -16"><span class='ocrx_word' id='word_1_715' title='bbox 2141 4045 2264 4081; x_wconf 92' lang='lat' dir='ltr'><strong>cum</strong></span> <span class='ocrx_word' id='word_1_716' title='bbox 2290 4042 2465 4082; x_wconf 89' lang='lat' dir='ltr'><strong>annos</strong></span> <span class='ocrx_word' id='word_1_717' title='bbox 2498 4043 2623 4081; x_wconf 74' lang='lat' dir='ltr'><strong>xui</strong></span> <span class='ocrx_word' id='word_1_718' title='bbox 2657 4027 3001 4097; x_wconf 88' lang='lat' dir='ltr'><strong>imperasset,</strong></span> <span class='ocrx_word' id='word_1_719' title='bbox 3031 4032 3261 4082; x_wconf 90' lang='lat' dir='ltr'><strong>moritur</strong></span> <span class='ocrx_word' id='word_1_720' title='bbox 3287 4029 3492 4082; x_wconf 88' lang='lat' dir='ltr'><strong>relictis</strong></span> <span class='ocrx_word' id='word_1_721' title='bbox 3517 4043 3549 4078; x_wconf 95' lang='lat' dir='ltr'><strong>v</strong></span> <span class='ocrx_word' id='word_1_722' title='bbox 3580 4027 3720 4081; x_wconf 87' lang='lat' dir='ltr'><strong>libe-</strong></span> 
     </span>
    </p>
   </div>
   <div class='ocr_carea' id='block_1_99' title="bbox 2140 4097 3719 4167">
    <p class='ocr_par' dir='ltr' id='par_1_99' title="bbox 2140 4097 3719 4167">
     <span class='ocr_line' id='line_1_99' title="bbox 2140 4097 3719 4167; baseline -0.003 -15"><span class='ocrx_word' id='word_1_723' title='bbox 2140 4101 2236 4152; x_wconf 89' lang='lat' dir='ltr'><strong>ris.</strong></span> <span class='ocrx_word' id='word_1_724' title='bbox 2280 4097 2539 4151; x_wconf 87' lang='lat' dir='ltr'><strong>Succedit</strong></span> <span class='ocrx_word' id='word_1_725' title='bbox 2571 4100 2922 4156; x_wconf 83' lang='lat' dir='ltr'><strong>Aristobulus</strong></span> <span class='ocrx_word' id='word_1_726' title='bbox 2954 4108 3086 4153; x_wconf 89' lang='lat' dir='ltr'><strong>natu</strong></span> <span class='ocrx_word' id='word_1_727' title='bbox 3141 4101 3436 4162; x_wconf 85' lang='lat' dir='ltr'><strong>maximus,</strong></span> <span class='ocrx_word' id='word_1_728' title='bbox 3470 4097 3564 4166; x_wconf 87' lang='lat' dir='ltr'><strong>qui</strong></span> <span class='ocrx_word' id='word_1_729' title='bbox 3607 4099 3719 4167; x_wconf 88' lang='lat' dir='ltr'><strong>pri-</strong></span> 
     </span>
    </p>
   </div>
   <div class='ocr_carea' id='block_1_100' title="bbox 2142 4168 3719 4237">
    <p class='ocr_par' dir='ltr' id='par_1_100' title="bbox 2142 4168 3719 4237">
     <span class='ocr_line' id='line_1_100' title="bbox 2142 4168 3719 4237; baseline -0.002 -16"><span class='ocrx_word' id='word_1_730' title='bbox 2142 4185 2265 4222; x_wconf 88' lang='lat' dir='ltr'><strong>tnus</strong></span> <span class='ocrx_word' id='word_1_731' title='bbox 2303 4169 2511 4237; x_wconf 87' lang='lat' dir='ltr'><strong>regium</strong></span> <span class='ocrx_word' id='word_1_732' title='bbox 2573 4169 2675 4223; x_wconf 88' lang='lat' dir='ltr'><strong>sibi</strong></span> <span class='ocrx_word' id='word_1_733' title='bbox 2724 4168 2975 4223; x_wconf 91' lang='lat' dir='ltr'><strong>diadema</strong></span> <span class='ocrx_word' id='word_1_734' title='bbox 3027 4171 3284 4235; x_wconf 90' lang='lat' dir='ltr'><strong>sumpsit,</strong></span> <span class='ocrx_word' id='word_1_735' title='bbox 3331 4177 3386 4223; x_wconf 87' lang='lat' dir='ltr'><strong>et</strong></span> <span class='ocrx_word' id='word_1_736' title='bbox 3431 4182 3574 4220; x_wconf 85' lang='lat' dir='ltr'><strong>anno</strong></span> <span class='ocrx_word' id='word_1_737' title='bbox 3609 4183 3719 4219; x_wconf 88' lang='lat' dir='ltr'><strong>uno</strong></span> 
     </span>
    </p>
   </div>
   <div class='ocr_carea' id='block_1_101' title="bbox 2141 4237 3716 4308">
    <p class='ocr_par' dir='ltr' id='par_1_101' title="bbox 2141 4237 3716 4308">
     <span class='ocr_line' id='line_1_101' title="bbox 2141 4237 3716 4308; baseline -0.001 -17"><span class='ocrx_word' id='word_1_738' title='bbox 2141 4239 2404 4306; x_wconf 85' lang='lat' dir='ltr'><strong>regnavit.</strong></span> <span class='ocrx_word' id='word_1_739' title='bbox 2429 4237 2549 4302; x_wconf 89' lang='lat' dir='ltr'><strong>Quo</strong></span> <span class='ocrx_word' id='word_1_740' title='bbox 2579 4249 2820 4300; x_wconf 90' lang='lat' dir='ltr'><strong>mortuo,</strong></span> <span class='ocrx_word' id='word_1_741' title='bbox 2856 4240 3074 4294; x_wconf 83' lang='lat' dir='ltr'><strong>Salome</strong></span> <span class='ocrx_word' id='word_1_742' title='bbox 3105 4239 3328 4306; x_wconf 76' lang='lat' dir='ltr'><strong>conjux,</strong></span> <span class='ocrx_word' id='word_1_743' title='bbox 3353 4254 3517 4308; x_wconf 92' lang='lat' dir='ltr'><strong>quam</strong></span> <span class='ocrx_word' id='word_1_744' title='bbox 3539 4237 3716 4290; x_wconf 67' lang='lat' dir='ltr'><strong>GI‘EBCl</strong></span> 
     </span>
    </p>
   </div>
   <div class='ocr_carea' id='block_1_102' title="bbox 2140 4309 3718 4376">
    <p class='ocr_par' dir='ltr' id='par_1_102' title="bbox 2140 4309 3718 4376">
     <span class='ocr_line' id='line_1_102' title="bbox 2140 4309 3718 4376; baseline 0.001 -17"><span class='ocrx_word' id='word_1_745' title='bbox 2140 4309 2505 4362; x_wconf 76' lang='lat' dir='ltr'><strong>Alexandram</strong></span> <span class='ocrx_word' id='word_1_746' title='bbox 2557 4317 2782 4369; x_wconf 84' lang='lat' dir='ltr'><strong>vocant,</strong></span> <span class='ocrx_word' id='word_1_747' title='bbox 2832 4310 3132 4363; x_wconf 88' lang='lat' dir='ltr'><strong>Aristobuli</strong></span> <span class='ocrx_word' id='word_1_748' title='bbox 3183 4310 3403 4372; x_wconf 88' lang='lat' dir='ltr'><strong>fratres,</strong></span> <span class='ocrx_word' id='word_1_749' title='bbox 3441 4322 3579 4376; x_wconf 89' lang='lat' dir='ltr'><strong>quos</strong></span> <span class='ocrx_word' id='word_1_750' title='bbox 3629 4309 3718 4360; x_wconf 86' lang='lat' dir='ltr'><strong>ille</strong></span> 
     </span>
    </p>
   </div>
   <div class='ocr_carea' id='block_1_103' title="bbox 2142 4378 3718 4442">
    <p class='ocr_par' dir='ltr' id='par_1_103' title="bbox 2142 4378 3718 4442">
     <span class='ocr_line' id='line_1_103' title="bbox 2142 4378 3718 4442; baseline -0.001 -12"><span class='ocrx_word' id='word_1_751' title='bbox 2142 4379 2196 4431; x_wconf 93' lang='lat' dir='ltr'><strong>iu</strong></span> <span class='ocrx_word' id='word_1_752' title='bbox 2235 4379 2468 4432; x_wconf 87' lang='lat' dir='ltr'><strong>vinculis</strong></span> <span class='ocrx_word' id='word_1_753' title='bbox 2509 4378 2808 4442; x_wconf 90' lang='lat' dir='ltr'><strong>habuerat,</strong></span> <span class='ocrx_word' id='word_1_754' title='bbox 2847 4381 3029 4441; x_wconf 86' lang='lat' dir='ltr'><strong>solvit,</strong></span> <span class='ocrx_word' id='word_1_755' title='bbox 3062 4388 3116 4434; x_wconf 84' lang='lat' dir='ltr'><strong>et</strong></span> <span class='ocrx_word' id='word_1_756' title='bbox 3155 4378 3438 4432; x_wconf 65' lang='lat' dir='ltr'><strong>.lannaaum</strong></span> <span class='ocrx_word' id='word_1_757' title='bbox 3478 4378 3718 4431; x_wconf 85' lang='lat' dir='ltr'><strong>Alexan-</strong></span> 
     </span>
    </p>
   </div>
   <div class='ocr_carea' id='block_1_104' title="bbox 2141 4449 3719 4519">
    <p class='ocr_par' dir='ltr' id='par_1_104' title="bbox 2141 4449 3719 4519">
     <span class='ocr_line' id='line_1_104' title="bbox 2141 4449 3719 4519; baseline -0.001 -18"><span class='ocrx_word' id='word_1_758' title='bbox 2141 4449 2320 4509; x_wconf 86' lang='lat' dir='ltr'><strong>drum,</strong></span> <span class='ocrx_word' id='word_1_759' title='bbox 2352 4451 2446 4515; x_wconf 88' lang='lat' dir='ltr'><strong>qui</strong></span> <span class='ocrx_word' id='word_1_760' title='bbox 2478 4456 2532 4501; x_wconf 90' lang='lat' dir='ltr'><strong>et</strong></span> <span class='ocrx_word' id='word_1_761' title='bbox 2566 4458 2744 4508; x_wconf 70' lang='lat' dir='ltr'><strong>aztate,</strong></span> <span class='ocrx_word' id='word_1_762' title='bbox 2780 4459 2834 4502; x_wconf 86' lang='lat' dir='ltr'><strong>et</strong></span> <span class='ocrx_word' id='word_1_763' title='bbox 2869 4449 3245 4503; x_wconf 89' lang='lat' dir='ltr'><strong>moderatione</strong></span> <span class='ocrx_word' id='word_1_764' title='bbox 3279 4449 3574 4519; x_wconf 68' lang='lat' dir='ltr'><strong>praestabat</strong></span> <span class='ocrx_word' id='word_1_765' title='bbox 3613 4462 3719 4500; x_wconf 68' lang='lat' dir='ltr'><strong>cae-</strong></span> 
     </span>
    </p>
   </div>
   <div class='ocr_carea' id='block_1_105' title="bbox 2141 4519 3712 4589">
    <p class='ocr_par' dir='ltr' id='par_1_105' title="bbox 2141 4519 3712 4589">
     <span class='ocr_line' id='line_1_105' title="bbox 2141 4519 3712 4589; baseline -0.002 -18"><span class='ocrx_word' id='word_1_766' title='bbox 2141 4521 2296 4580; x_wconf 90' lang='lat' dir='ltr'><strong>teris,</strong></span> <span class='ocrx_word' id='word_1_767' title='bbox 2335 4533 2516 4588; x_wconf 85' lang='lat' dir='ltr'><strong>regem</strong></span> <span class='ocrx_word' id='word_1_768' title='bbox 2561 4519 2870 4574; x_wconf 88' lang='lat' dir='ltr'><strong>constituit.</strong></span> <span class='ocrx_word' id='word_1_769' title='bbox 2911 4519 3180 4589; x_wconf 76' lang='lat' dir='ltr'><strong>Regnavit</strong></span> <span class='ocrx_word' id='word_1_770' title='bbox 3214 4520 3301 4572; x_wconf 90' lang='lat' dir='ltr'><strong>hic</strong></span> <span class='ocrx_word' id='word_1_771' title='bbox 3337 4533 3510 4571; x_wconf 88' lang='lat' dir='ltr'><strong>annos</strong></span> <span class='ocrx_word' id='word_1_772' title='bbox 3542 4533 3712 4577; x_wconf 78' lang='lat' dir='ltr'><strong>xxvii,</strong></span> 
     </span>
    </p>
   </div>
   <div class='ocr_carea' id='block_1_106' title="bbox 2141 4590 3717 4657">
    <p class='ocr_par' dir='ltr' id='par_1_106' title="bbox 2141 4590 3717 4657">
     <span class='ocr_line' id='line_1_106' title="bbox 2141 4590 3717 4657; baseline -0.001 -16"><span class='ocrx_word' id='word_1_773' title='bbox 2141 4590 2482 4657; x_wconf 86' lang='lat' dir='ltr'><strong>moriturque</strong></span> <span class='ocrx_word' id='word_1_774' title='bbox 2537 4591 2714 4643; x_wconf 63' lang='lat' dir='ltr'><strong>aetatis</strong></span> <span class='ocrx_word' id='word_1_775' title='bbox 2762 4605 2908 4644; x_wconf 88' lang='lat' dir='ltr'><strong>anno</strong></span> <span class='ocrx_word' id='word_1_776' title='bbox 2960 4607 3057 4650; x_wconf 79' lang='lat' dir='ltr'><strong>XL,</strong></span> <span class='ocrx_word' id='word_1_777' title='bbox 3110 4590 3314 4644; x_wconf 92' lang='lat' dir='ltr'><strong>relictis</strong></span> <span class='ocrx_word' id='word_1_778' title='bbox 3365 4603 3488 4641; x_wconf 88' lang='lat' dir='ltr'><strong>cum</strong></span> <span class='ocrx_word' id='word_1_779' title='bbox 3546 4602 3717 4640; x_wconf 86' lang='lat' dir='ltr'><strong>uxore</strong></span> 
     </span>
    </p>
   </div>
   <div class='ocr_carea' id='block_1_107' title="bbox 2140 4657 3713 4729">
    <p class='ocr_par' dir='ltr' id='par_1_107' title="bbox 2140 4657 3713 4729">
     <span class='ocr_line' id='line_1_107' title="bbox 2140 4657 3713 4729; baseline -0.001 -19"><span class='ocrx_word' id='word_1_780' title='bbox 2140 4657 2681 4729; x_wconf 71' lang='lat' dir='ltr'><strong>Alexandraliberis</strong></span> <span class='ocrx_word' id='word_1_781' title='bbox 2712 4660 2928 4714; x_wconf 89' lang='lat' dir='ltr'><strong>duobus</strong></span> <span class='ocrx_word' id='word_1_782' title='bbox 2980 4659 3252 4729; x_wconf 83' lang='lat' dir='ltr'><strong>Hyrcano,</strong></span> <span class='ocrx_word' id='word_1_783' title='bbox 3288 4666 3341 4713; x_wconf 92' lang='lat' dir='ltr'><strong>et</strong></span> <span class='ocrx_word' id='word_1_784' title='bbox 3374 4658 3713 4729; x_wconf 71' lang='lat' dir='ltr'><strong>Aristobulo.</strong></span> 
     </span>
    </p>
   </div>
   <div class='ocr_carea' id='block_1_108' title="bbox 2140 4726 3716 4798">
    <p class='ocr_par' dir='ltr' id='par_1_108' title="bbox 2140 4726 3716 4798">
     <span class='ocr_line' id='line_1_108' title="bbox 2140 4726 3716 4798; baseline -0.001 -17"><span class='ocrx_word' id='word_1_785' title='bbox 2140 4730 2208 4781; x_wconf 93' lang='lat' dir='ltr'><strong>At</strong></span> <span class='ocrx_word' id='word_1_786' title='bbox 2239 4727 2548 4783; x_wconf 79' lang='lat' dir='ltr'><strong>Alexandra</strong></span> <span class='ocrx_word' id='word_1_787' title='bbox 2573 4745 2749 4784; x_wconf 78' lang='lat' dir='ltr'><strong>annos</strong></span> <span class='ocrx_word' id='word_1_788' title='bbox 2784 4747 2836 4784; x_wconf 85' lang='lat' dir='ltr'><strong>Ix</strong></span> <span class='ocrx_word' id='word_1_789' title='bbox 2877 4726 3104 4798; x_wconf 82' lang='lat' dir='ltr'><strong>regnum</strong></span> <span class='ocrx_word' id='word_1_790' title='bbox 3135 4730 3553 4782; x_wconf 72' lang='lat' dir='ltr'><strong>administravit.</strong></span> <span class='ocrx_word' id='word_1_791' title='bbox 3584 4726 3716 4780; x_wconf 86' lang='lat' dir='ltr'><strong>Post</strong></span> 
     </span>
    </p>
   </div>
   <div class='ocr_carea' id='block_1_109' title="bbox 461 4800 3716 4874">
    <p class='ocr_par' dir='ltr' id='par_1_109' title="bbox 461 4800 3716 4874">
     <span class='ocr_line' id='line_1_109' title="bbox 461 4800 3716 4874; baseline -0.001 -22"><span class='ocrx_word' id='word_1_792' title='bbox 461 4801 633 4874; x_wconf 71' lang='lat' dir='ltr'><strong>peric,</strong></span> <span class='ocrx_word' id='word_1_793' title='bbox 667 4800 1211 4874; x_wconf 47' lang='grc' dir='ltr'>ιισπολιτείᾳεβκιιιί,</span> <span class='ocrx_word' id='word_1_794' title='bbox 1241 4801 1433 4874; x_wconf 82' lang='lat' dir='ltr'><strong>alienis</strong></span> <span class='ocrx_word' id='word_1_795' title='bbox 1470 4801 1677 4874; x_wconf 83' lang='lat' dir='ltr'><strong>iegibus</strong></span> <span class='ocrx_word' id='word_1_796' title='bbox 1699 4814 1761 4852; x_wconf 89' lang='lat' dir='ltr'><strong>ac</strong></span> <span class='ocrx_word' id='word_1_797' title='bbox 1786 4800 2037 4874; x_wconf 80' lang='lat' dir='ltr'><strong>domina-</strong></span> <span class='ocrx_word' id='word_1_798' title='bbox 2072 4820 2111 4874; x_wconf 76' lang='grc' dir='ltr'>υ</span> <span class='ocrx_word' id='word_1_799' title='bbox 2143 4800 2301 4866; x_wconf 87' lang='lat' dir='ltr'><strong>cujus</strong></span> <span class='ocrx_word' id='word_1_800' title='bbox 2341 4801 2549 4874; x_wconf 63' lang='lat' dir='ltr'><strong>obitum</strong></span> <span class='ocrx_word' id='word_1_801' title='bbox 2587 4801 2748 4853; x_wconf 90' lang='lat' dir='ltr'><strong>ambo</strong></span> <span class='ocrx_word' id='word_1_802' title='bbox 2791 4802 2985 4874; x_wconf 76' lang='lat' dir='ltr'><strong>fratres</strong></span> <span class='ocrx_word' id='word_1_803' title='bbox 3028 4801 3099 4852; x_wconf 88' lang='lat' dir='ltr'><strong>ita</strong></span> <span class='ocrx_word' id='word_1_804' title='bbox 3157 4801 3298 4852; x_wconf 80' lang='lat' dir='ltr'><strong>inter</strong></span> <span class='ocrx_word' id='word_1_805' title='bbox 3345 4814 3403 4874; x_wconf 79' lang='lat' dir='ltr'><strong>se</strong></span> <span class='ocrx_word' id='word_1_806' title='bbox 3445 4812 3716 4874; x_wconf 79' lang='lat' dir='ltr'><strong>convene-</strong></span> 
     </span>
    </p>
   </div>
   <div class='ocr_carea' id='block_1_110' title="bbox 460 4869 2037 4938">
    <p class='ocr_par' dir='ltr' id='par_1_110' title="bbox 460 4869 2037 4938">
     <span class='ocr_line' id='line_1_110' title="bbox 460 4869 2037 4938; baseline 0 -16"><span class='ocrx_word' id='word_1_807' title='bbox 460 4871 594 4923; x_wconf 93' lang='lat' dir='ltr'><strong>tioni</strong></span> <span class='ocrx_word' id='word_1_808' title='bbox 637 4869 947 4936; x_wconf 74' lang='lat' dir='ltr'><strong>subiacent.</strong></span> <span class='ocrx_word' id='word_1_809' title='bbox 1003 4870 1332 4924; x_wconf 84' lang='lat' dir='ltr'><strong>Praeviderat</strong></span> <span class='ocrx_word' id='word_1_810' title='bbox 1392 4871 1632 4938; x_wconf 81' lang='lat' dir='ltr'><strong>Spiritus</strong></span> <span class='ocrx_word' id='word_1_811' title='bbox 1679 4877 1906 4922; x_wconf 90' lang='lat' dir='ltr'><strong>sanctus</strong></span> <span class='ocrx_word' id='word_1_812' title='bbox 1952 4870 2037 4922; x_wconf 89' lang='lat' dir='ltr'><strong>di—</strong></span> 
     </span>
    </p>
   </div>
   <div class='ocr_carea' id='block_1_111' title="bbox 459 4939 2036 5009">
    <p class='ocr_par' dir='ltr' id='par_1_111' title="bbox 459 4939 2036 5009">
     <span class='ocr_line' id='line_1_111' title="bbox 459 4939 2036 5009; baseline 0.001 -19"><span class='ocrx_word' id='word_1_813' title='bbox 459 4941 692 4994; x_wconf 84' lang='lat' dir='ltr'><strong>vot‘tium</strong></span> <span class='ocrx_word' id='word_1_814' title='bbox 743 4940 874 4993; x_wconf 90' lang='lat' dir='ltr'><strong>illud</strong></span> <span class='ocrx_word' id='word_1_815' title='bbox 915 4942 1064 5009; x_wconf 86' lang='lat' dir='ltr'><strong>regni</strong></span> <span class='ocrx_word' id='word_1_816' title='bbox 1099 4955 1162 4992; x_wconf 89' lang='lat' dir='ltr'><strong>ac</strong></span> <span class='ocrx_word' id='word_1_817' title='bbox 1209 4940 1426 5009; x_wconf 92' lang='lat' dir='ltr'><strong>populi;</strong></span> <span class='ocrx_word' id='word_1_818' title='bbox 1459 4955 1582 4993; x_wconf 89' lang='lat' dir='ltr'><strong>cum</strong></span> <span class='ocrx_word' id='word_1_819' title='bbox 1613 4940 1714 4992; x_wconf 90' lang='lat' dir='ltr'><strong>sub</strong></span> <span class='ocrx_word' id='word_1_820' title='bbox 1761 4939 2036 4991; x_wconf 68' lang='lat' dir='ltr'><strong>ltohoamo</strong></span> 
     </span>
    </p>
   </div>
   <div class='ocr_carea' id='block_1_112' title="bbox 455 5008 2038 5079">
    <p class='ocr_par' dir='ltr' id='par_1_112' title="bbox 455 5008 2038 5079">
     <span class='ocr_line' id='line_1_112' title="bbox 455 5008 2038 5079; baseline -0.002 -16"><span class='ocrx_word' id='word_1_821' title='bbox 455 5012 548 5063; x_wconf 86' lang='lat' dir='ltr'><strong>alii</strong></span> <span class='ocrx_word' id='word_1_822' title='bbox 581 5009 865 5073; x_wconf 77' lang='lat' dir='ltr'><strong>lsraelitae;</strong></span> <span class='ocrx_word' id='word_1_823' title='bbox 903 5008 1014 5075; x_wconf 78' lang='lat' dir='ltr'><strong>alii,</strong></span> <span class='ocrx_word' id='word_1_824' title='bbox 1049 5008 1471 5079; x_wconf 68' lang='lat' dir='ltr'><strong>.lutlzepopulus</strong></span> <span class='ocrx_word' id='word_1_825' title='bbox 1506 5025 1566 5062; x_wconf 84' lang='lat' dir='ltr'><strong>ac</strong></span> <span class='ocrx_word' id='word_1_826' title='bbox 1602 5025 1825 5077; x_wconf 82' lang='lat' dir='ltr'><strong>regnum</strong></span> <span class='ocrx_word' id='word_1_827' title='bbox 1864 5009 2038 5061; x_wconf 88' lang='lat' dir='ltr'><strong>nomi-</strong></span> 
     </span>
    </p>
   </div>
   <div class='ocr_carea' id='block_1_113' title="bbox 457 5079 2035 5150">
    <p class='ocr_par' dir='ltr' id='par_1_113' title="bbox 457 5079 2035 5150">
     <span class='ocr_line' id='line_1_113' title="bbox 457 5079 2035 5150; baseline -0.001 -18"><span class='ocrx_word' id='word_1_828' title='bbox 457 5081 577 5133; x_wconf 88' lang='lat' dir='ltr'><strong>nari</strong></span> <span class='ocrx_word' id='word_1_829' title='bbox 636 5088 941 5149; x_wconf 73' lang='lat' dir='ltr'><strong>cmpernut.</strong></span> <span class='ocrx_word' id='word_1_830' title='bbox 1014 5080 1266 5150; x_wconf 3' lang='lat' dir='ltr'><strong>Noverat,</strong></span> <span class='ocrx_word' id='word_1_831' title='bbox 1314 5082 1382 5134; x_wconf 88' lang='lat' dir='ltr'><strong>ab</strong></span> <span class='ocrx_word' id='word_1_832' title='bbox 1441 5080 1682 5150; x_wconf 81' lang='lat' dir='ltr'><strong>Assyriis</strong></span> <span class='ocrx_word' id='word_1_833' title='bbox 1740 5079 2035 5148; x_wconf 79' lang='lat' dir='ltr'><strong>proﬂigan—</strong></span> 
     </span>
    </p>
   </div>
   <div class='ocr_carea' id='block_1_114' title="bbox 455 5149 2036 5218">
    <p class='ocr_par' dir='ltr' id='par_1_114' title="bbox 455 5149 2036 5218">
     <span class='ocr_line' id='line_1_114' title="bbox 455 5149 2036 5218; baseline 0 -15"><span class='ocrx_word' id='word_1_834' title='bbox 455 5153 585 5203; x_wconf 86' lang='lat' dir='ltr'><strong>dqu</strong></span> <span class='ocrx_word' id='word_1_835' title='bbox 661 5153 889 5205; x_wconf 87' lang='lat' dir='ltr'><strong>alterum</strong></span> <span class='ocrx_word' id='word_1_836' title='bbox 968 5151 1134 5214; x_wconf 90' lang='lat' dir='ltr'><strong>illud;</strong></span> <span class='ocrx_word' id='word_1_837' title='bbox 1207 5149 1342 5204; x_wconf 89' lang='lat' dir='ltr'><strong>adeo</strong></span> <span class='ocrx_word' id='word_1_838' title='bbox 1393 5158 1451 5203; x_wconf 91' lang='lat' dir='ltr'><strong>ut</strong></span> <span class='ocrx_word' id='word_1_839' title='bbox 1514 5149 1801 5218; x_wconf 86' lang='lat' dir='ltr'><strong>imperium</strong></span> <span class='ocrx_word' id='word_1_840' title='bbox 1859 5154 1927 5202; x_wconf 88' lang='lat' dir='ltr'><strong>ab</strong></span> <span class='ocrx_word' id='word_1_841' title='bbox 1972 5164 2036 5203; x_wconf 88' lang='lat' dir='ltr'><strong>eo</strong></span> 
     </span>
    </p>
   </div>
   <div class='ocr_carea' id='block_1_115' title="bbox 457 5219 2035 5288">
    <p class='ocr_par' dir='ltr' id='par_1_115' title="bbox 457 5219 2035 5288">
     <span class='ocr_line' id='line_1_115' title="bbox 457 5219 2035 5288; baseline 0 -16"><span class='ocrx_word' id='word_1_842' title='bbox 457 5237 682 5288; x_wconf 88' lang='lat' dir='ltr'><strong>prorsus</strong></span> <span class='ocrx_word' id='word_1_843' title='bbox 737 5225 1045 5275; x_wconf 84' lang='lat' dir='ltr'><strong>auferretur</strong></span> <span class='ocrx_word' id='word_1_844' title='bbox 1096 5237 1159 5274; x_wconf 91' lang='lat' dir='ltr'><strong>ac</strong></span> <span class='ocrx_word' id='word_1_845' title='bbox 1202 5221 1498 5283; x_wconf 87' lang='lat' dir='ltr'><strong>recederet,</strong></span> <span class='ocrx_word' id='word_1_846' title='bbox 1546 5237 1648 5274; x_wconf 87' lang='lat' dir='ltr'><strong>nec</strong></span> <span class='ocrx_word' id='word_1_847' title='bbox 1697 5234 1936 5288; x_wconf 85' lang='lat' dir='ltr'><strong>unquam</strong></span> <span class='ocrx_word' id='word_1_848' title='bbox 1982 5219 2035 5272; x_wconf 91' lang='lat' dir='ltr'><strong>in</strong></span> 
     </span>
    </p>
   </div>
   <div class='ocr_carea' id='block_1_116' title="bbox 457 5290 2032 5361">
    <p class='ocr_par' dir='ltr' id='par_1_116' title="bbox 457 5290 2032 5361">
     <span class='ocr_line' id='line_1_116' title="bbox 457 5290 2032 5361; baseline -0.002 -18"><span class='ocrx_word' id='word_1_849' title='bbox 457 5299 726 5361; x_wconf 81' lang='lat' dir='ltr'><strong>integrum</strong></span> <span class='ocrx_word' id='word_1_850' title='bbox 765 5292 1163 5346; x_wconf 81' lang='lat' dir='ltr'><strong>restitueretur.</strong></span> <span class='ocrx_word' id='word_1_851' title='bbox 1200 5291 1380 5355; x_wconf 86' lang='lat' dir='ltr'><strong>Quare</strong></span> <span class='ocrx_word' id='word_1_852' title='bbox 1420 5292 1486 5344; x_wconf 88' lang='lat' dir='ltr'><strong>ad</strong></span> <span class='ocrx_word' id='word_1_853' title='bbox 1524 5291 1685 5357; x_wconf 88' lang='lat' dir='ltr'><strong>hujus</strong></span> <span class='ocrx_word' id='word_1_854' title='bbox 1716 5290 2032 5361; x_wconf 86' lang='lat' dir='ltr'><strong>discrimen,</strong></span> 
     </span>
    </p>
   </div>
   <div class='ocr_carea' id='block_1_117' title="bbox 456 5360 2036 5430">
    <p class='ocr_par' dir='ltr' id='par_1_117' title="bbox 456 5360 2036 5430">
     <span class='ocr_line' id='line_1_117' title="bbox 456 5360 2036 5430; baseline 0.001 -20"><span class='ocrx_word' id='word_1_855' title='bbox 456 5362 523 5413; x_wconf 87' lang='lat' dir='ltr'><strong>de</strong></span> <span class='ocrx_word' id='word_1_856' title='bbox 567 5360 740 5415; x_wconf 82' lang='lat' dir='ltr'><strong>altera</strong></span> <span class='ocrx_word' id='word_1_857' title='bbox 793 5363 884 5415; x_wconf 89' lang='lat' dir='ltr'><strong>illa</strong></span> <span class='ocrx_word' id='word_1_858' title='bbox 935 5364 1087 5430; x_wconf 87' lang='lat' dir='ltr'><strong>regni</strong></span> <span class='ocrx_word' id='word_1_859' title='bbox 1147 5363 1440 5429; x_wconf 85' lang='lat' dir='ltr'><strong>populique</strong></span> <span class='ocrx_word' id='word_1_860' title='bbox 1491 5362 1760 5430; x_wconf 90' lang='lat' dir='ltr'><strong>portione,</strong></span> <span class='ocrx_word' id='word_1_861' title='bbox 1793 5375 1914 5428; x_wconf 69' lang='lat' dir='ltr'><strong>qua:</strong></span> <span class='ocrx_word' id='word_1_862' title='bbox 1967 5360 2036 5412; x_wconf 88' lang='lat' dir='ltr'><strong>ab</strong></span> 
     </span>
    </p>
   </div>
   <div class='ocr_carea' id='block_1_118' title="bbox 453 5430 2034 5502">
    <p class='ocr_par' dir='ltr' id='par_1_118' title="bbox 453 5430 2034 5502">
     <span class='ocr_line' id='line_1_118' title="bbox 453 5430 2034 5502; baseline 0.001 -22"><span class='ocrx_word' id='word_1_863' title='bbox 453 5430 593 5483; x_wconf 86' lang='lat' dir='ltr'><strong>.luda</strong></span> <span class='ocrx_word' id='word_1_864' title='bbox 634 5447 827 5502; x_wconf 89' lang='lat' dir='ltr'><strong>magna</strong></span> <span class='ocrx_word' id='word_1_865' title='bbox 861 5449 924 5486; x_wconf 79' lang='lat' dir='ltr'><strong>ex</strong></span> <span class='ocrx_word' id='word_1_866' title='bbox 972 5444 1126 5501; x_wconf 86' lang='lat' dir='ltr'><strong>parte</strong></span> <span class='ocrx_word' id='word_1_867' title='bbox 1165 5442 1312 5495; x_wconf 88' lang='lat' dir='ltr'><strong>nata,</strong></span> <span class='ocrx_word' id='word_1_868' title='bbox 1345 5440 1398 5485; x_wconf 88' lang='lat' dir='ltr'><strong>et</strong></span> <span class='ocrx_word' id='word_1_869' title='bbox 1439 5432 1507 5484; x_wconf 92' lang='lat' dir='ltr'><strong>ab</strong></span> <span class='ocrx_word' id='word_1_870' title='bbox 1548 5446 1612 5484; x_wconf 88' lang='lat' dir='ltr'><strong>eo</strong></span> <span class='ocrx_word' id='word_1_871' title='bbox 1651 5431 2034 5500; x_wconf 88' lang='lat' dir='ltr'><strong>cognominata</strong></span> 
     </span>
    </p>
   </div>
   <div class='ocr_carea' id='block_1_119' title="bbox 455 5502 2033 5571">
    <p class='ocr_par' dir='ltr' id='par_1_119' title="bbox 455 5502 2033 5571">
     <span class='ocr_line' id='line_1_119' title="bbox 455 5502 2033 5571; baseline -0.001 -21"><span class='ocrx_word' id='word_1_872' title='bbox 455 5507 561 5571; x_wconf 76' lang='lat' dir='ltr'><strong>est,</strong></span> <span class='ocrx_word' id='word_1_873' title='bbox 589 5509 644 5554; x_wconf 91' lang='lat' dir='ltr'><strong>et</strong></span> <span class='ocrx_word' id='word_1_874' title='bbox 677 5502 745 5571; x_wconf 74' lang='lat' dir='ltr'><strong>in</strong></span> <span class='ocrx_word' id='word_1_875' title='bbox 789 5505 910 5569; x_wconf 85' lang='lat' dir='ltr'><strong>ejus</strong></span> <span class='ocrx_word' id='word_1_876' title='bbox 947 5503 1153 5554; x_wconf 89' lang='lat' dir='ltr'><strong>ditione</strong></span> <span class='ocrx_word' id='word_1_877' title='bbox 1191 5517 1432 5571; x_wconf 83' lang='lat' dir='ltr'><strong>agroque</strong></span> <span class='ocrx_word' id='word_1_878' title='bbox 1470 5502 1755 5565; x_wconf 88' lang='lat' dir='ltr'><strong>collocata,</strong></span> <span class='ocrx_word' id='word_1_879' title='bbox 1788 5514 2033 5568; x_wconf 90' lang='lat' dir='ltr'><strong>pronun-</strong></span> 
     </span>
    </p>
   </div>
   <div class='ocr_carea' id='block_1_120' title="bbox 458 5569 2036 5639">
    <p class='ocr_par' dir='ltr' id='par_1_120' title="bbox 458 5569 2036 5639">
     <span class='ocr_line' id='line_1_120' title="bbox 458 5569 2036 5639; baseline 0.001 -18"><span class='ocrx_word' id='word_1_880' title='bbox 458 5569 649 5639; x_wconf 73' lang='lat' dir='ltr'><strong>tiavit?</strong></span> <span class='ocrx_word' id='word_1_881' title='bbox 674 5569 792 5624; x_wconf 88' lang='lat' dir='ltr'><strong>Non</strong></span> <span class='ocrx_word' id='word_1_882' title='bbox 815 5581 940 5625; x_wconf 90' lang='lat' dir='ltr'><strong>ante</strong></span> <span class='ocrx_word' id='word_1_883' title='bbox 973 5569 1309 5624; x_wconf 79' lang='lat' dir='ltr'><strong>recessuram</strong></span> <span class='ocrx_word' id='word_1_884' title='bbox 1332 5569 1400 5626; x_wconf 85' lang='lat' dir='ltr'><strong>ab</strong></span> <span class='ocrx_word' id='word_1_885' title='bbox 1427 5585 1488 5625; x_wconf 83' lang='lat' dir='ltr'><strong>ea</strong></span> <span class='ocrx_word' id='word_1_886' title='bbox 1521 5580 1840 5639; x_wconf 74' lang='lat' dir='ltr'><strong>potestatem</strong></span> <span class='ocrx_word' id='word_1_887' title='bbox 1875 5577 2036 5636; x_wconf 89' lang='lat' dir='ltr'><strong>atque</strong></span> 
     </span>
    </p>
   </div>
   <div class='ocr_carea' id='block_1_121' title="bbox 458 5636 2022 5710">
    <p class='ocr_par' dir='ltr' id='par_1_121' title="bbox 458 5636 2022 5710">
     <span class='ocr_line' id='line_1_121' title="bbox 458 5636 2022 5710; baseline 0.004 -24"><span class='ocrx_word' id='word_1_888' title='bbox 458 5636 858 5710; x_wconf 85' lang='lat' dir='ltr'><strong>imperium,ac</strong></span> <span class='ocrx_word' id='word_1_889' title='bbox 894 5643 1122 5708; x_wconf 89' lang='lat' dir='ltr'><strong>reipubl.</strong></span> <span class='ocrx_word' id='word_1_890' title='bbox 1161 5642 1413 5702; x_wconf 92' lang='lat' dir='ltr'><strong>formam,</strong></span> <span class='ocrx_word' id='word_1_891' title='bbox 1449 5636 1610 5710; x_wconf 72' lang='lat' dir='ltr'><strong>quam</strong></span> <span class='ocrx_word' id='word_1_892' title='bbox 1644 5641 1894 5693; x_wconf 87' lang='lat' dir='ltr'><strong>Christus</strong></span> <span class='ocrx_word' id='word_1_893' title='bbox 1925 5640 2022 5692; x_wconf 87' lang='lat' dir='ltr'><strong>ad-</strong></span> 
     </span>
    </p>
   </div>
   <div class='ocr_carea' id='block_1_122' title="bbox 460 5709 2020 5780">
    <p class='ocr_par' dir='ltr' id='par_1_122' title="bbox 460 5709 2020 5780">
     <span class='ocr_line' id='line_1_122' title="bbox 460 5709 2020 5780; baseline 0.004 -25"><span class='ocrx_word' id='word_1_894' title='bbox 460 5709 718 5780; x_wconf 83' lang='lat' dir='ltr'><strong>venisset.</strong></span> <span class='ocrx_word' id='word_1_895' title='bbox 750 5709 874 5762; x_wconf 76' lang='lat' dir='ltr'><strong>llaec</strong></span> <span class='ocrx_word' id='word_1_896' title='bbox 905 5712 1020 5780; x_wconf 89' lang='lat' dir='ltr'><strong>ipsa</strong></span> <span class='ocrx_word' id='word_1_897' title='bbox 1063 5711 1346 5778; x_wconf 91' lang='lat' dir='ltr'><strong>utriusque</strong></span> <span class='ocrx_word' id='word_1_898' title='bbox 1375 5709 1526 5780; x_wconf 86' lang='lat' dir='ltr'><strong>regni</strong></span> <span class='ocrx_word' id='word_1_899' title='bbox 1554 5715 1887 5779; x_wconf 81' lang='lat' dir='ltr'><strong>comparatio</strong></span> <span class='ocrx_word' id='word_1_900' title='bbox 1915 5725 2020 5780; x_wconf 86' lang='lat' dir='ltr'><strong>non</strong></span> 
     </span>
    </p>
   </div>
   <div class='ocr_carea' id='block_1_123' title="bbox 459 5777 2018 5847">
    <p class='ocr_par' dir='ltr' id='par_1_123' title="bbox 459 5777 2018 5847">
     <span class='ocr_line' id='line_1_123' title="bbox 459 5777 2018 5847; baseline 0.003 -21"><span class='ocrx_word' id='word_1_901' title='bbox 459 5777 805 5833; x_wconf 83' lang='lat' dir='ltr'><strong>mediocriter</strong></span> <span class='ocrx_word' id='word_1_902' title='bbox 837 5780 905 5833; x_wconf 84' lang='lat' dir='ltr'><strong>ad</strong></span> <span class='ocrx_word' id='word_1_903' title='bbox 929 5777 1322 5835; x_wconf 77' lang='lat' dir='ltr'><strong>illustrandum</strong></span> <span class='ocrx_word' id='word_1_904' title='bbox 1363 5777 1645 5836; x_wconf 76' lang='lat' dir='ltr'><strong>oraculum</strong></span> <span class='ocrx_word' id='word_1_905' title='bbox 1683 5777 1816 5834; x_wconf 87' lang='lat' dir='ltr'><strong>illud</strong></span> <span class='ocrx_word' id='word_1_906' title='bbox 1854 5779 2018 5847; x_wconf 87' lang='lat' dir='ltr'><strong>perti-</strong></span> 
     </span>
    </p>
   </div>
   <div class='ocr_carea' id='block_1_124' title="bbox 2143 4867 3715 4938">
    <p class='ocr_par' dir='ltr' id='par_1_124' title="bbox 2143 4867 3715 4938">
     <span class='ocr_line' id='line_1_124' title="bbox 2143 4867 3715 4938; baseline -0.001 -17"><span class='ocrx_word' id='word_1_907' title='bbox 2143 4877 2291 4930; x_wconf 71' lang='lat' dir='ltr'><strong>runt,</strong></span> <span class='ocrx_word' id='word_1_908' title='bbox 2318 4880 2376 4922; x_wconf 93' lang='lat' dir='ltr'><strong>ut</strong></span> <span class='ocrx_word' id='word_1_909' title='bbox 2401 4868 2686 4936; x_wconf 80' lang='lat' dir='ltr'><strong>Hyrcanus</strong></span> <span class='ocrx_word' id='word_1_910' title='bbox 2710 4872 3085 4938; x_wconf 85' lang='lat' dir='ltr'><strong>pontificatum</strong></span> <span class='ocrx_word' id='word_1_911' title='bbox 3117 4876 3345 4922; x_wconf 84' lang='lat' dir='ltr'><strong>teneret.</strong></span> <span class='ocrx_word' id='word_1_912' title='bbox 3368 4867 3715 4921; x_wconf 81' lang='lat' dir='ltr'><strong>Aristobulus</strong></span> 
     </span>
    </p>
   </div>
   <div class='ocr_carea' id='block_1_125' title="bbox 2143 4939 3712 5008">
    <p class='ocr_par' dir='ltr' id='par_1_125' title="bbox 2143 4939 3712 5008">
     <span class='ocr_line' id='line_1_125' title="bbox 2143 4939 3712 5008; baseline -0.003 -16"><span class='ocrx_word' id='word_1_913' title='bbox 2143 4955 2391 5008; x_wconf 83' lang='lat' dir='ltr'><strong>regnum.</strong></span> <span class='ocrx_word' id='word_1_914' title='bbox 2422 4939 2693 4992; x_wconf 88' lang='lat' dir='ltr'><strong>llircanus</strong></span> <span class='ocrx_word' id='word_1_915' title='bbox 2719 4957 2992 4994; x_wconf 87' lang='lat' dir='ltr'><strong>summum</strong></span> <span class='ocrx_word' id='word_1_916' title='bbox 3022 4941 3388 4993; x_wconf 87' lang='lat' dir='ltr'><strong>sacerdotium</strong></span> <span class='ocrx_word' id='word_1_917' title='bbox 3421 4940 3539 4990; x_wconf 91' lang='lat' dir='ltr'><strong>iniit</strong></span> <span class='ocrx_word' id='word_1_918' title='bbox 3569 4954 3712 4990; x_wconf 83' lang='lat' dir='ltr'><strong>coss.</strong></span> 
     </span>
    </p>
   </div>
   <div class='ocr_carea' id='block_1_126' title="bbox 2145 5009 3710 5078">
    <p class='ocr_par' dir='ltr' id='par_1_126' title="bbox 2145 5009 3710 5078">
     <span class='ocr_line' id='line_1_126' title="bbox 2145 5009 3710 5078; baseline -0.001 -17"><span class='ocrx_word' id='word_1_919' title='bbox 2145 5009 2457 5069; x_wconf 86' lang='lat' dir='ltr'><strong>Hortensio,</strong></span> <span class='ocrx_word' id='word_1_920' title='bbox 2489 5017 2542 5063; x_wconf 93' lang='lat' dir='ltr'><strong>et</strong></span> <span class='ocrx_word' id='word_1_921' title='bbox 2576 5011 2789 5064; x_wconf 89' lang='lat' dir='ltr'><strong>Metello</strong></span> <span class='ocrx_word' id='word_1_922' title='bbox 2814 5027 2826 5062; x_wconf 92' lang='lat'>:</span> <span class='ocrx_word' id='word_1_923' title='bbox 2856 5009 2949 5078; x_wconf 91' lang='lat' dir='ltr'><strong>qui</strong></span> <span class='ocrx_word' id='word_1_924' title='bbox 2978 5019 3062 5063; x_wconf 86' lang='lat' dir='ltr'><strong>est</strong></span> <span class='ocrx_word' id='word_1_925' title='bbox 3097 5025 3274 5063; x_wconf 90' lang='lat' dir='ltr'><strong>anuus</strong></span> <span class='ocrx_word' id='word_1_926' title='bbox 3307 5010 3458 5062; x_wconf 88' lang='lat' dir='ltr'><strong>urbis</strong></span> <span class='ocrx_word' id='word_1_927' title='bbox 3517 5023 3710 5060; x_wconf 80' lang='lat' dir='ltr'><strong>ncxxv.</strong></span> 
     </span>
    </p>
   </div>
   <div class='ocr_carea' id='block_1_127' title="bbox 2146 5079 3714 5150">
    <p class='ocr_par' dir='ltr' id='par_1_127' title="bbox 2146 5079 3714 5150">
     <span class='ocr_line' id='line_1_127' title="bbox 2146 5079 3714 5150; baseline -0.001 -19"><span class='ocrx_word' id='word_1_928' title='bbox 2146 5079 2202 5131; x_wconf 93' lang='lat' dir='ltr'><strong>In</strong></span> <span class='ocrx_word' id='word_1_929' title='bbox 2235 5096 2394 5147; x_wconf 91' lang='lat' dir='ltr'><strong>quem</strong></span> <span class='ocrx_word' id='word_1_930' title='bbox 2428 5080 2555 5132; x_wconf 87' lang='lat' dir='ltr'><strong>anni</strong></span> <span class='ocrx_word' id='word_1_931' title='bbox 2587 5080 2663 5132; x_wconf 90' lang='lat' dir='ltr'><strong>illi</strong></span> <span class='ocrx_word' id='word_1_932' title='bbox 2691 5096 2754 5133; x_wconf 84' lang='lat' dir='ltr'><strong>ex</strong></span> <span class='ocrx_word' id='word_1_933' title='bbox 2788 5079 3027 5148; x_wconf 83' lang='lat' dir='ltr'><strong>Josepho</strong></span> <span class='ocrx_word' id='word_1_934' title='bbox 3058 5080 3375 5150; x_wconf 78' lang='lat' dir='ltr'><strong>singillatim</strong></span> <span class='ocrx_word' id='word_1_935' title='bbox 3409 5079 3714 5150; x_wconf 80' lang='lat' dir='ltr'><strong>enumerati</strong></span> 
     </span>
    </p>
   </div>
   <div class='ocr_carea' id='block_1_128' title="bbox 2144 5147 3715 5213">
    <p class='ocr_par' dir='ltr' id='par_1_128' title="bbox 2144 5147 3715 5213">
     <span class='ocr_line' id='line_1_128' title="bbox 2144 5147 3715 5213; baseline -0.002 -11"><span class='ocrx_word' id='word_1_936' title='bbox 2144 5150 2414 5213; x_wconf 83' lang='lat' dir='ltr'><strong>incidunt,</strong></span> <span class='ocrx_word' id='word_1_937' title='bbox 2448 5151 2494 5202; x_wconf 92' lang='lat' dir='ltr'><strong>si</strong></span> <span class='ocrx_word' id='word_1_938' title='bbox 2531 5165 2698 5202; x_wconf 92' lang='lat' dir='ltr'><strong>unum</strong></span> <span class='ocrx_word' id='word_1_939' title='bbox 2725 5147 2990 5203; x_wconf 78' lang='lat' dir='ltr'><strong>duntaxat</strong></span> <span class='ocrx_word' id='word_1_940' title='bbox 3019 5165 3085 5203; x_wconf 76' lang='lat' dir='ltr'><strong>ex</strong></span> <span class='ocrx_word' id='word_1_941' title='bbox 3128 5147 3192 5204; x_wconf 69' lang='lat' dir='ltr'><strong>iis</strong></span> <span class='ocrx_word' id='word_1_942' title='bbox 3218 5150 3530 5203; x_wconf 87' lang='lat' dir='ltr'><strong>inchoatum</strong></span> <span class='ocrx_word' id='word_1_943' title='bbox 3567 5147 3680 5200; x_wconf 87' lang='lat' dir='ltr'><strong>acci</strong></span> <span class='ocrx_word' id='word_1_944' title='bbox 3702 5175 3715 5184; x_wconf 93' lang='lat'><strong>-</strong></span> 
     </span>
    </p>
   </div>
   <div class='ocr_carea' id='block_1_129' title="bbox 2145 5219 3715 5288">
    <p class='ocr_par' dir='ltr' id='par_1_129' title="bbox 2145 5219 3715 5288">
     <span class='ocr_line' id='line_1_129' title="bbox 2145 5219 3715 5288; baseline 0 -18"><span class='ocrx_word' id='word_1_945' title='bbox 2145 5220 2285 5288; x_wconf 90' lang='lat' dir='ltr'><strong>pias.</strong></span> <span class='ocrx_word' id='word_1_946' title='bbox 2312 5219 2406 5274; x_wconf 87' lang='lat' dir='ltr'><strong>Est</strong></span> <span class='ocrx_word' id='word_1_947' title='bbox 2444 5220 2533 5273; x_wconf 91' lang='lat' dir='ltr'><strong>hic</strong></span> <span class='ocrx_word' id='word_1_948' title='bbox 2559 5235 2738 5272; x_wconf 86' lang='lat' dir='ltr'><strong>annus</strong></span> <span class='ocrx_word' id='word_1_949' title='bbox 2773 5236 2888 5288; x_wconf 92' lang='lat' dir='ltr'><strong>per.</strong></span> <span class='ocrx_word' id='word_1_950' title='bbox 2925 5219 3158 5275; x_wconf 64' lang='lat' dir='ltr'><strong>Julianaa</strong></span> <span class='ocrx_word' id='word_1_951' title='bbox 3201 5233 3556 5278; x_wconf 66' lang='lat' dir='ltr'><strong>auulocxu,</strong></span> <span class='ocrx_word' id='word_1_952' title='bbox 3589 5227 3715 5288; x_wconf 82' lang='lat' dir='ltr'><strong>ante</strong></span> 
     </span>
    </p>
   </div>
   <div class='ocr_carea' id='block_1_130' title="bbox 2141 5287 3715 5361">
    <p class='ocr_par' dir='ltr' id='par_1_130' title="bbox 2141 5287 3715 5361">
     <span class='ocr_line' id='line_1_130' title="bbox 2141 5287 3715 5361; baseline -0.002 -21"><span class='ocrx_word' id='word_1_953' title='bbox 2141 5287 2420 5360; x_wconf 77' lang='lat' dir='ltr'><strong>vulgarem</strong></span> <span class='ocrx_word' id='word_1_954' title='bbox 2450 5292 2660 5361; x_wconf 70' lang='lat' dir='ltr'><strong>Christi</strong></span> <span class='ocrx_word' id='word_1_955' title='bbox 2701 5287 2936 5345; x_wconf 82' lang='lat' dir='ltr'><strong>natalem</strong></span> <span class='ocrx_word' id='word_1_956' title='bbox 2970 5292 3060 5353; x_wconf 86' lang='lat'><strong>68,</strong></span> <span class='ocrx_word' id='word_1_957' title='bbox 3105 5293 3333 5361; x_wconf 85' lang='lat' dir='ltr'><strong>Augusti</strong></span> <span class='ocrx_word' id='word_1_958' title='bbox 3386 5302 3562 5361; x_wconf 83' lang='lat' dir='ltr'><strong>annus</strong></span> <span class='ocrx_word' id='word_1_959' title='bbox 3603 5287 3715 5355; x_wconf 92' lang='lat' dir='ltr'><strong>pri-</strong></span> 
     </span>
    </p>
   </div>
   <div class='ocr_carea' id='block_1_131' title="bbox 2143 5358 3714 5421">
    <p class='ocr_par' dir='ltr' id='par_1_131' title="bbox 2143 5358 3714 5421">
     <span class='ocr_line' id='line_1_131' title="bbox 2143 5358 3714 5421; baseline -0.003 -11"><span class='ocrx_word' id='word_1_960' title='bbox 2143 5358 2284 5421; x_wconf 76' lang='lat' dir='ltr'><strong>mus,</strong></span> <span class='ocrx_word' id='word_1_961' title='bbox 2314 5361 2359 5414; x_wconf 90' lang='lat' dir='ltr'><strong>si</strong></span> <span class='ocrx_word' id='word_1_962' title='bbox 2387 5376 2415 5413; x_wconf 93' lang='lat' dir='ltr'><strong>a</strong></span> <span class='ocrx_word' id='word_1_963' title='bbox 2441 5360 2568 5414; x_wconf 80' lang='lat' dir='ltr'><strong>Julii</strong></span> <span class='ocrx_word' id='word_1_964' title='bbox 2594 5360 2830 5415; x_wconf 66' lang='lat' dir='ltr'><strong>Caesaris</strong></span> <span class='ocrx_word' id='word_1_965' title='bbox 2859 5376 2992 5415; x_wconf 89' lang='lat' dir='ltr'><strong>nece</strong></span> <span class='ocrx_word' id='word_1_966' title='bbox 3018 5358 3324 5419; x_wconf 69' lang='lat' dir='ltr'><strong>inchoatur,</strong></span> <span class='ocrx_word' id='word_1_967' title='bbox 3350 5358 3546 5412; x_wconf 89' lang='lat' dir='ltr'><strong>accidit</strong></span> <span class='ocrx_word' id='word_1_968' title='bbox 3571 5370 3714 5407; x_wconf 89' lang='lat' dir='ltr'><strong>anno</strong></span> 
     </span>
    </p>
   </div>
   <div class='ocr_carea' id='block_1_132' title="bbox 2143 5425 3712 5500">
    <p class='ocr_par' dir='ltr' id='par_1_132' title="bbox 2143 5425 3712 5500">
     <span class='ocr_line' id='line_1_132' title="bbox 2143 5425 3712 5500; baseline -0.003 -18"><span class='ocrx_word' id='word_1_969' title='bbox 2143 5428 2305 5483; x_wconf 89' lang='lat' dir='ltr'><strong>Urbis</strong></span> <span class='ocrx_word' id='word_1_970' title='bbox 2341 5446 2496 5492; x_wconf 77' lang='lat' dir='ltr'><strong>occx,</strong></span> <span class='ocrx_word' id='word_1_971' title='bbox 2546 5432 2755 5500; x_wconf 88' lang='lat' dir='ltr'><strong>periodi</strong></span> <span class='ocrx_word' id='word_1_972' title='bbox 2798 5431 3030 5486; x_wconf 67' lang='lat' dir='ltr'><strong>Iuliana:</strong></span> <span class='ocrx_word' id='word_1_973' title='bbox 3075 5445 3427 5485; x_wconf 68' lang='grc' dir='ltr'>ιιιιιιιιιιοωιι.</span> <span class='ocrx_word' id='word_1_974' title='bbox 3482 5425 3712 5480; x_wconf 89' lang='lat' dir='ltr'><strong>Herodis</strong></span> 
     </span>
    </p>
   </div>
   <div class='ocr_carea' id='block_1_133' title="bbox 2140 5501 3712 5574">
    <p class='ocr_par' dir='ltr' id='par_1_133' title="bbox 2140 5501 3712 5574">
     <span class='ocr_line' id='line_1_133' title="bbox 2140 5501 3712 5574; baseline -0.006 -17"><span class='ocrx_word' id='word_1_975' title='bbox 2140 5514 2273 5553; x_wconf 71' lang='lat' dir='ltr'><strong>vero</strong></span> <span class='ocrx_word' id='word_1_976' title='bbox 2303 5505 2532 5574; x_wconf 84' lang='lat' dir='ltr'><strong>primus,</strong></span> <span class='ocrx_word' id='word_1_977' title='bbox 2566 5516 2678 5570; x_wconf 76' lang='lat' dir='ltr'><strong>quo</strong></span> <span class='ocrx_word' id='word_1_978' title='bbox 2709 5503 2916 5557; x_wconf 91' lang='lat' dir='ltr'><strong>scilicet</strong></span> <span class='ocrx_word' id='word_1_979' title='bbox 2948 5518 3176 5570; x_wconf 85' lang='lat' dir='ltr'><strong>regnum</strong></span> <span class='ocrx_word' id='word_1_980' title='bbox 3215 5501 3712 5574; x_wconf 75' lang='lat' dir='ltr'><strong>a_Ror_nan_i_s_con-</strong></span> 
     </span>
    </p>
   </div>
   <div class='ocr_carea' id='block_1_134' title="bbox 2142 5566 3711 5628">
    <p class='ocr_par' dir='ltr' id='par_1_134' title="bbox 2142 5566 3711 5628">
     <span class='ocr_line' id='line_1_134' title="bbox 2142 5566 3711 5628; baseline -0.004 -6"><span class='ocrx_word' id='word_1_981' title='bbox 2142 5566 2364 5624; x_wconf 75' lang='lat' dir='ltr'><strong>secutus</strong></span> <span class='ocrx_word' id='word_1_982' title='bbox 2385 5579 2486 5628; x_wconf 80' lang='lat' dir='ltr'><strong>est.</strong></span> <span class='ocrx_word' id='word_1_983' title='bbox 2515 5566 2745 5625; x_wconf 71' lang='lat' dir='ltr'><strong>incurrit</strong></span> <span class='ocrx_word' id='word_1_984' title='bbox 2775 5575 2827 5625; x_wconf 92' lang='lat' dir='ltr'><strong>in</strong></span> <span class='ocrx_word' id='word_1_985' title='bbox 2859 5566 3206 5626; x_wconf 79' lang='lat' dir='ltr'><strong>consulatum</strong></span> <span class='ocrx_word' id='word_1_986' title='bbox 3238 5569 3452 5622; x_wconf 91' lang='lat' dir='ltr'><strong>Domitii</strong></span> <span class='ocrx_word' id='word_1_987' title='bbox 3477 5566 3711 5628; x_wconf 84' lang='lat' dir='ltr'><strong>Calvini,</strong></span> 
     </span>
    </p>
   </div>
   <div class='ocr_carea' id='block_1_135' title="bbox 2129 5639 3710 5712">
    <p class='ocr_par' dir='ltr' id='par_1_135' title="bbox 2129 5639 3710 5712">
     <span class='ocr_line' id='line_1_135' title="bbox 2129 5639 3710 5712; baseline 0.004 -20"><span class='ocrx_word' id='word_1_988' title='bbox 2129 5648 2182 5692; x_wconf 91' lang='lat' dir='ltr'><strong>et</strong></span> <span class='ocrx_word' id='word_1_989' title='bbox 2226 5643 2396 5712; x_wconf 82' lang='lat' dir='ltr'><strong>Asinii</strong></span> <span class='ocrx_word' id='word_1_990' title='bbox 2420 5639 2707 5702; x_wconf 86' lang='lat' dir='ltr'><strong>Pollionis,</strong></span> <span class='ocrx_word' id='word_1_991' title='bbox 2735 5644 2824 5712; x_wconf 89' lang='lat' dir='ltr'><strong>qui</strong></span> <span class='ocrx_word' id='word_1_992' title='bbox 2855 5652 2940 5697; x_wconf 91' lang='lat' dir='ltr'><strong>est</strong></span> <span class='ocrx_word' id='word_1_993' title='bbox 2974 5644 3042 5695; x_wconf 90' lang='lat' dir='ltr'><strong>ab</strong></span> <span class='ocrx_word' id='word_1_994' title='bbox 3074 5641 3220 5695; x_wconf 91' lang='lat' dir='ltr'><strong>Urbe</strong></span> <span class='ocrx_word' id='word_1_995' title='bbox 3248 5639 3468 5712; x_wconf 72' lang='lat' dir='ltr'><strong>condita</strong></span> <span class='ocrx_word' id='word_1_996' title='bbox 3498 5651 3710 5712; x_wconf 68' lang='lat' dir='ltr'><strong>DCCMVr</strong></span> 
     </span>
    </p>
   </div>
   <div class='ocr_carea' id='block_1_136' title="bbox 2131 5709 3711 5777">
    <p class='ocr_par' dir='ltr' id='par_1_136' title="bbox 2131 5709 3711 5777">
     <span class='ocr_line' id='line_1_136' title="bbox 2131 5709 3711 5777; baseline -0.004 -16"><span class='ocrx_word' id='word_1_997' title='bbox 2131 5710 2340 5776; x_wconf 88' lang='lat' dir='ltr'><strong>period.</strong></span> <span class='ocrx_word' id='word_1_998' title='bbox 2370 5709 2574 5766; x_wconf 74' lang='lat' dir='ltr'><strong>Julian.</strong></span> <span class='ocrx_word' id='word_1_999' title='bbox 2597 5709 3010 5771; x_wconf 68' lang='lat' dir='ltr'><strong>unitubcuxrv.</strong></span> <span class='ocrx_word' id='word_1_1000' title='bbox 3030 5717 3165 5775; x_wconf 88' lang='lat' dir='ltr'><strong>sive,</strong></span> <span class='ocrx_word' id='word_1_1001' title='bbox 3196 5720 3254 5763; x_wconf 91' lang='lat' dir='ltr'><strong>ut</strong></span> <span class='ocrx_word' id='word_1_1002' title='bbox 3286 5711 3373 5762; x_wconf 90' lang='lat' dir='ltr'><strong>alii</strong></span> <span class='ocrx_word' id='word_1_1003' title='bbox 3400 5710 3633 5777; x_wconf 84' lang='lat' dir='ltr'><strong>Agrippa</strong></span> <span class='ocrx_word' id='word_1_1004' title='bbox 3657 5717 3711 5756; x_wconf 78' lang='lat' dir='ltr'><strong>et</strong></span> 
     </span>
    </p>
   </div>
   <div class='ocr_carea' id='block_1_137' title="bbox 2126 5780 3713 5851">
    <p class='ocr_par' dir='ltr' id='par_1_137' title="bbox 2126 5780 3713 5851">
     <span class='ocr_line' id='line_1_137' title="bbox 2126 5780 3713 5851; baseline 0.005 -18"><span class='ocrx_word' id='word_1_1005' title='bbox 2126 5780 2353 5835; x_wconf 86' lang='lat' dir='ltr'><strong>Caninio</strong></span> <span class='ocrx_word' id='word_1_1006' title='bbox 2375 5783 2520 5840; x_wconf 86' lang='lat' dir='ltr'><strong>co‘ss.</strong></span> <span class='ocrx_word' id='word_1_1007' title='bbox 2535 5799 2643 5851; x_wconf 90' lang='lat' dir='ltr'><strong>quo</strong></span> <span class='ocrx_word' id='word_1_1008' title='bbox 2662 5799 2805 5837; x_wconf 91' lang='lat' dir='ltr'><strong>anno</strong></span> <span class='ocrx_word' id='word_1_1009' title='bbox 2824 5784 3044 5850; x_wconf 79' lang='lat' dir='ltr'><strong>parilice</strong></span> <span class='ocrx_word' id='word_1_1010' title='bbox 3062 5797 3283 5851; x_wconf 81' lang='lat' dir='ltr'><strong>regnare</strong></span> <span class='ocrx_word' id='word_1_1011' title='bbox 3302 5780 3713 5848; x_wconf 58' lang='lat' dir='ltr'><strong>coeptuestque:</strong></span> 
     </span>
    </p>
   </div>
  </div>
