4170 6372
463 344 565 399 ’595

1834 339 1891 394 S.
1934 337 2281 395 EPIPHANII

3611 351 3723 412 386

462 468 587 535 iuge
616 464 790 519 illius:
816 463 871 518 id
901 462 1046 533 quod
1075 461 1327 532 pluribus
1355 460 1489 516 locis
1520 475 1549 513 a
1585 474 1671 515 me
1700 474 2019 516 commemo-

2141 462 2207 514 ἐκ
2258 462 2515 530 γυναικὸς
2557 464 2650 518 τοῦ
2701 465 2918 538 Ἰωσὴφ,
2968 467 3067 521 οὐκ
3106 469 3214 523 ἀπὸ
3245 470 3483 542 Μαρίας,
3514 473 3589 537 ὡς
3622 477 3720 531 καὶ

462 566 640 611 natum
676 565 780 620 est,
815 554 1271 623 manifestiusque
1298 553 1655 622 disputatum.
1702 552 1844 619 Quin
1872 554 2037 608 etiam

461 666 492 703 θ
544 646 764 703 Davidis
813 663 1012 717 genere
1062 655 1423 717 propagatum
1492 646 1642 698 illum
1709 646 2034 716 reperimus,

461 751 648 813 utpote
668 740 889 811 Iosephi
918 740 1108 803 ﬁlium,
1128 738 1492 807 eumdemque
1513 737 1831 792 Nazarazum
1858 757 1873 792 :
1908 754 2031 793 nam

458 834 683 905 Josephi
717 834 1015 888 liberorum
1048 831 1137 884 hic
1165 831 1398 898 primus,
1431 844 1495 884 ac
1525 837 1882 885 consecratus
1910 830 2031 885 fuit.

459 928 573 982 lmo
611 935 663 981 et
714 924 973 979 sacerdos
1019 938 1086 977 ex
1122 921 1325 977 veteris
1382 920 1527 974 illius
1578 922 1685 973 ritu
1742 918 2038 975 sacerdotii

461 1020 633 1075 fuisse
676 1017 1012 1088 perhibetur.
1048 1014 1415 1080 Quamobrem
1447 1014 1613 1067 semel
1657 1012 1706 1066 ei
1740 1011 2036 1081 quotannis

462 1116 516 1169 in
558 1111 761 1167 Sancta
786 1118 1098 1165 sanctorum
1132 1122 1452 1159 concessum
1482 1114 1566 1160 est
1590 1105 1822 1175 ingredi,
1846 1120 2037 1175 quem-

459 1204 753 1261 admodum
813 1200 1041 1256 summis
1111 1196 1488 1252 sacerdotibus
1560 1196 1677 1265 lege
1723 1212 1846 1251 esse
1895 1212 2027 1266 prae-

460 1296 725 1364 scriptum
758 1308 788 1346 e
822 1290 996 1346 sacris
1033 1288 1255 1342 Litteris
1291 1288 1603 1342 didicimus.
1640 1288 1795 1353 Quod
1816 1288 2034 1356 quidem

456 1386 525 1443 de
561 1385 767 1440 Jacobo
802 1383 1047 1452 plerique
1067 1389 1193 1436 ante
1215 1395 1317 1435 nos
1349 1380 1624 1435 memoriae
1646 1380 2031 1449 prodiderunt,

459 1488 520 1534 ut
554 1478 849 1541 Eusebius,
889 1474 1164 1536 Clemens,
1196 1480 1250 1528 et
1285 1472 1398 1526 alii.
1437 1471 1543 1527 Sed
1569 1481 1621 1526 et
1654 1473 1927 1526 bracteam
1952 1473 2033 1526 ei-

456 1571 577 1625 dem
608 1571 662 1623 in
694 1569 872 1638 capite
905 1575 1121 1637 gestare
1151 1564 1392 1626 licuisse,
1422 1579 1560 1633 quos
1581 1564 1827 1633 proxime
1859 1563 2034 1616 nomi-

455 1662 580 1718 navi
615 1660 794 1715 idonei
838 1660 1137 1727 scriptores
1166 1654 1580 1711 commentariis
1625 1654 1740 1708 suis
1772 1660 2029 1708 testatum

454 1757 815 1826 reliquerunt.
852 1751 1118 1817 Quocirca
1154 1748 1435 1811 sacerdos,
1459 1748 1537 1799 uti
1577 1745 1839 1811 diximus,
1870 1744 2030 1800 Jesus

2142 553 2221 615 εἰς
2259 553 2486 617 πολλοὺς
2534 557 2732 620 τόπους
2771 559 2928 612 τοῦτο
2958 562 3092 631 ἡμῖν
3135 561 3366 630 εἴρηται,
3406 566 3498 617 καὶ
3546 569 3716 636 σαφέ-

2142 658 2331 714 στερον
2360 646 2493 714 ἡμῖν
2530 649 3036 717 πεπραγμάτευται.
3082 651 3240 704 ’Λλλὰ
3272 654 3363 705 καὶ
3392 655 3718 725 εὑρίσκοτειην

2140 734 2304 787 αὐτὸν
2336 737 2399 787 ἐκ
2433 736 2527 788 τοῦ
2563 738 2726 791 Δαϐὶδ
2758 740 2908 806 ὄντα,
2934 740 3021 793 διὰ
3039 742 3129 793 τὸν
3156 743 3268 795 υἱὸν
3295 739 3433 797 εἷναι
3457 748 3553 800 τοῦ
3606 750 3716 803 Ἰω-

2141 824 2248 894 σὴφ
2292 826 2613 896 Ναζωραῖον
2654 831 2965 899 γενόμενον.
2998 828 3237 906 ’Ἦν-γὰρ
3272 839 3612 909 πρωτότοκος
3639 842 3715 913 τῷ

2152 915 2370 986 Ἰωσὴφ,
2406 920 2500 971 καὶ
2550 922 2898 991 ήγιασμένος.
2944 926 3062 977 Ἔτι
3109 926 3165 977 δὲ
3206 928 3297 979 καὶ
3330 931 3717 999 ἱερατεύσαντα

2140 1005 2300 1057 αὐτὸν
2331 1006 2404 1075 (4)
2436 1008 2574 1062 κατὰ
2604 1012 2703 1080 τὴν
2750 1013 2983 1067 παλαιὰν
3017 1015 3314 1087 ἱερωσύνην
3341 1019 3593 1091 εὕρομεν.
3625 1024 3718 1077 Διὸ

2138 1098 2231 1151 καὶ
2271 1100 2462 1169 ἠφίετο
2509 1104 2656 1175 αὐτῷ
2703 1106 2851 1171 ἅπαξ
2883 1107 2974 1159 τοῦ
3021 1110 3266 1161 ἐνιαυτοῦ
3315 1114 3395 1175 εἰς
3435 1114 3503 1166 τὰ
3550 1115 3717 1184 ’Ἅγια

2136 1188 2244 1242 τῶν
2283 1191 2452 1257 ἁγίων
2487 1194 2736 1260 εἰσιέναι,
2778 1195 2853 1258 ὼς
2887 1199 2998 1260 τοῖς
3040 1197 3383 1268 ἀρχιερεῦσιν
3434 1202 3718 1255 ἐκέλευσεν

2135 1280 2163 1331 ὁ
2193 1280 2373 1350 νόμος,
2409 1283 2553 1335 κατὰ
2584 1284 2641 1336 τὸ
2674 1287 3076 1356 γεγραμμένον.
3109 1287 3265 1341 Οὕτω
3286 1289 3392 1361 γὰρ
3428 1292 3719 1364 ἱστόρησαν

2136 1370 2320 1423 πολλοὶ
2364 1374 2469 1442 πρὸ
2498 1374 2657 1444 ἡμῶν
2686 1378 2817 1447 περὶ
2858 1377 3041 1442 αὐτοῦ,
3072 1379 3330 1443 Εὐσέϐιος
3361 1399 3417 1434 τε
3448 1383 3539 1437 καὶ
3576 1372 3715 1454 Κλή-

2137 1479 2266 1531 μης,
2304 1465 2395 1517 καὶ
2442 1465 2611 1518 ἄλλοι.
2674 1467 2834 1521 Ἀλλὰ
2867 1469 2959 1521 καὶ
2990 1470 3049 1521 τὸ
3099 1471 3329 1525 πέταλον
3366 1474 3457 1526 ἐπὶ
3489 1476 3588 1546 τῆς
3626 1494 3714 1528 γε·

2136 1555 2309 1625 φαλῆς
2358 1556 2486 1627 ἐξῆν
2531 1558 2679 1628 αὐτῷ
2732 1560 2938 1631 φέρειν,
2995 1561 3177 1626 καθὼς
3227 1566 3275 1617 οἱ
3329 1568 3717 1637 προειρημένοι

2134 1643 2437 1709 ἀξιόπιστοι
2507 1647 2697 1718 ἄνδρες
2771 1652 2828 1703 ὲν
2885 1654 2996 1714 τοῖς
3060 1653 3150 1705 ὑπ’
3211 1655 3392 1708 αὐτῶν
3467 1659 3711 1731 ὑπομνη-

2138 1741 2428 1808 ματισμοῖς
2476 1741 2880 1814 ἐμαρτύρησαν.
2944 1745 3141 1815 Ἰερεὺς
3180 1748 3377 1812 τοίνυν,
3420 1750 3495 1815 ὡς
3553 1753 3711 1824 ἔφην,

452 1818 707 1904 Christus
731 1844 997 1898 Dominus
1030 1849 1219 1896 noster
1258 1840 1312 1893 in
1359 1847 1623 1893 :etcrnum
1668 1836 1791 1901 fuit,
1828 1854 2019 1893 secun-

2136 1826 2163 1875 ὁ
2196 1826 2398 1896 Κύριος
2435 1829 2593 1897 ἡμῶν
2652 1830 2856 1901 Ἰησοῦς
2889 1833 3121 1903 Χριστὸς
3153 1837 3233 1898 εἰς
3263 1837 3353 1890 τὸν
3379 1839 3547 1893 αἰῶνα
3573 1818 3714 1897 κατὰ
3767 1885 3770 1887 .

452 1941 582 1995 dum
613 1935 863 1993 ordinem
883 1931 1245 1986 Melchisedec
1272 1931 1311 1993 ¹,
1336 1928 1586 1998 idemque
1605 1942 1699 1981 rex
1727 1928 2028 1984 secundum

454 2028 797 2100 superiorem
825 2038 890 2078 ac
913 2023 1192 2078 caelestem
1224 2020 1493 2083 ordinem,
1524 2029 1582 2073 ut
1613 2036 1719 2073 una
1752 2036 1876 2075 cum
1913 2023 2029 2093 lege

452 2118 820 2177 sacerdotium
856 2112 1198 2169 transferret.
1241 2111 1367 2165 Fuit
1397 2126 1528 2166 vero
1568 2118 1788 2181 pr0pter
1821 2112 1881 2167 Β.
1915 2112 2029 2167 Ma-

451 2212 589 2265 riam
638 2224 669 2263 e
722 2205 943 2259 Davidis
987 2202 1257 2257 oriundus
1304 2202 1493 2271 stirpe,
1543 2209 1708 2271 atque
1751 2205 1805 2257 in
1856 2205 2025 2274 regali

451 2303 591 2359 solio
646 2299 797 2355 sedet
846 2299 902 2351 in
950 2307 1235 2359 aeternum,
1287 2301 1341 2349 et
1373 2294 1525 2365 regni
1567 2294 1713 2350 illius
1766 2311 1873 2349 non
1923 2297 2027 2350 erit

448 2395 577 2451 ﬁnis
603 2394 645 2449 ’.
678 2390 948 2444 Nimirum
981 2385 1285 2441 transferre
1319 2385 1472 2438 illum
1508 2400 1619 2440 non
1650 2386 1835 2441 minus
1873 2388 2023 2457 regni

448 2502 615 2560 quam
661 2481 955 2540 sacerdotii
1013 2480 1259 2535 ordinem
1310 2478 1554 2548 oportuit
1593 2497 1605 2531 :
1661 2480 1860 2550 quippe
1899 2495 2023 2534 cum

445 2580 571 2651 ejus
602 2592 830 2649 regnum
866 2573 1091 2627 minime
1128 2586 1193 2625 ex
1236 2570 1339 2625 hoc
1370 2572 1571 2625 mundo
1606 2571 1696 2635 sit,
1739 2581 1797 2625 ut
1830 2571 2023 2627 Pontio

441 2673 623 2730 Pilato
672 2670 729 2724 in
783 2664 1076 2736 Evangelio
1126 2662 1477 2732 respondisse
1534 2662 1735 2717 fertur:
1785 2662 2022 2734 Regnum

445 2779 622 2819 meum
635 2777 738 2814 non
758 2773 834 2813 est
860 2756 923 2811 de
944 2756 1039 2809 hoc
1062 2756 1256 2808 mundo
1273 2753 1456 2808 ’.Cum
1475 2755 1620 2808 enim
1643 2753 1895 2811 Christus
1920 2758 2021 2813 sub

442 2853 774 2923 quibusdam
814 2849 1161 2919 aenigmatum
1215 2846 1515 2901 involucris
1571 2848 1823 2903 universa
1864 2864 2020 2903 com-

440 2946 637 3017 pleret,
696 2939 841 3011 quod
887 2938 1156 2991 hactenus
1204 2937 1493 3006 gerebatur
1542 2952 1640 3006 par
1688 2936 1790 2989 fuit
1837 2938 2020 3009 aliquo

441 3046 604 3093 tenus
636 3030 939 3103 pervenire.
973 3027 1162 3097 Neque
1195 3042 1327 3082 vero
1363 3028 1485 3082 ideo
1522 3029 1685 3093 venit,
1719 3038 1777 3083 ut
1806 3030 1900 3099 qui
1932 3047 2019 3085 re-

441 3134 663 3200 gnasset
694 3126 980 3187 hactenus,
1007 3122 1279 3189 imperare
1302 3135 1467 3188 porro
1495 3130 1744 3190 pergeret
1774 3140 1787 3175 :
1818 3123 1913 3179 sed
1950 3124 2017 3178 iis

2136 1916 2234 1986 τὴν
2272 1917 2423 1983 τάξιν
2478 1920 2830 1991 Μελχισεδὲκ,
2883 1923 3134 1993 βασιλεύς
3174 1944 3235 1979 τε
3268 1930 3401 1998 ὁμοῦ
3429 1933 3572 1985 κατὰ
3614 1936 3709 2004 τὴν

2136 2008 2288 2073 τάξιν
2312 2011 2409 2081 τὴν
2439 2012 2663 2076 ἄνωθεν,
2704 2016 2789 2067 ἵνα
2822 2018 3106 2089 μεταγάγῃ
3135 2020 3232 2091 τὴν
3269 2022 3569 2095 ἱερωσύνην
3595 2028 3711 2098 ἅμα

2136 2102 2201 2169 τῇ
2232 2102 2545 2174 νομοθεσίᾳ.
2578 2104 2683 2157 Τοῦ
2726 2105 2781 2158 δὲ
2828 2108 3138 2178 σπέρματος
3164 2111 3328 2164 Δαόὶδ
3355 2113 3442 2166 διὰ
3466 2115 3564 2187 τὴν
3589 2119 3705 2171 Μα-

2139 2191 2258 2260 ρίαν
2295 2194 2660 2264 καθεζομένου
2691 2199 2748 2249 ὲν
2790 2197 2965 2268 θρόνῳ
3008 2201 3088 2263 εἰς
3121 2203 3211 2256 τὸν
3256 2204 3447 2271 αίῶνα,
3476 2210 3569 2261 καὶ
3612 2212 3707 2283 τῆς

2135 2283 2414 2352 βασιλείας
2460 2287 2627 2340 αὐτοῦ
2662 2290 2760 2341 οὐκ
2791 2288 2942 2344 ἔσται
2989 2293 3157 2357 τέλος.
3197 2297 3341 2351 Ἔδει
3393 2300 3502 2372 γὰρ
3548 2303 3708 2357 αὐτὸν

2133 2374 2226 2427 νῦν
2274 2381 2603 2446 μεταγαγεῖν
2632 2379 2730 2448 τὴν
2771 2379 2942 2446 τάξιν,
2998 2383 3092 2436 τοῦ
3134 2401 3195 2436 τε
3246 2385 3537 2455 βασιλείου.
3589 2396 3701 2449 Καὶ

2132 2467 2240 2537 γὰρ
2281 2470 2312 2538 ἡ
2367 2468 2613 2538 βασιλεία
2656 2471 2820 2523 αὑτοῦ
2863 2474 2963 2526 οὐκ
3007 2474 3153 2528 ἔστιν
3198 2478 3304 2531 ἀπὸ
3341 2482 3437 2551 τῆς
3464 2484 3589 2555 γῆς,
3632 2488 3706 2552 ὡς

2136 2557 2320 2626 ἔλεγεν
2354 2562 2411 2613 ὲν
2451 2562 2531 2633 τῷ
2579 2562 2893 2635 Εὑαγγελίῳ
2940 2568 3149 2638 Ποντίῳ
3192 2570 3443 2643 Πιλάτῳι
3500 2577 3570 2631 Ἦ
3593 2580 3700 2643 βα-

2129 2654 2333 2706 σιλεία
2373 2672 2493 2723 μου
2547 2658 2657 2709 οὐκ
2706 2658 2876 2709 ἐστιν
2920 2659 2988 2712 ἐκ
3031 2662 3136 2715 τοῦ
3182 2665 3417 2734 κόσμου
3467 2673 3683 2727 τούτου

2131 2746 2235 2799 Τοῦ
2264 2746 2373 2817 γὰρ
2407 2746 2643 2819 Χριστοῦ
2676 2748 2742 2801 τὰ
2787 2751 2963 2805 πάντα
2992 2752 3321 2823 πληροῦντος
3354 2759 3420 2811 δι’
3451 2763 3700 2835 αἰνιγμά-

2127 2854 2257 2904 των,
2292 2837 2396 2900 ἕως
2440 2832 2584 2902 τινὸς
2634 2840 2832 2910 μέτρου
2888 2844 2943 2893 αἱ
2994 2843 3275 2909 ὑποθέσεις
3328 2832 3702 2917 ἔφθανονίυύ

2127 2926 2235 2996 γὰρ
2279 2922 2462 2997 ἦλθεν,
2515 2929 2599 2981 ἵνα
2651 2932 2935 3001 προκοπὴν
2982 2931 3118 3003 λάϐῃ
3158 2932 3432 3002 βασιλείας
3476 2941 3503 2992 ό
3550 2941 3702 3011 βασι-

2126 3018 2298 3073 λεύων
2332 3019 2450 3071 ἀεί·
2480 3021 2773 3090 ἐχαρίσατο
2820 3024 2876 3075 δὲ
2909 3026 3021 3087 τοῖς
3056 3026 3144 3078 ὑπ’
3178 3028 3341 3081 αὐτοῦ
3374 3032 3701 3106 καθισταμέ-

2126 3128 2237 3174 νοις
2262 3111 2320 3164 τὸ
2355 3111 2641 3181 βασίλειον,
2670 3108 2755 3167 ἵνα
2793 3116 2866 3187 μὴ
2910 3118 3182 3189 ὀνομασθῇ
3215 3121 3320 3174 ἀπὸ
3347 3123 3454 3176 τῶν
3490 3132 3700 3199 μικρῶν

440 3183 692 3289 ;egnum,
716 3229 854 3286 quos
882 3212 1245 3268 constituerat
1267 3212 1385 3281 ipse
1416 3210 1705 3282 dilargitus
1736 3220 1843 3277 est,
1888 3230 1956 3268 ne
1987 3229 2016 3267 a

2122 3204 2215 3255 ἐπὶ
2265 3202 2333 3256 τὰ
2401 3205 2621 3274 μείζονα
2675 3183 3023 3276 προκόπτειν..
3082 3183 3246 3265 Meae:
3300 3215 3409 3286 γὰρ
3464 3183 3627 3272 αὐτοῦ
3671 3226 3704 3277 ὀ

440 3307 749 3361 minoribus
794 3302 1045 3372 progredi
1083 3300 1150 3354 ad
1198 3300 1410 3370 majora
1452 3300 1560 3355 dici
1607 3302 1802 3372 possit.
1840 3301 2019 3358 Manet

441 3399 643 3469 quippe
684 3395 839 3453 sedes
882 3393 1051 3459 illius,
1090 3399 1143 3446 et
1185 3393 1335 3463 regni
1387 3393 1507 3461 ejus
1557 3409 1667 3447 non
1715 3396 1818 3449 erit
1871 3395 2015 3461 linis,

440 3497 606 3556 atque
648 3486 703 3538 in
751 3482 970 3538 Davidis
1018 3482 1156 3536 solio
1202 3481 1482 3545 considet,
1535 3494 1821 3553 propterea
1872 3487 2017 3555 quod

440 3577 665 3633 Davidis
704 3591 930 3646 regnum
978 3574 1283 3636 transtulit,
1321 3573 1483 3643 idque
1531 3575 1712 3644 ipsum
1748 3592 1856 3630 una
1891 3593 2016 3631 cum

438 3667 759 3739 pontiﬁcatu
793 3666 968 3723 servis
1018 3664 1134 3719 suis
1180 3664 1432 3728 indulsit,
1467 3664 1570 3718 hoc
1612 3674 1697 3719 est
1731 3667 2016 3724 catholica:

439 3763 701 3817 Ecclesiae
748 3759 909 3829 120
939 3758 1308 3828 pontiﬁcibus.
1361 3755 1470 3811 Sed
1508 3758 1681 3811 multa
1732 3760 1801 3815 de
1845 3777 1907 3817 ea
1957 3778 2017 3817 re

438 3853 713 3925 disputari
765 3858 1017 3922 possunt.
1054 3848 1323 3915 Quoniam
1375 3864 1505 3904 vero
1551 3848 1619 3903 ad
1662 3864 1787 3904 eum
1835 3851 2013 3906 locum

466 3988 469 3989 ⁷
512 3986 530 4019 ί
562 3984 724 4040 Hebr.
757 3999 834 4049 vr,
868 3983 961 4038 20.
1035 3984 1056 4014 ’
1083 3982 1215 4038 Luc.
1250 3999 1290 4043 ι.
1318 3984 1409 4038 59..
1486 3985 1506 4017 ³
1544 3982 1704 4040 Joan.
1738 4002 1894 4053 xvm,
1918 3987 2007 4044 56.

436 4097 535 4151 πίω
565 4093 817 4163 conjugis
845 4093 1013 4147 illium
1053 4090 1241 4163 fuisse,
1274 4090 1753 4163 ideoqueDomini
1787 4091 2011 4149 fratrem

437 4161 841 4221 nominati—De
869 4177 977 4231 qua
1018 4176 1076 4216 re
1114 4161 1319 4215 dictum
1360 4170 1443 4217 est
1469 4162 1575 4215 alio
1604 4164 1656 4215 in
1693 4164 1833 4216 loco.

509 4237 585 4305 (4)
621 4237 748 4287 Ἔτι
773 4233 840 4305 de
872 4232 971 4286 καὶ
1009 4233 1675 4305 ἱερατεύσαντα-αὺτόν.
1716 4232 1852 4305 illud
1882 4249 2012 4305 vero

436 4301 742 4361 non'modo
768 4303 987 4372 falsum,
1024 4301 1118 4356 sed
1144 4310 1198 4355 et
1217 4311 1409 4372 contra
1444 4302 1772 4372 hypothesin
1811 4310 1917 4358 est.
1952 4304 2009 4358 Si

436 4375 660 4442 Iosephi
684 4374 826 4427 [ilius
849 4380 932 4426 est
959 4370 1218 4434 Jacobus,
1244 4370 1717 4443 Josephusautem
1749 4373 1814 4427 de
1837 4374 2010 4443 stirpe

439 4441 608 4498 David
635 4458 743 4496 non
782 4443 1019 4496 Levitica
1052 4457 1115 4493 ac
1144 4441 1469 4495 sacerdotali
1501 4441 1637 4507 fuit;
1669 4444 1761 4511 qui
1792 4441 2008 4497 tandem

438 4513 700 4571 sacerdos
729 4528 850 4566 esse
888 4511 1123 4564 Jacobus
1149 4512 1360 4580 potuit?
1403 4511 1562 4565 Dices
1589 4523 1895 4566 maternum
1926 4514 2001 4567 illi

439 4600 613 4654 genus
634 4584 703 4638 ab
725 4582 1048 4654 sacerdotali
1072 4582 1215 4634 tribu
1232 4590 1621 4654 propagatum.
1648 4580 1754 4654 sed
1786 4591 1845 4635 ut
1870 4584 2000 4654 illud

439 4651 662 4716 demus,
694 4654 817 4722 quis
866 4652 1063 4722 nescit,
1103 4651 1248 4720 quod
1300 4651 1625 4720 jampridem
1672 4653 1740 4705 ab
1773 4653 2002 4709 eruditis

360 4766 369 4781 .
436 4724 751 4779 hominibus
806 4721 1085 4789 proditum
1131 4729 1232 4784 est,
1271 4730 1577 4775 maternum
1623 4738 1793 4789 genus
1848 4725 2000 4777 nullo

435 4810 666 4850 numero
698 4792 865 4846 fuisse
896 4810 908 4844 :
942 4791 1138 4845 nedum
1177 4800 1235 4844 ut
1272 4800 1493 4859 propter
1536 4792 1669 4845 illud
1694 4794 1788 4859 jus
1831 4795 1999 4847 ullum

435 4866 505 4919 ad
534 4862 895 4918 sacerdotium
927 4861 1125 4915 habere
1148 4862 1433 4931 quisquam
1477 4862 1754 4931 potuerit?
1784 4863 1891 4917 Sed
1929 4866 2001 4918 de

434 4943 549 4988 tota
597 4935 699 4986 hac
742 4931 931 4985 Jacobi
973 4932 1201 4985 historia
1235 4930 1443 4985 dicetur
1478 4930 1557 4985 ’ad
1595 4934 1721 4986 haer.
1769 4950 2000 5000 Lxxvm,

433 5005 526 5060 ubi
560 5004 627 5057 de
659 5002 861 5056 Jacobo
890 5002 1195 5055 uberiorem
1231 5003 1596 5057 narrationem
1632 5003 1890 5058 instituit.

504 5074 579 5142 (5)
620 5074 697 5125 Δι’
746 5071 1075 5142 ’ἣν-αἰτίαν
1119 5070 1401 5123 Ἰεσσαῖοι
1450 5072 1801 5125 ἐκαλοῦντο.
1843 5074 2000 5127 Chri-

435 5140 647 5201 stianos
676 5143 806 5213 olim
835 5140 1070 5213 Jessteos
1100 5143 1405 5213 appellatos
1438 5142 1609 5197 fuisse
1643 5154 1829 5197 censet
1852 5144 2001 5213 iEpi-

432 5214 671 5285 phanius
699 5228 730 5266 a
760 5211 914 5285 Iesse
945 5211 1165 5285 Davidis
1196 5213 1580 5285 progenitore:
1616 5220 1710 5285 an}
1743 5216 1811 5285 ab
1840 5211 1993 5278 Jesit,

429 5282 576 5353 quod
622 5282 886 5361 Hebraice
939 5282 1276 5361 Θεραπευτην
1328 5283 1906 5361 δοιιιιιηθυι-Σωτῆρα.
1936 5285 1995 5338 In

374 5351 384 5360 ”
428 5351 543 5422 quo
577 5368 608 5406 a
640 5354 921 5407 nonnullis
949 5351 1320 5406 vehementius
1346 5354 1539 5422 agitari
1570 5354 1730 5417 solet,
1764 5351 1856 5409 sed
1890 5356 1995 5408 lite-

429 5424 619 5477 reticis
656 5423 844 5484 ferme,
867 5438 1098 5490 quorum
1128 5423 1242 5475 sive
1271 5437 1379 5475 non
1408 5424 1679 5476 immerito
1702 5424 1997 5492 reprehen-

431 5492 585 5557 dant,
624 5494 979 5546 intolerabilis
1014 5492 1302 5559 superbia;
1351 5493 1466 5546 sive
1514 5509 1996 5563 perperamriaccu-

432 5569 575 5631 sent,
606 5563 905 5616 vanissima
932 5577 996 5615 ac
1025 5563 1255 5631 ridicula
1282 5562 1625 5631 impudentia
1650 5570 1753 5616 est.
1778 5562 1853 5615 Ex
1891 5564 1993 5618 hoc

431 5628 599 5711 igitur
629 5646 788 5711 grege
817 5632 1037 5711 quidam
1076 5649 1089 5683 :
1127 5628 1392 5711 Proj'ecta,
1438 5633 1637 5711 inquit.
1679 5649 1796 5711 cunt
1842 5634 1992 5711 illum

433 5689 934 5771 Epiphaitiivloc'um
984 5701 1114 5771 lego,
1147 5689 1277 5753 satis
1320 5689 1732 5771 mirari‘nequeo
1763 5704 1990 5757 hominis

433 5764 785 5839 inscientiam,
815 5780 863 5821 et
894 5771 956 5839 in
1000 5764 1190 5837 lingua:
1211 5764 1670 5839 interpretatione,
1698 5782 1746 5825 et
1774 5776 1828 5825 in
1857 5776 1993 5826 veri-

438 5842 543 5887 tate
586 5835 837 5894 Itistoriw.
867 5838 1008 5893 Adeo
1029 5835 1208 5893 multis
1233 5835 1483 5895 adversus
1518 5852 1792 5911 utrumque
1822 5844 1988 5900 modis

2125 3298 2332 3370 θρόνος.
2367 3299 2461 3351 καὶ
2514 3300 2615 3368 τῆς
2664 3302 2938 3370 βασιλείας
2991 3305 3153 3357 αὑτοῦ
3184 3308 3283 3360 οὐκ
3333 3308 3484 3362 ἕσται
3524 3312 3696 3374 τέλος,

2122 3391 2215 3444 καὶ
2240 3390 2469 3461 κάθηται
2496 3392 2585 3443 ἐπὶ
2618 3392 2707 3445 τὸν
2737 3392 2923 3464 θρόνον
2964 3396 3126 3449 Δαόίδ
3143 3415 3155 3425 ·
3207 3398 3267 3450 τὸ
3299 3399 3568 3468 βασίλειον
3598 3402 3694 3456 τοῦ

2120 3483 2284 3537 Δαϐὶδ
2340 3486 2718 3555 μεταστήσας,
2773 3488 2864 3540 καὶ
2924 3488 3288 3560 χαρισάμενος
3339 3494 3451 3555 τοῖς
3498 3495 3695 3548 ἑαυτοῦ

2119 3574 2323 3637 δούλοις
2353 3576 2470 3645 ἃμα
2517 3579 2582 3646 τῇ
2638 3578 3037 3651 ἀρχιερωσύνη,
3071 3582 3316 3635 τουτέστι
3362 3587 3473 3647 τοῖς
3506 3587 3696 3657 ἀρχιε-

2121 3668 2272 3738 ρεῦσι
2298 3669 2397 3738 τῆς
2449 3669 2741 3741 καθολικῆς
2804 3671 3152 3741 Ἐκκλησίας.
3207 3674 3314 3725 Καὶ
3363 3675 3534 3730 πολλὰ
3577 3678 3695 3731 ἔστι

2118 3759 2245 3829 περὶ
2272 3758 2461 3811 τούτου
2488 3759 2685 3830 λέγειν.
2736 3761 2875 3815 Ἀλλ’
2900 3764 3049 3834 ὅμως
3074 3764 3258 3837 ἐπειδὴ
3292 3768 3371 3828 είς
3400 3768 3491 3819 τὸν
3528 3770 3698 3823 τόπον

2117 3848 2346 3920 ἐλήλυθα
2372 3852 2542 3906 εἰπεῖν
2576 3851 2642 3905 δι’
2668 3852 2734 3924 ἢν
2763 3854 2943 3908 αἰτίαν
2985 3856 3231 3910 Ἰεσσαῖοι
3272 3858 3560 3913 ἐκαλοῦντο
3588 3862 3693 3932 (5),

2117 4108 2296 4171 peccat
2326 4101 2379 4153 in
2404 4100 2501 4153 illo
2524 4100 2719 4171 unoide
2748 4101 3031 4156 Nazareni:
3062 4104 3249 4171 capite.
3283 4102 3389 4159 Sed
3416 4105 3485 4160 de
3515 4104 3688 4162 histo-

2113 4170 2194 4245 ria
2226 4185 2350 4245 Iiiox
2380 4171 2585 4245 videro.
2625 4170 2696 4245 Dc
2726 4174 2963 4245 nominis
3002 4173 3098 4245 τοῦ
3124 4170 3313 4244 Ἰησοῦ
3362 4177 3689 4245 interpreta-

2113 4239 2395 4315 tionehhoc
2422 4240 2581 4315 vulgo
2608 4241 2888 4315 criminari
2933 4244 3111 4315 solent
3140 4264 3154 4299 :
3196 4239 3342 4314 quod
3372 4239 3550 4315 Ἰησοῦ
3582 4263 3689 4300 tio-

2114 4323 2237 4380 men
2265 4306 2726 4380 Grzecmoriginis
2765 4326 2888 4365 esse
2913 4306 3230 4380 crediderit,
3256 4316 3364 4368 ἀπὸ
3406 4306 3500 4368 τοῦ
3532 4319 3687 4371 ἰάσα-

2114 4375 2259 4461 σθαι,
2293 4378 2408 4432 sive
2443 4375 2694 4469 ἰήσέισρσιι
2720 4380 2898 4458 lonice
2923 4375 3220 4469 concepto,
3244 4385 3391 4454 quod
3410 4394 3504 4467 est
3530 4388 3689 4469 θερα-

2112 4446 2465 4522 πεύμειν,λευηι
2483 4446 2564 4522 ab‘
2580 4448 2840 4522 ilehraica
2858 4467 2989 4506 voce
3016 4446 3245 4522 petenda
3261 4446 3514 4510 'nominis
3534 4446 3684 4513 illius

2110 4518 2261 4591 notio
2288 4519 2379 4583 sit,
2398 4535 2517 4587 qua:
2536 4520 2872 4591 Salvatorem
2906 4518 3399 4591 signiticatNerum
3418 4527 3533 4580 ha‘c
3549 4545 3683 4583 συν-

2106 4586 2355 4668 ωνύμως,
2390 4586 2444 4668 et
2475 4590 2694 4668 quidem
2747 4591 2888 4643 haud
2939 4586 3174 4648 a'bsurde
3220 4598 3503 4668 usurpavit
3540 4598 3681 4668 Epi-

2107 4657 2605 4730 phanius._Etenim
2633 4669 2765 4722 Vtut,
2795 4677 2823 4713 a
2852 4677 2960 4730 quo
2986 4674 3207 4727 yttmm,
3245 4667 3326 4720 vel
3347 4657 3500 4729 imm,
3534 4657 3679 4723 idem

2103 4736 2187 4804 est
2224 4743 2287 4781 ac
2320 4728 2707 4804 atbg‘stv,_quod
2760 4732 2815 4804 in
2869 4728 3119 4802 corporis
3162 4736 3440 4804 animique
3470 4740 3679 4794 morbls

2104 4797 2245 4850 idem
2291 4807 2374 4852 est
2423 4814 2486 4871 ac
2537 4800 2857 4871 θεραπεύειν
2902 4797 3283 4857 ρι’ίάσασθαι.
3311 4797 3677 4871 Quamobrem

2102 4882 2211 4920 non
2240 4868 2537 4944 secundum
2561 4868 2951 4944 ,ἀκριϐολογίαν
2979 4883 3033 4926 et
3084 4868 3423 4944 κυριολεξῖαν
3454 4877 3679 4932 Hebrai-

2102 4953 2164 5014 ςει
2206 4954 2308 4990 vox
2338 4938 2658 5014 θεραπεύειν
2707 4950 2889 5014 sonat;
2942 4944 3037 4998 sed
3070 4938 3508 5014 μεταληπτικῶς,
3543 4958 3599 5001 ut
3623 4958 3678 5003 et

2100 5004 2307 5071 Jesum,
2337 5004 2426 5075 qui
2460 5012 2678 5079 prOprie
2707 5012 2946 5065 salvator
2976 5004 3082 5078 est;
3116 5004 3375 5068 medicum
3412 5004 3676 5071 acucura-

2103 5088 2266 5154 torem
2301 5094 2406 5154 non
2428 5079 2781 5154 incommode
2815 5083 3161 5151 interpretari
3190 5086 3370 5140 liceat.
3395 5085 3514 5154 Ipse
3535 5090 3674 5140 enim

2098 5147 2303 5227 salvan}
2332 5148 2491 5227 faciet
2515 5150 2761 5227 populum
2792 5168 2824 5203 a
2860 5147 3093 5227 peccatis
3113 5170 3315 5221 eorum,
3351 5147 3672 5227 ait-angelus

2101 5215 2376 5295 (Matthz‘t.
2409 5215 2708 5295 νηίουοά
2740 5215 3193 5295 quemadmodum
3225 5215 3555 5295 praestiterit,
3577 5228 3671 5281 de-

2098 5289 2270 5364 clarat
2301 5287 2496 5364 Petrus
2526 5290 2541 5351 (
2571 5292 2688 5364 Act.
2723 5287 2778 5350 κζ
2816 5292 2907 5359 58)
2937 5311 2949 5345 :
2985 5294 3088 5358 Qui
3120 5287 3426 5361 pertransiit
3459 5287 3669 5364 benefa-

2095 5358 2298 5431 c_ien_do,
2331 5369 2376 5431 et
2421 5359 2691 5413 liberanda
2721 5358 2895 5415 omnes
2923 5358 3192 5431 oppressos
3224 5384 3254 5418 a
3286 5365 3518 5420 diabolo.
3557 5358 3668 5419 Ad-

2098 5426 2165 5505 de
2183 5428 2299 5505 jam
2334 5430 2581 5482 Grmcum
2620 5447 2687 5505 ex
2714 5426 3020 5505 propinquo
3046 5436 3392 5498 vocabulum,
3425 5436 3567 5505 quod
3599 5437 3667 5489 ab

2097 5495 2325 5573 Hebraeo
2352 5508 2417 5573 et
2438 5495 2877 5568 pronuntiatione
2905 5495 2957 5557 εἰ
2983 5520 3110 5557 vero
3142 5495 3408 5573 potestate
3436 5495 3542 5559 non
3572 5506 3669 5559 ad-

2095 5567 2314 5646 modum
2335 5567 2679 5646 abhorrebat,
2706 5573 3103 5646 undcjnominis
3142 5567 3244 5628 ista
3268 5576 3476 5629 notatio
3501 5578 3662 5646 prod—

2094 5638 2176 5715 iit.
2248 5638 2458 5715 Eadem_
2499 5656 2664 5715 porro
2708 5638 2970 5715 leguntur
3019 5646 3159 5715 apud
3207 5646 3467 5715 Cyrillum
3502 5638 3666 5701 'cate-

2093 5708 2242 5787 cites.
2282 5726 2371 5787 γι,
2422 5708 2647 5787 Ἰησοῦς,
2707 5708 2914 5787 inquit,
2967 5708 3168 5787 eoi—vim
3208 5708 3319 5787 ἐστι
3360 5716 3515 5787 ,κατὰ
3572 5717 3669 5787 μὲν

2104 5776 2388 5853 Ἑϐραίους
2419 5776 2641 5853 σωτὴρ,
2672 5776 2812 5835 κατᾶ
2836 5782 2891 5835 δὲ
2928 5782 3025 5853 τὴν
3067 5784 3288 5838 Ἑλλάδα
3321 5776 3583 5853 γλῶσσαν’
3611 5786 3675 5839 τὰ

2091 5845 2366 5917 ἰώμενος·
2417 5845 2602 5921 ἐπειδῆ
2651 5852 2833 5922 ἰατρός
2864 5845 2993 5907 ἐστι’
3025 5854 3213 5926 ψυχῶν
3244 5845 3344 5910 καῖ
3376 5857 3665 5928 σωμάτων,
