4170 6372
30 3498 31 3501 η
40 3462 45 3487 l

4 3490 117 3893 ὲ

548 414 654 470 397
1185 410 1556 467 ADVERSUS
1597 408 1937 465 HIERESES
1973 406 2102 461 UB.
2144 407 2146 413 ’

2251 405 2368 463 ΟΜ.
2412 407 2474 463 ΙΙ.
2498 440 2566 449 -
2604 408 2879 464 ΗᾸΞΠΕΞ.
2919 408 3114 463 XXIX.
3717 408 3816 466 398

553 534 682 604 πρὶν
712 532 808 586 τοῦ
855 532 1133 586 καλεῖσθαι
1173 531 1493 604 Χριστιανοὶ
1535 531 1584 585 οἱ
1636 532 1717 594 είς
1761 529 1995 601 Χριστὸν
2044 545 2141 579 πε-

2249 525 2455 595 delapsi
2493 543 2709 592 sumus,
2747 535 2809 581 ut
2836 526 3114 582 reddenda
3142 541 3311 581 causa
3343 525 3503 581 nobis
3527 534 3693 588 esset.
3722 542 3816 581 cur

552 632 925 688 πιστευκότες,
970 624 1158 677 τούτου
1205 625 1367 677 ἓνεκα
1424 622 1668 693 ἔφημεν,
1708 623 1790 675 ὅτι
1844 624 1873 674 ὁ
1935 620 2132 673 Ἰεσσαὶ¹

555 714 740 786 πατὴρ
766 715 973 783 γίνεται
998 713 1091 766 τοῦ
1119 715 1300 767 Δαϐίδ.
1335 716 1443 768 Καὶ
1482 716 1599 785 ἢτοι
1621 713 1716 767 τοῦ
1764 713 1979 775 Ἰεσσαὶ,
2014 713 2131 783 ἦτοι

553 811 617 861 ἐκ
645 808 736 861 τοῦ
764 808 1023 877 ὀνόματος
1075 807 1250 878 Ίησοῦ
1286 807 1376 860 τοῦ
1415 807 1617 877 Κυρίου
1645 805 1800 876 ἡμῶν
1838 804 2134 874 ἐπεκλήθη-

553 917 653 953 σαν
697 900 975 961 Ἰεσσαῖοι,
1015 898 1104 951 διὰ
1147 898 1209 950 τὸ
1244 898 1302 964 ἐξ
1353 896 1527 969 Ἰησοῦ
1574 895 1846 968 ὁρμᾶσθαι
1896 894 2132 964 μαθηταὶ

552 994 703 1056 ιντες
731 989 914 1054 αὐτοῦ,
941 989 974 1060 ἢ
1008 989 1095 1043 διὰ
1140 989 1202 1042 τὸ
1234 988 1335 1058 τῆς
1361 988 1717 1059 ἐτυμολογίας
1747 984 1842 1039 τοῦ
1870 984 2133 1056 ὀνόματος

553 1085 648 1138 τοῦ
695 1084 924 1155 Κυρίου.
970 1080 1174 1152 Ἰησοῦς
1218 1080 1327 1152 γὰρ
1372 1080 1515 1134 κατὰ
1553 1078 1650 1151 τὴν
1696 1076 1986 1149 Ἐϐραῖκὴν
2030 1075 2135 1129 διά-

552 1172 743 1225 λεκτον
770 1170 1110 1241 θεραπευτὴς
1137 1169 1399 1228 καλεῖται,
1431 1170 1548 1240 ἤτοι
1582 1169 1766 1239 ἰατρὸς
1800 1168 1892 1221 καὶ
1928 1167 2131 1236 σωτήρ.

556 1258 746 1326 Ὅμως
761 1259 936 1327 τούτῳ
952 1255 1030 1327 τῷ
1053 1256 1298 1327 ὀνόματι,
1315 1258 1443 1329 πρὶν
1459 1256 1552 1309 τοῦ
1568 1255 1925 1328 Χριστιανοὺς
1941 1256 2137 1317 αὐτοὺς

556 1350 859 1413 καλεῖσθαι,
898 1350 997 1420 τὴν
1044 1351 1362 1421 ἐπωνυμίαν
1396 1349 1707 1421 ἐκέκτηντο.
1751 1336 1883 1402 Ἀπὸ
1935 1349 2140 1400 Ἀντιο·

552 1441 708 1511 χείας
738 1440 816 1503 δὲ,
846 1440 1095 1511 καθάπερ
1121 1439 1232 1494 ἅνω
1256 1441 1703 1511 ἐπεμνήσθημεν,
1731 1439 1803 1503 ὡς
1829 1439 1941 1509 ἔχει
1980 1442 2012 1508 ὴ
2040 1441 2140 1508 τῆς

554 1530 818 1600 ἀληθείας
843 1531 1119 1595 ὑπόθεσις,
1165 1530 1399 1603 ἤρξαντο
1436 1533 1482 1584 οἱ
1528 1530 1768 1602 μαθηταὶ
1795 1532 1888 1583 καὶ
1928 1532 2079 1584 πᾶσα
2103 1534 2136 1601 ἠ

568 1625 864 1695 Ἐκκλησία
905 1625 998 1678 τοῦ
1032 1624 1169 1678 Θεοῦ
1198 1626 1516 1696 Χριστιανοὶ
1556 1623 1854 1678 καλεῖσθαι.

2243 619 2280 671 ii
2317 619 2411 688 qui
2455 619 2678 675 Christo
2725 635 2923 675 nomen
2968 619 3256 683 dederant,
3293 620 3613 690 priusquam
3656 618 3818 673 Chri-

2243 710 2550 765 stianorum
2582 728 2781 767 nomen
2808 720 2994 768 essent
3017 712 3226 782 adepti,
3252 711 3444 767 Jessmi
3472 719 3818 774 vocarentur,

2238 801 2449 856 idcirco
2482 805 2800 859 monuimus
2828 802 3094 859 Jessazum
3132 800 3355 858 Davidis
3383 811 3592 872 patrem
3629 803 3819 859 fuisse.

2242 894 2355 947 Aut
2384 895 2451 948 ab
2488 894 2580 950 illo
2614 896 2785 966 igitur
2812 896 3003 960 Jessze,
3035 902 3131 950 aut
3161 912 3190 949 a
3219 894 3347 949 Jesu
3369 895 3576 951 Christi
3606 895 3821 951 Domini

2245 988 2421 1043 nostri
2457 989 2823 1059 appellatione
2851 987 3182 1043 Jessazorum
3209 1002 3407 1042 nomen
3430 987 3820 1043 obtinuerunt:

2243 1081 2388 1149 quod
2423 1080 2492 1135 ab
2529 1080 2659 1136 Jesu
2710 1082 3001 1153 disciplina
3048 1080 3313 1151 profecti,
3349 1081 3706 1151 ejusdemque
3741 1080 3820 1134 di-

2244 1172 2441 1241 scipuli
2476 1173 2693 1240 forent;
2735 1182 2829 1228 aut
2863 1173 2996 1229 illud
3027 1174 3265 1244 denique
3299 1189 3366 1229 ex
3394 1173 3677 1228 notatione
3706 1174 3822 1244 ipsa

2244 1264 2504 1325 nominis,
2537 1280 2648 1335 quo
2671 1264 2938 1320 Dominus
2967 1275 3197 1321 vocatus
3227 1275 3332 1330 est,
3364 1266 3635 1337 originem
3663 1280 3819 1319 acce-

2241 1353 2339 1424 pit.
2363 1353 2526 1411 Jesus
2551 1356 2697 1410 enim
2724 1354 2993 1413 Hebraice
3027 1368 3357 1423 curatorem,
3398 1358 3503 1411 hoc
3531 1364 3617 1411 est
3649 1356 3819 1410 medi-

2244 1460 2369 1499 cum
2394 1460 2458 1501 ac
2481 1460 2813 1502 servatorem
2847 1447 3141 1519 significat.
3174 1448 3454 1519 Quidquid
3486 1448 3577 1512 sit,
3608 1455 3823 1500 constat

2250 1551 2319 1591 eo
2363 1539 2608 1601 nomine,
2640 1542 2962 1611 priusquam
3007 1541 3309 1596 Christiani
3341 1548 3694 1601 vocarentur,
3732 1554 3821 1607 ap-

2244 1628 2473 1697 pellatos
2504 1628 2698 1687 fuisse.
2746 1631 2925 1701 Atque
2963 1632 3032 1685 ab
3069 1632 3205 1686 urbe
3246 1632 3467 1688 demum
3512 1629 3824 1689 Antiochia.

558 1717 635 1771 uti
680 1733 847 1787 supra
890 1718 1263 1784 meminimus,
1306 1718 1550 1788 adeoque
1571 1718 1687 1787 ipsa
1751 1718 1829 1770 rei
1872 1715 2074 1770 veritas
2121 1720 2462 1788 comprobat,
2496 1736 2621 1775 cum
2655 1720 2907 1791 discipuli
2936 1722 3062 1794 ipsi,
3091 1731 3206 1777 tum
3236 1724 3415 1777 omnis
3439 1720 3686 1775 Ecclesia
3730 1718 3823 1774 Dei

554 1814 995 1869 Chrisuanorum
1021 1813 1287 1868 vocabulo
1319 1814 1737 1883 comprehensa.

632 1905 711 1960 E'.
752 1906 947 1977 Εὓροις
994 1905 1042 1957 δ’
1072 1906 1159 1969 ἂν,
1188 1899 1248 1958 ὧ
1277 1905 1521 1976 φιλολόγε
1553 1906 1652 1977 (6),
1689 1905 1783 1959 καὶ
1824 1906 2012 1958 τούτου
2046 1904 2143 1975 τὴν

2318 1916 2384 1972 ν.
2437 1918 2594 1984 Quod
2647 1919 2865 1989 quidem
2920 1928 3303 1984 argumentum
3335 1919 3557 1975 uberius
3612 1928 3827 1990 pertra-

557 1997 834 2057 ὺπόθεσιν,
885 1994 1121 2065 ἐντυχὼν
1167 1998 1281 2060 τοῖς
1324 1995 1418 2048 τοῦ
1462 1996 1695 2059 Φίλωνος
1728 1996 2134 2067 ὑπομνήμασιν,

558 2090 617 2142 ὲν
663 2091 727 2160 τῇ
786 2089 916 2160 περὶ
962 2087 1240 2141 Ἰεσσαίων
1296 2088 1460 2141 αὐτοῦ
1502 2088 1915 2160 ἐπιγραφομένῃ
1953 2087 2138 2159 βίϐλῳ,

558 2181 619 2245 ὃς
651 2180 855 2233 τούτων
901 2180 1001 2251 τὴν
1043 2179 1319 2233 πολιτείαν
1372 2181 1468 2233 καὶ⁹
1512 2181 1580 2234 τά
1622 2180 1873 2251 ἐγκώμια
1907 2179 2139 2246 διεξιὼν,

560 2275 657 2329 καὶ
695 2274 765 2327 τὰ
796 2273 975 2327 αὐτῶν
1020 2274 1357 2344 μοναστήρια
1400 2273 1459 2325 ὲν
1500 2275 1563 2342 τῇ
1613 2270 1755 2325 κατὰ
1792 2273 1890 2344 τὴν
1924 2272 2141 2342 Μαρίαν

560 2364 728 2439 λίμνῃ
775 2364 1002 2437 ἱστορῶν
1023 2363 1345 2434 περιοικίδι,
1391 2364 1451 2415 οὐ
1504 2363 1632 2434 περί
1676 2380 1837 2417 τινων
1874 2364 2077 2435 ἐτέρων
2114 2364 2143 2415 ὁ

560 2458 699 2530 ἀνὴρ
744 2458 1051 2528 ἱστόρησεν,
1102 2453 1237 2507 ἀλλὰ
1272 2454 1401 2526 περὶ
1430 2453 1794 2526 Χριστιανῶν.
1828 2446 1997 2517 Οὗτος
2036 2452 2144 2524 γὰρ

561 2551 853 2620 γενόμενος
881 2550 937 2602 ὲν
976 2551 1040 2619 τῇ
1086 2545 1260 2617 χώρᾳ,
1292 2546 1600 2618 Μαρεώτην
1629 2545 1686 2598 δὲ
1716 2547 1808 2599 τὸν
1849 2545 2012 2599 τόπον
2045 2562 2142 2598 κα-

562 2642 734 2703 λοῦσι,
765 2641 861 2694 καὶ
907 2638 1201 2709 καταχθεὶς
1245 2640 1379 2709 παρ’
1425 2638 1609 2700 αὐτοῖς
1630 2637 1688 2691 ὲν
1716 2641 1829 2701 τοῖς
1868 2636 2008 2691 κατὰ
2055 2636 2143 2689 τὸν

565 2734 746 2805 χῶρον
772 2731 961 2784 τοῦτον
1010 2730 1394 2802 μοναστηρίοις
1435 2728 1732 2799 ὠφέληται.
1789 2729 1875 2782 Ἐν
1909 2727 2144 2799 ἡμέραις

563 2827 676 2898 γὰρ
706 2825 812 2878 τῶν
845 2824 1075 2893 Πάσχων
1110 2825 1226 2876 ἐκεῖ
1268 2823 1579 2893 γενόμενος,
1612 2822 1711 2885 τάς
1738 2838 1797 2873 τε
1821 2820 2001 2875 αὐτῶν
2046 2836 2144 2872 πο-

563 2918 768 2981 λιτείας
799 2917 1082 2980 ἐθεάσατο,
1118 2915 1212 2968 καὶ⁵
1255 2914 1331 2978 ῶς
1365 2930 1510 2977 τινες
1540 2912 1809 2983 ἑϐδομάδα
1839 2914 1937 2984 τὴν
1986 2912 2145 2979 ἁγίαν

564 3014 675 3067 τῶν
726 3013 953 3081 Πάσχων
1008 3006 1421 3080 ὑπερτιθέμενοι
1447 3006 1734 3071 διετέλουν,
1777 3005 1923 3059 ἄλλοι
1956 3006 2013 3059 δὲ
2059 3005 2149 3057 διὰ

563 3106 661 3158 δύο
684 3104 979 3165 ἐσθίοντες,
1013 3101 1161 3155 ἄλλοι
1195 3099 1253 3152 δὲ
1287 3100 1382 3152 καὶ
1407 3097 1528 3152 καθ’
1559 3097 1817 3169 ἑσπέραν.
1849 3093 1957 3151 Ἠν
1984 3098 2040 3150 δὲ
2069 3097 2147 3166 τῷ

566 3198 722 3269 ἀνδρὶ
760 3199 937 3251 πάντα
970 3194 1141 3248 ταῦτα
1180 3192 1724 3264 πεπραγματευμένα
1769 3192 1849 3254 εἰς
1885 3192 1986 3262 τὴν
2017 3191 2145 3261 περὶ

568 3288 804 3354 πίστεώς
832 3305 891 3341 τε
926 3287 1019 3341 καὶ
1052 3285 1324 3348 πολιτείας
1350 3284 1457 3336 τῶν
1490 3282 1832 3353 Χριστιανῶν
1863 3281 2139 3335 ὑπόθεσιν.

579 3385 667 3447 Ὠς
715 3378 807 3436 οὖν
837 3382 960 3434 τότε
994 3378 1283 3431 ἐκαλοῦντο
1344 3378 1610 3441 Ἰεσσαῖοι,
1647 3375 1734 3428 ἐπ’
1772 3374 1935 3445 ὀλίγῳ
1968 3375 2143 3447 χρόνῳ

570 3478 709 3550 μετὰ
749 3477 848 3547 τὴν
895 3473 1162 3543 ἀνάληψιν
1204 3471 1299 3524 τοῦ
1357 3471 1631 3542 Σωτῆρος,
1684 3470 1777 3523 καὶ
1822 3468 2050 3539 Μάρκου
2077 3471 2142 3538 τῇ

568 3570 677 3624 τῶν
704 3566 1012 3636 Αἰγυπτίων
1041 3563 1194 3634 χώρᾳ
1222 3561 1578 3633 κηρύξαντος,
1604 3558 1747 3612 κατὰ
1772 3559 1899 3622 τοὺς
1922 3559 2145 3629 χρόνους

568 3662 714 3724 τινὲς
748 3657 1096 3728 ὲξεληλύθασι
1130 3655 1312 3714 πάλιν,
1350 3653 1460 3706 τῶν
1493 3650 1806 3707 ἀποστόλων
1833 3650 1992 3721 δῆθεν
2019 3651 2147 3703 ἀκό-

568 3754 770 3817 λουθοι,
806 3752 947 3819 λέγω
980 3750 1035 3802 δὲ
1086 3749 1136 3800 οἱ
1189 3746 1424 3799 ἐνταῦθά
1478 3762 1567 3815 μοι
1598 3743 1916 3815 δηλούμενοι
1956 3743 2148 3807 Ναζω-

573 3849 744 3920 ραῖοι,
782 3844 932 3906 ὄντες
981 3842 1080 3912 μὲν
1119 3829 1257 3893 κατὰ
1304 3839 1365 3890 τὸ
1404 3837 1561 3906 γένος
1619 3838 1880 3903 Ἰουδαῖοι,
1930 3837 2023 3888 καὶ
2071 3834 2148 3905 τῷ

570 4030 666 4083 καὶ
713 4026 1051 4100 θεραπευτὴς
1114 4024 1480 4100 πνευμάτων.⁴
1514 4023 1647 4100 Quae
1692 4024 1872 4100 omnia
1921 4023 2150 4100 comiter

572 4093 889 4178 accipienda
919 4106 1070 4178 sunt,
1098 4111 1219 4178 [tot].
1243 4093 1302 4149 nt
1327 4094 1400 4178 ab
1434 4094 1693 4178 ἰάσασθαι
1727 4093 2146 4178 deductumﬁoﬁ

526 4174 531 4183 ‘
584 4163 759 4239 Ἰησοῦ
795 4167 1134 4239 νοοίιὶηιιυινηΔ
1169 4164 1407 4219 dixerint
1454 4163 1662 4227 Patres,
1695 4163 1802 4239 sed
1836 4173 1894 4239 ut
1928 4165 2150 4217 notione

574 4232 1067 4309 ac'signii‘icatione
1096 4233 1343 4289 Graecum
1376 4249 1576 4289 nomen
1606 4249 1729 4289 cum
1761 4232 1985 4287 Hebraeo
2016 4247 2151 4287 con-

571 4312 759 4365 venire
784 4309 1179 4362 demonstrent.

646 4380 722 4448 (6)
764 4378 975 4445 Εὕροις
1010 4376 1065 4448 ῥῗ
1096 4370 1611 4448 ᾂνηῶ-φιλονζόγε.
1657 4370 1795 4448 Hine
1840 4372 2151 4448 illailacry-

573 4442 965 4516 mzefScri’psit
1009 4446 1164 4499 Philo
1206 4443 1428 4498 Judaeus
1460 4442 1781 4516 de'Essaeis,
1815 4444 1899 4516 vel
1924 4442 2150 4516 Essenis

574 4521 743 4574 libros
774 4513 1002 4587 aliquot.
1022 4516 1265 4587 Quorum
1297 4515 1793 4587 tinus‘inscribitur
1825 4532 1836 4565 :
1863 4515 2003 4587 [Ιερὶ
2030 4513 2146 4587 τοῦ,

574 4592 754 4644 πάντα
808 4581 1092 4640 σπουδαῖον
1133 4581 1275 4638 εἶναι
1319 4583 1629 4654 ἐλεύθερον·
1664 4585 1824 4649 alius,
1863 4581 1997 4654 Περὶ
2036 4583 2151 4652 βίου
2185 4591 2231 4645 D

575 4657 932 4732 θεωρητικοῦ,
964 4656 996 4726 ἢ
1029 4656 1245 4732 ’ἱκετῶν
1282 4654 1514 4726 ἀρετῶν.
1556 4654 1617 4732 In
1654 4655 1721 4708 iis
1765 4656 1874 4707 duo
1916 4654 2151 4732 E_ssenof

574 4724 697 4787 ruui
742 4724 938 4799 genera
983 4724 1268 4799 constituit
1298 4724 1509 4799 {unum
1552 4724 1659 4777 τῶν
1689 4726 2028 4799 πρακτικῶν,
2056 4725 2149 4792 qui

576 4801 631 4855 in
655 4794 871 4871 oppidis
891 4797 1147 4871 socialem
1174 4797 1340 4871 vitam
1366 4794 1683 4871 instituunt,
1711 4796 2024 4871 nuptiarum
2041 4810 2149 4871 ex:

574 4864 785 4941 pert-es;
810 4866 1173 4941 alteritm_ri'ov
1200 4864 1569 4941 θεωρητικῶν,
1593 4865 1685 4941 qui
1703 4865 2149 4941 contemplationi

575 4935 723 4996 totos
744 4954 865 4994 sese
887 4937 1242 4999 tradiderant,
1263 4950 1325 4988 ac
1347 4935 1535 5001 procul
1571 4936 1641 4988 ab
1677 4936 1886 4988 urbano
1919 4937 2149 5003 strepitu

577 5015 635 5067 in
666 5014 840 5082 agris,
874 5009 1273 5082 ac_prae_sertim
1300 5007 1364 5058 ad
1373 5004 1761 5082 “Mareotidem,
1796 5005 1852 5058 in
1880 5006 2150 5082 genvetptg

573 5093 628 5138 et
661 5074 1043 5152 μῦναστηρίοις
1071 5074 1686 5152 (Ιθεοιθιιι,Ῥιξξιιθιιιιοε
1716 5076 1851 5130 istos
1883 5074 2151 5152 Eusebius

572 5144 921 5206 Christianos
970 5144 1408 5200 fuisse’credidit
1442 5145 1533 5198 lib.
1579 5144 1785 5199 Hister.
1816 5161 1875 5209 ιι,
1903 5160 2023 5214 cap.
2061 5146 2147 5210 11,

572 5225 874 5289 eademque
918 5217 1233 5289 Hieronymi
1264 5222 1693 5284 caaterorumque
1710 5214 1935 5289 yatrum
1966 5217 2152 5285 opinio

577 5296 698 5353 fuit.
732 5284 896 5360 quam
927 5284 1267 5360 Epiphanius
1314 5295 1538 5360 secutus
1569 5284 1812 5360 est._Sed
1850 5286 1962 5360 hoe
1984 5301 2151 5360 unum

573 5363 723 5416 addit
748 5355 812 5415 ex
848 5355 1186 5427 conjectura.
1214 5355 1447 5411 Jessaeos
1486 5357 1610 5410 illos
1641 5355 1709 5409 ab
1736 5355 1905 5411 Jessae
1933 5355 2151 5411 Davidis

575 5443 728 5502 patre
754 5426 1085 5502 nominatos.
1114 5426 1268 5502 Quod
1294 5435 1630 5496 postremum
1657 5427 1838 5502 minus
1855 5427 2153 5502 verisimile

576 5495 729 5573 puto.
762 5500 947 5568 Neque
974 5495 1382 5573 enim,_0pi_niir,
1411 5512 1641 5573 usquam
1673 5497 1889 5573 legitur,
1917 5495 2152 5573 Jes‘sgeo-

576 5565 697 5626 'rum
734 5565 929 5624 nomen
961 5568 1289 5623 Christianis
1315 5567 1660 5625 attributum.
1694 5576 1747 5620 et
1777 5565 2150 5631 Essaeosillos,

576 5659 685 5698 non
716 5641 951 5696 Jessreos
983 5654 1012 5691 a
1048 5638 1274 5691 Philone
1297 5637 1601 5705 appellatos
1630 5651 1754 5691 esse
1785 5645 2021 5691 constat.
2055 5637 2154 5690 Sa-

576 5728 646 5767 ne
684 5715 731 5768 si
763 5711 950 5766 Jessaai
988 5724 1225 5778 unquam
1259 5707 1555 5760 Christiani
1589 5710 1766 5760 vocati
1803 5716 1951 5769 sunt,
1999 5710 2156 5760 mul—

575 5791 691 5839 tum
750 5782 803 5835 id
853 5782 917 5834 ad
966 5787 1238 5847 receptant
1270 5778 1429 5847 illam,
1468 5792 1532 5830 ac
1569 5787 1805 5831 veterem
1837 5779 2153 5846 opinionem

578 5852 997 5910 asscverandam
1032 5846 1213 5915 faciet,
1256 5863 1375 5918 qua:
1406 5846 1714 5903 Essaeorum
1740 5852 1963 5905 nomine
1989 5848 2150 5903 Chri-

2242 2014 2473 2072 ctatum,
2508 2008 2760 2079 quisquis
2787 2023 2847 2063 es
2878 2008 3159 2064 studiosus
3194 2009 3250 2063 in
3276 2008 3521 2064 Philonis
3546 2022 3825 2065 commen-

2243 2099 2399 2155 tariis
2423 2101 2692 2167 invenies,
2730 2116 2907 2171 eoque
2934 2101 3076 2156 libro
3100 2117 3259 2171 quem
3290 2102 3356 2156 de
3373 2101 3596 2159 Jessais
3627 2103 3826 2156 inscri-

2242 2190 2387 2259 psit:
2428 2192 2519 2245 ubi
2547 2191 2764 2245 illorum
2797 2194 2924 2246 vitae
2943 2192 3316 2262 disciplinam,
3346 2207 3409 2246 ac
3446 2193 3719 2263 praeconia
3743 2208 3826 2248 ce-

2244 2282 2486 2347 lebrans,
2523 2299 2825 2353 eorumque
2868 2286 3223 2349 monasteria,
3268 2296 3389 2355 qua:
3420 2284 3488 2338 ad
3522 2284 3823 2340 Marianam

2245 2374 2498 2444 paludem
2525 2375 2956 2446 circumquaque
2986 2377 3164 2446 posita
3196 2386 3326 2433 sunt
3347 2378 3686 2445 describens,
3714 2394 3825 2432 non

2245 2465 2313 2519 de
2343 2464 2468 2520 aliis
2509 2466 2661 2533 ullis,
2697 2481 2860 2537 quam
2894 2467 2963 2522 de
3008 2466 3347 2525 Christianis
3401 2471 3507 2525 ista
3559 2472 3822 2526 narravit.

2244 2555 2380 2609 Nam
2411 2570 2535 2611 cum
2569 2571 2690 2612 eam
2735 2559 3014 2629 regionem
3064 2560 3355 2616 lustrasset
3398 2560 3690 2630 (Mareotes
3736 2562 3828 2615 hic

2245 2646 2407 2715 vulgo
2442 2646 2597 2701 locus
2625 2645 2866 2716 dicitur)
2898 2656 3061 2717 atque
3087 2648 3155 2702 ad
3184 2650 3358 2718 ipsos,
3382 2664 3682 2720 eorumque
3709 2664 3827 2705 mo-

2249 2736 2490 2791 nasteria
2525 2737 2861 2803 divertisset,
2896 2754 3149 2810 magnam
3180 2741 3249 2795 ab
3282 2741 3351 2797 iis
3391 2742 3681 2797 utilitatem
3728 2759 3825 2798 ac-

2248 2830 2412 2897 cepit.
2442 2830 2659 2884 Etenim
2689 2845 2815 2885 cum
2847 2831 2987 2900 ipsis
3018 2830 3378 2889 Paschalibus
3402 2833 3551 2889 feriis
3581 2836 3710 2890 illuc
3735 2852 3827 2889 ac-

2247 2921 2532 2986 cessisset,
2566 2936 2784 2977 omnem
2829 2937 3019 2977 eorum
3063 2926 3183 2979 vitae
3227 2926 3491 2986 rationem
3537 2928 3827 2999 diligenter

2249 3012 2511 3084 inspexit,
2552 3016 2974 3087 observavitque
3006 3019 3303 3075 nonnullos
3340 3030 3508 3074 totam
3540 3021 3687 3075 illam
3734 3038 3826 3076 sa-

2250 3110 2593 3157 crosanctam
2622 3104 3016 3160 hebdomadem
3047 3108 3167 3162 sine
3189 3109 3300 3162 ullo
3330 3110 3455 3164 cibo
3488 3113 3824 3182 transigere;

2250 3189 2389 3245 alios
2437 3191 2663 3249 alternis
2698 3194 2850 3248 illum
2892 3196 3088 3252 diebus
3126 3213 3356 3268 capere;
3395 3200 3663 3270 quosdam
3697 3218 3828 3257 vero

2248 3280 2353 3335 sub
2410 3298 2717 3353 vesperam.
2772 3284 3138 3352 Quamobrem
3191 3304 3533 3361 quaecunque
3586 3301 3700 3347 toto
3734 3295 3827 3348 illo

2247 3387 2413 3442 opere
2438 3388 2467 3428 a
2493 3373 2721 3432 Philone
2744 3385 2977 3434 tractata
3012 3389 3163 3446 sunt,
3195 3397 3260 3438 ea
3285 3382 3724 3441 Christianorum
3759 3388 3829 3444 ad

2250 3463 2408 3517 ﬁdem
2462 3468 2789 3539 vivendique
2816 3471 3083 3528 rationem
3115 3473 3338 3528 omnino
3366 3476 3660 3545 pertinent.
3689 3478 3825 3534 Cum

2250 3557 2418 3627 igitur
2450 3556 2637 3615 Jessazi
2666 3570 2799 3616 tunc
2830 3566 3094 3635 temporis
3132 3566 3472 3634 dicerentur,
3504 3573 3668 3640 paulo
3708 3584 3830 3644 post

2252 3666 2543 3708 ascensum
2560 3654 2765 3710 Christi
2784 3656 3025 3722 Domini,
3050 3667 3338 3729 postquam
3361 3660 3579 3719 Marcus
3599 3665 3653 3719 in
3671 3665 3831 3739 Egy-

2251 3754 2343 3814 pto
2355 3746 2599 3801 divinum
2622 3747 2849 3804 verbum
2874 3750 3211 3819 praedicavit,
3228 3753 3474 3806 nonnulli
3506 3761 3637 3809 tunc
3655 3758 3828 3825 prod-

2254 3844 2432 3896 ierunt
2464 3843 2833 3912 apostolorum
2877 3843 3124 3909 asseclze,
3148 3841 3392 3899 Nazareni
3433 3844 3687 3902 videlicet
3714 3848 3827 3913 isti,

2252 4025 2461 4079 stianos
2488 4038 2517 4076 a
2540 4023 2769 4095 Philone
2796 4023 3222 4092 comprehensos
3247 4024 3461 4095 statuit.
3481 4025 3556 4078 Ac
3581 4025 3828 4095 profecto

2253 4096 2367 4150 ﬁeri
2405 4095 2551 4148 istud
2572 4094 2878 4166 _potuit,‘ut
2909 4095 3193 4166 cum__ante
3234 4092 3829 4166 Christianae—religio-

2253 4167 2338 4219 nis
2369 4176 2546 4218 ortum
2572 4162 2762 4217 Esseni
2796 4161 2881 4215 his
2909 4162 3173 4232 moribus,
3202 4178 3378 4232 eoque
3400 4165 3521 4217 vitae
3552 4161 3826 4229 instituto,

2252 4235 2395 4356 quod
2449 4234 2501 4287 in
2556 4232 2926 4310 priore_libro
2978 4231 3133 4285 Philo
3184 4231 3466 4301 praedicat,
3505 4236 3559 4287 in
3591 4234 3830 4306 IEgypto

2293 4311 2530 4356 orerent.
2565 4312 2728 4356 atque
2753 4310 2895 4356 inter
2926 4300 3145 4356 Judaeos
3174 4311 3228 4356 et
3251 4311 3433 4356 essent
3473 4312 3527 4356 et
3553 4305 3826 4356 haberen-

2293 4311 2530 4365 orerent,
2557 4300 2728 4371 atque
2753 4301 2895 4356 inter
2926 4300 3145 4356 Judaeos
3174 4300 3228 4356 et
3251 4311 3433 4357 essent
3473 4312 3527 4357 et
3553 4300 3826 4360 haberen-

2253 4382 2343 4451 tu_r
2371 4373 2740 4437 sanctissimi;
2778 4380 3134 4451 posteaquam
3183 4382 3404 4451 auctore
3450 4373 3634 4451 Marco
3668 4376 3829 4451 Chri-

2253 4445 2556 4516 stianorum
2597 4458 2771 4516 genus
2802 4444 3300 4516 exstitit,_quorum
3354 4446 3480 4516 vitae
3524 4444 3663 4498 ra'tio
3717 4448 3829 4516 pri-

2255 4514 2359 4569 mis
2391 4515 2499 4569 illis
2526 4510 2860 4584 temporibus
2887 4527 3010 4565 cum
3038 4510 3369 4584 Essenorum
3397 4514 3686 4584 disciplina
3712 4510 3830 4570 ina-

2293 4598 2491 4653 nopere
2544 4583 2882 4652 congruebat
2910 4621 2923 4641 .
2978 4583 3047 4636 ab
3093 4583 3479 4640 Alexandrinis
3531 4583 3827 4653 gentilibus

2256 4599 2452 4706 Essem
2477 4654 2587 4706 sint
2611 4653 2811 4706 vocati.
2843 4650 2993 4706 Ouos
3018 4653 3164 4706 enim
3192 4661 3247 4706 et
3268 4652 3508 4706 Judaaos.
3544 4664 3674 4706 tunc
3701 4658 3826 4706 nui-

2303 4650 2452 4709 εεὸηί
2477 4654 2587 4709 sint
2611 4650 2811 4727 vocati.
2843 4650 2993 4717 Quos
3018 4653 3164 4727 enini
3192 4661 3247 4707 et
3268 4652 3508 4718 Judaaos,
3535 4650 3674 4711 tunc
3701 4658 3826 4727 qui-

2253 4726 2397 4788 dem,
2454 4737 2646 4779 omnes
2688 4722 2956 4786 viderent,
3000 4730 3054 4777 et
3099 4721 3432 4778 Essenorum
3479 4721 3828 4781 communem

2254 4794 2402 4848 illam
2441 4792 2563 4848 vitae
2599 4793 2889 4855 rationem,
2917 4803 3078 4862 atque
3109 4792 3178 4847 ab
3206 4795 3353 4847 omni
3387 4795 3537 4859 luxu,
3568 4804 3623 4847 et
3648 4798 3827 4850 ambi-

2253 4867 2401 4919 tione
2425 4871 2688 4919 remotam
2718 4864 3142 4932 compleclentes
3166 4872 3455 4918 cernerent
3477 4880 3600 4918 cum
3623 4874 3677 4918 et
3697 4869 3827 4919 alio-

2254 4936 2345 5002 qui
2376 4950 2441 4988 ex
2476 4934 2809 4990 Essenorum
2839 4933 3068 4987 Judaica
3104 4934 3340 4987 factione
3366 4935 3610 5003 plerique
3652 4951 3711 4989 se
3759 4939 3826 4991 ad

2252 5006 2601 5060 Christianos
2631 5013 3039 5073 aggregassent,
3060 5005 3334 5073 quodnam
3363 5006 3432 5058 iis
3458 5004 3601 5058 aliud
3626 5022 3825 5059 nomen

2293 5091 2416 5128 nam
2470 5074 2777 5131 Essenorum
2828 5074 3181 5143 aiiingerent?
3224 5074 3359 5127 Nam
3407 5082 3461 5129 et
3494 5076 3587 5129 diu
3635 5085 3827 5143 postea

2293 5094 2416 5128 nam
2470 5094 2777 5131 ESSEOTUIH
2828 5094 3180 5143 attingerent:
3225 5094 3359 5127 nam
3407 5094 3461 5129 el
3494 5094 3587 5129 0111
3635 5094 3827 5143 νοειρίι

2251 5094 2552 5202 ἓιιιείεῑίιιηὶ
2594 5159 2785 5198 onmes
2832 5159 2862 5197 a
2902 5143 3111 5199 Graacis
3137 5159 3201 5196 ac
3232 5144 3493 5199 Romanis
3524 5144 3693 5198 Judaei
3726 5161 3828 5199 no-

2254 5217 2467 5278 minati,
2496 5224 2549 5271 et
2572 5230 2670 5286 pro
2695 5213 3086 5286 JudaeisJiabiti
3120 5222 3269 5286 sunt,
3292 5222 3351 5267 ut
3384 5229 3490 5286 non
3522 5214 3824 5286 absurdum

2254 5289 2326 5342 sit
2355 5282 2705 5355 Philonianos
2730 5285 2852 5339 illos
2881 5282 3099 5355 Essreos
3125 5283 3514 5355 θεωρητικούς,
3549 5284 3825 5339 Christia-

2256 5374 2355 5412 nos
2406 5356 2594 5411 fuisse.
2643 5354 2773 5420 Qua:
2814 5362 2992 5407 autem
3038 5354 3303 5408 adversus
3339 5369 3400 5407 ea
3455 5369 3651 5424 magno
3697 5372 3825 5409 cum

2256 5428 2483 5496 strepitu
2539 5440 2599 5479 ac
2652 5426 2936 5496 stomacho
2982 5424 3504 5496 disputantur,cum
3551 5433 3645 5478 aut
3688 5426 3827 5480 levia

2256 5495 2385 5559 sint,
2421 5503 2514 5550 aut
2548 5496 2703 5549 facile
2731 5495 2954 5548 dissolvi
2982 5495 3215 5562 possint.
3248 5495 3381 5548 nihil
3412 5496 3538 5555 erit,
3560 5496 3703 5563 quod
3724 5512 3825 5551 nos

2254 5567 2640 5621 vetustissimae.
2666 5566 2809 5618 illius
2839 5565 3135 5631 opinionis,
3168 5579 3231 5619 ac
3282 5574 3563 5618 tantorum
3596 5565 3824 5619 Patrum

2256 5636 2595 5690 auctoritatis
2625 5644 2679 5689 et
2705 5636 3083 5705 consensionis
3113 5635 3393 5701 pmniteat.
3434 5633 3566 5689 Vide
3610 5652 3731 5705 quae
3756 5634 3826 5691 'de

2257 5708 2341 5761 his
2368 5706 2735 5761 eruditissime
2767 5703 3053 5759 Serrarius
3085 5718 3268 5759 noster
3298 5706 3389 5758 lib.
3426 5720 3484 5757 ιιι
3522 5703 3826 5761 Trihwresii

2257 5781 2518 5833 adversus
2556 5774 2889 5847 Scaligerum
2926 5791 2987 5831 ac
3017 5774 3238 5830 Juniuni
3271 5776 3512 5832 disserit.
