4170 6372
480 409 582 464 599

1847 397 1902 452 s.
1946 398 2285 455 EPIPHANII
2331 469 2336 480 ι

3621 406 3726 460 400

483 534 550 586 de
579 529 779 601 quibus
810 541 1048 598 praesens
1073 523 1359 578 institutus
1394 531 1478 576 est
1516 537 1716 577 sermo.
1757 521 1922 578 Erant
1969 523 2038 577 illi

2151 525 2301 594 νόμῳ
2335 523 2391 576 δὲ
2423 523 2864 594 προσανέχοντες,
2903 525 2997 578 καὶ
3029 523 3329 597 περιτομὴν
3363 525 3688 594 κεκτημένοι
3709 542 3721 553 ·

485 638 683 690 genere
709 620 925 690 quidem
957 615 1151 679 Judaei,
1184 627 1345 683 atque
1379 614 1446 666 ad
1483 614 1652 682 legem
1683 623 1734 667 et
1758 614 2051 668 circumci-

487 715 694 769 sionein
721 711 1094 764 adhaeserant:
1136 707 1231 762 sed
1261 705 1720 776 quemadmodum
1753 707 1844 774 qui
1875 721 1905 761 e
1927 721 2049 775 spe-

487 804 609 858 cula
631 802 821 870 procul
841 800 1018 869 ignem
1044 800 1544 869 aspiciunt,'neque
1566 797 1722 867 cujus
1752 798 1826 851 rei
1855 798 2047 867 gratia,

487 911 714 968 quemve
752 894 819 947 ad
863 906 1025 947 usum
1071 891 1174 945 hoc
1213 889 1520 945 incendium
1554 889 1847 944 excitatum
1888 888 2052 943 fuerit

485 988 690 1049 sciunt,
727 993 1039 1040 utrumnam
1071 983 1138 1037 ad
1180 983 1404 1038 obsonia
1443 981 1595 1050 121
1632 979 1934 1050 coquenda,
1968 981 2049 1033 ei-

485 1077 694 1145 bosque
717 1075 883 1129 victui
912 1073 1319 1144 praeparandos,
1367 1086 1434 1124 an
1469 1080 1525 1123 ιιι
1554 1071 1756 1125 eremia
1789 1071 2050 1140 aridaque

484 1167 739 1237 virgulta,
753 1173 812 1219 ut
830 1165 1050 1226 assolet,
1067 1169 1498 1226 concremarent;
1518 1161 1596 1216 sic
1615 1161 1688 1214 illi
1709 1161 1848 1215 istud
1871 1162 2047 1230 ipsum

484 1257 680 1312 imitati
711 1257 1035 1325 semetipsos
1064 1254 1317 1308 incendio
1346 1261 1825 1322 consumpserunt.
1867 1251 2046 1322 Siqui-

482 1351 604 1404 dem
636 1349 752 1403 solo
781 1345 908 1402 Jesu
949 1347 1168 1400 nomine
1214 1343 1421 1406 audito,
1467 1344 1884 1413 conspectisque
1927 1361 2049 1413 quae

481 1440 550 1494 ab
585 1438 848 1507 apostolis
877 1436 1068 1491 tierent
1096 1436 1362 1506 portentis
1389 1449 1451 1487 ac
1483 1434 1784 1496 miraculis,
1812 1435 1864 1488 in
1894 1435 2045 1489 illum

478 1539 534 1586 et
575 1531 676 1600 ipsi
722 1544 940 1599 quoque
981 1527 1353 1582 crediderunt.
1413 1526 1582 1592 Quem
1635 1541 1757 1580 cum
1793 1524 2046 1581 Nazareti

475 1625 680 1680 scirent
711 1622 765 1675 in
797 1619 1040 1690 Virginis
1070 1629 1223 1673 utero
1255 1620 1515 1688 genitum,
1554 1627 1716 1688 atque
1749 1619 1801 1673 in
1823 1617 2044 1691 Iosephi

478 1711 638 1762 domo
675 1707 960 1771 nutritum,
1014 1716 1068 1762 et
1117 1707 1321 1762 idcirco
1367 1705 1554 1761 Jesum
1601 1706 1940 1763 Nazarenum
1990 1711 2045 1763 in

479 1799 767 1868 Evangelio
792 1798 1078 1863 nominari,
1097 1798 1546 1867 quemadmodum
1567 1800 1795 1868 apostoli
1820 1801 2047 1869 loquun-

2155 616 2270 668 ἀλλ’
2300 615 2487 685 ὥσπερ
2518 615 2626 668 ἀπὸ
2673 615 2878 680 σκοποῦ
2923 633 3063 678 τινες
3106 616 3427 686 θεασάμενοι
3465 617 3597 688 πῦρ,
3629 616 3727 671 καὶ

2156 707 2230 778 μὴ
2272 711 2561 778 νοήσαντες
2607 708 2671 760 δι’
2722 709 2798 778 ἣν,
2833 709 3010 762 αἰτίαν
3057 711 3103 762 οἱ
3153 710 3252 780 τὴν
3295 711 3471 780 πυρὰν
3521 709 3726 780 ταύτην

2153 799 2464 868 ἐξάψαντες.
2492 799 2523 869 ἢ
2557 800 2951 870 χρησιμότητα,
2992 800 3150 853 τοῦτο
3182 803 3443 864 ποιοῦσιν,
3474 803 3507 872 ἢ
3533 803 3600 854 τά
3625 802 3725 872 τῆς

2153 889 2298 958 ζωῆς
2345 891 2549 942 ἑαυτῶν
2585 889 2788 958 ὀψώνια
2835 891 2970 960 πρὸς
3012 891 3207 962 ἐδωδὴν
3255 892 3342 945 διὰ
3393 892 3492 962 τῆς
3545 894 3724 963 πυρᾶς

2151 980 2672 1043 κατασκευάζοντες,
2707 981 2739 1050 ἢ
2769 983 2860 1034 ἐπὶ
2899 982 3190 1052 ἀφανισμῷ
3223 999 3384 1035 τινων
3413 983 3722 1036 καυστικῶν

2152 1071 2323 1134 ξύλων
2360 1071 2392 1142 ἦ
2437 1072 2726 1142 φρυγάνων
2759 1073 2864 1124 τῶν
2917 1073 3021 1125 ὑπὸ
3067 1077 3236 1145 πυρὸς
3283 1073 3550 1126 εἰωθότων
3595 1075 3723 1126 ἀνα-

2149 1163 2462 1217 λίσκεσθαν
2512 1165 2654 1218 οὕτω
2695 1165 2788 1218 καὶ
2828 1166 2978 1218 αὐτοὶ
3018 1167 3412 1236 μιμησάμενοι,
3441 1166 3553 1236 πῦρ
3591 1165 3724 1218 ἀνά-

2148 1253 2364 1322 ψαντες,
2398 1255 2622 1317 ἑαυτοὺς
2660 1255 2982 1326 ἐνέπρησαν.
3030 1256 3381 1319 Ἀκούσαντες
3422 1256 3530 1327 γὰρ
3561 1255 3724 1325 μόνον

2149 1343 2316 1413 ὄνομα
2359 1343 2553 1413 Ἰησοῦ,
2585 1346 2679 1398 καὶ
2711 1345 3034 1414 θεασάμενοι
3076 1347 3144 1399 τά
3186 1345 3480 1417 θεοσήμεια
3517 1346 3586 1398 τά
3630 1345 3720 1398 διὰ

2149 1436 2347 1506 χειρῶν
2372 1436 2481 1488 τῶν
2511 1436 2823 1490 ἀποστόλων
2851 1439 3129 1507 γινόμενα,
3173 1439 3266 1492 καὶ
3311 1440 3462 1492 αὐτοὶ
3493 1441 3571 1502 εἰς
3613 1439 3718 1508 Ἰη-

2151 1527 2275 1580 σοῦν
2326 1526 2658 1582 πιστεύουσι.
2711 1528 2934 1591 Γνόντες
2967 1529 3022 1582 δὲ
3067 1529 3228 1581 αὐτὸν
3272 1531 3335 1582 ἐκ
3381 1529 3632 1600 Ναζαρὲτ
3660 1531 3723 1582 ὲν

2147 1622 2342 1692 γαστρὶ
2372 1621 2832 1694 ὲγκυμονηθέντα,
2863 1623 2956 1674 καὶ
2996 1624 3052 1676 ὲν
3083 1623 3216 1690 οἴκῳ
3258 1621 3452 1692 Ἰωσὴφ
3481 1623 3720 1691 ἀνατρα-

2147 1712 2334 1780 φέντα,
2377 1713 2470 1764 καὶ
2501 1712 2588 1765 διά
2630 1712 2790 1765 τοῦτο
2822 1715 2879 1764 ὲν
2925 1711 3000 1782 τῷ
3045 1711 3362 1782 Εὖαγγελίῳ
3399 1711 3604 1782 Ἰησοῦν
3629 1710 3720 1766 τὸν

2146 1802 2463 1873 Ναζωραῖον
2503 1803 2816 1868 καλεῖσθαι,
2849 1804 2924 1867 ὡς
2975 1804 3069 1856 καὶ
3110 1806 3162 1856 οἱ
3208 1803 3492 1856 ἀπόστολοί
3534 1820 3716 1870 φασιν,

476 1902 602 1949 tur:
644 1892 826 1945 Jesum
864 1889 1207 1944 Nazarenam
1259 1892 1430 1944 virum
1477 1890 1824 1959 approbatum
1874 1892 2038 1960 signis

2154 1891 2396 1957 Ἰησοῦν
2425 1891 2532 1944 τὸν
2561 1892 2892 1959 Ναζωραῖον
2913 1892 3098 1960 ἄνδρα
3128 1891 3627 1961 ἀποδεδειγμένον
3648 1892 3719 1944 ἐν

475 2001 538 2039 ac
562 1981 872 2052 prodigiis‘,
898 1996 962 2035 ex
997 1995 1062 2034 eo
1093 1995 1290 2035 nomen
1323 1981 1425 2034 sibi
1456 1978 1600 2033 istud
1644 1981 1949 2050 imponunt,
1983 1989 2041 2034 ut

478 2073 715 2130 Nazareei
749 2080 1030 2134 vocentur,
1062 2086 1165 2125 non
1205 2070 1453 2136 Naziraei,
1493 2089 1614 2142 quae
1658 2088 1759 2127 vox
1803 2074 2043 2128 sanctiﬁ-

474 2176 657 2223 catum
687 2167 978 2240 signiﬁcat.
1011 2163 1111 2218 Hie
1149 2165 1293 2219 enim
1338 2165 1610 2234 quondam
1646 2165 2039 2236 primogenitis,

476 2263 694 2333 Deoque
742 2257 1078 2315 consecratis
1116 2255 1398 2324 dignitatis
1448 2255 1621 2309 honor
1650 2265 1733 2310 est
1781 2257 2037 2312 habitus:

473 2369 705 2426 quorum
730 2369 760 2409 e
789 2364 1016 2407 numero
1040 2348 1331 2417 Sampson,
1360 2348 1557 2416 aliique
1581 2358 1702 2418 post
1731 2349 1929 2418 ipsum,
1955 2351 2040 2406 vel

472 2458 599 2503 ante
628 2448 807 2516 ipsum
855 2444 1163 2514 complures
1194 2442 1540 2497 exstiterunt.
1577 2440 1687 2494 lmo
1720 2452 1773 2495 et
1802 2440 2038 2497 Joannes

472 2539 715 2608 Baptista
744 2552 807 2591 ex
850 2535 944 2589 illo
973 2533 1351 2586 dedicatorum
1385 2529 1495 2584 Deo
1529 2530 1812 2583 hominum
1841 2547 2038 2601 genere

471 2633 607 2697 fuit;
637 2631 729 2702 qui
773 2630 959 2682 vinum
993 2636 1086 2682 aut
1129 2627 1360 2680 siceram
1392 2639 1502 2678 non
1551 2623 1708 2677 bibit.
1744 2623 1867 2677 Fuit
1894 2627 2037 2678 enim

471 2721 784 2778 hominibus
823 2717 1091 2790 ejusmodi
1144 2731 1332 2770 eorum
1379 2714 1628 2785 dignitati
1673 2726 2038 2771 consentanea

469 2812 682 2867 vivendi
715 2812 855 2865 ratio
885 2811 1200 2863 constituta.
1801 2801 1818 2820 ‘

541 2905 626 2959 VI.
667 2904 773 2958 Sed
812 2903 902 2957 alii
941 2901 1226 2955 Nazartros
1259 2899 1468 2968 seipsos
1501 2897 1794 2967 appellant.
1829 2899 2038 2967 Quippe

467 2997 846 3051 Nazarzeorum
893 3002 1040 3048 secta
1088 2991 1366 3044 Christum
1404 2987 1733 3050 antecessit,
1781 3003 1882 3042 nec
1911 3003 2035 3042 eum

467 3085 739 3156 cognovit.
776 3082 977 3138 Verum
1014 3080 1310 3136 Christiani
1340 3119 1353 3143 ,
1395 3086 1454 3132 ut
1493 3079 1671 3132 initio-
1708 3079 1926 3139 monui,
1969 3079 2038 3131 ab

466 3177 717 3232 omnibus
753 3173 994 3228 Nazaraai
1031 3171 1327 3240 nuncupati
1366 3177 1533 3233 sunt,
1581 3167 2034 3238 quemadmodum

2144 1999 2206 2035 τε
2251 1984 2521 2050 σημείοις
2565 1985 2661 2037 καὶ
2712 1984 2936 2051 τέρασι,
2973 1984 3066 2036 καὶ
3115 1983 3182 2036 τά
3238 1983 3398 2053 ἑξῆς,
3454 1984 3613 2037 τοῦτο
3657 1984 3719 2036 τὸ

2141 2072 2311 2144 ὄνομα
2343 2075 2679 2128 ἐπιτιθέασιν
2709 2077 2908 2136 αὐτοῖς,
2937 2075 2995 2128 τὸ
3032 2075 3314 2128 καλεῖσθαι
3343 2075 3716 2146 Ναζωραίους,

2141 2165 2260 2235 οὐχὶ
2285 2165 2341 2218 δὲ
2369 2166 2717 2237 Ναζιραίους,
2757 2167 2818 2219 τὸ
2847 2168 3280 2238 ἑρμηνευόμενον
3326 2169 3713 2239 ήγιασμένους.

2141 2256 2312 2311 Τοῦτο
2359 2258 2467 2328 γὰρ
2513 2261 2626 2322 τοῖς
2675 2258 2736 2311 τὸ
2795 2259 3022 2313 παλαιὸν
3068 2260 3143 2331 (7)
3203 2261 3568 2332 πρωτοτόκοις
3623 2262 3717 2315 καὶ

2140 2348 2257 2418 Θεῷ
2282 2349 2664 2419 ἀφιερωθεῖσιν
2692 2350 2903 2420 ὑπῆρχε
2950 2351 3010 2402 τὸ
3040 2350 3275 2421 ἀξίωμα,
3310 2345 3385 2404 ὧν
3423 2349 3503 2416 εἷς
3536 2354 3714 2424 ὑπῆρ-

2138 2457 2231 2509 χεν
2259 2442 2287 2493 ό
2312 2439 2567 2510 Σαμψὼν,
2603 2443 2694 2494 καὶ
2724 2442 2871 2494 ἄλλοι
2905 2444 3022 2512 μετ’
3055 2443 3235 2506 αὐτὸν,
3283 2445 3376 2497 καὶ
3407 2445 3512 2516 πρὸ
3549 2445 3713 2498 αὑτοῦ

2140 2529 2339 2583 πολλοί.
2385 2531 2543 2584 Ἀλλὰ
2575 2532 2667 2584 καὶ
2709 2533 2957 2601 Ἰωάννης
2985 2535 3012 2585 ό
3048 2534 3358 2605 Βαπτιστὴς
3391 2536 3497 2587 τῶν
3535 2536 3715 2588 αὐτῶν

2137 2623 2579 2693 ἀφηγησαμένων
2611 2622 2632 2653 ⁵
2665 2621 2743 2688 τῷ
2781 2622 2899 2693 Θεῷ
2926 2623 3018 2675 καὶ
3053 2623 3211 2688 αὐτὸς
3238 2619 3318 2688 εἷς
3343 2626 3575 2696 ὑπῆρχε,
3618 2627 3716 2679 καὶ

2137 2706 2275 2762 οἶνον
2325 2711 2418 2763 καὶ
2483 2711 2675 2782 σίκερα
2736 2713 2835 2765 οὐκ
2890 2712 3093 2766 ἔπινεν.
3153 2715 3375 2786 Ὠριστο
3432 2717 3541 2788 γὰρ
3600 2721 3716 2782 τοῖς

2136 2801 2396 2865 τοιούτοις
2433 2801 2568 2872 αὕτη
2605 2803 2859 2874 ἁρμόδιος
2881 2804 2958 2874 τῷ
2988 2804 3253 2875 ἀξιώματι
3279 2810 3311 2877 ἠ
3347 2807 3601 2862 πολιτεία.

2209 2896 2298 2960 σο.
2335 2895 2514 2948 ’Ἄλλοι
2553 2895 2609 2947 δὲ
2646 2896 3020 2968 Νασαραίους⁶
3052 2898 3128 2967 (8)
3160 2901 3386 2962 ἑαυτοὺς
3429 2901 3708 2956 ἐκάλεσαν.

2136 2981 2243 3038 Ἦν
2267 2985 2375 3057 γὰρ
2406 2989 2437 3057 ἡ
2472 2988 2680 3057 αἵρεσις
2706 2989 2814 3039 τῶν
2844 2990 3173 3060 Νασαραῑων
3201 2991 3307 3060 πρὸ
3332 2992 3586 3061 Χριστοῦ,
3621 2994 3713 3046 καὶ

2137 3077 2370 3148 Χριστὸν
2400 3079 2499 3130 οὐκ
2536 3079 2670 3149 ᾔδει.
2719 3079 2877 3132 Ἀλλά
2916 3084 3008 3134 καὶ
3041 3082 3237 3146 πάντες
3280 3083 3554 3154 ἄνθρωποι
3586 3087 3711 3150 τοὺς

2137 3169 2498 3238 Χριστιανοὺς
2531 3170 2882 3241 Ναζωραίους
2920 3172 3174 3238 ἐκάλουν,
3205 3173 3280 3236 ὡς
3324 3179 3600 3246 προεῖπον,
3635 3177 3710 3240 ὡς

467 3269 542 3323 illi
573 3269 860 3329 dixerunt,
899 3266 992 3336 qui
1050 3263 1276 3317 Paulum
1326 3261 1628 3332 apostolum
1673 3265 2032 3314 accusarunt:

2139 3261 2349 3329 λέγουσι
2379 3263 2805 3334 κατηγοροῦντες
2841 3266 3054 3318 Παύλου
3087 3267 3178 3319 τοῦ
3210 3268 3524 3321 ἀποστόλουο
3565 3269 3711 3325 Τοῦ-

465 3357 616 3414 Hunc
637 3396 652 3420 ,
690 3355 977 3424 inquiunt,
1012 3352 1271 3406 hominem
1304 3351 1590 3404 invenimus
1616 3349 1920 3418 pestiferum
1941 3388 1954 3412 ,
1985 3357 2034 3402 et

463 3455 876 3516 sorrumpentem
901 3443 1170 3512 populum,
1185 3451 1234 3495 et
1260 3449 1523 3494 auctorem
1553 3449 1703 3493 secta:
1723 3437 2037 3492 Nazaren-

464 3556 582 3594 rum
621 3541 662 3592 ³.
711 3539 780 3592 At
810 3543 1033 3592 sanctus
1084 3533 1376 3603 Apostolus
1422 3547 1596 3600 neque
1646 3545 1843 3584 nomen
1890 3530 2033 3584 istud

463 3636 678 3704 cjurat,
710 3629 924 3684 tametsi
957 3627 1028 3682 ab
1084 3628 1300 3680 illorum
1345 3625 1539 3678 haeresi
1570 3622 1923 3686 abhorreret,
1981 3631 2033 3678 et

462 3727 607 3799 quod
649 3725 751 3780 sibi
781 3719 1217 3777 adversariorum
1245 3717 1588 3786 improbitate
1625 3723 1844 3786 propter
1875 3716 2035 3769 Chrio

463 3827 608 3874 stum
635 3817 946 3884 impositum
978 3818 1096 3866 erat
1129 3808 1454 3863 vocabulum
1482 3847 1497 3872 ,
1532 3806 1762 3861 libenter
1794 3806 2030 3860 admisit.

462 3907 538 3962 Ita
563 3907 705 3962 enim
740 3909 865 3956 ante
907 3899 1145 3954 tribunal
1176 3897 1312 3952 dixit
1358 3914 1372 3950 :
1411 3894 1591 3966 Neque
1621 3895 1676 3948 in
1717 3894 1905 3962 templo
1955 3895 2034 3947 in-

463 4008 706 4055 uenerunt
735 4012 815 4050 me
834 4003 958 4048 'cum
985 3993 1161 4061 aliquo
1194 3989 1545 4057 disputantem
1563 4026 1577 4050 ,
1601 3997 1693 4040 aut
1724 4003 2032 4041 concursum

461 4093 741 4158 facientem
776 4087 970 4148 turbae,
1008 4098 1167 4152 neque
1197 4081 1478 4151 quidquam
1511 4095 1690 4132 eorum
1719 4078 1906 4148 quibus
1953 4095 2033 4132 me

459 4189 713 4236 accusant
738 4177 958 4232 admisi.
991 4172 1257 4242 ConﬁteOr
1290 4179 1464 4223 autem
1501 4168 1597 4221 hoc
1635 4166 1749 4231 tibi,
1775 4168 1911 4234 quod
1949 4182 2031 4219 se-

461 4273 689 4328 cundant
712 4281 924 4332 sectam,
967 4282 1123 4336 quam
1154 4263 1338 4315 dicunt
1369 4261 1591 4315 hwresin
1618 4299 1633 4322 ,
1661 4260 1736 4313 sic
1759 4259 2030 4312 deservio:

461 4364 673 4418 credens
720 4360 955 4413 omnibus
1001 4372 1116 4425 qua:
1163 4355 1220 4407 in
1271 4356 1378 4423 lege
1431 4363 1480 4406 et
1529 4352 1789 4421 prophetis
1837 4351 2032 4418 scripta

463 4465 583 4511 sunt
612 4455 652 4509 ³.
694 4451 881 4520 Neque
908 4463 1037 4502 vero
1072 4447 1270 4500 mirum
1301 4453 1386 4499 est
1411 4483 1426 4506 ,
1483 4444 1798 4512 Apostolum
1836 4450 2032 4496 semet-

461 4549 637 4616 ipsum
676 4541 1014 4596 Nazarenum
1045 4536 1290 4591 conﬁteri
1312 4575 1328 4597 ,
1365 4549 1489 4587 cum
1524 4532 1762 4586 universi
1808 4541 1938 4584 tunc
1966 4547 2031 4586 eo

461 4615 678 4692 nomine
715 4630 1058 4686 Christianos
1091 4633 1381 4689 vocarent,
1418 4625 1486 4678 ab
1522 4623 1718 4693 oppido
1758 4621 1988 4676 Nazaret
2011 4663 2025 4685 ,
2063 4615 2104 4668 D

459 4744 559 4784 nec
588 4726 729 4781 ullus
761 4722 984 4776 alterius
1008 4724 1153 4772 esset
1185 4717 1336 4772 vocis
1365 4729 1498 4769 usus
1528 4714 1636 4767 illis
1667 4714 2024 4782 temporibus,

462 4819 620 4889 122
658 4830 765 4886 qua
788 4827 882 4868 eos
913 4810 1007 4880 qui
1037 4807 1257 4863 Christo
1289 4820 1485 4860 nomen
1515 4803 1775 4859 dederant
1807 4812 2027 4873 possent

457 4912 781 4981 exprimere.
807 4904 883 4959 De
909 4916 1016 4973 quo
1047 4913 1179 4955 sane
1212 4898 1474 4966 scriptum
1501 4903 1604 4958 est,
1636 4895 1882 4964 quoniam
1915 4892 2030 4946 Na-

460 5012 682 5052 zarenus
713 4992 986 5049 vocabitur
1013 4989 1055 5042 ⁸.
1091 4985 1224 5041 Nam
1269 4994 1323 5040 et
1357 4985 1510 5039 hodie
1543 4983 1775 5038 haereses
1812 4998 2024 5048 omnes,

459 5087 741 5144 Manicheei
770 5085 996 5144 scilicet,
1020 5078 1415 5140 Marcionistaa,
1443 5076 1708 5140 Gnostici,
1737 5077 2025 5146 caeterique

459 5180 553 5251 qui
588 5175 878 5232 Christiani
911 5187 1017 5226 non
1062 5179 1190 5226 sunt
1218 5209 1234 5233 ,
1274 5168 1708 5223 Christianorum
1745 5175 1925 5221 tamen
1955 5168 2024 5221 ab

461 5273 714 5329 omnibus
739 5266 956 5324 nomine
1001 5259 1386 5332 comprehendi
1421 5259 1634 5326 solent;
1674 5268 1727 5314 et
1767 5273 2024 5328 unaquae-

531 5455 693 5528 ‘gct.
714 5468 774 5516 ιι,
803 5451 893 5528 22.
968 5451 989 5481 ³
1021 5447 1140 5502 Act.
1177 5462 1322 5513 xxxv,
1357 5447 1409 5500 5.
1487 5445 1508 5476 ³
1538 5444 1668 5498 ibid.
1693 5443 1891 5496 12-14.
1969 5442 1992 5474 ⁸
2019 5442 2038 5496 i

2139 5444 2207 5498 Lb.
2230 5459 2291 5508 ιι,
2314 5444 2404 5500 25.
2482 5445 2503 5475 ⁸
2529 5443 2591 5497 F.
2615 5446 2812 5528 αὐτούς
2828 5450 3294 5520 ἀωιερωσαμένων

460 5526 521 5577 οὐ
557 5524 614 5576 δὲ
648 5521 1002 5591 Νασοραξους.

533 5613 606 5683 (7)
651 5612 829 5684 Τοῦτο
853 5611 961 5684 γὰρ
1003 5611 1126 5684 τοῖς
1158 5609 1224 5661 τὸ
1250 5609 1525 5684 παλαιόν.
1559 5606 1624 5684 ιδί
1655 5622 1723 5684 ορ
1751 5620 2018 5684 primoge-

463 5675 599 5735 nit'is'
637 5675 888 5735 omnibus
923 5675 1223 5750 intelligat,
1257 5678 1451 5750 falsum
1495 5677 1617 5731 erit.
1653 5675 1837 5750 Neque
1870 5677 2016 5750 enim

465 5751 802 5818 prbuogeuiti
857 5765 1045 5806 omnes
1101 5745 1337 5802 Nazaraei
1402 5747 1655 5818 fuerunt,
1713 5747 1807 5799 sed
1865 5745 2018 5816 ἀορί-

467 5816 626 5887 στως,
650 5816 713 5872 ὀι
739 5820 804 5874 de
831 5819 1153 5889 quibusdam
1185 5819 1390 5890 accipe,
1427 5824 1483 5869 ut
1516 5816 1582 5871 de
1613 5817 1933 5883 Sainpsone,
1964 5824 2018 5870 et

2135 3369 2240 3404 τον
2275 3353 2380 3405 τὸν
2409 3353 2720 3422 ἄνθρωπον
2757 3355 3004 3424 εὕρομεν
3047 3359 3277 3428 λοιμὸν,
3312 3360 3408 3412 καὶ
3440 3360 3709 3428 διαστρέ-

2134 3459 2324 3510 φοντα
2357 3445 2460 3495 τὸν
2483 3443 2654 3507 λαὸν,
2701 3446 3131 3514 πρωτοστάτην
3169 3465 3232 3501 τε
3266 3448 3410 3501 ὄντα
3451 3448 3560 3517 τῆς
3589 3450 3709 3503 τῶν

2134 3529 2478 3597 Ναζωραίων
2523 3532 2823 3600 αἱρέσεως.
2867 3535 2925 3588 '0
2967 3537 3023 3589 δὲ
3065 3526 3218 3606 ἅγιος
3249 3537 3569 3604 Ἀπὸστολος
3606 3543 3706 3596 ούκ

2134 3624 2374 3693 ἀρνεῖται
2407 3624 2504 3693 μὲν
2532 3625 2591 3676 τὸ
2619 3625 2806 3696 ὄνομα,
2841 3628 2960 3697 οὐχὶ
2987 3629 3083 3699 τὴν
3115 3629 3315 3683 τούτων
3341 3631 3549 3702 αἵρεσιν
3578 3636 3706 3704 ὁμο·

2132 3713 2324 3782 λογῶν,
2356 3714 2489 3767 ἀλλά
2529 3716 2590 3768 τὸ
2630 3715 2800 3787 ὄνομα
2828 3719 2888 3770 τὸ
2925 3720 3031 3772 άπὸ
3065 3721 3164 3790 τῆς
3191 3722 3298 3775 τῶν
3323 3723 3706 3793 ἀντιλεγόντων

2133 3806 2415 3869 κακονοίας
2444 3806 2533 3860 διὰ
2559 3809 2649 3861 τὸν
2684 3811 2915 3881 Χριστὸν
2959 3812 3242 3881 ὲπενεχθὲν
3279 3814 3425 3885 αὐτῷ
3454 3817 3705 3886 ἀσμένως

2134 3897 2576 3968 καταδεχόμενος.
2608 3901 2745 3971 Φησὶ
2779 3903 2887 3970 γάρ
2924 3904 3016 3955 ἐπὶ
3044 3905 3136 3956 τοῦ
3167 3905 3424 3976 βήματος·
3462 3910 3609 3962 Οὔτε
3636 3911 3708 3962 ἐν·

2133 3987 2212 4053 τῷ
2236 3987 2367 4056 ἱερῷ
2392 3986 2572 4058 εὗρόν
2597 4008 2673 4060 με
2697 3994 2846 4059 πρός
2869 4011 3004 4047 τινα
3036 3995 3477 4066 διαλεγόμενον,
3511 3999 3548 4068 ἢ
3576 4001 3706 4053 ἐπι-

2132 4080 2440 4133 σύστασίν
2484 4099 2616 4134 τινα
2674 4083 2858 4149 ὄχλου
2906 4085 3224 4152 ποιοῦντα,
3272 4089 3415 4143 οὐδὲ
3457 4087 3544 4145 ὧν
3583 4112 3706 4162 μου

2132 4172 2572 4240 κατηγοροῦσιν
2604 4173 2784 4226 οὐδὲν
2809 4177 3126 4243 πεποίηκα.
3168 4179 3468 4252 Ὃμολογώ
3505 4185 3572 4237 δέ
3604 4202 3704 4240 σοι

2131 4263 2338 4328 τοῦτο,
2368 4264 2456 4317 ὅτι
2500 4266 2647 4318 κατὰ
2679 4267 2790 4334 τὴν
2822 4269 2982 4332 ὀδόν,
3013 4269 3091 4336 ἢν
3130 4273 3362 4339 αἵρεσιν
3391 4272 3553 4330 οὗτοι
3592 4278 3704 4346 φάη-

2132 4368 2410 4417 σκουσιν,
2438 4353 2591 4406 οὕτω
2619 4358 2884 4422 λατρεύω
2904 4373 2917 4388 ο
2959 4361 3260 4413 πιστεύων
3291 4363 3440 4416 πᾶσι
3474 4366 3597 4430 τοῖς
3632 4368 3704 4419 ἐν

2132 4440 2210 4507 τῷ
2241 4444 2427 4512 νόμῳ,
2461 4444 2558 4497 καὶ
2588 4447 2657 4498 ἐν
2701 4446 2825 4511 τοῖς
2861 4449 3218 4517 προφήταις.
3257 4454 3365 4505 Καὶ
3400 4456 3460 4507 οὺ
3493 4457 3698 4528 θαῦμα,

2131 4533 2210 4585 ὅτι
2240 4535 2268 4585 ὁ
2297 4534 2614 4598 Ἀπόστολος
2641 4537 2892 4605 ὁμολογεί
2917 4540 3106 4592 ἑαυτὸν
3126 4540 3460 4612 Ναζωραῖον,
3487 4547 3702 4601 πάντων

2133 4624 2435 4677 καλούντων
2463 4627 2587 4689 τοὺς
2619 4629 2973 4698 Χριστιανοὺς
3014 4632 3131 4684 τότε
3169 4634 3340 4704 τούτῳ
3371 4635 3447 4705 τῷ
3479 4637 3700 4708 ὀνόματι

2132 4716 2220 4768 διὰ
2258 4715 2508 4790 Ναζαρὲτ
2555 4719 2652 4789 τὴν
2694 4719 2875 4786 πόλιν,
2920 4722 3083 4793 ἄλλης
3127 4725 3201 4795 μὴ
3246 4725 3410 4796 οὔσης
3451 4732 3701 4800 χρήσεως

2132 4805 2209 4875 τῷ
2254 4807 2473 4877 ὀνόματι
2516 4811 2650 4880 πρὸς
2680 4811 2769 4863 τὸν
2799 4814 3006 4885 καιρὸν,
3040 4815 3178 4869 ὥστε
3220 4819 3344 4881 τοὺς
3383 4820 3702 4891 ἀνθρώπους

2134 4897 2314 4951 καλεῖν
2339 4899 2465 4962 τοὺς
2509 4899 2584 4970 τῷ
2615 4899 2830 4971 Χριστῷ
2860 4909 3302 4970 πεπιστευκότας.
3345 4910 3479 4981 Περὶ
3515 4906 3575 4964 οὗ
3605 4913 3702 4982 γέη

2133 5003 2405 5057 γραπται,
2451 4989 2580 5042 "Ott
2625 4989 2952 5058 Ναᾷσραῖος
3002 4996 3390 5062 κληθήσεται.
3437 5001 3548 5054 Καὶ
3591 5004 3700 5075 γὰρ

2132 5077 2225 5129 καὶ
2255 5077 2349 5130 νῦν
2381 5079 2686 5149 ὁμωνύμως
2714 5083 2763 5133 οἱ
2798 5082 3072 5152 ἅνθρωποι
3109 5087 3287 5151 πάσας
3314 5089 3411 5151 τὰς
3439 5093 3695 5161 αἱρέσεις,

2131 5168 2462 5237 Μανιχαίους
2491 5169 2550 5222 τέ
2591 5187 2732 5240 φημι
2761 5173 2854 5224 καὶ
2894 5175 3331 5246 Μαρκιωνιστάς,
3365 5181 3701 5247 Γνωστικούς

2128 5276 2188 5311 τε
2227 5261 2322 5313 καὶ
2359 5260 2550 5323 ἄλλους
2585 5263 2940 5332 Χριστιανοὺς
2977 5268 3103 5330 τοὺς
3135 5268 3208 5339 μὴ
3247 5271 3404 5334 δντας
3438 5274 3698 5344 Χριστιαι

3395 5453 3415 5483 ο
3440 5470 3530 5524 γρ.
3560 5454 3697 5506 Ἀλλ’

2125 5605 2170 5660 si
2210 5605 2302 5672 qui
2337 5606 2425 5660 alii
2451 5607 2840 5677 ejusdemmodi
2873 5613 3092 5668 fuerint.

2195 5677 2272 5742 (8)
2301 5678 2526 5753 _'A:i:.10c
2571 5679 2640 5732 δὲ
2684 5684 3081 5753 Νασαραίους.
3127 5682 3202 5738 De
3251 5685 3335 5739 bis
3379 5685 3590 5753 egimus
3629 5686 3694 5738 ad

2124 5745 2354 5803 hmresin
2389 5747 2793 5819 Nazaraeorum,
2813 5745 2931 5822 qua:
2959 5763 3042 5808 est
3072 5756 3126 5808 in
3156 5754 3249 5810 lib.
3281 5770 3322 5820 ι,
3355 5745 3547 5814 ordine
3575 5769 3692 5812 ΜΞ.
