4170 6372
34 351 131 565 r

586 306 687 368 (ιυι
1226 309 1597 366 ADVERSUS
1637 310 1980 366 ΙΙᾹΞΗΕΒΕΞ
2018 310 2143 366 LIB.

2286 306 2431 363 ΓΟΜ.
2474 304 2537 359 ll.
2564 335 2634 347 —-
2672 304 2949 364 HERES.
2991 305 3184 362 XXIX.
3755 304 3859 362 409

584 432 711 494 νοῦς
754 428 1001 483 καλοῦσι·
1034 428 1127 482 καὶ
1166 430 1315 500 ὅμως
1346 431 1550 501 ἑκάστη
1585 432 1810 503 αἵρεσις,
1842 431 2043 502 καίπερ
2082 430 2178 483 ἄλ-

2286 442 2386 497 que
2410 434 2588 487 secta,
2620 424 2746 479 licet
2780 425 2887 479 alio
2914 428 3131 481 nomine
3154 433 3473 492 censeatur,
3510 426 3562 483 id
3604 426 3706 482 sibi
3757 443 3863 481 no--

586 519 695 583 λως
734 519 999 590 λεγομένη
1021 557 1036 581 ,
1067 519 1419 589 καταδέχεται
1460 521 1619 574 τοῦτο
1650 522 1945 593 χαίρουσα,
1971 522 2053 574 ὅτι
2083 520 2172 573 διὰ

588 610 681 664 τοῦ
729 611 995 681 ὀνόματος
1039 615 1349 681 κοσμεῖται.
1395 613 1624 667 Δοκοῦσι
1672 615 1780 686 γὰρ
1821 616 1913 667 ἐπὶ
1957 614 2034 685 τῷ
2080 613 2173 667 τοῦ

586 701 825 773 Χριστοῦ
870 702 1225 773 σεμνύνεσθαι
1271 705 1517 779 ὀνόματι,
1551 707 1612 759 οὐ
1645 707 1749 778 μὴν
1776 711 1841 779 τῇ
1877 708 2056 760 πίστει
2084 708 2177 761 καὶ

586 796 701 855 τοῖς
729 793 932 866 ἔργοις.
961 794 1118 848 Οῦτω
1152 797 1247 849 καὶ
1277 799 1326 849 οί
1370 778 1520 866 ἆγιοί
1544 797 1638 851 τοῦ
1668 778 1917 870 Χριστοῦ·
1940 799 2176 871 μαθηταὶ

588 888 712 940 τότε
746 887 993 959 μαθητὰς
1017 888 1191 958 Ἰησοῦ
1225 890 1453 953 ἑαυτοὺς
1476 891 1726 953 ἐκάλουν,
1750 890 1939 962 ὥσπερ
1964 887 2055 945 οὗν
2083 892 2177 944 καὶ

587 971 762 1047 ἦσαν·
824 976 1115 1041 ἀκούοντες
1166 978 1223 1031 δὲ
1267 979 1420 1050 παρά
1463 981 1636 1034 ἄλλων
1680 982 2025 1052 Ναξωραῖοι,
2077 984 2177 1036 οὐκ

589 1066 891 1135 ⁴ΙνγναίνοντὌ,
925 1066 1016 1120 τὸν
1056 1069 1256 1121 σκοπὸν
1288 1069 1617 1141 θεωροῦντες
1646 1072 1753 1124 τῶν
1782 1072 1940 1125 τοῦτο
1980 1075 2177 1137 αὐτοὺς

590 1157 929 1223 καλούντων,
959 1160 1039 1212 ὅτι
1078 1160 1165 1213 διὰ
1197 1160 1431 1233 Χριστὸν
1460 1163 1666 1244 ἀὐτοὺς
1698 1164 1954 1217 ἐκάλουν
1992 1165 2177 1237 ἐπειδὴ

590 1251 684 1302 καὶ
726 1250 888 1313 αὐτὸς
931 1251 960 1301 ὁ
1009 1251 1211 1322 Κύριος
1262 1254 1471 1323 Ἰησοῦς
1526 1254 1849 1327 Ναζωραῖος
1892 1258 2174 1321 ἐκαλεῖτο,

588 1340 781 1412 ὥσπερ
817 1342 928 1412 ἔχει
957 1342 1026 1396 τὰ
1055 1346 1383 1413 Εὑαγγέλια,
1422 1349 1516 1400 καὶ
1553 1349 1608 1400 αί
1642 1347 1877 1418 Πράξεις
1901 1349 2009 1401 τῶν
2040 1353 2176 1404 ἁπο-

595 1435 816 1490 στόλων*
845 1435 932 1487 διὰ
960 1436 1020 1488 τὸ
1050 1438 1108 1489 ἐν
1138 1442 1202 1509 τῇ
1239 1438 1390 1491 πόλει
1420 1440 1673 1512 Ναζαρὲτ
1706 1442 1888 1501 αὐτὸν,
1918 1440 2082 1516 ’κώμῃ
2121 1443 2177 1496 δὲ

594 1528 663 1580 τὰ
706 1528 800 1582 νῦν
841 1528 998 1602 οῦσῃ,
1032 1531 1434 1603 ἀνατετράφθαι
1467 1535 1525 1586 ἐν
1556 1534 1688 1604 οἴκῳ
1726 1534 1954 1606 Ἰωσὴφ,
1990 1552 2180 1606 γεννη-

592 1620 759 1673 θέντα
791 1621 933 1674 κατά
964 1622 1141 1694 σάρκα
1173 1627 1229 1677 ἐν
1262 1624 1508 1696 Βηθλεὲμ
1547 1626 1655 1679 ἀπὸ
1684 1627 1901 1698 Μαρίας
1938 1628 2035 1698 τῆς
2061 1630 2177 1681 ἀει-

593 1713 867 1785 παρθένου
893 1715 992 1786 τῆς
1026 1717 1512 1788 μεμνηστευμένης
1540 1719 1737 1789 Ἰωσὴφ
1763 1718 1840 1789 τῷ
1862 1722 1917 1772 ἐν
1945 1723 2010 1791 τῇ
2042 1720 2176 1791 αὐτῇ

593 1807 851 1879 Ναζαρὲτ
894 1811 1261 1881 μετῳκηκότι,
1312 1811 1446 1881 μετὰ
1487 1812 1549 1864 τὸ
1589 1812 1696 1865 ἀπὸ
1729 1813 1978 1884 Βηθλεὲμ
2018 1813 2178 1866 αὑτὸν

598 1901 1014 1971 μεταναστάντα
1043 1903 1101 1955 ἐν
1129 1904 1195 1973 τῇ
1226 1902 1483 1974 Γαλιλαίᾳ
1517 1904 1944 1975 κατοικισθῆναι.

667 2077 739 2129 Z'.
775 2068 935 2129 Οῦτοι
963 2076 1020 2129 δέ
1050 2076 1100 2128 οἱ
1142 2077 1530 2148 προειρημένοι
1571 2078 1912 2149 αἰρεσιῶται,
1945 2079 2074 2150 περὶ
2105 2072 2180 2132 ὧν

596 2165 834 2218 ἐνταῦθα
861 2165 958 2236 τὴν
987 2166 1263 2238 ἀφήγησιν
1288 2167 1608 2237 ποιούμεθα,
1632 2169 1896 2240 παρέντες
1920 2168 1981 2223 τὸ
2012 2170 2181 2240 ὖνομα

597 2258 690 2310 τοῦ
720 2257 919 2328 Ἰησοῦ,
948 2258 1069 2311 οὔτε
1106 2259 1399 2323 ἰεσσαίους
1424 2262 1649 2323 ἑαυτοὺς
1680 2261 2032 2332 κεκλήκασιν,
2057 2261 2179 2315 οὔτε

595 2348 706 2400 τῶν
744 2348 1015 2401 Ἰουδαίων
1054 2348 1273 2419 ἔμειναν
1316 2350 1529 2419 ἔχοντες
1568 2350 1628 2402 τὸ
1658 2350 1848 2421 ὄνομα,
1890 2350 2012 2403 οὔτε
2049 2353 2182 2422 Χρι-

598 2442 844 2503 στιανοὺς
907 2443 1133 2505 ἑαυτοὺς
1194 2443 1576 2512 ἐπωνόμασαν,
1620 2442 1756 2496 ἀλλὰ
1801 2442 2179 2515 Ναζωραίους,

595 2528 756 2598 δῆθεν
792 2530 898 2583 ἀπὸ
928 2531 1029 2600 τῆς
1067 2532 1159 2584 τοῦ
1195 2532 1380 2596 τόπου,
1420 2533 1519 2603 τῆς
1548 2532 1803 2605 Ναζαρὲτ
1842 2535 2178 2604 ἐπωνυμίας.

594 2619 679 2671 Τά
705 2621 883 2673 πάντα
912 2621 968 2673 δέ
996 2623 1132 2675 εἰσιν
1162 2623 1425 2689 Ἰουδαῖοι,
1455 2625 1548 2676 καὶ
1578 2624 1727 2677 οὐδὲν
1754 2624 1956 2697 ἕτερον.
1990 2625 2180 2696 Χρῶν-

595 2727 685 2762 ται
712 2710 768 2763 δὲ
794 2706 936 2766 οῦτοι
963 2714 1021 2765 οὺ
1053 2714 1211 2782 μόνον
1239 2714 1355 2786 Νέᾳ
1379 2714 1643 2786 Διαθήκῃ,
1671 2715 1807 2768 ἀλλὰ
1831 2718 1925 2769 καὶ
1952 2718 2179 2789 Παλαιᾷ,

598 2801 854 2875 καθάπερ
889 2806 981 2857 καὶ
1012 2808 1059 2858 οἱ
1089 2806 1353 2861 Ἰουδαῖοι.
1387 2808 1461 2860 Οὐ
1489 2807 1598 2879 γὰρ
1640 2808 2015 2880 ἀπηγόρευται
2051 2812 2180 2880 παρ’

599 2895 787 2957 αὐτοῖς
834 2895 1127 2966 νομοθεσία
1174 2900 1269 2951 καὶ
1321 2900 1595 2969 προφῆται
1650 2901 1745 2952 καὶ
1793 2904 2067 2970 γραφεῖα,
2114 2902 2183 2955 τὰ

604 2985 755 3055 παρά
788 2987 1065 3051 Ἰουδαίοις
1100 2989 1176 3060 (9)
1221 2990 1529 3061 καλούμενα
1572 2991 1778 3054 Βιϐλία,
1816 2992 2003 3065 ὥσπερ
2034 2994 2185 3065 παρά

599 3077 713 3138 τοῖς
751 3078 1201 3148 προειρημένοις·
1236 3081 1354 3133 οὐδέ
1397 3081 1458 3133 τι
1490 3081 1675 3152 ἕτερον
1701 3079 1845 3135 οῦτοι
1872 3085 2182 3155 φρονοῦσιν,

604 3167 738 3220 ἀλλά
772 3169 915 3223 κατὰ
941 3170 1000 3222 τὺ
1025 3172 1286 3242 κήρυγμα
1313 3173 1406 3225 τοῦ
1435 3174 1620 3244 νόμου,
1651 3175 1743 3226 καὶ
1765 3175 1839 3238 ὡς
1865 3178 1913 3228 οἱ
1941 3176 2182 3231 Ἰουδαῖοι

604 3258 783 3313 πάντα
815 3261 996 3325 καλῶς
1020 3264 1362 3333 ὁμολογοῦσι,
1396 3267 1563 3337 χωρὶς
1597 3266 1691 3319 τοῦ
1727 3270 1807 3331 είς
1835 3270 2067 3339 Χριστὸν
2092 3270 2183 3342 δῆ-

601 3350 694 3404 θεν
741 3358 1184 3410 πεπιστευκέναι.
1237 3360 1373 3429 Παρ’
1428 3360 1608 3424 αὐτοῖς
1656 3360 1765 3434 γὰρ
1816 3363 1911 3415 καὶ
1975 3365 2183 3436 νεκρῶν

602 3444 898 3509 ἀνάστασις
928 3447 1291 3518 ὁμολογεῖται,
1321 3450 1413 3503 καὶ
1446 3453 1511 3505 ὲκ
1538 3452 1672 3505 Θεοῦ
1706 3454 1772 3507 τά
1801 3455 1977 3508 πάντα
2002 3474 2186 3525 γεγεν-

600 3534 815 3604 νῆσθαι.
857 3538 995 3591 Ἕνα
1021 3539 1076 3591 δὲ
1105 3539 1236 3593 Θεὸν
1266 3542 1717 3608 καταγγέλλουσι,
1751 3546 1844 3598 καὶ
1870 3546 1961 3599 τὸν
1994 3547 2182 3601 τούτου

603 3627 769 3680 παῖδα
797 3628 1006 3698 Ἰησοῦν
1037 3632 1291 3703 Χριστόν.
1330 3633 1620 3704 Ἐὅραϊκὴν
1650 3635 1705 3687 δὲ
1734 3636 2008 3692 διάλεκτον
2039 3640 2187 3711 ἀκρι-

604 3719 714 3783 ϐῶς
744 3722 881 3774 εἰσιν
921 3725 1243 3794 ἠσκημένοι.
1282 3727 1419 3797 Παρ³
1448 3729 1631 3791 αὐτοῖς
1670 3728 1778 3800 γὰρ
1806 3733 1915 3793 πᾶς
1946 3734 1973 3784 ὁ
2002 3734 2182 3804 νόμος,

603 3814 699 3865 καὶ
726 3817 774 3867 οί
806 3815 1103 3886 προφῆται,
1134 3818 1229 3870 καὶ
1255 3818 1324 3871 τὰ
1352 3819 1596 3890 Γραφεῖα
1629 3821 1914 3890 λεγόμενα,
1947 3824 2088 3894 φημὶ
2129 3823 2185 3875 δὲ

602 3903 671 3955 τά
704 3905 941 3977 Στιχήρη
963 3948 977 3970 ,
1010 3908 1103 3960 καὶ
1134 3910 1187 3960 αί
1228 3908 1525 3974 Βασιλεῖαι,
1574 3912 1669 3963 καὶ
1709 3912 2181 3983 Παραλειπόμενα,

607 3995 702 4047 καὶ
734 3995 963 4068 Αῑσθὴρ,
1015 3997 1109 4050 καὶ
1153 3998 1320 4052 τᾶλλα
1358 3999 1534 4052 πάντα
1572 4000 1877 4071 Ἐϐραῖκῶς
1923 4002 2189 4071 ἀναγινώ-

606 4103 817 4151 σκεται,
849 4087 1037 4158 ὥσπερ
1059 4088 1249 4158 ἀμέλει
1278 4091 1372 4143 καὶ
1392 4091 1542 4162 παρά
1563 4090 1855 4154 Ἰουδαίοις.
1902 4093 1990 4145 Ἐν
2015 4092 2186 4163 τούτῳ

604 4178 663 4231 δὲ
715 4180 871 4248 μόνον
918 4180 1055 4250 πρὸς
1084 4180 1370 4245 Ἰουδαίους
1414 4182 1756 4253 διαφέρονται
1792 4185 1883 4237 καὶ
1926 4183 2187 4254 Χριστια-

605 4270 754 4332 νούς·
806 4269 1081 4334 Ἰουδαίοις
1127 4272 1226 4341 μὲν
1277 4274 1351 4343 μὴ
1402 4274 1837 4343 συμφωνοῦντες,
1880 4274 1967 4327 διὰ
2013 4275 2073 4327 τὸ
2107 4277 2187 4338 εἰς

603 4359 841 4430 Χριστὸν
876 4361 1328 4415 πεπιστευκέναι·
1364 4362 1709 4432 Χριστιανοῖς
1737 4364 1793 4416 δέ
1834 4365 1907 4435 μὴ
1940 4367 2184 4435 ὁμογνω-

2279 517 2445 573 minis
2478 518 2710 573 libenter
2742 518 2991 581 asciscit,
3025 519 3169 588 quod
3217 519 3321 575 hoc
3369 534 3491 575 esse
3532 520 3635 575 sibi
3674 520 3857 575 decori

2277 625 2440 683 atque
2469 619 2791 667 ornamento
2819 609 3044 680 judicat.
3076 609 3287 680 Quippe
3324 611 3441 666 solo
3471 610 3674 667 Christi
3696 627 3860 666 voca-

2275 704 2425 771 bulo,
2456 719 2564 758 non
2595 703 2698 759 ﬁde
2723 711 2885 773 atque
2915 703 3173 771 operibus
3201 704 3421 773 gloriari
3447 704 3718 758 videntur.
3752 704 3861 758 Eo-

2277 796 2397 851 dem
2424 797 2586 851 modo
2620 796 2795 851 sancti
2824 794 3027 850 Christi
3060 795 3313 864 discipuli
3341 811 3461 850 sese
3487 803 3599 849 tum
3632 797 3684 851 id
3712 799 3858 867 quod

2275 896 2431 943 erant
2455 886 2582 942 Iesu
2630 887 2928 955 discipulos
2971 886 3273 950 vocabant;
3305 902 3482 956 neque
3515 895 3696 941 tamen
3729 903 3857 943 cum

2278 981 2347 1035 ab
2389 980 2512 1033 aliis
2544 978 2814 1033 Nazareni
2845 979 3181 1040 dioerentur,
3220 992 3417 1031 nomen
3449 977 3591 1031 istud
3630 995 3857 1035 recusa-

2279 1070 2410 1125 bant
2432 1110 2445 1134 ,
2476 1086 2601 1124 eum
2634 1070 2701 1123 ad
2745 1084 2934 1124 eorum
2963 1110 2977 1131 ,
3029 1083 3059 1121 a
3086 1067 3287 1138 quibus
3317 1068 3394 1122 sic
3417 1069 3855 1138 appellabantur,

2281 1161 2438 1217 ﬁnem
2474 1176 2806 1230 scapumque
2832 1160 3198 1231 respicerent,
3235 1159 3327 1227 qui
3363 1159 3466 1213 hoc
3495 1174 3618 1214 sese
3638 1160 3858 1214 nomine

2277 1254 2482 1309 Christi
2522 1269 2688 1320 causa
2736 1253 3046 1316 donabant;
3099 1250 3537 1321 quandoquidem
3590 1261 3644 1307 ct
3697 1251 3857 1307 Iesus

2281 1346 2398 1415 ipse
2426 1328 2741 1400 Naza‘rcmi’s
2766 1346 3067 1413 appellatus
3093 1354 3210 1407 est,
3240 1351 3302 1397 ut
3357 1344 3413 1397 in
3456 1342 3763 1413 Evangeliis
3804 1353 3859 1400 et

2280 1438 2648 1506 apostolorum
2672 1436 2899 1491 Actibus
2928 1436 3153 1505 legitur:
3190 1450 3288 1505 pro
3321 1450 3385 1489 eo
3406 1436 3549 1505 quod
3577 1436 3631 1490 in
3658 1436 3858 1506 oppido

2279 1530 2527 1584 Nazareti
2556 1571 2571 1595 ,
2600 1530 2693 1600 qui
2724 1529 2887 1584 hodie
2913 1543 3082 1599 pagus
3132 1535 3216 1583 est
3240 1568 3255 1594 ,
3307 1528 3363 1582 in
3398 1528 3608 1583 aedibus
3635 1527 3860 1598 Iosephi

2280 1622 2443 1677 fuerit
2470 1621 2754 1685 educatus,
2792 1635 3147 1691 pOSteaquam
3179 1619 3513 1674 Bethlehemi
3539 1618 3606 1673 de
3635 1617 3861 1689 Virgine

2283 1714 2450 1768 Maria
2479 1712 2779 1769 secundum
2808 1727 3029 1766 carnem
3057 1720 3217 1766 natus
3240 1719 3343 1774 est,
3367 1726 3490 1781 qua:
3521 1710 3738 1780 quidem
3766 1709 3859 1765 Io-

2281 1807 2449 1876 sepho
2474 1805 2746 1876 desponsa
2779 1804 2975 1869 fuerat,
3007 1803 3099 1873 qui
3124 1801 3371 1857 Nazareti
3402 1801 3857 1879 tunc_habitahat,

2280 1911 2405 1951 cum
2438 1898 2633 1952 relicto
2659 1896 3010 1952 Bethlehemo
3047 1896 3103 1949 in
3131 1894 3353 1950 Galilaza
3381 1894 3715 1949 domicilium
3749 1894 3861 1949 col-

2280 1989 2538 2044 locasset.

2353 2079 2463 2133 Vll.
2492 2078 2647 2145 Quod
2675 2095 2805 2136 vero
2833 2080 2900 2135 ad
2932 2077 3217 2133 barrelicos
3246 2076 3371 2131 illos
3402 2075 3617 2141 attinet,
3645 2088 3713 2129 ue
3738 2075 3862 2145 qui-

2282 2172 2385 2228 bus
2419 2172 2579 2226 modo
2604 2186 2912 2226 sermonem
2950 2169 3288 2224 instituimus
3312 2207 3327 2232 ,
3360 2166 3567 2221 omisso
3600 2164 3729 2221 Iesu
3765 2181 3863 2220 no-

2282 2265 2449 2325 mine,
2503 2277 2679 2330 neque
2725 2259 2959 2315 Iessaeos
3016 2259 3226 2327 seipsos
3278 2262 3505 2316 vocant,
3556 2268 3735 2322 neque
3763 2251 3864 2306 Iu-

2282 2353 2520 2407 daeorum
2554 2352 2874 2407 vocabulum
2907 2349 3164 2411 retinent,
3195 2362 3372 2416 neque
3409 2361 3468 2400 se
3494 2344 3859 2409 Christianos,

2282 2443 2378 2499 sed
2409 2443 2719 2498 Nazarenos
2752 2441 2821 2497 de
2852 2442 2944 2495 illa
2978 2440 3083 2493 loci
3132 2438 3493 2510 appellatione
3520 2444 3861 2505 nuncupant,

2281 2551 2404 2590 cum
2434 2536 2652 2589 interim
2686 2535 2821 2589 meri
2851 2534 2954 2604 ipsi
2984 2530 3157 2585 Iudaei
3178 2570 3192 2594 ,
3220 2545 3398 2599 neque
3428 2529 3573 2583 aliud
3602 2539 3863 2598 praetcrea

2284 2629 2412 2683 sint.
2458 2626 2628 2681 Porro
2679 2642 2786 2681 non
2820 2628 2996 2681 solum
3022 2625 3176 2679 Novo
3209 2665 3225 2687 ,
3254 2624 3348 2679 sed
3378 2631 3432 2678 et
3463 2620 3646 2677 Veteri
3674 2620 3865 2675 Testa-

2283 2727 2468 2775 mento
2497 2717 2808 2773 Iudaeorum
2838 2718 3011 2773 instar
3037 2723 3289 2771 utuntur.
3320 2713 3508 2785 Neque
3534 2714 3681 2769 enim
3720 2712 3864 2782 apud

2285 2809 2408 2863 illos
2437 2810 2570 2880 legis
2604 2809 2753 2873 libri,
2798 2808 3094 2877 prophetae,
3128 2815 3222 2860 aut
3260 2803 3628 2875 hagiograpba
3675 2801 3865 2872 probi-

2283 2901 2503 2967 bentur,
2532 2917 2653 2971 quae
2684 2899 2858 2954 Judaei
2880 2899 3053 2952 Biblia
3078 2905 3421 2967 nuncupant,
3448 2904 3507 2949 ut
3534 2902 3588 2950 et
3613 2909 3642 2947 a
3664 2886 3867 2948 Iudwis

2286 2994 2676 3064 approbantur,
2711 3008 2740 3045 a
2770 2992 2969 3062 quibus
3003 2990 3243 3044 Nazaraei
3288 2989 3434 3043 nulla
3473 2988 3530 3041 in
3563 3002 3623 3041 re
3652 2987 3867 3041 dissen-

2288 3086 2451 3147 tiunt,
2484 3085 2578 3154 qui
2608 3084 2676 3137 ad
2704 3086 2839 3154 legis
2875 3085 3251 3153 praescriptum
3291 3096 3355 3135 ac
3376 3079 3687 3135 Iudaeorum
3717 3092 3868 3132 more

2292 3178 2473 3231 omnia
2503 3192 2602 3231 sua
2631 3177 2885 3246 dogmata
2915 3174 3255 3244 proﬁtentur,
3289 3172 3396 3227 nisi
3434 3171 3579 3242 quod
3622 3172 3677 3224 in
3710 3169 3869 3224 Chri-

2291 3278 2435 3325 stum
2469 3267 2714 3322 credunt.
2765 3266 2900 3320 Nam
2931 3274 2984 3321 et
3015 3273 3258 3322 mortuos
3286 3264 3515 3320 excitari
3550 3270 3765 3333 putant,
3815 3268 3869 3316 et

2293 3375 2323 3413 a
2361 3359 2467 3414 Deo
2498 3357 2751 3413 universa
2797 3357 3081 3426 producta.
3121 3355 3297 3409 Unum
3329 3370 3450 3410 esse
3481 3352 3647 3407 Deum
3675 3391 3690 3415 ,
3724 3350 3867 3419 ejus-

2291 3465 2397 3519 que
2444 3447 2640 3502 Filium
2691 3446 2876 3502 Iesum
2910 3446 3189 3501 Christum
3237 3443 3553 3515 praedicant.
3590 3441 3869 3496 Hebraica:

2289 3557 2420 3597 vero
2454 3542 2649 3611 lingua:
2675 3540 3027 3596 scientissimi
3060 3546 3221 3593 sunt:
3255 3553 3318 3591 ac
3347 3553 3471 3591 cum
3503 3535 3755 3589 universa
3783 3534 3869 3587 lex

2292 3637 2431 3706 apud
2460 3636 2581 3689 illos
2601 3676 2615 3701 ,
2647 3642 2760 3689 tum
2794 3633 3070 3704 prophetae
3093 3673 3106 3697 ,
3136 3640 3191 3687 et
3218 3630 3586 3701 hagiographa
3605 3669 3618 3691 ,
3657 3629 3759 3681 hoc
3786 3633 3870 3680 est

2292 3729 2416 3783 libri
2454 3727 2531 3780 illi
2578 3727 2671 3797 qui
2703 3726 2954 3781 versibus
2993 3725 3235 3779 distincti
3276 3732 3435 3788 sunt,
3469 3732 3524 3775 et
3572 3719 3867 3790 pr0phetae,

2298 3820 2453 3889 123
2482 3818 2895 3888 Paralipomena
2924 3856 2939 3881 ,
2986 3816 3212 3877 Esther,
3243 3822 3546 3881 caateraque
3599 3811 3653 3864 id
3699 3825 3871 3881 genus

2292 3911 2557 3967 llebraice
2586 3918 2646 3965 ut
2689 3917 2743 3964 et
2793 3924 2823 3961 a
2853 3907 3057 3965 Iudaeis
3090 3909 3362 3977 leguntur.
3398 3904 3513 3957 Hoc
3546 3904 3713 3973 igitur
3762 3917 3872 3956 uno

2294 4016 2403 4059 tam
2427 4020 2457 4057 a
2484 4002 2707 4069 Iudaeis,
2732 4017 2894 4073 quam
2925 4017 2954 4054 a
2983 4001 3311 4056 ChriSIianis
3342 3998 3597 4053 differunt
3621 4015 3635 4050 :
3667 3996 3735 4050 ab
3762 3997 3872 4050 illis

2291 4096 2541 4167 quidem,
2566 4096 2708 4164 quod
2760 4095 2816 4147 in
2865 4093 3139 4147 Christum
3179 4091 3445 4151 credant;
3488 4104 3518 4141 a
3546 4088 3873 4142 Christianis

2292 4201 2441 4248 vero,
2466 4186 2610 4255 quod
2635 4183 2878 4239 Iudaicis
2907 4183 3085 4235 adhuc
3113 4182 3307 4235 ritibus
3333 4179 3699 4248 implicentur,
3725 4178 3873 4231 velut

2292 4278 2710 4332 circumcisione
2734 4316 2748 4339 ,
2799 4274 3036 4329 Sabbato
3062 4313 3077 4337 ,
3114 4273 3347 4341 aliisque
3384 4270 3741 4326 caeremoniis.
3797 4267 3874 4323 De

2292 4367 2510 4422 Christo
2558 4382 2690 4420 vero
2728 4373 2877 4420 certo
2926 4364 3057 4418 illud
3090 4362 3358 4417 alIirmare
3390 4375 3635 4429 nequeo,
3685 4367 3871 4413 utrum

609 4451 856 4522 μοῦντες,
888 4453 975 4506 διὰ
1015 4453 1075 4506 τὸ
1120 4454 1199 4507 ἔτι
1244 4454 1394 4525 νόμῳ
1432 4456 1791 4526 πεπεδῆσθαί.
1823 4460 2091 4528 περιτομῇ
2125 4475 2182 4509 τε

2292 4458 2534 4513 Cerinthi
2559 4460 2644 4513 vel
2692 4456 2942 4512 Merinthi
2975 4455 3249 4524 impietate
3286 4454 3375 4507 illa
3408 4451 3639 4521 decepti,
3663 4450 3872 4519 simpli-

606 4543 700 4593 καὶ
732 4542 995 4614 Σαϐϐάτῳ
1027 4544 1120 4596 καὶ
1153 4547 1265 4606 τοῖς
1310 4545 1507 4610 ἄλλοις.
1555 4548 1691 4617 Περὶ
1731 4548 1968 4618 Χριστοῦ
1999 4548 2056 4601 δὲ
2089 4549 2188 4601 οὐκ

606 4627 722 4684 οἶδα
746 4634 939 4695 εἰπεῖν,
970 4635 1017 4685 εξ
1050 4635 1142 4686 καὶ
1179 4635 1354 4700 αὐτοὶ,
1388 4640 1454 4707 τῇ
1482 4637 1589 4688 τῶν
1625 4637 2035 4708 προειρημένων
2061 4639 2189 4709 περὶ

607 4721 880 4792 Κήρινθον
930 4724 1023 4776 καὶ
1064 4726 1340 4794 Μήρινθον
1386 4728 1656 4799 μοχθηρίᾳ
1703 4728 1987 4797 ἀχθέντες,
2036 4729 2189 4798 ψιλὸν

608 4811 895 4884 ἄνθρωπον
925 4815 1237 4884 νομίζουσιν
1258 4833 1271 4847 ’
1298 4816 1353 4886 ἦ,
1393 4817 1576 4881 καθὼς
1615 4819 1647 4889 ἡ
1683 4819 1908 4889 ἀλήθεια
1938 4820 2069 4890 ἔχει,
2102 4820 2190 4873 διὰ

607 4904 925 4973 Πνεῦματος
967 4908 1123 4974 ἀγίου
1166 4909 1523 4980 γεγεννῆσθαι
1560 4913 1623 4963 ἐκ
1667 4911 1886 4981 Μαρίας
1913 4912 2189 4966 διαϐεϐαι-

608 4993 815 5048 οῦνται.
854 4998 1014 5049 Ἔστι
1055 4997 1111 5049 δὲ
1142 4998 1278 5069 αῦτη
1309 5001 1340 5069 ἡ
1372 5000 1582 5070 αἵρεσις
1611 5003 1643 5071 ἡ
1675 5000 2012 5074 Ναζωραίων
2038 5004 2095 5054 ἐν
2122 5005 2188 5074 τῇ

610 5085 905 5156 Βεροιαίων
934 5089 1062 5157 περὶ
1087 5089 1186 5159 τὴν
1216 5089 1417 5161 Κοίλην
1444 5091 1672 5162 Συρίαν,
1706 5094 1799 5145 καὶ
1835 5094 1893 5145 ἐν
1925 5096 1992 5164 τῇ
2020 5096 2190 5147 Δεκα-

610 5178 764 5231 πόλει
789 5181 917 5250 περὶ
957 5180 1027 5233 τὰ
1064 5182 1163 5252 τῆς
1193 5181 1401 5251 Πέλλης
1443 5183 1606 5253 μέρη,
1643 5184 1737 5236 καὶ
1766 5187 1823 5237 ἐν
1856 5188 1922 5255 τῇ
1957 5185 2189 5238 Βασανί-

608 5270 713 5323 τιδι
744 5273 809 5340 τῇ
837 5270 1104 5343 λεγομένῃ
1130 5272 1394 5344 Κωκάὅῃ,
1428 5274 1666 5346 Χωχάϐῃ
1689 5275 1745 5327 δὲ
1785 5276 2067 5346 Ἐϐραϊστὶ
2102 5276 2190 5329 λε-

613 5365 838 5437 γομένῃ.
883 5366 1122 5419 Ἐκεῖθεν
1168 5366 1276 5437 γὰρ
1305 5370 1336 5437 ἡ
1369 5368 1512 5438 ἁρχὴ
1549 5370 1741 5437 γέγονε
1790 5371 1928 5439 μετά
1958 5371 2055 5440 τὴν
2085 5371 2193 5423 ἀπὸ

611 5456 720 5509 τῶν
759 5457 1145 5527 Ἰεοοσολύμων
1176 5459 1529 5529 μετάστασιν,
1562 5456 1779 5514 πάθτων
1800 5462 1909 5515 τῶν
1936 5461 2192 5533 μαθητῶν

684 5614 761 5681 (9)
800 5617 908 5669 Καὶ
934 5617 1201 5686 γραφεῖα,
1234 5618 1305 5672 τὰ
1327 5617 1487 5685 παρὰ
1525 5617 1854 5683 Ἰουδαίοις.
1896 5618 2027 5683 Quae
2052 5620 2195 5687 ἁγιό-

610 5698 802 5757 γραφα
852 5687 1133 5740 dicuntur.
1172 5689 1348 5757 Atque
1383 5690 1474 5742 hic
1504 5690 1771 5755 triplicem
1805 5704 2085 5743 sacrorum
2123 5691 2190 5741 li-

612 5753 841 5809 brorum
897 5753 1696 5828 partitioncurcomplectitur,
1734 5775 1853 5827 quae
1902 5769 1988 5815 est
2029 5770 2189 5826 min,

2292 4566 2409 4606 cem
2457 4551 2607 4604 illum
2642 4550 2918 4605 hominem
2968 4555 3322 4609 asseverant,
3382 4562 3473 4610 an,
3510 4546 3587 4599 uti
3617 4560 3737 4600 sese
3782 4559 3871 4597 res

2291 4643 2474 4707 habet,
2513 4658 2609 4713 per
2638 4642 2901 4710 Spiritum
2933 4648 3186 4695 sanctum
3219 4641 3286 4695 de
3311 4621 3481 4693 Maria
3513 4637 3737 4708 Virgine
3779 4654 3872 4706 ge-

2293 4735 2463 4789 nitum
2515 4750 2637 4790 esse
2692 4734 2985 4789 fateantur.
3014 4733 3282 4789 Caeterum
3332 4733 3448 4787 haec
3485 4731 3870 4785 Nazarazorum

2293 4836 2439 4881 secta
2472 4826 2525 4881 in
2556 4826 2829 4882 Beroaensi
2860 4826 3077 4881 civitate
3109 4825 3451 4896 potissimum
3476 4824 3638 4893 viget,
3664 4822 3733 4875 ad
3748 4822 3871 4876 Ca:-

2292 4919 2379 4972 len
2417 4917 2650 4988 Syriam,
2686 4926 2849 4987 atque
2885 4917 3051 4972 etiam
3082 4917 3135 4971 in
3160 4915 3433 4986 Decapoli,
3459 4915 3615 4984 juxta
3642 4912 3867 4979 Pellam,

2292 5020 2346 5065 et
2377 5011 2432 5064 in
2459 5010 2789 5072 Basanitide,
2829 5009 2884 5062 in
2914 5023 2979 5063 ea
3009 5024 3129 5078 quae
3156 5009 3317 5077 vulgo
3349 5005 3581 5070 Cocabe,
3608 5004 3870 5059 Hebraice

2284 5100 2581 5155 .Chochabe
2606 5098 2826 5153 dicitur.
2853 5097 2991 5152 Hinc
3024 5098 3189 5161 enim,
3234 5103 3355 5165 post
3383 5096 3528 5149 illam
3580 5095 3647 5148 ab
3676 5093 3870 5148 Hiero.

2294 5191 2518 5262 solymis
2549 5192 2945 5253 secessionem,
2998 5190 3213 5243 illorum
3246 5188 3399 5241 initia
3439 5185 3680 5255 profecta
3717 5193 3866 5245 sunt,

2294 5298 2416 5336 cum
2450 5282 2609 5336 Pellae
2639 5282 2890 5352 discipuli
2918 5297 3106 5335 omnes
3144 5280 3470 5343 habitarent,
3500 5294 3528 5331 a
3555 5277 3773 5333 Christo
3802 5277 3869 5331 de

2294 5376 2648 5445 relinquenda
2708 5373 3204 5443 llierosolyn‘torum
3270 5372 3405 5425 urbe
3477 5370 3869 5439 migrandoque

2295 5467 2622 5536 praemoniti,
2650 5466 2798 5536 quod
2837 5466 2955 5534 ejus
2995 5465 3301 5518 immineret
3331 5463 3562 5517 obsidio.
3593 5462 3711 5528 Qua
3741 5462 3865 5532 qui-

2297 5620 2400 5673 hoc
2428 5627 2515 5672 est
2546 5619 2659 5681 lex;
2688 5628 2885 5677 arma:
2913 5619 3173 5687 prop/leue
3193 5635 3210 5681 ;
3233 5628 3286 5672 et
3312 5628 3514 5678 cum:
3533 5618 3865 5689 ἁγιόγραφα,

2299 5692 2411 5743 sive
2447 5693 2701 5757 γραφεῖα.
2725 5689 2800 5743 De
2832 5691 3075 5758 quovide
3106 5689 3325 5745 Hieron.
3363 5690 3591 5759 l'rblogo
3622 5690 3866 5759 galeato;

2298 5760 2474 5816 Eliam
2510 5763 2561 5815 in
2594 5760 2791 5825 Thisbi,
2827 5762 2990 5816 verbo
3017 5771 3147 5821 ΞΠ).
