4170 6372
398 254 504 305 405

1783 260 1838 313 ὃ.
1883 258 2223 314 EPIPHANII

3557 272 3664 314 404

401 371 523 425 dem
562 372 850 429 occasione
883 374 1085 430 factum
1120 382 1203 431 est
1228 417 1243 441 ,
1288 384 1348 429 ut
1389 375 1444 430 in
1475 376 1655 432 Peraea
1684 378 1750 431 iis
1782 379 1982 448 quibus
2012 436 2016 444 ,

2117 381 2191 434 ῶν
2225 384 2281 433 ἐν
2317 380 2489 451 Πέλλῃ
2524 381 2849 452 ᾠκηκότων,
2894 380 3128 451 Χριστοῦ
3184 380 3454 448 φήσαντος
3500 394 3668 430 κατα-

358 536 370 548 .
401 462 642 519 diximus
671 464 806 519 locis
827 464 1107 536 degerent.
1142 466 1377 538 Indeque
1408 466 1788 523 Nazaraeorum
1817 467 1987 523 haere-

404 556 483 609 sis
521 563 649 610 sunt
678 556 911 611 deducta
942 558 1264 627 primordia.

2087 470 2263 540 λεῖψαι
2320 470 2387 523 τὰ
2448 470 2833 541 Ἱεροσόλυμα,
2891 471 2984 523 καὶ
3036 470 3416 540 ἀναχωρῆσαι,
3481 467 3668 537 ἐπειδὴ

2087 564 2289 634 ἤμελλε
2336 564 2564 634 πάσχειν
2607 563 2943 635 πολιορκίαν.
2998 564 3119 619 Καὶ
3152 566 3216 615 ἐκ
3268 562 3367 631 τῆς
3413 559 3670 628 τοιαύτης

404 650 710 715 ὑποθέσεως
744 652 844 723 τὴν
868 653 1109 723 Περαίαν
1137 656 1475 725 οἰκήσαντες,
1502 656 1701 720 ἐκεῖσε,
1730 657 1805 720 ῶς
1836 656 1992 727 ἐφην,
2034 658 2320 731 διέτριϐον.
2351 658 2633 714 Ἐντεῦθεν
2655 662 2688 730 ὴ
2715 660 2855 715 κατὰ
2877 660 3003 723 τοὺς
3052 659 3406 729 Ναζωραίους
3461 659 3672 727 αἵρεσις

403 740 527 811 ἔσχε
557 743 656 815 τὴν
686 745 881 815 ἀρχήν.

480 830 610 886 Vill.
650 832 853 889 Verum
903 845 958 890 et
1008 836 1102 891 isti
1149 837 1505 895 nihilominus
1536 840 1823 903 aberrant,
1857 856 1982 895 cum

404 920 472 977 de
494 923 917 981 circumcisione
946 926 1288 997 gloriantur:
1323 940 1376 984 et
1406 932 1787 986 exsecratione
1818 932 1984 985 etiam

406 1030 554 1069 nunc
587 1016 838 1073 obstricti
871 1026 1034 1084 sunt,
1064 1020 1209 1089 quod
1242 1021 1407 1091 legem
1454 1023 1670 1091 penitus
1694 1022 1989 1077 observare

408 1116 699 1174 nequeant.
734 1106 1019 1173 Quomodo
1064 1111 1206 1164 enim
1240 1111 1373 1181 legis
1422 1112 1713 1167 observare
1764 1111 1988 1165 manda-

409 1205 523 1253 tum
558 1199 703 1254 istud
727 1208 1014 1270 poterunt:
1050 1206 1144 1256 Ter
1175 1205 1456 1273 quotannis
1503 1204 1778 1273 apparebis
1808 1220 1988 1257 coram

408 1290 637 1344 Domino
660 1290 768 1345 Deo
795 1302 883 1346 tuo
913 1309 1004 1361 per
1022 1294 1343 1366 Azymorum
1369 1297 1502 1359 dies,
1520 1305 1569 1350 et
1587 1295 1985 1365 Scenopegiam,

409 1394 459 1437 ct
505 1383 846 1439 Pcntecoslen
876 1424 892 1449 ,
949 1387 1004 1439 in
1041 1387 1522 1459 Hierosolymitano
1576 1389 1689 1442 loco
1715 1390 1729 1419 ¹
1766 1388 1789 1441 ?
1848 1388 1988 1441 Cum

411 1477 557 1531 enim
592 1478 676 1532 lex
724 1478 1020 1534 interclusa
1051 1481 1158 1547 sit,
1190 1488 1244 1535 et
1273 1497 1393 1550 qua:
1433 1482 1501 1536 ab
1531 1497 1595 1536 ea
1624 1481 1992 1551 praescribun-

415 1576 505 1621 tnr
542 1570 723 1638 perlici
755 1571 986 1640 amplius
1019 1587 1127 1627 non
1176 1574 1423 1642 possint,
1475 1574 1700 1629 cuilibet
1737 1572 1993 1643 prudenti

2160 842 2239 895 H’.
2276 840 2654 910 Πεπλάνηνται
2688 839 2745 893 δέ
2787 840 2880 893 καὶ
2908 833 3080 901 οῦτοι,
3116 836 3415 908 περιτομὴν
3442 835 3673 907 αὐχοῦν-

2087 951 2197 998 τες⁸
2229 935 2321 986 καὶ
2348 932 2426 986 ἔτι
2453 933 2502 984 oi
2541 931 2773 985 τοιοῦτοι
2820 930 2926 983 ὑπὸ
2967 929 3212 1001 κατάραν
3256 930 3380 989 εἰσὶ,
3418 930 3491 1000 μὴ
3519 928 3675 981 δυνά-

2093 1046 2243 1099 μενοι
2289 1026 2380 1081 τὸν
2432 1027 2595 1096 νόμον
2651 1023 2956 1095 πληρῶσαι.
3012 1022 3137 1087 Πῶς
3196 1020 3303 1091 γὰρ
3355 1022 3675 1093 δυνήσονται

2090 1122 2333 1195 πληροῦν
2378 1121 2448 1175 τὰ
2480 1122 2538 1173 ἐν
2586 1119 2663 1191 τῷ
2704 1118 2855 1189 νόμῳ
2905 1119 3204 1187 εἰρημένα,
3254 1118 3337 1169 ὅτι
3388 1117 3517 1183 Τρὶς
3567 1116 3675 1169 τοῦ

2090 1214 2267 1279 ἔτους
2308 1212 2549 1282 ὀφθήσῃ
2606 1209 2863 1264 ἐνώπιον
2904 1210 3125 1277 Κυρίου
3171 1209 3276 1262 τοῦ
3332 1206 3480 1260 Θεοῦ
3518 1222 3671 1269 σου,

2092 1305 2244 1359 κατά
2292 1322 2356 1357 τε
2413 1303 2484 1356 τὰ
2537 1300 2749 1372 Ἀζυμα
2787 1302 2889 1356 καὶ
2937 1302 3361 1371 Σκηνοπηγυίαν
3411 1300 3511 1353 καὶ
3562 1300 3677 1367 τὴν

2092 1394 2555 1463 Πεντηκοστὴν,
2597 1394 2667 1446 ἐν
2706 1392 2787 1458 τῷ
2826 1393 2986 1457 τόπῳ
3031 1392 3482 1460 Ἱεροσολύμων.
3513 1392 3678 1443 Ἀπο-

2094 1488 2435 1551 κλεισθέντος
2468 1486 2578 1557 γὰρ
2604 1484 2697 1539 τοῦ
2722 1486 2885 1556 νόμου
2903 1527 2916 1548 ,
2950 1486 3044 1539 καὶ
3082 1482 3192 1538 τῶν
3222 1487 3279 1537 ἐν
3308 1483 3385 1553 τῷ
3416 1483 3565 1554 νόμῳ
3603 1482 3679 1552 μὴ

2095 1580 2409 1650 δυναμένων
2438 1574 2796 1648 πληροῦσθαι,
2830 1578 2991 1630 παντὶ
3024 1576 3101 1647 τῷ
3141 1576 3266 1629 νοῦν
3300 1576 3476 1646 ἔχοντι
3511 1576 3680 1643 σαφὲς

413 1662 759 1731 perspicuum
787 1673 892 1729 est,
929 1666 1214 1721 advenisse
1241 1666 1553 1733 Christum,
1587 1681 1694 1721 non
1730 1675 1788 1721 ut
1822 1666 1993 1736 legem

2117 1672 2162 1723 iv
2198 1671 2304 1739 εἴη,
2354 1670 2436 1722 ὃτι
2480 1668 2714 1740 Χριστὸς
2756 1664 2887 1739 ἦλθε
2933 1666 3226 1740 πληρωτὴς
3270 1666 3363 1719 τοῦ
3399 1666 3586 1736 νόμου,
3614 1666 3680 1717 οὐ

414 1764 700 1821 everteret,
737 1759 833 1814 sed
867 1768 925 1814 ut
952 1776 1071 1815 eam
1104 1762 1276 1831 ipsam
1306 1763 1572 1832 impleret,
1602 1770 1657 1816 et
1686 1776 1806 1819 eam
1838 1774 1995 1816 exse-

416 1846 714 1900 crationem
746 1848 1015 1914 solveret,
1049 1867 1170 1921 quae
1221 1859 1413 1906 contra
1446 1853 1659 1906 violata:
1709 1852 1843 1923 legis
1886 1852 1997 1905 cri-

418 1950 541 1990 men
598 1936 774 1992 fuerat
825 1942 1145 1995 constituta.
1193 1941 1551 2013 Posteaquam
1603 1943 1746 1997 enim
1782 1943 1996 2014 Moyses

418 2029 732 2084 universam
765 2032 934 2102 legem
964 2035 1363 2105 promulgavit,
1407 2036 1474 2090 ad
1504 2035 1664 2090 ﬁnem
1707 2036 1997 2091 voluminis

420 2126 684 2193 pervenit,
711 2140 775 2178 ac
809 2126 913 2180 sub
940 2128 1229 2181 maledicto
1250 2136 1447 2182 cuncta
1482 2127 1754 2183 conclusit
1778 2146 1791 2181 :
1824 2128 1997 2182 Male-

420 2216 593 2270 dictus
637 2217 805 2270 omnis
840 2219 930 2285 qui
982 2234 1086 2272 non
1126 2220 1473 2287 permanserit
1521 2220 1575 2271 in
1613 2219 1853 2273 omnibus
1883 2237 2000 2288 qua:

422 2309 619 2375 scripta
654 2317 777 2361 sunt
810 2309 861 2362 in
899 2308 1032 2362 iibro
1066 2310 1184 2373 hoc,
1210 2320 1267 2363 ut
1316 2311 1484 2379 faciat
1520 2328 1581 2365 ea
1605 2315 1649 2367 ¹.
1708 2311 1787 2366 Eo
1818 2313 2002 2381 itaque

422 2396 675 2453 Christus
708 2398 927 2454 advenit
951 2438 966 2463 ,
1002 2410 1060 2455 ut
1114 2417 1235 2470 qua:
1266 2402 1399 2456 dirae
1439 2402 1728 2472 cujusdam
1766 2404 2001 2458 vinculis

424 2488 836 2557 imprecationis
867 2500 1026 2545 erant
1075 2494 1341 2547 obstricta
1401 2497 1657 2550 solveret.
1708 2494 1867 2567 124
1901 2494 2003 2561 Qui

424 2582 646 2651 quidem
682 2598 780 2653 pro
805 2585 1017 2655 exiguis
1046 2585 1172 2650 illis,
1218 2602 1340 2656 qua:
1370 2588 1557 2657 perﬁci
1589 2604 1697 2643 non
1732 2598 2002 2657 poterant,

427 2674 588 2727 nobis
611 2689 803 2745 magna
835 2677 1125 2743 concessit,
1158 2678 1210 2730 in
1237 2679 1434 2747 quibus
1458 2680 1819 2748 exsequendis
1846 2680 2003 2743 nihil,

432 2774 491 2817 ut
517 2766 572 2819 in
604 2767 879 2844 prioribus
921 2768 1050 2831 illis,
1084 2776 1168 2823 est
1199 2770 1344 2838 quod
1377 2784 1500 2823 cum
1529 2770 1698 2826 altero
1720 2780 2003 2841 repugnet.

429 2857 608 2925 Atque
643 2857 746 2912 hoc
794 2858 905 2913 fere
940 2860 1101 2913 modo
1133 2860 1187 2915 in
1216 2861 1362 2916 omni
1417 2861 1748 2916 confutanda
1788 2864 2006 2927 hieresi,

430 2962 549 3017 qna!
578 2946 819 3011 Sabbati,
849 2951 931 3005 vel
956 2951 1413 3018 circumcisionis,
1448 2953 1532 3007 vel
1564 2953 1788 3009 alterius
1818 2954 2011 3023 hujus-

2095 1764 2187 1815 τὸν
2222 1763 2384 1833 νόμον
2430 1760 2770 1824 καταλύσων,
2809 1759 2945 1813 ἀλλὰ
2994 1759 3085 1812 τὸν
3128 1760 3293 1830 νόμον
3336 1757 3674 1829 πληρώσων,

2097 1853 2193 1905 καὶ
2218 1852 2437 1920 ἀφελεῖν
2468 1852 2565 1921 τὴν
2596 1850 2843 1921 κατάραν
2874 1850 2971 1920 τὴν
3010 1848 3151 1902 κατὰ
3188 1849 3287 1919 τῆς
3316 1848 3680 1919 παραϐάσεως

2098 1943 2190 1996 τοῦ
2215 1943 2379 2012 νόμου
2407 1941 2736 2010 ὁρισθεῖσαν.
2784 1940 2937 1993 Μετᾶ
2968 1938 3078 2011 rip
3117 1938 3177 1991 τὸ
3211 1937 3550 1993 ἐντείλασθαι
3588 1936 3680 1990 τδν

2098 2037 2338 2091 Μωῦσέα
2373 2036 2551 2088 πᾶσαν
2581 2033 2820 2105 ἐντολὴν,
2849 2028 3009 2104 ἦλθεν
3035 2031 3128 2086 ἐπὶ
3162 2032 3221 2085 τὸ
3258 2032 3435 2102 τέρμα
3470 2030 3567 2100 τῆς
3596 2028 3682 2099 βίη-

2101 2129 2258 2192 ὅλου,
2292 2128 2384 2180 καὶ
2430 2126 2738 2179 συνέκλεισε
2772 2127 2832 2178 τὸ
2878 2126 2985 2177 πᾶν
3034 2126 3114 2189 είς
3162 2124 3441 2194 κατάραν,
3482 2121 3679 2189 λέγων’

2101 2219 2571 2288 Ἐπικατάρατος
2629 2218 2748 2284 πᾶς
2795 2218 2862 2285 ὃς
2913 2220 3022 2271 οὐκ
3076 2216 3316 2286 ἐμμένει
3362 2214 3513 2269 πᾶσι
3556 2212 3683 2278 τοῖς

2100 2318 2305 2384 λόγοις
2342 2313 2466 2378 τοῖς
2508 2310 2930 2381 γεγραμμένοις
2973 2310 3043 2362 ἐν
3081 2307 3160 2373 τῷ
3200 2308 3416 2374 βιϐλίῳ
3460 2306 3679 2369 τούτῳ,

2102 2407 2207 2460 τοῦ
2250 2403 2498 2473 ποιῆσαι
2543 2404 2784 2469 αὐτούς.
2815 2397 3015 2454 Ἦλθεν
3045 2397 3138 2455 οῦν
3179 2399 3322 2452 λύων
3355 2399 3451 2469 μὲν
3481 2395 3551 2449 τὰ
3582 2413 3680 2447 πε-

2104 2496 2384 2568 πεδημένα
2412 2495 2630 2565 δεσμοῖς
2660 2496 2773 2556 τοῖς
2803 2493 2903 2563 τῆς
2944 2492 3208 2561 κατάρας,
3242 2488 3596 2559 χαριζόμενος
3624 2484 3682 2537 δὲ

2103 2591 2236 2660 ἡμῖν
2263 2589 2384 2642 ἀντὶ
2412 2587 2519 2640 τῶν
2548 2585 2758 2657 μικρῶν
2782 2583 2889 2637 τῶν
2918 2584 2991 2653 μὴ
3014 2582 3323 2652 δυναμένων
3348 2577 3684 2651 πληροῦσθαι

2106 2683 2174 2736 τὰ
2221 2681 2461 2751 μείζονα,
2493 2679 2585 2732 καὶ
2628 2679 2689 2731 οὐ
2723 2678 3004 2749 μαχόμενα
3034 2675 3255 2747 θάτερον
3298 2672 3511 2743 θατέρῳ
3550 2668 3686 2739 πρὸς

2107 2775 2205 2847 τὴν
2236 2775 2329 2828 τοῦ
2361 2774 2522 2845 ἔργου
2558 2772 2853 2843 πλήρωσιν,
2882 2771 2957 2831 ὡς
2988 2768 3052 2823 τά
3078 2768 3337 2839 πρότερα.
3360 2764 3559 2826 ,Οὕτως
3580 2762 3688 2832 γὰρ

2111 2864 2253 2919 κατὰ
2281 2865 2461 2917 πᾶσαν
2492 2863 2702 2933 αἵρεσιν
2733 2860 3043 2929 φθάνοντες,
3073 2859 3131 2911 ἐν
3171 2859 3238 2927 τῇ
3276 2855 3403 2927 περὶ
3436 2852 3691 2907 “66am-

2116 2955 2276 3027 σμοῦ,
2311 2954 2404 3008 καὶ
2430 2952 2749 3022 περιτομῆς,
2774 2950 2869 3005 καὶ
2891 2948 2998 3001 τῶν
3021 2949 3193 3003 ἄλλων
3226 2945 3484 3008 πολλάκις
3513 2946 3696 3013 ἐπειρ-

432 3038 583 3093 modi
614 3040 754 3095 ritus
783 3041 1223 3097 observationem
1254 3044 1649 3112 praescriberet,
1670 3045 1815 3100 istud
1835 3019 2013 3114 ipsum

2117 3019 2426 3117 γασάμεθα,
2458 3019 2575 3109 πῶς
2602 3019 2636 3097 ὁ.
2664 3019 2867 3112 Κύριος
2896 3042 3025 3111 ἡμῖν
3054 3039 3121 3092 τὰ
3148 3037 3500 3106 ἐντελέστερα
3534 3033 3699 3104 κεχά-

435 3132 814 3188 demonstrare
865 3135 1206 3199 studuimus,
1242 3135 1529 3191 Dominum
1586 3138 1743 3191 nobis
1776 3154 1897 3207 quae
1929 3154 2017 3192 es-

438 3234 560 3278 sent
592 3223 914 3293 perfectiora
952 3227 1232 3283 tribuisse.
1270 3228 1610 3298 Ecquidnam
1645 3230 1807 3300 igitur
1837 3230 1903 3283 ad
1932 3229 2017 3284 sui

438 3318 849 3372 excusationem
909 3318 1103 3374 alferre
1158 3320 1236 3373 illi
1292 3329 1595 3389 poterunt,
1654 3321 1747 3390 qui
1795 3319 2020 3389 Spiritui

442 3419 636 3463 sancto
668 3424 861 3478 parere
903 3410 1236 3477 detrectant,
1281 3415 1330 3466 ci
1366 3413 1586 3482 inquam
1623 3410 1851 3481 Spiritui
1883 3452 1897 3475 ,
1929 3413 2022 3482 qui

442 3516 540 3571 per
568 3502 845 3570 apostolos
867 3504 1122 3569 edixerit,
1143 3520 1212 3558 ne
1241 3505 1537 3575 gentilibus
1565 3504 1631 3558 ad
1652 3504 2023 3560 Christianam

443 3595 760 3665 religionem
797 3596 1065 3652 traductis
1092 3614 1234 3652 onus
1258 3600 1628 3669 imponeretur
1654 3599 1824 3666 aliud,
1858 3616 2023 3670 quam

446 3686 563 3741 hinc
598 3688 938 3743 necessaria:
964 3698 1024 3743 ut
1054 3705 1085 3745 a
1114 3691 1401 3762 sanguine,
1436 3701 1489 3746 et
1519 3692 1803 3756 suﬂ'ocato,
1830 3703 1884 3747 et
1914 3692 2026 3747 for-

444 3777 724 3831 nicatione
777 3785 832 3831 et
888 3778 1047 3833 idolis
1084 3780 1366 3835 immolato
1404 3797 1525 3837 sese
1578 3782 2030 3837 continerent’?

444 3868 648 3923 Annon
700 3867 884 3923 divina
912 3885 1006 3925 eos
1034 3871 1283 3927 excidere
1313 3874 1486 3944 gratia
1522 3889 1743 3929 necesse
1766 3882 1871 3935 est,
1904 3890 2029 3928 cum

450 3964 526 4017 ita
558 3970 783 4018 sanctus
811 3960 1014 4018 Paulus
1044 3965 1324 4033 apostolus
1366 3965 1680 4035 scripserit:
1719 3964 1779 4019 Si
1807 3967 2033 4019 circum-

451 4061 729 4124 cidamini,
762 4061 1006 4116 Christus
1028 4060 1162 4116 nihil
1192 4061 1335 4116 vobis
1361 4062 1626 4128 proderit:
1652 4061 1945 4131 quicunque
1980 4060 2034 4111 in

453 4157 563 4225 lege
585 4154 889 4225 gloriamini
915 4171 949 4207 a
986 4155 1161 4224 gratia
1195 4152 1470 4206 exeidistis
1487 4152 1541 4203 εἰ)

526 4245 617 4300 IX.
659 4245 1022 4311 Quamobrem
1059 4251 1250 4298 contra
1282 4244 1422 4297 hanc
1464 4244 1629 4297 etiam
1657 4241 1888 4297 hairesin
1919 4241 2039 4294 bre»

2119 3154 2320 3209 ρισται.
2372 3136 2497 3200 Πῶς
2542 3131 2636 3190 οὖν
2676 3137 2725 3188 οἱ
2768 3132 3001 3188 τοιοῦτοι
3036 3132 3359 3203 δυνήσονται
3402 3128 3702 3195 ἀπολογίαν

2120 3232 2285 3301 ἔχειν,
2323 3230 2398 3301 μὴ
2443 3227 2520 3298 τῷ
2550 3226 2829 3298 Πνεύματι
2874 3225 2952 3296 τῷ
2982 3224 3124 3293 ἁγίῳ
3159 3221 3585 3282 ὑπακούσαντες,
3624 3217 3703 3287 τῷ

2122 3325 2209 3378 διὰ
2240 3324 2346 3376 τῶν
2374 3320 2683 3375 ἀποστόλων
2714 3318 2955 3388 εἰρηκότι
2981 3319 3092 3379 τοῖς
3122 3316 3179 3381 ἐξ
3217 3312 3385 3367 ἐθνῶν
3413 3327 3707 3364 πεπιστευ-

2124 3418 2276 3478 κόσι,
2311 3416 2385 3486 μὴ
2435 3414 2599 3485 βάρος
2637 3410 2996 3468 ἐπιτίθεσθαι.
3046 3408 3185 3479 πλὴν
3233 3407 3339 3460 τῶν
3375 3405 3706 3472 ἐπάναγκες,

2126 3509 2425 3581 ἀπέχεσθαι
2476 3509 2707 3578 αἵματος
2755 3508 2849 3560 καὶ
2897 3502 3124 3558 πνικτοῦ
3173 3502 3269 3556 καὶ
3311 3499 3566 3573 πορνείας
3618 3498 3711 3551 καὶ

2128 3600 2510 3661 είδωλοθύτου;
2547 3599 2671 3662 Πῶς
2702 3598 2757 3651 δέ
2797 3598 2896 3650 οὐκ
2923 3594 3281 3649 ἐκπεσοῦνται
3308 3592 3408 3661 τῆς
3450 3590 3541 3644 τοῦ
3576 3586 3713 3642 Θεοῦ

2129 3697 2372 3768 χάριτος,
2417 3695 2666 3762 λέγοντος
2696 3691 2910 3745 Παύλου
2942 3689 3036 3742 τοῦ
3081 3688 3238 3756 ἁγίου
3282 3685 3602 3746 ἀποστόλου,
3633 3683 3713 3735 ὅτι

2130 3790 2277 3843 Ἐὰν
2308 3789 2760 3855 περιτέμνησθε,
2794 3783 3051 3854 Χριστὸς
3081 3779 3236 3851 ὑμᾶς
3279 3777 3462 3833 οὐδὲν
3483 3773 3715 3846 ὠφελή-

2133 3895 2246 3934 σει·
2279 3880 2335 3932 οἵ
2363 3895 2519 3943 τινες
2546 3879 2614 3931 ἐν
2639 3878 2797 3945 νόμῳ
2825 3872 3153 3943 καυχᾶσθε,
3194 3867 3304 3937 τῆς
3334 3867 3572 3937 χάριτος
3609 3864 3707 3929 ἐξ·

2133 3969 2389 4025 επέσατε
2406 3988 2424 4034 ;

2210 4235 2287 4287 ϐ’.
2322 4232 2573 4303 Ἀρκέσει
2594 4248 2687 4284 ουν
2713 4232 2807 4283 καὶ
2832 4233 2889 4282 ἐν
2924 4228 3096 4299 ταύτῃ
3130 4230 3195 4297 τῇ
3222 4225 3428 4297 αιρέσει
3457 4225 3490 4293 ἡ
3516 4220 3603 4273 διὰ
3629 4220 3725 4290 τῆς

457 4340 540 4394 vis
572 4338 663 4391 illa
692 4348 878 4392 nostra
904 4336 1203 4406 disputatio
1244 4334 1492 4391 sulIiciet.
1529 4333 1712 4389 Facile
1760 4333 1903 4388 enim
1948 4334 2016 4387 ist

2147 4325 2437 4395 συντομίας
2467 4324 2596 4395 παρ’
2637 4321 2793 4393 ἡμῶν
2829 4321 3081 4387 διάλεξις.
3119 4316 3513 4382 Εὑθυέλεγκτοι
3542 4311 3649 4382 γὰρ
3676 4313 3722 4362 οι

458 4431 631 4485 refelli
664 4430 1025 4499 convincique
1057 4436 1306 4498 possunt,
1350 4442 1412 4481 ac
1434 4425 1602 4481 Judaai
1637 4426 1839 4497 potius,
1873 4439 2038 4495 quam

460 4522 706 4591 cuiusvis
736 4522 963 4577 alterius
988 4524 1201 4591 generis
1229 4528 1354 4574 sunt
1380 4560 1394 4583 ,
1434 4520 1651 4574 tametsi
1680 4517 1884 4573 Judaais
1931 4517 2042 4572 sint

462 4612 847 4668 inimicissimi.
884 4609 1069 4680 Neque
1100 4610 1248 4664 enim
1297 4608 1607 4663 Judzeorum
1635 4607 1838 4677 posteri
1865 4605 2043 4659 solum

461 4705 679 4775 capitali
713 4704 837 4760 illos
885 4700 1013 4758 odio
1044 4710 1485 4773 prosequuntur;
1516 4701 1610 4755 sed
1659 4709 1712 4754 et
1740 4713 1901 4753 mane
1924 4739 1938 4763 ,
1979 4712 2045 4751 ac

464 4796 709 4860 meridie,
725 4805 779 4850 et
801 4795 867 4849 ad
887 4808 1193 4865 vesperam.
1217 4801 1301 4847 ter
1321 4794 1387 4846 de
1413 4792 1521 4857 die,
1540 4806 1665 4845 cum
1685 4791 1740 4843 in
1757 4788 2047 4860 synagogis

466 4891 583 4945 suis
633 4889 701 4944 ad
746 4888 1013 4943 orandum
1060 4886 1395 4942 conveniunt
1443 4885 1578 4939 diris
1611 4884 1733 4937 illos
1759 4881 2047 4943 devovent,

467 5000 532 5037 ac
556 4983 788 5038 solemni
812 4981 1205 5051 imprecatione
1234 4978 1605 5049 proscribunt.
1634 4975 1713 5028 Ac
1736 4972 2046 5032 Nazarieos,

469 5076 750 5143 inquiunt,
785 5072 929 5127 Deus
959 5080 1292 5127 exsecretur.
1334 5070 1391 5123 in
1432 5070 1533 5122 hos
1587 5066 1731 5121 enim
1762 5062 2052 5117 oli'ensiore

469 5175 524 5218 et
569 5164 848 5220 acerbiore
881 5165 1064 5218 animo
1096 5173 1270 5230 sunt,
1306 5163 1451 5232 quod
1496 5176 1621 5214 cum
1669 5174 1699 5213 e
1740 5155 2048 5211 Judaaorum

2144 4416 2398 4481 τοιοῦτοι,
2447 4415 2543 4467 καὶ
2581 4414 2860 4478 εὐάλωτοι,
2917 4412 3009 4464 καὶ⁸
3068 4408 3312 4462 Ἰουδαῖοι
3361 4404 3591 4476 μᾶλλον,
3637 4402 3725 4453 καὶ

2148 4510 2299 4563 οὐδὲν
2339 4510 2545 4579 ἕτερον.
2589 4507 2738 4560 Πάνυ
2780 4507 2838 4560 δὲ
2882 4498 3030 4557 οῦτοι
3073 4500 3257 4572 ἐχθροὶ
3308 4500 3417 4560 τοῖς
3451 4494 3728 4556 Ἰουδαίοις

2149 4602 2505 4671 ὑπάρχουσιν.
2540 4598 2616 4650 Οὐ
2660 4598 2819 4668 μόνον
2852 4596 2961 4666 γὰρ
3004 4595 3051 4646 οἱ
3095 4592 3202 4645 τῶν
3230 4587 3497 4641 Ἰουδαίων
3544 4584 3729 4645 παῖδες

2154 4692 2290 4763 πρὸς
2330 4691 2548 4752 τούτους
2597 4690 2893 4757 κέκτηνται
2942 4687 3135 4756 μῖσος,
3190 4680 3326 4735 ἀλλὰ
3384 4677 3731 4746 ἀνιστάμενοι

2157 4782 2568 4853 ἐσωθεν⁵(10),
2634 4781 2725 4835 καὶ
2767 4780 2937 4850 μέσης
3001 4778 3243 4849 ἡμέρας,
3293 4774 3387 4827 καὶ
3446 4771 3573 4842 περὶ
3637 4769 3733 4837 τὴν

2158 4878 2416 4949 ἑσπέραν,
2457 4876 2577 4946 τρὶς
2605 4874 2703 4944 τῆς
2733 4872 2964 4943 ἡμέρας,
3000 4871 3087 4923 ὅτε
3120 4867 3283 4938 εὐχὰς
3309 4863 3648 4919 ἐπιτελοῦσιν
3679 4864 3735 4913 ἐν

2156 4974 2278 5035 ταῖς
2312 4969 2490 5024 αὐτῶν
2522 4968 2886 5035 συναγωγαῖς,
2915 4964 3224 5034 ἐπαρῶνται
3253 4962 3455 5022 αὐτοῖς,
3489 4958 3583 5010 καὶ
3609 4957 3736 5008 ἁνα-

2158 5060 2508 5132 θεματίζουσι
2560 5058 2891 5126 φάσκοντες,
2925 5057 3005 5107 ὅτι
3049 5050 3483 5121 Ἐπικαταράσαι
3534 5050 3561 5099 ὁ
3608 5046 3737 5108 Θεὸς

2158 5156 2284 5218 τοὺς
2331 5152 2709 5220 Ναζωραίους.
2768 5149 2880 5201 Καὶ
2924 5147 3032 5216 γὰρ
3088 5146 3299 5208 τούτοις
3356 5141 3735 5217 περισσότερον

544 5332 559 5358 ¹
600 5326 769 5381 Exod.
812 5343 969 5392 χχιιι,
998 5326 1084 5379 Π.
1165 5328 1184 5357 ²
1226 5323 1382 5378 Deut.
1413 5338 1577 5387 xxvii,
1608 5321 1697 5375 ‘26.
1778 5319 1798 5350 ³
1834 5318 1954 5372 Act.
1990 5334 2016 5370 ιι

2117 5316 2198 5379 28,
2227 5315 2317 5371 ΞΟ.
2395 5317 2418 5346 ⁸
2456 5315 2632 5370 Galat.
2666 5331 2718 5377 ν,
2753 5313 2809 5377 2,
2851 5312 2904 5364 4.
2982 5309 3002 5339 ⁸
3030 5306 3088 5361 F.
3122 5303 3313 5358 ἕωθεν.

549 5483 658 5550 (ιθ)
713 5486 897 5537 Ἀλλὰ
962 5481 1349 5549 ἀνιστάμενοι
1408 5480 1654 5533 ἔσωθεν.
1698 5477 1820 5550 Non
1859 5477 2054 5550 dubito

482 5554 609 5621 quin
644 5548 1006 5607 scribendum
1058 5554 1129 5608 sit
1168 5548 1355 5605 ἕωθεν.
1391 5552 1548 5617 Quod
1588 5560 1768 5604 autem
1798 5548 2058 5621 Judaicas

482 5618 603 5675 illas
651 5623 1066 5689 imprecationcs
1099 5625 1149 5677 in
1177 5622 1464 5675 Nazarzeos
1499 5623 1783 5675 haereticus
1816 5618 2057 5672 conferri

485 5689 676 5750 scribit
736 5690 1093 5761 Epiphanius,
1164 5692 1529 5765 Hieronymus
1594 5692 1660 5746 ad
1715 5690 2060 5749 Christianos

2162 5475 2447 5531 transfert.
2485 5473 2561 5527 lla
2612 5475 2756 5527 enim
2817 5471 2906 5523 ille
2948 5472 3021 5521 ad
3076 5466 3187 5521 Isa.
3221 5480 3296 5517 LII
3330 5483 3343 5518 :
3385 5463 3450 5515 Et
3500 5458 3741 5531 subnata-

2168 5525 2570 5613 ἦιξρὶὲζῆιὲάφε
2598 5525 2731 5605 dixi,
2767 5540 3174 5613 Nagarenorum
3205 5546 3281 5590 ter
3310 5535 3362 5589 in
3393 5533 3477 5588 die
3503 5533 3558 5584 in
3590 5525 3741 5583 Chri-

2167 5620 2367 5672 stianos
2397 5611 2681 5685 congerunt
2708 5611 3011 5667 maledicta.
