4170 6372
620 351 729 404 4θὸ
985 370 994 375 ·
1251 351 1619 407 ADVERSUS
1657 349 1998 406 HERESES
2036 349 2163 404 LIB.
2205 350 2224 405 1

2325 350 2430 406 DM.
2470 346 2533 405 ll.
2576 380 2645 389 —
2684 350 2959 407 HASRES.
2993 348 3161 406 XXX.
3761 348 3868 406 £06

623 462 886 532 ὲνέχουσι,
913 462 999 515 διὰ
1025 463 1085 516 τὸ
1113 464 1221 517 ἀπὸ
1249 465 1519 519 Ἰουδαίων
1559 467 1753 529 αὐτοὺς
1778 466 1957 527 ὄντας,
1988 463 2195 533 Ἰησοῦν

2325 480 2526 520 numero
2562 465 2710 529 sint,
2771 466 3125 519 nihilominus
3180 461 3363 518 Jesum
3420 478 3544 526 esse
3594 461 3875 518 Christum

624 551 920 622 κηρύσσειν
964 549 1104 605 εἶναι
1137 554 1391 623 Χριστὸν,
1437 555 1570 623 ὅπερ
1613 555 1757 607 ἐστὶν
1790 553 2029 606 ἐναντίον
2064 551 2198 622 πρὸς

2325 557 2590 612 irzedicent
2613 598 2627 621 ,
2661 556 2806 626 quod
2835 557 2901 611 iis
2944 557 3034 625 qui
3063 554 3371 609 Judacorum
3408 554 3585 609 adhuc
3613 570 3872 609 cmremo-

624 642 749 707 τοὺς
797 642 874 695 ἔτι
928 643 1234 707 Ἰουδαίους,
1278 646 1405 708 τοὺς
1454 645 1689 716 Χριστὸν
1736 645 1809 714 μὴ
1853 642 2196 714 δεξαμένους.

2325 649 2420 702 ~ias
2444 649 2651 711 colunt,
2699 648 2950 717 inprimis
2982 655 3063 701 est
3088 647 3446 709 contrarium,
3480 648 3570 716 qui
3595 646 3873 701 Christum

629 740 851 810 Ἔχουσι
886 741 941 794 δὲ
979 742 1039 794 τὸ
1069 742 1211 796 κατὰ
1252 744 1529 797 Ματθαῖον
1561 742 1669 814 (li)
1699 742 2032 811 Εύαγγὲλιον
2060 740 2200 810 πλη-

2325 740 2554 795 νίόειίεει
2582 740 2888 809 repudiant.
2912 737 3008 792 Est
3030 753 3158 793 vero
3180 754 3347 808 penes
3378 738 3499 793 illos
3522 738 3873 809 Evangelium

626 830 885 902 ρέστατον
920 832 1217 902 Ἐϐραϊστί.
1263 835 1400 904 Παρ’
1448 835 1632 895 αὐτοῖς
1662 834 1771 904 γὰρ
1810 832 1994 901 σαφῶς
2022 831 2199 897 τοῦτο,

625 920 808 985 καθὼς
842 919 901 987 ἐξ
930 923 1104 992 ἀρχῆς
1144 923 1357 994 ἐγράφη
1399 923 1709 995 Ἑϐραϊκοῖς
1740 923 2058 993 γράμμασιν
2078 962 2092 985 ,
2124 921 2202 973 ἔτι

622 1008 881 1073 σώζεται.
931 1012 1046 1064 Οὐκ
1079 1007 1194 1065 οἶδα
1238 1012 1315 1075 δὲ,
1364 1014 1413 1065 εἰ
1459 1014 1553 1066 καὶ
1596 1012 1695 1076 τὰς
1731 1012 2079 1081 γενεαλογίας
2105 1009 2202 1074 τὰς

625 1103 736 1156 ἀπὸ
764 1104 857 1156 τοῦ
890 1103 1141 1175 Ἀϐραὰμ
1180 1107 1308 1176 ἄχρι
1342 1106 1576 1178 Χριστοῦ
1606 1106 1896 1176 περιεῖλον.
1924 1102 2089 1157 Ἀλλὰ
2111 1102 2205 1155 xui

622 1195 830 1266 ταύτην
854 1198 1224 1267 φωράσαντες,
1250 1198 1328 1260 ὡς
1359 1198 1590 1269 βληχρὸν
1614 1198 1707 1251 xui
1736 1196 1926 1267 ὀδύνης
1976 1198 2207 1265 ἐμποιη-

627 1288 776 1339 τικδν
800 1288 887 1340 διὰ
914 1287 1007 1340 τοῦ
1041 1288 1121 1341 ἰοῦ
1154 1288 1408 1359 σφηκίον,
1432 1288 1868 1350 καταθλὰσαντές
1889 1304 1947 1339 τε
1973 1289 2083 1350 τοῖς
2108 1286 2207 1355 τῆς

627 1378 883 1448 ἀληθείας
929 1380 1125 1448 λόγοις,
1154 1381 1246 1433 ἐπὶ
1281 1380 1378 1443 τὰς
1411 1378 1537 1449 ἑξῆς
1579 1380 1767 1450 ἴωμεν,
1796 1373 1840 1431 ὦ
1864 1376 2202 1447 ἐπιπόθητοι,

630 1470 783 1541 παρὰ
802 1470 937 1524 Θεοῦ
961 1471 1239 1534 αἰτοῦντες
1260 1471 1358 1543 τὴν
1383 1471 1658 1542 βοήθειαν.

1117 1756 1309 1809 ΚΑΤΑ
1347 1754 1727 1820 ΕΒΙΩΝΑῘΩΝ,

997 1867 1245 1935 Δεκάτῃ,
1283 1870 1321 1929 7)
1356 1868 1455 1921 καὶ
1496 1870 1840 1938 τριακοστή.

706 1981 785 2031 A'.
832 1976 1044 2041 Ἐϐίων,
1076 1979 1169 2047 ἀφ’
1203 1973 1371 2050 οὗπερ
1416 1979 1737 2044 Ἐϐιωναῖοι,
1793 1979 2030 2051 καθεξῆς
2082 1983 2211 2035 ἀκο-

626 2066 856 2135 λουθῶν,
885 2071 979 2123 xui
1002 2071 1070 2123 τὰ
1101 2072 1263 2141 ὃμοια
1300 2072 1505 2135 τούτοις
1546 2073 1840 2143 φρονήσας,
1867 2073 2212 2145 πολύμορφον

629 2162 933 2232 τεράστιον,
970 2162 1091 2225 xui,
1120 2163 1195 2225 ὡς
1225 2164 1419 2228 εἰπεῖν,
1450 2165 1546 2234 τῆς
1573 2164 1941 2235 μυθευομένης
1980 2166 2213 2218 πολυκε-

632 2254 803 2323 φάλου
841 2254 1046 2324 "rapa;
1077 2254 1281 2323 ὀφιώδη
1322 2255 1532 2325 μορφὴν
1571 2257 1627 2308 ὲν
1657 2255 1833 2326 ἐαυτῷ
1858 2257 2216 2310 ἀνατυπωσά-

634 2363 817 2416 μενος,
857 2346 1020 2399 πάλιν
1077 2346 1347 2416 ἐπανέστη
1373 2345 1451 2416 τῷ
1496 2347 1614 2418 βίῳ,
1660 2348 1725 2400 ὲκ
1751 2347 1848 2417 τῆς
1875 2348 2078 2401 τούτων
2117 2348 2215 2418 μὲν

636 2437 831 2507 σχολῆς
863 2438 1145 2508 ὑπάρχων,
1197 2438 1362 2508 ἕτερα
1389 2437 1445 2491 δὲ
1485 2439 1637 2509 παρὰ
1679 2439 1901 2503 τούτους
1933 2440 2216 2510 κηρύττων

634 2529 730 2582 καὶ
781 2528 1179 2598 ὑφηγούμενος.
1228 2529 1314 2591 Ὠς
1343 2530 1451 2600 γὰρ
1490 2528 1543 2582 εἴ
1580 2547 1662 2593 τις
1716 2530 1992 2595 συνάξειεν
2034 2531 2215 2601 ἑαυτῷ

634 2620 701 2671 ὲκ
752 2618 1024 2689 διαφόρων
1077 2619 1240 2672 λίθων
1293 2620 1488 2689 τιμίων
1542 2621 1768 2691 κόσμον,
1821 2622 1917 2675 xui
1966 2623 2217 2693 ποικίλης

634 2711 862 2782 ἐσθῆτος
918 2711 1156 2781 ἔνδυμα,
1208 2714 1301 2765 καὶ
1343 2713 1617 2781 διαφανῶς
1672 2714 1863 2767 ἑαυτὸν
1915 2715 2215 2785 κοσμήσει·

632 2804 776 2857 οῦτω
808 2806 899 2857 xui
925 2797 1099 2869 οὗτος,
1157 2806 1215 2857 τὸ
1254 2807 1520 2859 ἀνάπαλιν
1550 2807 1656 2859 πᾶν
1698 2805 1878 2860 ὁτιοῦν
1919 2805 2089 2859 δεινὸν
2124 2808 2220 2861 καὶ

634 2896 914 2967 ὀλετήριον
960 2898 1055 2949 xui
1112 2894 1398 2965 βδελυκτὸν
1438 2899 1719 2968 κήρυγμα,
1762 2896 2005 2967 ἄμορφόν
2038 2913 2096 2949 τε
2129 2896 2221 2949 καὶ

642 2987 928 3050 ἀπίθανον,
966 2987 1194 3057 ἀζηλίας
1248 2987 1497 3057 ἔμπλεων
1535 2988 1664 3059 παρ’
1696 2988 1929 3056 ἑκάστης
1958 2987 2221 3057 αἱρέσεως

638 3079 835 3145 λαϐὼν,
860 3081 1050 3132 ἑαυτὸν
1092 3080 1439 3133 ἀνετύπωσεν
1474 3081 1553 3143 εἰς
1592 3080 1831 3143 ἁπάσας.
1866 3081 2222 3151 Σαμαρειτῶν

2303 831 2603 885 secundum
2637 829 2944 884 Matthteum
2974 870 2988 895 ,
3039 828 3600 899 Hebraice.scriptum
3628 872 3643 896 ,
3673 841 3726 885 et
3755 830 3878 899 qui-

2303 922 2425 977 dem
2469 920 2958 977 absolutissimum.
3007 920 3121 976 Hoc
3166 922 3313 976 enim
3367 921 3670 976 certissime
3716 928 3879 991 prout

2304 1011 2584 1067 Hebraicis
2622 1012 2820 1067 litteris
2857 1012 3010 1067 initio
3038 1012 3302 1082 scriptum
3325 1020 3430 1076 est,
3463 1011 3517 1066 in
3558 1012 3879 1068 hodiernum

2305 1111 2519 1173 tempus
2546 1118 2721 1173 usque
2740 1113 3086 1159 conservant.
3112 1102 3313 1158 Verum
3341 1103 3472 1158 illud
3496 1103 3710 1168 nescio,
3748 1119 3879 1157 num

2307 1195 2649 1264 genealogias
2680 1194 2802 1249 illas
2830 1194 3195 1263 amputarint,
3227 1209 3347 1263 qua
3379 1195 3446 1249 ab
3462 1194 3770 1249 Abrahamo
3813 1193 3881 1246 ad

2304 1286 2583 1342 Christum
2599 1303 2770 1357 usque
2800 1285 3071 1357 perductae
3094 1292 3239 1341 sunt.
3266 1285 3549 1341 Postremo
3578 1301 3701 1340 cum
3735 1286 3882 1338 illam

2308 1378 2538 1433 haeresin
2589 1380 2670 1434 sic
2701 1388 2957 1449 tanquam
2996 1377 3317 1432 imbecillem
3358 1379 3645 1447 quemdam
3698 1388 3752 1431 et
3790 1392 3885 1430 ve-

2307 1478 2566 1523 nenatum
2599 1470 2921 1524 crabronem
2955 1468 3475 1538 deprehenderimus
3495 1510 3507 1534 ,
3546 1484 3609 1523 ac
3640 1468 3884 1523 veritatis

2309 1562 2553 1614 oratione
2576 1561 2981 1624 obtriverimus,
3011 1574 3111 1613 nos
3134 1560 3203 1614 ad
3232 1559 3365 1614 alias
3391 1559 3670 1630 deinceps,
3701 1575 3733 1613 ο
3758 1558 3884 1613 cha-

2310 1653 2534 1717 rissimi,
2582 1651 2767 1707 divino
2800 1651 2921 1706 freti
2954 1653 3208 1723 praesidio
3240 1652 3605 1707 conferamus.

2506 1763 2661 1834 125
2722 1763 3168 1822 ADVERSUS
3232 1762 3697 1827 EBIONIEOS,

2664 1877 2795 1941 Qum
2819 1888 2894 1931 est
2919 1877 3131 1933 hwresis
3151 1878 3222 1944 X,
3247 1879 3321 1934 vel
3351 1878 3535 1933 XXX.

2383 1991 2424 2044 1.
2465 1989 2752 2045 Nazaraeos
2781 1990 2972 2056 Ebion,
3004 2007 3035 2045 a
3056 2005 3167 2062 quo
3185 1990 3451 2046 Ebionita:
3471 1990 3624 2054 dicti,
3642 1988 3889 2059 proxime

2313 2085 2694 2153 consequitur,
2730 2085 3031 2154 eademque
3077 2100 3202 2139 cum
3238 2085 3347 2140 illis
3375 2085 3632 2154 dogmata
3665 2084 3889 2152 proﬁte-

2315 2185 2404 2230 tur
2433 2195 2446 2230 :
2478 2174 2626 2245 quod
2658 2175 2991 2230 horrendum
3024 2184 3333 2231 monstrum
3364 2190 3429 2230 ac
3464 2174 3766 2244 multiplex,
3803 2182 3879 2237 et,

2316 2278 2375 2321 ut
2400 2268 2475 2320 ita
2506 2266 2705 2325 dicam,
2738 2264 2999 2322 fabulosae
3030 2267 3197 2329 illius,
3227 2280 3291 2321 ac
3317 2266 3613 2321 multorum
3648 2265 3888 2334 capitum

2317 2355 2505 2427 hydrae
2552 2354 2919 2423 serpentinam
2969 2356 3023 2408 in
3073 2369 3193 2410 sese
3265 2353 3494 2423 figuram
3558 2351 3891 2420 exprimens,

2317 2461 2515 2501 rursus
2547 2445 2616 2499 ad
2651 2445 2877 2500 exitium
2902 2445 3129 2499 humani
3170 2445 3387 2514 generis
3433 2443 3634 2512 erupit.
3663 2441 3740 2495 Ac
3768 2441 3895 2496 licet

2319 2553 2383 2592 ex
2438 2537 2654 2591 illorum
2704 2536 2996 2606 disciplina
3042 2538 3345 2607 prodierit,
3397 2535 3657 2590 nonnulla
3714 2541 3897 2586 tamen

2318 2636 2517 2699 prmter
2567 2643 2732 2698 quam
2777 2630 2847 2683 ab
2899 2630 3007 2683 illis
3049 2629 3375 2695 doceantur,
3451 2625 3689 2681 asseruit
3735 2632 3898 2695 atque

2318 2721 2629 2790 pr0posuit.
2668 2719 2738 2792 Ut
2766 2721 2914 2775 enim
2945 2721 2988 2775 si
3030 2719 3153 2789 quis
3184 2719 3355 2773 variis
3388 2732 3452 2773 ex
3486 2716 3686 2786 lapillis
3729 2729 3898 2770 orna.-

2321 2820 2435 2866 tum
2466 2813 2573 2868 sibi
2619 2813 2856 2883 aliquem
2889 2813 3166 2876 conﬁciat,
3203 2818 3297 2864 aut
3324 2810 3658 2880 variegatam
3691 2807 3895 2862 colori-

2320 2904 2423 2959 bus
2472 2914 2680 2959 vestem
2732 2904 2960 2967 induat,
3020 2912 3182 2973 atque
3232 2902 3560 2971 exquisitam
3606 2898 3900 2968 quamdam

2321 2995 2640 3064 elegantiam
2670 2994 2955 3061 adhibeat;
2987 2995 3067 3051 sic
3118 2995 3206 3048 ille
3249 3000 3459 3059 contra,
3492 2978 3758 3045 omnibus
3797 3004 3901 3042 un-

2323 3086 2489 3156 dique
2519 3087 2850 3156 perniciosis
2881 3102 2945 3141 ac
2992 3085 3268 3156 pestiferis
3296 3083 3640 3154 dogmatibus
3668 3079 3903 3135 arcessi~

640 3172 741 3243 μὲν
787 3172 894 3241 γὰρ
946 3171 1061 3242 ἔχει
1119 3173 1178 3225 τὸ
1219 3171 1494 3243 βδελυρὸν,
1535 3172 1802 3224 Ἰουδαίων
1848 3171 1905 3223 δὲ
1931 3171 1992 3223 τὸ
2033 3171 2221 3242 ὄνομα,

2326 3179 2420 3242 tis,
2455 3178 2720 3248 quidquid
2764 3193 3109 3248 unaquaeque
3157 3176 3385 3231 haeresis
3428 3172 3763 3228 horrendum
3813 3173 3899 3224 in-

652 3261 917 3314 Ὀσσαίων
974 3261 1031 3313 δὲ
1077 3262 1172 3314 xui
1225 3260 1563 3331 Ναζωραίων
1609 3261 1704 3314 xui
1754 3261 2082 3332 Νασαραίων
2130 3260 2226 3331 τὴν

646 3352 886 3422 γνώμην,
923 3352 1297 3424 Κηρινθιανῶν
1325 3353 1385 3405 τδ
1410 3349 1568 3419 εἶδος,
1598 3353 2107 3425 Καρποκρατιανῶν
2127 3354 2228 3423 τὴν

643 3443 1028 3513 ⁴ιιεακοτροπίαν,
1054 3443 1499 3514 καὶΧριστιανῶν
1525 3443 1768 3513 βούλεται
1791 3443 1934 3514 ἔχειν
1953 3445 2050 3515 τὴν
2069 3461 2230 3516 προσ-

649 3536 893 3605 ηγορίαν.
949 3536 1023 3588 Ού
1057 3534 1166 3606 γὰρ
1214 3534 1482 3605 δήπουθεν
1528 3536 1625 3605 τήν
1662 3552 1722 3587 τε
1756 3535 1958 3606 πρᾶξιν
2003 3537 2095 3589 καὶ
2132 3535 2229 3606 τὴν

648 3626 874 3697 γνώμην
923 3628 1016 3679 xui
1048 3627 1144 3697 τὴν
1196 3626 1420 3695 γνῶσιν,
1454 3627 1547 3679 xui
1592 3628 1689 3697 τὴν
1729 3627 1835 3681 τῶν
1884 3628 2230 3696 Εὑαγγελίων

650 3718 747 3773 καὶ
807 3718 1117 3771 ἀποστόλων
1166 3719 1294 3788 περὶ
1330 3719 1566 3782 πίστεως
1600 3719 2015 3787 συγκατάθεσιν.
2050 3720 2231 3783 Μέσος

646 3810 728 3871 δὲ,
756 3810 830 3872 ὡς
874 3811 1065 3873 εἰπεῖν,
1093 3810 1351 3863 ἁπάντων
1411 3810 1713 3881 τυγχάνων,
1767 3811 1918 3864 οὐδὲν
1962 3811 2228 3881 πέφυκεν,

648 3901 787 3954 ἀλλὰ
838 3902 925 3953 ἐπ’
972 3900 1120 3971 αύτῴ
1172 3901 1473 3971 πληροῦται
1522 3903 1583 3955 τὸ
1615 3903 2034 3975 γεγραμμένον·
2090 3905 2230 3971 Παρ’

651 3992 862 4059 ὀλίγον
892 3991 1187 4061 ἐγενόμην
1210 3993 1280 4045 ἐν
1327 3992 1506 4044 παντὶ
1538 3989 1722 4057 κακῷ,
1752 3992 1948 4062 μέσον
1987 3995 2233 4061 Ἐκκλη-

650 4083 793 4147 σίας
842 4082 938 4135 καὶ
983 4081 1365 4151 συναγωγῆς.
1414 4083 1759 4153 Σαμαρείτης
1797 4084 1896 4153 μὲν
1934 4079 2026 4137 οὖν
2051 4085 2126 4138 ὣν
2146 4085 2233 4138 διὰ

651 4174 750 4243 τῆς
774 4173 1078 4244 βδελυρίας,
1127 4173 1365 4243 τοῦνομα
1416 4175 1660 4245 ἀρνεῖται
1682 4191 1697 4205 ο
1747 4175 1995 4228 Ἰουδαῖον
2020 4176 2078 4229 δὲ
2107 4177 2233 4229 ἑαυ-

652 4265 743 4316 τὸν
769 4263 1068 4333 ὁμολογῶν,
1099 4264 1373 4325 Ἰουδαίοις
1398 4265 1904 4329 ἁντίκειται,καίτοι
1931 4267 2235 4335 συμφωνῶν

652 4357 836 4418 αὐτοῖς
883 4358 940 4408 ὲν
998 4357 1173 4426 μέρει,
1230 4356 1305 4419 ὡς
1340 4356 1571 4423 ῦστερον
1617 4358 1675 4407 ὲν
1727 4358 1846 4420 ταῖς
1885 4357 2011 4426 περὶ
2046 4357 2233 4410 τούτου

2326 3269 2541 3339 primis,
2578 3276 2633 3323 et
2662 3268 2943 3323 exitiabile
2976 3282 3039 3322 ac
3067 3265 3449 3322 detestandum
3474 3265 3697 3326 asserit,
3723 3270 3904 3332 turpe,

2329 3361 2576 3430 inquam,
2623 3368 2678 3415 et
2723 3361 2988 3415 absonum
3047 3358 3512 3426 absurditatisque
3565 3354 3785 3425 plenum
3848 3360 3907 3408 et

2329 3450 2583 3505 odiosum
2613 3464 2644 3504 e
2689 3450 2923 3520 singulis
2958 3448 3154 3520 dogma
3185 3447 3548 3510 concinnans,
3577 3444 3822 3499 omnium
3848 3442 3905 3497 in

2331 3554 2391 3595 se
2418 3540 2626 3593 formas
2655 3540 2978 3609 speciesque
3012 3539 3314 3593 transtulit.
3351 3536 3487 3590 Nam
3530 3536 3907 3590 Samaritano-

2331 3644 2455 3682 rum
2497 3629 2767 3698 impuram
2800 3629 3249 3697 superstitionem
3289 3623 3584 3682 aliectavit.
3625 3626 3668 3678 A
3703 3625 3908 3679 Judteis

2331 3735 2496 3793 porro
2524 3735 2722 3774 nomen
2751 3720 2994 3791 accepit;
3030 3720 3098 3774 ab
3136 3717 3356 3781 Ossaeis,
3416 3716 3688 3772 Nazarzeis
3718 3726 3772 3770 et
3797 3717 3908 3769 Na.

2333 3814 2520 3870 saraeis
2569 3813 2845 3883 dogmata.
2898 3812 3382 3867 Cerinthianorum
3416 3810 3610 3865 deinde
3654 3809 3906 3869 formam,

2333 3904 2889 3976 Carpocratianorum
2918 3904 3241 3973 nequitiam,
3281 3903 3715 3958 Christianorum
3755 3900 3910 3953 deni-

2333 4014 2439 4069 que
2462 3998 2877 4068 appellationem
2907 4011 3174 4065 usurpare
3200 3994 3495 4050 contendit.
3532 3992 3717 4061 Neque
3763 3990 3910 4045 enim

2334 4092 2404 4145 ab
2449 4090 2536 4144 his
2568 4090 2862 4159 postremis
2892 4104 3015 4143 cum
3057 4087 3297 4147 nomine,
3342 4085 3486 4139 facta
3530 4084 3649 4153 ipsa
3677 4083 3907 4151 pariter,

2334 4196 2401 4234 ac
2431 4187 2666 4233 mentem
2708 4178 3209 4247 cognitionemque,
3270 4181 3325 4229 et
3370 4170 3786 4239 Evangeliorum
3828 4176 3904 4220 at-

2335 4285 2441 4340 que
2491 4270 2865 4339 apostolorum
2901 4267 2969 4321 de
3021 4266 3126 4321 ﬁde
3155 4265 3571 4321 consensionem
3616 4260 3906 4329 expressit.

2337 4360 2440 4427 Qui
2483 4376 2608 4415 cum
2655 4360 2868 4414 medius
2914 4358 3007 4422 sit,
3050 4364 3110 4409 ut
3164 4356 3237 4409 ita
3282 4354 3482 4416 dicam,
3522 4352 3665 4405 inter
3696 4363 3909 4407 omnes,

654 4448 980 4514 ἀποδείξεσι,
1022 4449 1114 4501 xui
1138 4447 1230 4500 τοῦ
1261 4450 1378 4500 κατ’
1419 4446 1598 4499 αὐτῶν
1636 4447 1859 4517 ἐλέγχου
1892 4450 2224 4519 παραστήσο⁴

2342 4452 2561 4521 proprie
2589 4451 2776 4505 nullus
2802 4457 2907 4513 est,
2936 4451 2991 4501 in
3016 4462 3190 4517 eoque
3227 4445 3369 4516 quod
3402 4443 3663 4512 scriptum
3698 4446 3782 4494 cst
3808 4438 3911 4493 im-

658 4554 777 4608 μεν,
800 4536 934 4589 θεοῦ
964 4535 1400 4607 ὲπιϐοηθοῦντος.

2340 4543 2517 4609 pietur
2552 4560 2566 4593 :
2600 4540 2771 4593 Paulo
2806 4541 2977 4592 minus
3010 4545 3247 4592 versatus
3276 4551 3389 4588 sum
3420 4535 3473 4586 in
3502 4531 3644 4587 omni
3674 4530 3833 4595 malo,
3860 4530 3915 4581 in

658 4633 826 4687 medio
863 4632 1115 4686 Ecclesia:
1146 4641 1195 4685 et
1230 4634 1524 4702 Synagoga:
1552 4632 1591 4683 ί.
1651 4631 1823 4701 igitur
1855 4646 1980 4685 cum
2034 4648 2224 4687 revera
2277 4635 2654 4690 Samaritanus
2705 4636 2775 4690 ob
2827 4633 3216 4690 exsecrandam
3260 4628 3559 4699 nequitiam
3592 4626 3683 4688 sit,
3725 4624 3913 4678 istius-

659 4729 805 4783 modi
863 4739 1044 4783 tamen
1094 4727 1511 4796 appellationem
1563 4726 1775 4794 reiicit;
1835 4735 1889 4782 et
1933 4742 2057 4780 cum
2109 4745 2167 4783 se
2216 4730 2357 4785 idem
2411 4729 2658 4785 Judmum
2712 4730 2877 4784 faciat
2921 4728 3127 4784 Judaais
3194 4725 3542 4795 refragatur,
3597 4734 3910 4790 quanquam

659 4841 783 4880 cum
813 4825 900 4880 his
934 4825 1117 4893 aliqua
1145 4839 1212 4877 ex
1243 4832 1397 4892 parte
1435 4822 1733 4885 consentit,
1774 4822 1853 4874 uti
1900 4831 2114 4893 postea,
2144 4842 2268 4879 cum
2302 4827 2369 4881 ad
2396 4843 2516 4896 ejus
2554 4828 2629 4882 rei
2664 4827 3067 4896 probationem,
3114 4831 3168 4879 et
3193 4823 3574 4877 haereticorum
3642 4814 3911 4887 ejusmodi

657 4918 1090 4975 confutationem
1145 4924 1467 4986 perventum
1517 4916 1714 4979 fuerit,
1769 4913 1877 4970 Deo
1934 4917 2231 4987 adjuvante
2269 4922 2723 4976 monstrabimus.

733 5035 749 5065 ¹
774 5031 936 5087 Prov.
964 5048 1017 5093 v,
1047 5030 1136 5084 14.

732 5149 844 5220 (li)
887 5149 1135 5220 Ἔχουςι
1186 5145 1254 5200 δὲ
1301 5147 1576 5220 τὸηκᾳτὰ
1624 5148 1938 5220 Ματθαῖον.
1981 5146 2137 5220 Quod
2182 5152 2236 5200 et

666 5215 1029 5289 Hieronymus
1071 5215 1257 5272 Graece
1288 5218 1546 5289 reddidit,
1570 5227 1625 5289 et
1660 5219 1817 5289 citat.
1844 5219 1968 5289 ipse
2011 5218 2232 5289 saepius.

664 5291 851 5359 Neque
875 5287 1008 5342 vero
1035 5303 1230 5359 purum
1257 5296 1445 5357 putum
1477 5287 1711 5341 Matthaai
1738 5287 2088 5359 Evangelium
2112 5287 2235 5359 fuit,

666 5371 728 5416 ut
757 5357 1100 5414 existimasse
1134 5357 1349 5411 videtur
1382 5359 1717 5427 Epiphanius
1740 5398 1755 5422 ,
1786 5361 1887 5427 sed
1910 5358 1979 5411 ab
2007 5357 2114 5412 illis
2144 5358 2239 5411 de-

666 5440 973 5502 pravatum,
1006 5427 1152 5502 quod
1177 5436 1235 5502 et
1267 5426 1621 5502 Evangelium
1656 5426 2118 5502 xuru_'EGp_uioug
2145 5442 2241 5502 ap-

668 5497 835 5572 pellat
863 5497 1132 5572 Eusebius
1177 5497 1269 5551 lib.
1304 5497 1775 5572 tiiﬂistgr.,__cap.
1806 5499 1891 5572 t9.
1931 5497 2153 5550 llieron.
2186 5498 2241 5548 in

666 5564 787 5639 cap.
816 5584 898 5639 xtl
939 5566 1173 5639 Matth:
1195 5583 1315 5637 cap.
1347 5568 1413 5622 15
1448 5587 1461 5622 :
1512 5564 1581 5621 Iri
1611 5564 2056 5639 Evaizgeliotquo
2090 5578 2250 5639 utnu-

668 5636 758 5696 καὶ·
803 5637 1075 5692 Nazareni
1105 5636 1387 5701 Ebioriitw,
1433 5639 1571 5705 quod
1621 5653 1780 5705 nuper
1821 5639 1875 5689 in
1912 5636 2152 5691 Graecum
2186 5636 2248 5687 de

672 5711 897 5765 Hebrcro
932 5725 1169 5761 sermone
1204 5709 1597 5771 transtulimus,
1622 5707 1826 5775 etquod
1857 5717 2073 5760 vocatur
2095 5725 2125 5759 a
2148 5706 2250 5775 ple-

670 5784 848 5851 risque
891 5777 1131 5833 Matthwi
1164 5778 1540 5845 authenticum,
1583 5776 1734 5833 hante
1769 5778 1883 5845 iste,
1919 5779 2007 5848 qui
2040 5777 2249 5831 aridam

2343 5144 2496 5198 habet
2517 5160 2751 5202 manum,
2776 5143 3139 5197 cazmeutarius
3160 5140 3431 5195 scribitur.
3468 5140 3612 5195 Idem
3638 5141 3690 5193 in
3716 5138 3910 5205 Script.

2342 5215 2523 5268 eccles.
2556 5214 2623 5268 de
2666 5212 2918 5267 Matthzeo
2960 5227 3148 5283 agens,
3186 5212 3348 5279 hujus
3382 5210 3706 5265 Hebraicum
3735 5211 3914 5277 ipsum

2344 5286 2400 5339 in
2413 5285 2734 5339 Caesariensi
2754 5283 3081 5337 bibliotheca
3109 5290 3445 5336 asservatum
3471 5290 3627 5334 aetate
3656 5295 3754 5332 sua
3787 5294 3918 5332 nar-

2346 5363 2451 5420 rat,
2478 5355 2636 5423 cujus
2671 5354 2775 5408 sibi
2809 5368 2839 5406 a
2868 5352 3141 5423 Nazaraeis
3164 5349 3500 5423 exscribeudi
3534 5348 3918 5423 facultas_f_ue-

2345 5418 2445 5478 rit.
2476 5418 2578 5478 Sed
2613 5423 2993 5477 Nazaraeorum
3023 5421 3370 5489 Evangelinm
3404 5434 3743 5543 netﬂtaquam
3777 5418 3916 5472 Mat-

2353 5496 2477 5543 thaai
2509 5509 2825 5543 germanum
2868 5492 2986 5543 fuit.
3016 5492 3299 5543 Postremo
3328 5506 3455 5543 num
3533 5489 3748 5543 ebraica
3778 5496 3916 5543 vete-

2353 5496 2477 5548 thmi
2509 5509 2825 5563 germanum
2868 5492 2986 5545 fuit.
3016 5492 3299 5563 Postremo
3328 5489 3748 5563 numijebraica
3778 5496 3923 5563 vete-

2354 5567 2399 5618 ri
2429 5559 2919 5634 puraqueglingua,
2942 5577 3016 5634 an,
3044 5561 3286 5634 Syriaca,
3322 5559 3920 5634 sivegﬂierosolymita‘

2355 5630 2447 5688 na'
2488 5630 2806 5701 vulgarique
2877 5632 3157 5685 Matthzeus
3208 5630 3556 5699 Evangelium
3613 5630 3913 5701 scripserit,

2354 5698 3078 5771 nonnisi'ex'conjccturis
3128 5698 3467 5770 pronuntiari
3522 5708 3717 5770 potest.
3773 5698 3918 5752 Nihil

2356 5776 2501 5831 enim
2534 5772 2669 5829 certi
2702 5772 3079 5845 exploratique
3106 5773 3172 5827 ab
3198 5771 3511 5827 auctoribus
3539 5772 3739 5826 discas.
