4170 6372
455 212 558 268 407

1827 213 1886 268 S.
1927 212 2270 268 EPIPHANII

3597 211 3701 270 403

525 325 588 381 ll.
632 325 910 398 Siquidem
939 327 1112 384 Ebion
1145 329 1250 384 iste
1279 329 1524 400 priorum
1552 331 1768 385 illorum
1800 333 2024 401 aequalis

2200 333 2273 384 B'.
2335 324 2502 394 Οὗτος
2557 330 2664 402 γὰρ
2693 333 2720 384 ό
2761 329 2952 383 Ἐὅίων
3008 325 3302 399 σύγχρονος
3351 327 3450 398 μὲν
3501 327 3705 380 τούτων

457 416 582 483 fuit,
623 427 675 473 et
723 419 966 474 eamdem
1018 435 1142 474 cum
1182 421 1318 492 ipsis
1361 422 1627 490 originem
1679 424 1905 492 accepit.
1951 427 2029 477 Ac

458 510 692 581 primttm
727 528 758 566 e
787 511 930 565 virili
962 514 1258 568 concubitu
1289 529 1351 567 ac
1375 515 1602 580 semine,
1628 526 1758 584 puta
1781 514 2024 586 Josephi,

457 613 646 656 natum
689 619 812 659 esse
843 603 1120 660 Christum
1151 607 1410 669 asseruit,
1439 613 1500 659 ut
1540 619 1666 661 ante
1703 608 2030 678 significavi-

458 709 600 756 nms,
627 709 750 747 cum
781 696 856 748 ita
895 695 1135 751 diximus
1169 715 1181 750 :
1214 697 1360 750 hunc
1413 697 1571 768 126
1614 701 1825 754 caeteris
1857 700 1910 754 in
1940 717 2029 755 re-

459 781 561 839 bus
595 785 780 839 eadem
812 801 935 840 cum
974 788 1094 842 aliis
1139 789 1489 853 sentientem,
1535 793 1637 844 hac
1662 806 1768 845 una
1815 807 1874 847 re
1915 793 2029 849 dis-

457 884 704 940 crepare,
748 873 896 942 quod
933 873 1242 930 Judaeorum
1274 878 1415 932 ritus
1441 894 1504 932 ac
1540 883 1893 937 caeremonias
1913 898 2028 937 am-

455 963 646 1032 plexus
672 964 776 1029 sit,
818 966 998 1039 veluti.
1029 966 1350 1035 Sabbatum,
1403 985 1466 1024 ac
1525 972 2024 1038 circumcisionetn,

456 1055 670 1124 aliaque
713 1055 766 1108 id
811 1073 1000 1127 genus,
1032 1059 1258 1127 perinde
1307 1070 1470 1132 atque
1513 1078 1543 1117 a
1593 1062 1798 1119 Judaais
1831 1081 1895 1120 ac
1929 1065 2030 1120 Sa-

454 1148 739 1202 maritanis
770 1149 1150 1204 observantur.
1185 1151 1325 1218 Quin
1351 1154 1514 1208 etiam
1553 1156 1708 1225 plura
1734 1157 1835 1212 istc
1862 1174 2026 1228 quam

453 1236 625 1293 Judaei
692 1237 1166 1296 Samaritanorum
1237 1245 1544 1300 imitatione
1623 1249 2022 1318 complectitur.

453 1330 588 1384 Nam
631 1333 818 1386 ethoc
849 1333 1071 1402 adjecit,
1130 1341 1191 1388 ut
1220 1335 1290 1390 ab
1335 1344 1690 1393 externorum
1744 1339 2026 1395 hominum

453 1431 601 1475 tactu
652 1439 775 1478 sese
815 1425 1145 1490 contineret,
1201 1435 1368 1497 utque
1399 1428 1596 1484 diebus
1625 1431 1858 1500 singulis
1891 1449 2028 1502 quo,—

453 1515 556 1568 ties
583 1515 867 1570 mulierem
897 1517 1186 1587 attigisset,
1225 1520 1294 1574 ab
1333 1521 1562 1590 ejusque
1592 1523 1876 1592 complexu
1904 1539 2028 1578 sur-

453 1609 621 1668 geret,
655 1617 795 1672 aqua
831 1619 951 1658 sese
989 1607 1287 1674 prolueret,
1326 1609 1500 1664 sicubi
1533 1609 1652 1676 ejus
1679 1620 1823 1666 esset
1848 1615 2022 1682 copia,

2133 423 2395 492 ὑπῆρχεν,
2445 423 2538 476 ἀπ’
2575 421 2751 475 αὐτῶν
2809 421 2866 472 δὲ
2930 421 3027 473 σὺν
3079 419 3262 482 αὐτοῖς
3314 421 3566 490 ὁρμᾶται.
3627 420 3705 472 Τὰ

2131 515 2321 586 πρῶτα
2371 515 2427 567 δὲ
2476 516 2539 567 ὲκ
2579 515 2918 586 παρατριόἧς
2975 514 3068 566 καὶ
3129 513 3443 583 σπέρματος
3485 509 3704 581 ἀνδρὸς,

2127 607 2372 662 τουτέστι
2400 607 2496 660 τοῦ
2514 608 2729 677 Ἰωσὴφ,
2752 607 2840 659 τὸν
2867 607 3100 678 Χριστὸν
3118 603 3477 673 γεγεννῆσθαι
3501 602 3704 668 ἔλεγεν,

2129 701 2206 761 ὠς
2229 701 2322 754 καὶ
2345 699 2446 770 1ἤδη
2478 701 2609 770 ἡμῖν
2647 700 2991 770 προείρηται,
3023 699 3104 751 ὅτι
3135 697 3216 750 Τὰ
3257 695 3347 748 ῐσα
3380 697 3492 757 τοῖς
3525 693 3704 756 ἄλλοις

2129 794 2186 845 έν
2213 792 2384 844 ἀπασι
2413 791 2646 861 φρονῶν,
2681 793 2739 843 έν
2771 789 2942 860 τούτῳ
2979 789 3127 859 μόνῳ
3174 789 3472 859 διεφέρετο,
3522 789 3580 838 έν
3629 785 3706 855 τῷ

2126 885 2205 954 τῷ
2237 885 2387 954 νόμῳ
2417 883 2510 936 τοῦ
2559 883 2889 952 Ἰουδαϊσμοῦ
2935 883 3290 953 προσανέχειν
3323 879 3462 933 κατά
3499 878 3703 931 σαϐϐα-

2126 976 2338 1044 τισμὸν,
2362 974 2620 1028 καὶκατὰ
2651 974 2750 1045 τὴν
2786 973 3086 1044 περιτομὴν
3109 1013 3125 1039 ,
3169 973 3262 1024 καὶ
3299 971 3440 1024 κατὰ
3473 970 3542 1022 τὰ
3568 969 3704 1025 ἄλλα

2129 1068 2345 1130 πάντα,
2405 1068 2609 1137 ὅσαπερ
2658 1065 2808 1136 παρά
2872 1065 3144 1128 Ἰουδαίοις
3202 1065 3294 1116 καὶ
3339 1061 3704 1132 Σαμαρείταις

2130 1158 2474 1214 ἐπιτελεῖται.
2531 1159 2651 1211 Ἔτι
2685 1157 2750 1209 ’δὲ
2806 1156 2975 1209 πλείω
3025 1150 3181 1220 οὗτος
3225 1153 3376 1225 παρά
3409 1156 3530 1216 τοὺς
3584 1153 3705 1205 ’1ου-

2126 1250 2304 1314 δαίους
2327 1249 2526 1318 ὁμοίως
2555 1251 2666 1311 τοῖς
2691 1250 3058 1320 Σαμαρείταις
3083 1231 3490 1316 διαπράττεταιῖ
3528 1247 3698 1317 Προσ-

2127 1342 2278 1394 ἐοετο
2305 1342 2411 1412 γὰρ
2445 1340 2506 1392 τὺ
2530 1340 2961 1411 παρατηρεῖσθαι
2983 1338 3249 1392 ἅπτεσθαί
3271 1356 3430 1391 τινων
3458 1338 3564 1390 τῶν
3604 1338 3701 1391 ἀλ-

2126 1431 2353 1485 λοεθνῶν
2377 1447 2390 1460 °
2429 1431 2546 1484 καθ’
2601 1431 2836 1500 ἑκάστην
2869 1431 2926 1483 δὲ
2977 1431 3208 1502 ἡμέραν,
3245 1429 3450 1481 εἴποτε
3484 1430 3703 1496 γυναικὶ

2128 1522 2447 1592 συναφθείη,
2505 1523 2598 1574 καὶ
2634 1523 2728 1574 ἀπ’
2764 1521 2931 1591 αὐτῆς
2979 1523 3205 1592 ἀναστῇ,
3241 1518 3596 1590 βαπτίζεσθαι
3643 1521 3701 1571 ὲν

2124 1618 2238 1680 τοῖς
2267 1615 2476 1677 ὕδασιν,
2501 1615 2656 1667 εῐπου
2685 1613 2740 1666 δὲ
2773 1613 2838 1666 ἂν
2875 1613 3134 1684 εὐποροίη
3161 1613 3193 1682 ἦ
3226 1612 3498 1682 Θαλάσσης
3543 1611 3574 1682 ἢ
3610 1611 3699 1665 άλ-

453 1694 683 1748 tnarina:
714 1694 965 1751 videlicet
1014 1707 1108 1751 aut
1153 1700 1381 1754 alterius
1426 1702 1659 1771 generis.
1691 1702 1846 1768 Quod
1876 1705 1923 1759 si
1956 1705 2026 1760 ab

2128 1707 2232 1759 λων
2287 1706 2513 1760 ὑδάτων.
2559 1705 2718 1758 Ἀλλὰ
2762 1706 2855 1759 καὶ
2904 1707 2952 1756 εἱ
2995 1704 3344 1775 συναντήσειέ
3390 1720 3494 1756 τινι
3539 1702 3702 1756 ἀνιὼν

453 1786 543 1838 illa
575 1787 775 1842 lotione
814 1803 877 1842 ac
924 1791 1196 1846 mersione
1242 1794 1460 1848 rediens
1493 1794 1548 1847 in
1587 1796 1899 1865 quempiam
1944 1796 2025 1850 in-

451 1886 660 1942 currat,
695 1879 876 1935 denuo
905 1881 973 1936 ad
998 1882 1326 1938 abluendum
1357 1900 1500 1948 sese,
1538 1901 1681 1956 saepe
1705 1886 1868 1940 etiam
1899 1903 2024 1942 eum

450 1968 588 2039 ipsis
619 1971 966 2029 vestimentis
997 1975 1324 2045 regreditur.
1360 1975 1532 2032 Hodie
1580 1994 1706 2032 vero
1735 1979 2026 2049 virginitas

451 2061 592 2130 apud
630 2063 752 2118 illos
794 2075 850 2120 et
882 2065 1110 2121 castitas
1142 2068 1368 2122 omnino
1413 2069 1754 2140 prohibetur,
1789 2070 1842 2124 id
1880 2071 2024 2140 quod

451 2161 503 2206 et
531 2164 738 2208 caeteras
762 2169 953 2210 omnes
981 2156 1251 2224 ejusmodi
1287 2160 1522 2214 haereses
1558 2170 1842 2229 usurpant.
1887 2159 2024 2214 Nam

450 2246 580 2298 olim
611 2245 678 2300 de
723 2247 1036 2316 virginitate
1088 2249 1307 2318 gloriari
1358 2251 1624 2314 solebant,
1665 2251 1922 2306 nimirum
1954 2253 2025 2307 ob

450 2333 714 2392 Jacobum
747 2337 966 2393 fratrem
1001 2338 1213 2394 Domini
1247 2359 1260 2394 :
1295 2342 1541 2412 adeoque
1575 2343 1744 2397 libros
1795 2358 1926 2399 suos
1956 2344 2024 2398 ad

451 2428 698 2482 seniores
723 2437 778 2482 et
802 2429 1044 2500 virgines
1067 2431 1397 2486 inscribunt.
1435 2433 1539 2489 Sed
1567 2433 1733 2502 hujus
1767 2433 2024 2492 factionis

450 2519 734 2572 exordium
789 2521 1482 2594 posLllierosolymitante
1546 2525 1696 2579 urbis
1749 2525 2022 2581 excidium

453 2612 637 2678 cmpit.
671 2609 790 2676 Quo
819 2620 1062 2683 tempore
1084 2614 1380 2669 Christiani
1403 2630 1592 2669 omnes
1613 2632 1736 2670 cum
1767 2617 1820 2670 in
1840 2615 2024 2671 Pet-ara

453 2699 728 2768 degerent,
760 2707 922 2770 atque
951 2703 1004 2755 in
1053 2706 1187 2759 urbe
1219 2703 1367 2758 Pella
1412 2706 1779 2774 potissimum,
1813 2723 1932 2778 qua:
1966 2709 2022 2762 in

453 2788 838 2863 Decapelitana
876 2793 1156 2868 provincia
1199 2802 1304 2864 est,
1333 2795 1490 2870 cujus
1538 2805 1718 2855 exstat
1752 2800 1804 2852 in
1847 2797 2026 2852 Evan-

451 2888 594 2956 gelio
621 2889 826 2942 mentio
871 2891 910 2953 ‘,
956 2906 1122 2960 prepe
1155 2890 1460 2947 Batanaeam
1509 2910 1572 2948 ac
1609 2890 2018 2950 Basanitidttm:

452 2992 578 3029 enm
613 2977 746 3040 illic,
781 2979 1023 3048 inquam,
1069 2978 1408 3036 domicilium
1456 2984 1841 3052 collocassent,
1892 2987 2021 3041 hinc

453 3067 645 3122 Ebioni
674 3067 800 3122 data
834 3078 919 3125 est
951 3073 1284 3143 propagandi
1311 3075 1518 3128 erroris
1557 3077 1800 3132 occasio.
1832 3077 1936 3143 Qui
1965 3079 2022 3131 in

452 3175 595 3230 pago
647 3161 884 3230 quodam
941 3161 1158 3218 Cocabe
1195 3165 1250 3218 in
1311 3167 1532 3235 regione
1582 3167 2021 3234 Carnaimorum,

453 3253 674 3307 Arnemi
706 3261 760 3308 et
785 3255 1226 3322 Astarotharum,
1258 3267 1312 3313 et
1351 3259 1684 3318 Basanitidis
1718 3273 1895 3319 tractu
1926 3265 2024 3319 ha-

454 3342 629 3399 bitare
682 3346 871 3415 erepit,
901 3347 1359 3416 quemadmodum
1406 3359 1562 3407 vetus
1605 3355 1670 3408 ad
1715 3370 1817 3410 nos
1852 3372 2027 3426 usque

454 3433 599 3488 fama
631 3439 874 3506 pertulit.
923 3437 1052 3493 lnde
1099 3440 1266 3510 igitur
1302 3441 1522 3511 pessimi
1566 3446 1897 3514 praedicandi
1926 3448 2026 3501 do-

454 3529 654 3596 gmatis
681 3528 898 3582 initium
939 3533 1197 3601 sumpsit,
1225 3533 1370 3588 unde
1402 3543 1457 3588 et
1492 3535 1689 3604 impios
1718 3536 2026 3592 Nazarenos

454 3617 693 3688 coepisse
738 3619 1051 3678 docuimus.
1099 3623 1273 3678 Ambo
1322 3629 1465 3679 enim
1518 3627 1733 3682 collatis
1768 3628 1910 3682 inter
1967 3646 2026 3684 se

454 3713 727 3782 capitibus
760 3729 914 3768 suam
966 3716 1106 3771 alter
1136 3733 1260 3770 cum
1312 3719 1484 3772 altero
1529 3720 1930 3790 improbitatem
1963 3737 2026 3776 ac

455 3805 756 3874 nequitiam
787 3808 1232 3862 communicavit.
1271 3809 1450 3878 Atque
1486 3811 1588 3865 etsi
1625 3812 2026 3880 quadamtenus

456 3913 488 3950 a
516 3913 575 3952 se
613 3906 805 3953 mutuo
849 3898 1173 3964 dissideant,
1219 3900 1272 3954 in
1306 3903 1666 3972 excogitando
1700 3913 1877 3959 tamen
1906 3921 2029 3975 pra-

454 3989 680 4044 vissimo
703 3989 954 4061 dogmate
983 4007 1105 4046 sese
1134 3992 1366 4047 invicem
1397 4004 1806 4064 expresserunt.
1857 3996 2029 4052 Czete-

454 4097 578 4135 rum
620 4083 841 4137 memini
873 4099 959 4137 me
997 4084 1122 4139 aliis
1161 4084 1214 4138 in
1249 4086 1407 4148 locis,
1439 4103 1562 4139 cum
1598 4088 1860 4144 adversus
1892 4091 2028 4142 alias

456 4171 693 4228 haereses
741 4175 1146 4240 contenderem,
1199 4175 1267 4229 de
1321 4176 1663 4230 Cocaborum
1715 4179 1824 4232 situ
1867 4187 2029 4249 atque

455 4261 655 4317 Arabia
683 4263 1012 4333 disputasse.

2124 1798 2232 1851 ἀπὸ
2281 1798 2380 1868 τῆς
2421 1797 2531 1850 τῶν
2563 1797 2768 1850 ὑδάτων
2829 1797 3175 1858 καταδύσεως
3213 1796 3310 1849 καὶ
3369 1792 3700 1864 βαπτισμοῦ,

2124 1883 2384 1947 ὡσαύτως
2405 1883 2566 1937 πάλιν
2601 1885 2887 1954 ἀνατρέχει
2916 1883 3289 1953 βαπτίζεσθαι,
3323 1883 3580 1947 πολλάκις
3608 1882 3703 1936 καὶ

2126 1977 2221 2030 σὺν
2253 1981 2366 2041 τοῖς
2407 1979 2660 2048 ἱματίοις.
2693 1979 2774 2031 Τά
2795 1977 2887 2029 νῦν
2917 1978 2974 2031 δὲ
2997 1976 3702 2048 ἀπηγόρευταιπαντάπασι

2124 2070 2253 2138 παρ’
2301 2071 2485 2132 αὐτοῖς
2544 2069 2810 2141 παρθενία
2863 2085 2921 2122 τε
2961 2069 3056 2121 καὶ
3111 2068 3430 2139 ἐγκράτεια,
3487 2067 3563 2130 ὡς
3607 2066 3702 2118 καὶ

2123 2160 2276 2232 παρά
2303 2164 2424 2224 ταῖς
2453 2161 2638 2226 ἄλλαις
2679 2161 2890 2232 ὁμοίαις
2919 2161 3090 2232 ταύτῃ
3126 2161 3388 2231 αἱρέσεσι.
3425 2160 3559 2212 Ποτὲ
3592 2159 3701 2230 γὰρ

2123 2252 2424 2323 παρθενίαν
2474 2251 2850 2323 ἐσεμνύνοντο,
2883 2253 3043 2322 δῆθεν
3071 2251 3159 2305 διὰ
3202 2251 3292 2304 τὸν
3327 2251 3578 2304 Ἰάκωϐον
3612 2251 3702 2303 τὸν

2124 2345 2346 2414 ἀδελφὸν
2403 2343 2499 2397 τοῦ
2549 2344 2773 2414 Κυρίου,
2830 2343 3022 2396 καὶτὰ
3063 2342 3242 2395 αὐτῶν
3293 2342 3702 2412 συγγράμματα

2124 2435 2514 2506 πρεσϐυτέροις
2547 2436 2642 2488 καὶ
2694 2435 2986 2505 παρθένοις
3027 2435 3318 2503 γράφουσι.
3360 2434 3551 2501 Γέγονε
3585 2434 3638 2485 δὲ
3669 2435 3700 2503 ἡ

2123 2527 2264 2598 ἀρχὴ
2295 2526 2486 2578 τούτου
2516 2526 2626 2594 (12)
2645 2524 2782 2594 μετά
2808 2525 2906 2594 τὴν
2926 2524 3030 2576 τῶν
3063 2523 3450 2596 Ἱεροσολύμων
3478 2523 3698 2576 ἅλωσιν.

2137 2618 2352 2690 Ἐπειδὴ
2418 2617 2527 2688 γὰρ
2567 2619 2767 2680 πάντες
2814 2617 2863 2669 οἱ
2910 2617 2990 2679 εἱς
3017 2616 3252 2689 Χριστὸν
3281 2615 3702 2677 πεπιστευκότες

2121 2711 2220 2780 τὴν
2255 2711 2494 2781 Περαίαν
2517 2711 2636 2761 κατ’
2670 2710 2845 2761 έκεῖνο
2872 2707 3066 2778 καιροῦ
3099 2706 3426 2778 κατῴκησαν
3453 2707 3514 2760 τὸ
3544 2706 3705 2759 πλέον

2123 2803 2181 2854 ὲν
2209 2801 2384 2872 Πέλλῃ
2417 2801 2520 2854 τινὶ
2549 2801 2699 2853 πόλει
2753 2800 3060 2872 καλουμένῃ
3088 2801 3185 2869 τῆς
3216 2798 3569 2861 Δεκαπόλεως
3604 2798 3704 2866 τῆς

2123 2894 2181 2946 ἐν
2205 2892 2284 2960 τῷ
2327 2892 2640 2960 Εὑαγγελίῳ
2671 2892 3086 2962 γεγραμμένης,
3121 2891 3348 2962 πλησίον
3386 2891 3484 2960 τῆς
3522 2891 3701 2942 Βατα-

2123 2984 2278 3050 ναίας
2330 2985 2426 3037 καὶ
2476 2983 2820 3049 Βασανίτιδος
2876 2984 3078 3056 χώρας,
3125 2984 3184 3037 τὸ
3234 2981 3537 3055 τηνικαῦτα
3589 2983 3708 3034 ἐκεῖ

2129 3081 2596 3152 μεταναστάντων,
2627 3079 2722 3132 καὶ
2746 3080 2923 3130 ἐκεῖσε
2972 3075 3355 3149 διατριϐόντων
3379 3073 3574 3134 αὐτῶν,
3607 3073 3702 3141 γέ-

2125 3190 2277 3240 γονεν
2301 3174 2365 3225 ὲκ
2417 3172 2603 3225 τούτου
2659 3172 2930 3243 πρόφασις
2958 3169 3036 3240 τῷ
3071 3169 3303 3222 Ἐϐίωνι.
3339 3167 3448 3221 Καὶ
3479 3168 3699 3236 ἄργετσι

2129 3266 2226 3335 μὲν
2249 3267 2346 3335 τὴν
2384 3264 2701 3335 κατοίκησιν
2736 3262 2879 3332 ἔχειν
2913 3263 2969 3313 ἐν
3008 3260 3252 3332 Κωκάϐῃ
3281 3261 3386 3311 τινὶ
3419 3257 3579 3328 κώμῃ
3612 3256 3704 3309 ἐπὶ

2125 3357 2191 3408 τά
2227 3357 2365 3428 μέρη
2392 3356 2491 3425 τῆς
2519 3353 2796 3427 Καρναῒμ,
2843 3353 3062 3424 Ἀρνὲμ,
3087 3351 3178 3404 καὶ
3215 3349 3515 3421 ’Λσταρὼθ,
3551 3351 3609 3401 ὲν
3636 3350 3703 3420 τῇ

2128 3450 2433 3502 Βασανίτιδι
2479 3447 2652 3519 χώρα,
2691 3447 2767 3510 ὼς
2815 3447 2849 3516 ἡ
2901 3445 3128 3498 ἐλθοῦσα
3186 3446 3265 3505 εἱς
3307 3443 3454 3513 ἡμᾶς
3506 3441 3706 3509 γνῶσις

2128 3543 2390 3612 περιέχει.
2432 3541 2623 3594 Ἔνθεν
2657 3539 2886 3611 ἄρχεται
2916 3539 3013 3608 τῆς
3045 3537 3220 3606 κακῆς
3259 3535 3422 3590 αὑτοῦ
3455 3535 3706 3588 διδασκα-

2127 3634 2266 3697 λίας.
2307 3634 2427 3686 ὅθεν
2478 3633 2634 3702 δῆθεν
2665 3633 2758 3686 καὶ
2797 3633 2845 3684 οἱ
2880 3629 3192 3702 Ναζαρηνοὶ
3218 3629 3268 3681 οἱ
3301 3628 3490 3698 ἄνομοι
3521 3626 3709 3696 προδε-

2127 3725 2415 3796 δήλωνται.
2449 3723 2749 3793 Συναφθεὶς
2798 3723 2906 3792 γὰρ
2929 3715 3081 3784 οὗτος
3107 3721 3358 3782 ἐκείνοις,
3389 3718 3481 3771 καὶ
3509 3719 3706 3770 ἐκεῖνοι

2127 3817 2322 3882 τούτῳ,
2349 3815 2604 3884 ἑκάτερος
2632 3814 2740 3866 ἀπὸ
2759 3812 2858 3882 τῆς
2879 3811 3071 3864 ἑαυτοῦ
3102 3810 3401 3881 μοχθηρίας
3429 3809 3506 3878 τῷ
3535 3808 3708 3876 ἑτέρῳ

2132 3906 2422 3976 μετέδωκε.
2448 3907 2557 3958 Καὶ
2580 3906 2926 3976 διαφέρονται
2969 3904 3065 3974 μὲν
3089 3903 3275 3974 ἕτερος
3305 3901 3442 3972 πρὸς
3473 3900 3562 3952 τὸν
3590 3898 3706 3951 ἓτε-

2133 4013 2224 4068 ρον
2251 3997 2392 4050 κατά
2413 4014 2485 4061 τι,
2521 3998 2580 4049 ὲν
2602 3995 2656 4049 δὲ
2675 3999 2740 4066 τῇ
2768 3995 3027 4064 κακονοίᾳ
3054 3993 3313 4064 ἀλλήλους
3335 3994 3439 4044 ἀπε
3450 3990 3704 4060 μάξαντο.

2133 4088 2270 4158 Ἤδη
2301 4088 2357 4140 δέ
2388 4106 2475 4158 μοι
2510 4089 2602 4140 καὶ
2636 4090 2691 4140 ὲν
2718 4086 2896 4150 ἄλλοις
2922 4087 3119 4153 λόγοις,
3148 4086 3237 4138 καὶ
3257 4085 3395 4138 κατά
3420 4085 3516 4146 τὰς
3549 4081 3707 4144 ἄλλας

2130 4181 2373 4250 αἱρέσεις
2421 4181 2549 4250 περὶ
2602 4180 2700 4251 τῆς
2744 4179 3065 4242 τοποθεσίας
3115 4177 3419 4239 Κωκὰὅων,
3471 4177 3561 4228 καὶ
3613 4175 3710 4242 τῆς

2144 4272 2400 4342 Ἀραϐίας
2427 4272 2514 4324 διὰ
2545 4272 2781 4334 πλάτους
2802 4273 3036 4342 εἴρηται.

528 4354 614 4409 Ill.
657 4355 936 4428 Principio
965 4358 1134 4428 igitur
1185 4357 1378 4422 Ebion,
1413 4367 1472 4413 ut
1519 4359 1654 4422 dixi,
1693 4359 1970 4415 Christum
2000 4377 2026 4415 e

2205 4361 2278 4413 I".
2316 4363 2425 4414 Καὶ
2471 4362 2532 4414 τὸ
2571 4363 2671 4432 μὲν
2725 4363 2940 4432 πρῶτον
2971 4362 3080 4433 (15)
3125 4364 3154 4414 ὁ
3201 4359 3412 4420 Ἐϐίων,
3440 4355 3516 4418 ὡς
3547 4354 3705 4422 ἔφην,

457 4449 556 4502 viri
595 4450 823 4513 semine,
854 4449 1111 4504 nimirum
1145 4449 1390 4520 Joseplti,
1421 4451 1661 4520 genitum
1703 4451 2024 4507 afﬁrmabat.

529 4603 546 4634 ⁸
580 4602 767 4662 Matth.
799 4620 872 4668 tv,
911 4603 1014 4670 25;
1057 4603 1224 4659 Marc.
1256 4620 1310 4669 v,
1345 4604 1436 4669 20,
1461 4613 1515 4659 et
1549 4622 1645 4672 vn,
1681 4605 1767 4662 5|.

528 4762 640 4834 (l2)
680 4763 904 4864 regem;
941 4762 1010 4816 δὲ
1043 4765 1080 4830 ἡ
1108 4763 1264 4832 ἀρχὴ
1307 4765 1542 4844 τούτου.
1584 4764 1650 4816 At
1683 4764 1877 4848 Chron.
1906 4767 2029 4820 Ale-

532 4836 596 4864 ..Α
654 4849 687 4864 ιιι
772 4834 847 4864 -0")
916 4833 1080 4864 -ηΐηιηι
1127 4851 1270 4864 ειη-ιη
1297 4833 1636 4864 Tan-nn...”-
1703 4835 1947 4864 l‘nn.l..ln
1979 4847 2023 4864 ,ιι

457 4836 620 4887 xand.
654 4849 712 4903 p.
751 4833 874 4895 597,
916 4833 1084 4887 refert
1127 4851 1271 4887 anno
1297 4833 1516 4902 Trajani
1543 4850 1670 4899 vnt,
1703 4835 1949 4890 Candide
1977 4847 2031 4891 et

457 4904 734 4970 Quadrato
763 4919 908 4959 coss.
949 4903 1326 4958 Ebionitarum
1355 4906 1646 4959 emersisse
1674 4915 1899 4961 sectam.

529 4974 640 5044 (15)
671 4975 790 5044 ,Καὶ
839 4974 905 5027 τὸ
947 4973 1065 5042 μὲν
1101 4975 1350 5042 πρῶτον.
1396 4973 1604 5042 Duplex
1655 4973 2032 5034 Ebionitarum

461 5043 630 5097 factio
659 5043 788 5108 fuit;
816 5059 938 5096 nam
967 5045 1058 5097 alii
1092 5060 1298 5098 merum
1328 5060 1389 5097 ac
1420 5046 1720 5112 simplicem
1755 5045 2031 5102 hominem

345 5127 362 5142 '
459 5115 779 5169 asserebant
811 5129 934 5186 esse
965 5113 1372 5186 Jesumtatq-te
1407 5131 1435 5167 a
1464 5113 1702 5186 Josepho
1755 5115 2033 5186 Mariaque

459 5187 733 5256 genitum;
765 5185 856 5238 alii
885 5200 914 5238 e
942 5192 1134 5256 sancto
1167 5184 1430 5256 Spit-iuta
1469 5185 1689 5252 Virgine
1720 5184 2034 5256 susceptum

461 5257 533 5308 ita
573 5255 900 5319 fatebantur,
937 5256 1015 5308 uti
1047 5253 1220 5309 Deum
1262 5272 1326 5307 at:
1359 5253 1594 5309 Verbum
1644 5271 1784 5319 esse,
1815 5253 1908 5310 aut
1938 5274 2036 5311 ex-

462 5326 668 5396 stitisse
715 5333 871 5379 antea
925 5335 1204 5395 negarent.
1243 5325 1510 5381 Eusebius
1547 5327 1649 5396 lib.
1674 5341 1753 5391 ιιι,
1789 5341 1908 5396 cap.
1938 5330 2031 5382 “2|.

461 5394 722 5469 Origenes
769 5407 952 5469 contra
996 5394 1208 5469 Celsum
1255 5405 1386 5449 tom.
1425 5411 1464 5448 ιι
1491 5414 1503 5449 :
1533 5395 1831 5469 Ἐϐίων-τε
1862 5394 1978 5469 γὰρ
2007 5398 2036 5448 ὁ

461 5465 879 5536 πτωχὸςῌπαρά
912 5466 1187 5529 Ἰουδαίοις
1238 5469 1520 5529 καλεῖται,
1579 5466 1672 5519 καὶ
1719 5465 2035 5536 κἘϐιωναῐοι

461 5533 886 5618 χρηματίζουσιν
914 5539 964 5588 οἱ
991 5537 1099 5590 ἀπὸ
1120 5537 1402 5618 ’Ἰουδαίων
1443 5538 1534 5590 τὸν
1567 5535 1781 5618 Ἰησοῦν.
1803 5537 1877 5600 ὡς
1903 5540 2036 5618 ξρι-

465 5603 588 5658 στὸν
614 5605 1064 5677 παραδεξάμενοι.
1116 5607 1358 5670 Quorum
1402 5623 1597 5677 genera
1631 5603 1859 5677 illaitluo
1893 5609 1931 5660 t'.
1959 5603 2030 5660 ἰιι

463 5672 850 5728 commemorat
877 5672 1073 5730 εὈῧτοι
1124 5678 1181 5730 δέ
1229 5681 1362 5730 εἰσιν
1405 5672 1462 5730 οἱ
1505 5677 1670 5730 διττοὶ
1707 5676 2028 5737 Ἐϐιωναῐοι,

2135 4453 2366 4524 Χριστὸν
2399 4456 2464 4507 ἐκ
2490 4455 2803 4525 σπέρματος
2838 4454 3048 4525 ἀνδρὸς,
3077 4451 3320 4505 τουτέστι
3357 4448 3451 4501 τοῦ
3489 4446 3707 4516 Ἰωσὴφ,

2132 4769 2248 4840 ἦτοι
2276 4769 2338 4840 ἐκ
2365 4764 2641 4840 Παρθένου
2669 4758 3055 4840 όμολογοῦλιτες
3082 4759 3289 4840 ,δμοίως
3317 4759 3448 4840 ἡμίν
3481 4758 3571 4840 τὸν
3600 4757 3711 4840 ’1η-

2135 4830 2278 4897 οίοῦν,
2311 4837 2342 4904 ἦ
2381 4830 2478 4906 0ύῇ(
2515 4836 2658 4888 οὕτω
2687 4830 3035 4902 γεγενῆσθαι,
3070 4831 3184 4883 ἀλλ’
3212 4830 3287 4892 ὡς
3329 4831 3455 4906 τοὺς
3495 4830 3711 4906 λοιπους

2135 4900 2478 4978 ἀνθρώπουᾷ
2509 4900 2708 4960 Verum
2760 4903 3138 4978 Ebiouteorum
3185 4915 3379 4978 nomen
3426 4900 3711 4978 latiushex-

2133 4968 2378 5032 tendisse
2410 4968 2578 5030 videri
2614 4982 2792 5046 potest
2827 4973 3112 5046 Origenes,
3141 4978 3230 5046 Aut
3271 4968 3559 5046 ﬁbionaeos
3592 4969 3713 5024 illos

2137 5048 2405 5117 appellet,
2432 5047 2522 5115 qui
2555 5040 2677 5117 cum
2704 5042 2904 5117 alioqui
2933 5040 2999 5096 de
3027 5041 3227 5117 Qhristi
3255 5040 3540 5117 divinitate
3572 5050 3713 5096 ret-te

2138 5108 2422 5175 sentirent,
2452 5108 2578 5168 'eum
2621 5108 2934 5168 Christiana
2971 5113 3229 5181 religione
3258 5108 3517 5165 Judaicas
3544 5125 3712 5163 mere—

2098 5248 2106 5256 .
2138 5189 2350 5242 monias
2388 5183 2794 5255 antpleetendas
2837 5180 3592 5256 crederent._Quod_quidem
3633 5189 3713 5232 to-

2137 5274 2225 5311 mo
2258 5273 2292 5309 ιι
2327 5257 2428 5309 sub
2473 5250 2685 5308 initium
2731 5253 3042 5322 significare
3076 5252 3306 5322 videtur.
3341 5250 3714 5322 Themltn-etus

2137 5329 2202 5382 de
2241 5327 2509 5380 Ebiunteis
2535 5326 2668 5378 :Tbv
2701 5324 2757 5376 δὲ
2786 5318 2996 5393 Κύριον
3022 5321 3233 5393 Ἰησοῦν
3256 5321 3489 5393 Χριστὸν
3516 5318 3576 5383 ἐξ
3599 5321 3713 5393 Ἰω-

2139 5400 2246 5466 σὴφ
2271 5399 2363 5450 καὶ
2392 5399 2489 5466 τῆς
2511 5396 2726 5467 Μαρίας
2743 5389 2909 5467 έιρησε
2931 5391 3288 5467 γεγενῆσθαι..
3305 5389 3590 5467 ἀνθρωπον
3619 5389 3713 5458 μὲν

2141 5458 2288 5522 ὂντα.
2325 5458 2492 5537 ἀρετῇ
2529 5467 2584 5519 δὲ
2607 5458 2710 5518 ’καὶ
2741 5458 3076 5537 καθαρότητι
3102 5458 3208 5537 τῶν
3239 5458 3712 5537 ἄλλωνδιαιρέρον-

2141 5557 2228 5597 τα,
2259 5527 2401 5591 κατά
2432 5527 2492 5590 δὲ
2534 5537 2623 5589 τὸν
2665 5527 2954 5589 Μωσαῖκὸν
2993 5527 3338 5584 πολιτεύοντα
3361 5528 3542 5598 νόμον.
3575 5527 3718 5599 Lego

2144 5608 2535 5673 πολιτεύονται,
2569 5621 2743 5676 neque
2770 5607 2836 5658 ad
2870 5603 3146 5658 Christum
3178 5600 3368 5656 referri
3398 5607 3550 5669 puto.
