4170 6372
533 366 635 425 609

1159 360 1533 417 ADVERSUS
1571 361 1916 419 HERESES
1955 364 2083 420 LIB.

2216 364 2376 422 ΤΟΜ.
2419 366 2558 421 Ιι.-
2599 366 2871 423 ΗᾸΞΒΕΞ.
2914 368 3086 425 XXX.

3689 369 3796 428 MO

533 476 790 552 ὡρίζετοο
818 480 883 530 ἐκ
911 475 1101 547 χρόνου
1127 475 1184 528 δέ
1214 492 1358 538 τινος
1410 477 1506 528 καὶ
1538 476 1698 548 δεῦρο
1738 480 1786 531 οἱ
1822 479 2010 541 αὑτοῦ,
2045 480 2117 543 ὡς

2225 479 2426 535 Verum
2463 483 2749 552 aliquanto
2803 484 2872 538 ab
2912 484 3042 538 hinc
3077 490 3321 554 tempore
3367 483 3422 538 in
3474 482 3799 540 hodiernum

532 574 612 635 εἰς
640 570 938 624 ἀσύστατον
968 570 1063 622 καὶ
1088 568 1371 639 ἀμήχανον
1398 568 1700 639 τρέψαντες
1726 571 1814 623 τὸν
1840 572 1971 624 ῐδιον
1992 571 2115 624 νοῦν

532 664 678 719 ἄλλοι
709 661 883 726 ἄλλως
933 661 1063 731 παρ’
1091 662 1276 723 αὐτοῖς
1323 659 1563 730 Χριστοῦ
1604 662 1938 732 διηγοῦνται.
1964 666 2117 734 Τάχα

530 753 585 805 δὲ
625 748 777 823 οἶμαι
824 751 933 806 ἀπὸ
974 751 1068 803 τοῦ
1119 749 1458 820 συναφθῆναι
1510 751 1693 814 αὐτοῖς
1751 753 1997 817 Ἠλξαῖον
2022 755 2116 808 τὸν

530 845 1001 916 ψευδοπροφήτην,
1033 843 1125 896 τὸν
1154 845 1303 913 παρά
1332 846 1444 907 τοῖς
1485 844 1779 914 Ἀμψηνοῖς
1816 847 1830 876 ¹
1872 845 1967 898 καὶ
2003 846 2118 899 Ὀσ-

531 938 711 1007 σηνοῖς
770 935 866 989 καὶ
926 933 1293 997 Ἑλκεσσαίοις
1349 934 1728 1004 καλουμένοις,
1787 935 1863 999 ὡς
1910 938 2116 1001 ἐκεῖνος

531 1025 833 1094 φαντασίαν
888 1026 1011 1078 τινὰ
1053 1026 1183 1096 περὶ
1218 1024 1457 1096 Χριστοῦ
1501 1021 1802 1095 διηγεῖται,
1854 1028 1947 1079 καὶ
1986 1027 2114 1096 περὶ

532 1118 848 1189 Πνεύματος
875 1117 1054 1186 ἁγίου.
1087 1117 1243 1180 Τινὲς
1269 1118 1378 1186 γὰρ
1405 1116 1464 1180 ἐξ
1491 1117 1668 1169 αὐτῶν
1700 1118 1794 1171 καὶ
1829 1118 1998 1188 ’Δδάμ
2022 1118 2115 1171 τὸν

532 1208 768 1281 Χριστὸν
792 1204 931 1260 εἶναι
961 1207 1198 1274 λέγουσι,
1227 1207 1321 1260 τὸν
1346 1206 1563 1277 πρῶτον
1588 1206 1898 1260 πλασθέντα
1930 1224 1989 1259 τε
2018 1208 2114 1259 καὶ

531 1299 915 1370 ὲμφυσηθέντα
946 1298 1055 1351 ἀπὸ
1080 1298 1180 1367 τῆς
1211 1298 1304 1351 τοῦ
1338 1297 1474 1350 Θεοῦ
1502 1298 1806 1361 ἐπιπνοίας.
1840 1298 2024 1351 Ἀλλοι
2055 1300 2113 1353 δέ

531 1390 589 1442 ἐν
606 1390 790 1451 αὐτοῖς
823 1387 1072 1455 λέγουσιν
1112 1386 1319 1440 ἄνωθεν
1358 1388 1457 1456 μὲν
1486 1387 1634 1451 ὄντα,
1672 1388 1779 1458 πρὸ
1806 1390 2022 1443 πάντων
2055 1390 2113 1442 δὲ

531 1480 817 1547 κτισθέντα
866 1479 1083 1549 πνεῦμα
1134 1478 1283 1543 ὅντα,
1320 1480 1415 1532 κα)⁹
1450 1480 1590 1551 ὑπὲρ
1652 1480 1918 1549 ἀγγέλους
1961 1481 2111 1543 ὄντα,

532 1571 750 1624 πάντων
779 1587 839 1623 τε
888 1568 1227 1639 κυριεύοντα,
1278 1569 1371 1621 καὶ
1431 1570 1666 1639 Χριστὸν
1714 1570 1991 1638 λέγεσθαι,
2025 1571 2114 1624 τὸν

533 1661 711 1711 ἐκεῖσε
736 1658 792 1711 δέ
825 1657 996 1711 αἰῶνα
1039 1656 1443 1728 κεκληρῶσθαι.
1473 1658 1770 1729 Ἔρχεσθαι
1795 1659 1851 1712 δὲ
1880 1660 2115 1713 ἐνταῦθα

531 1750 621 1803 ὅτε
678 1749 947 1819 βούλεται,
1002 1749 1077 1812 ὡς
1121 1750 1216 1802 καὶ
1261 1751 1319 1802 ἐν
1368 1748 1447 1819 τῷ
1495 1750 1664 1820 Ἀδὰμ
1693 1746 1846 1821 ἦλθε,
1879 1753 2117 1815 καὶτοῖς

2219 588 2392 642 usque
2420 574 2586 638 diem,
2618 576 2711 644 qui
2743 575 2864 643 ejus
2897 590 3139 630 errorem
3174 576 3347 631 secuti
3401 583 3550 639 sunt,
3602 576 3800 631 animis

2215 679 2403 718 eorum
2471 664 2525 717 in
2593 664 2835 719 absurda
2893 679 2957 717 ac
3016 663 3273 734 perplexa
3329 664 3486 733 127
3548 662 3800 732 qutedam

2216 755 2496 823 abreptis,
2553 754 2645 807 alii
2698 754 2859 807 aliter
2906 753 2974 808 de
3021 753 3243 807 Christo
3294 753 3668 821 pronuntiant.
3725 753 3802 805 Ac

2215 846 2486 915 suspicari
2532 860 2667 899 sane
2718 844 2865 910 licet,
2895 844 2966 899 ab
3010 858 3077 899 eo
3131 851 3378 911 tempore
3422 857 3532 912 quo
3588 858 3645 896 se
3690 841 3801 895 illis

2215 937 2431 993 Elxaeus
2462 937 2713 1007 adjunin
2745 935 2918 991 falsus
2946 930 3167 1005 quidam
3202 936 3490 1005 propheta,
3527 936 3620 1005 qui
3658 933 3801 1005 apud

2217 1023 2552 1094 Sampsenos
2581 1032 2637 1080 ct
2666 1023 2912 1080 Ossenos
2942 1038 3107 1095 atque
3137 1024 3439 1079 Elcessaeos
3471 1024 3701 1087 exstitit,
3732 1024 3802 1078 ab

2212 1113 2406 1170 eodem
2464 1113 2688 1169 edoctos
2739 1114 3037 1170 conlictum
3072 1114 3140 1170 de
3192 1115 3417 1169 Christo
3469 1130 3534 1169 ac
3591 1114 3803 1184 Spiritu

2212 1216 2405 1260 sancto
2435 1206 2622 1261 nescio
2650 1206 2783 1275 quid
2822 1205 3039 1261 eﬂutire
3068 1208 3327 1276 cmpisse.
3371 1205 3629 1260 Nonnulli
3657 1206 3803 1261 enim

2212 1312 2279 1351 ex
2319 1296 2387 1352 iis
2416 1296 2687 1352 Adamum
2739 1296 2912 1351 fuisse
2959 1298 3241 1353 Christum
3289 1297 3613 1367 praedicant,
3647 1298 3803 1351 illum

2212 1383 2433 1454 inquam
2456 1383 2747 1450 Adamum,
2776 1385 2869 1454 qui
2903 1386 3114 1455 primus
3141 1401 3171 1439 a
3202 1384 3311 1440 Deo
3344 1385 3619 1440 formatus
3662 1386 3806 1453 ejus-

2212 1474 2335 1529 dem
2370 1483 2455 1530 est
2485 1476 2759 1529 animatus
2790 1475 2991 1531 alllatu.
3023 1476 3129 1530 Alii
3156 1492 3186 1531 e
3210 1477 3352 1531 cmlo
3377 1477 3655 1531 Christum
3683 1491 3806 1531 esse

2213 1562 2569 1627 conﬁtentur,
2614 1564 2709 1619 sed
2757 1571 2885 1619 ante
2918 1565 3101 1618 omnia
3131 1573 3402 1628 creatum,
3436 1580 3501 1619 ac
3543 1566 3803 1634 spiritum

2215 1673 2338 1712 esse
2355 1656 2671 1726 quemdam,
2704 1658 3021 1727 angelisque
3050 1665 3331 1728 prastare,
3364 1666 3531 1728 atque
3560 1658 3805 1711 onmium

2219 1764 2403 1802 rerum
2460 1748 2802 1802 dominatum
2855 1756 3064 1815 tenere,
3125 1749 3387 1819 appellari
3430 1763 3595 1819 porro
3647 1747 3804 1803 Chri-

533 1841 903 1912 πατριάρχαις
957 1839 1210 1907 ἐφαίνετο
1263 1838 1581 1908 ἐνδυόμενος
1631 1839 1694 1891 τὸ
1744 1840 1939 1909 σῶμαο
1978 1840 2116 1910 πρὸς

2219 1850 2384 1897 stt'm.
2419 1842 2524 1908 Qui
2554 1859 2677 1897 cum
2714 1850 3032 1912 perpetuam
3062 1843 3173 1897 illic
3208 1842 3601 1897 habitationem
3636 1840 3805 1896 sorti-

543 1933 796 2004 Ἀὁραάμ
845 1948 906 1984 τε
952 1930 1123 1984 ἐλθὼν
1167 1931 1261 1984 καὶ
1307 1930 1494 1983 Ἰσαὰκ
1523 1931 1618 1985 καὶ
1659 1929 1872 1994 Ἰακὼϐ,
1907 1932 2115 1995 ὁαύτὸς

530 2026 617 2078 ἐπ’
672 2025 919 2095 ἐσχάτων
977 2023 1085 2076 τῶν
1140 2022 1362 2094 ἡμερῶν
1392 2018 1545 2093 ἦλθε,
1575 2024 1670 2075 καὶ
1698 2026 1830 2077 αὐτὸ
1868 2024 1931 2076 τὺ
1960 2024 2117 2093 σῶμα

528 2116 622 2171 τοῦ
654 2117 825 2187 ’Δδάμ
846 2117 1152 2181 ἐνεδύσατο,
1175 2117 1269 2168 καὶ
1293 2114 1449 2185 ὤφθη
1476 2115 1570 2168 ἄνθ
1581 2132 1778 2186 ρωπος,
1808 2117 1901 2169 καὶ
1924 2117 2117 2168 ἐσταυ-

533 2209 704 2281 ρώθη,
737 2210 828 2262 καὶ
848 2210 1068 2279 ἀνέστη,
1088 2209 1184 2262 καὶ
1214 2207 1463 2279 ἀνῆλθεν.
1492 2208 1659 2261 Πάλιν
1685 2209 1742 2261 δὲ
1770 2209 1859 2261 ὅτε
1898 2207 2116 2278 βούλον-

528 2317 619 2353 ται
670 2299 940 2368 λέγουσιν,
970 2300 1125 2370 Οὐχὶ,
1159 2298 1297 2353 ἀλλά
1320 2302 1399 2363 είς
1447 2300 1612 2353 αὑτὸν
1639 2296 1769 2371 ἦλθε
1791 2301 1851 2353 τὸ
1869 2300 2114 2371 Πνεῦμα,

529 2392 666 2461 ὅπερ
698 2392 847 2443 ἐστὶν
878 2393 906 2444 6
935 2391 1187 2462 Χριστὸς,
1219 2392 1314 2445 καὶ
1353 2391 1641 2444 ἐνεδύσατο
1684 2392 1848 2445 αὐτὸν
1880 2392 1975 2446 τὸν
2013 2393 2118 2463 Ἰη-

531 2484 660 2537 σοῦν
692 2483 1047 2553 καλούμενον.
1100 2483 1210 2537 Καὶ
1260 2482 1428 2554 πολλὴ
1459 2485 1590 2554 παρ’
1616 2485 1800 2547 αὐτοῖς
1832 2486 2114 2552 σκότωσις,

528 2572 712 2626 ἄλλοθι
761 2573 935 2637 ἄλλως
989 2575 1083 2627 καὶ
1126 2575 1304 2638 ἄλλως
1339 2575 1500 2628 αὐτὸν
1535 2576 1965 2647 ὑποτιθεμένοις.
2008 2578 2118 2629 Καὶ

528 2664 776 2734 δέχονται
804 2664 902 2734 μὲν
926 2664 1021 2717 καὶ
1047 2664 1201 2717 αὐτοὶ
1217 2663 1278 2716 τὸ
1299 2663 1441 2717 κατά
1457 2662 1735 2716 Ματθαῖον
1763 2663 2113 2731 Εὐαγγέλιον·

526 2756 704 2826 τούτῳ
751 2756 861 2826 γὰρ
900 2757 995 2809 καὶ
1046 2755 1221 2819 αὐτοὶ,
1281 2754 1358 2819 ὡς
1416 2756 1509 2807 καὶ
1560 2757 1609 2807 οἱ
1659 2754 1799 2808 κατὰ
1845 2754 2118 2826 Κήρινθον

530 2847 771 2917 χρῶνται
806 2848 951 2917 μόνῳ
982 2865 992 2877 ⁸
1024 2845 1249 2900 καλοῦσι
1276 2846 1332 2898 δὲ
1360 2846 1492 2898 αὐτὸ
1526 2846 1665 2899 κατά
1704 2845 2008 2916 Ἐϐραίους,
2042 2845 2117 2908 ὡς

527 2938 598 2992 τὰ
622 2939 798 3010 ἀληθῆ
830 2942 978 2992 ἐστιν
1002 2941 1197 3003 εἰπεῖν,
1228 2940 1308 2992 ὄτι
1336 2938 1613 3002 Ματθαῖος
1644 2938 1803 3010 μόνος
1835 2938 2116 3008 Ἐϐραϊστὶ

469 3070 478 3081 .
528 3030 622 3082 καὶ
690 3030 1000 3102 Ἑϐραϊκοῖς
1059 3028 1381 3099 γράμμασιν
1436 3030 1494 3081 ἐν
1547 3031 1612 3097 τῇ
1659 3026 1830 3098 Καινῇ
1873 3026 2117 3101 Διαθήκῃ

529 3123 824 3192 ἐποιήσατο
878 3122 976 3192 τὴν
1031 3121 1124 3173 τοῦ
1164 3119 1495 3188 Εὐαγγελίου
1530 3118 1746 3172 έκθεσίν
1780 3136 1837 3172 τε
1888 3119 1983 3172 καὶ
2016 3120 2118 3188 κή-

2220 1945 2307 1991 tus
2350 1938 2439 2000 sit,
2489 1938 2705 2006 quoties
2749 1937 2971 1991 libuerit
3022 1937 3077 1991 in
3128 1938 3243 1992 haec
3278 1937 3464 1992 intima
3512 1938 3805 2002 delabitur,

2217 2025 2676 2093 quemadmodum
2714 2027 2768 2079 in
2803 2025 3013 2079 Adamo
3041 2025 3320 2081 descendit
3356 2033 3411 2080 et
3473 2027 3805 2095 patriarchis

2218 2130 2449 2186 corpore
2477 2116 2851 2172 circumfusus
2885 2117 3171 2187 apparuit;
3205 2118 3352 2172 velut
3381 2133 3505 2172 cum
3538 2120 3603 2172 ad
3631 2118 3793 2173 Abra-

2220 2208 2467 2274 hamum,
2500 2207 2769 2270 lsaacum,
2799 2217 2852 2263 et
2875 2207 3139 2263 Jacobum
3184 2211 3338 2264 adiit.
3392 2209 3537 2264 Idem
3571 2210 3803 2279 denique

2219 2302 2518 2373 postremis
2552 2302 2892 2371 temporibus
2944 2303 3113 2365 venit,
3161 2301 3354 2356 Adami
3406 2317 3636 2371 corpore
3674 2317 3801 2355 con-

2220 2401 2422 2455 tectus,
2451 2402 2505 2449 et
2535 2393 2701 2446 homo
2728 2393 2881 2447 visus
2915 2400 3020 2456 est,
3073 2393 3130 2446 in
3183 2408 3403 2447 crucem
3436 2393 3686 2447 sublatus
3716 2409 3803 2447 re-

2219 2483 2479 2550 surrexit,
2506 2491 2560 2537 et
2593 2482 2838 2537 ascendit
2870 2482 2924 2537 in
2956 2483 3179 2537 coelum.
3218 2482 3436 2539 Rursus
3463 2485 3553 2539 ubi
3589 2485 3803 2540 libuerit

2220 2574 2295 2627 ita
2333 2589 2456 2629 sese
2498 2589 2613 2627 rem
2645 2574 2848 2628 habere
2879 2583 3117 2642 negant;
3170 2574 3226 2627 in
3274 2590 3506 2643 eumque
3540 2575 3804 2628 duntaxat

2220 2680 2343 2720 sese
2378 2674 2629 2718 sanctum
2659 2663 2927 2718 infudisse
2958 2662 3247 2734 Spiritum,
3276 2666 3368 2733 qui
3394 2674 3479 2718 est
3506 2681 3624 2735 ipse
3652 2666 3804 2719 Chri-

2219 2763 2372 2820 stus,
2440 2771 2677 2825 eumque
2738 2755 2831 2825 qui
2881 2754 3043 2809 Jesus
3102 2764 3334 2809 vocatus
3393 2763 3478 2810 est
3535 2756 3802 2813 induisse.

2219 2846 2587 2911 Quamobrem
2617 2844 2945 2899 densissima
2980 2845 3225 2913 quaedam
3257 2844 3365 2899 illis
3394 2852 3476 2900 est
3510 2844 3683 2899 oﬂ‘usa
3714 2862 3804 2900 ca-

2218 2938 2347 3006 ligo,
2382 2935 2513 2990 dum
2547 2933 2686 2991 alias
2717 2937 2877 2990 aliter
2921 2935 2990 2990 de
3023 2935 3245 2991 Christo
3267 2938 3526 3007 opinione
3554 2953 3654 2992 sua
3687 2948 3804 2991 sta-

2223 3036 2405 3082 tuunt.
2458 3028 2637 3098 Atque
2695 3029 3049 3098 Evangelium
3103 3029 3179 3082 illi
3231 3030 3450 3097 quidem
3502 3031 3803 3085 secundum

2222 3120 2536 3175 Matthzeum
2566 3120 2887 3184 admittunt,
2920 3136 3029 3191 quo
3062 3122 3181 3176 solo
3213 3121 3689 3178 Cerinthianorum
3721 3125 3804 3179 vel

533 3230 733 3284 ρυγμα.
773 3214 912 3283 Ἤδη
940 3213 996 3266 δέ
1021 3229 1123 3266 που
1149 3213 1242 3265 καί
1264 3229 1408 3274 τινες
1441 3212 1602 3283 πάλιν
1631 3211 1857 3280 ἔφασαν,
1882 3212 1974 3263 καὶ
2006 3211 2112 3263 ἀπὸ

2225 3211 2717 3266 Merinthianorum
2766 3211 2942 3265 instar
2989 3220 3238 3277 utuntur,
3284 3215 3448 3284 idque
3494 3215 3673 3284 ipsum
3720 3231 3803 3270 se-

528 3305 627 3375 τῆς
666 3304 981 3374 Ἑλληνικῆς
1006 3304 1281 3357 διαλέκτου
1315 3304 1408 3356 καὶ
1439 3303 1499 3356 τὸ
1532 3303 1673 3357 κατά
1722 3304 1975 3373 Ἰωάννην
2018 3320 2113 3371 με·

527 3396 801 3466 ταληφθὲν
829 3396 1087 3467 Ἐϐραΐδα
1119 3395 1454 3466 ἐμφέρεσθαι
1489 3397 1545 3448 ἐν
1578 3398 1686 3458 τοῖς
1707 3395 1815 3447 τῶν
1852 3393 2116 3449 Ἰουδαίων

529 3484 977 3553 γαζοφυλακίοις,
1025 3488 1167 3555 φημὶ
1202 3486 1257 3538 δὲ
1291 3488 1404 3549 τοῖς
1462 3488 1518 3538 ἐν
1563 3485 1860 3552 Τιϐεριάδι,
1894 3486 1988 3538 καὶ
2033 3488 2120 3537 ἐν·

527 3573 851 3627 αποκείσθαι
872 3576 930 3627 ὲν
959 3575 1320 3644 ἀποκρύφοις,
1343 3574 1417 3638 ὦς
1431 3592 1572 3638 τινες
1590 3575 1699 3628 τῶν
1721 3576 1828 3628 ἀπὸ
1843 3575 2112 3628 Ἰουδαίων

528 3665 981 3719 πεπιστευκότων
1032 3667 1385 3737 ὑφηγήσαντο
1419 3669 1551 3738 ἡμῖν
1599 3667 1740 3720 κατά
1788 3667 2113 3737 λεπτότητα.

529 3758 604 3810 Οὐ
634 3757 740 3828 μὴν
770 3758 905 3811 ἀλλὰ
945 3760 1038 3811 καὶ
1091 3761 1199 3811 τῶν
1248 3759 1506 3828 Πράξεων
1540 3759 1647 3812 τῶν
1677 3759 1990 3812 ἀποστόλων
2022 3759 2118 3829 τὴν

532 3850 711 3921 βίϐλον
744 3851 1011 3915 ὡσαύτως
1041 3852 1148 3904 ἀπὸ
1189 3852 1437 3915 Ἑλλάδος
1476 3850 1727 3922 γλώσσης
1754 3853 1832 3914 είς
1862 3851 2119 3921 Ἑϐραΐδα

532 3942 964 4014 μεταϐληθεῖσαν
993 3943 1150 4012 λόγος
1177 3943 1312 4013 ἔχει,
1345 3944 1438 3997 καὶ
1467 3944 1645 3995 ἐκεῖσε
1681 3941 1895 3995 κεῖσθαι
1916 3943 1973 3993 ὲν
2006 3945 2119 4005 τοῖς

528 4035 979 4103 γαζοφυλακίοις,
1010 4037 1086 4100 ὡς
1134 4039 1229 4107 καξι
1273 4037 1379 4089 ἀπὸ
1406 4036 1600 4089 τούτου
1626 4037 1752 4099 τοὺς
1780 4035 2114 4103 ἀναγνόντας

542 4125 828 4188 Ἰουδαίους
878 4127 1006 4189 τοὺς
1061 4128 1194 4197 ἡμῖν
1244 4126 1703 4198 ὑφηγησαμένους
1760 4128 1840 4189 εἰς
1882 4127 2114 4196 Χριστὸν

528 4218 981 4272 πεπιστευκέναι.

2219 3303 2462 3358 cundum
2505 3302 2765 3357 Hebraeos
2801 3304 3098 3372 appellant.
3153 3305 3366 3359 Etenim
3399 3320 3527 3359 vere
3561 3305 3694 3359 illud
3725 3304 3802 3359 af-

2216 3395 2436 3448 ﬁrmare
2468 3408 2785 3463 possumus,
2816 3409 2980 3447 unum
3028 3410 3097 3449 ex
3140 3395 3397 3450 omnibus
3438 3394 3572 3449 Novi
3613 3394 3803 3450 Testa-

2215 3486 2383 3541 menti
2419 3485 2782 3556 scriptoribus
2828 3485 3139 3541 Matthzeum
3174 3486 3459 3549 Hebraice,
3494 3501 3559 3542 ac
3606 3487 3803 3542 litteris

2216 3578 2498 3634 llebraicis
2541 3580 2914 3650 evangelicam
2951 3580 3236 3635 historiam
3269 3580 3531 3636 texuisse.
3566 3579 3675 3634 Nec
3711 3581 3801 3635 de—

2219 3670 2369 3725 fuere
2398 3671 2492 3740 qui
2531 3671 2600 3726 de
2628 3669 2860 3725 Joannis
2891 3670 3187 3742 Evangelio
3222 3671 3633 3736 continuarent,
3669 3672 3802 3727 illud

2217 3759 2483 3815 Hebraice
2513 3761 2837 3815 translatum
2882 3759 3172 3815 Tiberiade
3207 3761 3258 3815 in
3286 3760 3601 3816 Judaeorum
3643 3776 3801 3831 gazo-

2216 3852 2479 3923 phylaeiis
2510 3853 2806 3918 asservari,
2840 3860 2895 3907 et
2937 3852 2992 3906 in
3042 3853 3434 3909 secretioribus
3477 3852 3801 3924 quibusdam

2216 3945 2594 4014 penetralibus
2631 3944 2857 3998 recondi
2892 3962 2905 3996 :
2939 3944 2991 3998 id
3032 3946 3177 4013 quod
3224 3945 3473 3999 nonnulli
3519 3945 3672 4009 mihi,
3709 3944 3800 4014 qui

2219 4052 2280 4091 se
2314 4034 2381 4089 ad
2407 4035 2615 4089 Christi
2645 4034 2804 4089 tidem
2831 4050 2861 4089 e
2885 4032 3174 4089 Judaismo
3201 4036 3615 4099 transtulerant,
3640 4048 3798 4105 accu-

2218 4129 2498 4183 ratissime
2548 4127 2922 4182 declararunt.
2973 4124 3087 4179 lmo
3116 4134 3172 4179 et
3223 4126 3588 4194 apostolorum
3634 4124 3800 4179 Actus

2222 4218 2277 4270 in
2341 4215 2671 4270 Hebraicum
2743 4230 3053 4269 sermonem
3130 4214 3352 4283 perinde
3424 4227 3721 4267 conversos
3773 4228 3799 4268 ε

528 4307 717 4362 Graeco
762 4309 954 4364 iisdem
1003 4309 1059 4363 in
1110 4309 1386 4365 thesauris
1427 4310 1616 4365 haberi
1657 4311 1952 4365 multorum
1999 4322 2251 4366 sermone
2281 4308 2595 4378 percrebuit
2641 4307 2782 4377 :qui
2834 4306 2993 4362 nobis
3058 4307 3163 4361 ista
3218 4305 3516 4360 narrabant
3565 4304 3800 4359 indidem

528 4400 858 4454 Christianae
896 4402 1291 4469 amplectenda:
1338 4402 1459 4456 tidei
1502 4403 1849 4458 occasionem
1888 4413 2239 4470 acceperunt.

598 4494 671 4545 A'.
707 4487 817 4545 Ἦν
853 4492 910 4545 δέ
945 4510 1030 4557 τις
1055 4495 1236 4547 αὐτῶν
1272 4493 1553 4565 Ἰώσηπος,
1575 4495 1720 4566 ούχό
1743 4497 2111 4566 συγγραφεὺς,
2145 4502 2193 4559 D

528 4585 624 4636 καὶ
671 4586 1106 4656 ἱστοριογράφος,
1137 4589 1229 4640 καὶ
1257 4587 1485 4651 παλαιὸς
1524 4589 1755 4651 ἐκεῖνος,
1796 4587 1911 4641 ἀλλ’
1939 4589 1968 4641 ό
2004 4586 2113 4641 ἀπὸ

528 4675 863 4747 Τιϐεριάδος,
889 4679 917 4729 6
947 4678 1004 4731 ὲν
1034 4680 1243 4751 χρόνοις
1262 4678 1355 4731 τοῦ
1377 4680 1681 4750 μακαρίτου
1703 4680 2110 4733 Κωνσταντίνου

526 4764 619 4817 τοῦ
651 4765 1088 4834 βασιλεύσαντος,
1119 4768 1211 4820 τοῦ
1238 4768 1494 4839 γέροντος
1518 4786 1530 4796 ο
1558 4769 1616 4834 ὃς
1663 4772 1758 4823 καὶ
1788 4772 1918 4842 παρ’
1942 4769 2109 4823 αὐτοῦ

526 4856 622 4909 τοῦ
657 4857 923 4927 βασιλέως
973 4857 1282 4929 ἀξιώματος
1330 4862 1584 4931 κομήτων
1623 4861 1802 4933 ἔτυχε,
1839 4863 1932 4915 καὶ
1956 4862 2111 4927 ἐξου-

529 4948 650 5001 σίαν
678 4949 897 5017 εἴληφεν
934 4952 991 5003 ἐν
1023 4952 1089 5021 τῇ
1126 4951 1262 5022 αὐτῇ
1293 4951 1567 5023 Τιϐεριάδι
1616 4954 1941 5025 Ἐκκλησίαν
1974 4956 2109 5025 Χρι-

528 5038 639 5107 στῷ
694 5039 929 5111 ἱδρῦσαι,
980 5043 1076 5095 καὶ
1107 5044 1164 5095 ἐν
1213 5045 1618 5115 Διοκαισαρείᾳ,
1662 5046 1757 5098 καὶ
1787 5048 1846 5100 ἐν
1880 5048 2107 5117 Καπερ-

526 5130 721 5197 ναοὺμ,
756 5131 849 5183 καὶ
882 5134 1002 5195 ταῖς
1035 5132 1222 5197 ἄλλαις
1242 5152 1255 5165 ·
1297 5134 1355 5197 ὃς
1383 5135 1477 5188 καὶ
1509 5136 1680 5189 πολλὰ
1721 5138 1987 5191 πέπονθεν
2018 5140 2108 5191 ὑπ’

525 5218 705 5272 αὐτῶν
747 5220 853 5272 τῶν
919 5222 1209 5287 Ἰουδαίων,
1266 5226 1396 5296 πρὶν
1439 5226 1471 5296 ἢ
1505 5226 1582 5297 τῷ
1609 5228 1827 5280 Βασιλεῖ
1878 5231 2109 5299 ἐμφανι-

526 5310 742 5378 σθῆναι.
802 5304 970 5376 Οὗτος
1023 5314 1131 5385 γὰρ
1182 5318 1211 5368 ὁ
1268 5315 1529 5386 Ἰώσηπος
1573 5320 1682 5373 τῶν
1739 5322 1869 5391 παρ’
1929 5322 2109 5385 αὐτοῖς

524 5400 915 5472 ἀξιωματικῶν
971 5407 1180 5477 ἀνδρῶν
1240 5410 1553 5480 ἐναρίθμιος
1584 5407 1673 5482 ἦν.
1715 5413 1837 5466 Εἰσὶ
1875 5414 1931 5466 δὲ
1963 5409 2107 5468 οῦτοι

526 5493 665 5560 μετά
714 5493 806 5545 τὸν
856 5496 1202 5568 πατριάρχην
1258 5498 1368 5569 (14)
1415 5499 1702 5552 ἀπόστολοι
1749 5501 2104 5571 καλούμενοι·

598 5626 614 5655 ¹
655 5623 715 5678 F.
742 5628 1075 5699 Σαμψηνοῖς.

597 5731 708 5811 (lli)
751 5728 885 5811 Εὶοίὶ
930 5737 999 5791 δὲ
1040 5734 1206 5793 οὗτοι
1241 5741 1392 5811 μετὰ
1418 5741 1523 5794 τὸν
1546 5741 1932 5811 πατριάρχην.
1974 5742 2106 5796 Tam

526 5805 966 5872 patriarcharum
995 5848 1010 5875 ,
1065 5805 1256 5879 quam'
1284 5805 1673 5883 apostolorum
1704 5805 1996 5884 dignitates
2045 5830 2108 5869 ac

2303 4492 2394 4546 Ν.
2439 4491 2569 4546 Fuit
2614 4507 2679 4546 ex
2732 4491 2955 4544 illorum
2997 4504 3224 4544 numero
3269 4488 3540 4560 Josephns
3580 4491 3799 4561 quidam

2214 4601 2324 4640 non
2354 4584 2601 4640 historia:
2631 4583 2722 4637 ille
2760 4582 2997 4651 scriptor
3035 4581 3197 4652 128
3243 4583 3529 4651 antiquus,
3575 4584 3670 4637 sed
3710 4582 3797 4635 Ti-

2214 4678 2560 4733 beriadensis
2595 4677 2754 4739 alter,
2788 4676 2881 4746 qui
2928 4676 3099 4730 beatae
3145 4676 3427 4731 memoria:
3454 4674 3799 4730 Constantini

2215 4770 2448 4825 senioris
2479 4768 2828 4840 imperatoris
2870 4776 3031 4823 aetate
3071 4767 3208 4821 vixit
3240 4786 3253 4821 :
3289 4782 3319 4820 a
3358 4782 3469 4836 quo
3500 4767 3664 4820 etiam
3697 4766 3790 4820 Co'

2214 4862 2457 4915 mitivam
2491 4862 2720 4931 accepit,
2755 4876 2880 4915 cum
2910 4876 2973 4916 ea
3011 4867 3306 4929 potestate,
3334 4866 3395 4913 ut
3429 4875 3553 4913 cum
3587 4860 3639 4913 in
3668 4860 3795 4915 urbe

2214 4956 2330 5025 ipsa
2346 4954 2672 5016 Tiberiadis,
2703 4962 2818 5008 tum
2862 4952 3238 5011 Diocaesareze,
3266 4951 3677 5020 Capharnaumi
3734 4966 3798 5006 ac

2212 5046 2410 5100 vicinis
2458 5045 2584 5099 aliis
2636 5046 2690 5098 in
2725 5046 2942 5115 oppidis
2987 5044 3265 5097 Ecclesias
3301 5043 3351 5095 in
3388 5042 3596 5095 Christi
3629 5043 3801 5096 hono-

2211 5152 2325 5191 rem
2355 5144 2681 5191 exstrueret.
2720 5137 2823 5202 Qui
2857 5136 3075 5207 quidem
3107 5134 3424 5204 priusquam
3458 5134 3522 5186 ad
3556 5133 3797 5202 impera-

2213 5229 2351 5282 toris
2391 5228 2644 5281 notitiam
2696 5228 3055 5296 pervenisset,
3104 5224 3510 5294 quamplurima
3557 5224 3625 5276 ab
3662 5225 3800 5294 ipsis

2210 5314 2415 5369 Judaiis
2440 5326 2524 5370 est
2554 5330 2773 5385 passus.
2818 5315 3031 5369 Etenim
3063 5314 3152 5367 hic
3183 5314 3298 5383 ipse
3333 5310 3605 5382 Iosephus
3631 5331 3694 5368 ex
3730 5316 3797 5368 il-

2210 5409 2390 5463 lorum
2416 5416 2535 5463 erat
2566 5408 2779 5471 ordine,
2814 5409 2907 5477 qui
2945 5409 3085 5477 apud
3118 5405 3335 5460 Judzeos
3372 5406 3671 5475 principem
3723 5410 3796 5460 lo-

2211 5514 2335 5554 cum
2377 5498 2664 5568 dignitatis
2704 5497 2954 5552 obtincnt
2984 5516 2996 5551 :
3026 5512 3164 5567 quos
3213 5495 3433 5566 quidem
3488 5498 3788 5550 secundum

2209 5744 2473 5798 vocabula
2508 5744 2649 5814 apud
2692 5742 2910 5798 Judteos
2938 5744 3155 5799 nonnisi
3188 5751 3310 5811 post
3336 5743 3487 5814 urbis
3513 5743 3785 5814 excidium

2210 5824 2469 5884 usurpata
2518 5812 2790 5870 videntur.
2831 5815 2902 5870 De
2937 5816 3265 5885 patriarchis
3310 5817 3363 5869 in
3412 5812 3623 5871 Theod.
3658 5821 3765 5869 cod
