4170 6372
474 282 601 369 3.93"

1890 316 1947 374 S.
1990 316 2330 372 EPIPHAN"

3635 299 3742 372 εει

484 429 679 499 Moysi,
704 447 809 485 non
840 419 1061 501 polestis
1090 432 1289 486 salvari
1308 431 1346 496 ί,
1383 431 1574 502 ingens
1606 433 1729 490 inde
1758 435 1895 490 facta
1914 452 2062 491 com-

2189 440 2306 503 ἴητε
2341 436 2447 489 τόν
2480 436 2667 504 νόμον
2703 432 3017 499 Μωῦσέως,
3048 432 3119 487 οὐ
3151 432 3415 486 δύνασθε
3449 422 3741 501 σωθῆναι·

483 523 653 575 motio
691 530 796 585 est,
832 535 890 577 ut
941 534 1068 579 ante
1098 526 1361 579 diximus.
1408 528 1584 595 Atque
1644 528 1719 581 illi
1772 530 1874 598 ipsi
1932 538 2061 584 sunt

484 627 622 679 quos
662 613 863 668 Paulus
902 614 1067 669 falsos
1101 618 1376 683 apostolos
1409 625 1589 680 vocat,
1618 620 1901 687 operarios
1934 621 2064 673 sub-

485 704 664 769 dolos,
696 706 1155 761 transformantes
1182 724 1240 762 se
1263 708 1317 761 in
1350 711 1627 777 apostolos
1668 711 1873 765 Christi
1913 712 1956 766 ’.

560 876 627 930 V.
669 878 905 935 Mattlnei
941 882 1085 936 enim
1127 880 1420 953 Evangelio
1460 899 1569 937 non
1598 884 1831 955 integro,
1876 885 1971 940 sed
2000 902 2065 940 ex

490 983 645 1041 parte
684 973 951 1026 duntaxat
986 982 1235 1038 utuntur,
1269 976 1527 1028 nimirum
1561 987 1780 1045 propter
1824 979 2070 1046 genealo-

491 1066 655 1133 giam,
695 1080 816 1132 quae
865 1066 984 1132 ejus
1028 1074 1111 1119 est
1157 1068 1338 1119 carnis
1373 1067 1611 1136 propria,
1658 1069 1803 1137 quod
1851 1068 2067 1138 quidem

494 1154 768 1225 Evangelii
825 1158 1192 1211 testimonium
1238 1158 1489 1223 aderunt,
1544 1168 1705 1229 atque
1753 1160 1826 1214 ita
1874 1160 2070 1229 prmdi—

494 1256 641 1299 eant.
676 1245 874 1316 Suﬁicit
904 1247 1183 1315 discipulo,
1220 1249 1267 1302 si
1316 1250 1383 1301 sit
1427 1252 1562 1302 sicut
1605 1253 1854 1320 magister
1889 1256 2001 1320 ejus
2028 1253 2069 1306 ³.

495 1337 635 1402 Quid
688 1339 871 1407 igitur.
928 1340 1221 1408 inquiunt?
1275 1340 1645 1397 Circumcisus
1684 1352 1767 1398 est
1796 1342 2069 1399 Jesusztu

495 1444 712 1497 quoque
761 1430 875 1496 ipse
910 1430 1322 1486 circumcidere.
1355 1431 1609 1489 Christus
1654 1449 1720 1488 ex
1765 1436 1898 1504 legis
1934 1452 2072 1505 prae-

496 1520 705 1588 scripto
734 1521 899 1573 vitam
927 1522 1162 1575 instituit
1189 1540 1201 1575 :
1228 1530 1284 1577 tu
1313 1525 1478 1593 igitur
1505 1524 1692 1578 eadem
1728 1524 1914 1580 facito.
1938 1527 2075 1581 Hine

498 1612 744 1663 nonnulli
778 1612 856 1665 sic
896 1614 1093 1668 abillis
1119 1621 1377 1683 tanquam
1416 1618 1697 1672 venenatis
1732 1620 2075 1688 serpentibus

497 1700 710 1768 abrepti
744 1701 1136 1757 verisimilibus
1166 1702 1382 1756 illorum
1416 1705 1721 1757 rationibus
1767 1707 2077 1759 assentiun-

2173 528 2271 594 οὐχ
2296 529 2327 597 ἡ
2358 525 2597 596 τυχοῦσα
2621 526 2738 578 τότε
2773 525 2984 595 ταραχὴ
3030 523 3267 590 ἐγένετο,
3292 524 3367 585 ὠς
3397 524 3739 595 προείρηται.

2163 619 2273 671 Καὶ
2298 614 2440 671 οὗτοι
2486 619 2620 669 εἰσιν
2663 619 2711 669 οἱ
2762 616 2912 685 παρά
2948 614 3025 685 τῷ
3064 615 3259 684 Παύλῳ
3288 615 3567 687 εἰρημένοι
3591 615 3747 683 ψευδ-

2164 710 2470 767 απόστολοι,
2520 710 2744 778 ἐργάται
2787 707 2979 771 δόλιοι,
3026 706 3622 776 μετασχηματιζόμενοι
3666 708 3745 768 εἰς

2166 798 2493 860 ἀποστόλους
2522 798 2778 869 Χριστοῦ.

2240 892 2313 943 E'.
2366 890 2619 960 Χρῶνται
2651 889 2759 960 γὰρ
2803 889 2879 958 τῷ
2918 887 3057 941 κατά
3104 886 3377 940 Ματθαῖον
3426 885 3746 954 Εὑαγγελίῳ

2168 982 2275 1033 ἀπὸ
2313 982 2532 1051 μέρους,
2572 982 2664 1033 καὶ
2721 980 2841 1049 οὐχὶ
2872 979 2978 1049 ὅλῳ
3003 997 3015 1009 ·
3056 978 3190 1031 ἀλλὰ
3230 978 3319 1031 διὰ
3362 977 3460 1047 τὴν
3500 977 3748 1046 γενεαλο-

2169 1069 2295 1137 γίαν
2335 1070 2433 1141 τὴν
2470 1069 2751 1139 ἐνσαρκον,
2789 1070 2883 1122 καὶ
2926 1068 3128 1139 ταύτην
3173 1067 3476 1138 μαρτυρίαν
3520 1066 3746 1137 φέρουσι

2171 1159 2277 1212 ἀπὸ
2320 1158 2414 1211 τοῦ
2458 1159 2810 1227 Εὐαγγελίου,
2847 1158 3006 1212 πάλιν
3035 1158 3305 1225 λέγοντες,
3352 1157 3432 1209 ὅτι
3481 1155 3751 1223 Ἄρκετὸν

2172 1247 2251 1313 τῷ
2270 1247 2527 1318 μαθητῇ,
2560 1250 2659 1301 ἵνα
2692 1247 2931 1317 γένηται
2955 1248 3035 1313 ὡς
3061 1250 3093 1299 ὁ
3113 1246 3501 1311 διδάσκαλος.
3536 1246 3600 1297 Τί
3619 1240 3711 1297 οὖν
3732 1285 3747 1308 ,

2175 1340 2328 1406 φασί;
2356 1339 2707 1409 Περιετμήθη
2732 1341 2759 1390 ὁ
2794 1339 3017 1409 Ἰησοῦς·
3052 1336 3420 1409 περιτμήθητι
3448 1338 3542 1387 καὶ
3567 1335 3747 1396 αὐτός.

2174 1430 2403 1502 Χριστὸς
2440 1429 2579 1483 κατά
2609 1430 2789 1500 νόμον,
2826 1430 3008 1498 φασὶν,
3041 1428 3439 1492 ἐπολιτεύσατο,
3471 1426 3564 1479 καὶ
3592 1425 3751 1487 αὐτὲς

2174 1523 2243 1574 τὰ
2280 1522 2369 1574 ἴσα
2400 1522 2645 1591 ποίησον.
2683 1520 2845 1573 Ὅθεν
2893 1520 2985 1573 καί
3018 1537 3162 1582 τινες
3188 1522 3251 1572 ὲκ
3279 1518 3505 1582 τούτων,
3545 1517 3619 1580 ὡς
3648 1517 3753 1570 ὑπὸ

2175 1614 2514 1685 δηλητηρίων
2544 1613 3011 1684 ὑφαρπαχθὲντες,
3056 1611 3330 1664 πείθονται
3376 1613 3492 1671 ταῖς
3526 1609 3751 1662 πιθανο-

2177 1706 2384 1774 λογίαις
2422 1705 2511 1758 διὰ
2549 1705 2607 1758 τὸ
2645 1704 2736 1758 τὸν
2781 1704 3013 1775 Χριστὸν
3066 1702 3513 1774 περι-τετμῆσθαι.
3551 1701 3653 1755 Τὸν
3695 1700 3753 1753 δὲ

497 1797 609 1852 tur,
643 1804 708 1843 ex
744 1804 809 1842 eo
862 1792 1096 1846 maxime
1127 1794 1271 1861 quod
1304 1800 1357 1845 et
1399 1792 1650 1849 Christus
1698 1795 2077 1850 circumcisio-

2189 1796 2389 1850 Παῦλον
2418 1794 2688 1861 ἀθετοῦσι,
2725 1796 2811 1850 διὰ
2840 1797 2901 1849 τὸ
2941 1798 3012 1867 μὴ
3041 1794 3321 1848 πείθεσθαι
3361 1796 3425 1864 τῇ
3458 1794 3749 1863 περιτομῇ.

500 1895 621 1933 nem
669 1884 990 1950 susceperit.
1043 1884 1197 1948 Quod
1245 1884 1311 1938 ad
1356 1883 1584 1938 Paulum
1630 1888 1882 1955 pertinet,
1932 1888 2078 1941 hunc

501 1974 719 2042 penitus
749 1976 1068 2044 explodunt,
1103 1988 1388 2045 propterea
1422 1979 1562 2048 quod
1601 1980 2078 2034 circumeisionem

500 2065 789 2126 abdicarit,
835 2074 887 2120 et
918 2068 1169 2121 eumdem
1214 2070 1420 2123 idcirco
1452 2071 1727 2140 rejiciunt,
1761 2073 1905 2141 quod
1936 2072 2081 2128 istud

500 2156 864 2222 usurpaverit.
895 2154 1200 2226 Quicunque
1230 2158 1285 2210 in
1321 2158 1426 2227 lege
1450 2158 1824 2227 justiﬁcamini
1855 2174 1885 2211 a
1908 2159 2084 2227 gratia

498 2246 840 2311 excidistis‘;
888 2255 963 2313 et,
1023 2246 1084 2301 Si
1134 2249 1611 2314 circumcidamini.
1662 2250 1906 2305 Christus
1951 2249 2084 2304 nihil

501 2338 642 2392 vobis
671 2339 901 2405 proderit
919 2341 961 2392 ⁸.

576 2424 662 2479 γι.
706 2428 787 2482 Ad
834 2430 945 2482 hinc
987 2428 1282 2486 Cerinthus
1324 2431 1489 2486 homo
1530 2432 1783 2496 stolidus,
1826 2447 1891 2486 ac
1930 2430 2085 2485 stoli—

501 2517 697 2572 dorum
741 2520 1025 2590 magister,
1050 2520 1233 2576 dicere
1278 2523 1412 2576 nihil
1466 2532 1549 2578 est
1586 2524 1817 2589 veritus,
1859 2538 2082 2593 passum

502 2609 721 2679 quidem
767 2624 830 2663 ac
863 2612 1187 2666 cruciﬁxum
1228 2630 1350 2669 esse
1385 2614 1686 2679 Christum,
1728 2616 1970 2669 nondum
2005 2624 2087 2670 ta-

502 2714 627 2754 men
673 2715 702 2752 a
754 2702 987 2756 mortuis
1035 2704 1358 2769 excitatum,
1410 2720 1474 2758 ac
1533 2713 1646 2758 tum
1699 2705 1916 2759 demum
1961 2721 2083 2759 CUI]

506 2789 708 2841 mortui
746 2799 1030 2860 resurgent
1069 2807 1257 2847 omnes
1288 2794 1661 2848 excitandum.
1700 2796 1887 2865 Itaque
1939 2798 2088 2862 ejus-

508 2881 653 2934 modi
686 2882 901 2935 illorum
942 2891 995 2938 et
1031 2884 1195 2948 dicta,
1225 2892 1279 2939 et
1323 2886 1578 2954 dogmata
1624 2888 1899 2941 cohaerere
1933 2887 2087 2941 nullo

506 2973 669 3027 modo
698 2983 951 3043 possunt.
992 2977 1343 3047 lndidemque
1370 2978 1576 3033 Paulus
1609 2979 1690 3033 sic
1740 2994 1834 3033 eos
1872 2979 1964 3048 qui
2002 2994 2089 3033 re-

2192 1889 2352 1942 Ἀλλά
2376 1892 2469 1942 καὶ
2493 1889 2837 1943 ἐκϐάλλουσιν
2859 1890 3042 1952 αὑτὸν,
3074 1888 3235 1941 διὰτὸ
3256 1886 3553 1958 εἰρηκέναι·
3586 1886 3751 1937 Ὅσοι

2180 1980 2249 2033 ἐν
2273 1982 2433 2050 νόμῳ
2458 1981 2821 2043 δικαιοῦσθε,
2854 1980 2963 2047 τῆς
2991 1980 3230 2049 χάριτος
3266 1977 3612 2042 ἐξεπέσατε·
3657 1975 3753 2027 καὶ

2180 2071 2283 2133 ὅτι,
2351 2071 2491 2124 Ἐὰν
2548 2070 2999 2141 περιτέμνησθε,
3056 2069 3309 2138 Χριστὸς
3364 2066 3521 2137 ὑμᾶς
3577 2064 3759 2121 οὐδὲν

2182 2162 2500 2231 ὠφελήσει.

2256 2431 2329 2485 Z’.
2364 2422 2530 2491 Οῦτος
2558 2426 2615 2480 δὲ
2641 2429 2669 2480 ὁ
2691 2425 2960 2498 Κήρινθος
2996 2425 3219 2494 ἀνόητος
3243 2425 3335 2477 καὶ
3362 2423 3602 2491 ἀνοήτων
3618 2422 3764 2478 διδά-

2188 2520 2384 2582 σκαλος
2414 2520 2612 2588 φάσκει
2642 2517 2803 2569 πάλιν
2829 2517 3127 2587 τολμήσας,
3170 2516 3403 2586 Χριστὸν
3435 2515 3763 2567 πεπονθέναι

2187 2614 2279 2666 καὶ
2311 2610 2707 2681 ἐσταυρῶσθαι,
2758 2611 2923 2679 μήπω
2956 2609 3013 2660 δὲ
3054 2608 3374 2678 ἐγηγέρθαι.
3430 2606 3663 2660 Μέλλειν
3707 2605 3765 2656 δὲ

2186 2702 2527 2767 ἀνίστασθαι,
2562 2704 2688 2756 ὅταν
2719 2704 2750 2773 ή
2778 2700 3006 2754 καθόλου
3043 2700 3267 2769 γένηται
3298 2698 3506 2769 νεκρῶν
3530 2698 3766 2749 ἀνάστα-

2190 2812 2293 2858 σις.
2352 2795 2654 2847 Ἀσύστατα
2699 2794 2875 2845 τοίνυν
2919 2792 3094 2845 ταῦτα
3137 2791 3268 2861 παρ’
3319 2790 3547 2852 ἐκείνοις
3591 2789 3662 2841 τά
3704 2806 3765 2840 τε

2191 2889 2409 2958 ῥήματα
2443 2888 2537 2939 καὶ
2571 2887 2835 2956 νοήματα.
2872 2884 3034 2937 ’Ὀθεν
3066 2885 3159 2936 καὶ
3183 2885 3209 2934 ὁ
3238 2882 3447 2945 Παῦλος
3479 2881 3770 2950 ἐκπληττό-

2194 2992 2352 3044 μενος
2376 2978 2487 3038 τοῖς
2521 2975 2617 3045 μὲν
2646 2974 2936 3028 ἀπιστοῦσι
2968 2977 3033 3044 τῇ
3082 2973 3374 3025 ἀναστάσει
3412 2971 3520 3025 τῶν
3559 2971 3768 3041 νεκρῶν

508 3073 856 3118 surrecturos
885 3075 1131 3120 mortuos
1160 3066 1463 3121 dilliderent
1491 3068 1783 3135 redarguit.
1812 3066 1871 3122 Si
1894 3068 2086 3121 mortui

2189 3071 2255 3137 τῇ
2299 3066 2563 3137 μελλούσῃ
2594 3066 2829 3131 ἔσεσθαι,
2856 3066 3020 3133 λέγει·
3062 3068 3131 3118 El
3156 3065 3354 3132 νεκροὶ
3377 3066 3485 3116 οὐκ
3509 3063 3767 3131 ἐγείρον-

508 3170 611 3207 non
646 3166 944 3224 resurgunt,
990 3173 1149 3227 neque
1187 3156 1428 3212 Christus
1475 3160 1824 3214 resurrexit“.
1858 3158 2086 3213 Eodem-

2194 3177 2306 3225 ται,
2331 3157 2472 3211 οὐδὲ
2496 3158 2748 3226 Χριστὸς
2777 3157 3102 3227 ἐγήγερται·
3138 3158 3231 3209 καὶ
3260 3156 3339 3218 τὸ,
3366 3154 3649 3223 Φάγωμεν
3672 3154 3770 3207 καὶ

508 3263 616 3314 que
654 3250 886 3316 pertinet
931 3250 1061 3302 illud
1096 3270 1107 3303 :
1149 3249 1383 3304 Edamus
1413 3259 1461 3304 et
1496 3251 1755 3317 bibamus,
1791 3269 1910 3305 cras
1954 3253 2086 3305 enim

2193 3250 2433 3317 πίωμεν·
2458 3248 2664 3316 αὔριον
2678 3247 2786 3316 γὰρ
2802 3247 3278 3315 ἀποθνήσκομεν·
3297 3246 3485 3311 καὶτὸ,
3506 3249 3563 3297 Μ
3568 3246 3600 3312 ὴ
3627 3248 3773 3297 πλα-

508 3340 852 3393 υιοτὶεηιιιντ.
896 3341 1054 3411 114
1083 3341 1219 3394 Tum
1259 3342 1401 3396 istud
1438 3361 1449 3395 :
1495 3341 1676 3397 Nolite
1716 3343 2094 3397 errare:Cor-

509 3440 758 3497 rumpunt
792 3431 951 3485 bonos
1000 3450 1168 3486 mores
1208 3435 1470 3503 colloquia
1493 3436 1718 3502 prava“.
1765 3436 1843 3489 Ac
1874 3451 2093 3491 rursum

509 3539 633 3587 eos,
682 3523 774 3592 qui
820 3524 1098 3579 Christum
1151 3527 1330 3581 adhuc
1383 3529 1754 3583 resurrexisse
1797 3536 2092 3598 negarent,

509 3612 615 3666 hoc
680 3613 842 3665 modo
890 3616 1208 3669 convincit:
1249 3616 1307 3668 Si
1343 3615 1585 3670 Christus
1629 3634 1731 3670 non
1782 3621 2091 3683 resurrexit,

511 3720 647 3757 vana
687 3714 764 3758 est
807 3707 1117 3772 prwdiratio
1160 3718 1378 3768 nostra;
1408 3710 1585 3762 inanis
1628 3718 1676 3761 et
1713 3710 1841 3777 ﬁdes
1886 3720 2094 3765 vestra:

511 3796 803 3848 invenimur
832 3806 1007 3849 autem
1049 3807 1095 3849 et
1144 3798 1270 3866 falsi
1303 3807 1457 3851 testes
1493 3799 1608 3862 Dei,
1649 3800 1901 3868 quoniam
1929 3802 2097 3854 susci-

513 3890 643 3941 tavit
684 3888 970 3953 Christum,
1016 3907 1166 3958 quem
1198 3907 1302 3943 non
1332 3893 1664 3947 suscitavit'.
1700 3892 1909 3957 Quibus
1952 3893 2097 3947 indi-

511 3987 629 4041 cat,
685 3977 967 4033 Christum
1025 3996 1055 4034 a
1119 3983 1351 4037 mortuis
1401 3984 1698 4036 excitatum
1766 3984 2096 4052 praedicasse

511 4071 733 4138 quidem
781 4073 1084 4142 apostolos,
1127 4073 1392 4144 quasdam
1430 4090 1560 4128 vero
1598 4074 1835 4128 haereses
1879 4074 2098 4130 tametsi

512 4164 821 4219 surrexisse
880 4163 1159 4219 Christum
1216 4174 1565 4230 assererem,
1620 4174 1962 4220 mortuorum
2015 4174 2099 4220 ta—

514 4270 636 4307 men
675 4257 1133 4311 resurrectionem
1177 4272 1429 4326 negasse.
1483 4256 1694 4310 Etenim
1742 4258 1797 4311 in
1842 4258 1944 4313 hac
1981 4259 2098 4327 ipsa

512 4344 735 4412 regione
783 4345 944 4407 Asiae,
980 4361 1193 4399 necnon
1255 4354 1309 4400 et
1357 4345 1410 4398 in
1444 4344 1655 4400 Galatia
1699 4348 1916 4401 illorum
1951 4347 2101 4417 ejus-

2192 3341 2401 3395 νᾶσθε·
2426 3342 2774 3410 φθείρουσιν
2794 3340 2908 3408 ἤθη
2939 3342 3170 3408 χρηστὰ
3194 3339 3416 3406 ὁμιλίαι
3436 3335 3633 3388 κακαί·
3662 3336 3771 3388 πά-

2193 3434 2277 3488 λιν
2296 3435 2352 3487 δὲ
2383 3438 2495 3496 τοῖς
2516 3434 2734 3501 λέγουσι
2758 3433 2848 3485 τὸν
2877 3432 3107 3503 Χριστὸν
3149 3432 3373 3502 μηδέπω
3404 3428 3772 3499 ἐγηγερμένον

2194 3527 2456 3590 ὡσαύτως
2484 3528 2573 3579 τὸν
2607 3526 2826 3596 ἔλεγχον
2873 3526 3147 3594 ἐπιφέρει,
3182 3525 3372 3592 λέγων·
3416 3526 3485 3577 Ei
3521 3522 3775 3589 Χριστὸς

2195 3620 2304 3671 οὐκ
2348 3617 2674 3687 ἐγήγερται,
2710 3617 2964 3687 μάταιον
3001 3616 3067 3669 τὸ
3110 3614 3383 3685 κήρυγμα
3426 3612 3616 3682 ἡμῶν,
3660 3628 3774 3682 μα-

2196 3711 2332 3762 ταία
2360 3710 2457 3761 καὶ
2480 3711 2517 3777 ἡ
2542 3711 2745 3774 πίστις
2773 3707 2959 3777 ὑμῶν·
2988 3709 3383 3775 εὑρισκόμεθα
3407 3704 3475 3757 δὲ
3508 3704 3605 3756 καὶ
3625 3705 3797 3771 ψευ-“

2196 3801 2559 3870 δομάρτυρες
2590 3801 2696 3854 τοῦ
2731 3800 2900 3865 Θεοῦ,
2928 3800 3015 3852 ὅτι
3037 3799 3236 3867 ἤγειρε
3261 3798 3367 3852 τὸν
3392 3792 3669 3864 Χριστὸν,
3704 3794 3778 3848 ὃν

2196 3896 2307 3946 οὐκ
2353 3893 2609 3963 ἤγειρεν·
2640 3894 2715 3956 ὡς
2748 3892 2857 3947 τῶν
2912 3893 3008 3963 μὲν
3046 3892 3358 3945 ἀποστόλων
3398 3888 3778 3961 κηρυττόντων

2197 3985 2432 4055 Χριστὸν
2486 3984 2797 4055 ὲγηγέρθαι,
2856 3985 3016 4037 τινῶν
3078 3983 3137 4037 δὲ
3191 3983 3451 4052 αἱρέσεων
3504 3978 3779 4048 λεγουσῶν

2198 4073 2432 4143 Χριστὸν
2477 4075 2572 4143 μὲν
2619 4073 2936 4143 ὲγηγέρθαι,
2978 4074 3203 4144 νεκροὺς
3246 4073 3305 4124 δὲ
3337 4072 3410 4142 μὴ
3444 4068 3775 4140 ἐγείρεσθαι.
3868 4086 3871 4089 ·

2212 4166 2299 4218 Ἐν
2325 4164 2495 4237 ταύτῃ
2522 4166 2627 4235 γὰρ
2656 4169 2721 4237 τῇ
2764 4166 3003 4236 πατρίδι,
3035 4165 3178 4235 φημὶ
3207 4166 3263 4217 δὲ
3314 4166 3489 4235 Ἀσίᾳ,
3521 4164 3655 4217 ἀλλά
3682 4162 3779 4216 καὶ

2199 4255 2258 4307 ὲν
2282 4258 2348 4326 τῇ
2382 4256 2618 4327 Γαλατία
2645 4258 2783 4310 πάνυ
2809 4258 3025 4326 ἤκμασε
3058 4257 3119 4308 τὸ
3152 4256 3357 4308 τούτων
3386 4256 3775 4317 διδασκαλεῖον,

2202 4349 2258 4399 ὲν
2280 4343 2360 4410 οἷς
2385 4348 2477 4400 καί
2502 4365 2552 4400 τι
2586 4348 2935 4417 παραδόσεως
2962 4350 3193 4419 πρᾶγμα
3219 4344 3380 4418 ἦλθεν
3404 4348 3484 4409 εἰς
3509 4349 3677 4417 ἡμᾶς·
3701 4345 3778 4409 ὡς

514 4434 662 4487 modi
709 4435 895 4489 Schola
952 4439 1274 4504 cumprimis
1319 4453 1383 4492 ac
1425 4438 1715 4508 disciplina
1777 4438 1977 4493 ﬂoruit.
2023 4439 2086 4496 De

2201 4439 2360 4492 τινῶν
2392 4439 2490 4509 μὲν
2513 4443 2643 4510 παρ’
2665 4443 2847 4504 αὐτοῖς
2873 4439 3289 4512 προφθανὸντων
3312 4439 3627 4507 τελευτῆσαι
3648 4438 3779 4491 ἄνευ

513 4539 623 4593 quo
670 4525 816 4580 istud
864 4542 894 4579 a
946 4529 1250 4595 majoribus
1282 4530 1544 4583 traditum
1590 4530 1922 4598 accepimus,
1961 4546 2097 4586 non-

516 4617 697 4671 nullos
722 4634 788 4670 ex
817 4633 883 4672 eo
910 4634 1107 4687 genere
1138 4620 1275 4673 citra
1308 4621 1642 4689 baptismum
1676 4624 2008 4688 excessisse,
2033 4638 2097 4678 ac

516 4725 615 4779 pro
647 4710 712 4764 iis
744 4710 882 4764 alios
925 4712 1256 4780 baptismum
1294 4714 1613 4767 eorumdem
1651 4715 1959 4782 suscepisse
2006 4730 2099 4768 n0-

517 4804 686 4862 mine,
725 4819 790 4857 ne
821 4818 944 4857 cum
987 4815 1228 4857 extrema
1259 4805 1475 4858 demum
1508 4807 1909 4861 resurrectione
1938 4821 2097 4860 revo-

517 4895 625 4947 cati
656 4895 719 4947 ad
756 4894 921 4948 vitam
969 4905 1173 4959 essent,
1216 4896 1571 4964 praetermissi
1616 4896 1871 4965 baptismi
1912 4912 2102 4965 pmnas

517 4982 908 5051 dependerent,
938 4994 1099 5052 atque
1131 4985 1249 5053 ejus
1280 4986 1374 5053 qui
1420 4985 1681 5040 mundum
1715 4988 1963 5041 condidit
2001 4987 2103 5039 do-

518 5076 803 5129 minationi
855 5078 1165 5131 suhessent.
1212 5077 1380 5145 Cujus
1425 5079 1500 5132 rei
1560 5079 1731 5148 gratia
1778 5088 2101 5147 usurpatum

518 5168 653 5221 illud
687 5170 756 5223 ab
790 5171 1053 5237 Apostolo
1080 5169 1267 5224 eadem
1293 5171 1361 5224 ad
1384 5187 1484 5227 nos
1514 5172 1791 5227 auditione
1827 5173 2094 5241 perlatum

515 5268 601 5315 est.
633 5280 645 5315 :
682 5256 742 5314 Si
776 5262 989 5315 omnino
1019 5264 1214 5315 mortui
1243 5279 1345 5315 non
1377 5274 1674 5333 resurgunt,
1705 5262 1829 5333 quid
1860 5272 1939 5317 est
1958 5262 2099 5333 quod

591 5421 607 5450 ί
638 5421 755 5475 Act.
792 5439 880 5489 xv,
917 5422 969 5476 1.
1044 5427 1065 5455 ²
1097 5422 1139 5475 ll
1172 5424 1298 5476 Cor.
1334 5438 1407 5487 x1,
1442 5425 1496 5479 3.
1574 5424 1594 5456 ³
1622 5423 1812 5479 Matth.
1845 5440 1900 5485 x,
1932 5423 2024 5477 25.

2197 5426 2323 5479 alat.
2361 5446 2411 5492 v,
2441 5428 2490 5482 4.
2569 5428 2590 5459 ⁵
2617 5429 2744 5484 ibid.
2779 5430 2834 5484 2.
2915 5432 2935 5462 ⁸
2964 5428 2983 5481 l
3014 5430 3141 5485 Cor.
3169 5445 3261 5493 xv,
3305 5427 3391 5483 l6.

520 5490 541 5521 ⁸
565 5492 697 5546 ibid.
731 5494 819 5547 55.
898 5495 918 5525 ⁹
954 5495 1088 5548 ibid.
1123 5495 1210 5558 14,
1243 5495 1331 5548 15.

593 5645 705 5721 (94:)
745 5648 853 5701 Kal
908 5650 1122 5704 τούτου
1165 5649 1355 5721 ἕνεκα
1386 5652 1424 5718 ἡ
1480 5648 1830 5721 παράδοσις.
1885 5648 2095 5705 Tcrtul.

522 5715 619 5771 lib.
656 5715 731 5768 De
767 5734 937 5772 resur.
970 5730 1022 5773 ct
1052 5736 1079 5773 ι·
1110 5731 1277 5773 contr.
1302 5715 1441 5775 Har.
1469 5726 1533 5778 ad
1552 5715 1673 5777 cum
1703 5721 1920 5775 nmdnm
1951 5721 2095 5788 Apo-

2207 4530 2601 4600 βαπτίσματος,
2637 4530 2828 4593 ἄλλους
2859 4531 2915 4584 δὲ
2946 4534 3059 4584 ἀντ’
3093 4530 3274 4585 αὐτῶν
3315 4533 3393 4591 εἰς
3429 4530 3599 4598 ὄνομα
3639 4528 3780 4579 ὲκείη

2205 4640 2310 4674 νων
2340 4622 2711 4691 βαπτίζεσθαι,
2744 4625 2881 4694 ὑπὲρ
2914 4623 3007 4675 τοῦ
3048 4623 3121 4694 μὴ
3154 4625 3210 4675 ὲν
3235 4625 3300 4693 τῇ
3332 4621 3625 4674 ἀναστάσει
3651 4620 3781 4672 ἀνα-

2207 4713 2434 4776 στάντας
2466 4715 2661 4776 αὑτοὺς
2687 4714 2841 4784 δίκην
2870 4713 3052 4767 δοῦναι
3078 4714 3365 4785 τιμωρίας,
3399 4712 3678 4782 βάπτισμα
3705 4712 3779 4785 μὴ
3822 4722 3833 4732 ⁶

2204 4804 2514 4875 εἰληφότας,
2552 4805 2795 4872 γίνεσθαι
2843 4806 2899 4858 δὲ
2949 4806 3291 4877 ὑποχειρίους
3323 4805 3422 4875 τῆς
3454 4803 3547 4857 τοῦ
3577 4822 3780 4875 κοσμο-

2204 4896 2356 4948 ποιοῦ
2388 4896 2652 4962 ἐξουσίας.
2690 4899 2799 4950 Καὶ
2820 4897 3009 4950 τούτου
3040 4897 3200 4951 ἕνεκα
3228 4899 3262 4968 ἡ
3292 4896 3587 4967 παράδοσις
3610 4897 3717 4966 (94)
3746 4899 3779 4966 ή

2204 4988 2432 5040 ἐλθοῦσα
2471 4991 2550 5051 εἰς
2592 4990 2739 5059 ἡμᾶς
2769 5007 2899 5060 φησι
2929 4990 3020 5043 τὸν
3054 4989 3217 5043 αὐτὸν
3255 4989 3409 5057 ἅγιον
3458 4988 3783 5042 Ἀπόστολον

2203 5079 2501 5149 εἰρηκέναι·
2543 5083 2613 5133 El
2644 5082 2798 5148 ὅλως
2828 5082 3029 5150 νεκροὶ
3066 5085 3177 5137 οὐκ
3210 5083 3556 5152 ἐγείρονται,
3594 5082 3651 5134 τι
3683 5064 3811 5159 xui!

2199 5170 2584 5234 ,βαπτίζονται
2613 5174 2763 5241 ὑπὲρ
2784 5173 2979 5227 αὐτῶν
2996 5191 3014 5239 ;
3045 5174 3239 5237 Καλῶς
3266 5175 3322 5227 δὲ
3356 5174 3502 5228 ἄλλοι
3530 5175 3589 5226 τὸ
3620 5173 3781 5244 ῥητὸν

2207 5264 2622 5335 ἑρμηνεύοντες,
2658 5269 2820 5337 φασὶν
2853 5269 2934 5322 ὅτι
2982 5269 3030 5321 οἱ
3064 5268 3348 5339 μέλλοντες
3381 5260 3655 5338 τελευτᾷν,
3687 5267 3779 5319 ἐὰν

3478 5427 3497 5460 ⁷
3523 5427 3654 5481 ihid.
3687 5425 3769 5480 39.

2207 5648 2331 5773 stqli
2369 5651 2546 5707 locum
2589 5649 2739 5708 illum
2774 5646 3128 5718 explicat:de
3158 5662 3267 5717 quo
3292 5646 3622 5715 interpretes
3646 5654 3783 5696 con-

2210 5737 2273 5773 Sll
2300 5738 2347 5773 Β.

2210 5737 2347 5775 sum.
