4170 6372
389 297 496 354 385

1007 295 1376 353 ADV’ERSUS
1413 296 1758 352 HASRESES
1796 295 1921 352 LIB.
1963 297 2004 352 I.
2048 296 2190 352 TOM
2252 293 2316 350 II.
2349 325 2399 335 —-
2427 294 2702 350 I'IERES.
2744 293 2978 349 XXVIII.

3550 295 3657 351 586

384 410 488 470 ὦσι
519 415 942 487 κατηχούμενοι,
983 418 1078 469 ἐπὶ
1106 417 1279 489 ταύτῃ
1318 421 1383 490 τῇ
1411 419 1587 472 ἐλπίδι
1618 419 1723 489 πρὸ
1751 419 1852 488 τῆς
1884 436 1966 472 τειι

2087 418 2416 486 iaplizantur
2452 432 2548 483 pro
2581 416 2786 484 ipsis‘?
2833 415 3034 469 Verum
3079 415 3167 469 alii
3221 414 3508 470 commode
3551 415 3658 470 hoc

383 508 583 577 λευτῆς
612 507 840 580 λουτροῦ
874 508 1279 573 καταξιοῢνται·
1317 511 1647 575 δεικνύντες,
1686 511 1768 564 ὅτι
1809 513 1838 564 ὁ
1880 529 1970 565 τε-

382 601 655 670 λευτήσας
689 600 784 652 καὶ
813 600 1201 670 ἀναστήσεται,
1233 601 1328 653 καὶ
1368 599 1456 652 διὰ
1492 599 1654 652 τοῦτο
1704 600 1973 652 ἐπιδέεται

384 691 485 760 τῆς
512 689 602 742 διὰ
628 690 722 742 τοῦ
753 689 981 763 λουτροῦ
1017 691 1266 760 ἀφέσεως
1289 692 1722 762 ἁμαρτημάτων.
1757 690 1972 744 Τούτων

385 783 441 834 δέ
471 785 519 836 οἱ
553 783 650 854 μὲν
677 784 768 836 τὸν
801 785 1034 855 Χριστὸν
1074 784 1297 855 μηδέπω
1336 785 1634 856 ἐγηγέρθαι
1664 783 1973 854 κεκηρύχα-

388 893 492 938 σιν,
524 876 844 930 ἀνίστασθαι
883 877 940 930 δέ
977 877 1116 948 μετά
1144 879 1381 931 πάντων·
1416 879 1466 930 οἰ
1495 878 1571 941 δὲ,
1610 880 1693 931 ὅτι
1724 878 1858 940 ὅλως
1889 895 1973 930 νε-

386 970 510 1040 κροὶ
537 971 635 1022 οὐκ
679 971 1099 1041 ἀναστήσονται.
1131 969 1222 1022 Διὸ
1258 969 1424 1040 μέσος
1453 971 1708 1041 χωρήσας
1745 972 1773 1022 ὀ
1815 970 1975 1022 Ἀπό-

389 1059 573 1122 στολος
613 1061 748 1131 πρὸς
792 1060 1136 1132 ἀμφοτέρους
1169 1059 1392 1124 τούτους
1425 1063 1518 1114 καὶ
1545 1061 1644 1126 τὰς
1669 1061 1862 1123 λοιπὰς
1891 1061 1977 1112 αἱ-

392 1153 591 1226 ρέσεις,
621 1155 679 1205 ἐν
705 1156 771 1224 τῇ
811 1155 911 1225 μιᾷ
944 1154 1178 1225 ἐργασίᾳ
1211 1156 1312 1224 τὴν
1346 1154 1655 1226 ἀνατροπὴν
1683 1154 1975 1223 πεποίηται

388 1247 446 1298 ἐν
492 1248 558 1316 τῇ
604 1246 732 1317 περὶ
771 1246 982 1317 νεκρῶν
1033 1246 1348 1310 ἀναστάσει,
1403 1248 1496 1300 καὶ
1528 1249 1585 1299 ἐν
1618 1250 1738 1310 ταῖς
1773 1263 1978 1316 μαρτυ-

391 1339 558 1410 ρίαις,
596 1335 685 1402 αἷς
715 1340 856 1394 κατά
887 1339 1195 1409 λεπτότητα
1227 1339 1461 1405 διεξιὼν,
1504 1341 1601 1412 τὴν
1629 1339 1852 1410 βεϐαίαν
1881 1338 1976 1390 σύ-

391 1445 581 1484 στασιν
611 1433 907 1500 ἐποιήσατο
937 1434 1038 1502 τῆς
1081 1431 1189 1485 τῶν
1228 1431 1436 1503 νεκρῶν
1477 1432 1852 1494 ἀναστάσεως,
1883 1430 1978 1483 xui.

361 1523 685 1592 -σωτηρίας,
737 1525 832 1576 καὶ
877 1523 1113 1588 ἐλπίδος,
1174 1524 1428 1592 φάσκων·
1465 1525 1561 1578 Δεῖ
1597 1524 1664 1578 τὸ
1713 1524 1979 1594 φθαρτὸν

388 1613 566 1668 τοῦτο
616 1614 990 1670 ἐνδύσασθαι
1042 1616 1408 1684 ἀφθαρσίαν,
1467 1617 1568 1671 καὶ
1625 1615 1692 1668 τὸ
1757 1615 1980 1681 θνητὸν

390 1703 567 1760 τοῦτο
593 1705 967 1762 ἐνδύσασθαι
1007 1707 1362 1761 ἀθανασίαν·
1395 1708 1490 1761 καὶ
1523 1707 1684 1760 πάλιν
1716 1708 1820 1770 ὅτι,
1843 1711 1978 1774 Χρι-

2074 508 2316 578 Apostoli
2341 509 2548 561 dictum
2589 509 3026 575 interpretantur
3053 508 3119 561 de
3167 508 3234 561 iis
3276 508 3369 577 qui
3419 509 3658 562 instante

2075 609 2269 664 morte,
2320 601 2365 655 si
2410 600 2630 670 quidem
2670 599 3053 653 catechumeni
3096 599 3227 660 sint,
3281 615 3345 652 ea
3397 615 3493 670 spe
3533 598 3658 653 freti

2077 707 2231 744 sacra
2264 692 2535 744 lavatiune
2570 700 2905 760 purgantur;
2939 705 3001 742 ac
3030 699 3277 743 mortuos
3305 698 3658 745 SUI‘I'Ct'lUt'OS

2075 800 2196 838 esse
2230 784 2635 844 demonstrant,
2674 784 2744 835 ob
2787 783 2950 851 idque
2982 782 3384 836 condouatione
3419 784 3507 834 illa
3540 799 3658 836 sce-

2079 877 2271 942 lerum,
2307 890 2428 945 quae
2457 890 2552 945 per
2582 875 2913 943 baptismum
2941 874 3218 927 obtinetur
3255 875 3518 942 indigere.
3556 874 3662 928 Sed

2079 968 2294 1020 illorum
2342 967 2432 1020 alii
2487 965 2728 1020 nondum
2787 964 3066 1018 Christum
3116 965 3426 1019 surrexisse
3463 965 3660 1034 praedi-

2077 1068 2225 1123 cant,
2257 1074 2321 1113 ac
2351 1075 2472 1112 cum
2520 1060 2734 1112 caeteris
2779 1058 3037 1112 omnibus
3081 1073 3202 1112 esse
3243 1072 3663 1119 surrecturum;

2078 1152 2168 1205 alii
2199 1161 2447 1206 mortuos
2489 1158 2838 1206 surrecturus
2873 1166 3112 1218 unquam
3144 1150 3393 1205 funditus
3441 1159 3662 1222 negant.

2079 1243 2269 1313 Itaque
2312 1244 2551 1298 medium
2583 1242 2856 1313 quoddam
2889 1245 2991 1297 iter
3035 1245 3320 1313 ingressus
3366 1243 3682 1313 Apostolus

2080 1353 2206 1392 cum
2259 1345 2530 1406 utrosque
2562 1336 2705 1399 illos,
2747 1345 2859 1389 tum
2909 1336 3150 1406 reliquas
3193 1351 3384 1392 omnes
3427 1337 3666 1392 haereses

2079 1429 2266 1482 eadem
2300 1443 2467 1497 opera
2500 1428 2792 1487 disturbat,
2831 1443 2952 1481 cum
2987 1427 3052 1480 de
3081 1436 3424 1482 mortuorum
3458 1430 3667 1482 excita-

2080 1522 2227 1576 tione
2263 1520 2528 1589 disputat,
2577 1528 2740 1590 atque
2781 1520 3051 1588 ejusmodi
3109 1523 3437 1575 testimoniis
3471 1523 3665 1588 utitur,

2080 1612 2283 1681 quibus
2306 1611 2623 1681 singillatim
2648 1611 2912 1680 expositis
2934 1620 3278 1665 mortuorum
3303 1616 3666 1668 resurrectio-

2080 1718 2228 1768 nem,
2296 1717 2360 1756 ac
2418 1704 2652 1757 salutem
2707 1711 2761 1757 et
2807 1718 2959 1771 spem
3012 1710 3258 1756 nostram
3317 1704 3667 1760 solidissimis

389 1797 539 1863 στὸς
585 1797 893 1866 ἐγήγερται
926 1799 1168 1867 ἀπαρχὴ
1202 1797 1321 1852 τῶν
1359 1798 1821 1868 κεκοιμημένων,
1876 1799 1976 1852 ἵνα

2087 1795 2383 1850 rationibus
2417 1795 2725 1859 confirmat,
2771 1794 2854 1848 his
2888 1794 3069 1848 verbis
3100 1813 3114 1848 :
3151 1793 3367 1864 Oportet
3410 1797 3505 1850 hoc
3549 1816 3668 1851 cor-

390 1888 490 1952 τὰς
551 1890 868 1961 ἀμφοτέρας
915 1891 1126 1961 σχέσεις
1165 1891 1274 1944 τῶν
1316 1890 1583 1961 αἱρέσεων
1627 1889 1872 1958 ἐλέγξας,
1914 1890 1977 1942 τὸ

393 1981 692 2050 ἀμόλυντον
721 1982 820 2051 τῆς
847 1981 1196 2044 διδασκαλίας
1229 1984 1490 2054 κήρυγμα
1521 1981 1580 2045 ἐξ
1612 1981 1870 2050 ἀληθείας
1900 1983 1976 2032 δι-

392 2072 525 2143 δάξῃ
570 2074 697 2136 τοὺς
744 2071 1102 2144 βουλομένους
1147 2073 1348 2127 εἰδέναι
1390 2073 1490 2143 τὴν
1530 2071 1623 2125 τοῦ
1671 2071 1805 2125 Θεοῦ
1850 2071 1979 2141 ἀλή-

395 2163 546 2218 θειαν
580 2165 675 2218 καὶ
704 2165 1022 2237 σωτηριιῦδη
1053 2166 1424 2219 διδασκαλίαν.

2082 1887 2327 1956 ruptibile
2350 1888 2563 1941 induere
2598 1889 3063 1956 incorruptionem,
3104 1897 3154 1941 et
3184 1888 3280 1941 hoc
3320 1891 3544 1944 mortale
3586 1892 3669 1943 in-

2082 1981 2240 2034 duere
2267 1981 2721 2034 immortalitatem
2751 1983 2805 2047 ²;
2836 1996 2897 2035 ac
2922 1998 3143 2037 rursum
3177 2003 3188 2035 :
3223 1983 3464 2038 Christus
3494 2001 3671 2038 resur-

2086 2074 2222 2127 rexit
2268 2075 2516 2141 primitia:
2556 2075 2991 2138 dormientium“,
3047 2085 3108 2129 ιιι
3157 2076 3440 2129 ambarum
3504 2077 3674 2131 haere-

2086 2182 2240 2220 seum
2285 2167 2745 2236 respondentibus
2784 2166 2886 2220 sibi
2929 2182 2996 2220 ex
3045 2167 3278 2222 adverso
3319 2169 3670 2237 opinionibus

393 2257 674 2312 convulsis
693 2273 880 2312 veram
916 2273 980 2313 ac
1009 2258 1281 2314 sinceram
1313 2257 1640 2314 Christiana:
1665 2257 1789 2312 ﬁdei
1842 2256 2190 2328 disciplinam
2259 2258 2329 2314 iis
2395 2258 2658 2322 traderet,
2696 2259 2790 2328 qui
2831 2259 3073 2312 divinam
3123 2260 3411 2315 veritatem
3462 2259 3672 2314 saluta-

392 2364 618 2419 remque
644 2350 952 2417 doctrinam
981 2350 1182 2404 vellent
1215 2351 1516 2419 percipere.

464 2446 547 2499 H’.
583 2444 933 2515 Πανταχόθεν
980 2444 1161 2502 τοίνυν
1206 2446 1456 2518 φωρατὸς
1497 2446 1562 2502 ἂν
1587 2447 1672 2518 εἴη
1709 2444 1980 2517 Κήρινθος

393 2539 489 2593 καὶ
510 2541 557 2592 οἱ
582 2539 675 2592 ἀπ’
707 2537 870 2591 αὑτοῦ
897 2538 1290 2610 ἀπατηθέντες,
1324 2542 1373 2592 οἱ
1402 2540 1654 2615 τάλανες,
1680 2541 1772 2593 καὶ
1801 2539 1982 2603 ἄλλοις

393 2631 556 2682 αἴτιοι
577 2630 864 2698 γεγονότες
893 2629 1190 2696 ἀπωλείας,
1214 2631 1324 2685 τῶν
1347 2630 1506 2684 θείων
1525 2631 1760 2702 Γραφῶν
1792 2631 1980 2699 σαφῶς

394 2723 526 2790 ἡμῖν
545 2719 688 2773 κατά
713 2718 1019 2790 λεπτότητα
1043 2721 1172 2790 περὶ
1188 2721 1406 2774 πάντων
1423 2721 1816 2792 διηγουμένων.
1842 2719 1982 2773 Οὔτε

393 2816 502 2886 γὰρ
517 2815 580 2866 ἐκ
603 2814 919 2884 σπέρματος
953 2813 1149 2885 Ἰωσὴφ
1167 2817 1196 2867 ὁ
1211 2814 1464 2885 Χριστύςο
1487 2815 1609 2868 ἐπεὶ
1638 2815 1756 2876 πῶς
1777 2814 1858 2867 ἔτι
1884 2832 1982 2885 ση-

399 2911 550 2976 μεῖον
581 2906 668 2976 εἴη
703 2907 764 2959 τὸ
795 2907 1073 2978 γέν,νημα;
1107 2907 1286 2960 καὶτὸ
1315 2906 1464 2978 παρὰ
1492 2907 1570 2978 τῷ
1603 2907 1805 2978 Ἡσαΐᾳ
1831 2909 1986 2977 εἰρη-

399 2999 557 3067 μένον
574 2998 690 3062 πῶς
707 2998 787 3052 ἔτι
824 2999 1221 3071 συσταθήσεται
1241 3039 1256 3064 ,
1291 3000 1363 3063 ὡς
1393 2995 1563 3052 εἶπεψ
1597 2998 1651 3052 Ἀ
1663 3001 1805 3064 ὺτὸς
1819 3002 1850 3052 ό
1867 2999 1988 3052 Κύ-

2163 2440 2322 2511 115
2353 2438 2467 2494 Vll.
2523 2439 2794 2505 Quocirca
2839 2439 3217 2509 deprehensus
3277 2443 3519 2514 undique
3573 2445 3677 2502 Ce-

2087 2533 2305 2588 rinthus
2341 2547 2404 2586 ac
2437 2533 2724 2586 convictus
2757 2542 2995 2597 tenetur,
3031 2549 3140 2587 una
3178 2550 3302 2589 cum
3334 2537 3423 2603 iis,
3459 2539 3552 2608 qui
3580 2555 3677 2594 eo-

2088 2627 2210 2681 dem
2258 2627 2312 2680 in
2351 2641 2540 2680 errore
2573 2635 2883 2690 versantur,
2930 2624 3178 2682 infelices
3225 2628 3473 2686 homines
3513 2641 3676 2702 atque

2089 2719 2334 2788 ejusdem
2359 2733 2546 2773 secum
2571 2718 2725 2773 exitii
2755 2718 2879 2771 aliis
2912 2719 3136 2788 insuper
3166 2730 3440 2787 auctores,
3476 2724 3679 2794 quippe

2089 2827 2214 2866 cum
2256 2812 2372 2865 haec
2403 2813 2586 2865 omnia
2621 2825 2793 2866 sacrae
2835 2810 3031 2865 litterae
3061 2815 3350 2883 perspicue
3394 2826 3679 2872 accurate-

2091 2921 2199 2974 que
2237 2905 2398 2960 nobis
2441 2905 2751 2959 edisserant
2782 2921 2796 2958 :
2829 2918 2953 2956 nam
3000 2920 3179 2974 neque
3223 2907 3290 2961 de
3324 2907 3547 2979 Josephi
3591 2927 3680 2966 se-

2093 2999 2242 3053 mine
2266 3006 2430 3052 natus
2463 3007 2547 3053 est
2576 2997 2834 3053 Christus
2863 3017 2876 3052 :
2915 2998 3008 3068 qui
3041 3000 3186 3054 enim
3217 3001 3524 3071 prodigium
3552 3017 3681 3071 pos-

387 3108 520 3157 ριος
585 3089 766 3143 δώσει
811 3090 955 3160 ὑμῖν
992 3091 1269 3160 σημεῖον·
1315 3091 1470 3146 Ἰδοὺ
1505 3093 1544 3159 ἠ
1592 3089 1888 3158 παρθένος
1923 3089 1982 3141 ἐν

2095 3099 2178 3145 set
2211 3091 2358 3145 illius
2399 3107 2522 3146 esse
2552 3092 2855 3161 generatio,
2906 3107 2970 3146 ac
3012 3093 3158 3161 quod
3203 3093 3272 3146 ab
3303 3093 3438 3147 Isaia
3468 3096 3676 3149 dictum

397 3183 610 3252 γαστρὶ
642 3183 786 3248 ἕξει,
823 3184 921 3237 καὶ
960 3183 1193 3248 τέξεται
1232 3184 1388 3245 υἱὸν,
1437 3183 1632 3236 καὶτὰ
1670 3182 1832 3252 tam;
1863 3182 1988 3244 Πῶς

396 3275 454 3328 δὲ
497 3276 578 3330 ἔτι
621 3276 1046 3348 πληρωθήσεται
1077 3276 1138 3329 τὸ
1181 3276 1470 3348 εἰρημένον
1516 3275 1668 3346 παρά
1699 3275 1800 3344 τῆς
1828 3274 1987 3342 ἁγίας

398 3367 678 3439 Παρθένου
715 3369 853 3440 πρὸς
877 3369 969 3422 τὸν
998 3367 1258 3440 Γαϐριήλο
1299 3367 1433 3433 Πῶς
1465 3368 1635 3420 ἔσται
1672 3367 1870 3430 τοῦτο,
1899 3365 1989 3419 ὅτι

397 3460 589 3528 ἄνδρα
614 3463 686 3515 οὐ
728 3462 1037 3531 rte-(bane);
1073 3463 1168 3515 καὶ
1216 3461 1382 3515 αὐτοῦ
1425 3461 1693 3529 λέγοντος·
1743 3460 1991 3528 Πνεῦμα

398 3551 570 3619 ἅγιον
601 3553 991 3607 ἐπελεύσεται
1014 3554 1112 3606 ἐπὶ
1146 3553 1240 3616 σὲ,
1282 3554 1380 3606 καὶ
1415 3553 1668 3622 δύναμις
1704 3553 1988 3620 Ὑψίστου

396 3643 741 3698 ἐπισκιάσει
774 3661 894 3710 σοι,
951 3646 1046 3698 καὶ
1093 3645 1162 3698 τὰ
1203 3645 1364 3716 ὲξῆς;
1413 3646 1536 3710 Πῶς
1581 3646 1639 3699 δὲ
1683 3645 1845 3701 πάλιν
1888 3646 1989 3700 οὐκ

399 3736 790 3808 ἐλεγχθήσεται
829 3739 1009 3792 αὐτῶν
1041 3740 1072 3810 ή
1103 3739 1281 3802 ἄνοια,
1310 3738 1406 3791 τοῦ
1435 3739 1770 3807 Εὐαγγελίου
1801 3738 1988 3808 σαφῶς

399 3826 650 3895 λέγοντος
710 3830 814 3893 ὅτι,
857 3828 1088 3896 Ε-ύρέθη
1130 3830 1200 3882 ἐν
1239 3829 1455 3898 γαστρὶ
1497 3831 1730 3899 ἔχουσα
1768 3832 1909 3899 πρὶν
1947 3832 1986 3900 ἢ

399 3920 723 3975 συνελθεῖν
742 3923 998 3987 adrade;
1029 3923 1187 3975 Ἔστι
1217 3923 1273 3976 δὲ
1306 3923 1508 3991 γνῶναι
1533 3922 1741 3991 σαφῶς,
1767 3924 1849 3975 ὅτι
1868 3921 1988 3975 οὐδὲ

399 4015 536 4078 ὅλως
575 4013 853 4084 συνῆλθον.
881 4014 972 4084 Μὴ
1016 4015 1226 4082 γένοιτο
1253 4015 1361 4086 γὰρ
1395 4014 1554 4068 τοῦτο
1584 4014 1788 4066 εἰπεῖνι
1836 4015 1989 4067 Ἐπεὶ

399 4107 501 4159 οὐκ
537 4107 602 4159 ἂν
645 4106 782 4176 μετὰ
819 4107 1053 4178 σταυρὸν
1077 4108 1190 4177 (95)
1227 4107 1474 4178 προενόει
1517 4106 1862 4178 παραθέσθαι
1893 4107 1988 4158 αύ-

400 4199 499 4268 τὴν
541 4199 760 4270 Ἰωάννῃ
785 4198 863 4270 τῷ
894 4199 1035 4270 ἁγίῳ
1069 4199 1346 4269 παρθένῳ,
1380 4199 1455 4264 ὡς
1479 4199 1646 4268 λέγει·
1677 4199 1789 4252 Ἴδε
1810 4201 1848 4267 7i
1873 4197 1989 4267 μή·

401 4313 512 4362 τηρ
543 4313 679 4350 σου·
711 4296 807 4348 καὶ
839 4299 908 4366 τῇ
943 4296 1102 4367 αὑτῇ’
1145 4295 1266 4351 Ἴδε
1300 4299 1333 4346 ὁ
1363 4298 1496 4360 υἱός
1524 4313 1663 4351 σου.
1699 4297 1846 4350 Ἔδει
1877 4297 1988 4369 γὰρ

403 4390 566 4442 αὐτὸν
612 4389 948 4461 παραδοῦναι
998 4389 1168 4461 αὐτὴν
1213 4393 1324 4454 τοῖς
1363 4391 1535 4461 αὐτῆς
1581 4391 1899 4460 συγγενέσιν

401 4485 515 4545 τοῖς
553 4482 763 4544 τέκνοις
810 4481 904 4535 τοῦ
946 4483 1163 4554 Ἰωσὴφ,
1204 4485 1359 4555 εἴπερ
1395 4479 1535 4555 ἦσαν
1569 4485 1628 4550 ἐξ
1659 4486 1848 4555 αὐτῆς,
1891 4487 1989 4538 Ἰα-

405 4572 566 4644 κὼϐῳ
596 4591 668 4644 φη
679 4574 740 4643 μὶ
767 4574 862 4627 καὶ
903 4574 1059 4644 Ίωσῇ
1099 4574 1194 4626 καὶ
1237 4574 1406 4646 Ἰούδα
1437 4575 1530 4628 καὶ
1551 4575 1823 4644 Συμεῶνι,
1852 4577 1988 4639 υἱοῖς

403 4663 524 4718 οὖσι
550 4665 643 4719 τοῦ
683 4667 883 4736 Ἰωσὴφ
903 4665 1017 4736 (96)
1053 4667 1163 4720 ἀπὸ
1191 4669 1292 4732 τῆς
1327 4666 1495 4737 ἄλλης
1528 4667 1809 4735 γυναικός.
1854 4666 1989 4719 Οὐδὲ

403 4759 534 4830 γὰρ,
580 4759 660 4812 ὅτι
707 4759 975 4832 κέχρηται
1025 4762 1091 4830 τῇ
1142 4759 1425 4830 Παρθένῳ,
1473 4759 1611 4822 ὅλως
1648 4758 1986 4829 εὑρίσκεται,

407 4852 546 4922 μετὰ
579 4851 638 4904 τὸ
667 4850 1058 4922 γεγεννηκέναι
1086 4853 1119 4922 ή
1154 4851 1433 4923 Παρθένος
1479 4851 1769 4922 ἄχραντος.
1830 4849 1990 4903 Ἀλλά

404 4941 763 5014 περὶτούτων
795 4941 894 5012 ήδη
927 4941 984 4994 ἐν
1010 4939 1156 5010 ἄλλῳ
1189 4958 1279 5010 μοι
1318 4940 1462 5010 λόγῳ
1507 4940 1696 5008 σαφῶς
1738 4955 1991 5010 πεπραγ-

408 5036 691 5104 μάτευται,
725 5035 818 5086 καὶ
853 5032 1435 5104 πραγματευθήσεται.
1467 5028 1595 5085 *Ωδε
1632 5032 1689 5085 δὲ
1721 5033 1778 5085 ἐν
1809 5031 1988 5102 μέρει,

403 5129 479 5192 ὼς
512 5130 568 5181 ὲν
603 5127 961 5198 παρεκδρομῇ
994 5125 1123 5196 περὶ
1151 5125 1250 5194 τῆς
1279 5125 1485 5178 τούτων
1509 5125 1818 5188 ὑποθέσεως
1845 5124 1990 5194 εἴρη-

1847 5278 1870 5310 ⁴
1905 5278 1987 5333 Isa

489 5283 698 5338 'ICor.
726 5299 816 5345 xv,
845 5282 936 5338 29.
1013 5285 1034 5315 ³
1069 5281 1204 5337 ibid.
1240 5280 1332 5338 55.

404 5362 427 5394 ⁸
457 5355 616 5410 Joan.
642 5371 756 5416 tux,
787 5355 878 5418 26,
902 5352 996 5407 27.

480 5471 588 5541 (95)
649 5472 808 5525 Ἐπεὶ
836 5474 949 5525 οὐκ
990 5469 1068 5524 ἂν
1104 5466 1258 5541 μετὰ
1307 5467 1593 5541 σταυρόν.
1635 5464 1780 5518 Idem
1828 5477 1991 5541 argu:

408 5533 648 5612 mentum
681 5552 838 5612 urget
866 5533 1135 5595 Adversus
1173 5533 1475 5612 Helvidium
1507 5534 1879 5604 Hieronymus
1904 5553 1915 5587 :

408 5611 560 5679 furor
593 5605 784 5672 δαναιδῖ
819 5623 868 5666 et
913 5615 970 5664 in
1001 5613 1276 5680 proprium
1319 5610 1539 5680 exitium
1571 5622 1714 5680 mens
1745 5621 1940 5657 vesana
1963 5605 1984 5657 !

413 5677 555 5736 Dicts
595 5683 664 5736 ad
709 5699 918 5737 crucem
958 5677 1177 5736 Domini
1216 5690 1440 5733 matrem
1477 5678 1592 5747 ejus
1624 5677 1790 5743 fuisse
1839 5691 1982 5744 pra:-

409 5764 627 5808 sentem.
685 5753 831 5808 Dicis
874 5753 1075 5809 ,σοαηηὶ
1124 5751 1386 5821 discipulo
1439 5747 1502 5803 ob
1555 5747 1894 5811 viduitatem,
1933 5755 1983 5800 et

1429 5281 1451 5313 ³
1479 5280 1612 5336 ibid.
1649 5279 1741 5334 20.

1907 4391 2063 4493 {ﬁt}

1997 5319 2012 5333 .
2041 5294 2141 5344 vn,
2175 5276 2262 5331 Η.

2089 3188 2173 3237 est
2197 3182 2416 3252 probari
2441 3183 2670 3236 omnino
2700 3191 2919 3252 posset:
2943 3183 3202 3238 Dominus
3229 3185 3336 3251 ipse
3356 3185 3502 3239 dabit
3534 3185 3677 3240 vobis

2089 3275 2298 3344 signum
2324 3292 2338 3328 ε
2369 3273 2504 3328 Ecce
2530 3275 2676 3344 virgo
2711 3276 2984 3343 concipiet,
3009 3288 3059 3328 et
3087 3277 3256 3343 pariet
3281 3277 3451 3344 ﬁlium
3471 3277 3512 3340 ⁸,
3530 3278 3676 3334 ctc.?

2089 3366 2339 3434 Quanam
2363 3383 2492 3422 vero
2523 3369 2736 3423 ratione
2760 3368 2946 3438 perlici
2969 3370 3168 3437 poterit
3199 3369 3353 3434 illud,
3383 3369 3529 3439 quod
3563 3369 3676 3424 Ga-

2089 3457 2249 3512 brieli
2288 3457 2456 3528 Virgo
2486 3458 2832 3514 sanctissima
2860 3458 2997 3512 dixit
3029 3477 3041 3512 :
3074 3459 3349 3524 Quomodo
3391 3461 3480 3530 ﬁet
3507 3461 3676 3522 istud,

2088 3551 2341 3622 quoniam
2385 3552 2555 3604 virum
2587 3567 2690 3605 non
2721 3567 2975 3621 cognosco
2996 3550 3058 3602 '?
3087 3553 3172 3606 cui
3215 3551 3302 3606 ille
3349 3553 3630 3622 respondit
3658 3569 3672 3605 :

2091 3641 2327 3711 Spiritus
2361 3654 2578 3697 sanctus
2603 3644 2924 3712 superveniet
2954 3645 3008 3698 in
3040 3653 3109 3706 te,
3140 3654 3188 3698 et
3220 3646 3386 3698 virtus
3410 3647 3679 3701 Altissimi

2091 3735 2426 3789 obumbrabit
2463 3736 2611 3799 tibi“,
2636 3737 2772 3791 etc.?
2790 3735 2984 3792 Nonne
3019 3737 3236 3791 illorum
3269 3755 3336 3792 ex
3353 3754 3418 3794 eo
3449 3740 3678 3795 stultitia

2092 3827 2253 3884 facile
2285 3831 2654 3892 convincitur,
2685 3831 2830 3901 quod
2861 3829 3069 3886 diserte
3116 3832 3168 3885 in
3210 3831 3503 3903 Evangelia
3541 3835 3678 3888 scri-

2091 3931 2240 3990 ptum
2283 3929 2408 3976 est:
2443 3921 2666 3976 Inventa
2717 3931 2795 3976 est
2841 3923 2896 3974 in
2928 3933 3079 3976 utero
3141 3923 3336 3977 habens
3394 3934 3676 3994 antequam

2091 4013 2425 4067 convenirent
2456 4014 2519 4064 ’Ἰ
2548 4013 2687 4066 Illud
2731 4021 2912 4066 autem
2961 4013 3332 4067 certissimum
3398 4022 3501 4079 est,
3537 4030 3676 4067 nun-

2089 4121 2254 4174 quam
2295 4105 2418 4160 illos
2457 4105 2684 4159 omnino
2721 4104 3066 4160 convenisse.
3119 4103 3277 4158 Absit
3323 4104 3468 4158 enim
3522 4114 3582 4159 ut
3621 4104 3679 4160 id

2091 4212 2331 4266 unquam
2365 4197 2633 4251 dicamus!
2680 4197 2895 4265 Alioqui
2927 4211 3051 4249 cum
3096 4196 3150 4250 in
3185 4211 3351 4251 cruce
3392 4197 3675 4266 penderet,

2089 4307 2197 4346 non
2235 4300 2426 4345 sancto
2461 4289 2681 4354 Joanni,
2714 4289 2806 4359 qui
2841 4296 2895 4342 et
2939 4289 3056 4358 ipse
3093 4288 3458 4358 virginitatem
3501 4305 3680 4344 serva.

2091 4387 2190 4450 vit,
2239 4395 2468 4438 matrem
2517 4381 2924 4437 commendaret
2950 4396 3128 4446 suam,
3185 4397 3310 4435 cum
3348 4383 3421 4436 ita
3462 4383 3682 4439 locutus

2092 4484 2176 4532 est
2213 4495 2226 4530 :
2262 4476 2393 4530 Ecce
2454 4484 2624 4528 mater
2679 4486 2791 4528 tua.
2858 4473 2924 4526 Et
2975 4473 3120 4526 illam
3172 4473 3496 4543 alloquens:
3545 4473 3681 4528 Ecce

2093 4571 2242 4638 ﬁlius
2275 4579 2397 4622 tuus
2417 4569 2459 4620 ³.
2497 4566 2653 4621 Hanc
2698 4565 2840 4620 enim
2879 4567 2963 4619 vel
2993 4566 3242 4635 cognatis
3279 4567 3393 4620 suis
3424 4568 3679 4620 commit-

2092 4673 2206 4715 tere
2243 4660 2508 4729 oportuit,
2553 4659 2635 4712 vel
2665 4655 2886 4726 Josephi
2931 4657 3138 4720 liberis,
3185 4659 3230 4711 si
3270 4674 3410 4726 quos
3452 4675 3517 4712 ex
3561 4659 3678 4727 ipsa

2093 4754 2415 4817 sustulerat,
2447 4760 2576 4820 puta
2605 4748 2830 4814 Jacobo,
2861 4749 3012 4814 Jose,
3049 4749 3217 4812 Iudtr,
3249 4749 3512 4813 Simeoni,
3539 4767 3682 4820 quos

2091 4845 2364 4916 Iosephus
2409 4846 2513 4897 alia
2557 4860 2623 4898 ex
2659 4858 2829 4896 uxore
2881 4851 3164 4913 genuerat.
3204 4841 3392 4911 Neque
3441 4843 3587 4896 enim
3618 4842 3682 4894 il-

2099 4941 2209 4993 lttm
2239 4954 2362 4992 cum
2399 4937 2570 4990 Maria
2605 4937 2960 4992 consuevisse
3007 4937 3118 4990 ullo
3155 4935 3316 4989 modo
3348 4935 3675 5003 reperimus,

2101 5039 2456 5100 posteaquam
2491 5029 2809 5097 incorrupta
2845 5027 2934 5080 illa
2968 5036 3022 5080 et
3055 5026 3367 5080 castissima
3399 5023 3562 5093 Virgo
3586 5039 3677 5092 pe~

2098 5123 2262 5191 perit.
2301 5118 2505 5175 Verum
2533 5118 2602 5173 de
2628 5117 2715 5173 his
2743 5119 2851 5172 alio
2879 5118 2933 5170 in
2968 5117 3106 5170 libro
3139 5123 3397 5170 accurate
3421 5115 3680 5168 tractavi-

2839 5273 2859 5304 θ
2881 5269 3012 5324 ibid.
3050 5270 3140 5326 55.

2366 5274 2388 5306 ⁸
2416 5272 2551 5328 Luc.
2582 5289 2623 5338 ι,
2651 5274 2739 5330 54.
2839 5273 2859 5304 ⁶
2881 5269 3012 5324 ibid.
3050 5270 3140 5326 55.
3253 5270 3274 5300 '
3304 5268 3493 5323 Matth.
3527 5284 3566 5336 ι,
3593 5271 3680 5325 18.

2098 5459 2439 5515 solitudinem
2470 5457 2915 5521 commendatam,
2952 5459 3106 5527 quasi
3146 5459 3310 5528 juxta
3351 5467 3398 5512 te
3441 5475 3543 5511 non
3585 5459 3685 5512 Ita-

2098 5535 2238 5588 beret
2284 5541 2514 5601 quatuor
2563 5531 2831 5601 ﬁlios,_et
2872 5531 3177 5601 innumeras
3220 5531 3400 5601 ﬁlias,
3457 5546 3682 5598 quarum

2095 5599 2360 5657 consortio
2391 5602 2679 5670 frueretur.
2719 5599 2843 5654 Vid.
2885 5600 3120 5670 August.
3159 5602 3251 5654 lib.
3285 5616 3299 5654 ι
3345 5599 3421 5652 De
3464 5615 3592 5668 nup.
3630 5609 3681 5654 et

2093 5689 2338 5740 concup.,
2367 5688 2490 5740 cap.
2529 5671 2617 5740 LI.

2165 5737 2277 5817 (96)
2327 5737 2482 5809 Υὶοῗς
2513 5737 2655 5798 οὖσι
2695 5739 2802 5794 τοῦ
2840 5739 3084 5810 Ἰωσήφ.
3120 5739 3256 5796 Vide
3288 5741 3423 5798 hmr.
3447 5755 3676 5796 Its-svnt.
