4170 6372
395 333 501 392 589

1039 324 1408 384 ADVERSUS
1445 322 1789 385 IUERESES
1827 330 1956 383 LiB.
1999 329 2040 384 1.
2081 328 2244 384 ΤΟΜ.
2286 329 2426 387 Il.-—
2467 328 2739 386 HzERES.
2781 331 2972 386 XXIX.

3563 330 3672 392 σου

397 454 582 516 αὐτοῖς
609 451 782 518 ὅντες,
813 450 846 522 ἦ
885 451 980 504 καὶ
1011 452 1116 522 πρὸ
1143 452 1344 515 αὐτῶν,
1380 452 1412 524 ἢ
1446 453 1544 505 σὺν
1577 453 1781 515 αὐτοῖς,
1808 453 1840 522 ἢ
1867 454 1982 523 μετ’

2103 467 2177 506 'es
2207 451 2335 517 illis,
2372 450 2487 505 sive
2519 453 2776 522 aequales,
2802 453 2918 507 sive
2954 451 3290 520 posteriores
3335 451 3667 516 exstiterint,

398 545 597 606 αὐτοὺς
623 543 773 613 ὅμως
813 542 1124 612 σύγχρονοι·
1157 543 1219 594 οὐ
1251 541 1359 613 γὰρ
1399 542 1789 612 ἀκριϐέστερον
1820 543 1983 596 δύνα-

403 655 500 706 μαι
528 635 787 702 ἐξειπεῖν,
818 634 962 696 τίνες
983 634 1137 696 τίνας
1159 633 1478 697 διεδέξαντο,
1509 632 1668 685 Καθὰ
1696 633 1805 703 γάρ
1825 631 1981 702 ἔφην,

403 728 689 799 σύγχρονοι
728 721 870 797 ἦσαν
919 724 1189 795 ἀλλήλοις,
1243 725 1340 776 καὶ
1383 725 1546 794 ὃμοια
1587 724 1880 794 κέκτηνται
1917 722 1984 776 τὰ

404 821 745 892 φρονήματα.
784 811 942 870 Οὗτοι
973 817 1081 888 γὰρ
1112 819 1326 880 ἑαυτοῖς
1365 816 1535 886 ὄνομα
1576 816 1833 869 ἐπέθεντο
1866 816 1986 886 οὐχὶ

403 911 663 982 Χριστοῦ,
695 909 817 962 οῦτε
855 908 986 962 αὐτὸ
1028 908 1090 960 τὸ
1126 909 1296 978 ὄνομα
1324 908 1418 960 τοῦ
1466 907 1666 978 Ἰησοῦ,
1707 908 1840 960 ἀλλὰ
1873 909 1986 959 Να-

404 1005 677 1076 ζωραίων.
710 1003 815 1055 Καὶ
851 1003 1054 1065 πάντες
1083 1001 1138 1053 δὲ
1174 1001 1490 1071 Χριστιανοὶ
1519 999 1828 1070 Ναζωραῖοι
1867 1002 1987 1053 τότε

403 1095 666 1156 ὡσαύτως
706 1091 1016 1146 ἐκαλοῦντο,
1048 1090 1244 1157 Γέγονε
1274 1089 1330 1141 δὲ
1364 1089 1451 1140 ἐπ’
1483 1087 1648 1157 ὀλίγῳ
1689 1089 1866 1159 χρόνῳ
1895 1106 1990 1140 κα-

405 1187 614 1240 λεῖσθαι
647 1186 846 1248 αὐτοὺς
892 1182 1209 1247 Ἰεσσαίους,
1258 1183 1386 1252 πρὶν
1423 1181 1456 1251 ἢ
1502 1181 1597 1234 ἐνπῖ
1639 1181 1738 1250 τῆς
1791 1181 1990 1232 Ἀντίθ“

406 1283 557 1352 χείας
590 1282 766 1350 ἀρχὴν
792 1278 1030 1331 λάϐωσιν
1059 1278 1109 1329 οἱ
1146 1275 1384 1346 μαθηταὶ
1414 1275 1696 1328 καλεῖσθαι
1730 1277 1992 1346 Χριστια-

407 1372 508 1424 νοί.
551 1367 875 1422 Ἐκαλοῦντο
911 1366 967 1419 δὲ
1004 1367 1272 1427 Ἰεσσαῖοι,
1305 1362 1394 1415 διὰ
1428 1363 1520 1414 τὸν
1566 1362 1782 1426 Ἰεσσαὶ,
1813 1357 1988 1430 οἶμαι.

421 1461 748 1531 Ἐπειδήπερ
777 1460 804 1510 ὁ
831 1458 995 1510 Δαὸὶδ
1027 1455 1086 1521 ἐξ
1123 1455 1338 1520 Ἰεσσαὶ,
1368 1458 1431 1508 ἐκ
1459 1454 1516 1507 δὲ
1546 1453 1637 1507 τοῦ
1664 1453 1828 1505 Δαϐὶδ
1852 1452 1992 1504 κατὰ

407 1553 658 1623 διαδοχὴν
683 1552 999 1622 σπέρματος
1026 1551 1058 1620 ἡ
1081 1548 1288 1620 Μαρία,
1317 1547 1700 1618 πληρουμένης
1722 1546 1823 1616 τῆς
1846 1545 1992 1606 θείας

408 1645 629 1716 Γραφῆς
661 1642 800 1696 κατὰ
829 1641 927 1712 τὴν
961 1639 1207 1693 Παλαιὰν
1238 1639 1514 1708 Διαθήκην
1550 1637 1645 1690 τοῦ
1678 1635 1881 1705 Κυρίου
1911 1635 1995 1686 λέ-

410 1755 600 1807 γοντος
625 1737 760 1807 πρὸς
781 1736 870 1788 τὸν
895 1733 1078 1786 Δαϐίδ·
1108 1733 1209 1786 Ἐκ
1236 1731 1468 1800 καρποῦ
1495 1729 1601 1798 τῆς
1629 1730 1859 1794 κοιλίας·
1880 1744 1994 1781 σου

411 1830 669 1899 θήσομαι
701 1829 798 1881 ἐπὶ
828 1827 935 1881 τοῦ
961 1828 1176 1895 θρόνου
1203 1843 1336 1879 σου.

484 2010 561 2064 B'.
604 2008 762 2062 Δέδια
806 2007 863 2060 δὲ
914 2006 1033 2059 καθ’
1071 2004 1310 2074 ἑκάστην
1365 2003 1621 2056 ὑπόθεσιν
1659 2001 1876 2068 λέξεως,
1923 2001 1998 2064 ὡς

414 2102 618 2172 ταύτην
657 2099 754 2170 τὴν
797 2099 1102 2168 ὑπόμνησιν
1164 2095 1426 2159 ποιοῦντι,
1478 2093 1883 2162 παρακινούσης
1932 2111 1998 2163 με

414 2186 515 2263 τῆς
545 2190 798 2261 ἀληθείας
827 2189 924 2251 τὰς
959 2190 1014 2238 ὲν
1046 2187 1182 2256 αὐτῇ
1221 2187 1286 2256 τῇ
1329 2184 1471 2250 λέξει
1501 2183 1734 2255 Θεωρίας
1762 2184 1998 2252 ὑποφαί-

414 2300 548 2344 νειν,
579 2279 666 2333 διὰ
692 2280 752 2332 τὸ
783 2278 855 2349 μὴ
891 2277 1024 2330 πολὺ
1057 2275 1256 2338 πλάτος
1285 2273 1744 2346 περιποιήσασθαι
1780 2277 1846 2344 τῇ
1880 2291 2002 2326 συν-

414 2375 564 2438 τάξει
597 2373 698 2442 τῆς
729 2371 1052 2442 διηγήσεως.
1089 2369 1193 2422 Τοῦ
1227 2372 1338 2439 γὰρ
1379 2366 1585 2437 Κυρίου
1625 2367 1896 2436 φήσαντος
1924 2365 2002 2434 τῷ

417 2466 600 2529 Δαϐίδ,
651 2465 743 2516 Ἐκ
791 2462 1022 2530 καρποῦ
1051 2460 1160 2529 τῆς
1194 2461 1428 2525 κοιλίας
1463 2476 1578 2512 σου
1611 2457 1869 2527 θήσομαι
1904 2458 2003 2510 ἐπὶ

418 2559 522 2613 τοῦ
575 2558 789 2626 θρόνου
835 2571 973 2620 σου,
1011 2555 1105 2607 καὶ
1136 2554 1217 2616 τὸ,
1264 2555 1484 2622 Ὤμοσε
1525 2553 1739 2619 Κύριος
1780 2552 1859 2617 τῷ
1895 2554 2002 2604 Δα-

420 2652 531 2713 ϐὶδ,
590 2651 688 2703 καὶ
729 2651 800 2703 οὑ
847 2648 1434 2717 μεταμεληθήσεταν
1482 2645 1660 2716 δῆλον,
1713 2646 1858 2714 ὡςὴ
1908 2644 2002 2698 τοῦ

419 2743 554 2796 Θεοῦ
587 2740 921 2813 άμετάθετός
966 2741 1112 2791 ἐστιν
1145 2737 1464 2806 ἐπαγγελία.
1512 2737 1621 2788 Καὶ
1663 2737 1876 2808 πρῶτον
1908 2739 2005 2808 μὲν

419 2837 502 2886 ὅτι
541 2835 701 2904 ὅρκος
735 2831 887 2901 παρὰ
919 2829 1036 2899 Θεῷ
1064 2829 1115 2880 τί
1146 2829 1291 2880 ἐστιν
1324 2827 1438 2880 ἀλλ’
1467 2825 1498 2896 ἦ
1531 2828 1633 2879 ὅτι·
1667 2825 1806 2877 Κατ’
1823 2825 2005 2893 ἐμαυ-

421 2925 528 2977 τοῦ
557 2923 782 2993 ὤμοσα,
812 2921 974 2992 λέγει
1019 2922 1277 2987 Κύριος;
1323 2919 1394 2970 Οὺ
1441 2917 1548 2987 γὰρ
1590 2915 1728 2969 κατὰ
1763 2915 2007 2986 μείζονος

425 3019 539 3087 ἔχει
573 3019 733 3087 ὅρκον
764 3015 915 3079 Θεὸς,
951 3013 1086 3066 ἀλλὰ
1112 3012 1232 3064 οὐδὲ
1263 3011 1456 3081 ὄμνυσι
1483 3010 1544 3062 τὸ
1574 3010 1746 3063 Θεῖον.
1784 3009 1878 3070 Εἰς
1907 3025 2012 3059 πα-

429 3113 688 3180 ράστασιν
734 3109 791 3162 δὲ
825 3106 1168 3177 βεϐαιώσεως
1221 3107 1247 3157 ὁ
1292 3105 1447 3171 λόγος
1495 3104 1606 3173 ἔχει
1634 3103 1734 3174 τὴν
1762 3101 2006 3170 δύναμιν.

2088 542 2141 594 in
2175 540 2317 595 idem
2353 541 2463 595 fere
2499 549 2711 611 tempus
2756 545 3066 598 incurrunt.
3110 542 3299 612 Neque
3334 544 3478 598 enim
3528 543 3670 597 allir-

2085 646 2236 685 mare
2271 639 2421 685 certo
2451 645 2745 700 possumus
2773 632 2880 684 utri
2915 635 3053 685 utris
3089 634 3473 689 successerint.
3507 633 3673 703 117

2087 722 2291 776 Eadem
2342 723 2512 787 enim,
2563 733 2623 776 ut
2669 723 2932 790 diximus,
2973 731 3131 778 aetate
3179 726 3456 788 vixerunt,
3508 733 3562 778 et
3615 726 3670 778 in

2089 815 2282 869 iisdem
2337 815 2687 884 dogmatibus
2746 824 2874 871 sunt
2927 816 3390 886 Opinionibusque
3447 819 3670 872 versati.

2089 905 2264 975 Atque
2299 905 2375 958 illi
2399 906 2617 975 quidem
2650 922 2758 960 non
2790 923 2820 960 a
2851 907 3090 971 Christo,
3125 924 3300 976 neque
3323 909 3390 960 ah
3415 905 3545 961 Jesu
3571 924 3673 961 n0;

2089 1016 2215 1054 men
2249 1010 2602 1068 acceperunt,
2638 1001 2732 1054 sed
2767 1018 2822 1054 se
2857 999 3147 1054 Nazarazos
3190 1001 3554 1069 appellarunt.
3590 998 3680 1052 Si-

2092 1092 2308 1161 quidem
2353 1092 2653 1146 Christiani
2702 1100 2814 1145 tum
2871 1108 3061 1146 omnes
3114 1091 3356 1145 Nazarzei
3404 1092 3680 1145 vocahan-

2094 1195 2204 1239 tur.
2253 1184 2577 1254 Quanquam
2626 1200 2724 1254 pro
2772 1187 2968 1256 exiguo
3013 1193 3288 1253 tempore,
3346 1183 3677 1238 Jesszeorum

2093 1293 2259 1348 penes
2313 1278 2435 1330 illos
2476 1292 2676 1330 nomen
2736 1278 2960 1342 resedit,
3023 1285 3316 1345 antequam
3375 1275 3678 1330 Christiani

2093 1370 2399 1424 Antiochia:
2438 1370 2713 1424 nominari
2760 1371 3049 1439 coeperint.
3096 1370 3173 1423 Ae
3199 1367 3408 1429 Jesszei,
3458 1376 3516 1421 ut
3561 1371 3679 1437 epi-

2094 1478 2215 1526 nor,
2256 1464 2323 1516 ah
2355 1461 2509 1517 Jesse
2547 1462 2751 1515 vocati.
2777 1471 2926 1514 sunt;
2956 1461 3126 1514 David
3172 1461 3313 1514 enim
3351 1459 3682 1529 Jesseﬁlius

2094 1563 2234 1617 erat,
2267 1569 2297 1607 a
2329 1569 2439 1624 quo
2465 1555 2682 1624 generis
2713 1554 3034 1606 continuata
3076 1553 3218 1606 serie
3245 1550 3412 1604 Maria
3435 1553 3679 1622 prodiit;

2097 1646 2156 1699 in
2198 1662 2376 1716 eoque
2435 1646 2734 1716 Scriptura:
2780 1661 2954 1698 sacrae
3001 1645 3323 1697 vaticinium
3365 1643 3432 1696 ad
3473 1645 3680 1696 exitum

2099 1740 2422 1807 perductum
2459 1747 2564 1801 est,
2611 1752 2735 1790 eum
2782 1737 2836 1789 in
2873 1735 3068 1791 Vetere
3104 1735 3458 1790 Testamento
3488 1737 3678 1790 Davidi

2027 1843 2067 1897 Β
2099 1827 2362 1885 Dominus
2415 1829 2517 1883 ista
2566 1830 2942 1898 respondisset
2982 1828 3104 1882 :De
3146 1830 3322 1897 [ructu
3362 1836 3554 1882 ventris
3603 1822 3688 1882 tui

2099 1938 2292 1990 ponam
2318 1937 2474 1989 super
2507 1921 2679 1973 sedem
2717 1931 2861 1973 tuam
2887 1921 2928 1973 ¹.

2172 2015 2236 2068 ιι.
2277 2013 2383 2067 Sed
2413 2014 2546 2068 illud
2571 2014 2622 2066 in
2648 2014 2878 2084 singulis
2908 2013 3206 2084 Scriptura:
3241 2013 3424 2068 verbis
3451 2012 3683 2068 afferen-

2101 2105 2185 2160 dis
2225 2105 2403 2159 vereri
2449 2103 2582 2157 mihi
2617 2104 2910 2168 succurrit,
2953 2104 3020 2157 de
3063 2120 3172 2175 quo
3209 2104 3405 2172 sacpius
3441 2118 3685 2158 commo-

2101 2212 2234 2251 nere
2265 2197 2435 2263 soleo,
2483 2212 2552 2251 ne
2584 2196 2713 2249 dum
2752 2211 2867 2258 eas,
2904 2211 3024 2264 quae
3055 2197 3241 2251 verbis
3287 2197 3424 2266 ipsis
3469 2195 3683 2258 insunt,

2104 2289 2404 2343 sententias
2449 2289 2754 2357 expendere
2792 2288 3037 2343 veritatis
3070 2289 3310 2342 studium
3357 2289 3523 2360 cogit,
3563 2289 3688 2341 [οη-

2103 2381 2225 2450 gius
2257 2395 2419 2448 quam
2453 2395 2550 2449 par
2581 2380 2654 2433 sit
2692 2379 2925 2433 instituti
2957 2380 3129 2434 moles
3159 2382 3344 2449 operis
3380 2388 3683 2434 excrescat.

2104 2472 2241 2524 Cum
2278 2472 2439 2541 igitur
2466 2470 2732 2524 Dominus
2762 2470 2952 2524 Davidi
2986 2470 3217 2525 dixerit:
3250 2472 3326 2526 De
3352 2475 3530 2540 [ructu
3566 2487 3689 2524 uen-

2109 2563 2207 2616 tris
2245 2564 2321 2615 tui
2362 2578 2555 2630 ponam
2583 2577 2739 2628 super
2770 2561 2943 2616 sedem
2965 2573 3146 2626 tuam;
3181 2572 3235 2616 et
3274 2565 3438 2617 illud:
3475 2563 3690 2617 Juravit

2105 2655 2364 2708 Dominus
2393 2653 2584 2716 David,
2621 2663 2669 2707 et
2695 2671 2796 2707 non
2817 2653 3083 2721 paenitebit
3107 2657 3295 2719 eum”;
3329 2653 3680 2707 manifestum

2106 2755 2192 2802 est
2240 2746 2333 2801 Dei
2370 2748 2790 2816 promissionem
2847 2748 3091 2800 revocari
3126 2763 3234 2799 non
3277 2763 3458 2815 posse.
3516 2747 3694 2814 Atque

2109 2840 2162 2894 in
2209 2841 2400 2908 primis
2432 2841 2820 2908 jusjurandum
2886 2839 3018 2892 illud
3072 2839 3217 2909 quod
3259 2840 3368 2893 Deo
3407 2841 3691 2901 tribuitur,

2109 2932 2369 3001 quidnam
2402 2931 2679 2991 estaliud,
2717 2931 2819 2983 nisi
2855 2931 3000 2985 istud
3033 2932 3230 3000 ipsum,
3269 2934 3412 3001 quod
3446 2933 3574 2987 alibi
3602 2933 3690 2986 di—

2111 3024 2289 3077 citur:
2349 3021 2453 3076 Per
2501 3023 2862 3089 memetipsum
2902 3023 3107 3090 juravi,
3155 3023 3284 3077 dicit
3345 3025 3697 3082 Dominus“!

2112 3113 2298 3182 Neque
2342 3114 2487 3167 enim
2531 3129 2628 3182 per
2686 3112 2948 3182 majorem
3002 3115 3240 3184 aliquem
3290 3117 3685 3186 jusjurandum

427 3196 560 3250 Μεθ’
593 3198 755 3266 ὅρκου
790 3196 896 3266 γὰρ
925 3193 1104 3264 ὤμοσε
1136 3193 1336 3265 Κύριος
1374 3192 1450 3262 τῷ
1506 3191 1689 3254 Δαὸὶδ,
1741 3190 1834 3243 Ἐκ
1875 3208 2001 3261 καρ-

2115 3203 2259 3259 Deus
2289 3205 2546 3274 concipit,
2597 3205 2688 3259 sed
2731 3222 2832 3259 nec
2859 3207 3011 3275 jurat
3049 3207 3267 3276 quidem
3305 3211 3552 3264 omnino.
3587 3211 3695 3266 Sed

430 3287 533 3341 ποῦ
584 3288 682 3357 τῆς
752 3287 962 3348 κοιλίας
1031 3286 1215 3356 θήσειν
1282 3285 1373 3336 ἐπὶ
1425 3284 1516 3336 τὸν
1572 3284 1760 3356 θρόνον
1820 3283 2006 3336 αὑτοῦ.

431 3380 787 3453 Μαρτυροῦσι
815 3380 871 3432 δὲ
895 3381 944 3432 οἰ
973 3379 1279 3443 ἀπόστολοι,
1315 3381 1395 3432 ὅτι
1425 3381 1487 3432 ἐκ
1517 3379 1829 3450 σπέρματος
1849 3378 2011 3430 Δαϐὶδ

429 3475 535 3527 ἔδει
586 3473 678 3527 τὸν
727 3471 962 3542 Χριστὸν
1007 3471 1351 3542 γεννηθῆναι·
1381 3471 1570 3544 ὥσπερ
1599 3469 1691 3524 οὖν
1722 3472 1814 3524 καὶ
1861 3473 2011 3538 ἐγεν-

429 3566 566 3638 νήθη
606 3567 634 3616 ὁ
673 3563 876 3634 Κύριος
920 3563 1077 3634 ἡμῶν
1135 3563 1342 3634 Ἰησοῦς
1373 3563 1629 3635 Χριστός.
1672 3564 1912 3634 Παρὴσω
1955 3563 2011 3614 δὲ

425 3656 486 3708 τὸ
515 3654 719 3726 πλῆθος
750 3655 858 3706 τῶν
891 3655 1228 3725 μαρτυρίων,
1263 3654 1349 3707 ἵνα
1389 3656 1462 3726 μὴ
1509 3656 1588 3718 εἰς
1639 3654 1806 3708 πολὺν
1850 3655 2013 3723 ὄγκον

426 3749 619 3816 ἀγάγω
658 3748 747 3799 τὸν
784 3747 958 3815 λόγον,
995 3747 1069 3810 ὥς
1118 3764 1181 3815 γε
1213 3749 1494 3816 προεῖπον.
1547 3746 1705 3800 Εἴποι
1755 3747 1798 3799 δ’
1829 3749 1894 3800 ἄν
1928 3763 2010 3809 τις

429 3839 558 3901 ἴσως
579 3860 591 3873 ο
623 3839 730 3890 Τοῦ
760 3838 996 3910 Χριστοῦ
1029 3838 1380 3910 γεννηθέντος
1407 3841 1472 3890 ὲκ
1502 3839 1817 3910 σπέρματος
1849 3840 2012 3892 Δαϐὶδ

427 3933 568 3986 κατὰ
600 3933 797 4003 σάρκα,
824 3932 1103 3985 τουτέστιν
1141 3932 1247 3984 ἀπὸ
1275 3933 1372 4002 τῆς
1398 3931 1558 4001 ἁγίας
1589 3932 1858 4003 παρθένου
1891 3934 2010 3984 Μα-

431 4025 570 4096 ρίας,
598 4025 702 4076 τίνι
730 4024 964 4094 τῷλόγῳ
982 4024 1074 4076 ἐπὶ
1097 4023 1189 4077 τοῦ
1211 4023 1400 4094 θρόνου
1419 4024 1584 4077 Δαϐὶδ
1604 4025 1664 4076 οὐ
1690 4023 2007 4088 καθέζεται;

429 4114 663 4171 ’Ἦλθον
687 4117 818 4186 γὰρ,
877 4119 1014 4186 φησὶ
1057 4117 1118 4169 τὸ
1162 4117 1530 4185 Εὐαγγέλιον,
1576 4117 1782 4186 χρῖσαι
1827 4117 2012 4170 αὑτὸν

431 4211 516 4276 εὶς
545 4208 843 4272 βασιλέα·
887 4210 980 4261 καὶ
1009 4209 1171 4276 γνοὺς
1214 4207 1551 4280 ἀνεχώρησε,
1584 4209 1676 4262 καί
1715 4209 1922 4280 ἐκρύϐη
1953 4211 2010 4262 ἐν

443 4301 683 4372 Ἐφραῖμ
711 4301 862 4354 πόλει
895 4302 997 4372 τῆς
1026 4303 1258 4372 ἐρήμου.
1307 4303 1617 4365 Φθάσαντες
1646 4303 1702 4355 δὲ
1732 4304 1891 4372 ἡμεῖς
1920 4303 2012 4355 ἐπὶ

427 4395 520 4447 τὸν
553 4395 714 4447 τόπον
754 4393 848 4446 τοῦ
904 4393 1066 4464 ῥητοῦ
1105 4395 1317 4460 τούτου,
1352 4394 1445 4448 καὶ
1491 4392 1834 4465 ἐρωτώμενοι
1881 4397 2010 4466 περὶ

428 4487 528 4556 τῆς
563 4487 868 4558 μαρτυρίας
902 4487 1107 4557 ταύτης
1156 4488 1248 4540 καὶ
1279 4487 1378 4558 τῆς
1417 4486 1745 4550 ὑποθέσεως,
1792 4488 1873 4539 ὅτι
1906 4488 2010 4540 τίνι

2113 3311 2174 3350 ea
2231 3294 2488 3364 loquendi
2549 3298 2688 3351 ratio
2723 3297 2788 3350 ad
2837 3298 3192 3352 astruendam
3248 3301 3325 3353 rei
3381 3302 3698 3358 ﬁrmitatem

2114 3388 2368 3457 pertinet.
2384 3385 2517 3440 Nam
2545 3387 2731 3441 Davidi
2747 3389 3108 3458 jurejurando
3128 3392 3379 3460 promisit
3398 3393 3690 3449 Dominus:

2113 3478 2187 3533 De
2224 3480 2406 3533 l‘ruetu
2440 3481 2645 3534 ventris
2681 3480 2854 3550 ipsius
2895 3497 3060 3550 super
3113 3483 3295 3536 sedem
3331 3483 3451 3552 ejus
3479 3501 3536 3539 se
3575 3502 3698 3540 esse

2113 3573 2447 3642 positurum.
2489 3572 2566 3626 Ita
2597 3588 2763 3642 porro
2797 3581 3071 3629 testantur
3091 3577 3344 3644 apostoli,
3373 3576 3440 3630 de
3471 3576 3696 3633 Davidis

2113 3664 2280 3732 Stirpe
2316 3663 2470 3717 nasci
2505 3661 2782 3718 Christum
2819 3667 3167 3735 oportuisse:
3203 3668 3276 3721 uti
3315 3684 3502 3722 revera
3533 3668 3697 3725 .Iesus

2111 3755 2364 3810 Christus
2415 3755 2680 3810 Dominus
2737 3765 2927 3812 noster
2969 3759 3208 3814 indidem
3261 3761 3529 3815 oriundus
3589 3773 3694 3816 est.

2115 3845 2314 3901 Verum
2353 3863 2454 3918 ego
2478 3863 2547 3902 ne
2581 3849 2952 3918 prolixiorem,
2986 3862 3046 3904 ut
3075 3859 3200 3904 ante
3223 3851 3358 3915 dixi,
3389 3867 3700 3910 sermonem

2113 3939 2440 4003 instituam,
2508 3941 2946 3995 testimoniorum
3015 3945 3409 4011 amplissimam
3479 3947 3696 4014 'copiam

2112 4033 2488 4102 praetermitto.
2541 4031 2781 4098 Atenim,
2833 4034 2977 4086 dicat
3011 4032 3237 4104 aliquis,
3269 4035 3404 4088 Cum
3435 4053 3500 4090 ex
3538 4037 3698 4090 Davi-

2114 4123 2198 4176 dis
2231 4125 2422 4191 stirpe,
2459 4131 2732 4192 quatenus
2771 4140 2936 4178 carne
2985 4132 3221 4187 constat,
3270 4137 3591 4196 procreatus
3625 4129 3700 4186 sil

2114 4214 2389 4275 Christus,
2422 4213 2526 4267 hoc
2555 4223 2660 4277 est,
2693 4230 2723 4269 e
2756 4216 2909 4269 beata
2947 4213 3172 4285 Virgine
3215 4215 3404 4282 Maria,
3450 4218 3580 4287 quid
3621 4219 3698 4274 ita

2116 4307 2337 4360 tandem
2369 4307 2420 4359 in
2449 4304 2670 4360 Davidis
2692 4305 2828 4360 solio
2855 4306 3079 4360 minime
3110 4308 3399 4362 consedit?
3436 4308 3699 4368 Venerunt

2112 4399 2272 4461 enim,
2305 4399 2380 4450 ait
2413 4397 2863 4465 Evangelium,ut
2885 4398 3054 4464 ipsum
3080 4409 3328 4468 ungerent
3359 4402 3414 4453 in
3446 4418 3613 4471 regem
3638 4401 3692 4461 ις

2114 4500 2168 4545 et
2197 4506 2319 4543 cum
2355 4477 2720 4560 cognovisset,
2754 4495 3004 4558 recessit,
3038 4499 3200 4560 atque
3233 4493 3698 4564 Ephraimi,quod

429 4577 507 4646 τῷ
535 4578 676 4650 λόγῳ
717 4580 854 4632 κατὰ
886 4579 946 4632 τὸ
983 4579 1244 4652 σαρκικὸν
1291 4581 1352 4633 οὐ
1404 4581 1760 4651 πεπλήρωται
1795 4581 1886 4633 ἐπὶ
1921 4582 2001 4634 τὸν

2115 4584 2372 4654 oppidum
2409 4583 2462 4637 in
2499 4584 2717 4637 deserto
2746 4584 2908 4638 situm
2936 4592 3038 4646 est,
3067 4585 3304 4640 delituit.
3339 4585 3528 4656 Itaque
3560 4603 3701 4656 quo-

429 4669 656 4738 Σωτῆρα
685 4669 746 4722 τὸ
780 4669 997 4723 καθίσαι
1027 4670 1119 4721 ἐπὶ
1165 4670 1254 4723 τὸν
1298 4667 1485 4740 θρόνον
1513 4668 1696 4722 Δαϐίδ·
1747 4669 2007 4739 ἐνομίσθη

427 4759 536 4829 γάρ
569 4759 724 4812 τοῦτὸ
769 4777 880 4813 τισι
935 4760 1010 4831 μὴ
1060 4759 1494 4830 πεπληρῶσθαι’
1544 4760 1695 4829 ὅμως
1738 4760 1814 4822 ὡς
1863 4760 2010 4813 ἐστιν

427 4851 678 4922 ἐροῦμεν.
733 4853 973 4922 Οὐδεμία
1027 4855 1136 4925 γὰρ
1184 4852 1330 4919 λέξις
1373 4852 1475 4923 τῆς
1519 4853 1682 4922 ἁγίας
1729 4853 1833 4906 τοῦ
1872 4853 2008 4905 Θεοῦ

427 4948 649 5018 Γραφῆς
682 4948 984 5001 διαπίπτει.

2111 4677 2256 4729 niam
2295 4682 2604 4744 opportune
2645 4674 2710 4728 ad
2747 4675 2911 4744 hujus
2957 4677 3257 4745 evangelici
3295 4677 3427 4730 dicti
3462 4681 3697 4733 mentio-

2109 4783 2234 4820 nem
2283 4782 2475 4821 sumus
2523 4767 2757 4836 delapsi,
2806 4768 2983 4836 deque
3033 4768 3304 4836 ejusmodi
3359 4773 3696 4829 testimonio.

2108 4866 2539 4929 argumentoque
2587 4867 2715 4913 nata
2745 4860 2974 4930 qmestio
3013 4868 3118 4923 est,
3169 4876 3269 4913 cur
3301 4863 3513 4915 scilicet
3552 4860 3697 4931 quod

2108 4964 2137 5001 a
2171 4950 2437 5019 propheta
2469 4951 2794 5021 praedictum
2826 4951 3024 5020 fuerat,
3064 4953 3227 5022 118
3267 4953 3322 5007 in
3358 4951 3582 5007 Davidis
3611 4967 3699 5006 so-

501 5133 516 5162 ¹
545 5130 689 5186 Psal.
721 5105 1022 5198 curua“.
1102 5132 1121 5161 ⁸
1151 5129 1294 5185 Psal.
1324 5143 1440 5194 cxx,
1471 5130 1524 5184 4.
1605 5129 1626 5160 ³
1663 5128 1796 5184 Gen.
1829 5145 1964 5193 χχιι,

2166 5129 2188 5160 δ
2211 5127 2369 5183 Joan.
2405 5145 2480 5195 vt,
2514 5130 2600 5183 15.

431 5286 795 5356 Hieronymus
825 5285 996 5354 Epist.
1022 5285 1090 5338 ad
1117 5284 1338 5356 August.
1360 5300 1377 5337 :
1397 5283 1735 5354 Usquejhodie
1754 5299 1846 5352 per
1864 5293 2003 5337 totas

431 5353 1008 5426 OrientisSynagogas
1051 5353 1211 5426 inter“
1233 5353 1453 5409 Judwos
1485 5353 1706 5408 haeresis
1739 5365 1838 5416 est,
1876 5371 2004 5426 qua:

426 5431 619 5480 dicitur
640 5425 982 5490 Minazoruin,
1013 5436 1061 5479 et
1095 5444 1128 5479 a
1157 5425 1448 5479 Phariswis
1483 5441 1620 5478 nunc
1653 5442 1816 5494 usque
1851 5425 2029 5494 dam--

427 5511 606 5560 natur,
633 5514 760 5565 quos
793 5498 942 5564 vulgo
975 5495 1270 5564 Nazara’os
1299 5507 1618 5563 nuncupant,
1652 5498 1740 5564 qui
1767 5493 1995 5565 credunt

425 5572 482 5622 in
515 5563 783 5622 Christum
811 5563 1013 5620 Filium
1055 5568 1170 5630 Dei,
1195 5575 1302 5620 etc.
1334 5567 1435 5620 Sed
1458 5566 1584 5617 dum
1613 5563 1790 5618 volunt
1821 5575 1867 5617 et
1899 5563 2000 5616 Ju-

427 5639 530 5691 dwi
562 5654 694 5702 esse,
729 5646 776 5689 et
823 5637 1133 5692 Christiani.
1172 5654 1260 5690 nec
1316 5637 1495 5690 Judwi
1536 5647 1678 5698 sunt,
1717 5653 1806 5689 nec
1841 5633 1999 5689 Chri-

425 5709 608 5764 stiani.
648 5711 787 5776 Ergo
822 5707 1064 5762 Nazaraei
1096 5707 1409 5761 Christiano
1454 5723 1512 5761 se
1554 5708 1774 5761 nomine
1804 5706 1997 5758 vendi-

427 5780 639 5835 tabant.
688 5777 883 5836 Fuisse
921 5795 1052 5834 vero
1085 5779 1180 5849 qui
1219 5781 1272 5834 in
1309 5792 1459 5834 mero
1493 5777 1776 5833 Judaismo
1805 5777 2003 5848 ιιι-ωειλ

2112 5300 2276 5354 puam
2310 5285 2605 5355 quamdam
2655 5286 2848 5340 eodem
2896 5286 3116 5341 nomine
3161 5294 3364 5342 sectam
3396 5287 3701 5340 constitue-

2111 5367 2254 5415 rent,
2289 5361 2356 5410 ab
2390 5372 2499 5409 uno
2536 5357 2842 5425 Epiphanio
2874 5356 3189 5410 didicimus.
3230 5357 3303 5410 De
3344 5357 3534 5410 iisdem
3584 5359 3696 5424 agit

2109 5427 2452 5496 Augustinus
2501 5427 2596 5480 lih.
2642 5443 2656 5480 ι
2703 5437 2890 5478 contra
2939 5426 3280 5481 Cresconium
3310 5442 3433 5496 cap.
3481 5428 3540 5480 5|
3575 5445 3588 5480 :
3629 5427 3696 5478 Et

2110 5513 2247 5550 nunc
2277 5509 2397 5550 sunt
2426 5497 2643 5566 quidam
2665 5497 2920 5557 haeretici,
2942 5499 3030 5566 qui
3060 5515 3114 5550 se
3146 5496 3460 5550 Nazarenos
3488 5508 3693 5562 vocant,

2110 5585 2140 5620 a
2173 5567 2442 5621 nonnullis
2477 5580 2653 5620 autent
2687 5569 3087 5636 Symmachiani
3118 5568 3477 5637 appellantur,
3510 5577 3559 5621 et
3591 5570 3696 5620 cir-

2109 5640 2481 5692 cumcisionem
2516 5639 2705 5693 habent
2732 5637 3069 5703 Jndworum,
3097 5651 3145 5692 et
3187 5639 3508 5707 baptismum
3537 5637 3696 5694 Chri-

2109 5713 2406 5764 stianorum
2417 5749 2429 5763 .
