4170 6372
485 305 582 361 391

1887 314 1944 369 S.
1987 314 2331 370 ΕΙἸΡΗΑΝΙΙ

3630 321 3737 376 592

481 423 558 480 lio
581 428 1110 479 consessurum'esse
1126 417 1426 492 Christum,
1451 442 1560 482 non
1584 429 1653 484 sit
1677 428 1732 484 in
1754 429 2058 495 Salvatore,
2101 435 2248 504 quod
2277 435 2343 488 ad
2366 449 2586 489 carnem
2640 436 2897 504 pertinet,
2929 437 3224 506 aliquando
3258 437 3583 507 perfectum.
3626 437 3742 494 Hoc

481 517 624 570 enim
655 525 781 571 sunt
808 517 898 587 qui
942 527 1137 586 negent
1168 519 1450 588 impletum
1482 520 1687 588 fuisse;
1724 537 1824 578 nos
1865 531 2045 580 tamen
2087 528 2244 596 plane
2272 528 2346 581 ita
2375 528 2676 598 contigisse
2727 530 3178 584 monstrabimus.
3223 531 3381 583 Nulla
3439 531 3586 584 enim
3653 531 3742 587 vel

483 612 708 665 minima
734 613 933 666 divina:
965 613 1262 683 Scriptura:
1299 616 1468 670 dictio
1501 625 1681 686 potest
1708 619 1983 674 excidere.

555 705 637 757 Ill.
666 707 936 772 Quocirca
967 709 1198 761 thronus
1217 709 1305 763 ille
1332 709 1552 765 Davidis
1577 727 1640 766 ac
1661 713 1839 782 regale
1860 714 2042 767 soliun'

2235 713 2310 765 I".
2347 710 2546 782 Θρόνος
2575 711 2685 780 γὰρ
2699 709 2864 762 Δαὸὶδ
2899 710 2992 762 καὶ
3021 709 3272 781 βασιλικὴ
3299 709 3428 779 ἕδρα
3456 712 3603 765 ἐστὶν
3629 716 3661 784 ἡ
3683 717 3743 769 ὲν

486 798 620 851 nihil
643 800 786 854 aliud
822 809 926 860 est,
960 815 1121 868 quam
1155 799 1411 854 Ecclesia:
1438 812 1641 856 sanctae
1668 803 2055 866 sacerdotium,

485 891 632 958 quod
665 891 812 960 regia
845 892 1007 945 simul
1063 907 1126 945 ac
1161 893 1442 962 pontificia
1482 895 1745 962 dignitate
1785 895 1840 947 in
1888 911 2054 948 unum

484 972 765 1035 coiitracta
789 983 838 1035 ei
871 982 1130 1037 Dominus
1159 984 1427 1048 attribuit,
1455 999 1518 1037 ac
1549 983 1768 1038 Davidis
1789 994 2054 1039 aeternum

483 1073 639 1136 illud,
671 1089 848 1142 neque
878 1075 1182 1142 periturum
1217 1091 1456 1144 unquam
1489 1077 1688 1129 solium
1726 1077 1778 1128 in
1811 1076 2055 1129 eamdem

481 1167 734 1219 contulit.
761 1166 874 1220 lllic
903 1170 1049 1220 enim
1082 1168 1339 1222 Davidica
1366 1169 1525 1222 sedes
1557 1175 1820 1238 perpetua
1845 1184 2060 1222 succes—

482 1258 637 1311 sione
671 1259 738 1311 ad
767 1257 1045 1312 Christum
1073 1276 1245 1327 usque
1278 1261 1600 1328 permansit,
1627 1275 1749 1313 cum
1779 1261 1926 1313 nullo
1954 1275 2057 1313 un-

479 1368 643 1421 quam
709 1359 954 1420 tempore
998 1353 1065 1407 de
1108 1352 1262 1407 Judte
1321 1353 1468 1407 tribu
1527 1355 1798 1422 principes
1855 1352 2057 1407 desiis-

479 1451 635 1509 sent;
682 1443 857 1498 donec
905 1443 998 1499 ille
1041 1446 1189 1499 venit
1223 1447 1308 1498 cui
1342 1446 1570 1514 reposita
1607 1454 1778 1498 erant.
1821 1443 1888 1497 Et
1926 1445 2056 1512 ipse,

478 1536 674 1604 inquit,
715 1537 1029 1604 exspectatio
1078 1537 1307 1605 gentium
1336 1541 1374 1591 '.
1434 1537 1645 1591 Etenim
1694 1537 1798 1591 sub
1854 1537 2058 1590 adven-

477 1637 594 1681 tum
642 1628 847 1683 Christi
889 1627 1103 1683 Domini
1146 1631 1310 1684 desiit
1348 1631 1416 1685 de
1461 1631 1604 1685 tribu
1649 1629 1801 1686 Judae
1847 1632 2055 1700 princi-

476 1736 606 1790 pum
671 1721 761 1774 illa
813 1722 1160 1784 succcessio,
1217 1723 1310 1790 qui
1373 1721 1441 1775 ad
1505 1723 1558 1775 id
1616 1738 1790 1791 usque
1841 1731 2056 1792 tempus

475 1812 663 1883 populi
721 1813 890 1867 duces
937 1811 1174 1867 fuerant.
1228 1813 1364 1866 Nam
1411 1824 1524 1867 tum
1587 1814 1681 1866 illa
1741 1813 1913 1868 series
1973 1813 2060 1866 in-

547 1973 564 2003 ¹
596 1970 732 2026 Gen.
759 1987 907 2035 nix,
942 1971 1009 2026 10

2162 806 2229 873 τῇ
2259 802 2392 873 ἁγίᾳ
2437 801 2731 872 Ἐκκλησία
2780 800 3066 871 ἱερωσύνη,
3106 803 3242 871 ὅπερ
3283 801 3498 872 ἀξίωμα
3535 804 3742 872 βασιλι-

2165 895 2256 948 κόν
2281 911 2340 946 τε
2382 895 2473 946 καὶ
2495 891 2878 964 ἀρχιερατικὸν
2909 893 3043 962 ὁμοῦ
3079 893 3172 944 ἐπὶ
3196 893 3254 944 τὸ
3273 894 3404 946 αὐτὸ
3440 896 3680 961 συνάψας
3713 902 3741 950 ὁ

2164 986 2367 1057 Κύριος
2417 985 2712 1055 δεδώρηται
2750 987 2817 1054 τῇ
2875 985 3006 1053 ἁγίᾳ
3061 983 3227 1037 αὑτοῦ
3291 985 3604 1056 Ἐκκλησία,
3648 987 3740 1039 τὸν

2163 1080 2350 1150 θρόνον
2389 1078 2711 1149 μεταγαγὼν
2763 1080 2820 1129 ὲν
2855 1079 2990 1147 αὐτῇ
3033 1079 3122 1130 τὸν
3159 1079 3250 1132 τοῦ
3307 1080 3470 1132 Δαϐὶδ
3507 1079 3580 1150 μὴ
3625 1081 3740 1133 δια-

2162 1171 2416 1225 λείποντα
2463 1173 2542 1233 είς
2591 1170 2682 1222 τὸν
2733 1169 2926 1223 αἰῶνα.
2974 1170 3180 1222 Ἐκεῖσε
3227 1171 3335 1242 γὰρ
3385 1173 3525 1224 κατὰ
3565 1173 3740 1225 διαδο-

2163 1262 2262 1332 χὴν
2299 1262 2410 1329 (98)
2470 1261 2723 1331 διήρκεσε
2781 1261 2970 1330 Θρόνος
3023 1260 3204 1324 Δαϐὶδ,
3262 1262 3366 1324 ἕως
3423 1264 3588 1316 αὑτοῦ
3643 1263 3737 1316 τοῦ

2162 1352 2421 1424 Χριστοῦ,
2460 1354 2533 1424 μὴ
2572 1352 2952 1405 διαλειπόντων
2995 1353 3104 1405 τῶν
3138 1353 3197 1416 ἐξ
3243 1353 3412 1406 Ἰούδα
3438 1355 3734 1424 ἀρχόντων,

2162 1445 2264 1506 ἕως
2297 1441 2458 1514 ἦλθεν
2486 1437 2533 1509 ᾧ
2569 1444 2639 1496 τὰ
2665 1444 3025 1512 ἀποκείμενα
3056 1440 3154 1512 ἦν.
3192 1446 3302 1498 Καὶ
3339 1445 3521 1510 αὐτὸς
3550 1460 3736 1512 προσ-

2160 1536 2332 1589 δοκία
2351 1535 2559 1596 ἐθνῶν,
2591 1535 2771 1605 φησίν.
2802 1535 3034 1604 Ἔληξαν
3065 1537 3171 1607 γὰρ
3203 1539 3260 1588 ἐν
3283 1539 3346 1607 τῇ
3382 1535 3475 1589 τοῦ
3498 1535 3733 1605 Χριστοῦ

2163 1628 2435 1699 παρουσίᾳ
2478 1629 2524 1679 οἱ
2573 1628 2710 1680 κατὰ
2744 1627 2992 1696 διαδοχὴν
3025 1628 3084 1690 ἐξ
3127 1627 3295 1681 Ἰούδα
3325 1629 3601 1698 ἄρχοντες,
3631 1628 3736 1690 ἕως

2163 1719 2326 1772 αὑτοῦ
2399 1718 2492 1772 τοῦ
2571 1717 2808 1788 Χριστοῦ
2875 1719 3190 1787 ἡγούμενοι.
3248 1718 3474 1771 Διὲπεσε
3534 1718 3641 1790 γὰρ
3699 1721 3732 1789 ή

2161 1812 2314 1878 τάξις
2344 1811 2479 1882 (99),
2521 1811 2616 1863 καὶ
2649 1809 2799 1880 ἔστη,
2839 1810 2988 1876 ἐξότε
3029 1812 3193 1875 αὐτὸς
3240 1814 3496 1880 γεννᾶται
3525 1815 3583 1866 ὲν
3628 1811 3734 1885 Βη-

545 2129 657 2198 (98)
708 2128 934 2182 Ἐκεῗσε
975 2126 1094 2198 γὰρ,
1138 2124 1298 2198 κατὰ.
1340 2121 1650 2198 διαδοχήν.
1721 2119 1930 2198 T_ritam
1988 2133 2042 2173 ac

2154 2134 2285 2198 nere
2318 2119 2550 2198 videtur.
2577 2117 2796 2198 Eano
2829 2134 3173 2198 consequens
3200 2128 3303 2198 est,
3339 2122 3392 2176 in
3423 2123 3732 2179 Alexandro

473 2193 752 2256 vulgarem
789 2200 855 2252 de
893 2193 1098 2250 ora—culi
1153 2195 1388 2249 Jacobzei
1425 2193 1879 2262 interpretatione
1919 2206 2048 2262 sen-

473 2272 700 2326 tentiam
753 2270 996 2337 sequitur
1036 2266 1405 2337 Epiphanius.
1435 2260 1702 2337 Quae—cst
1750 2260 2045 2337 ejusmodi,

477 2354 753 2406 nunquam
784 2355 814 2392 e
835 2331 990 2390 'tribtt
1028 2331 1164 2390 Juda
1205 2336 1481 2404 principes
1500 2332 1833 2406 defuturos,
1859 2331 2048 2406 donec

471 2401 1065 2481 Christusiadvenirct,
1100 2401 1332 2481 hoc—est,
1365 2401 1467 2481 sub
1499 2403 1675 2481 ipsum
1709 2401 1921 2456 Messias
1952 2402 2046 2481 afl-

472 2490 695 2535 vcntum
724 2480 997 2532 desituros
1034 2477 1330 2545 principes,
1362 2475 1456 2544 qtti
1514 2471 1777 2545 hactenus
1822 2487 1852 2525 e
1885 2471 2044 2545 tribu

470 2549 611 2605 Jutla
663 2551 1007 2604 exstiterant.
1035 2541 1228 2611 'Quod—
1263 2547 1317 2598 in
1381 2541 1692 2597 Alexandro
1749 2541 2047 2608 contigisse

475 2630 663 2689 putat;
700 2621 789 2686 qui
814 2627 1122 2688 postremus
1162 2617 1339 2689 reegia
1389 2615 1477 2668 illa
1511 2613 1662 2666 Judte
1689 2612 1891 2689 familia
1922 2611 2042 2689 fuit.

472 2681 572 2743 ilui
629 2681 869 2743 Herodes
925 2681 1452 2749 successitfhomo
1512 2699 1686 2751 neque
1735 2681 1886 2735 Juda:
1949 2682 2046 2732 tri.

476 2761 641 2823 bulis,
675 2774 775 2812 nec
802 2759 1026 2811 omnino
1051 2756 1294 2814 Jndaaus,
1335 2757 1427 2808 sed
1454 2752 1742 2815 ldunuens,
1772 2760 1824 2803 et
1843 2752 2048 2823 alieni-

470 2845 608 2896 gena
630 2821 648 2882 9:
682 2838 805 2881 ante
835 2843 993 2896 quem
1019 2826 1111 2896 qui
1146 2827 1210 2896 de
1233 2825 1376 2878 tribu
1404 2823 1541 2876 Juda
1573 2824 1742 2896 citiini
1776 2821 2047 2896 principes

473 2893 707 2960 fuerant,
747 2893 911 2952 iidem
955 2907 1009 2950 et
1037 2893 1115 2948 ad
1155 2894 1449 2948 Leviticam
1497 2893 1842 2960 pertinebant
1879 2893 2044 2944 veluti

472 2969 867 3030 Machabaei,ac
896 2966 1156 3035 deinceps
1183 2965 1294 3018 alii.
1314 2963 1680 3035 Haecquidem
1709 2961 2045 3030 Epiphanius

469 3053 679 3094 veteres
716 3045 962 3093 secutus.
994 3034 1102 3090 Sed
1140 3039 1194 3088 in
1225 3037 1326 3088 hac
1363 3034 1622 3104 opinione
1655 3035 1826 3104 multa
1858 3040 1987 3104 sunt
2015 3047 2044 3084 a

470 3111 604 3162 viris
633 3109 809 3162 doctis
840 3108 967 3160 olim
999 3106 1372 3159 animadversa
1389 3101 1622 3173 [partim
1655 3101 1812 3164 falsa,
1847 3103 2043 3171 partim

468 3181 660 3242 dubia,
699 3188 752 3233 et
789 3179 1018 3230 incerta.
1052 3175 1266 3228 Falsum
1309 3182 1394 3228 est
1433 3174 1499 3225 ad
1540 3173 1820 3226 Christum
1873 3187 2046 3240 usque

473 3251 760 3302 Dominum
786 3247 1089 3315 imperasse
1119 3253 1278 3299 natos
1311 3260 1340 3298 e
1369 3246 1514 3297 tribu
1545 3242 1699 3296 Juda:
1733 3243 2043 3315 principes;

471 3336 595 3372 cum
627 3326 707 3371 tot
738 3313 897 3370 annis
933 3325 1115 3376 antea,
1149 3317 1258 3369 imo
1288 3315 1522 3375 saeculis,
1566 3315 1733 3381 stirps
1776 3313 1864 3365 illa
1895 3313 2042 3381 regia

469 3388 756 3442 defecerit.
811 3385 965 3450 Quod
1009 3401 1138 3439 vero
1183 3386 1236 3438 in
1287 3383 1615 3437 Machabaais
1666 3384 2040 3436 continuatam

2153 2191 2377 2245 minime
2401 2190 2637 2263 fatalem
2673 2192 2816 2263 illam
2864 2190 3076 2260 imperii
3115 2193 3439 2261 dignitatem
3484 2209 3547 2247 ac
3580 2206 3733 2263 pote-

2151 2268 2349 2313 statcm
2383 2261 2650 2324 desiisse;
2691 2262 2783 2314 sed
2839 2274 2960 2329 post
3019 2263 3227 2316 Christi
3284 2261 3623 2318 nativitatem
3674 2273 3732 2319 et

2150 2329 2383 2403 Herodis
2422 2332 2631 2403 obitum
2665 2332 2937 2400 exstingui
2984 2335 3240 2402 cmpisse,
3284 2335 3336 2387 in
3381 2335 3500 2403 ipso
3547 2343 3728 2389 autem

2150 2402 2304 2473 urbis
2338 2401 2552 2455 excidio
2583 2403 2826 2456 funditus
2849 2401 3102 2456 deletam.
3129 2404 3334 2458 Caetera
3366 2401 3509 2473 apud
3539 2403 3730 2460 Perre-

2149 2471 2290 2524 rium
2329 2481 2574 2524 nostrum
2610 2473 2794 2540 legito.

2221 2541 2332 2610 (99)
2370 2541 2617 2594 Διέπεσε
2651 2542 2762 2610 γὰρ
2794 2542 2832 2609 ἡ
2876 2541 3064 2608 τάξις.
3103 2542 3355 2609 Οιιιιξίιὶο
3395 2544 3462 2598 ab
3492 2543 3730 2614 Epipha-

2149 2610 2241 2664 nio
2287 2619 2600 2676 narrantur,
2657 2629 2833 2681 neque
2880 2628 3065 2667 secum
3099 2615 3410 2677 conterent;
3463 2610 3563 2667 nec
3597 2610 3726 2668 cum

2150 2681 2393 2736 historiae-
2430 2683 2533 2753 fide
2559 2684 2938 2753 consentiunt;
2964 2682 3356 2752 Legitimornm
3394 2686 3724 2753 principum.

2149 2752 2241 2819 qui
2271 2753 2339 2805 de
2383 2752 2528 2806 tribu
2564 2751 2718 2806 ludat
2755 2751 3095 2822 prodierant,
3139 2755 3334 2808 seriem
3383 2751 3728 2808 intercidisse

2146 2829 2322 2890 putat,
2353 2838 2474 2893 quo_
2499 2831 2741 2892 tempore
2777 2826 2885 2878 imo
2913 2823 3084 2887 ἐξότε,
3117 2824 3220 2877 hoc
3251 2833 3336 2878 cst
3368 2833 3723 2893 posteaquam

2146 2893 2407 2947 Christus
2446 2891 2784 2946 Bethleliemi
2819 2901 2979 2948 natus
3012 2903 3132 2948 est:
3168 2894 3332 2961 idque
3363 2895 3466 2947 sub
3488 2891 3724 2948 Alexan-

2145 2963 2246 3033 dro
2277 2964 2602 3030 contigisse;
2642 2967 2735 3032 qui
2772 2973 3085 3032 postremus
3116 2981 3182 3017 ex
3229 2966 3430 3017 illustri
3471 2979 3534 3018 ac
3577 2967 3725 3033 regia

2148 3032 2235 3103 illa
2286 3033 2489 3085 familia
2545 3033 2668 3095 fuit,
2715 3033 2944 3089 Herodis
2981 3043 3034 3087 et
3077 3035 3307 3103 Augusti
3363 3032 3722 3102 temporibus.

2145 3101 2277 3167 Quae
2305 3103 2490 3156 omnia
2525 3104 2838 3169 perturbata
2869 3116 3018 3166 sunt,
3046 3113 3099 3158 et
3125 3101 3505 3170 ἀσύγκλωστα.
3540 3105 3726 3158 Placet

2147 3174 2331 3240 itaque
2356 3172 2615 3239 liquidam
2653 3174 2871 3226 illorum
2904 3183 3209 3243 temporum
3242 3176 3509 3228 rationem
3535 3190 3602 3228 ex
3625 3173 3722 3228 Jo-

2146 3244 2316 3311 sepho
2346 3243 2578 3312 aliisque
2604 3243 2878 3312 colligere.

2220 3314 2408 3366 Simon
2445 3311 2692 3366 Jonathae
2731 3311 2794 3367 ac
2825 3313 2978 3368 Iuda:
3012 3313 3339 3368 Macchabaai
3387 3312 3558 3367 frater
3598 3311 3725 3366 Pto-

2145 3383 2317 3436 leinzei
2375 3383 2559 3452 generi
2619 3384 2835 3438 insidiis
2905 3387 3135 3438 mOritur
3195 3399 3339 3438 anno
3408 3384 3720 3438 Graecorum

468 3460 634 3524 hujus
666 3459 859 3512 seriem
893 3456 1188 3526 aflirmant;
1218 3457 1548 3526 eosdemque
1574 3462 1820 3526 materno
1849 3454 2038 3506 saltem
2069 3472 2110 3526 ε
2143 3468 2356 3506 CLxxvn
2382 3493 2397 3518 ,
2433 3452 2451 3504 Ι
2498 3452 2690 3526 Mach._
2713 3469 2844 3526 cap.
2874 3469 2986 3508 xvi.
3013 3457 3099 3517 14,
3151 3455 3244 3524 qui
3285 3464 3340 3508 et
3371 3452 3720 3526 _Sabbaticus

465 3523 666 3597 genere
696 3544 762 3580 ex
803 3527 893 3579 illa
925 3524 1078 3578 Juda:
1107 3526 1268 3597 tribu
1301 3524 1566 3578 oriundos
1612 3523 1783 3597 fuisse
1805 3540 1819 3588 ;
1841 3538 2037 3597 _neque

467 3591 654 3652 verum
686 3605 810 3661 est;
849 3611 1025 3663 neque
1055 3595 1123 3648 ad
1168 3611 1282 3647 rem
1319 3597 1574 3662 pertinet.
1612 3593 1666 3647 Id
1711 3591 1857 3660 quod
1906 3609 2034 3646 eru-

466 3669 580 3722 dite
600 3667 884 3720 Perrerius
911 3674 1096 3719 noster
1125 3666 1190 3718 ad
1219 3665 1369 3716 illum
1397 3663 1580 3717 Cenes.
1610 3664 1786 3716 locum
1813 3663 2038 3716 demon-

467 3746 626 3792 strat.
669 3737 838 3790 Multo
881 3737 1046 3804 igitur
1081 3736 1280 3797 verior,
1321 3742 1374 3788 et
1410 3733 1828 3804 Jacobiﬂverbis
1861 3735 2039 3800 aptior

463 3815 548 3861 est
603 3808 708 3862 ista
765 3802 1058 3868 sententia,
1094 3815 1153 3858 ut
1194 3821 1318 3858 cum
1366 3806 1543 3859 dixit:
1589 3802 1712 3856 Non
1768 3804 2039 3870 auferetur

465 3887 727 3946 sceptrum
758 3877 821 3930 de
865 3874 1031 3936 Iuda,
1071 3875 1365 3946 neque_dua:
1391 3874 1452 3927 de
1485 3876 1678 3943 femore
1703 3873 1837 3942 ejus,
1877 3874 2038 3926 donec

463 3943 636 4000 veniat
661 3949 757 4017 qui
782 3945 1064 3999 mittendus
1099 3943 1174 3998 est
1200 3943 1525 4017 (Gen._t_ttt.tx,
1562 3947 1691 4017 10);
1732 3947 1832 4017 hoc
1868 3958 2034 3996 unum

462 4019 614 4081 velit,
650 4014 773 4070 Non
804 4017 1091 4085 auferetur,
1123 4017 1228 4081 vel,
1271 4023 1328 4068 ut
1356 4014 1622 4069 Hebraice
1661 4015 1889 4083 legitur,
1930 4030 2036 4066 non

462 4089 682 4142 recedet
725 4100 1022 4155 sceptrum,
1075 4086 1188 4140 sive
1222 4087 1509 4155 imperium
1558 4101 1623 4139 ac
1669 4092 1935 4154 potestas,
1975 4085 2038 4137 de

459 4156 630 4223 Juda,
655 4158 758 4210 hoc
799 4166 884 4212 est
928 4172 957 4208 a
996 4157 1139 4209 tribu
1178 4155 1338 4218 Juda,
1365 4156 1696 4224 regioneque
1736 4155 1847 4214 illa,
1873 4169 2038 4224 quam

462 4229 516 4280 in
543 4228 813 4296 promissa
839 4237 984 4280 terra
1014 4228 1319 4295 occuparit,
1347 4228 1547 4294 cuique
1576 4241 1770 4296 nomen
1803 4225 2038 4296 dederit,

462 4305 522 4349 ut
545 4295 641 4366 per
670 4295 862 4350 Judain
895 4305 1005 4348 tam
1047 4299 1279 4366 populus
1315 4297 1430 4365 ipsa
1467 4297 1534 4349 ab
1573 4295 1709 4350 Jnda
1745 4295 2038 4366 oriundus,

462 4365 561 4418 aut
614 4368 958 4437 nominatus;
1009 4365 1172 4435 quam
1228 4370 1377 4437 regio
1426 4367 1503 4419 illi
1557 4366 1818 4419 attributa
1865 4365 2030 4437 signi-

461 4439 674 4490 ficetur.
711 4436 846 4488 Nam
899 4439 1116 4490 tametsi
1167 4436 1306 4490 ante
1335 4437 1618 4489 Christum
1673 4437 1942 4488 translato
1985 4436 2039 4488 iii

460 4507 864 4574 captivitatem,
899 4521 1276 4575 oppressoque
1339 4505 1492 4560 Judae
1541 4506 1777 4576 populo.
1823 4505 2038 4573 imperii

459 4581 636 4630 series
668 4577 760 4630 illa
797 4577 1101 4644 interrupta
1129 4578 1412 4641 videatur,
1447 4593 1556 4630 non
1593 4585 1773 4629 tamen
1823 4578 2039 4644 penitus

462 4648 710 4710 recessit,
755 4654 849 4698 ant
887 4651 1218 4699 exstinctum
1260 4654 1373 4708 est,
1409 4656 1534 4700 ante
1561 4647 1848 4699 Judaicum
1893 4646 2041 4698 exci-

461 4718 635 4779 dium,
679 4717 980 4770 secundnnt
1022 4718 1167 4783 quod
1205 4724 1418 4783 tempus
1465 4717 1686 4784 templo,
1734 4717 1891 4776 urbe,
1934 4716 2038 4768 im-

2143 3533 2282 3585 erat,
2324 3538 2637 3591 quanquam
2665 3523 2937 3590 Josephns
2975 3540 3120 3579 anno
3150 3523 3332 3593 priore
3370 3524 3422 3576 id
3455 3525 3722 3578 accidisse

2141 3593 2437 3663 significet,
2473 3595 2602 3646 dum
2645 3601 2768 3663 post
2811 3593 3052 3648 Simonis
3092 3596 3298 3648 obitum
3337 3609 3540 3647 annum
3586 3595 3722 3647 Sab-

2141 3665 2404 3723 baticum,
2437 3673 2491 3715 et
2534 3663 2752 3730 quidem
2786 3666 2929 3717 haud
2973 3666 3235 3717 mediocri
3268 3665 3576 3724 intervallo,
3609 3678 3724 3716 cm-

2141 3736 2289 3801 pisse
2336 3734 2528 3786 scribit
2559 3734 2650 3787 lib.
2683 3749 2805 3797 xui,
2848 3750 2967 3803 cap.
3014 3735 3101 3788 15.
3145 3735 3288 3804 Ergo
3327 3749 3472 3787 anno
3500 3735 3718 3804 periodi

2137 3803 2368 3858 Juliana:
2423 3819 2806 3865 uunuanmx,
2865 3820 3054 3858 mense
3095 3822 3173 3868 XI,
3208 3803 3312 3858 hoc
3360 3815 3444 3858 est
3492 3803 3715 3866 Sebath,

2139 3885 2372 3928 exeunte
2423 3875 2637 3927 scilicet
2676 3875 2875 3936 hieme,
2911 3885 3141 3930 necatus
3187 3883 3290 3929 est.
3344 3874 3542 3927 Eodem
3577 3888 3720 3926 anno

2141 3944 2404 3998 successit
2431 3943 2671 3998 Joannes
2703 3944 2990 4014 Hyrcanus
3019 3947 3140 4013 ejus
3169 3946 3332 4000 filius.
3365 3943 3467 4009 Qui
3497 3942 3718 4012 quidem

2141 4030 2264 4067 cum
2291 4028 2466 4068 annos
2499 4029 2624 4067 aut
2658 4015 3002 4082 imperasset,
3032 4018 3262 4070 moritur
3288 4016 3493 4068 relictis
3518 4030 3550 4065 v
3581 4014 3722 4067 libe-

2141 4086 2238 4137 ris.
2280 4083 2540 4138 Succedit
2572 4085 2923 4142 At‘istobnlus
2954 4095 3086 4139 natu
3142 4087 3438 4148 maximus,
3471 4083 3566 4152 qui
3608 4085 3720 4153 pri-

2143 4171 2266 4208 tnus
2303 4155 2512 4224 regium
2573 4154 2675 4209 sibi
2725 4154 2976 4209 diadema
3028 4158 3285 4222 sumpsit,
3331 4163 3386 4210 et
3432 4168 3578 4224 anno
3610 4169 3720 4206 uno

2141 4223 2406 4292 regnavit.
2429 4223 2550 4288 Quo
2580 4236 2821 4285 mortuo,
2856 4226 3076 4280 Salome
3106 4225 3328 4293 conjnx,
3355 4240 3518 4294 quam
3541 4223 3718 4276 Graeci

2140 4295 2506 4348 Alexandram
2557 4304 2782 4355 vocant,
2833 4297 3133 4350 Aristobnli
3185 4297 3404 4359 fratres,
3443 4308 3580 4362 quos
3630 4295 3719 4347 ille

2142 4365 2196 4417 in
2234 4365 2468 4418 vinculis
2509 4364 2808 4427 habuerat,
2847 4367 3030 4427 solvit,
3063 4375 3117 4420 et
3157 4364 3438 4420 Jannazum
3478 4364 3719 4417 Alexan-

2141 4435 2320 4495 drum,
2353 4437 2446 4501 qui
2479 4442 2533 4487 et
2566 4445 2746 4495 aetate,
2780 4445 2835 4488 et
2870 4436 3245 4490 moderatione
3279 4435 3575 4505 praestabat
3614 4449 3719 4487 caa-

2142 4507 2298 4567 teris,
2336 4520 2517 4573 regem
2562 4506 2871 4560 constituit.
2913 4505 3181 4576 Regnavit
3215 4506 3302 4558 hic
3338 4519 3511 4557 annos
3542 4519 3713 4564 xxv”,

2141 4576 2483 4642 moriturque
2537 4577 2715 4628 aetatis
2763 4591 2909 4630 anno
2961 4593 3058 4636 XL,
3111 4576 3315 4629 relictis
3365 4589 3488 4627 cum
3547 4588 3718 4627 uxore

2141 4643 2682 4715 Alexandraliberis
2713 4646 2929 4700 duobus
2980 4645 3252 4715 Hyrcano,
3288 4654 3342 4699 et
3374 4644 3714 4715 Aristob‘ulo.

2140 4716 2209 4766 At
2241 4712 2548 4769 Alexandra
2573 4731 2750 4770 annos
2785 4733 2837 4770 ix
2879 4712 3105 4784 regnum
3135 4716 3554 4768 administravit.
3586 4712 3717 4768 Post

461 4787 634 4860 peric,
669 4786 1018 4860 εισπολιτεία
1043 4787 1212 4860 exuti,
1242 4787 1434 4860 alienis
1471 4787 1678 4860 legibus
1699 4800 1762 4838 ac
1787 4786 2038 4860 domina-
2072 4806 2112 4860 ι)
2144 4787 2303 4852 cujus
2342 4787 2550 4860 ob_i_tuni
2587 4787 2749 4839 ambo
2791 4789 2985 4860 fratres
3029 4787 3100 4839 ita
3158 4787 3299 4838 inter
3346 4800 3404 4860 se
3445 4799 3718 4860 convene-

461 4857 596 4909 tioni
638 4855 948 4922 subjacent.
1004 4856 1333 4909 Prawiderat
1393 4856 1632 4924 Spiritus
1679 4863 1906 4909 sanctus
1952 4856 2038 4908 di-

461 4928 693 4981 vortium
744 4926 874 4979 illud
917 4928 1066 4995 regni
1100 4941 1163 4978 ac
1211 4926 1427 4995 populi;
1459 4941 1582 4979 cum
1613 4926 1715 4978 sub
1762 4926 2037 4978 lioboatno

457 4999 550 5049 alii
582 4995 866 5059 Israelita};
903 4994 1015 5062 alii,
1050 4994 1471 5065 Judaa’populus
1507 5011 1567 5048 ac
1602 5011 1826 5063 regnum
1865 4995 2038 5047 nomi-

459 5067 578 5120 nari
637 5074 942 5135 coeperunt.
1015 5065 1250 5120 Noverat
1315 5067 1383 5120 ab
1443 5065 1682 5136 Assyriis
1741 5065 2034 5134 profligan—

457 5139 586 5189 tlum
662 5139 890 5192 alterum
969 5137 1136 5200 illud;
1208 5135 1343 5190 adeo
1394 5144 1452 5189 ut
1515 5135 1802 5204 imperium
1860 5140 1928 5188 ab
1973 5150 2037 5189 eo

459 5223 683 5274 prorsus
738 5211 1047 5261 auferretur
1097 5222 1160 5260 ac
1203 5207 1500 5269 recederet,
1547 5223 1649 5259 nec
1697 5220 1935 5274 unquam
1983 5206 2035 5258 in

458 5285 727 5346 integrum
766 5278 1164 5332 reatitueretur.
1201 5275 1382 5341 Quare
1421 5277 1486 5329 ad
1525 5276 1686 5343 hujus
1717 5276 2032 5333 discrimen,

457 5347 524 5399 de
569 5350 740 5401 altera
794 5349 885 5401 illa
937 5350 1088 5416 regni
1149 5349 1442 5416 populique
1491 5348 1761 5416 portione,
1794 5361 1915 5415 qua:
1967 5346 2036 5399 ab

454 5416 594 5470 Juda
635 5433 828 5489 magna
861 5435 926 5471 ex
974 5430 1127 5486 parte
1167 5428 1314 5481 nata,
1346 5427 1400 5472 et
1441 5418 1508 5470 ab
1542 5432 1614 5489 eo
1652 5417 2035 5486 cognominata

456 5494 562 5557 est,
591 5495 645 5541 et
692 5488 746 5557 in
790 5490 911 5555 ejus
948 5489 1154 5540 ditione
1193 5503 1434 5557 agroque
1471 5488 1755 5552 collocata,
1788 5501 2034 5555 pronun-

459 5556 650 5625 tiavit?
675 5556 794 5610 Non
817 5567 942 5611 ante
973 5573 1310 5611 recessuram
1333 5556 1401 5612 ab
1428 5572 1489 5612 ea
1522 5567 1841 5625 potestatem
1875 5564 2037 5623 atque

457 5624 767 5691 imperium,
797 5643 860 5680 ac
895 5629 1123 5696 reipubl.
1163 5628 1414 5689 formam,
1451 5624 1612 5696 quam
1645 5627 1896 5680 Christus
1925 5627 2023 5679 ad-

459 5697 718 5767 venisset.
751 5697 875 5748 Haec
906 5699 1021 5767 ipsa
1064 5697 1347 5765 utriusque
1377 5699 1526 5766 regni
1556 5703 1888 5765 comparatio
1916 5712 2020 5767 non

459 5765 806 5821 mediocriter
839 5765 1324 5836 adfillustrandum
1365 5765 1645 5822 oraculum
1688 5767 1818 5821 illud
1855 5765 2018 5833 perti-

2144 4863 2292 4916 runt,
2319 4867 2377 4909 ut
2401 4854 2688 4923 Hyrcanus
2711 4858 3086 4924 pontificatum
3117 4863 3345 4908 teneret.
3368 4853 3716 4908 Aristobulns

2143 4941 2392 4994 regnum.
2423 4925 2694 4979 Hircanus
2720 4943 2992 4980 summum
3023 4927 3388 4979 sacerdotium
3421 4926 3539 4977 iniit
3569 4941 3713 4978 coss.

2146 4995 2457 5056 Hortensio,
2490 5003 2543 5049 et
2576 4997 2827 5050 Metello:
2857 4996 2950 5064 qui
2979 5005 3062 5050 est
3097 5011 3274 5050 annus
3307 4997 3458 5049 urbis
3519 5010 3711 5047 Dcxxv.

2147 5065 2203 5118 ln
2236 5082 2395 5134 quem
2429 5067 2556 5118 anni
2588 5066 2663 5120 illi
2691 5082 2755 5120 ex
2789 5066 3028 5135 Joseplio
3059 5067 3376 5137 singillatim
3409 5065 3714 5137 enumerati

2145 5137 2414 5199 incidunt,
2449 5137 2494 5188 si
2531 5152 2698 5189 unum
2726 5134 2991 5190 duntaxat
3020 5152 3086 5190 ex
3129 5134 3194 5191 iis
3219 5137 3532 5190 inchoatum
3568 5134 3716 5188 acci-

2145 5207 2285 5275 pias.
2312 5206 2407 5260 Est
2445 5207 2533 5259 hic
2561 5222 2738 5259 annus
2775 5223 2890 5276 per.
2926 5205 3159 5263 Julianae
3203 5221 3560 5267 unuuncxu,
3591 5213 3716 5276 ante

2141 5273 2421 5346 vulgarem
2450 5278 2661 5348 Christi
2702 5273 2937 5348 natalem
2971 5278 3062 5340 68,
3106 5281 3334 5348 Augusti
3387 5289 3563 5348 annus
3604 5273 3715 5341 pri-

2144 5344 2285 5407 mus,
2315 5347 2360 5400 si
2388 5363 2416 5399 a
2443 5346 2569 5400 Julii
2595 5346 2831 5402 Cmsar’is
2860 5364 2992 5402 nece
3019 5344 3325 5406 inchoétur,
3351 5344 3547 5398 accidit
3572 5358 3714 5394 anno

2143 5415 2306 5470 Urbis
2342 5433 2496 5479 nccx,
2546 5418 2757 5486 periodi
2799 5418 3031 5472 Julian-ae
3077 5431 3428 5472 uunuucux.
3483 5412 3713 5466 Herodis

2141 5500 2274 5540 vero
2304 5491 2533 5561 primus,
2567 5503 2678 5556 quo
2710 5490 2918 5543 scilicet
2950 5505 3177 5557 regnum
3217 5504 3268 5561 a_
3282 5487 3713 5561 Romaniscon-

2142 5553 2366 5611 secutiis
2386 5565 2488 5615 est.
2516 5553 2747 5612 incurrit
2776 5561 2829 5611 in
2860 5553 3207 5612 consulatum
3239 5555 3454 5608 Domitii
3478 5553 3713 5615 Calvini,

2129 5634 2182 5679 et
2227 5630 2396 5698 Asinii
2421 5625 2708 5688 Pollionis.
2736 5630 2826 5698 qui
2856 5639 2940 5684 est
2976 5631 3043 5682 ab
3076 5628 3222 5682 Urbe
3249 5625 3469 5698 condita
3498 5638 3711 5685 πολιν,

2132 5697 2341 5764 period.
2371 5697 2575 5752 Julian.
2599 5696 3011 5758 MMMMbCLXXlV,
3031 5704 3166 5762 sive,
3197 5706 3256 5750 ut
3287 5697 3374 5748 alii
3400 5696 3634 5764 Agrippa
3658 5704 3712 5744 et

2127 5767 2354 5822 Caninio
2375 5770 2521 5827 co‘ss.
2537 5785 2644 5838 quo
2663 5785 2807 5824 anno
2826 5771 3046 5837 pat-ilicc
3063 5785 3284 5838 regnare
3303 5768 3714 5835 εωρίινθδιιιυθο
