4170 6372
405 367 511 423 395

1045 365 1410 424 ADVERSUS
1450 367 1790 422 "IERESES
1832 369 1959 422 LlB.
2005 368 2045 423 1.
2089 367 2252 422 ΤΟΜ.
2296 367 2358 422 ll.
2399 399 2468 407 -
2507 367 2763 423 IIERES
2803 367 2991 445 XXIX.

3557 370 3661 426 3θᾶ

405 480 572 550 θλεὲμ
597 480 698 550 τῆς
747 476 1010 540 Ἰουδαίας
1058 479 1157 549 (1),
1202 480 1295 530 ἐπὶ
1345 478 1694 550 Ἀλεξάνδρου
1737 478 1831 532 τοῦ
1880 479 1989 533 ἀπὸ

2102 478 2312 533 Lercidit
2358 493 2423 533 ac
2466 494 2764 548 suppressa
2809 479 3028 548 penitus
3072 491 3175 546 est,
3217 495 3247 534 a
3274 497 3383 552 quo
3413 481 3662 540 Christus

405 572 598 640 γένους
623 568 899 641 ἱερατικοῦ
929 569 1020 622 καὶ
1054 568 1352 639 βασιλικοῦ.
1395 571 1512 640 Ἀφ’
1539 564 1600 624 οὗ
1640 568 1986 641 Ἀλεξάνδρου

406 664 656 716 διέπεσεν
692 656 848 726 οὗτος
879 663 907 714 ὁ
951 661 1152 733 κλῆρος
1199 660 1308 714 ἀπὸ
1356 661 1562 731 χρόνων
1609 661 1773 714 αὐτοῦ
1807 679 1867 714 τε
1897 663 1991 715 καὶ

410 753 672 816 Σααλίνας
711 753 808 823 (2),
841 752 942 821 τῆς
972 752 1066 804 καὶ
1107 750 1464 822 Ἀλεξάνδρας
1506 751 1868 822 καλουμένης,
1897 753 1992 803 ἐπὶ

408 849 520 910 τοῖς
560 846 771 916 χρόνοις
810 843 1049 917 Ἡρώδου
1098 842 1192 895 τοῦ
1237 843 1500 913 βασιλέως
1535 843 1630 896 καὶ
1675 841 1989 911 Αὐγούστου

410 939 518 992 τῶν
559 939 844 1009 Ῥωμαίων
892 937 1310 1010 αὐτοκράτορος.
1386 938 1482 999 Ὃς
1509 936 1604 989 καὶ
1636 935 1872 1006 διάδημα
1895 937 1991 987 ὲπ-

411 1030 566 1084 έθετο
595 1029 775 1099 ἐαυτῷ
819 1031 847 1082 ὁ
886 1029 1252 1100 Ἀλέξανδροῄ
1273 1022 1448 1093 οὗτος,
1495 1023 1574 1090 εἷς
1606 1027 1714 1080 τῶν
1755 1026 1990 1097 χριστῶν

411 1121 508 1176 καὶ
535 1119 854 1189 ἡγουμένων
884 1119 1161 1190 ὑπάρχων.
1199 1118 1576 1187 Συναφθεισῶν
1617 1117 1726 1189 γὰρ
1767 1118 1875 1171 τῶν
1899 1117 1992 1170 δύο

417 1213 599 1283 φυλῶν
650 1211 746 1265 τοῦ
794 1229 853 1264 τε
902 1209 1179 1282 βασιλικοῦ
1219 1212 1311 1264 ml.
1359 1209 1654 1282 ἱερατικοῦ,
1722 1209 1892 1263 Ἰούδα
1935 1211 1992 1264 δέ

412 1322 556 1375 φημι
590 1304 684 1357 καὶ
717 1302 948 1374 Ἀαρὼν,
979 1304 1074 1357 καὶ
1099 1304 1278 1374 πάσης
1299 1305 1396 1374 τῆς
1423 1302 1517 1355 τοῦ
1545 1302 1695 1364 Λευῒ,
1725 1302 1868 1356 οὕτω
1901 1302 1994 1372 βα-

416 1397 582 1460 σιλεῖς
615 1397 711 1449 καὶ
739 1397 904 1466 ἱερεῖς
939 1395 1197 1462 ἐγίνοντο.
1247 1396 1321 1448 Ού
1363 1394 1471 1465 γὰρ
1497 1394 1763 1465 διήμαρτέ
1803 1413 1855 1448 τι
1885 1395 1993 1449 τῶν

413 1491 522 1543 ἀπὸ
555 1490 654 1559 τῆς
687 1489 848 1556 ἁγίας
883 1489 1107 1559 Γραφῆς
1134 1489 1490 1558 αἰνιγμάτων.
1541 1487 1675 1539 Τότε
1719 1487 1776 1539 δὲ
1810 1487 1992 1540 λοιπὸν

414 1580 711 1648 ἀλλόφυλος
749 1578 999 1649 βασιλεὺς
1039 1578 1304 1652 Ἡρώδης,
1334 1579 1426 1632 καὶ
1458 1578 1640 1631 οὐκέτι
1684 1580 1732 1631 οἱ
1764 1577 1872 1630 ἀπὸ
1899 1579 1992 1631 τοῦ

415 1673 578 1726 Δαϐιδ
619 1672 854 1742 διάδημα
902 1670 1186 1725 ἐπέθεντο·
1222 1670 1638 1741 μεταπεσούσης
1673 1670 1729 1723 δὲ
1755 1669 1855 1739 τῆς
1902 1670 1996 1740 βα-

417 1759 628 1830 σιλικῆς
676 1759 944 1831 καθέδρας
979 1761 1037 1814 ὲν
1084 1760 1305 1831 Χριστῷ
1352 1760 1444 1812 ἐπὶ
1491 1760 1590 1831 τὴν
1649 1758 1992 1829 Ἐκκλησίαν,

416 1851 524 1904 ἀπὸ
561 1849 658 1920 μὲν
685 1848 835 1902 οἴκου
870 1849 964 1903 τοῦ
996 1849 1256 1922 σαρκικοῦ
1303 1850 1472 1903 Ἰούδα
1498 1852 1591 1903 καὶ
1637 1850 1994 1922 Ἰερουσαλὴμ

416 1942 476 1994 τὸ
507 1942 784 2011 βασιλικὸν
832 1941 1066 2012 μετέστη
1117 1941 1366 2012 ἀξίωμα·
1404 1943 1612 2014 ἵδρυται
1651 1943 1706 1995 δὲ
1740 1944 1768 1995 ὁ
1809 1943 1994 2015 θρόνος

415 2035 476 2086 ὲν
504 2037 570 2105 τῇ
615 2034 748 2104 ἁγία
790 2034 885 2087 τοῦ
927 2033 1062 2087 Θεοῦ
1107 2034 1400 2106 Ἐκκλησία
1451 2037 1531 2098 είς
1563 2035 1654 2089 τὸν
1704 2037 1894 2097 αἰῶνα,
1931 2041 1995 2090 ὲκ

414 2125 509 2179 δύο
546 2126 870 2196 προφάσεων
921 2125 1060 2194 ἔχων
1105 2125 1164 2179 τὸ
1209 2125 1444 2196 ἀξίωμα,
1475 2125 1567 2179 τοῦ
1613 2143 1670 2178 τε
1717 2126 1992 2196 βασιλικοῦ

418 2216 514 2268 καὶ
559 2213 652 2267 τοῦ
700 2213 1105 2286 ἀρχιερατικοῦ.
1156 2215 1265 2267 Καὶ
1311 2214 1372 2267 τὸ
1416 2215 1513 2285 μὲν
1568 2213 1843 2285 βασιλικὸν
1887 2216 1994 2268 ἀπὸ

418 2306 514 2360 τοῦ
543 2305 748 2377 Κυρίου
775 2307 932 2376 ἡμῶν
971 2307 1146 2376 Ἰησοῦ
1182 2305 1418 2377 Χριστοῦ
1449 2307 1590 2361 κατὰ
1621 2307 1713 2360 δύο
1743 2308 1994 2379 τρόπους,

419 2399 508 2451 διά
539 2415 597 2450 τε
626 2398 686 2450 τὸ
729 2393 867 2450 εἶναι
896 2397 1060 2450 αὐτὸν
1093 2400 1156 2449 ὲκ
1191 2398 1504 2468 σπέρματος
1532 2399 1696 2451 Δαϐὶδ
1722 2399 1815 2452 τοῦ
1850 2399 1999 2469 βασι-

419 2487 559 2548 λέως
609 2485 750 2540 κατὰ
782 2487 980 2558 σάρκα,
1017 2485 1112 2539 καὶ
1165 2485 1226 2538 τὸ
1278 2482 1417 2538 εἶναι
1461 2486 1642 2551 αὐτὸν,
1678 2486 1813 2560 ὅπερ
1861 2489 1998 2551 ἐστὶ,

422 2576 647 2646 βασιλέα
685 2575 909 2647 μείζονα
941 2577 1034 2629 ἀπ’
1085 2575 1281 2638 αίῶνος
1331 2574 1473 2629 κατὰ
1509 2577 1607 2646 τὴν
1642 2576 1872 2647 θεότητα
1893 2594 1906 2606 ·
1941 2577 2002 2630 τὸ

425 2668 483 2720 δὲ
534 2668 828 2739 ἱερατικὸν,
883 2669 966 2721 ὅτι
1017 2666 1177 2730 αὐτὸς
1223 2667 1512 2738 ἀρχιερεὺς
1563 2669 1657 2720 καὶ
1705 2669 2004 2739 ἀρχιερέων

423 2759 710 2829 πρύτανις.
744 2759 1194 2822 Κατασταθέντος
1225 2757 1386 2822 εὐθὺς
1427 2757 1619 2811 Ἰακὼῦ
1644 2759 1736 2812 τοῦ
1772 2760 2002 2830 ἀδελφοῦ

422 2840 624 2913 Κυρίου
657 2842 989 2913 καλουμένου
1027 2843 1118 2895 καὶ
1152 2842 1469 2906 ἀποστόλου,
1517 2843 1818 2896 ἐπισκόπου
1858 2842 2006 2914 πρώ-

420 2949 516 2987 του
551 2932 669 2986 υίοῦ
698 2933 791 2986 τοῦ
835 2934 1034 3004 Ἰωσὴφ
1074 2933 1233 3001 φύσει
1263 2932 1437 2997 ὄντος,
1473 2935 1532 2986 ἐν
1569 2933 1721 2999 τάξει
1765 2934 1821 2987 δὲ
1851 2936 2003 2989 ἀδελ-

423 3023 528 3093 φοῦ
566 3024 660 3078 τοῦ
706 3024 908 3096 Κυρίου
951 3023 1239 3095 κληθέντος
1282 3023 1370 3076 διὰ
1403 3025 1500 3094 τὴν
1533 3030 1998 3098 συναναστροφὴν,

2091 569 2448 636 Bethlehemi,
2478 571 2621 641 quod
2655 579 2739 625 est
2767 570 2967 627 Iudaeae
3003 575 3285 642 oppidum,
3317 575 3372 628 in
3402 576 3543 629 hanc
3579 577 3664 630 lu.

2091 677 2208 716 cem
2235 663 2414 716 editus
2442 670 2526 716 est
2554 681 2566 715 :
2599 661 2760 732 idque
2783 662 2920 717 adeo
2945 664 3051 718 sub
3073 664 3387 720 Alexandro
3413 668 3662 738 contigit,

2091 755 2185 825 qui
2234 769 2265 808 e
2318 754 2661 809 sacerdotum
2713 757 2920 824 pariter
2969 769 3035 810 ac
3091 771 3280 826 regum
3332 759 3502 828 stirpe
3547 767 3663 812 erat

2091 843 2377 898 oriundus.
2431 843 2516 898 Ab
2565 844 2731 914 hujus
2764 845 2928 916 igitur
2971 845 3264 899 Alexandri
3319 861 3420 900 nec
3463 862 3572 901 non
3613 855 3664 902 et

2094 935 2351 999 Saalinae,
2405 951 2527 1006 qua!
2567 944 2621 989 et
2668 937 2976 990 Alexandra
3020 944 3211 992 vocata
3253 946 3357 1002 est,
3405 947 3664 1008 tempore,

2093 1044 2214 1084 sors
2231 1038 2314 1084 est
2336 1028 2425 1081 illa
2448 1028 2600 1098 regni
2631 1027 2981 1096 conditioque
3011 1028 3251 1094 sublata,
3274 1042 3398 1081 cum
3426 1025 3666 1084 Herodes

2091 1120 2310 1185 iudica},
2343 1124 2622 1191 Augustus
2649 1135 2780 1174 vero
2823 1119 3196 1174 Romanorum
3242 1119 3529 1189 imperium
3571 1120 3642 1174 ob

2093 1214 2310 1268 tineret.
2334 1211 2397 1266 Et
2413 1212 2631 1283 quidem
2651 1212 2955 1267 Alexander
2977 1212 3065 1265 ille
3084 1227 3227 1266 unus
3259 1226 3290 1265 e
3313 1211 3665 1276 christorum,

2095 1303 2197 1357 hoc
2228 1314 2313 1358 est
2346 1311 2646 1357 unctorum
2695 1303 3007 1372 ducumque
3037 1317 3264 1356 numero
3302 1301 3553 1354 diadema
3588 1300 3668 1354 si-

2095 1396 2263 1450 bimet
2298 1395 2574 1465 imposuit.
2599 1395 2737 1449 Cum
2768 1396 2912 1464 enim
2943 1397 3065 1450 dua:
3089 1394 3318 1449 invicem
3341 1393 3518 1448 tribus
3540 1407 3666 1447 con-

2090 1486 2294 1555 juncta:
2337 1487 2600 1546 fuissent.
2643 1500 2875 1554 quarum
2927 1486 3101 1540 altera
3148 1484 3334 1555 regni,
3379 1482 3666 1538 sacerdotii

2096 1577 2266 1630 altera
2296 1577 2388 1646 jus
2430 1577 2684 1640 habebat,
2717 1585 2947 1646 eratque
2980 1576 3133 1631 Judze
3179 1577 3350 1646 prior,
3396 1576 3666 1644 posterior

2095 1669 2331 1724 Aaronis
2369 1684 2433 1722 ac
2467 1668 2722 1724 Leviticae
2750 1671 2930 1740 gentis
2973 1670 3262 1736 universze,
3300 1670 3425 1723 inde
3467 1668 3667 1722 factum

2096 1768 2198 1825 est,
2235 1759 2398 1813 iidem
2455 1768 2511 1813 ut
2566 1775 2721 1830 reges
2767 1776 2832 1815 ac
2863 1760 3176 1815 sacerdotes
3227 1767 3432 1815 essent.
3483 1757 3668 1828 Neque

2096 1853 2243 1906 enim
2288 1852 2454 1906 ullum
2485 1870 2550 1907 ex
2591 1853 2844 1907 obscuris
2887 1868 3168 1906 sacrarum
3207 1852 3508 1905 litterarum
3539 1865 3668 1904 ora-

2096 1943 2236 1996 culis
2270 1943 2499 1997 veritate
2527 1959 2627 1997 sua
2662 1943 2862 1996 caruit.
2902 1941 3039 1994 Tum
3090 1943 3258 2012 igitur
3291 1940 3535 1996 Herodes
3574 1956 3666 1994 rex

2097 2032 2404 2100 alienigena
2470 2033 2739 2088 submotis
2819 2032 3038 2088 Davidis
3115 2033 3349 2101 posteris
3423 2031 3668 2085 diadema

2097 2125 2350 2192 sumpsit.
2377 2123 2554 2194 Atque
2582 2124 2794 2194 imperii
2827 2125 3042 2178 demum
3077 2125 3216 2179 solio
3243 2127 3589 2194 peregrinum
3617 2125 3668 2178 in

2097 2215 2373 2269 hominem
2403 2217 2688 2277 translato,
2717 2232 2746 2269 a
2775 2217 3012 2270 carnalis
3039 2215 3192 2271 Iudae
3224 2218 3428 2272 familia
3463 2235 3527 2272 ac
3555 2219 3657 2273 Hie

2072 2307 2392 2376 rosolymis
2446 2323 2544 2376 per
2602 2308 2880 2361 Christum
2922 2309 3072 2377 regia
3127 2316 3213 2362 est
3261 2310 3315 2362 in
3370 2309 3670 2364 Ecclesiam

2097 2399 2380 2452 transfusa
2418 2398 2676 2469 dignitas.
2713 2398 2885 2468 Cujus
2916 2402 3070 2454 sedes
3105 2400 3170 2454 ad
3207 2402 3447 2455 omnium
3478 2417 3669 2472 perpe-

2099 2489 2349 2543 tuitatem
2391 2497 2701 2558 temporum
2745 2492 2800 2544 in
2849 2492 3038 2545 eadem
3075 2491 3193 2561 ipsa
3240 2493 3561 2554 constituta,
3607 2508 3670 2547 ex

2101 2576 2384 2630 ambarum
2413 2577 2764 2646 dignitatum,
2796 2575 2946 2648 reg'ni
2984 2578 3234 2632 videlicet
3261 2594 3325 2632 ac
3355 2579 3671 2641 sacerdotii,

2102 2667 2462 2737 amplitudine
2495 2669 2754 2722 coalescit
2796 2688 2807 2721 :
2844 2683 2969 2722 nam
2997 2669 3142 2738 quod
3176 2668 3243 2723 ad
3276 2671 3478 2738 regiam
3504 2669 3671 2738 maje.

2103 2769 2293 2814 statem
2328 2759 2542 2824 attinet,
2577 2775 2696 2813 eam
2729 2775 2759 2812 a
2795 2760 3020 2814 Christo
3050 2759 3180 2816 Jesu
3215 2755 3448 2815 Domino
3477 2769 3672 2814 nostro

2101 2851 2304 2920 duplici
2349 2851 2473 2920 jure
2506 2852 2963 2906 communicatam
3013 2853 3258 2922 accepit:
3298 2851 3444 2921 quod
3491 2862 3544 2906 et
3582 2850 3671 2908 ille

2101 2950 2375 3010 quatenus
2411 2957 2579 2998 carne
2611 2943 2955 3009 constat,lde
2995 2941 3217 2997 Davidis
3261 2943 3433 3012 stirpe
3477 2956 3674 3012 propa-

2100 3042 2258 3100 gatus
2308 3033 2490 3096 fuerit,
2540 3041 2594 3087 et
2632 3049 2728 3088 rex
2759 3034 3062 3088 divinitatis
3090 3050 3253 3103 quam
3303 3036 3444 3089 idem
3495 3035 3674 3101 habet,

426 3119 637 3173 ratione
679 3117 838 3188 119
884 3118 1041 3188 longe
1091 3119 1162 3172 sit
1194 3117 1446 3187 amplior,
1494 3123 1549 3171 et
1600 3125 1860 3173 aeternus.
1909 3119 2216 3176 Sacerdotii
2274 3139 2406 3180 vero
2453 3126 2773 3196 dignitatem
2829 3125 2951 3181 ideo
3003 3127 3230 3182 sortitus
3284 3139 3386 3191 est,
3428 3125 3572 3196 quod
3626 3135 3678 3180 et

425 3212 668 3283 pontifex
714 3215 806 3278 sit,
849 3221 906 3266 et
937 3212 1257 3283 pontificum
1302 3212 1546 3266 omnium
1596 3213 1906 3268 moderator
1957 3230 2022 3271 ac
2073 3219 2347 3288 princeps.
2396 3221 2578 3286 Quare
2598 3219 2835 3276 Iacobus
2863 3221 2970 3286 ille,
2997 3222 3089 3290 qui
3120 3219 3336 3274 Domini
3371 3226 3536 3272 frater
3578 3232 3678 3284 ap-

426 3308 662 3376 pellatus
708 3313 813 3369 est,
855 3313 911 3361 et
976 3306 1219 3376 ejusdem
1273 3307 1574 3376 apostolus,
1625 3309 1838 3376 primus
1893 3312 2138 3364 omnium
2219 3323 2306 3370 est
2363 3316 2655 3385 episcopus
2712 3314 3082 3380 constitutus;
3139 3315 3232 3384 qui
3286 3328 3410 3368 cum
3458 3311 3677 3382 Iosephi

426 3398 694 3453 naturalis
757 3405 904 3452 esset
961 3396 1129 3462 filius,
1173 3396 1388 3452 Domini
1425 3396 1595 3452 frater
1626 3399 1698 3452 ob
1734 3399 1789 3453 id
1849 3411 2078 3457 vocatus
2135 3415 2241 3470 est,
2280 3407 2425 3476 quod
2460 3409 2514 3461 in
2537 3405 2674 3476 lejus
2706 3407 2960 3462 convictu
3005 3420 3068 3462 ac
3111 3406 3508 3462 consuetudine
3558 3422 3678 3461 ver-

427 3502 663 3549 saretur.

497 3586 574 3638 A'.
610 3579 718 3636 ἾΙν
745 3581 853 3654 γὰρ
881 3583 909 3634 ό
954 3581 1207 3646 Ἰάκωῦος
1231 3575 1387 3647 οὗτος
1421 3584 1497 3655 (³5)
1532 3585 1642 3649 υἱὸς
1676 3586 1770 3638 τοῦ
1807 3587 2001 3657 Ἰωσὴφ

2179 3583 2269 3639 IV.
2301 3583 2401 3640 Hic
2426 3585 2572 3640 enim
2595 3585 2815 3655 Josephi
2838 3602 2903 3641 ex
2926 3587 3035 3641 alia
3059 3586 3162 3642 fuit
3179 3603 3342 3659 quam
3365 3588 3534 3646 Maria
3557 3609 3680 3650 con-

433 3781 594 3836 Urbis
616 3779 847 3832 condita:
867 3793 1102 3832 nccxvn.
1133 3778 1345 3833 Period.
1372 3778 1572 3832 Julian.
1596 3794 2004 3834 nuuxocuxvn

434 3861 559 3905 ante
579 3852 854 3918 vulgarem
881 3848 1087 3902 Christi
1116 3852 1345 3903 natalem
1373 3851 1461 3903 57.
1487 3849 1850 3914 Quamobrem
1883 3852 2006 3904 Ale-

360 3921 368 3928 ’
436 3920 628 3975 xandri
657 3920 805 3973 illius
833 3919 1016 3972 obitus
1052 3928 1133 3973 tot
1167 3921 1327 3973 annis
1355 3920 1556 3973 Christi
1585 3929 1787 3984 ortum,
1818 3921 1926 3973 imo
1951 3930 2007 3975 et

433 3990 669 4059 Augusti
689 3999 850 4056 atque
900 3989 1130 4044 Herodis
1164 3990 1447 4059 imperium
1473 3989 1788 4049 antecessit,
1814 3999 2007 4044 contra

433 4057 599 4130 quam
633 4057 968 4130 Epiphanius
1016 4057 1255 4128 scripsit.
1303 4058 1440 4111 Nam
1486 4059 1739 4130 immanis
1782 4061 2008 4130 ἀναχρο-

435 4127 909 4199 νισμόςίι-εεαιείιί
943 4127 1222 4198 utcunque
1257 4134 1489 4199 poterit,
1522 4127 1566 4181 si
1603 4129 1782 4182 luxata
1819 4127 1933 4199 lucc
1957 4143 2009 4184 et

435 4198 614 4253 alieno
642 4198 762 4252 loco
795 4199 969 4266 posita
1012 4199 1242 4260 dixeris,
1272 4198 1418 4264 ἐξότε
1448 4198 1631 4260 αὑτός,
1671 4207 1780 4252 etc.
1827 4198 1893 4252 Ut
1937 4202 2006 4252 ita

433 4270 662 4350 omnino
709 4268 992 4350 legendum
1028 4270 1158 4350 siti
1183 4269 1408 4350 Anérrsge
1444 4267 1552 4350 χάρ
1576 4266 2007 4350 αὴπάξιςιὲξόῖε

2110 3783 2386 3837 xandrum
2463 3784 2614 3839 illum
2683 3787 2920 3856 priorem
3007 3794 3062 3843 et
3117 3789 3482 3847 Alexandram
3545 3805 3681 3850 tem-

2110 3869 2260 3924 pore.

2180 3924 2701 4001 (ί),ςΕν.Βηθλεὲμ
2728 3925 2846 4001 τῆς
2881 3926 3193 3993 Ἰουδαίας.
3216 3929 3311 4001 _l_ta
3353 3932 3406 3984 in
3449 3933 3682 4001 quibus-

2107 3992 2232 4046 dam
2273 3993 2507 4065 hlatthaei
2533 3992 2955 4065 exemplaribus,
2992 4013 3089 4065 pro
3130 3992 3317 4062 Ἰούδα,
3353 4009 3407 4054 ut
3437 3992 3682 4057 animad-

2112 4069 2269 4117 vertit
2324 4062 2726 4132 Hieronymus';
2761 4065 2904 4132 quod
2943 4062 3044 4120 et'si
3079 4069 3336 4121 vitiosum
3386 4071 3439 4123 in
3467 4073 3680 4126 Comm.

2110 4134 2178 4185 ad
2220 4147 2334 4192 cap.
2376 4149 2413 4184 ιι
2453 4132 2699 4186 Matt/mi
2740 4142 2890 4200 putet
2936 4150 3075 4197 esse,
3137 4148 3314 4191 tamen
3365 4155 3470 4200 non
3527 4143 3698 4196 aliter-

2109 4203 2340 4276 ipscmet
2374 4202 2427 4276 in
2478 4202 2689 4276 Eusebii
2726 4198 2986 4276 Chronico
3029 4205 3291 4276 scripsit:
3339 4198 3513 4276 neque
3554 4228 3682 4265 vero

2110 4271 2466 4339 improbanda
2498 4281 2580 4326 est
2609 4273 2712 4326 ista
2745 4273 2927 4338 lectio,
2968 4282 3024 4326 ut
3054 4274 3118 4328 ad
3144 4271 3443 4332 Eusebium
3475 4281 3683 4335 Ponta-

432 4339 596 4400 αὐτὸς
620 4340 881 4408 ’γεννᾶται
925 4340 984 4391 ὲν
1028 4338 1275 4408 Βηθλεὲμ
1317 4336 1419 4405 τῆς
1471 4336 1736 4408 Ἰουδαίας-
1766 4337 1856 4388 ἐπὶ
1897 4340 2008 4408 τοῖς

435 4404 654 4479 χρόνοις.
683 4407 920 4479 Ἡρῴδου
962 4407 1056 4479 τοῦ
1092 4404 1382 4479 βασιλέως,
1425 4407 1536 4479 καὶΔ
1563 4404 2007 4479 Αὐγούστου-τοῦ

447 4474 733 4549 ’Ῥωμαίων
752 4474 1164 4549 ἀὐτοκράτορος
1185 4492 1199 4506 ⁸
1223 4479 1324 4549 καὶ
1356 4475 1485 4549 ἔστη
1521 4475 1613 4549 ἐπι
1646 4474 2008 4549 Ἀλεξάνδρῳ

435 4547 530 4600 τοῦ
559 4540 688 4600 ’ἀπὸ
738 4540 950 4615 γένους’
976 4540 1280 4616 ἱερατικοῦ,
1325 4546 1418 4598 καὶ
1464 4540 1764 4616 βασιλικοῦ,
1811 4540 2008 4616 ἀφέόὗ

448 4612 794 4686 Ἀλεξάνδρου
831 4612 1079 4669 διέπεσεν
1119 4612 1272 4679 οὗτος
1307 4619 1334 4668 ὁ
1375 4612 1610 4686 κλῆρος,
1649 4614 1757 4686 άπὸ
1805 4614 2009 4686 χρόνων

436 4687 598 4740 αὑτοῦ
623 4684 711 4746 τε,
731 4687 826 4740 καὶ
855 4687 1138 4750 Σααλίνας,
1173 4688 1270 4756 τῆς
1302 4687 1414 4756 καὶ
1428 4684 1778 4756 Ἀλεξάνδρας
1811 4684 2008 4756 καλου-

441 4757 628 4827 μένης,
674 4757 733 4819 ὃς
767 4756 862 4809 καὶ
906 4756 1175 4826 διάδημα,
1221 4753 1326 4810 etc.
1372 4753 1484 4808 Hac
1529 4753 1772 4827 ιιιιίιίειιιΔ
1799 4755 2011 4827 ratione

440 4824 615 4881 labem
653 4827 800 4879 illam
843 4824 1079 4894 priorem
1103 4827 1428 4880 evitabimus
1452 4863 1467 4886 ,
1509 4839 1688 4894 neque
1714 4824 2007 4877 Alexandri

437 4899 640 4952 exitum
669 4911 792 4949 cum
828 4891 1030 4950 Christi
1062 4903 1184 4948 ortu
1215 4891 1613 4963 copulabimus.
1649 4891 1849 4963 Verum
1882 4894 2009 4949 huic

440 4975 770 5033 ευιῃειιιιιιιεε
786 4973 984 5020 nostra:
1002 4981 1107 5020 non
1127 4962 1418 5019 admodum
1437 4964 1778 5033 confidimus.
1795 4962 2008 5032 Quippe

440 5037 496 5089 in
539 5022 730 5089 haeresi
771 5051 821 5095 L,
850 5035 902 5100 1,
950 5037 1140 5090 eadem
1183 5051 1318 5104 pene
1351 5034 1591 5088 historia:
1625 5022 2002 5102 σύγχυᾶιςᾝὺ
2040 5022 2083 5080 D

443 5106 744 5175 Epiphanio
796 5107 1042 5173 repetita.
1086 5105 1217 5171 Quae
1269 5112 1326 5157 ut
1364 5117 1639 5175 postremo
1686 5104 2004 5172 castiganda

442 5173 711 5236 videatur,
752 5175 885 5228 illud
915 5186 1095 5229 tamen
1131 5190 1297 5228 unum
1339 5173 1606 5242 supererit
1641 5181 1831 5226 contra
1863 5175 2004 5226 veri-

442 5253 605 5299 tatem
640 5246 882 5299 historiaa
906 5246 1134 5309 dictum,
1171 5246 1224 5298 in
1263 5244 1572 5297 Alexandro
1607 5243 2003 5297 sacerdotalem

443 5317 589 5370 illam
617 5317 930 5386 regiamque
958 5316 1192 5386 desiisse
1224 5315 1448 5386 stirpem
1472 5330 1488 5378 ;
1518 5328 1642 5366 nam
1676 5328 1741 5386 ex_
1764 5311 2004 5386 Iosepho

443 5393 660 5439 constat
687 5382 819 5454 post
842 5382 1237 5447 Alexandrum,
1273 5382 1606 5453 Hyrcanum,
1637 5389 1690 5436 et
1715 5383 2004 5454 Aristobu-

443 5457 554 5509 lum
600 5472 665 5510 ex
697 5452 916 5509 “eadem
969 5455 1227 5525 progenie
1273 5452 1586 5525 aliquandiu
1633 5452 2004 5525 pontificatum

443 5535 609 5594 atque
641 5527 925 5594 imperium
965 5521 1289 5578 obtinuisse.
1331 5523 1613 5594 Postremo
1645 5521 1914 5594 Josephus
1953 5524 2004 5574 iu

445 5592 594 5649 calce
643 5592 736 5649 lib.
783 5611 875 5647 xw
921 5596 1113 5649 scribit
1159 5595 1444 5664 Antigono
1476 5592 1771 5646 Alexandri
1841 5592 2008 5646 fratre

337 5713 345 5719 .
445 5665 740 5720 Aristobuli
787 5666 897 5718 lilio
928 5665 1109 5720 securi
1154 5665 1222 5717 ab
1252 5663 1488 5716 Antonio
1522 5677 1804 5731 percusso,
1833 5664 2002 5716 Assa-

445 5750 776 5804 monzeurum
805 5735 1030 5804 stirpem
1060 5735 1311 5804 desiisse,
1345 5734 1488 5803 quod
1518 5732 1744 5800 contigit
1769 5732 2006 5802 Agrippa

445 5803 742 5862 etCamuio
772 5803 1086 5859 cossfanno
1112 5803 1272 5860 Urbis
1289 5818 1522 5868 nccxvn,
1553 5804 1711 5873 longo
1739 5809 1859 5870 post
1885 5805 2008 5856 Ale-

762 5905 1033 5967 ParaoL.
1067 5905 1182 5965 Gn.
1221 5902 1376 5964 XLI.

2113 4355 2211 4393 cus
2239 4341 2512 4394 observat.

2182 4410 2258 4475 (2)
2292 4411 2486 4483 Αςὺτοῦ
2525 4427 2589 4464 τε
2627 4411 3082 4483 καὶ--Σααλίναᾳ
3123 4413 3393 4482 JJsephus
3431 4419 3526 4471 lib.
3558 4435 3681 4483 xm,

2111 4478 2404 4552 Alexandri
2441 4494 2685 4552 uxorem,
2716 4479 2950 4550 Hyrcani
2981 4478 3048 4538 ει
3078 4478 3378 4539 Aristobuli
3417 4478 3673 4552 matrem,

2109 4549 2482 4627 Alcit'andram
2515 4549 2778 4627 appellat,
2807 4567 2968 4627 quam
2997 4559 3052 4606 et
3091 4563 3318 4627 mortuo
3349 4559 3582 4627 conjuge
3627 4549 3684 4614 iit

2111 4619 2270 4672 annis
2298 4619 2579 4686 praefuisse
2616 4619 2837 4674 scribit.
2855 4622 2976 4688 Quo
3005 4622 3194 4677 eodem
3231 4619 3552 4683 Alexandra}
3584 4645 3683 4682 no—

2113 4691 2256 4760 mine
2277 4688 2584 4760 Aristobuli
2606 4688 2839 4760 Hyrcani
2867 4694 3089 4759 majoris
3112 4694 3204 4746 filii
3234 4711 3453 4750 uxorem
3484 4709 3642 4752 vocat
3665 4718 3679 4753 :

2111 4757 2542 4838 Τελευτήσαντος
2567 4759 2623 4812 δὲ
2656 4757 3608 4838 "_Apta:_ro§oii).o_g,_inquit,_72:12thij
3646 4771 3680 4838 ἡ

2110 4829 2244 4907 γυνὴ
2279 4828 2465 4907 αὑτοῦ,
2501 4828 2764 4907 λεγομένη
2795 4831 2851 4907 δε
2887 4832 2990 4907 ὑπὸ
3027 4828 3291 4907 Ἑλλήνων
3339 4828 3678 4907 Ἀλεξάνδρα,

2112 4897 2320 4950 λύσασα
2350 4899 2489 4971 τοὺς
2508 4897 2766 4971 ἀδελφοὺς
2791 4902 2976 4967 αὑτοῦ,
3000 4911 3109 4958 etc.
3141 4897 3420 4971 Nusquam
3451 4897 3685 4962 Saalinaé

2115 4970 2508 5054 "Olllel'l‘apllili‘
2542 4969 2850 5054 Josephunr
2871 4973 3045 5053 legere
3080 4969 3319 5052 memini.
3356 4974 3681 5054 Quanqpam

2111 5053 2217 5089 non
2249 5037 2404 5090 aliter
2427 5038 2601 5112 illam
2642 5037 2946 5112 Christiani
2991 5043 3305 5112 scriptores,
3333 5037 3496 5112 quam
3534 5037 3686 5099 'Sali-

2115 5121 2241 5185 nam
2294 5108 2598 5185 nominant.
2638 5108 2905 5185 Eusebius
2954 5113 3008 5185 in
3060 5108 3684 5185 Chronic.,'ﬂieronym.

2111 5178 2305 5251 incqp.
2365 5193 2417 5230 ix
2471 5178 2608 5251 pag.
2646 5180 2846 5251 aliique
2881 5220 2896 5244 ,
2946 5182 3014 5236 de
3053 5184 3252 5250 quibus
3283 5184 3524 5251 Scaliger
3552 5178 3686 5238 Ᾰηί-

2111 5245 2372 5299 madvers.
2419 5246 2488 5299 ad
2547 5245 2940 5304 Eusebfnum.
2991 5245 3150 5307 ιθᾶι.
3203 5251 3356 5308 Unus
3407 5245 3684 5311 Marianus

2112 5319 2310 5370 Scotus
2357 5333 2502 5370 anno
2551 5319 2737 5371 mundi
2779 5320 2954 5384 4120,
2991 5323 3353 5376 Alexandram
3408 5323 3683 5378 Salomam

2112 5394 2260 5458 recte
2294 5396 2593 5458 nuncupat.
2627 5389 2825 5441 Eadem
2861 5405 3046 5458 porro,
3082 5392 3189 5445 nisi
3236 5392 3412 5457 fallor,
3445 5395 3686 5448 Alexan-

2113 5457 2234 5528 dra,
2258 5455 2382 5528 μεῖνε
2410 5456 2627 5528 Salome
2655 5455 2940 5528 utriusque
2974 5461 3158 5515 fratris
3185 5478 3342 5521 uxor,
3363 5455 3684 5527 Aristobuli,

2113 5536 2166 5600 et
2210 5525 2524 5600 Alexandri,
2568 5526 2708 5600 fuit;
2750 5525 2869 5597 quae
2917 5540 3039 5600 post
3069 5532 3369 5586 Aristobuli
3421 5525 3686 5595 mortem,

2114 5593 2397 5649 Jannaeum
2454 5593 2820 5670 Alexandrum
2878 5593 3115 5654 vinculis
3156 5603 3278 5655 illeo
3331 5603 3570 5670 solutum
3619 5593 3689 5659 ad

2110 5667 2594 5742 νεξετῃιιιιιι-ειιειιἰι,Δ
2629 5670 2776 5742 _q_u_ud
2807 5686 2930 5742 cum
2965 5687 3030 5742 e_o
3064 5673 3284 5742 nuptias
3317 5667 3648 5742 copula’sset.

2183 5735 2258 5812 (5)
2430 5736 2595 5812 rapo
2629 5737 2901 5812 Ἰᾁκωϐος
2933 5735 3401 5812 aptam-Frustra
3430 5746 3532 5797 sibi
3567 5759 3690 5812 per-

2113 5807 2286 5860 suasit
2308 5806 2645 5875 Epiphanius
2664 5806 2926 5864 Jacobum
2959 5811 3218 5866 Minorem
3241 5811 3546 5881 Josephi’B.
3567 5806 3694 5867 Mai--

3348 5910 3419 5969 13
