4170 6372
511 355 615 411 595

1882 350 1939 406 S.
1982 348 2327 406 EPIPHANII

3660 363 3771 425 396

510 480 635 547 iuge
665 476 838 531 illius:
866 475 920 531 id
950 474 1094 545 quod
1124 473 1375 543 pluribus
1404 471 1538 527 locis
1568 486 1598 525 a
1633 486 1719 526 me
1749 485 2066 527 commemo-

2188 473 2255 525 ἐκ
2306 474 2564 541 γυναικὸς
2606 475 2699 529 τοῦ
2750 477 2967 549 Ἰωσὴφ,
3017 479 3116 533 οὐκ
3156 481 3263 535 ἀπὸ
3294 482 3531 553 Μαρίας,
3563 485 3638 549 ὡς
3672 489 3769 543 καὶ

510 578 688 623 mtum
725 577 828 632 est,
864 566 1319 635 manifestiusque
1346 565 1704 634 disputatum.
1751 564 1893 630 Quin
1921 566 2086 619 etiam

510 678 541 715 ο
593 658 812 715 Davidis
861 674 1061 729 genere
1112 666 1471 729 propagatum
1540 657 1691 710 illum
1759 658 2083 727 reperimus,

509 763 697 825 utpote
716 752 938 823 Josephi
967 751 1156 815 ﬁlium,
1177 749 1540 819 eumdemque
1562 748 1880 804 Nazarmum
1907 768 1922 803 :
1956 766 2080 804 nam

506 846 732 917 Josephi
766 846 1063 900 liberorum
1096 842 1185 896 hic
1213 842 1447 910 primus,
1480 855 1544 895 ac
1574 848 1931 897 consecratus
1959 841 2080 895 fuit.

507 940 622 993 lmo
659 948 711 992 et
762 935 1021 991 sacerdos
1068 950 1134 989 ex
1170 933 1374 988 veteris
1430 932 1575 985 illius
1626 932 1734 984 ritu
1791 930 2087 986 sacerdotii

510 1032 681 1087 fuisse
724 1029 1060 1099 perhibetur.
1097 1026 1463 1092 Quamobrem
1496 1025 1661 1079 semel
1706 1024 1755 1078 ei
1788 1023 2085 1093 quotannis

510 1128 565 1180 in
606 1123 809 1178 Sancta
834 1130 1147 1177 sanctorum
1180 1133 1501 1171 concessum
1530 1125 1615 1172 est
1639 1116 1870 1187 ingredi,
1894 1132 2086 1187 quem-

508 1216 801 1272 admodum
861 1212 1089 1267 summis
1159 1207 1536 1263 sacerdotibus
1608 1208 1725 1277 lege
1772 1223 1894 1262 esse
1944 1224 2076 1278 prae-

508 1307 773 1377 scriptum
806 1320 837 1358 e
871 1301 1045 1358 sacris
1081 1300 1303 1355 Litteris
1340 1300 1651 1354 didicimus.
1689 1299 1843 1364 Quod
1864 1298 2083 1368 quidem

504 1398 573 1455 de
609 1397 815 1452 Jacobo
850 1395 1095 1465 plerique
1116 1401 1241 1447 ante
1263 1407 1365 1447 nos
1397 1391 1672 1446 memoriae
1695 1391 2079 1460 prodiderunt,

507 1500 569 1547 ut
602 1490 897 1553 Eusebius,
938 1486 1212 1548 Clemens,
1244 1493 1297 1540 et
1333 1484 1447 1538 alii.
1485 1483 1591 1538 Sed
1617 1492 1669 1537 et
1702 1485 1976 1538 bracteam
2001 1484 2081 1538 ei-

504 1583 625 1638 dem
656 1583 711 1635 in
742 1581 921 1650 capite
953 1586 1169 1648 gestare
1199 1577 1440 1639 licuisse,
1470 1590 1609 1644 quos
1630 1575 1876 1645 proxime
1907 1575 2082 1628 nomi-

503 1675 628 1730 navi
663 1672 843 1728 idonei
887 1671 1186 1739 scriptores
1214 1666 1628 1722 commentariis
1673 1666 1789 1720 suis
1820 1672 2077 1720 testatum

502 1769 863 1838 reliquerunt.
900 1763 1167 1829 Quocirca
1202 1759 1483 1822 sacerdos,
1507 1760 1586 1811 uti
1625 1757 1888 1822 diximus,
1918 1755 2078 1811 Jesus

2191 565 2270 626 εἰς
2307 565 2535 629 πολλοὺς
2583 568 2780 631 τόπους
2820 571 2977 623 τοῦτο
3007 574 3141 642 ἡμῖν
3184 572 3416 643 εἴρηται,
3456 578 3547 629 καὶ
3595 581 3765 648 σαφέ-

2191 670 2380 725 στερον
2409 658 2541 726 ἡμῖν
2578 661 3085 729 πεπραγμάτευται.
3132 663 3289 716 ’Λλλά
3321 666 3413 717 καὶ
3441 667 3767 737 εὑρίσκοιενν

2189 745 2352 798 αὐτὸν
2384 748 2447 799 ὲκ
2481 747 2575 799 τοῦ
2611 750 2775 802 Δαϐὶδ
2807 751 2957 817 ὄντα,
2983 752 3070 805 διὰ
3088 754 3178 805 τὸν
3205 754 3317 807 υἱὸν
3344 751 3483 809 εἶναι
3506 760 3602 813 τοῦ
3656 763 3765 815 Ἰω-

2190 836 2296 905 σὴφ
2340 837 2663 908 Ναζωραῖον
2703 842 3014 911 γενόμενον.
3048 840 3287 918 ’Ἦν-γὰρ
3321 850 3661 921 πρωτότοκος
3688 854 3764 925 τῷ

2201 926 2418 998 Ἰωσὴφ,
2455 932 2548 982 καὶ
2598 934 2947 1002 ήγιασμένος.
2992 937 3111 989 Ἔτι
3158 938 3214 988 δὲ
3255 940 3347 991 καὶ
3379 943 3765 1011 ίερατεύσαντα

2188 1016 2348 1069 αὑτὸν
2379 1018 2453 1087 (4)
2484 1020 2623 1074 κατὰ
2653 1024 2751 1092 τὴν
2798 1025 3032 1079 παλαιὰν
3066 1028 3363 1100 ἱερωσύνην
3391 1031 3643 1103 εὕρομεν.
3674 1036 3767 1089 Διὸ

2188 1110 2281 1163 καὶ
2320 1112 2511 1180 ἠφίετο
2558 1116 2705 1186 αὐτῷ
2752 1118 2901 1182 ἅπαξ
2932 1118 3023 1172 τοῦ
3070 1121 3316 1173 ἐνιαυτοῦ
3365 1125 3444 1187 εἰς
3484 1126 3552 1178 τὰ
3599 1126 3766 1196 ’Ἅγια

2184 1200 2293 1253 τῶν
2332 1202 2501 1269 ἁγίων
2536 1206 2785 1271 εἰσιέναι,
2827 1207 2902 1270 ὡς
2936 1211 3047 1272 τοῖς
3089 1209 3433 1280 ἀρχιερεῦσιν
3483 1213 3767 1267 ἐκέλευσεν

2183 1292 2212 1343 ὁ
2241 1292 2421 1361 νόμος,
2458 1294 2602 1347 κατά
2632 1296 2690 1348 τὸ
2723 1299 3125 1368 γεγραμμένον.
3158 1300 3314 1353 Οὕτω
3335 1301 3441 1373 γὰρ
3476 1304 3767 1376 ἱστόρησαν

2184 1381 2368 1435 πολλοὶ
2413 1385 2518 1454 πρὸ
2546 1387 2706 1455 ἡμῶν
2735 1390 2866 1458 περὶ
2906 1389 3090 1453 αὐτοῦ,
3121 1391 3379 1455 Εὑσέδιός
3409 1411 3466 1447 τε
3496 1396 3587 1448 καὶ
3623 1384 3763 1466 Κλή-

2186 1491 2314 1543 μης,
2352 1476 2444 1528 καὶ
2490 1477 2660 1530 ἄλλοι.
2723 1479 2883 1532 Ἀλλὰ
2916 1481 3098 1533 καὶτὸ
3148 1484 3378 1537 πέταλον
3415 1486 3506 1539 ἐπὶ
3538 1488 3637 1558 τῆς
3674 1506 3761 1541 γε·

2184 1566 2357 1637 φαλῆς
2406 1568 2535 1638 ἐξῆν
2580 1570 2728 1640 αὐτῷ
2780 1572 2987 1643 φέρειν,
3045 1573 3226 1638 καθὼς
3276 1578 3323 1628 οἱ
3378 1580 3767 1650 προειρημένοι

2181 1655 2486 1721 ἀξιόπιστοι
2556 1659 2746 1730 ἄνδρες
2820 1664 2877 1715 ὲν
2934 1666 3045 1725 τοῖς
3109 1665 3199 1717 ὑπ’
3260 1666 3441 1721 αὐτῶν
3517 1672 3760 1743 ὑπομνηο

2186 1753 2477 1820 ματισμοῖς
2525 1753 2929 1826 ἐμαρτύρησαν.
2994 1757 3190 1827 Ἰερεὺς
3230 1760 3426 1824 τοίνυν,
3468 1763 3543 1826 ὼς
3602 1765 3759 1836 ἔφην,

500 1829 755 1916 Christus
779 1856 1046 1910 Dominus
1078 1861 1267 1908 noster
1306 1852 1361 1905 in
1407 1858 1671 1904 aeternum
1716 1848 1839 1913 fuit,
1877 1865 2066 1905 secun-

2184 1838 2211 1887 ὀ
2245 1837 2446 1908 Κύριος
2483 1841 2641 1910 ἡμῶν
2701 1842 2905 1913 Ἰησοῦς
2938 1845 3169 1915 Χριστὸς
3202 1849 3282 1910 εἰς
3313 1849 3402 1902 τὸν
3428 1852 3595 1905 αἰῶνα
3621 1829 3761 1908 διατά

501 1953 630 2007 dum
662 1947 911 2005 ordinem
931 1943 1293 1998 Melehisedec
1319 1943 1360 2005 ¹,
1384 1940 1634 2010 idemque
1653 1954 1749 1993 rex
1775 1940 2076 1995 secundum

503 2040 845 2112 superiorem
873 2050 939 2090 ac
962 2035 1240 2090 caelestem
1272 2031 1541 2095 ordinem,
1572 2040 1630 2085 ut
1661 2048 1768 2085 una
1800 2048 1924 2087 cum
1962 2034 2078 2105 lege

500 2130 868 2189 sacerdotium
904 2124 1246 2181 transferret.
1288 2122 1415 2177 Fuit
1445 2138 1576 2179 vero
1617 2130 1836 2194 pr0pter
1870 2124 1929 2179 B.
1964 2124 2077 2179 Ma-

499 2224 638 2277 riam
686 2236 717 2275 e
770 2217 992 2271 Davidis
1035 2213 1306 2268 oriundus
1352 2214 1542 2283 stirpe,
1592 2221 1757 2283 atque
1800 2216 1854 2269 in
1906 2217 2074 2286 regali

499 2315 639 2371 solio
694 2311 845 2367 sedet
895 2311 950 2363 in
998 2318 1283 2370 aeternum,
1335 2313 1388 2361 et
1422 2306 1573 2376 regni
1615 2306 1762 2362 illius
1814 2322 1921 2361 non
1971 2309 2075 2362 erit

497 2406 624 2463 finis
651 2406 692 2460 ’.
725 2402 996 2457 Nimirum
1029 2397 1334 2453 transferre
1368 2397 1520 2450 illum
1556 2412 1667 2452 non
1698 2398 1883 2453 minus
1921 2400 2072 2469 regni

496 2514 663 2571 quam
708 2493 1004 2553 sacerdotii
1061 2492 1307 2546 ordinem
1359 2489 1603 2560 oportuit
1641 2508 1654 2543 :
1710 2493 1908 2561 quippe
1947 2507 2071 2545 cum

494 2592 619 2663 ejus
651 2604 877 2661 regnum
914 2585 1139 2639 minime
1177 2598 1241 2638 ex
1284 2582 1387 2636 hoc
1419 2583 1619 2637 mundo
1654 2582 1744 2646 sit,
1788 2592 1846 2637 ut
1878 2582 2071 2639 Pontio

490 2684 671 2741 Pilato
720 2682 777 2735 in
830 2676 1124 2748 Evangelio
1175 2674 1526 2744 respondisse
1582 2674 1783 2729 fertur:
1834 2674 2071 2745 Regnum

494 2790 670 2831 meum
684 2788 786 2825 non
806 2785 882 2824 est
909 2767 971 2822 de
992 2768 1088 2820 hoc
1110 2768 1305 2820 mundo
1321 2765 1504 2819 ’.Cum
1523 2767 1668 2820 enim
1691 2765 1944 2822 Christus
1968 2770 2070 2824 sub

491 2864 822 2935 quibusdam
862 2860 1210 2931 aanigmatum
1264 2858 1563 2913 involucris
1618 2860 1871 2915 universa
1912 2875 2068 2915 com-

489 2958 686 3028 pleret,
744 2950 890 3023 quod
934 2950 1205 3003 hactenus
1253 2948 1542 3018 gerebatur
1591 2963 1689 3018 par
1736 2948 1838 3001 fuit
1886 2950 2069 3019 aliquo

490 3058 653 3103 tenus
686 3042 989 3115 pervenire.
1022 3039 1210 3109 Neque
1244 3054 1376 3094 vero
1412 3039 1533 3094 ideo
1570 3042 1733 3104 venit,
1767 3050 1825 3095 ut
1854 3042 1949 3111 qui
1980 3058 2067 3097 re-

490 3146 711 3211 gnasset
743 3137 1029 3199 hactenus,
1055 3133 1327 3201 imperare
1350 3146 1515 3200 porro
1543 3142 1792 3202 pergeret
1822 3152 1836 3186 :
1866 3134 1961 3190 sed
1998 3136 2065 3190 iis

2185 1927 2282 1998 τὴν
2320 1929 2472 1995 τάξιν
2526 1933 2879 2003 Μελχισεδὲκ,
2931 1936 3183 2004 βασιλεύς
3223 1956 3283 1991 τε
3316 1941 3450 2009 ὁμοῦ
3478 1944 3621 1997 κατὰ
3663 1948 3758 2016 τὴν

2184 2020 2335 2085 τάξιν
2361 2022 2457 2093 τὴν
2487 2023 2711 2088 ἄνωθεν,
2752 2027 2837 2079 ἴνα
2871 2030 3156 2101 μεταγάγῃ
3184 2031 3281 2102 τὴν
3318 2034 3617 2107 ἱερωσύνην
3643 2039 3758 2109 ἆμσ

2184 2114 2249 2181 τῇ
2280 2114 2593 2185 νομοθεσίᾳ.
2627 2115 2732 2168 Τοῦ
2774 2117 2829 2169 δὲ
2877 2118 3186 2189 σπέρματος
3213 2123 3377 2175 Δαϐὶδ
3404 2125 3491 2178 διά
3515 2127 3613 2198 τὴν
3638 2131 3754 2183 Μα-

2187 2203 2307 2272 ρίαν
2344 2206 2708 2276 καθεζομένου
2739 2210 2796 2261 ὲν
2839 2209 3013 2280 θρόνῳ
3057 2213 3137 2274 εἰς
3169 2214 3260 2267 τὸν
3304 2216 3495 2282 αἰῶνα,
3524 2221 3619 2272 καὶ
3660 2224 3755 2294 τῆς

2184 2295 2462 2363 βασιλείας
2509 2299 2675 2352 αὐτοῦ
2710 2302 2809 2353 οὐκ
2840 2301 2991 2355 ἔσται
3038 2304 3206 2369 τέλος.
3245 2308 3389 2362 Ἔδει
3440 2311 3549 2383 γάρ
3595 2314 3755 2369 αὐτὸν

2181 2385 2274 2439 νῦν
2323 2392 2651 2457 μεταγαγεῖν
2680 2391 2778 2460 τὴν
2819 2391 2990 2457 τάξιν,
3047 2395 3141 2447 τοῦ
3183 2413 3243 2447 τε
3294 2396 3583 2467 βασιλείου.
3637 2407 3749 2460 Καὶ

2180 2479 2288 2549 γάρ
2328 2482 2361 2549 ή
2416 2480 2661 2550 βασιλεία
2704 2483 2869 2535 αὐτοῦ
2911 2486 3011 2538 οὐκ
3056 2486 3202 2540 ἔστιν
3246 2490 3352 2542 ἀπὸ
3388 2493 3485 2563 τῆς
3512 2496 3636 2566 γῆς,
3679 2500 3754 2564 ὡς

2184 2569 2368 2639 ἔλεγεν
2403 2574 2459 2625 ἐν
2500 2574 2579 2645 τῷ
2626 2574 2941 2647 Εὐαγγελίῳ
2989 2579 3197 2649 Ποντίῳ
3240 2582 3490 2655 Πιλάτῳ·
3548 2589 3617 2642 Ἣ
3641 2593 3748 2655 βα-

2178 2666 2381 2718 (rixata
2422 2684 2541 2735 μου
2595 2670 2706 2721 οὐκ
2754 2670 2925 2722 ἐστιν
2968 2671 3036 2724 ἐκ
3080 2674 3185 2727 τοῦ
3231 2676 3466 2745 κόσμου
3516 2685 3731 2739 τούτου

2178 2758 2284 2810 Τοῦ
2313 2758 2421 2829 γὰρ
2454 2759 2692 2831 Χριστοῦ
2724 2760 2790 2813 τὰ
2835 2763 3011 2816 πάντα
3040 2764 3370 2835 πληροῦντος
3403 2771 3469 2823 δι’
3501 2775 3749 2847 αἰνιγμά-

2175 2866 2304 2915 των,
2339 2849 2444 2911 ἓως
2487 2844 2633 2914 τινος
2682 2852 2880 2922 μέτρου
2937 2856 2991 2905 αἱ
3043 2854 3325 2921 ὑποθέσεις
3377 2844 3751 2929 ἔφθανονξυύ

2176 2938 2284 3008 γάρ
2326 2933 2510 3008 ἦλθεν,
2562 2941 2647 2993 ἵνα
2698 2944 2983 3013 προκοπὴν
3030 2943 3167 3015 λάϐῃ
3207 2945 3482 3014 βασιλείας
3525 2954 3552 3003 ὁ
3599 2953 3751 3023 βασι-

2174 3030 2346 3085 λεύων
2380 3031 2498 3083 ἀεί·
2528 3032 2821 3102 ἐχαρίσατο
2868 3036 2924 3087 δὲ
2957 3038 3069 3099 τοῖς
3104 3038 3193 3090 ὑπ’
3227 3040 3390 3093 αὐτοῦ
3423 3043 3750 3118 καθισταμέ-

2175 3140 2284 3185 νοις
2310 3123 2368 3176 τὸ
2403 3123 2689 3193 βασίλειον,
2719 3120 2804 3179 ἵνα
2841 3128 2914 3199 μὴ
2958 3130 3230 3201 ὀνομασθῇ
3263 3132 3368 3186 ἀπὸ
3395 3135 3503 3188 τῶν
3539 3144 3749 3211 μικρῶν

488 3194 740 3301 ;egntim,
765 3241 903 3297 quos
930 3194 1294 3279 constituerat
1316 3224 1433 3292 ipse
1465 3222 1753 3294 dilargitus
1784 3232 1891 3287 est,
1936 3241 2004 3280 ne
2035 3241 2065 3279 a

2170 3216 2263 3266 ἐπὶ
2314 3214 2380 3267 τὰ
2449 3217 2668 3286 μείζονα
2722 3194 3071 3288 προπόπτεινν.
3130 3194 3294 3276 Μενει
3348 3227 3457 3297 γάρ
3512 3194 3675 3283 αὑτοῦ
3720 3237 3753 3289 ὁ

489 3318 797 3373 minoribus
843 3314 1094 3384 progredi
1132 3312 1199 3365 ad
1246 3312 1458 3381 majora
1500 3311 1608 3367 dici
1655 3314 1850 3383 possit.
1888 3313 2067 3369 Manet

489 3410 692 3481 quippe
732 3406 888 3465 sedes
930 3405 1100 3470 illius,
1138 3411 1192 3458 et
1233 3405 1383 3474 regni
1435 3404 1556 3473 ejus
1604 3420 1716 3459 non
1763 3407 1866 3460 erit
1919 3406 2063 3472 linis,

489 3508 654 3568 atque
696 3497 751 3550 in
800 3493 1019 3549 Davidis
1067 3493 1204 3547 solio
1251 3492 1530 3557 considet,
1582 3506 1868 3565 propterea
1920 3499 2065 3566 quod

488 3588 713 3644 Davidis
752 3602 979 3657 regnum
1027 3585 1332 3648 transtulit,
1369 3585 1531 3655 idque
1579 3587 1760 3655 ipsum
1796 3603 1904 3642 una
1938 3604 2064 3643 cum

487 3678 807 3751 pontificatu
841 3677 1016 3735 servis
1067 3675 1183 3731 suis
1228 3675 1479 3739 indulsit,
1516 3675 1618 3729 hoc
1660 3685 1745 3731 est
1778 3679 2063 3735 catholicae

488 3774 749 3828 Ecclesiae
797 3771 957 3841 120
988 3769 1357 3840 pontificibus.
1410 3767 1518 3823 Sed
1556 3770 1729 3822 multa
1780 3771 1849 3826 de
1893 3788 1956 3828 ea
2004 3789 2064 3828 re

486 3864 761 3937 disputari
814 3869 1065 3933 possunt.
1102 3860 1372 3927 Quoniam
1423 3876 1553 3915 vero
1599 3860 1667 3914 ad
1710 3875 1835 3916 eum
1883 3862 2061 3918 locum

560 3998 578 4030 ¹
610 3996 773 4052 Hebr.
804 4011 883 4061 vt,
917 3995 1009 4050 20.
1083 3995 1104 4026 ²
1132 3993 1264 4049 Luc.
1298 4010 1338 4055 ι.
1366 3996 1457 4049 52.
1534 3997 1554 4028 ³
1592 3994 1752 4052 Joan.
1786 4013 1942 4064 xvm,
1966 3998 2056 4055 36.

484 4108 584 4162 rite
613 4104 866 4175 conjugis
893 4104 1062 4158 lilium
1101 4101 1290 4175 fuisse,
1322 4102 1801 4175 ideoqueﬂDomini
1836 4103 2058 4161 fratrem

486 4173 889 4233 nominariIDe
917 4189 1025 4242 qua
1066 4188 1125 4227 re
1162 4173 1367 4227 dictum
1408 4181 1491 4228 est
1518 4173 1623 4226 alio
1652 4175 1704 4226 in
1741 4176 1880 4228 loco.

557 4248 633 4317 (4)
669 4248 796 4317 Ἔτι
821 4244 888 4317 βε
920 4243 1019 4297 καὶ
1057 4244 1723 4317 ιερᾳτεύσαντα-αὺτόν.
1764 4244 1900 4317 ιιιυά
1929 4260 2060 4317 vero

485 4313 789 4372 non'modo
816 4314 1036 4384 falsum,
1072 4313 1167 4384 sed
1193 4322 1246 4366 et
1266 4323 1457 4384 contra
1492 4313 1820 4384 hypothesin
1860 4322 1965 4369 est.
2000 4315 2058 4370 Si

484 4386 708 4454 Iosephi
733 4385 874 4455 filius
897 4382 1266 4455 estlacobus,
1293 4381 1765 4455 Josephu‘s’autem
1797 4386 1862 4440 de
1885 4385 2059 4455 stirpe

487 4453 656 4509 David
683 4469 791 4508 non
831 4454 1067 4523 Levitica
1100 4468 1163 4505 ac
1193 4453 1518 4506 sacerdotali
1549 4453 1685 4519 fuit;
1717 4456 1810 4523 qui
1840 4453 2056 4509 tandem

487 4524 749 4583 Sa’cerdos
777 4540 899 4578 esse
936 4522 1171 4576 Jacobus
1198 4523 1408 4591 potuit?
1450 4523 1610 4577 Dices
1637 4522 1943 4578 maternum
1974 4526 2049 4578 illi

487 4612 660 4666 genus
682 4595 751 4649 ab
772 4593 1096 4666 sacerdotali
1120 4594 1262 4646 tribu
1280 4602 1669 4666 propagatum.
1696 4592 1802 4666 sed
1834 4603 1893 4647 ut
1918 4596 2049 4666 illud

486 4662 711 4728 demus,
742 4665 865 4733 quis
915 4663 1111 4733 nescit,
1151 4662 1297 4731 quod
1348 4662 1673 4731 jampridem
1720 4665 1788 4717 ab
1820 4665 2050 4720 eruditis

409 4778 417 4793 .
484 4732 799 4791 hominibus
854 4732 1132 4801 proditum
1179 4741 1281 4796 est,
1319 4741 1625 4785 maternum
1671 4749 1841 4800 genus
1897 4736 2048 4789 nullo

484 4821 715 4861 numero
746 4804 913 4858 fuisse
944 4821 956 4855 :
990 4802 1186 4855 nedum
1224 4811 1283 4854 ut
1320 4810 1541 4870 propter
1584 4803 1717 4856 illud
1742 4805 1836 4870 jus
1878 4806 2047 4859 ullum

483 4878 552 4931 ad
582 4874 944 4930 sacerdotium
975 4872 1173 4925 habere
1196 4873 1481 4942 quisquam
1525 4873 1802 4942 potuerit?
1832 4874 1938 4929 Sed
1977 4876 2049 4929 de

481 4955 596 5001 tota
646 4946 747 4997 hac
790 4942 978 4996 Jacobi
1022 4943 1248 4996 historia
1283 4941 1492 4995 dicetur
1528 4941 1605 4995 ad
1642 4944 1769 4996 han'.
1817 4960 2047 5011 Lxxvm,

480 5018 573 5072 ubi
608 5016 675 5070 de
707 5014 910 5069 Jacobo
938 5013 1244 5066 uberiorem
1280 5013 1644 5067 narrationem
1680 5014 1937 5068 instituit.

551 5086 627 5155 (5)
668 5087 745 5137 Δι’
794 5084 1124 5155 ἣνχαὶτίαν
1167 5081 1449 5155 Ἰεσᾳαῖοι
1494 5082 1849 5155 ἐκαλοῦντο.
1891 5085 2048 5138 Chri-

483 5152 695 5213 stianos
725 5156 854 5225 olim
882 5152 1120 5225 Jessaeos
1148 5154 1459 5225 appellatos
1486 5152 1657 5207 fuisse
1691 5154 2049 5225 censet_Epi-

480 5227 718 5298 plianius
747 5241 777 5279 a
808 5223 962 5298 Jesse
992 5222 1214 5298 pavidis
1244 5223 1628 5298 progenitore:
1663 5230 1758 5298 au_t
1791 5226 1859 5298 ab
1888 5222 2041 5298 Jesii,

477 5294 623 5367 quod
669 5295 933 5367 Hebraiee
987 5294 1324 5367 θεραπευτήν
1376 5294 1954 5367 εοιιθινθιιιΑΣωτῆρα.
1984 5296 2042 5349 In

420 5363 432 5374 ⁸
476 5363 591 5437 quo
625 5381 656 5419 a
688 5366 968 5420 nonnullis
997 5363 1369 5437 vehementius
1394 5364 1587 5437 agitari
1618 5364 1778 5437 solet,
1812 5363 2043 5437 sedhte-

476 5434 667 5492 feticis
703 5437 892 5497 ferme,
915 5450 1146 5503 quorum
1176 5434 1290 5488 sive
1318 5448 1427 5487 non
1456 5434 1728 5487 imn‘ierito
1751 5435 2045 5503 reprehen-

478 5508 632 5573 dant,
671 5507 1027 5561 intolerabilis
1063 5504 1350 5572 superbia;
1399 5505 1514 5557 sive
1561 5520 1844 5574 perperam
1881 5520 2044 5559 accu-

478 5585 622 5639 sent,
652 5577 952 5630 vanissima
981 5590 1044 5629 ac
1073 5575 1302 5627 ridicula
1330 5574 1666 5643 impudentia
1698 5582 1802 5628 est.
1826 5573 1901 5627 Ex
1940 5575 2041 5629 hoc

476 5647 645 5730 igitur
675 5661 835 5730 grege
865 5647 1086 5730 quidam
1124 5662 1137 5697 :
1175 5642 1441 5730 Pro[ecto,
1486 5645 1685 5727 inquit.
1727 5660 1844 5730 cum
1891 5645 2040 5727 illum

477 5709 982 5783 Epiphaitii'loc'um
1032 5715 1162 5783 lego,
1195 5709 1325 5766 satis
1369 5709 1780 5783 mirari—nequeo
1811 5716 2038 5769 hominis

476 5786 832 5848 inscientiam,
863 5795 909 5837 et
950 5785 1004 5837 in
1047 5785 1238 5852 liuguw
1260 5785 1718 5853 interpretatione,
1746 5794 1795 5838 et
1822 5788 1875 5837 in
1906 5788 2041 5838 veri-

481 5866 587 5909 tate
630 5855 884 5911 Itistoriw.
914 5854 1055 5909 Adeo
1077 5854 1257 5908 multis
1281 5854 1531 5910 adversus
1566 5865 1840 5924 utrumque
1870 5856 2038 5912 modis

2172 3310 2380 3381 θρόνος.
2414 3311 2509 3363 καὶ
2563 3312 2663 3379 τῆς
2712 3314 2986 3382 βασιλείας
3039 3317 3201 3370 αὐτοῦ
3232 3320 3331 3371 οὐκ
3382 3320 3533 3374 ἕσται
3572 3324 3746 3387 τέλος,

2170 3403 2263 3455 καὶ
2288 3402 2517 3472 κάθηται
2544 3404 2633 3455 ἐπὶ
2666 3404 2755 3457 τὸν
2785 3405 2971 3476 Θρόνον
3012 3408 3207 3460 Δαὸίδ’
3255 3410 3315 3462 τὸ
3347 3410 3617 3481 βασίλειον
3648 3414 3743 3468 τοῦ

2168 3495 2332 3548 Δαϐὶδ
2388 3497 2766 3566 μεταστήσας,
2821 3500 2913 3552 καὶ
2973 3501 3336 3571 χαρισάμενος
3387 3506 3499 3568 τοῖς
3547 3506 3745 3559 ἑαυτοῦ

2166 3585 2371 3648 δούλοις
2400 3586 2519 3656 ἅμα
2565 3590 2630 3658 τῇ
2686 3590 3086 3663 ἀρχιερωσύνη,
3120 3594 3365 3648 τουτέστι
3410 3600 3522 3659 τοῖς
3554 3599 3744 3669 ἀρχιε-

2168 3679 2320 3750 ρεῦσι
2346 3681 2445 3749 τῆς
2497 3681 2790 3753 καθολικῆς
2852 3683 3200 3753 Ἐκκλησίας.
3255 3686 3362 3738 Καὶ
3411 3687 3582 3742 πολλά
3625 3690 3744 3743 ἔστι

2166 3770 2293 3840 περὶ
2320 3770 2509 3823 τούτου
2536 3771 2733 3841 λέγειν.
2785 3774 2923 3827 Ἀλλ’
2949 3776 3098 3845 ὅμως
3122 3777 3307 3849 ἐπειδὴ
3341 3780 3420 3841 εἰς
3449 3779 3539 3832 τὸν
3576 3782 3747 3835 τόπον

2165 3860 2394 3933 ἐλήλυθα
2420 3864 2590 3918 εἰπεῖν
2624 3863 2690 3917 δι’
2717 3864 2782 3935 ἢν
2811 3866 2991 3920 αἰτίαν
3034 3868 3279 3922 Ἰεσσαῖοι
3320 3870 3608 3925 ἐκαλοῦντο
3637 3874 3741 3944 (5),

2165 4120 2344 4183 peccat
2375 4112 2427 4164 in
2453 4112 2548 4165 illo
2572 4128 2691 4183 uno,
2704 4112 2767 4165 de
2795 4113 3079 4169 .N'azarazis
3110 4116 3297 4183 capite.
3331 4115 3437 4172 Sed
3464 4117 3533 4172 de
3563 4117 3737 4175 histo-

2161 4181 2241 4258 ria
2274 4196 2399 4258 mox
2428 4183 2633 4258 videro.
2672 4182 2744 4258 De
2774 4186 3012 4258 nominis
3050 4186 3147 4258 τοῦ
3173 4181 3362 4257 -Ίησοῢ
3410 4189 3736 4258 interpreta-

2161 4250 2443 4328 tionehhoc
2470 4253 2630 4328 vulgo
2657 4253 2936 4328 criminari
2982 4257 3159 4328 solent
3189 4277 3202 4311 :
3245 4250 3390 4326 quod
3421 4250 3599 4328 Ἰησόῦ
3630 4276 3737 4313 no-

2162 4335 2284 4392 men
2313 4318 2513 4392 Crtecaa
2548 4318 2774 4390 originis
2814 4338 2936 4378 esse
2961 4318 3278 4392 crediderit,
3304 4328 3413 4381 ἀπὸ
3454 4318 3548 4381 τοῦ
3580 4331 3734 4383 ἰάσα-

2162 4387 2306 4472 σθαι,
2341 4390 2455 4444 sive
2491 4387 2742 4481 ἰήσιασροιι
2769 4393 2947 4470 loniee
2972 4387 3269 4481 concepto,
3292 4397 3552 4479 quodest
3579 4400 3738 4481 φερα-

2159 4459 2376 4534 πεύ-ειν,
2389 4475 2513 4514 cum
2531 4459 2612 4534 ab;
2628 4460 2889 4534 Hebraica
2907 4480 3038 4519 voce
3065 4459 3293 4534 petenda
3310 4459 3563 4522 'nominis
3582 4459 3732 4526 illius

2158 4531 2309 4604 not-io
2336 4531 2426 4594 sit,
2446 4547 2565 4599 quze
2584 4532 2921 4604 salvatorem
2954 4531 3447 4604 sign—iticatNerum
3466 4539 3580 4593 htec
3597 4557 3730 4595 συν-

2153 4598 2403 4680 ωνύμως,
2438 4598 2492 4680 et
2523 4601 2742 4680 quidem
2796 4603 2937 4656 haud
2987 4598 3223 4661 a'bsurde
3269 4610 3550 4675 usurpavit
3589 4610 3728 4680 Epi-

2154 4669 2653 4743 phanius._Etenim
2681 4681 2813 4743 mm,
2843 4689 2872 4726 a
2900 4690 3008 4743 quo
3034 4686 3255 4740 animm.
3294 4680 3375 4733 vel
3396 4669 3548 4741 imm,
3583 4669 3727 4735 idem

2152 4747 2235 4816 est
2272 4754 2335 4793 ac
2367 4740 2756 4816 σώζεινηίιυοά
2809 4744 2863 4816 in
2917 4740 3168 4815 corporis
3211 4740 3488 4816 animique
3519 4740 3728 4807 morbis

2151 4808 2292 4861 idem
2339 4818 2422 4863 est
2470 4826 2534 4883 ac
2585 4808 2905 4883 θεραπεύειν
2950 4808 3331 4870 ει’ἱάσασθαι.
3360 4808 3725 4883 Quamobrem

2150 4893 2259 4931 non
2287 4879 2585 4957 secundum
2608 4879 2999 4957 ¹ἀκριϐολογίαν
3028 4895 3081 4957 et
3132 4879 3470 4957 κυριολεξῖαν
3501 4889 3728 4944 Hebrai-

2151 4965 2212 5027 ςιι
2254 4966 2355 5001 vox
2386 4950 2707 5027 θεραπεύειν
2755 4963 2937 5027 sonat;
2990 4956 3086 5010 sed
3119 4950 3555 5027 μεταληπτικῶς,
3590 4969 3647 5012 ιιι
3672 4970 3726 5015 et

2147 5016 2355 5083 Jesum,
2384 5016 2726 5091 qu'irprOprie
2755 5025 2995 5078 salvator
3024 5016 3131 5091 est,
3166 5016 3423 5080 medicum
3459 5016 3724 5082 acncura-

2150 5099 2315 5166 torem
2349 5105 2453 5166 non
2476 5090 2830 5166 incommode
2863 5090 3209 5164 interpretari
3239 5099 3418 5152 liceat.
3443 5097 3562 5166 Ipse
3584 5102 3723 5153 enim

2147 5158 2351 5239 salvum
2380 5160 2539 5239 faciet
2563 5162 2810 5239 populum
2841 5181 2873 5216 a
2908 5158 3141 5239 peccatis,
3162 5183 3363 5234 eorum,
3398 5158 3721 5239 ait-angelus

2148 5227 2424 5307 (Matt/ili.
2457 5227 2757 5307 21)..Quod
2788 5227 3242 5307 quemadmodum
3274 5227 3603 5307 praestiterit,
3625 5240 3720 5293 de-

2145 5301 2318 5377 clarat
2349 5300 2544 5377 Petrus
2574 5303 2589 5364 (
2619 5304 2737 5377 Aet.
2772 5300 2826 5362 χ,
2864 5305 2955 5371 58)
2986 5324 2998 5357 :
3034 5307 3137 5371 Qui
3168 5300 3474 5373 pertransiit
3507 5300 3718 5377 benefa-

2143 5370 2345 5443 ciendo,
2379 5381 2424 5443 et
2469 5371 2739 5426 liberanda
2769 5390 2942 5428 ontnes
2972 5370 3240 5443 oppressos
3272 5396 3303 5430 ιι
3334 5378 3566 5432 diabolo.
3606 5370 3717 5432 Ad-

2146 5438 2213 5517 de
2231 5440 2347 5517 jam
2382 5442 2629 5495 Graecum
2668 5459 2732 5496 ex
2762 5438 3068 5517 propinquo
3094 5449 3439 5510 vocabulum,
3473 5448 3616 5517 quod
3648 5449 3715 5502 ab

2146 5506 2372 5587 Hebraeo
2399 5520 2465 5587 et
2487 5506 2924 5587 pronuntiatione
2954 5506 3005 5568 εἰ
3031 5532 3159 5570 vero
3191 5506 3456 5587 potestate
3483 5506 3590 5571 non
3620 5518 3718 5571 ad-

2143 5579 2363 5658 modum
2383 5579 2727 5658 abhorrebat,
2754 5586 3151 5658 undejnominis
3191 5579 3292 5641 ista
3317 5588 3524 5641 notatio
3549 5590 3711 5658 prod-

2142 5650 2223 5728 iit.
2294 5650 2505 5728 Eadem
2548 5668 2711 5728 porro
2755 5650 3018 5728 leguntur
3068 5658 3209 5728 apud
3254 5659 3515 5728 Cyrillum
3550 5650 3714 5713 'cate-

2142 5720 2291 5801 cites.
2330 5739 2419 5801 γι,
2470 5720 2695 5801 Ἰησοῦς,
2754 5720 2962 5801 inquit,
3015 5720 3218 5801 eoiva
3255 5720 3367 5801 ἔστι
3407 5729 3563 5801 κατὰ
3620 5729 3718 5801 μὲν

2152 5789 2436 5866 Ἑϐραίους
2467 5789 2689 5866 σωτὴρ,
2719 5789 2860 5866 κατά
2883 5796 2938 5848 δὲ
2976 5795 3073 5866 τὴν
3116 5797 3336 5851 Ἐλλάδα
3369 5789 3632 5865 γλῶσσαν’
3659 5800 3725 5852 τὰ

2140 5858 2415 5929 ιώμὲνος’
2465 5858 2649 5934 ἐπειδὴ
2698 5865 2879 5935 ἰατρός
2912 5858 3040 5920 ἐστι’
3074 5866 3262 5939 ψυχῶν
3292 5858 3392 5923 καί
3424 5870 3714 5941 σωμάτων,
