4170 6372
462 365 567 422 597

1098 364 1469 421 ADVERSUS
1510 364 1849 419 HASRESES
1885 363 2014 417 LIB.
2056 363 2077 416 ἰ
2118 361 2281 419 ΤΟΜ.
2326 364 2479 420 ll.—
2517 365 2792 423 HJERES.
2832 368 3027 423 XXIX.

3630 370 3728 428 398

465 485 594 555 πρὶν
625 484 719 537 τοῦ
767 485 1045 539 καλεῖσθαι
1085 485 1405 557 Χριστιανοὶ
1448 486 1496 539 οί
1548 487 1629 549 είς
1673 486 1908 557 Χριστὸν
1956 501 2048 535 πε-

2160 483 2367 552 delapsi
2405 501 2621 550 sumus,
2659 494 2721 539 ut
2748 485 3025 541 reddenda
3054 501 3223 541 causa
3255 486 3415 543 nobis
3438 495 3606 549 esset,
3634 504 3728 543 cur

464 584 837 640 πιστευκοτες,
881 576 1070 631 τούτου
1117 578 1279 631 ἕνεκα
1334 576 1580 647 ἔφημεν,
1620 578 1702 629 ὄτι
1756 579 1784 630 ὀ
1847 577 2044 629 Ἰεσσαὶ

466 666 651 738 πατὴρ
677 667 885 735 γίνεται
910 666 1002 719 τοῦ
1031 668 1211 721 Δαϐίδ.
1246 670 1354 721 Καὶ
1393 670 1511 739 ἦτοι
1532 668 1628 722 τοῦ
1675 668 1890 731 Ἰεσσαὶ,
1925 669 2042 739 ἦτοι

464 762 528 813 ἐκ
557 759 647 813 τοῦ
675 760 935 829 ὀνόματος
986 760 1161 830 Ἰησοῦ
1196 761 1287 815 τοῦ
1326 761 1529 831 Κυρίου
1556 761 1710 831 ἡμῶν
1748 760 2045 831 ἐπεκλήθη-

464 868 564 904 σαν
608 852 885 914 Ἰεσσαῖοι,
926 850 1015 903 διὰ
1057 851 1119 904 τὸ
1154 851 1211 917 ἐξ
1264 850 1438 923 Ἰησοῦ
1485 850 1756 922 ὁρμᾶσθαι
1806 850 2043 919 μαθηταὶ

463 945 613 1007 ὖντες
641 941 824 1006 αὑτοῦ,
851 942 884 1012 ἢ
918 941 1005 996 διὰ
1050 943 1112 995 τὸ
1145 942 1245 1012 τῆς
1271 942 1627 1013 ἐτυμολογίας
1658 939 1752 995 τοῦ
1780 940 2043 1012 ὀνόματος

463 1036 558 1089 τοῦ
606 1035 834 1107 Κυρίου.
880 1033 1083 1105 Ἰησοῦς
1128 1034 1237 1106 γὰρ
1283 1034 1425 1088 κατὰ
1463 1034 1561 1106 τὴν
1606 1032 1896 1104 Ἐϐραῖκὴν
1940 1031 2045 1085 διά-

462 1122 653 1176 λεκτον
680 1122 1020 1194 θεραπευτὴς
1047 1122 1308 1183 καλεῖται,
1341 1124 1458 1194 ἦτοι
1492 1124 1675 1194 ἰατρὸς
1710 1124 1802 1176 καὶ⁸
1837 1124 2041 1192 σωτήρ.

466 1208 655 1277 Ὅμως
669 1210 845 1279 τούτῳ
862 1208 939 1279 τῷ
962 1209 1207 1280 ὀνόματι,
1225 1211 1353 1282 πρὶν
1368 1210 1462 1263 τοῦ
1478 1210 1521 1263 Χ
1532 1211 1835 1282 ριστιανοὺς
1850 1212 2047 1273 αὐτοὺς

466 1301 768 1365 καλεῖσθαι,
807 1302 906 1373 τὴν
954 1304 1271 1374 ἐπωνυμίαν
1305 1303 1618 1375 ἐκέκτηντο.
1660 1292 1792 1357 Ἀπδ
1845 1306 2050 1356 Ἀντιο·

462 1392 616 1462 χείας
648 1391 725 1455 δὲ,
754 1392 1003 1463 καθάπερ
1030 1393 1141 1447 ἄνω
1165 1393 1612 1465 ἐπεμνήσθημεν,
1639 1395 1712 1458 ὡς,
1738 1394 1850 1465 ἔχει
1889 1397 1921 1465 ἡ
1949 1398 2048 1464 τῆς

464 1481 726 1551 ἀληθείας
752 1483 1027 1548 ὑπόθεσις,
1073 1485 1308 1555 ἤρξαντο
1344 1487 1391 1538 οἱ
1436 1485 1677 1557 μαθηταὶ¹
1704 1488 1797 1539 καὶ
1837 1488 2044 1558 πᾶσαή

477 1575 772 1647 Ἐκκλησία
813 1577 906 1630 τοῦ
940 1577 1077 1631 Θεοῦ
1107 1580 1424 1649 Χριστιανοὶ
1463 1579 1763 1633 καλεῖσθαι.

2154 575 2193 628 ii
2229 577 2323 646 qui
2367 576 2590 633 Christo
2637 594 2835 634 nomen
2880 579 3167 643 dederant,
3205 580 3525 651 priusquam
3567 580 3729 634 Chri-

2153 666 2462 723 stianorum
2494 686 2691 726 nomen
2720 680 2905 726 essent
2929 672 3137 742 adepti,
3164 670 3355 727 Jessaei
3383 680 3730 736 vocarentur,

2149 758 2360 814 idcirco
2393 763 2712 817 monuimus
2740 761 3005 818 Jessaeum
3042 761 3266 819 Davidis
3295 771 3503 833 patrem
3540 764 3730 821 fuisse.

2153 851 2266 905 Aut
2295 852 2362 905 ab
2398 852 2491 908 illo
2525 855 2697 924 igitur
2723 855 2913 920 Jessze,
2946 862 3042 909 aut
3072 872 3101 909 a
3130 854 3257 910 Jesu
3280 855 3486 912 Christi
3518 856 3732 912 Domini

2155 946 2333 999 nostri
2367 947 2733 1017 appellatione
2761 946 3093 1003 Jessaeorum
3120 963 3318 1002 nomen
3340 949 3731 1004 obtinuerunt:

2153 1038 2298 1106 quod
2333 1038 2402 1093 ab
2439 1038 2569 1095 Jesu
2621 1040 2911 1111 disciplina
2958 1040 3223 1111 profecti,
3259 1041 3616 1112 ejusdemque
3651 1042 3731 1096 di-

2154 1129 2351 1198 scipuli
2385 1131 2603 1199 forent;
2646 1140 2739 1187 aut
2773 1132 2906 1188 illud
2937 1133 3174 1204 denique
3210 1150 3276 1189 ex
3304 1134 3587 1189 notatione
3616 1136 3732 1205 ipsa

2154 1222 2414 1283 nominis,
2447 1238 2558 1293 quo
2581 1222 2848 1279 Dominus
2876 1234 3107 1281 vocatus
3136 1236 3241 1291 est,
3274 1227 3545 1297 originem
3572 1242 3729 1282 acce-

2150 1311 2248 1381 pit.
2273 1310 2435 1368 Jesus
2460 1314 2605 1368 enim
2633 1313 2903 1371 Hebraice
2936 1328 3267 1383 curatorem,
3306 1318 3412 1372 hoc
3441 1326 3526 1372 est
3558 1318 3729 1372 medi-

2154 1417 2279 1456 cum
2303 1417 2368 1458 ac
2390 1419 2722 1461 servatorem
2756 1407 3050 1478 signiﬁcat.
3083 1409 3364 1479 Quidquid
3395 1409 3486 1473 sit,
3517 1417 3731 1462 constat

2158 1508 2228 1548 eo
2272 1496 2517 1560 nomine,
2549 1501 2871 1570 priusquam
2916 1500 3217 1555 Christiani
3249 1509 3602 1564 vocarentur,
3640 1516 3729 1570 ap-

2152 1585 2381 1653 pellatos
2412 1586 2606 1645 fuisse.
2654 1589 2834 1659 Atque
2872 1591 2940 1644 ab
2978 1592 3113 1646 urbe
3154 1592 3375 1647 demum
3420 1591 3732 1650 Antiochia,

466 1668 544 1722 uti
589 1685 755 1738 supra
799 1670 1171 1738 meminimus,
1213 1672 1457 1743 adeoque
1479 1672 1595 1742 ipsa
1659 1673 1737 1725 rei
1780 1671 1983 1726 veritas
2030 1677 2370 1745 comprobat,
2404 1694 2529 1733 cum
2563 1679 2815 1751 discipuli
2844 1681 2970 1752 ipsi,
3000 1691 3115 1737 tum
3145 1685 3323 1738 omnis
3348 1682 3594 1737 Ecclesia
3637 1680 3731 1736 Dei

462 1764 902 1821 ChriStianorum
929 1767 1195 1821 vocabulo
1227 1768 1645 1837 comprehensa.

540 1856 618 1911 E'.
660 1858 854 1929 Εὒροις
902 1857 949 1910 δ’
980 1858 1066 1922 ἂν,
1096 1852 1157 1911 ὧ
1184 1860 1429 1929 φιλολόγε
1461 1860 1559 1931 (6),
1596 1860 1691 1914 καὶ
1732 1862 1919 1914 τούτου
1953 1861 2048 1930 τὴν

2226 1873 2292 1929 ν.
2345 1875 2502 1941 Quod
2554 1877 2773 1947 quidem
2827 1888 3211 1944 argumentum
3244 1879 3464 1936 uberius
3519 1890 3735 1951 pertra-

464 1948 741 2009 ὑπόθεσιν,
792 1946 1027 2017 ἐντυχὼν
1074 1952 1187 2013 τοῖς
1231 1949 1324 2002 τοῦ
1369 1950 1602 2013 Φίλωνος
1636 1952 2042 2023 ὑπομνήμασιν,

466 2041 524 2093 ἐν
570 2043 634 2111 τῇ
693 2041 822 2112 περὶ
869 2041 1146 2094 Ἰεσσαὶων
1202 2042 1367 2095 αὐτοῦ
1409 2044 1822 2115 ἐπιγραφομένῃ
1860 2044 2044 2114 βίϐλῳ,

464 2132 525 2196 ὃς
558 2132 761 2185 τούτων
807 2132 908 2203 τὴν
950 2132 1225 2186 πολιτείαν
1278 2135 1374 2187 καὶ
1419 2135 1486 2189 τά
1529 2135 1779 2206 ἐγκώμια
1813 2136 2045 2202 διεξιὼν,

466 2226 563 2279 καὶ
601 2225 672 2279 τὰ
703 2225 882 2278 αὐτῶν
927 2226 1263 2297 μοναστήρια
1306 2226 1365 2279 ἐν
1407 2229 1470 2298 τῇ
1519 2225 1661 2280 κατὰ
1698 2228 1796 2299 τὴν
1830 2228 2047 2298 Μαρίαν

466 2316 634 2391 λίμνῃ
680 2316 908 2388 ἱστορῶν
929 2316 1250 2386 περιοικίδι,
1298 2318 1357 2369 οὐ
1410 2318 1538 2388 περί
1581 2334 1743 2373 τινων
1780 2319 1983 2391 ἐτέρων
2020 2320 2049 2371 ὁ

466 2408 605 2480 ἀνὴρ
650 2409 956 2480 ἱστόρησεν,
1008 2406 1143 2461 ἀλλὰ
1177 2407 1307 2479 περὶ
1336 2408 1700 2479 Χριστιανῶν.
1734 2401 1903 2472 Οὗτος
1942 2408 2049 2480 γὰρ

467 2501 758 2571 γενόμενος
785 2502 843 2554 ἐν
881 2503 945 2571 τῇ
991 2498 1165 2571 χώρᾳ,
1197 2500 1506 2571 Μαρεώτην
1534 2500 1591 2553 δὲ
1621 2501 1714 2554 τὸν
1754 2500 1917 2554 τόπον
1950 2518 2047 2554 κα-

467 2593 639 2655 λοῦσι,
670 2593 766 2645 καὶ
812 2590 1105 2661 καταχθεὶς
1150 2594 1284 2662 παρ’
1330 2592 1512 2654 αὐτοῖς
1535 2592 1593 2645 ἐν
1621 2596 1734 2656 τοῖς
1773 2592 1913 2647 κατὰ
1960 2592 2048 2646 τὸν

470 2685 650 2755 χῶρον
677 2683 866 2736 τοῦτον
914 2684 1299 2755 μοναστηρίοις
1340 2682 1637 2753 ὠφέληται.
1694 2684 1780 2737 Ἐν
1813 2683 2049 2755 ἡμέραις

468 2778 581 2849 γὰρ
610 2776 717 2830 τῶν
749 2776 980 2845 Πάσχων
1014 2777 1131 2829 ἐκεῖ
1173 2775 1483 2846 γενόμενος,
1517 2777 1616 2840 τάς
1643 2793 1701 2828 τε
1725 2776 1905 2830 αὐτῶν
1950 2793 2048 2828 πο-

467 2869 671 2932 λιτείας
703 2869 986 2933 ἐθεάσατο,
1022 2868 1116 2921 καὶ
1159 2868 1235 2931 ὥς
1270 2884 1414 2931 τινες
1444 2867 1714 2938 ἑϐδομάδα
1743 2869 1841 2939 τὴν
1890 2869 2049 2935 ἁγίαν

468 2965 578 3018 τῶν
629 2964 857 3033 Πάσχων
911 2959 1325 3032 ὑπερτιθέμενοι
1351 2960 1638 3025 διετέλουν,
1680 2960 1827 3014 ἄλλοι
1861 2961 1916 3014 δὲ
1962 2961 2052 3014 διὰ

467 3056 564 3109 δύο
587 3056 882 3117 ἐσθίοντες,
917 3053 1065 3108 ἄλλοι
1099 3053 1156 3105 δέ
1191 3053 1286 3106 καὶ
1311 3051 1432 3105 καθ’
1463 3052 1721 3123 ἑσπέραν.
1753 3048 1861 3106 Ἦν
1888 3053 1945 3105 δέ
1972 3053 2051 3122 τῷ

469 3150 625 3221 ἀνδρὶ
663 3150 839 3203 πάντα
872 3146 1045 3200 ταῦτα
1083 3145 1627 3218 πεπραγματευμένα
1672 3148 1753 3209 εἰς
1789 3148 1889 3217 τὴν
1920 3147 2048 3217 περὶ

471 3240 708 3305 πίστεώς
735 3257 793 3293 τε
828 3239 922 3292 καὶ
955 3238 1227 3301 πολιτείας
1253 3237 1360 3290 τῶν
1394 3237 1735 3307 Χριστιανῶν
1766 3237 2042 3291 ὑπόθεσιν.

481 3336 569 3399 Ὠς
617 3330 709 3388 οῦν
740 3334 862 3385 τότε
897 3331 1185 3384 ἐκαλοῦντο
1246 3331 1512 3396 Ἐσσαῖοι,
1549 3330 1637 3383 ἐπ’
1674 3329 1839 3400 ὀλίγῳ
1871 3331 2046 3403 χρόνῳ

472 3430 610 3500 μετὰ
652 3429 750 3498 τὴν
797 3425 1065 3495 ἀνάληψιν
1106 3424 1201 3477 τοῦ
1260 3425 1532 3497 Σωτῆρος,
1586 3425 1679 3478 καὶ
1724 3424 1952 3495 Μάρκου
1979 3427 2045 3495 τῇ

470 3521 578 3575 τῶν
604 3518 914 3588 Αἰγυπτίων
943 3515 1096 3587 χώρᾳ
1124 3515 1480 3586 κηρύξαντος,
1505 3513 1649 3567 κατὰ
1675 3514 1802 3577 τοὺς
1824 3515 2047 3585 χρόνους

469 3613 615 3676 τινὲς
650 3610 999 3680 ἐξεληλύθασι
1032 3608 1213 3668 πάλιν,
1251 3607 1361 3660 τῶν
1395 3605 1708 3661 ἀποστόλων
1735 3606 1894 3676 δῆθεν
1921 3608 2049 3659 ἀκό-

470 3705 671 3768 λουθοι,
707 3704 848 3772 λέγω
881 3702 936 3754 δὲ
988 3702 1037 3753 οἱ
1090 3700 1325 3753 ἐνταῦθά
1379 3716 1467 3770 μοι
1499 3698 1817 3770 δηλούμενοι
1857 3700 2050 3763 Ναζω-

475 3800 645 3871 ραῖοι,
683 3797 833 3858 ὄντες
881 3795 981 3865 μὲν
1020 3782 1158 3846 κατὰ
1205 3793 1265 3843 τὸ
1306 3791 1462 3860 γένος
1520 3792 1782 3858 Ἰουδαῖοι,
1831 3793 1924 3844 καὶ
1972 3790 2049 3862 τῷ

473 3982 567 4034 καὶ
613 3978 952 4052 θεραπευτὴς
1014 3978 1380 4052 πνευμάτων.Δ
1415 3977 1547 4052 Quae
1593 3979 1772 4052 omnia
1821 3979 2050 4052 comiter

473 4048 789 4120 accipienda
819 4059 970 4120 sunt,
998 4064 1116 4120 non
1142 4057 1202 4102 ut
1229 4048 1298 4120 ab
1334 4048 1593 4120 ἰάσασθαι
1627 4048 1921 4120 deductum
1954 4050 2046 4102 τοῦ

426 4124 432 4135 ‘
485 4117 659 4190 Ἰησοῦ
695 4119 1034 4190 vocabulum_
1069 4118 1307 4173 dixerint
1354 4117 1562 4181 Patres,
1595 4118 1702 4190 sed
1737 4128 1794 4190 ut
1827 4121 2050 4174 notione

475 4186 968 4260 ac'signiﬁcatione
995 4186 1243 4242 Graecum
1276 4203 1476 4243 nomen
1506 4204 1629 4243 cum
1661 4187 1885 4243 Hebraeo
1916 4203 2051 4243 con-

472 4264 658 4316 venire
684 4261 1078 4314 demonstrent.

546 4332 622 4400 (6)
662 4331 875 4397 Εῧροις
911 4329 965 4400 δ’
995 4329 1090 4392 ἂν,
1114 4324 1175 4400 *ὦ
1198 4329 1510 4400 polluere.
1556 4327 1694 4383 Hinc
1740 4328 2051 4400 illailacry-

473 4397 864 4468 mm.’Scripsit
908 4398 1063 4451 Philo
1105 4397 1327 4452 Judaens
1358 4399 1425 4451 de
1460 4397 1680 4460 Essaais,
1715 4399 1798 4453 vel
1824 4397 2049 4454 Essen'is

473 4472 642 4525 libros
673 4470 900 4538 aliquot.
920 4468 1164 4538 Quorum
1196 4469 1692 4538 unusinscribitur
1724 4487 1736 4521 :
1766 4471 1902 4538 Περὶ
1930 4470 2045 4535 τοῦ,

476 4487 642 4525 Itnros
673 4487 1164 4538 anquouuuorum
1196 4487 1339 4521 unus
1372 4487 1692 4522 Inscriuttur
1724 4487 1736 4521 :
1769 4487 1902 4539 ιιερι
1930 4487 2045 4535 του,

474 4543 652 4595 πάντα
708 4541 991 4592 σπουδαῖον
1032 4534 1174 4591 εἶναι
1218 4537 1527 4608 ἐλεύθερονο
1562 4540 1723 4605 alius,
1760 4540 1896 4608 Περὶ
1935 4539 2049 4608 βίου
2084 4548 2129 4602 D

1860 4626 1914 4665 SS

474 4609 830 4684 θεωρητικοῦ,
862 4609 894 4679 ἢ
928 4609 1144 4684 Ὶκετῶν
1181 4608 1412 4680 ἀρετῶν.
1455 4608 1515 4684 In
1553 4610 1619 4663 iis
1664 4612 1772 4663 duo
1815 4608 2049 4684 E_ssen07

473 4678 595 4737 rimi
639 4678 836 4750 genera
881 4678 1166 4732 Constituit
1197 4678 1407 4750 :nnum
1450 4678 1556 4732 τῶν
1588 4682 1926 4746 πρακτικῶν,
1954 4681 2047 4749 qui

475 4752 529 4807 in
553 4749 768 4823 oppidis
788 4750 1045 4823 socialem
1073 4750 1239 4823 vitam
1264 4749 1580 4823 instituunt,
1609 4752 1922 4823 nuptiarum
1942 4766 2047 4823 ret-7

471 4818 682 4892 portes;
708 4819 1072 4892 alterumjri'bv
1098 4818 1467 4892 θεωρητικῶν,
1490 4820 1582 4892 qui
1600 4818 2046 4892 contemplationi

473 4889 621 4947 totos
641 4907 763 4946 sese
784 4890 1140 4952 tradiderant,
1161 4903 1223 4941 ac
1245 4889 1433 4959 procul
1468 4891 1538 4943 ab
1575 4891 1783 4943 urbano
1816 4893 2047 4959 strepitu

474 4966 532 5018 in
563 4966 736 5033 agris,
771 4962 1171 5033 acpraasertim
1198 4958 1658 5033 ad_Mareotidem,
1694 4961 1748 5014 in
1778 4958 2047 5033 σεμνείοις

470 5043 526 5089 et
558 5027 939 5104 μοναστηρίοις
968 5027 1583 5104 degerent.__Pos_trem_os
1614 5031 1747 5085 istos
1778 5027 2047 5104 Eusebius

469 5098 818 5158 Christianos“
868 5098 1304 5153 fuisse'credidit
1340 5099 1430 5153 lib.
1476 5098 1682 5170 Hister.
1712 5116 1771 5165 ll,
1800 5115 1920 5170 cap.
1959 5102 2044 5167 H,

469 5176 771 5241 eademque
815 5170 1129 5241 Hieronymi
1160 5176 1590 5239 caaterorumqtte
1610 5169 1831 5241 Patrum
1863 5169 2049 5240 opinio

473 5246 595 5305 fuit,
628 5240 793 5311 quam
824 5240 1164 5311 Epiphanius
1210 5249 1432 5294 secutus
1465 5249 1581 5311 est.
1603 5240 1708 5311 sed
1746 5241 1850 5295 hoc
1880 5258 2047 5296 unum

470 5315 619 5367 addit
644 5309 709 5367 ex
744 5312 1082 5380 conjectura.
1109 5309 1343 5364 Jessaeos
1382 5311 1506 5365 illos
1537 5310 1605 5365 ab
1633 5310 1801 5366 Jessae
1828 5311 2047 5367 Davidis

471 5394 624 5452 patre
650 5383 981 5435 nominatos.
1010 5380 1165 5452 Quod
1190 5389 1527 5449 postremmu
1553 5382 1734 5435 minus
1752 5382 2049 5452 verisimile

472 5450 625 5524 puto.
659 5452 843 5520 Neque
875 5450 1278 5524 enim,_opi_nor,
1307 5465 1536 5524 uSquam
1569 5452 1784 5524 legitur,
1813 5451 2047 5507 Jessaeo-

472 5520 593 5577 rum
629 5538 825 5576 nomen
857 5522 1185 5575 Christianis
1211 5521 1555 5579 attributum,
1589 5532 1643 5575 et
1672 5520 2045 5588 Essazosillos,

472 5610 581 5649 non
612 5592 846 5648 Jesszeos
878 5606 907 5643 a
942 5590 1169 5645 Philone
1193 5591 1496 5659 appellatos
1526 5606 1649 5646 esse
1680 5601 1916 5648 constat.
1950 5594 2048 5646 Sa—

472 5679 541 5719 ne
580 5666 626 5719 si
659 5663 845 5718 Jessaei
882 5676 1121 5731 unquam
1155 5661 1450 5714 Christiani
1484 5665 1661 5715 vocati
1698 5672 1847 5725 sunt,
1894 5667 2051 5716 mul—

470 5742 587 5790 tum
646 5733 698 5787 id
748 5734 813 5786 ad
861 5740 1133 5802 receptam
1166 5731 1337 5802 illam,
1363 5746 1427 5784 ac
1464 5742 1700 5786 veterem
1732 5734 2047 5802 opinionem

474 5804 891 5861 asscverandam
927 5801 1107 5868 faciet,
1150 5817 1270 5871 quae
1300 5801 1609 5858 Essaeorum
1634 5801 1857 5860 nomine
1884 5804 2044 5859 Chri-

2150 1971 2380 2029 ctatnm,
2415 1966 2667 2037 quisquis
2694 1981 2754 2022 es
2784 1968 3066 2024 studiosus
3101 1970 3158 2023 in
3183 1969 3428 2025 Philonis
3453 1984 3733 2027 commen-

2150 2056 2306 2112 tariis
2331 2058 2599 2122 invenies,
2637 2074 2814 2129 eoque
2840 2060 2983 2115 libro
3006 2077 3166 2131 quem
3197 2063 3263 2117 de
3279 2062 3503 2119 Jesszris
3535 2064 3733 2118 inscri-

2149 2146 2294 2216 psit:
2334 2149 2426 2203 ubi
2454 2149 2671 2204 illorum
2704 2153 2831 2205 vitae
2849 2152 3223 2222 disciplinam,
3252 2168 3315 2207 ac
3353 2155 3625 2225 praeconia
3649 2171 3733 2210 ce-

2150 2239 2392 2306 lebratis,
2429 2257 2731 2311 eorumque
2774 2246 3129 2309 monasteria,
3174 2261 3295 2315 quae
3326 2246 3394 2299 ad
3428 2246 3729 2302 Marianam

2150 2331 2404 2401 paludem
2431 2333 2862 2405 circumquaque
2891 2337 3070 2405 posita
3103 2346 3233 2393 sunt
3254 2338 3592 2407 describens,
3620 2356 3730 2394 non

2150 2422 2218 2475 de
2249 2422 2374 2477 aliis
2415 2424 2567 2492 ullis,
2602 2440 2766 2496 quam
2800 2426 2869 2481 de
2915 2426 3253 2485 Christianis
3307 2431 3413 2485 ista
3465 2435 3727 2488 narravit.

2149 2512 2285 2566 Nam
2316 2528 2440 2568 cum
2475 2529 2595 2570 eam
2640 2517 2919 2587 regionem
2970 2520 3260 2575 lustrasset
3303 2520 3595 2591 (Mareotes
3642 2523 3733 2577 hic

2150 2602 2313 2672 vulgo
2347 2602 2502 2659 locus
2530 2603 2772 2675 dicitur)
2803 2615 2966 2676 atque
2993 2608 3060 2661 ad
3090 2609 3263 2678 ipsos,
3287 2624 3587 2681 eorumque
3614 2626 3732 2667 mo-

2153 2693 2395 2748 nasteria
2430 2695 2765 2762 divertisset,
2800 2714 3053 2769 magnam
3086 2702 3154 2755 ab
3187 2702 3255 2757 iis
3296 2704 3586 2759 utilitatem
3633 2721 3730 2760 ac-

2153 2787 2317 2854 cepit.
2346 2788 2564 2841 Etenim
2594 2803 2719 2843 cum
2752 2790 2892 2859 ipsis
2923 2790 3282 2849 Paschalibus
3306 2794 3456 2851 feriis
3486 2798 3615 2852 illuc
3639 2813 3731 2852 ac-

2151 2878 2436 2944 cessisset,
2470 2894 2689 2935 omnem
2733 2896 2923 2936 eorum
2966 2885 3088 2939 vitae
3130 2886 3395 2946 rationem
3441 2889 3731 2960 diligenter

2152 2967 2414 3041 inspexit,
2455 2973 2878 3046 observavitque
2910 2979 3206 3035 nonnullos
3245 2989 3411 3034 totam
3444 2983 3591 3037 illam
3637 2999 3730 3037 sa-

2153 3068 2497 3115 crosanctam
2525 3062 2919 3119 hebdomadem
2951 3068 3070 3122 sine
3093 3069 3203 3122 ullo
3233 3071 3358 3124 cibo
3391 3074 3727 3143 transigere;

2154 3146 2292 3201 alios
2341 3149 2567 3206 alternis
2601 3153 2754 3206 illum
2795 3155 2991 3213 diebus
3029 3173 3258 3228 capere;
3299 3162 3566 3230 quosdam
3600 3180 3731 3219 vero

2151 3238 2256 3292 sub
2313 3255 2620 3310 vesperam.
2675 3243 3042 3311 Quamobrem
3095 3264 3436 3322 quacunque
3488 3261 3603 3309 toto
3636 3257 3730 3310 illo

2150 3343 2316 3399 opere
2340 3345 2369 3385 a
2396 3330 2624 3390 Philone
2646 3344 2880 3393 tractata
2915 3349 3065 3406 sunt,
3098 3358 3163 3398 ea
3187 3343 3626 3402 Christianorum
3662 3349 3732 3405 ad

2152 3420 2310 3475 ﬁdem
2364 3425 2691 3498 vivendique
2718 3430 2985 3487 rationem
3017 3434 3240 3489 omnino
3269 3438 3562 3505 pertinent.
3590 3440 3727 3495 Cum

2152 3513 2321 3583 igitur
2351 3514 2539 3573 Jessaei
2569 3528 2702 3575 tunc
2732 3525 2996 3594 temporis
3034 3525 3373 3595 dicerentur,
3406 3533 3569 3601 paulo
3609 3546 3732 3605 post

2153 3623 2444 3665 ascensum
2463 3611 2667 3669 Christi
2686 3614 2926 3680 Domini,
2951 3626 3240 3689 postquam
3262 3620 3480 3680 Marcus
3501 3626 3554 3679 in
3572 3626 3732 3700 [Egy-

2152 3711 2245 3771 pto
2257 3704 2501 3759 divinum
2523 3706 2750 3762 verbum
2775 3709 3112 3778 praedicavit,
3129 3714 3374 3767 nonnulli
3407 3721 3537 3770 tunc
3557 3720 3729 3786 prod-

2155 3801 2333 3853 ierunt
2365 3801 2735 3869 apostolorum
2778 3802 3024 3869 asseclae,
3048 3801 3293 3859 Nazaraei
3334 3806 3588 3863 videlicet
3615 3810 3728 3875 isti,

2153 3982 2361 4056 stianos
2389 3995 2417 4034 a
2434 3980 2669 4056 Philone
2696 3982 3123 4056 comprehensos
3146 3984 3360 4056 statuit.
3381 3986 3456 4039 Ac
3482 3986 3727 4056 profecto

2153 4052 2268 4127 ﬁeri
2306 4052 2450 4106 istud
2471 4052 2778 4127 _potuit,_ut
2808 4054 3093 4127 comante
3134 4052 3728 4127 Christianae—religio-

2152 4124 2239 4176 nis
2270 4133 2446 4192 nrtum
2471 4120 2662 4175 Esseni
2686 4120 2781 4192 phis
2809 4121 3073 4192 moribus,
3101 4137 3277 4192 eoque
3299 4126 3421 4178 vita:
3451 4120 3725 4192 instituto,

2151 4192 2295 4313 Huod
2348 4191 2401 4244 in
2456 4191 2826 4268 priore_libro
2877 4190 3032 4244 Philo
3084 4190 3365 4261 prze'dicat,
3405 4197 3459 4248 in
3490 4190 3729 4268 Egypto

2193 4269 2429 4313 orerent.
2464 4269 2627 4313 atoue
2652 4269 2795 4313 inter
2826 4258 3044 4313 Judmos
3074 4270 3127 4313 et
3149 4272 3332 4313 essent
3373 4273 3427 4313 et.
3452 4266 3724 4313 haberen—

2193 4269 2429 4323 orerent,
2457 4258 2627 4329 atque
2652 4260 2795 4315 inter
2826 4258 3044 4315 Judaeos
3074 4258 3127 4316 et
3149 4272 3332 4317 essent
3373 4273 3427 4318 et
3452 4258 3724 4322 haberen-

2153 4339 2243 4412 tur
2271 4331 2640 4395 sanctissimi;
2677 4339 3033 4412 posteaquam
3082 4343 3303 4412 auctore
3350 4334 3533 4412 Marco
3566 4338 3727 4412 Chri-

2153 4403 2455 4477 stianorum
2496 4416 2670 4477 genus
2702 4402 3198 4477 exstitit,_quorum
3254 4406 3379 4477 vitae
3423 4402 3562 4477 ratio
3615 4410 3727 4477 pri-

2154 4471 2257 4526 mis
2290 4472 2397 4527 illis
2425 4470 2759 4545 temporibns
2786 4470 3585 4545 cum_Es_senorumdisciplina
3610 4470 3728 4532 ina-

2154 4556 2390 4664 ignopere
2442 4541 2779 4610 congruebat
2808 4580 2822 4601 ,
2876 4542 2946 4595 ab
2991 4542 3378 4601 Alexandrinis
3429 4541 3724 4615 gentilibus

2176 4613 2349 4664 .sseni
2375 4612 2485 4664 sint
2508 4611 2710 4664 vocati.
2741 4610 2891 4664 Ouos
2916 4612 3061 4664 enim
3090 4622 3145 4664 et
3166 4612 3406 4664 Judmos.
3442 4624 3573 4664 tunc
3599 4621 3724 4664 nni-

2176 4610 2349 4689 jlsseni
2375 4612 2485 4666 sint
2508 4611 2710 4689 vocati.
2741 4610 2891 4676 Quos
2916 4612 3061 4689 enim
3090 4622 3145 4667 et
3166 4612 3406 4678 Iudaeos,
3432 4610 3573 4671 iuno
3599 4621 3724 4689 qui-

2151 4683 2296 4745 dem,
2352 4696 2544 4736 omnes
2586 4680 2853 4745 viderent,
2898 4690 2952 4736 et
2997 4681 3331 4738 Essenorum
3376 4680 3725 4743 communem

2152 4751 2300 4805 illam
2339 4750 2461 4805 vitae
2496 4752 2786 4814 rationem,
2814 4762 2976 4822 atque
3007 4752 3076 4806 ab
3104 4755 3251 4807 omni
3285 4756 3435 4821 luxu,
3466 4765 3521 4809 et
3546 4760 3725 4811 ambi-

2150 4823 2299 4877 tione
2322 4830 2586 4877 remot-am
2615 4824 3039 4881 complectentes
3063 4832 3353 4879 cernerent
3375 4842 3497 4879 cum
3521 4836 3574 4879 et
3595 4831 3725 4881 alto-

2151 4893 2243 4964 qui
2271 4907 2338 4964 ex
2374 4891 2706 4948 Essenorum
2736 4891 2965 4946 Judaica
3002 4893 3237 4948 factione
3262 4896 3508 4964 plerique
3550 4913 3608 4950 se
3656 4901 3724 4953 ad

2148 4962 2498 5033 Christianos
2529 4973 2937 5033 aggregassent,
2956 4965 3231 5033 quodnam
3261 4962 3330 5019 iis
3355 4962 3499 5019 aliud
3523 4983 3723 5021 nomen

2190 5048 2313 5104 nam
2367 5032 2674 5088 Essaeorum
2725 5032 3078 5104 alhngerent?
3120 5034 3255 5088 Nam
3304 5043 3358 5089 et
3391 5037 3484 5090 ditt
3534 5047 3724 5104 postea

2197 5103 2449 5157 hristiani
2491 5117 2681 5156 omnes
2728 5118 2758 5155 a
2799 5102 3007 5160 Graecis
3034 5119 3097 5156 ac
3129 5105 3390 5160 Romanis
3420 5102 3590 5160 Judaai
3624 5124 3724 5161 no-

2151 5174 2364 5235 minati,
2393 5182 2446 5228 et
2468 5188 2567 5243 pro
2591 5172 2983 5243 Judaaisghabiti
3016 5183 3165 5237 sunt,
3188 5183 3247 5228 ut
3280 5190 3386 5229 non
3418 5176 3719 5233 absurdum

2150 5246 2223 5299 sit
2251 5241 2601 5316 Philronianos
2627 5243 2748 5298 illos
2778 5241 2996 5316 Essa’os‘
3020 5243 3410 5316 θεωρητικούς,
3445 5246 3722 5301 Christia-

2152 5331 2251 5369 nos
2303 5314 2489 5369 fuisse.
2539 5313 2669 5379 Quae
2710 5322 2905 5385 autem
2934 5313 3199 5368 adversus
3234 5330 3296 5368 ea
3352 5330 3546 5385 magno
3593 5334 3721 5372 cum

2151 5386 2379 5453 strepitu
2435 5397 2494 5437 ac
2548 5384 2831 5437 stomacho
2878 5383 3245 5453 disputantur,
3278 5399 3400 5439 cum
3447 5383 3540 5440 aut
3584 5389 3722 5442 levia

2151 5456 2281 5518 sint,
2316 5460 2424 5526 aut
2444 5453 2849 5526 faciledissolvi
2877 5455 3110 5522 possint.
3143 5456 3276 5508 nihil
3308 5458 3433 5517 erit,
3456 5459 3598 5526 quod
3619 5475 3721 5513 nos

2150 5525 2535 5579 vetustissima
2561 5525 2705 5576 illius
2734 5525 3030 5590 opinionis,
3062 5539 3126 5580 ac
3179 5525 3720 5582 tantorum’Patrum

2151 5594 2490 5668 auctoritatis
2520 5602 2573 5668 et
2600 5596 2978 5668 consensionis
3009 5596 3288 5668 pmniteat.
3329 5594 3461 5668 Vide
3505 5615 3626 5668 quae
3651 5598 3721 5653 'de

2152 5665 2236 5718 his
2263 5664 2630 5719 eruditissime
2662 5662 2948 5719 Serrarius
2980 5679 3163 5719 noster
3192 5667 3284 5719 lib.
3321 5682 3379 5719 ιιι
3418 5662 3721 5725 Triitwresit'

2152 5738 2413 5790 adversus
2451 5732 2783 5805 Scaligerum
2821 5750 2881 5790 ac
2912 5734 3131 5791 Juniqu
3165 5737 3407 5793 disserit.
