4170 6372
452 500 554 556 599

1818 488 1873 544 s.
1918 489 2256 546 EPlPllANll
2304 565 2307 575 ‘

3592 497 3698 550 400

454 625 522 678 de
551 621 750 692 quibus
782 632 1019 690 praesens
1044 615 1330 670 institutus
1366 622 1449 668 est
1488 628 1687 668 sermo.
1729 612 1893 669 Erant
1941 614 2009 669 illi

2122 616 2272 685 νόμῳ
2305 614 2362 667 δὲ
2394 615 2835 685 προσανέχοντες,
2874 616 2968 669 καὶ
2999 615 3300 689 περιτομὴν
3335 617 3660 685 κεκτημένοι
3681 633 3692 644 ’

457 730 654 783 genere
681 711 896 781 quidem
929 707 1122 770 Judaai,
1155 718 1317 774 atque
1351 705 1417 757 ad
1455 705 1623 773 legem
1655 715 1705 758 et
1729 705 2022 759 circumci-

458 806 665 860 sionem
693 803 1065 856 adlueserant:
1108 798 1203 854 sed
1232 796 1691 868 quemadmodum
1725 797 1816 866 qui
1846 813 1876 852 e
1899 813 2020 866 spe-

459 895 580 949 cula
603 893 793 962 procul
813 891 989 960 ignem
1016 891 1515 960 aspiciunt,‘neque
1537 888 1694 958 cujus
1725 891 1798 942 rei
1827 890 2018 958 gratia,

458 1002 686 1059 quemve
723 985 790 1038 ad
834 997 996 1039 usum
1043 982 1145 1037 hoc
1185 981 1493 1036 incendium
1526 980 1818 1035 excitatum
1860 980 2023 1034 fuerit

457 1079 662 1140 sciunt,
699 1084 1010 1131 utrumnam
1042 1075 1110 1128 ad
1151 1074 1375 1129 obsonia
1415 1073 1566 1141 121
1603 1071 1906 1141 coquenda,
1939 1072 2020 1125 ci-

456 1167 666 1236 bosque
689 1166 856 1220 victui
883 1164 1290 1234 praeparandos,
1338 1177 1406 1216 an
1441 1172 1497 1214 ιιι
1525 1163 1727 1216 eremia
1760 1163 2021 1230 aridaque

456 1259 711 1328 virgulta,
725 1264 783 1310 ut
801 1257 1022 1317 assolet,
1039 1261 1470 1317 concremarent;
1490 1253 1568 1308 sic
1587 1253 1659 1306 iili
1680 1253 1819 1307 istud
1841 1253 2018 1322 ipsum

455 1348 652 1404 imitati
683 1348 1006 1416 semetipsos
1036 1345 1288 1399 incendio
1318 1352 1797 1414 consumpserunt.
1837 1343 2017 1414 Siqui-

455 1442 576 1495 dem
608 1439 724 1494 solo
754 1436 880 1493 Jesu
921 1438 1140 1490 nomine
1186 1435 1393 1498 audito,
1438 1436 1855 1504 conspectisque
1899 1452 2020 1504 quae

453 1531 522 1584 ab
557 1529 820 1598 apostolis
849 1527 1040 1582 ﬁerent
1067 1527 1334 1596 portentis
1360 1540 1422 1578 ac
1455 1525 1756 1587 miraculis,
1784 1526 1836 1578 in
1864 1526 2016 1580 illum

450 1630 506 1677 et
548 1622 649 1692 ipsi
694 1636 912 1690 quoque
953 1619 1324 1674 crediderunt.
1384 1617 1554 1683 Quem
1605 1632 1729 1671 cum
1764 1615 2018 1672 Nazareti

448 1715 652 1771 scirent
682 1713 737 1766 in
769 1711 1012 1781 Virginis
1042 1719 1195 1765 utero
1227 1711 1486 1778 genitum,
1525 1719 1688 1779 atque
1720 1710 1773 1764 in
1794 1708 2016 1782 Josephi

451 1803 610 1854 domo
647 1799 932 1862 nutritum,
985 1807 1040 1852 et
1087 1798 1292 1852 idcirco
1338 1796 1525 1852 Jesum
1573 1797 1912 1854 Nazareuum
1961 1801 2016 1854 in

451 1890 738 1960 Evangelio
763 1889 1049 1953 nominari,
1069 1889 1518 1958 quemadmodum
1538 1891 1767 1960 apostoli
1792 1891 2018 1960 loquun-

2126 707 2241 760 ἀλλ’
2271 706 2458 776 ὥσπερ
2489 707 2597 759 ἀπὸ
2643 707 2850 772 σκοποῦ
2894 725 3034 770 τινες
3077 708 3398 778 θεασάμενοι
3436 707 3568 779 πῦρ,
3599 708 3698 762 καὶ

2128 798 2201 869 μὴ
2243 801 2532 870 νοήσαντες
2577 799 2642 851 δι’
2693 801 2769 869 ἢν,
2804 800 2980 853 αἰτίαν
3028 803 3074 853 οἱ
3124 802 3223 872 τὴν
3265 803 3442 871 πυρὰν
3492 801 3697 871 ταύτην

2125 890 2435 958 ἐξάψαντες.
2463 891 2494 961 ἢ
2529 892 2922 961 χρησιμότητα,
2964 893 3121 945 τοῦτο
3153 895 3414 956 ποιοῦσιν,
3445 894 3478 964 ἢ
3505 895 3571 946 τὰ
3596 894 3696 963 τῆς

2124 981 2269 1050 ζωῆς
2317 982 2520 1033 ἑαυτῶν
2556 980 2760 1050 ὀψώνια
2807 982 2941 1050 πρὸς
2983 983 3178 1053 ἐδωδὴν
3226 984 3313 1036 διὰ
3364 984 3462 1054 τῆς
3515 986 3695 1054 πυρᾶς

2122 1072 2643 1135 κατασκευάζοντες,
2679 1072 2710 1141 ἢ
2741 1074 2831 1125 ἐπὶ
2871 1073 3162 1143 ἀφανισμῷ
3193 1091 3355 1126 τινων
3385 1074 3693 1127 καυστικῶν

2124 1161 2294 1225 ξύλων
2331 1162 2363 1233 ἢ
2408 1163 2697 1233 φρυγάνων
2731 1164 2836 1215 τῶν
2889 1164 2992 1216 ὑπὸ
3038 1167 3207 1236 πυρὸς
3254 1165 3520 1218 εἰωθότων
3565 1166 3694 1218 ἀνα-

2121 1255 2434 1308 λίσκεσθαι’
2484 1256 2626 1308 οὕτω
2666 1256 2759 1309 καὶ
2799 1257 2949 1309 αὐτοὶ
2989 1258 3382 1328 μιμησάμενοι,
3411 1257 3524 1328 πῦρ
3561 1256 3694 1310 ἀνά-

2119 1345 2336 1412 ψαντες,
2369 1347 2594 1408 ἑαυτοὺς
2631 1346 2953 1418 ἐνέπρησαν.
3001 1347 3352 1410 Ἀκούσαντες
3392 1347 3501 1418 γάρ
3532 1347 3695 1416 μόνον

2121 1434 2287 1505 ὄνομα
2330 1434 2524 1505 Ἰησοῦ,
2555 1437 2650 1489 καὶ
2683 1436 3006 1506 θεασάμενοι
3047 1438 3115 1490 τὰ
3157 1437 3452 1508 Θεοσήμεια
3488 1437 3556 1490 τὰ
3601 1436 3690 1490 διὰ

2119 1527 2318 1597 χειρῶν
2343 1527 2452 1580 τῶν
2481 1528 2794 1581 ἀποστόλων
2821 1529 3100 1599 γινόμενα,
3145 1530 3238 1583 καὶ
3282 1531 3432 1583 αὐτοὶ
3464 1532 3542 1592 εἰς
3585 1531 3688 1600 ’1η-

2122 1618 2247 1671 σοῦν
2297 1618 2628 1672 πιστεύουσι.
2682 1619 2905 1683 Γνόντες
2938 1621 2993 1672 δὲ
3038 1620 3198 1672 αὐτὸν
3243 1622 3306 1673 ἐκ
3352 1621 3603 1692 Ναζαρὲτ
3632 1622 3693 1673 ὲν

2118 1713 2314 1784 γαστρὶ
2344 1713 2803 1785 ὲγκυμονηθέντα,
2834 1715 2928 1765 καὶ
2967 1715 3024 1766 ἐν
3055 1715 3188 1782 οἴκῳ
3229 1712 3422 1783 Ἰωσὴφ
3453 1714 3691 1783 ἀνατρα-

2119 1803 2305 1872 φέντα,
2349 1805 2441 1856 καὶ
2472 1803 2559 1856 διὰ
2601 1803 2761 1856 τοῦτο
2794 1806 2850 1855 ἐν
2897 1803 2972 1874 τῷ
3015 1803 3332 1873 Εύαγγελίῳ
3370 1803 3574 1874 Ἰησοῦν
3599 1801 3691 1857 τὸν

2117 1893 2434 1964 Ναζωραῖον
2475 1895 2788 1959 καλεῖσθαι,
2821 1895 2896 1959 ὡς
2946 1896 3041 1947 καὶ
3081 1898 3132 1947 οἱ
3179 1894 3463 1946 ἀπόστολοί
3504 1911 3686 1962 φασιν,

447 1993 574 2039 tur:
615 1983 798 2036 Iesum
834 1980 1178 2035 Nazarenum
1231 1983 1401 2035 virum
1449 1981 1796 2050 approbatum
1845 1983 2009 2051 signis

2125 1982 2368 2049 Ἰησοῦν
2396 1982 2502 2035 τὸν
2532 1983 2864 2050 Ναζωραῖον
2884 1983 3070 2051 ἄνδρα
3099 1983 3597 2051 ἀποδεδειγμένον
3620 1983 3689 2036 ἕν

447 2092 511 2130 ac
533 2073 786 2143 prodigiis
806 2073 843 2135 ί,
869 2087 934 2126 ex
969 2086 1033 2125 eo
1064 2086 1261 2126 nomen
1295 2071 1397 2125 sibi
1427 2069 1573 2124 istud
1615 2072 1921 2141 imponunt,
1954 2079 2012 2125 ut

450 2164 687 2220 Nazaraei
719 2171 1002 2225 vocentur,
1033 2178 1137 2216 non
1177 2161 1424 2227 Naziraei,
1465 2180 1585 2233 qua:
1629 2179 1730 2218 vox
1775 2165 2014 2219 sanctiﬁ-

446 2266 628 2314 catum
658 2258 949 2331 signiﬁcat.
982 2254 1082 2310 Hic
1121 2256 1264 2310 enim
1309 2255 1582 2325 quondam
1617 2256 2010 2327 primogenitis,

447 2354 665 2423 Deoque
713 2348 1050 2406 consecratis
1087 2346 1370 2416 dignitatis
1421 2347 1593 2401 honor
1622 2356 1705 2402 est
1752 2347 2008 2403 habitus:

444 2461 677 2517 quorum
701 2460 732 2500 e
761 2455 987 2498 numero
1011 2439 1302 2508 Sampson,
1331 2439 1529 2508 aliique
1553 2449 1674 2508 post
1702 2441 1900 2509 ipsum,
1926 2443 2012 2496 vel

444 2548 571 2594 ante
600 2539 778 2608 ipsum
827 2535 1135 2605 complures
1165 2533 1512 2588 exstiterunt.
1548 2531 1659 2585 lmo
1692 2543 1745 2586 et
1773 2531 2010 2588 Joannes

445 2630 687 2699 Baptista
716 2643 778 2682 ex
821 2626 916 2680 illo
944 2624 1323 2678 dedicatorum
1355 2620 1466 2674 Deo
1501 2621 1782 2674 hominum
1813 2638 2009 2692 genere

443 2724 540 2777 fuit
565 2743 579 2788 ;
608 2722 701 2793 qui
745 2721 930 2773 vinum
964 2726 1057 2773 aut
1100 2719 1332 2771 siceram
1364 2731 1473 2769 non
1522 2715 1678 2768 bibit.
1715 2713 1839 2768 Fuit
1866 2717 2007 2768 cnim

442 2812 756 2868 hominibus
796 2809 1062 2880 ejusmodi
1115 2822 1304 2862 eorum
1350 2805 1600 2876 dignitati
1644 2816 2009 2862 consentanea

441 2903 654 2958 vivendi
687 2903 826 2956 ratio
856 2901 1172 2954 constituta.
1773 2891 1789 2912 ‘

513 2996 598 3050 Vl.
638 2995 744 3050 Sed
784 2994 874 3048 alii
913 2992 1198 3046 Nazarieos
1231 2990 1440 3058 seipsos
1473 2988 1765 3058 appellant.
1801 2989 2009 3058 Quippe

439 3088 818 3142 Nazareorum
865 3093 1011 3139 secta
1059 3082 1337 3136 Christum
1375 3079 1704 3141 antecessit,
1753 3094 1852 3133 nec
1882 3094 2006 3133 eum

438 3176 711 3248 cognovit.
747 3173 950 3229 Verum
986 3172 1325 3234 Christiani,
1367 3177 1426 3223 ut
1465 3169 1642 3223 initio,
1680 3169 1896 3230 monui,
1940 3169 2009 3221 ab

438 3268 689 3323 omnibus
725 3265 965 3319 Nazareei
1002 3262 1298 3331 nuneupati
1338 3268 1504 3323 sunt,
1551 3259 2006 3329 quemadmodum

2115 2090 2177 2126 τε
2222 2075 2492 2142 σημείοις
2535 2076 2632 2128 καὶ
2682 2075 2908 2142 τέρασι,
2945 2076 3038 2128 καὶ
3086 2075 3153 2128 τὰ
3209 2075 3368 2144 ἑξῆς,
3425 2075 3584 2128 τοῦτο
3629 2075 3689 2127 τὸ

2113 2164 2282 2235 ὖνομα
2314 2165 2650 2218 ἐπιτιθέασιν
2679 2167 2880 2227 αὐτοῖς,
2909 2166 2966 2219 τὸ
3004 2167 3285 2220 καλεῖσθαι
3313 2166 3687 2238 Ναζωραίους,

2111 2255 2230 2326 οὐχὶ
2255 2256 2312 2309 δὲ
2341 2257 2688 2328 Ναζιραίους,
2729 2259 2789 2311 τὸ
2819 2260 3251 2330 ἑρμηνευόμενον
3297 2261 3684 2330 ήγιασμένους.

2112 2347 2282 2402 Τοῦτο
2330 2349 2437 2420 γὰρ
2484 2352 2597 2412 τοῖς
2647 2349 2707 2402 τὸ
2767 2350 2993 2404 παλαιὸν
3039 2351 3114 2423 (7)
3174 2353 3539 2422 πρωτοτόκοις
3595 2353 3688 2407 καὶ

2111 2439 2228 2509 Θεῷ
2253 2440 2635 2510 ἀφιερωθεῖσιν
2663 2441 2874 2511 ὑπῆρχε
2921 2442 2982 2493 τὸ
3012 2442 3246 2512 ἀξίωμα,
3281 2437 3356 2496 ὧν
3394 2440 3474 2507 εἷς
3508 2445 3686 2515 ὑπῆρ-

2110 2548 2203 2600 χεν
2230 2533 2258 2584 ὁ
2283 2531 2538 2601 Σαμψὼν,
2574 2534 2665 2585 καὶ
2695 2533 2842 2586 ἄλλοι
2877 2535 2994 2603 μετ’
3026 2535 3206 2597 αὐτὸν,
3254 2537 3346 2588 καὶ
3378 2536 3484 2607 πρὸ
3520 2536 3685 2590 αὑτοῦ

2111 2620 2310 2674 πολλοί.
2357 2621 2514 2674 Ἀλλὰ
2545 2623 2638 2675 καὶ
2680 2624 2929 2692 Ἰωάννης
2955 2625 2983 2676 ὁ
3020 2625 3328 2696 Βαπτιστὴς
3363 2627 3468 2678 τῶν
3507 2627 3688 2680 αὐτῶν

2109 2714 2550 2784 ἀφηγησαμὲνων
2581 2713 2603 2744 ⁸
2637 2712 2714 2780 τῷ
2752 2713 2870 2784 Θεῷ
2897 2715 2990 2766 καὶ
3024 2715 3182 2779 αὐτὸς
3209 2711 3288 2779 εἷς
3314 2717 3546 2787 ὑπῆρχε,
3590 2719 3686 2770 καὶ

2108 2797 2246 2853 οἶνον
2296 2802 2388 2854 καὶ
2454 2803 2646 2873 σίκερα
2707 2804 2807 2856 οὐκ
2862 2803 3064 2857 ἔπινεν.
3124 2806 3347 2877 Ὥριστο
3403 2808 3512 2879 γὰρ
3571 2811 3686 2874 τοῖς

2108 2892 2367 2956 τοιούτοις
2404 2893 2539 2964 αὕτη
2576 2894 2830 2964 ἁρμόδιος
2853 2895 2929 2965 τῷ
2959 2895 3224 2966 ἀξιώματι
3250 2901 3282 2968 ἡ
3318 2898 3571 2952 πολιτεία.

2180 2987 2269 3051 ς’.
2306 2986 2486 3039 Ἀλλοι
2523 2986 2581 3038 δὲ
2617 2988 2992 3059 Νασαραίους⁸
3023 2989 3098 3058 (8)
3131 2991 3356 3053 ἑαυτοὺς
3399 2992 3679 3046 ἐκάλεσαν.

2107 3072 2214 3130 Ἦν
2239 3077 2347 3148 γὰρ
2378 3080 2409 3148 ἡ
2443 3079 2652 3149 αἵρεσις
2677 3080 2785 3130 τῶν
2816 3081 3144 3151 Νασαραίων
3172 3083 3278 3151 πρὸ
3303 3083 3557 3152 Χριστοῦ,
3591 3084 3684 3136 καὶ

2108 3169 2341 3239 Χριστὸν
2371 3170 2470 3221 οὐκ
2507 3170 2642 3240 ᾔδει.
2690 3171 2848 3224 Ἀλλὰ
2887 3175 2979 3225 καὶ
3011 3173 3209 3236 πάντες
3251 3173 3523 3245 ἄνθρωποι
3557 3178 3682 3241 τοὺς

2108 3261 2469 3328 Χριστιανοὺς
2502 3261 2853 3332 Ναζωραίους
2891 3263 3146 3329 ἐκάλουν,
3176 3265 3251 3328 ὡς
3295 3271 3572 3336 προεῖπον,
3606 3267 3682 3332 ὡς

439 3361 514 3414 illi
545 3360 832 3420 dixerunt,
871 3357 964 3426 qui
1022 3355 1248 3408 Paulum
1297 3352 1600 3422 apostolum
1644 3356 2002 3405 accusarunt:

2110 3351 2321 3420 λέγουσι
2350 3355 2776 3425 κατηγοροῦντες
2812 3357 3025 3409 Παύλου
3057 3358 3149 3410 τοῦ
3181 3360 3496 3412 ἀποστόλου·
3537 3361 3683 3416 Τοῦ-

436 3449 589 3504 Hunc
609 3487 623 3512 ,
661 3446 948 3516 inquiunt,
983 3443 1243 3497 hominem
1275 3442 1561 3495 invenimus
1587 3440 1893 3509 pestiferum
1913 3479 1926 3503 ,
1957 3449 2005 3494 et

435 3546 847 3608 corrumpentem
872 3534 1204 3603 populurn,et
1231 3540 1494 3584 auctorem
1524 3540 1674 3584 secta:
1694 3528 1747 3581 Ν
1752 3547 2009 3583 azarero-

436 3647 553 3685 rum
593 3631 633 3684 ¹.
683 3631 751 3683 At
781 3634 1004 3684 sanctus
1055 3624 1348 3694 Apostolus
1393 3637 1568 3691 neque
1617 3636 1814 3675 nomen
1862 3621 2005 3676 istud

434 3727 650 3796 ejurat,
682 3720 896 3776 tametsi
929 3719 999 3773 ab
1056 3719 1271 3771 illorum
1318 3716 1511 3769 haeresi
1542 3714 1895 3777 abhorreret,
1952 3722 2004 3768 et

433 3818 579 3890 quod
621 3816 723 3872 sibi
753 3810 1189 3868 adversariorum
1217 3808 1560 3877 improbitate
1597 3814 1815 3876 propter
1846 3807 2006 3860 Chri-

435 3918 580 3965 stum
607 3908 918 3975 impositum
949 3909 1067 3957 erat
1101 3899 1426 3954 vocabulum
1453 3938 1469 3964 ,
1504 3897 1733 3952 libenter
1765 3897 2002 3951 admisit.

435 3998 510 4052 Ita
535 3998 677 4052 enim
712 4000 837 4047 ante
879 3990 1117 4045 tribunal
1147 3988 1283 4043 dixit
1330 4005 1343 4041 :
1383 3985 1563 4056 Neque
1593 3987 1647 4038 in
1689 3985 1876 4054 tempto
1926 3985 2005 4037 in-

435 4099 678 4145 venerunt
706 4103 786 4140 me
806 4094 929 4138 'cum
957 4084 1132 4152 aliqua
1165 4080 1549 4147 disputantem,
1572 4089 1666 4131 aut
1695 4093 2004 4131 concursum

433 4184 713 4248 facientem
748 4177 941 4238 turbae,
979 4188 1138 4243 neque
1168 4172 1450 4242 quidquam
1483 4185 1662 4223 eorum
1690 4168 1877 4238 quibus
1924 4185 2004 4222 me

431 4280 685 4327 accusant
710 4267 930 4322 admisi.
962 4263 1229 4332 Conﬁteor
1262 4270 1435 4314 autem
1473 4259 1569 4312 hoc
1606 4257 1720 4321 tibi,
1747 4259 1882 4325 quod
1920 4273 2003 4309 se-

433 4364 661 4418 cundant
684 4371 896 4422 sectam,
939 4373 1095 4426 quam
1125 4353 1309 4406 dicunt
1341 4352 1563 4406 ἡαπ-θείη
1591 4389 1604 4412 ,
1633 4351 1708 4403 sic
1730 4349 1961 4402 deservio
1984 4364 2002 4400 :

433 4455 645 4508 credens
692 4451 926 4504 omnibus
973 4463 1088 4516 qua:
1135 4446 1192 4497 in
1243 4447 1349 4513 lege
1402 4453 1450 4496 et
1500 4442 1761 4511 prophetis
1808 4441 2003 4508 scripta

434 4557 555 4602 sunt
583 4546 624 4600 ³.
666 4541 852 4610 Neque
881 4553 1009 4593 vero
1045 4538 1243 4590 mirum
1273 4543 1357 4590 est
1381 4573 1397 4596 ,
1453 4535 1769 4602 Apostolum
1807 4540 2003 4586 semet-

433 4639 608 4707 ipsum
649 4632 986 4686 Nazarenum
1017 4626 1300 4687 conﬁteri,
1335 4639 1460 4678 cum
1495 4623 1734 4677 universi
1780 4631 1910 4675 tunc
1937 4638 2002 4676 e0

432 4705 650 4784 nomine
687 4721 1030 4777 Christianos
1063 4723 1352 4779 vocarent,
1389 4715 1458 4768 ab
1493 4713 1690 4784 oppido
1729 4711 1960 4767 Nazaret
1982 4753 1996 4776 ,
2033 4705 2075 4759 D

429 4835 530 4876 nec
559 4817 701 4872 ullus
733 4812 956 4867 alterius
980 4815 1125 4863 esset
1157 4808 1308 4862 vocis
1337 4820 1469 4860 usus
1500 4805 1608 4858 illis
1639 4804 1995 4873 temporibus,

433 4910 592 4980 122
630 4921 736 4977 qua
760 4918 854 4958 eos
885 4901 980 4972 qui
1009 4898 1230 4954 Christo
1261 4911 1457 4951 nomen
1487 4894 1747 4949 dederant
1778 4902 1998 4964 possent

428 5004 753 5073 exprimere.
780 4995 855 5050 De
881 5007 989 5064 quo
1019 5004 1151 5046 sane
1184 4989 1446 5057 scriptum
1473 4993 1575 5048 est,
1607 4985 1854 5055 quoniam
1886 4983 2000 5036 Na-

432 5104 653 5142 zarenus
685 5082 958 5140 vocabitur
986 5080 1027 5133 ’⁸.
1063 5077 1196 5132 Nam
1241 5085 1295 5132 et
1329 5075 1482 5130 hodie
1515 5075 1746 5129 haereses
1783 5090 1996 5139 omnes,

431 5178 711 5234 Mauichaei
741 5176 968 5236 scilicet,
994 5169 1355 5225 Marcionistw
1373 5208 1387 5230 ,
1415 5167 1679 5231 Gnostici,
1709 5168 1996 5237 caeterique

430 5271 524 5342 qui
560 5266 849 5324 Christiani
883 5278 990 5318 non
1035 5269 1205 5324 sunt,
1245 5259 1680 5314 Christianorum
1716 5265 1895 5312 tamen
1927 5259 1994 5311 ab

432 5365 685 5420 omnibus
710 5357 927 5415 nomine
973 5349 1356 5422 comprehendi
1392 5349 1605 5416 solent;
1645 5358 1699 5404 et
1739 5363 1995 5419 unaquae-

503 5549 518 5580 ¹
539 5547 658 5600 Act.
685 5560 745 5607 ιι,
774 5543 865 5596 2‘2.
939 5542 960 5572 ¹
992 5539 1112 5594 Act.
1148 5552 1294 5604 xxrv,
1329 5537 1381 5590 5.

431 5618 492 5671 οὐ
528 5617 585 5669 δὲ
619 5612 974 5683 Νασοραίους.

502 5706 577 5777 (7)
622 5704 800 5777 Τοῦτο
824 5702 933 5777 γὰρ
974 5702 1096 5777 τοῖς
1130 5700 1195 5752 τὸ
1222 5698 1497 5777 παλαιόν.
1627 5713 1694 5777 ge
1723 5711 1990 5777 primoge-

433 5766 571 5829 nit'is'
607 5766 858 5828 omnibus
893 5766 1194 5840 intelligat,
1228 5769 1422 5840 falsum
1467 5767 1588 5821 erit.
1624 5766 1808 5840 Neque
1842 5768 1988 5840 ernim

433 5844 772 5915 primogeuiti
829 5857 1031 5915 omnes
1072 5836 1309 5915 Nazaraai
1375 5837 1628 5915 fuerunt,
1685 5839 1778 5889 sed
1837 5836 1989 5906 ἀορί-

435 5907 683 5982 ἱπτωςξει
709 5913 774 5968 de
803 5911 1125 5981 quibusdam
1157 5911 1362 5981 accipe,
1399 5915 1456 5961 ut
1489 5907 1554 5961 de
1586 5908 1904 5974 Sampsone,
1936 5915 1989 5960 et

1459 5535 1480 5566 ³
1509 5533 1639 5589 ibid.
1665 5533 1862 5588 12-14.
1941 5534 1964 5564 ⁸
1990 5533 2178 5589 Matth.
2202 5549 2262 5598 It,
2286 5535 2376 5591 2'5.
2453 5536 2474 5567 ⁵
2501 5534 2563 5588 F.
2587 5537 2784 5620 αὐτοὺς
2800 5541 3264 5611 ἁφιερωσαμένων

2106 3460 2211 3495 τον
2245 3443 2352 3496 τὸν
2381 3444 2691 3512 ἄνθρωπον
2729 3447 2974 3514 είὶρομεν
3017 3449 3248 3518 λοιμὸν,
3283 3452 3379 3504 καὶ
3413 3451 3682 3520 διαστρέ-

2106 3549 2295 3600 φοντα
2328 3535 2432 3587 τὸν
2454 3534 2626 3598 λαὸν,
2672 3537 3102 3604 πρωτοστάτην
3140 3556 3203 3592 τε
3238 3539 3382 3593 ὄντα
3424 3539 3532 3608 τῆς
3562 3542 3682 3595 τῶν

2105 3620 2449 3688 Ναζωραίων
2494 3623 2794 3690 αἰρέσεως.
2838 3626 2895 3679 '0
2937 3627 2993 3679 δὲ
3036 3629 3189 3696 ἆγιος
3221 3629 3542 3696 Ἀπὸστολος
3579 3635 3678 3688 οὐκ

2105 3715 2345 3784 ἀρνεῖται
2378 3715 2475 3782 μὲν
2503 3715 2562 3767 τὸ
2590 3715 2778 3786 ὄνομα,
2813 3719 2930 3787 οὐχὶ
2958 3719 3054 3790 τὴν
3086 3720 3288 3774 τούτων
3314 3723 3522 3794 αἵρεσιν
3551 3729 3679 3796 ὀμο-

2104 3804 2296 3872 λογῶν,
2327 3804 2460 3858 ἀλλὰ
2500 3806 2560 3858 τὸ
2601 3807 2771 3877 ὄνομα
2799 3809 2859 3861 τὸ
2895 3811 3001 3862 ἀπὸ
3036 3812 3135 3880 τῆς
3162 3813 3270 3866 τῶν
3295 3815 3678 3884 ἀντιλεγόντων

2104 3896 2387 3960 κακονοίας
2415 3897 2504 3950 διὰ
2531 3899 2620 3951 τὸν
2655 3901 2886 3971 Χριστὸν
2930 3903 3214 3972 ὲπενεχθὲν
3251 3905 3397 3976 αὐτῷ
3426 3908 3677 3977 ἀσμένως

2105 3987 2547 4058 καταδεχόμενος.
2579 3992 2716 4062 Φησὶ
2750 3993 2857 4060 γὰρ
2895 3995 2987 4046 ἐπὶ
3015 3995 3107 4047 τοῦ
3139 3995 3396 4067 βήματος*
3434 4001 3580 4054 Οὔτε
3607 4001 3680 4053 ἐν

2104 4078 2183 4144 τῷ
2207 4077 2339 4147 ἱερῷ
2363 4076 2544 4148 εὗρόν
2567 4099 2644 4150 με
2669 4085 2817 4150 πρός
2839 4101 2975 4136 τινα
3007 4085 3448 4156 διαλεγόμενον,
3483 4090 3520 4159 ἣ
3547 4093 3677 4144 ἐπι-

2103 4170 2410 4223 σύστασίν
2455 4189 2588 4225 τινα
2644 4173 2830 4239 ὄχλου
2877 4176 3196 4243 ποιοῦντα,
3244 4181 3386 4234 οὐδὲ
3428 4178 3514 4236 ὧν
3555 4203 3677 4253 μου

2103 4263 2543 4330 κατηγοροῦσιν
2575 4264 2755 4317 οὐδὲν
2779 4268 3097 4334 πεποίηκα.
3139 4270 3439 4343 Ὁμολογῶ
3477 4277 3542 4330 δέ
3575 4294 3676 4332 σοι

2102 4353 2310 4419 τοῦτο,
2339 4354 2426 4407 ὅτι
2470 4357 2618 4409 κατὰ
2650 4357 2761 4424 τὴν
2793 4359 2952 4422 ὀδὼν,
2984 4359 3063 4428 ἣν
3102 4364 3333 4430 αἵρεσιν
3362 4363 3525 4421 οὗτοι
3563 4370 3676 4438 φά-

2103 4459 2382 4508 σκουσιν,
2409 4444 2562 4496 οὕτω
2591 4448 2854 4512 λατρεύω
2874 4463 2888 4479 ο
2930 4452 3232 4505 πιστεύων
3263 4453 3412 4508 πᾶσι
3444 4457 3568 4522 τοῖς
3604 4459 3675 4511 ἐν

2103 4530 2181 4596 τῷ
2212 4534 2398 4602 νόμῳ,
2431 4534 2529 4587 καὶ
2560 4537 2628 4588 ἐν
2671 4537 2796 4601 τοῖς
2831 4541 3190 4608 προερτξταις.
3229 4545 3336 4597 Καὶ
3371 4547 3432 4599 οὐ
3465 4549 3670 4620 θαῦμα,

2102 4622 2181 4674 ὃτι
2211 4625 2238 4675 ὁ
2268 4624 2586 4690 ’Δπόστολος
2612 4628 2864 4696 ὁμολογεῖ
2889 4631 3078 4683 ἑαυτὸν
3098 4631 3433 4705 Ναζωραῖον,
3459 4639 3674 4692 πάντων

2104 4715 2406 4768 καλούντων
2434 4717 2557 4779 τοὺς
2591 4719 2945 4788 Χριστιανοὺς
2985 4724 3102 4775 τότε
3140 4725 3312 4796 τούτῳ
3344 4728 3420 4798 τῷ
3452 4729 3673 4800 ὀνόματι

2103 4806 2191 4858 διὰ
2228 4806 2479 4880 Ναζαρὲτ
2526 4808 2623 4879 τὴν
2665 4810 2846 4876 πόλιν,
2891 4813 3054 4883 ἄλλης
3097 4816 3172 4886 μὴ
3217 4817 3382 4888 οὔσης
3424 4824 3674 4893 χρήσεως

2103 4895 2180 4966 τῷ
2224 4898 2444 4968 ὀνόματι
2487 4901 2622 4970 πρὸς
2651 4902 2740 4954 τὸν
2770 4904 2978 4976 καιρὸν,
3011 4906 3150 4960 ὥστε
3192 4910 3316 4973 τοὺς
3355 4911 3674 4984 ἀνθρώπους

2104 4987 2285 5041 καλεῖν
2310 4989 2437 5052 τοὺς
2480 4989 2556 5059 τῷ
2586 4990 2802 5062 Χριστῷ
2831 4999 3273 5062 πεπιστευκότας.
3316 5002 3450 5072 Περὶ
3487 4998 3547 5056 οὗ
3577 5007 3674 5074 γέη

2104 5093 2376 5168 γραπται,
2423 5079 2551 5132 ’Ὀτι
2596 5078 2924 5149 Ναζωραῖος
2973 5087 3360 5152 κληθήσεται.
3409 5093 3520 5146 Καὶ
3563 5097 3672 5168 γὰρ

2103 5167 2196 5220 καὶ
2227 5167 2320 5221 νῦν
2352 5169 2656 5239 ὁμωνύμως
2685 5172 2734 5223 οἱ
2769 5172 3043 5243 ἄνθρωποι
3080 5179 3259 5242 πάσας
3285 5181 3383 5244 τὰς
3411 5185 3668 5254 αἱρέσεις,

2102 5258 2434 5328 Μανιχαίονς
2462 5260 2521 5312 τέ
2563 5278 2703 5330 φημι
2733 5263 2825 5316 καὶ
2865 5265 3302 5336 Μαρκιωνιστάς,
3335 5272 3672 5340 Γνωστικούς

2101 5367 2159 5402 τε
2198 5351 2294 5404 καὶ
2331 5351 2522 5414 ἄλλους
2556 5353 2912 5423 Χριστιανοὺς
2949 5360 3075 5422 τοὺς
3106 5359 3179 5431 μὴ
3218 5362 3375 5426 ὄντας
3410 5366 3671 5436 Χριστια--

3366 5545 3386 5575 σ
3411 5562 3502 5616 γρ.
3532 5547 3669 5598 Ἀλλ’

2097 5696 2142 5751 si
2181 5697 2273 5763 qui
2309 5697 2398 5750 alii
2423 5699 2812 5768 eiusdemmodi
2845 5705 3063 5760 fuerint.

2167 5768 2244 5832 (8)
2272 5769 2498 5845 ςἈᾖλοι
2543 5770 2612 5823 δὲ
2656 5775 3052 5842 Νασαραίους.
3098 5774 3173 5830 De
3221 5776 3306 5831 bis
3349 5778 3561 5845 egimus
3601 5779 3666 5831 ad

2096 5835 2326 5894 haeresin
2361 5838 2765 5910 Nazareorum,
2784 5835 2903 5914 qua:
2930 5854 3014 5900 est
3043 5847 3098 5899 in
3127 5846 3220 5901 lib.
3252 5863 3292 5912 1,
3325 5835 3518 5906 ordine
3547 5862 3664 5904 sua.
