4170 6372
472 261 573 322 ζιυΙ
1112 263 1483 319 ADVERSUS
1523 264 1865 319 ΗᾹΞΗΕΞΕΞ
1904 263 2029 319 LIB.
2072 263 2112 316 1.
2151 260 2316 316 TOM.
2360 257 2423 312 ll.
2450 288 2521 299 -
2559 257 2836 316 HERES.
2877 257 3070 314 XXIX.
3641 255 3746 313 409

470 387 597 449 νοὺς
640 383 887 438 καλοῦσι’
921 383 1013 436 καὶ
1052 384 1201 454 ὅμως
1232 385 1437 455 ἑκάστη
1471 386 1696 456 αἵρεσις,
1728 384 1929 455 καίπερ
1968 383 2063 436 ἄλ-

2176 396 2272 450 que
2296 387 2475 440 secta,
2506 377 2632 432 licet
2667 378 2773 431 alio
2800 379 3016 433 nomine
3041 385 3359 443 censeatur,
3395 378 3449 434 id
3490 378 3593 433 sibi
3643 394 3749 432 no--

472 474 581 538 λως
620 474 885 544 λεγομένη
908 512 922 535 ,
954 472 1305 543 καταδέχεται
1347 474 1505 527 τοῦτο
1536 475 1831 547 χαίρουσα,
1858 476 1938 527 ὅτι
1968 473 2058 526 διὰ

2176 470 2331 525 minis
2364 472 2595 525 libenter
2628 470 2877 533 asciscit,
2912 471 3056 540 quod
3104 471 3207 526 hoc
3255 486 3378 527 esse
3418 471 3522 526 sibi
3561 471 3743 526 decori

474 565 567 618 τοῦ
615 566 880 635 ὀνόματος
926 568 1235 635 κοσμεῖται.
1281 567 1510 621 Δοκοῦσι
1558 568 1666 640 γὰρ
1707 570 1799 621 ἐπὶ
1844 568 1920 639 τῷ
1966 567 2059 620 τοῦ

2176 578 2326 635 itque
2355 571 2677 619 ornamento
2705 561 2931 632 judicat.
2963 561 3173 631 Quippe
3210 563 3327 617 solo
3358 561 3561 617 Christi
3583 578 3747 617 voca-

473 656 711 727 Χριστοῦ
756 656 1112 727 σεμνύνεσθαι
1158 658 1404 732 ὀνόματι,
1438 660 1498 713 οὺ
1532 660 1635 731 μὴν
1663 664 1727 732 τῇ
1763 661 1941 713 πίστει
1970 662 2063 714 καὶ

473 750 588 810 τοῖς
616 747 819 820 ἔργοις.
848 748 1005 801 Οῦτω
1038 750 1134 802 καὶ
1163 752 1213 802 oi
1256 731 1407 819 ἆγιοί
1430 751 1525 804 τοῦ
1555 731 1803 824 Χριστοῦ
1826 752 2063 824 μαθηταὶ

474 842 599 894 τότε
632 841 880 913 μαθητὰς
904 842 1078 912 Ἰησοῦ
1112 844 1339 907 έαυτοὺς
1363 844 1612 906 ἐκάλουν,
1637 843 1826 915 ὥσπερ
1850 840 1942 898 οὖν
1970 845 2064 897 καὶ

474 926 648 1001 ἦσαν’
711 931 1002 995 ἀκούοντες
1053 932 1109 985 δὲ
1154 933 1307 1004 παρά
1350 934 1523 988 ἄλλων
1568 936 1911 1005 Ναξωραῖοι,
1964 937 2064 989 οὐκ

476 1020 778 1089 ὴναίνοντο,
812 1020 903 1073 τὸν
943 1022 1144 1076 σκοπὸν
1176 1023 1504 1095 θεωροῦντες
1534 1025 1640 1077 τῶν
1669 1025 1826 1078 τοῦτο
1867 1028 2064 1090 αὐτοὺς

477 1111 817 1177 καλούντων,
846 1114 926 1166 ὅτι
965 1113 1052 1166 διὰ
1084 1114 1319 1187 Χριστὸν
1348 1117 1553 1189 αὐτοὺς
1585 1117 1809 1171 ἐκάλουν
1828 1132 1841 1145 ⁸
1879 1118 2064 1189 ἐπειδὴ

478 1206 571 1256 καὶ
612 1204 775 1267 αὐτὸς
819 1205 847 1255 ὁ
894 1204 1098 1276 Κύριος
1149 1187 1359 1277 Ἰησοῦς
1414 1208 1736 1280 Ναζωραῖος
1780 1187 2061 1275 ἐκαλεῖτο,

476 1295 668 1367 ὥσπερ
704 1296 815 1365 ἕχει
844 1296 913 1350 τὰ
943 1299 1270 1367 Εὑαγγέλια,
1310 1303 1403 1354 καὶ
1440 1302 1495 1353 αἱ
1530 1300 1763 1371 Πράξεις
1788 1302 1897 1355 τῶν
1927 1306 2064 1357 ἀπο-

482 1389 703 1444 στόλων·
732 1390 819 1442 διὰ
848 1390 907 1442 τὸ
938 1392 996 1443 ὲν
1026 1395 1090 1462 τῇ
1126 1392 1278 1445 πόλει
1307 1393 1560 1465 Ναζαρὲτ
1593 1394 1775 1454 αὐτὸν,
1808 1393 1970 1468 κώμη
2009 1396 2065 1448 δὲ

482 1483 551 1534 τὰ
594 1483 687 1536 νῦν
728 1482 886 1556 οὔσῃ,
920 1484 1323 1557 ἀνατετράφθαι
1355 1489 1412 1539 ὲν
1444 1488 1576 1557 οἴκῳ
1614 1488 1842 1559 Ἰωσὴφ,
1877 1505 2067 1559 γεννη-

480 1575 647 1627 θέντα
679 1575 821 1628 κατὰ
852 1576 1030 1649 σάρκα
1062 1581 1117 1631 ὲν
1151 1578 1395 1649 Βηθλεὲμ
1436 1580 1543 1632 ἀπὸ
1573 1580 1788 1651 Μαρίας
1826 1581 1922 1650 τῆς
1950 1582 2065 1634 ἀει-

482 1667 755 1739 παρθένου
781 1669 880 1740 τῆς
915 1671 1400 1741 μεμνηστευμένης
1428 1671 1624 1742 Ἰωσὴφ
1651 1671 1727 1742 τῷ
1749 1675 1805 1725 ὲν
1833 1676 1897 1744 τῇ
1930 1673 2063 1743 αὐτῇ

481 1762 739 1833 Ναζαρὲτ
782 1764 1149 1835 μετῳκηκότι,
1200 1765 1335 1835 μετά
1375 1766 1437 1817 τὸ
1476 1766 1584 1819 ἀπὸ
1618 1766 1865 1837 Βηθλεὲμ
1906 1766 2066 1819 αὑτὸν

486 1856 901 1925 μεταναστάντα
932 1857 989 1909 ἐν
1018 1858 1084 1927 τῇ
1116 1856 1371 1928 Γαλιλαία
1405 1857 1833 1928 κατοικισθῆναι.

556 2032 628 2083 Z'.
664 2023 823 2083 Οὗτοι
852 2030 909 2083 δὲ
939 2030 989 2082 οἱ
1032 2030 1418 2102 προειρημένοι
1460 2031 1800 2102 αίρεσιῶται,
1833 2032 1962 2103 περὶ
1993 2026 2068 2085 ὧν

486 2119 722 2172 ἐνταῦθα
750 2119 846 2190 τὴν
876 2120 1151 2192 ἀφήγησιν
1176 2120 1496 2190 ποιούμεθα,
1520 2123 1784 2193 παρέντες
1808 2123 1869 2176 τὸ
1900 2124 2069 2193 ὄνομα

486 2212 579 2264 τοῦ
609 2211 807 2282 Ἰησοῦ,
837 2211 959 2265 οὔτε
994 2213 1287 2277 Ἰεσσαίους
1313 2215 1537 2276 ἑαυτοὺς
1568 2214 1920 2285 κεκλήκασιν,
1945 2215 2067 2268 οὔτε

484 2302 595 2355 τῶν
633 2302 904 2355 Ἰουδαίων
943 2302 1162 2373 ἔμειναν
1205 2304 1419 2374 ἔχοντες
1457 2303 1517 2356 τὸ
1547 2304 1736 2373 ὄνομα,
1778 2303 1901 2357 οὔτε
1937 2306 2071 2376 Χρι-

487 2396 732 2458 στιανοὺς
796 2397 1023 2459 ἑαυτοὺς
1083 2397 1464 2466 ἐπωνόμασαν,
1509 2396 1645 2449 ἀλλὰ
1690 2396 2068 2468 Ναζωραίους,

485 2483 645 2553 δῆθεν
682 2485 787 2537 ἀπὸ
817 2485 919 2554 τῆς
957 2485 1049 2539 τοῦ
1084 2487 1269 2550 τόπου,
1308 2488 1408 2557 τῆς
1437 2486 1692 2558 Ναζαρὲτ
1731 2488 2067 2557 ἐπωνυμίας.

483 2574 567 2626 Τὰ
594 2575 771 2627 πάντα
802 2575 857 2627 δέ
886 2577 1023 2628 εἰσιν
1051 2577 1314 2643 Ἰουδαῖοι,
1344 2579 1437 2630 καὶ
1466 2578 1616 2631 οὐδὲν
1643 2578 1845 2650 ἕτερον.
1878 2578 2070 2649 Χρῶν-

485 2681 574 2717 ται
601 2664 657 2718 δὲ
683 2660 826 2720 οὗτοι
852 2668 911 2719 οὐ
942 2668 1100 2737 μόνον
1129 2669 1245 2739 Νέᾳ
1269 2668 1532 2740 Διαθήκῃ,
1560 2668 1696 2722 ἀλλὰ
1720 2672 1814 2722 καὶ
1840 2671 2069 2741 Παλαιᾷ,

489 2756 743 2829 καθάπερ
778 2760 871 2812 καὶ
902 2763 949 2812 οἱ
979 2761 1242 2814 Ἰουδαῖοι.
1277 2761 1350 2813 Οὐ
1378 2760 1487 2832 γὰρ
1530 2762 1903 2833 ἀπηγόρευται
1941 2765 2070 2833 παρ’

489 2850 678 2912 αὐτοῖς
723 2850 1016 2920 νομοθεσία
1064 2854 1158 2904 καὶ
1210 2854 1484 2923 προφῆται
1540 2854 1634 2905 καὶ
1682 2857 1956 2923 γραφεῖα,
2004 2854 2072 2908 τὰ

494 2940 645 3009 παρὰ
678 2942 955 3005 Ἰουδαίοις
990 2944 1066 3013 (9)
1112 2943 1418 3014 καλούμενα
1461 2944 1668 3007 Βιϐλία,
1705 2945 1892 3017 ὥσπερ
1923 2946 2074 3018 παρὰ

489 3032 603 3092 τοῖς
642 3033 1091 3102 προειρημένοις·
1126 3034 1243 3087 οὐδέ
1286 3036 1347 3087 τι
1380 3034 1565 3106 ἕτερον
1590 3032 1735 3089 οὗτοι
1762 3038 2071 3107 φρονοῦσιν,

494 3122 628 3175 ἀλλὰ
662 3124 805 3177 κατά
830 3125 889 3176 τὸ
915 3126 1176 3196 κήρυγμα
1203 3126 1296 3179 τοῦ
1325 3128 1509 3198 νόμου,
1540 3129 1632 3180 κοιλ¹
1655 3128 1729 3191 ὡς
1754 3130 1803 3181 οί
1832 3130 2072 3184 Ἰουδαῖοι

494 3213 673 3267 πάντα
706 3216 886 3280 καλῶς
910 3218 1252 3287 ὁμολογοῦσι,
1286 3221 1453 3291 χωρὶς
1487 3219 1581 3272 τοῦ
1618 3223 1696 3284 εἰς
1726 3223 1957 3293 Χριστὸν
1982 3223 2073 3294 δῆ-

491 3305 585 3360 θεν
632 3312 1074 3364 πεπιστευκέναι.
1128 3314 1263 3383 Παρ’
1318 3314 1498 3378 αὐτοῖς
1546 3314 1655 3387 γὰρ
1706 3316 1801 3369 καὶ
1864 3317 2073 3389 νεκρῶν

492 3398 789 3463 ἀνάστασις
818 3402 1182 3473 ὁμολογεῖται,
1212 3404 1304 3457 καὶ
1337 3408 1401 3459 ὲκ
1428 3405 1563 3459 Θεοῦ
1596 3407 1662 3460 τὰ
1691 3409 1867 3461 πάντα
1892 3427 2075 3478 γεγεν-

491 3489 705 3559 νῆσθαι.
747 3492 885 3546 Ἕνα
911 3493 966 3546 δὲ
995 3494 1127 3547 Θεὸν
1156 3496 1608 3563 καταγγέλλουσι,
1641 3499 1734 3551 καὶ
1759 3499 1850 3552 τὸν
1883 3500 2072 3553 τούτου

493 3582 661 3635 παῖδα
688 3583 897 3652 Ἰησοῦν
927 3587 1181 3657 Χριστόν.
1220 3588 1510 3657 Ἐὅραῖκὴν
1539 3589 1595 3641 δὲ
1624 3589 1897 3644 διάλεκτον
1929 3594 2077 3664 ἀκρι-

494 3674 605 3738 δὼς
636 3677 772 3729 εἰσιν
811 3679 1133 3749 ἠσκημένοι.
1172 3681 1310 3751 Παρ’
1339 3683 1521 3745 αὐτοῖς
1560 3682 1668 3753 γὰρ
1697 3686 1805 3746 πᾶς
1836 3686 1863 3737 ὁ
1892 3687 2072 3757 νόμος,

493 3769 589 3820 καὶ
617 3771 665 3821 οἱ
697 3770 994 3841 προφῆται,
1025 3772 1119 3824 καὶ
1146 3772 1215 3825 τά
1242 3773 1486 3844 Γραφεῖα
1519 3774 1804 3843 λεγόμενα,
1837 3777 1978 3847 φημὶ
2019 3776 2075 3828 δὲ

492 3858 561 3910 τι
594 3860 832 3930 Στιχῆρη
853 3902 867 3925 ,
901 3862 994 3914 καὶ
1025 3864 1077 3915 αί
1119 3862 1416 3923 Βασιλεῖαι,
1464 3865 1559 3916 καὶ
1599 3865 2072 3936 Παραλειπόμενα,

498 3949 593 4002 καὶ
624 3949 854 4022 Αῐσθὴρ,
906 3952 1000 4004 καὶ
1044 3952 1211 4006 τᾶλλα
1249 3952 1424 4005 πάντα
1462 3954 1768 4025 Ἐὁραῖκῶς
1813 3955 2080 4023 ἀναγινώ-

497 4057 708 4105 σκεται,
740 4041 928 4112 ὥσπερ
951 4042 1141 4112 ἀμέλει
1170 4045 1263 4096 καὶ
1283 4044 1433 4115 παρὰ
1452 4045 1745 4107 Ἰουδαίοις.
1791 4046 1880 4099 Ἐν
1906 4046 2076 4116 τούτῳ

495 4133 555 4186 δὲ
606 4134 762 4203 μόνον
810 4134 946 4204 πρὸς
975 4135 1261 4198 Ἰουδαίους
1305 4136 1646 4207 διαφέρονται
1682 4138 1773 4190 καὶ
1816 4136 2078 4208 Χριστια-

496 4225 646 4286 νούςο
696 4224 973 4288 Ἰουδαίοις
1018 4226 1117 4296 μὲν
1169 4227 1242 4297 μὴ
1294 4228 1727 4297 συμφωνοῦντες,
1771 4227 1857 4280 διὰ
1904 4229 1964 4281 τὸ
1998 4230 2077 4291 είς

496 4313 733 4385 Χριστὸν
767 4316 1219 4368 πεπιστευκέναι’
1256 4316 1600 4387 Χριστιανοῖς
1627 4317 1683 4369 δὲ
1724 4318 1797 4388 μὴ
1831 4321 2075 4389 ὁμογνω-

2162 657 2311 723 bulo,
2342 672 2450 711 non
2482 655 2585 711 [ide
2609 663 2771 724 atque
2801 654 3060 722 operibus
3088 655 3307 725 gloriari
3333 655 3605 709 videntur.
3639 655 3747 709 Eo-

2163 749 2283 804 dem
2311 749 2473 803 modo
2506 748 2680 803 sancti
2710 746 2914 802 Christi
2946 746 3200 815 discipuli
3228 762 3347 802 sese
3374 755 3486 801 tum
3519 748 3571 802 id
3599 750 3745 818 quod

2161 848 2317 895 erant
2342 838 2469 894 Iesu
2516 839 2815 908 discipulos
2857 838 3160 901 vocabant;
3192 853 3369 907 neque
3402 846 3583 893 tamen
3616 854 3743 893 cum

2165 933 2233 987 ab
2276 932 2398 986 aliis
2431 931 2701 985 Nazareni
2731 931 3068 991 dioerentur,
3108 943 3304 983 nomen
3335 928 3478 983 istud
3517 946 3744 985 recusa—

2164 1023 2332 1087 bant,
2363 1038 2487 1077 cum
2520 1022 2588 1076 ad
2631 1037 2821 1076 eorum
2849 1062 2864 1083 ,
2917 1035 2946 1073 a
2974 1019 3173 1089 quibus
3204 1019 3282 1073 sic
3304 1020 3742 1089 appellabantur,

2167 1114 2325 1169 ﬁnem
2360 1128 2692 1183 scepumque
2719 1112 3086 1187 respicerent,
3122 1111 3215 1179 qui
3250 1111 3353 1165 hoc
3383 1126 3504 1166 sese
3526 1112 3745 1165 nomine

2164 1207 2370 1262 Christi
2409 1222 2575 1277 causa
2623 1206 2933 1269 donabant;
2986 1202 3425 1273 quandoquidem
3478 1212 3531 1258 et
3584 1203 3745 1259 Iesus

2168 1298 2285 1367 ipse
2314 1282 2628 1352 Nazarenu's
2653 1298 2955 1365 appellatus
2981 1306 3097 1359 est,
3129 1304 3189 1350 ut
3245 1296 3299 1349 in
3344 1294 3651 1364 Evangeliis
3692 1305 3747 1351 et

2167 1390 2535 1458 apostolorum
2560 1389 2786 1443 Actibus
2815 1388 3041 1457 legitur:
3077 1402 3175 1457 pro
3208 1402 3272 1441 eo
3294 1387 3437 1457 quod
3464 1388 3518 1441 in
3546 1387 3746 1458 oppido

2166 1482 2414 1536 Nazareti
2443 1524 2458 1548 ,
2488 1482 2581 1552 qui
2612 1481 2775 1536 hodie
2801 1495 2969 1552 pagus
3019 1487 3104 1535 est
3127 1520 3142 1545 ,
3195 1480 3251 1533 in
3286 1479 3496 1535 aedibus
3523 1478 3747 1549 Iosephi

2169 1574 2331 1629 fuerit
2358 1574 2643 1636 educatus,
2680 1588 3034 1643 pOSteaquam
3067 1571 3401 1626 Bethlehemi
3426 1570 3493 1625 de
3522 1568 3749 1640 Virgine

2170 1666 2338 1721 Maria
2367 1664 2667 1721 secundum
2696 1679 2917 1718 carnem
2944 1672 3105 1717 natus
3127 1670 3231 1726 est,
3255 1678 3377 1733 qua:
3408 1661 3625 1731 quidem
3653 1660 3748 1715 Io-

2169 1759 2337 1828 sepho
2362 1758 2634 1828 desponsa
2667 1756 2863 1821 fuerat,
2895 1755 2987 1825 qui
3011 1753 3259 1809 Nazareti
3290 1761 3429 1831 tunc_
3445 1753 3745 1819 habitabat,

2168 1864 2293 1903 cum
2326 1850 2521 1904 relicto
2548 1848 2899 1904 Bethlehemo
2936 1848 2991 1901 in
3019 1846 3240 1902 Galilaaa
3269 1846 3603 1900 domicilium
3636 1845 3749 1900 col-

2168 1942 2427 1997 locasset.

2241 2032 2351 2086 Vll.
2380 2031 2536 2097 Quod
2564 2048 2693 2088 vero
2722 2031 2788 2086 ad
2820 2029 3105 2085 haereticos
3135 2028 3258 2083 illos
3290 2026 3504 2091 attinet,
3533 2038 3601 2079 ne
3626 2024 3751 2095 qui-

2170 2126 2273 2181 bus
2307 2125 2467 2179 modo
2492 2138 2801 2179 sermonem
2838 2120 3176 2177 instituimus
3200 2159 3215 2183 ,
3248 2118 3455 2172 omisso
3488 2114 3617 2171 Iesu
3653 2131 3751 2171 no-

2171 2218 2337 2278 mine,
2391 2230 2567 2283 neque
2614 2211 2846 2268 Iessaeos
2905 2210 3114 2279 seipsos
3166 2213 3393 2267 vocant,
3444 2219 3623 2273 neque
3652 2202 3752 2257 In-

2171 2306 2409 2360 daeorum
2442 2304 2763 2359 vocabulum
2796 2301 3053 2363 retinent,
3084 2313 3260 2368 neque
3297 2312 3356 2351 se
3382 2295 3747 2359 Christianos,

2171 2396 2267 2451 sed
2297 2395 2607 2451 Nazarenos
2641 2393 2709 2449 de
2741 2394 2833 2447 illa
2867 2393 2971 2445 loci
3020 2389 3381 2461 appellatione
3408 2395 3749 2456 nuncupant,

2170 2504 2293 2543 cum
2322 2488 2540 2541 interim
2576 2487 2709 2540 meri
2740 2486 2843 2556 ipsi
2872 2482 3044 2537 Iudaei
3066 2521 3081 2546 ,
3109 2496 3286 2551 neque
3316 2480 3462 2534 aliud
3491 2489 3752 2549 praetcrea

2174 2582 2301 2636 sint.
2347 2579 2517 2634 Porro
2569 2594 2676 2632 non
2708 2580 2884 2633 solum
2912 2576 3065 2631 Novo
3098 2616 3113 2639 ,
3143 2575 3236 2631 sed
3266 2583 3320 2629 et
3352 2571 3534 2628 Veteri
3562 2570 3755 2626 Testa-

2173 2680 2357 2728 mento
2386 2669 2697 2724 Iudaeorum
2728 2670 2900 2725 instar
2926 2675 3177 2722 utuntur.
3209 2664 3396 2736 Neque
3423 2664 3570 2720 enim
3609 2662 3753 2733 apud

2174 2762 2297 2815 illos
2326 2762 2459 2832 legis
2492 2760 2642 2824 libri,
2687 2759 2983 2829 prophetae,
3017 2766 3111 2811 aut
3149 2754 3517 2826 hagiographa
3564 2751 3754 2822 prohi—

2172 2853 2392 2919 bentur,
2421 2869 2542 2923 quae
2574 2851 2748 2905 Judaai
2769 2851 2941 2904 Biblia
2967 2856 3310 2918 nuncupant,
3337 2855 3396 2899 ut
3423 2853 3477 2900 et
3502 2860 3531 2897 a
3553 2836 3756 2898 Iudwis

2176 2946 2566 3015 approbantur,
2600 2960 2629 2997 a
2659 2943 2858 3013 quibus
2892 2941 3133 2995 Nazaraai
3176 2940 3323 2993 nulla
3363 2939 3419 2992 in
3452 2952 3513 2992 re
3542 2937 3756 2991 dissen-

2177 3039 2340 3100 tiunt,
2374 3037 2467 3106 qui
2498 3036 2565 3090 ad
2595 3037 2729 3105 legis
2763 3036 3140 3104 praescriptum
3181 3047 3244 3085 ac
3265 3030 3576 3085 Iudaeorum
3607 3042 3757 3082 more

2181 3130 2363 3183 omnia
2393 3144 2492 3183 sua
2520 3128 2775 3198 dogmata
2805 3126 3145 3196 proﬁtentur,
3179 3122 3285 3178 nisi
3323 3122 3468 3193 quod
3510 3123 3566 3175 in
3599 3120 3758 3175 Chri-

2181 3231 2325 3277 stum
2359 3219 2604 3274 credunt.
2654 3217 2789 3271 Nam
2820 3226 2873 3272 et
2905 3224 3148 3272 mortuos
3176 3215 3405 3270 excitari
3438 3221 3655 3283 putant.
3705 3218 3758 3266 et

2182 3327 2212 3365 a
2251 3311 2357 3366 Deo
2387 3309 2640 3364 universa
2687 3308 2970 3378 producta.
3010 3306 3187 3360 Unum
3219 3320 3339 3360 esse
3370 3302 3537 3358 Deum
3565 3342 3580 3365 ,
3614 3301 3757 3369 ejus-

2181 3417 2287 3471 que
2334 3398 2530 3454 Filium
2581 3398 2765 3454 Iesum
2800 3398 3079 3452 Christum
3128 3394 3443 3466 praedicant.
3481 3391 3759 3447 Hebraicae

2179 3509 2310 3550 vero
2344 3494 2539 3563 lingua:
2565 3490 2916 3548 scientissimi
2949 3498 3111 3545 sunt:
3145 3504 3208 3543 ac
3237 3503 3361 3542 cum
3394 3486 3646 3540 universa
3674 3484 3760 3537 lex

2182 3589 2321 3658 apud
2351 3588 2471 3641 illos
2492 3629 2505 3653 ,
2537 3594 2650 3641 tum
2684 3585 2959 3655 propheta:
2982 3624 2996 3648 ,
3026 3592 3081 3638 et
3110 3580 3477 3653 hagiographa
3496 3620 3509 3642 ,
3548 3579 3650 3631 hoc
3677 3583 3761 3631 est

2182 3681 2305 3735 libri
2345 3680 2422 3732 illi
2468 3679 2561 3749 qui
2593 3678 2845 3733 versibus
2883 3677 3125 3731 distincti
3166 3683 3325 3739 sunt,
3360 3683 3415 3726 et
3463 3670 3758 3741 prophetae,

2188 3772 2343 3841 123
2373 3770 2785 3840 Paralipomena
2814 3808 2828 3833 ,
2876 3768 3102 3829 Esther,
3133 3773 3437 3832 caeteraque
3490 3762 3543 3815 id
3590 3775 3761 3831 genus

2184 3864 2449 3919 llebraice
2477 3871 2536 3917 ut
2580 3870 2634 3917 et
2684 3876 2714 3913 a
2744 3859 2947 3917 Iudaeis
2981 3860 3253 3929 leguntur.
3290 3855 3403 3908 Hoc
3438 3855 3603 3924 igitur
3652 3868 3762 3907 uno

2184 3968 2293 4012 tam
2318 3973 2347 4009 a
2375 3956 2597 4021 Iudaeis,
2623 3970 2784 4025 quam
2816 3969 2844 4007 a
2873 3953 3202 4008 Chrisuianis
3232 3949 3526 4004 differunt:
3558 3948 3626 4001 ab
3654 3948 3763 4001 illis

2182 4049 2432 4119 quidem,
2457 4048 2599 4116 quod
2652 4047 2706 4099 in
2755 4045 3029 4099 Christum
3070 4043 3336 4103 credant;
3379 4055 3409 4092 a
3437 4039 3764 4094 Christianis

2182 4154 2332 4201 vero,
2357 4139 2501 4208 quod
2526 4136 2769 4191 Iudaicis
2798 4135 2975 4187 adhuc
3002 4134 3198 4187 ritibus
3224 4131 3590 4200 implicentur,
3616 4129 3765 4182 velut

2183 4230 2601 4284 circumcisione
2625 4268 2639 4291 ,
2690 4226 2927 4280 Sabbato
2953 4265 2968 4289 ,
3005 4224 3237 4294 aliisque
3274 4222 3632 4278 caeremoniis.
3689 4219 3765 4275 Dc

2183 4320 2401 4375 Christo
2450 4334 2581 4373 vero
2619 4325 2767 4372 certo
2818 4316 2948 4370 illud
2980 4315 3248 4368 allirmare
3280 4326 3527 4381 nequeo,
3576 4318 3762 4364 utrum

500 4406 748 4476 μοῦντες,
779 4408 867 4460 διὰ
907 4408 966 4461 τὸ
1011 4408 1090 4461 ἔτι
1136 4408 1285 4479 νόμῳ
1323 4410 1681 4480 πεπεδῆσθαι.
1714 4414 1982 4482 περιτομῇ
2016 4428 2072 4463 τε

2183 4411 2426 4466 Cerinthi
2451 4412 2535 4465 vel
2584 4408 2833 4464 Merinthi
2867 4407 3140 4476 impietate
3177 4406 3265 4459 illa
3298 4403 3530 4473 decepti,
3554 4402 3763 4471 simpli-

497 4498 592 4549 xa‘z.
624 4497 887 4568 Σαϐϐάτῳ
920 4498 1013 4550 καὶ
1044 4501 1157 4561 τοῖς
1202 4499 1397 4563 ἄλλοις.
1446 4502 1581 4571 Περὶ
1622 4502 1860 4571 Χριστοῦ
1890 4502 1949 4555 δὲ
1980 4502 2079 4554 οὐκ

497 4582 613 4639 οἶδα
638 4590 832 4649 εἰπεῖν,
862 4589 909 4639 εί
943 4589 1033 4640 καὶ
1070 4588 1245 4653 αὐτοὶ,
1279 4594 1345 4660 τῇ
1372 4591 1480 4642 τῶν
1516 4592 1927 4661 προειρημένων
1952 4593 2080 4662 περὶ

498 4676 771 4748 Κήρινθον
822 4679 915 4730 καὶ
956 4680 1232 4748 Μήρινθον
1278 4681 1548 4753 μοχθηρίᾳ
1595 4681 1879 4751 ἀχθέντες,
1927 4682 2080 4751 ψιλὸν

499 4766 787 4839 ἄνθρωπον
818 4770 1129 4839 νομίζουσιν
1150 4787 1163 4801 '
1190 4770 1244 4841 ἢ,
1286 4771 1467 4835 καθὼς
1507 4773 1539 4843 ἡ
1575 4772 1800 4843 ἀλήθεια
1829 4774 1961 4843 ἔχει,
1994 4773 2081 4826 διὰ

499 4859 818 4928 Πνεύματος
860 4862 1015 4929 ἁγίου
1058 4863 1415 4933 γεγεννῆσθαι
1451 4866 1515 4917 ὲκ
1559 4865 1778 4935 Μαρίας
1804 4865 2081 4919 διαϐεϐαι-

499 4948 707 5003 οῦνται.
746 4952 905 5004 Ἔστι
947 4952 1004 5004 δὲ
1034 4952 1171 5023 αὕτη
1201 4955 1232 5023 ἡ
1265 4954 1474 5023 αἵρεσις
1503 4956 1535 5025 ἡ
1568 4954 1904 5027 Ναζωραίων
1930 4957 1987 5007 ὲν
2014 4958 2079 5026 τῇ

502 5041 798 5111 Βεροιαίων
826 5044 954 5112 περὶ
979 5044 1078 5114 τὴν
1110 5043 1309 5115 Κοίλην
1337 5045 1564 5115 Συρίαν,
1598 5047 1692 5099 καὶ
1728 5047 1785 5098 ἐν
1817 5049 1884 5117 τῇ
1912 5049 2081 5099 Δεκα-

502 5134 656 5186 πόλει
682 5136 809 5205 περὶ
849 5135 918 5188 τὰ
956 5136 1055 5206 τῆς
1086 5134 1294 5205 Πέλλης
1335 5136 1498 5206 μέρη,
1535 5136 1630 5189 καὶ
1658 5139 1715 5189 ἐν
1748 5141 1814 5208 τῇ
1849 5138 2081 5191 Βασανί-

502 5225 606 5278 τιδι
636 5229 702 5296 τῇ
729 5226 996 5298 λεγομένῃ
1022 5226 1287 5297 Κωκάϐῃ,
1321 5227 1558 5299 Χωχάὸῃ
1582 5228 1638 5280 δὲ
1678 5228 1959 5299 Ἐϐραϊστὶ
1994 5229 2082 5281 λε-

507 5320 730 5391 γομένῃ.
775 5321 1014 5374 Ἐκεῖθεν
1060 5320 1169 5391 γὰρ
1198 5324 1228 5391 ἡ
1261 5321 1405 5392 ἀρχὴ
1442 5323 1633 5390 γέγονε
1683 5324 1821 5392 μετὰ
1851 5324 1948 5392 τὴν
1977 5324 2085 5375 ἀπὸ

506 5411 613 5465 τῶν
651 5412 1037 5483 Ἰεροσολύμων
1068 5413 1421 5483 μετάστασιν,
1455 5409 1672 5467 πάοτων
1693 5414 1801 5467 τῶν
1828 5414 2086 5486 μαθητῶν

578 5570 654 5635 (9)
693 5571 801 5624 Kal
828 5572 1093 5640 γραφεῖα,
1126 5572 1197 5626 τὰ
1219 5571 1379 5639 παρὰ
1417 5571 1746 5636 Ἰοιμιδαίοις.
1790 5572 1919 5636 Qum
1944 5572 2087 5640 ἁγιό-

508 5654 695 5711 γραςρα
745 5641 1025 5694 dicuntur.
1064 5645 1240 5711 Atque
1275 5644 1366 5696 hic
1397 5643 1664 5709 triplicem
1698 5657 1978 5696 sacrorum
2016 5644 2083 5694 li-

510 5708 733 5764 brornm
789 5708 1589 5782 partitionemcomplectitur,
1628 5729 1747 5781 qua:
1795 5723 1880 5769 est
1922 5724 2082 5779 mm,

2183 4518 2300 4559 cem
2348 4503 2498 4556 illum
2534 4502 2809 4556 hominem
2860 4506 3172 4556 asseverent
3199 4539 3214 4562 ,
3273 4514 3363 4562 an,
3400 4497 3478 4551 uti
3508 4511 3629 4551 sese
3674 4511 3763 4549 res

2182 4596 2365 4659 habet,
2405 4610 2501 4665 per
2530 4595 2793 4662 Spiritum
2825 4600 3078 4647 sanctum
3111 4593 3178 4647 de
3202 4573 3372 4645 Maria
3404 4589 3628 4660 Virgine
3670 4605 3763 4657 ge-

2184 4689 2355 4742 nitum
2406 4703 2529 4743 esse
2583 4686 2877 4740 fateantur.
2905 4685 3174 4740 Caeterum
3224 4686 3339 4739 haec
3377 4682 3761 4736 Nazaraeorum

2184 4789 2330 4835 secta
2363 4780 2417 4833 in
2448 4778 2721 4834 Beroeensi
2752 4778 2969 4833 civitate
3000 4777 3342 4847 potissimum
3368 4776 3529 4845 viget,
3556 4774 3624 4827 ad
3639 4773 3763 4827 Cte-

2183 4872 2270 4925 len
2309 4870 2542 4941 Syriam,
2577 4878 2741 4939 atque
2777 4869 2942 4924 etiam
2975 4869 3026 4923 in
3053 4867 3325 4937 Decapoli,
3351 4867 3507 4935 juxta
3534 4864 3759 4929 Pellam,

2183 4972 2237 5017 et
2269 4964 2324 5016 in
2351 4962 2681 5024 Basanitide,
2722 4961 2776 5014 in
2806 4976 2870 5015 ea
2901 4976 3021 5030 quae
3048 4960 3209 5029 vulgo
3241 4957 3473 5021 Cocabe,
3499 4955 3762 5010 Hebraice

2184 5052 2473 5106 Chochabe
2498 5051 2718 5106 dicitur.
2746 5049 2883 5104 Hinc
2915 5050 3080 5113 enim,
3126 5055 3247 5116 post
3275 5048 3420 5101 illam
3472 5046 3539 5100 ab
3568 5044 3762 5099 Hiero-

2186 5144 2409 5214 solymis
2441 5144 2838 5205 secessionem,
2890 5142 3106 5195 illorum
3138 5139 3290 5192 initia
3330 5136 3572 5207 profecta
3609 5144 3758 5196 sunt,

2186 5250 2309 5289 cum
2342 5234 2502 5289 Pella:
2531 5235 2783 5303 discipuli
2810 5249 2998 5288 omnes
3037 5232 3362 5295 habitarent,
3392 5245 3421 5283 a
3447 5229 3665 5285 Christo
3693 5228 3762 5282 de

2187 5328 2540 5396 relinquenda
2600 5326 3097 5396 Hierosolymorum
3162 5324 3297 5377 urbe
3369 5321 3762 5392 migrandoque

2188 5419 2514 5489 praemoniti,
2543 5418 2691 5488 quod
2730 5418 2848 5486 ejus
2888 5417 3194 5470 immineret
3223 5415 3455 5468 obsidio.
3485 5414 3603 5480 Qua
3633 5415 3758 5483 qui-

2191 5572 2292 5625 hoc
2321 5579 2408 5624 cst
2440 5570 2552 5631 lem;
2582 5580 2778 5641 mnu:
2806 5571 3066 5641 prop/tetra
3086 5587 3103 5633 ;
3126 5580 3179 5624 et
3205 5579 3406 5629 cum:
3426 5570 3757 5641 ἁγιόγραφα,

2192 5645 2305 5695 sive
2340 5644 2593 5709 γραφεῖα.
2621 5640 2693 5694 [)ε
2725 5643 2968 5710 quovide
2999 5640 3218 5696 llieron.
3256 5642 3484 5710 I’rblogo
3514 5640 3759 5709 galeato;

2191 5713 2367 5768 Eliam
2403 5715 2454 5766 in
2488 5711 2685 5777 Thisbi,
2720 5713 2884 5767 verbo
2910 5722 3039 5772 2m.
